  <div class='ocr_page' id='page_1' title='image "/cluster/home/n/w/nwhite01/storage/ocr_20150623/24:no.6/coo.31924054873058/417.png"; bbox 0 0 4088 6396; ppageno 0'>
   <div class='ocr_carea' id='block_1_1' title="bbox 478 351 637 408">
    <p class='ocr_par' dir='ltr' id='par_1_1' title="bbox 478 351 637 408">
     <span class='ocr_line' id='line_1_1' title="bbox 478 351 637 408; baseline 0.006 -2"><span class='ocrx_word' id='word_1_1' title='bbox 478 351 582 408; x_wconf 82' lang='lat'><strong>807</strong></span> <span class='ocrx_word' id='word_1_2' title='bbox 634 358 637 361; x_wconf 38' lang='grc' dir='ltr'><strong>λ</strong></span> 
     </span>
    </p>
   </div>
   <div class='ocr_carea' id='block_1_2' title="bbox 1144 347 3032 407">
    <p class='ocr_par' dir='ltr' id='par_1_2' title="bbox 1144 347 3032 407">
     <span class='ocr_line' id='line_1_2' title="bbox 1144 347 3032 407; baseline 0.001 -2"><span class='ocrx_word' id='word_1_3' title='bbox 1144 349 1415 407; x_wconf 83' lang='lat' dir='ltr'><strong>EUSEBII</strong></span> <span class='ocrx_word' id='word_1_4' title='bbox 1451 347 1933 406; x_wconf 66' lang='lat' dir='ltr'><strong>CESARIENSIS</strong></span> <span class='ocrx_word' id='word_1_5' title='bbox 1969 347 2120 404; x_wconf 58' lang='lat' dir='ltr'><strong>OL‘P.</strong></span> <span class='ocrx_word' id='word_1_6' title='bbox 2162 348 2343 405; x_wconf 72' lang='lat' dir='ltr'><strong>PArRS</strong></span> <span class='ocrx_word' id='word_1_7' title='bbox 2378 348 2469 405; x_wconf 86' lang='lat' dir='ltr'><strong>IV.</strong></span> <span class='ocrx_word' id='word_1_8' title='bbox 2507 380 2576 390; x_wconf 94' lang='lat'>—</span> <span class='ocrx_word' id='word_1_9' title='bbox 2613 348 3032 407; x_wconf 79' lang='lat' dir='ltr'><strong>DOGMATICA.</strong></span> 
     </span>
    </p>
   </div>
   <div class='ocr_carea' id='block_1_3' title="bbox 3611 351 3715 406">
    <p class='ocr_par' dir='ltr' id='par_1_3' title="bbox 3611 351 3715 406">
     <span class='ocr_line' id='line_1_3' title="bbox 3611 351 3715 406; baseline -0.019 0"><span class='ocrx_word' id='word_1_10' title='bbox 3611 351 3715 406; x_wconf 88' lang='lat'><strong>808</strong></span> 
     </span>
    </p>
   </div>
   <div class='ocr_carea' id='block_1_4' title="bbox 477 465 2038 540">
    <p class='ocr_par' dir='ltr' id='par_1_4' title="bbox 477 466 2038 539">
     <span class='ocr_line' id='line_1_4' title="bbox 477 466 2038 539; baseline 0 -15"><span class='ocrx_word' id='word_1_11' title='bbox 477 472 601 524; x_wconf 86' lang='lat' dir='ltr'><strong>dam</strong></span> <span class='ocrx_word' id='word_1_12' title='bbox 633 484 753 527; x_wconf 79' lang='lat' dir='ltr'><strong>esse</strong></span> <span class='ocrx_word' id='word_1_13' title='bbox 782 468 1223 539; x_wconf 83' lang='lat' dir='ltr'><strong>Verbo:quique</strong></span> <span class='ocrx_word' id='word_1_14' title='bbox 1276 469 1440 523; x_wconf 88' lang='lat' dir='ltr'><strong>etiam</strong></span> <span class='ocrx_word' id='word_1_15' title='bbox 1482 468 1823 538; x_wconf 83' lang='lat' dir='ltr'><strong>apertissima</strong></span> <span class='ocrx_word' id='word_1_16' title='bbox 1866 466 2038 524; x_wconf 84' lang='lat' dir='ltr'><strong>fronte</strong></span> 
     </span>
    </p>
   </div>
   <div class='ocr_carea' id='block_1_5' title="bbox 2147 465 3718 540">
    <p class='ocr_par' dir='ltr' id='par_1_5' title="bbox 2151 465 3718 540">
     <span class='ocr_line' id='line_1_5' title="bbox 2151 465 3718 540; baseline 0.001 -22"><span class='ocrx_word' id='word_1_17' title='bbox 2151 486 2169 517; x_wconf 74' lang='grc' dir='ltr'><strong>ι</strong></span> <span class='ocrx_word' id='word_1_18' title='bbox 2210 466 2342 520; x_wconf 83' lang='grc' dir='ltr'><strong>κύνα</strong></span> <span class='ocrx_word' id='word_1_19' title='bbox 2385 465 2481 520; x_wconf 89' lang='grc' dir='ltr'><strong>τοῦ</strong></span> <span class='ocrx_word' id='word_1_20' title='bbox 2532 469 2764 540; x_wconf 81' lang='grc' dir='ltr'><strong>ἀοράτου</strong></span> <span class='ocrx_word' id='word_1_21' title='bbox 2809 468 2946 522; x_wconf 87' lang='grc' dir='ltr'>Θεοῦ</span> <span class='ocrx_word' id='word_1_22' title='bbox 2986 468 3089 522; x_wconf 80' lang='grc' dir='ltr'><strong>ὑπὸ</strong></span> <span class='ocrx_word' id='word_1_23' title='bbox 3132 470 3227 522; x_wconf 88' lang='grc' dir='ltr'><strong>τοῦ</strong></span> <span class='ocrx_word' id='word_1_24' title='bbox 3277 466 3423 539; x_wconf 87' lang='grc' dir='ltr'>ἰεροῦ</span> <span class='ocrx_word' id='word_1_25' title='bbox 3469 467 3718 539; x_wconf 85' lang='grc' dir='ltr'>εἰρῆσθαι</span> 
     </span>
    </p>
   </div>
   <div class='ocr_carea' id='block_1_6' title="bbox 480 559 2036 627">
    <p class='ocr_par' dir='ltr' id='par_1_6' title="bbox 480 559 2036 627">
     <span class='ocr_line' id='line_1_6' title="bbox 480 559 2036 627; baseline -0.001 -10"><span class='ocrx_word' id='word_1_26' title='bbox 480 562 693 618; x_wconf 75' lang='lat' dir='ltr'><strong>dixerat</strong></span> <span class='ocrx_word' id='word_1_27' title='bbox 726 583 737 617; x_wconf 89' lang='lat'>:</span> <span class='ocrx_word' id='word_1_28' title='bbox 766 577 787 612; x_wconf 75' lang='grc' dir='ltr'><strong>ι</strong></span> <span class='ocrx_word' id='word_1_29' title='bbox 810 559 1089 627; x_wconf 84' lang='lat' dir='ltr'><strong>Quomodo</strong></span> <span class='ocrx_word' id='word_1_30' title='bbox 1135 560 1541 615; x_wconf 76' lang='lat' dir='ltr'><strong>concedendum</strong></span> <span class='ocrx_word' id='word_1_31' title='bbox 1592 570 1697 625; x_wconf 88' lang='lat' dir='ltr'><strong>est,</strong></span> <span class='ocrx_word' id='word_1_32' title='bbox 1739 560 1883 614; x_wconf 86' lang='lat' dir='ltr'><strong>illam</strong></span> <span class='ocrx_word' id='word_1_33' title='bbox 1918 576 2036 615; x_wconf 88' lang='lat' dir='ltr'><strong>car-</strong></span> 
     </span>
    </p>
   </div>
   <div class='ocr_carea' id='block_1_7' title="bbox 485 652 2041 722">
    <p class='ocr_par' dir='ltr' id='par_1_7' title="bbox 485 652 2041 722">
     <span class='ocr_line' id='line_1_7' title="bbox 485 652 2041 722; baseline 0 -16"><span class='ocrx_word' id='word_1_34' title='bbox 485 673 504 706; x_wconf 80' lang='grc' dir='ltr'><strong>σ</strong></span> <span class='ocrx_word' id='word_1_35' title='bbox 553 669 672 708; x_wconf 90' lang='lat' dir='ltr'><strong>nem</strong></span> <span class='ocrx_word' id='word_1_36' title='bbox 716 666 834 721; x_wconf 68' lang='lat' dir='ltr'><strong>qua:</strong></span> <span class='ocrx_word' id='word_1_37' title='bbox 872 652 938 705; x_wconf 90' lang='lat' dir='ltr'><strong>de</strong></span> <span class='ocrx_word' id='word_1_38' title='bbox 976 661 1117 705; x_wconf 91' lang='lat' dir='ltr'><strong>terra</strong></span> <span class='ocrx_word' id='word_1_39' title='bbox 1166 661 1379 722; x_wconf 87' lang='lat' dir='ltr'><strong>sumpta</strong></span> <span class='ocrx_word' id='word_1_40' title='bbox 1422 660 1524 715; x_wconf 88' lang='lat' dir='ltr'><strong>est.</strong></span> <span class='ocrx_word' id='word_1_41' title='bbox 1553 661 1609 706; x_wconf 92' lang='lat' dir='ltr'><strong>et</strong></span> <span class='ocrx_word' id='word_1_42' title='bbox 1642 652 1773 706; x_wconf 84' lang='lat' dir='ltr'><strong>nihil</strong></span> <span class='ocrx_word' id='word_1_43' title='bbox 1801 652 2041 722; x_wconf 90' lang='lat' dir='ltr'><strong>prodest,</strong></span> 
     </span>
    </p>
   </div>
   <div class='ocr_carea' id='block_1_8' title="bbox 484 741 2042 813">
    <p class='ocr_par' dir='ltr' id='par_1_8' title="bbox 484 741 2042 813">
     <span class='ocr_line' id='line_1_8' title="bbox 484 741 2042 813; baseline 0.001 -16"><span class='ocrx_word' id='word_1_44' title='bbox 484 763 504 796; x_wconf 78' lang='grc' dir='ltr'><strong>ι</strong></span> <span class='ocrx_word' id='word_1_45' title='bbox 550 745 753 797; x_wconf 84' lang='lat' dir='ltr'><strong>unitam</strong></span> <span class='ocrx_word' id='word_1_46' title='bbox 783 741 957 797; x_wconf 85' lang='lat' dir='ltr'><strong>Verbo</strong></span> <span class='ocrx_word' id='word_1_47' title='bbox 982 742 1271 813; x_wconf 78' lang='lat' dir='ltr'><strong>persistere</strong></span> <span class='ocrx_word' id='word_1_48' title='bbox 1302 742 1355 796; x_wconf 93' lang='lat' dir='ltr'><strong>in</strong></span> <span class='ocrx_word' id='word_1_49' title='bbox 1387 743 1567 798; x_wconf 84' lang='lat' dir='ltr'><strong>futuro</strong></span> <span class='ocrx_word' id='word_1_50' title='bbox 1586 743 1820 799; x_wconf 67' lang='lat' dir='ltr'><strong>saeculo?</strong></span> <span class='ocrx_word' id='word_1_51' title='bbox 1847 762 1866 797; x_wconf 73' lang='grc' dir='ltr'><strong>ι</strong></span> <span class='ocrx_word' id='word_1_52' title='bbox 1894 744 2042 798; x_wconf 86' lang='lat' dir='ltr'><strong>Illam</strong></span> 
     </span>
    </p>
   </div>
   <div class='ocr_carea' id='block_1_9' title="bbox 482 832 2046 903">
    <p class='ocr_par' dir='ltr' id='par_1_9' title="bbox 482 832 2046 903">
     <span class='ocr_line' id='line_1_9' title="bbox 482 832 2046 903; baseline 0 -15"><span class='ocrx_word' id='word_1_53' title='bbox 482 846 658 889; x_wconf 88' lang='lat' dir='ltr'><strong>tamen</strong></span> <span class='ocrx_word' id='word_1_54' title='bbox 691 849 909 889; x_wconf 90' lang='lat' dir='ltr'><strong>carnem</strong></span> <span class='ocrx_word' id='word_1_55' title='bbox 966 833 1257 903; x_wconf 77' lang='lat' dir='ltr'><strong>imaginem</strong></span> <span class='ocrx_word' id='word_1_56' title='bbox 1300 847 1420 888; x_wconf 88' lang='lat' dir='ltr'><strong>esse</strong></span> <span class='ocrx_word' id='word_1_57' title='bbox 1463 832 1559 889; x_wconf 90' lang='lat' dir='ltr'><strong>Dei</strong></span> <span class='ocrx_word' id='word_1_58' title='bbox 1605 834 1890 890; x_wconf 83' lang='lat' dir='ltr'><strong>invisibilis</strong></span> <span class='ocrx_word' id='word_1_59' title='bbox 1914 849 2046 889; x_wconf 86' lang='lat' dir='ltr'><strong>con-</strong></span> 
     </span>
    </p>
   </div>
   <div class='ocr_carea' id='block_1_10' title="bbox 477 912 2039 996">
    <p class='ocr_par' dir='ltr' id='par_1_10' title="bbox 477 912 2039 996">
     <span class='ocr_line' id='line_1_10' title="bbox 477 912 2039 996; baseline -0.003 -13"><span class='ocrx_word' id='word_1_60' title='bbox 477 938 683 983; x_wconf 90' lang='lat' dir='ltr'><strong>stanter</strong></span> <span class='ocrx_word' id='word_1_61' title='bbox 734 925 969 980; x_wconf 78' lang='lat' dir='ltr'><strong>aﬂirmat</strong></span> <span class='ocrx_word' id='word_1_62' title='bbox 1008 944 1023 981; x_wconf 90' lang='lat'><strong>:</strong></span> <span class='ocrx_word' id='word_1_63' title='bbox 1056 925 1494 980; x_wconf 83' lang='lat' dir='ltr'><strong>constantissime</strong></span> <span class='ocrx_word' id='word_1_64' title='bbox 1547 940 1749 996; x_wconf 86' lang='lat' dir='ltr'><strong>negans</strong></span> <span class='ocrx_word' id='word_1_65' title='bbox 1793 912 2039 980; x_wconf 75' lang='lat' dir='ltr'><strong>eamdem</strong></span> 
     </span>
    </p>
   </div>
   <div class='ocr_carea' id='block_1_11' title="bbox 477 1019 2043 1091">
    <p class='ocr_par' dir='ltr' id='par_1_11' title="bbox 477 1019 2043 1091">
     <span class='ocr_line' id='line_1_11' title="bbox 477 1019 2043 1091; baseline -0.001 -16"><span class='ocrx_word' id='word_1_66' title='bbox 477 1022 672 1091; x_wconf 81' lang='lat' dir='ltr'><strong>ipsam,</strong></span> <span class='ocrx_word' id='word_1_67' title='bbox 713 1030 840 1074; x_wconf 85' lang='lat' dir='ltr'><strong>ante</strong></span> <span class='ocrx_word' id='word_1_68' title='bbox 883 1019 1127 1087; x_wconf 88' lang='lat' dir='ltr'><strong>corporis</strong></span> <span class='ocrx_word' id='word_1_69' title='bbox 1159 1021 1329 1075; x_wconf 84' lang='lat' dir='ltr'><strong>nostri</strong></span> <span class='ocrx_word' id='word_1_70' title='bbox 1362 1020 1810 1089; x_wconf 91' lang='lat' dir='ltr'><strong>assumptionem,</strong></span> <span class='ocrx_word' id='word_1_71' title='bbox 1852 1019 2043 1090; x_wconf 90' lang='lat' dir='ltr'><strong>imagi-</strong></span> 
     </span>
    </p>
   </div>
   <div class='ocr_carea' id='block_1_12' title="bbox 479 1110 2041 1167">
    <p class='ocr_par' dir='ltr' id='par_1_12' title="bbox 479 1110 2041 1167">
     <span class='ocr_line' id='line_1_12' title="bbox 479 1110 2041 1167; baseline -0.002 -1"><span class='ocrx_word' id='word_1_72' title='bbox 479 1126 601 1166; x_wconf 89' lang='lat' dir='ltr'><strong>nem</strong></span> <span class='ocrx_word' id='word_1_73' title='bbox 632 1110 723 1165; x_wconf 90' lang='lat' dir='ltr'><strong>Dei</strong></span> <span class='ocrx_word' id='word_1_74' title='bbox 758 1110 1046 1165; x_wconf 80' lang='lat' dir='ltr'><strong>invisibilis</strong></span> <span class='ocrx_word' id='word_1_75' title='bbox 1074 1111 1348 1165; x_wconf 84' lang='lat' dir='ltr'><strong>exstitisse</strong></span> <span class='ocrx_word' id='word_1_76' title='bbox 1378 1127 1394 1167; x_wconf 90' lang='lat'><strong>:</strong></span> <span class='ocrx_word' id='word_1_77' title='bbox 1421 1111 1515 1166; x_wconf 92' lang='lat' dir='ltr'><strong>sed</strong></span> <span class='ocrx_word' id='word_1_78' title='bbox 1546 1119 1753 1164; x_wconf 88' lang='lat' dir='ltr'><strong>tantum</strong></span> <span class='ocrx_word' id='word_1_79' title='bbox 1807 1110 2041 1164; x_wconf 82' lang='lat' dir='ltr'><strong>Verbum</strong></span> 
     </span>
    </p>
   </div>
   <div class='ocr_carea' id='block_1_13' title="bbox 475 1199 2039 1273">
    <p class='ocr_par' dir='ltr' id='par_1_13' title="bbox 475 1199 2039 1273">
     <span class='ocr_line' id='line_1_13' title="bbox 475 1199 2039 1273; baseline -0.001 -16"><span class='ocrx_word' id='word_1_80' title='bbox 475 1203 610 1269; x_wconf 86' lang='lat' dir='ltr'><strong>ejus.</strong></span> <span class='ocrx_word' id='word_1_81' title='bbox 630 1199 727 1257; x_wconf 84' lang='lat' dir='ltr'><strong>His</strong></span> <span class='ocrx_word' id='word_1_82' title='bbox 756 1202 827 1256; x_wconf 90' lang='lat' dir='ltr'><strong>ita</strong></span> <span class='ocrx_word' id='word_1_83' title='bbox 844 1202 1035 1271; x_wconf 89' lang='lat' dir='ltr'><strong>positis</strong></span> <span class='ocrx_word' id='word_1_84' title='bbox 1051 1200 1317 1257; x_wconf 87' lang='lat' dir='ltr'><strong>subinfert</strong></span> <span class='ocrx_word' id='word_1_85' title='bbox 1336 1203 1585 1271; x_wconf 88' lang='lat' dir='ltr'><strong>inquiens</strong></span> <span class='ocrx_word' id='word_1_86' title='bbox 1608 1220 1621 1256; x_wconf 87' lang='lat'><strong>:</strong></span> <span class='ocrx_word' id='word_1_87' title='bbox 1641 1200 1732 1273; x_wconf 80' lang='grc' dir='ltr'><strong>[Β.</strong></span> <span class='ocrx_word' id='word_1_88' title='bbox 1752 1199 2039 1271; x_wconf 78' lang='lat' dir='ltr'><strong>LXXXIII]</strong></span> 
     </span>
    </p>
   </div>
   <div class='ocr_carea' id='block_1_14' title="bbox 481 1292 2042 1363">
    <p class='ocr_par' dir='ltr' id='par_1_14' title="bbox 481 1292 2042 1363">
     <span class='ocr_line' id='line_1_14' title="bbox 481 1292 2042 1363; baseline 0.001 -18"><span class='ocrx_word' id='word_1_89' title='bbox 481 1312 499 1345; x_wconf 86' lang='grc'><strong><em>‹</em></strong></span> <span class='ocrx_word' id='word_1_90' title='bbox 546 1292 833 1360; x_wconf 83' lang='lat' dir='ltr'><strong>Quocirca,</strong></span> <span class='ocrx_word' id='word_1_91' title='bbox 861 1295 1007 1349; x_wconf 91' lang='lat' dir='ltr'><strong>omni</strong></span> <span class='ocrx_word' id='word_1_92' title='bbox 1047 1296 1206 1350; x_wconf 89' lang='lat' dir='ltr'><strong>modo</strong></span> <span class='ocrx_word' id='word_1_93' title='bbox 1251 1303 1423 1362; x_wconf 86' lang='lat' dir='ltr'><strong>patet,</strong></span> <span class='ocrx_word' id='word_1_94' title='bbox 1456 1294 1744 1363; x_wconf 80' lang='lat' dir='ltr'><strong>imaginem</strong></span> <span class='ocrx_word' id='word_1_95' title='bbox 1781 1293 1871 1348; x_wconf 89' lang='lat' dir='ltr'><strong>Dei</strong></span> <span class='ocrx_word' id='word_1_96' title='bbox 1902 1294 2042 1347; x_wconf 89' lang='lat' dir='ltr'><strong>invi-</strong></span> 
     </span>
    </p>
   </div>
   <div class='ocr_carea' id='block_1_15' title="bbox 482 1384 2041 1457">
    <p class='ocr_par' dir='ltr' id='par_1_15' title="bbox 482 1384 2041 1457">
     <span class='ocr_line' id='line_1_15' title="bbox 482 1384 2041 1457; baseline 0.003 -22"><span class='ocrx_word' id='word_1_97' title='bbox 482 1404 501 1435; x_wconf 80' lang='grc'><strong>«</strong></span> <span class='ocrx_word' id='word_1_98' title='bbox 547 1384 718 1439; x_wconf 90' lang='lat' dir='ltr'><strong>sibilis</strong></span> <span class='ocrx_word' id='word_1_99' title='bbox 749 1401 776 1438; x_wconf 92' lang='lat' dir='ltr'><strong>a</strong></span> <span class='ocrx_word' id='word_1_100' title='bbox 816 1396 1004 1441; x_wconf 88' lang='lat' dir='ltr'><strong>sancto</strong></span> <span class='ocrx_word' id='word_1_101' title='bbox 1038 1388 1295 1457; x_wconf 87' lang='lat' dir='ltr'><strong>Apostolo</strong></span> <span class='ocrx_word' id='word_1_102' title='bbox 1336 1385 1439 1440; x_wconf 90' lang='lat' dir='ltr'><strong>dici</strong></span> <span class='ocrx_word' id='word_1_103' title='bbox 1482 1400 1699 1439; x_wconf 87' lang='lat' dir='ltr'><strong>carnem</strong></span> <span class='ocrx_word' id='word_1_104' title='bbox 1727 1385 1893 1450; x_wconf 88' lang='lat' dir='ltr'><strong>illam,</strong></span> <span class='ocrx_word' id='word_1_105' title='bbox 1921 1400 2041 1455; x_wconf 65' lang='lat' dir='ltr'><strong>quae</strong></span> 
     </span>
    </p>
   </div>
   <div class='ocr_carea' id='block_1_16' title="bbox 481 1472 2037 1544">
    <p class='ocr_par' dir='ltr' id='par_1_16' title="bbox 481 1472 2037 1544">
     <span class='ocr_line' id='line_1_16' title="bbox 481 1472 2037 1544; baseline 0.002 -19"><span class='ocrx_word' id='word_1_106' title='bbox 481 1494 498 1525; x_wconf 69' lang='grc' dir='ltr'><strong>ι</strong></span> <span class='ocrx_word' id='word_1_107' title='bbox 540 1475 793 1544; x_wconf 87' lang='lat' dir='ltr'><strong>deinceps</strong></span> <span class='ocrx_word' id='word_1_108' title='bbox 846 1475 1080 1530; x_wconf 87' lang='lat' dir='ltr'><strong>accessit</strong></span> <span class='ocrx_word' id='word_1_109' title='bbox 1132 1475 1299 1529; x_wconf 90' lang='lat' dir='ltr'><strong>verbo</strong></span> <span class='ocrx_word' id='word_1_110' title='bbox 1329 1490 1343 1526; x_wconf 92' lang='lat'><strong>:</strong></span> <span class='ocrx_word' id='word_1_111' title='bbox 1373 1483 1433 1527; x_wconf 92' lang='lat' dir='ltr'><strong>ut</strong></span> <span class='ocrx_word' id='word_1_112' title='bbox 1487 1489 1583 1544; x_wconf 87' lang='lat' dir='ltr'><strong>per</strong></span> <span class='ocrx_word' id='word_1_113' title='bbox 1614 1472 1828 1529; x_wconf 86' lang='lat' dir='ltr'><strong>visibile</strong></span> <span class='ocrx_word' id='word_1_114' title='bbox 1872 1473 2037 1528; x_wconf 91' lang='lat' dir='ltr'><strong>videri</strong></span> 
     </span>
    </p>
   </div>
   <div class='ocr_carea' id='block_1_17' title="bbox 479 1565 2042 1635">
    <p class='ocr_par' dir='ltr' id='par_1_17' title="bbox 479 1565 2042 1635">
     <span class='ocr_line' id='line_1_17' title="bbox 479 1565 2042 1635; baseline 0.001 -16"><span class='ocrx_word' id='word_1_115' title='bbox 479 1585 497 1611; x_wconf 75' lang='grc' dir='ltr'><strong>ι</strong></span> <span class='ocrx_word' id='word_1_116' title='bbox 547 1575 731 1635; x_wconf 90' lang='lat' dir='ltr'><strong>posset</strong></span> <span class='ocrx_word' id='word_1_117' title='bbox 786 1565 928 1633; x_wconf 88' lang='lat' dir='ltr'><strong>quod</strong></span> <span class='ocrx_word' id='word_1_118' title='bbox 986 1575 1072 1621; x_wconf 89' lang='lat' dir='ltr'><strong>est</strong></span> <span class='ocrx_word' id='word_1_119' title='bbox 1127 1566 1423 1622; x_wconf 86' lang='lat' dir='ltr'><strong>invisibile.</strong></span> <span class='ocrx_word' id='word_1_120' title='bbox 1486 1565 1671 1635; x_wconf 83' lang='lat' dir='ltr'><strong>Imago</strong></span> <span class='ocrx_word' id='word_1_121' title='bbox 1720 1575 1817 1630; x_wconf 81' lang='lat' dir='ltr'><strong>est,</strong></span> <span class='ocrx_word' id='word_1_122' title='bbox 1868 1566 2042 1635; x_wconf 84' lang='lat' dir='ltr'><strong>inquit</strong></span> 
     </span>
    </p>
   </div>
   <div class='ocr_carea' id='block_1_18' title="bbox 2149 558 3718 631">
    <p class='ocr_par' dir='ltr' id='par_1_18' title="bbox 2149 558 3718 631">
     <span class='ocr_line' id='line_1_18' title="bbox 2149 558 3718 631; baseline 0 -22"><span class='ocrx_word' id='word_1_123' title='bbox 2149 577 2167 609; x_wconf 77' lang='grc' dir='ltr'><strong>ι</strong></span> <span class='ocrx_word' id='word_1_124' title='bbox 2207 558 2526 623; x_wconf 79' lang='grc' dir='ltr'><strong>ἀποστόλου,</strong></span> <span class='ocrx_word' id='word_1_125' title='bbox 2550 558 2646 629; x_wconf 76' lang='grc' dir='ltr'>τὴν</span> <span class='ocrx_word' id='word_1_126' title='bbox 2664 560 3106 631; x_wconf 79' lang='grc' dir='ltr'><strong>προσγενομένην</strong></span> <span class='ocrx_word' id='word_1_127' title='bbox 3126 558 3203 630; x_wconf 82' lang='grc' dir='ltr'><strong>τῷ</strong></span> <span class='ocrx_word' id='word_1_128' title='bbox 3222 560 3377 629; x_wconf 82' lang='grc' dir='ltr'><strong>Λόγῳ</strong></span> <span class='ocrx_word' id='word_1_129' title='bbox 3395 558 3592 629; x_wconf 71' lang='grc' dir='ltr'>σάρκαο</span> <span class='ocrx_word' id='word_1_130' title='bbox 3630 558 3718 609; x_wconf 81' lang='grc' dir='ltr'><strong>ἵνα</strong></span> 
     </span>
    </p>
   </div>
   <div class='ocr_carea' id='block_1_19' title="bbox 2149 649 3717 723">
    <p class='ocr_par' dir='ltr' id='par_1_19' title="bbox 2149 649 3717 723">
     <span class='ocr_line' id='line_1_19' title="bbox 2149 649 3717 723; baseline 0 -22"><span class='ocrx_word' id='word_1_131' title='bbox 2149 668 2167 701; x_wconf 80' lang='grc' dir='ltr'><strong>ι</strong></span> <span class='ocrx_word' id='word_1_132' title='bbox 2231 650 2321 704; x_wconf 87' lang='grc' dir='ltr'><strong>διά</strong></span> <span class='ocrx_word' id='word_1_133' title='bbox 2348 650 2441 704; x_wconf 86' lang='grc' dir='ltr'><strong>τοῦ</strong></span> <span class='ocrx_word' id='word_1_134' title='bbox 2470 649 2702 722; x_wconf 80' lang='grc' dir='ltr'><strong>ἀοράτου</strong></span> <span class='ocrx_word' id='word_1_135' title='bbox 2729 651 2842 723; x_wconf 80' lang='grc'><strong>(71)</strong></span> <span class='ocrx_word' id='word_1_136' title='bbox 2869 650 3042 706; x_wconf 78' lang='grc' dir='ltr'>καὶτὸ</span> <span class='ocrx_word' id='word_1_137' title='bbox 3067 651 3260 721; x_wconf 81' lang='grc' dir='ltr'>ὁρατὸν</span> <span class='ocrx_word' id='word_1_138' title='bbox 3297 650 3571 720; x_wconf 86' lang='grc' dir='ltr'>φαίνηται.</span> <span class='ocrx_word' id='word_1_139' title='bbox 3616 650 3717 701; x_wconf 83' lang='lat' dir='ltr'><strong>EI-</strong></span> 
     </span>
    </p>
   </div>
   <div class='ocr_carea' id='block_1_20' title="bbox 2149 739 3717 812">
    <p class='ocr_par' dir='ltr' id='par_1_20' title="bbox 2149 739 3717 812">
     <span class='ocr_line' id='line_1_20' title="bbox 2149 739 3717 812; baseline 0.001 -20"><span class='ocrx_word' id='word_1_140' title='bbox 2149 758 2169 792; x_wconf 76' lang='grc' dir='ltr'><strong>ι</strong></span> <span class='ocrx_word' id='word_1_141' title='bbox 2208 740 2332 794; x_wconf 80' lang='grc' dir='ltr'>κὼν</span> <span class='ocrx_word' id='word_1_142' title='bbox 2359 739 2427 794; x_wconf 82' lang='grc' dir='ltr'><strong>δέ</strong></span> <span class='ocrx_word' id='word_1_143' title='bbox 2468 741 2621 804; x_wconf 85' lang='grc' dir='ltr'>ἐστι,</span> <span class='ocrx_word' id='word_1_144' title='bbox 2683 743 2846 812; x_wconf 80' lang='grc' dir='ltr'>φησὶν</span> <span class='ocrx_word' id='word_1_145' title='bbox 2876 743 2905 794; x_wconf 82' lang='grc' dir='ltr'><strong>ὁ</strong></span> <span class='ocrx_word' id='word_1_146' title='bbox 2946 741 3283 805; x_wconf 86' lang='grc' dir='ltr'>Ἀπόστολος,</span> <span class='ocrx_word' id='word_1_147' title='bbox 3306 739 3412 794; x_wconf 83' lang='grc' dir='ltr'><strong>τοῦ</strong></span> <span class='ocrx_word' id='word_1_148' title='bbox 3461 739 3717 809; x_wconf 80' lang='grc' dir='ltr'><strong>ἀοράτου</strong></span> 
     </span>
    </p>
   </div>
   <div class='ocr_carea' id='block_1_21' title="bbox 2157 830 3714 904">
    <p class='ocr_par' dir='ltr' id='par_1_21' title="bbox 2157 830 3714 904">
     <span class='ocr_line' id='line_1_21' title="bbox 2157 830 3714 904; baseline 0.001 -21"><span class='ocrx_word' id='word_1_149' title='bbox 2157 849 2176 883; x_wconf 76' lang='grc' dir='ltr'><strong>ι</strong></span> <span class='ocrx_word' id='word_1_150' title='bbox 2220 832 2389 885; x_wconf 84' lang='grc' dir='ltr'>Θεοῦ.</span> <span class='ocrx_word' id='word_1_151' title='bbox 2409 831 2522 884; x_wconf 86' lang='grc' dir='ltr'>Νῦν</span> <span class='ocrx_word' id='word_1_152' title='bbox 2548 832 2728 902; x_wconf 80' lang='grc' dir='ltr'>δῆλον,</span> <span class='ocrx_word' id='word_1_153' title='bbox 2753 835 2855 896; x_wconf 80' lang='grc' dir='ltr'>ὅτι,</span> <span class='ocrx_word' id='word_1_154' title='bbox 2881 834 3115 904; x_wconf 78' lang='grc' dir='ltr'><strong>ὁπηνίκα</strong></span> <span class='ocrx_word' id='word_1_155' title='bbox 3139 834 3238 904; x_wconf 82' lang='grc' dir='ltr'>τὴν</span> <span class='ocrx_word' id='word_1_156' title='bbox 3266 834 3386 885; x_wconf 85' lang='grc' dir='ltr'>κατ’</span> <span class='ocrx_word' id='word_1_157' title='bbox 3416 832 3599 885; x_wconf 82' lang='grc' dir='ltr'><strong>εἰκόνα</strong></span> <span class='ocrx_word' id='word_1_158' title='bbox 3620 830 3714 885; x_wconf 90' lang='grc' dir='ltr'><strong>τοῦ</strong></span> 
     </span>
    </p>
   </div>
   <div class='ocr_carea' id='block_1_22' title="bbox 2150 923 3716 997">
    <p class='ocr_par' dir='ltr' id='par_1_22' title="bbox 2150 923 3716 997">
     <span class='ocr_line' id='line_1_22' title="bbox 2150 923 3716 997; baseline 0 -21"><span class='ocrx_word' id='word_1_159' title='bbox 2150 944 2167 975; x_wconf 78' lang='grc' dir='ltr'><strong>ι</strong></span> <span class='ocrx_word' id='word_1_160' title='bbox 2213 923 2348 977; x_wconf 87' lang='grc' dir='ltr'>Θεοῦ</span> <span class='ocrx_word' id='word_1_161' title='bbox 2395 927 2695 997; x_wconf 81' lang='grc' dir='ltr'>γενομένην</span> <span class='ocrx_word' id='word_1_162' title='bbox 2738 925 2992 997; x_wconf 82' lang='grc' dir='ltr'>ἀνείληφε</span> <span class='ocrx_word' id='word_1_163' title='bbox 3045 926 3244 996; x_wconf 81' lang='grc' dir='ltr'>σάρκα,</span> <span class='ocrx_word' id='word_1_164' title='bbox 3298 924 3459 978; x_wconf 89' lang='grc' dir='ltr'>εἰκὼν</span> <span class='ocrx_word' id='word_1_165' title='bbox 3508 923 3716 994; x_wconf 79' lang='grc' dir='ltr'>ἀληθὴς</span> 
     </span>
    </p>
   </div>
   <div class='ocr_carea' id='block_1_23' title="bbox 2150 1016 3713 1089">
    <p class='ocr_par' dir='ltr' id='par_1_23' title="bbox 2150 1016 3713 1089">
     <span class='ocr_line' id='line_1_23' title="bbox 2150 1016 3713 1089; baseline -0.002 -18"><span class='ocrx_word' id='word_1_166' title='bbox 2150 1037 2167 1070; x_wconf 75' lang='grc' dir='ltr'><strong>ι</strong></span> <span class='ocrx_word' id='word_1_167' title='bbox 2204 1017 2297 1071; x_wconf 89' lang='grc' dir='ltr'><strong>τοῦ</strong></span> <span class='ocrx_word' id='word_1_168' title='bbox 2330 1016 2563 1089; x_wconf 84' lang='grc' dir='ltr'>ἀοράτου</span> <span class='ocrx_word' id='word_1_169' title='bbox 2604 1017 2739 1070; x_wconf 93' lang='grc' dir='ltr'>Θεοῦ</span> <span class='ocrx_word' id='word_1_170' title='bbox 2767 1019 2976 1086; x_wconf 89' lang='grc' dir='ltr'>γέγονε.</span> <span class='ocrx_word' id='word_1_171' title='bbox 3015 1018 3078 1070; x_wconf 89' lang='grc' dir='ltr'>Εἰ</span> <span class='ocrx_word' id='word_1_172' title='bbox 3111 1018 3220 1088; x_wconf 79' lang='grc' dir='ltr'>γὰρ</span> <span class='ocrx_word' id='word_1_173' title='bbox 3265 1016 3351 1069; x_wconf 69' lang='grc' dir='ltr'><strong>διὰ</strong></span> <span class='ocrx_word' id='word_1_174' title='bbox 3381 1017 3479 1087; x_wconf 81' lang='grc' dir='ltr'>τῆς</span> <span class='ocrx_word' id='word_1_175' title='bbox 3507 1016 3713 1079; x_wconf 81' lang='grc' dir='ltr'>εἰκόνος</span> 
     </span>
    </p>
   </div>
   <div class='ocr_carea' id='block_1_24' title="bbox 2148 1107 3713 1180">
    <p class='ocr_par' dir='ltr' id='par_1_24' title="bbox 2148 1107 3713 1180">
     <span class='ocr_line' id='line_1_24' title="bbox 2148 1107 3713 1180; baseline -0.001 -19"><span class='ocrx_word' id='word_1_176' title='bbox 2148 1129 2165 1161; x_wconf 83' lang='grc' dir='ltr'><strong>ι</strong></span> <span class='ocrx_word' id='word_1_177' title='bbox 2203 1110 2403 1180; x_wconf 83' lang='grc' dir='ltr'><strong>ταύτης</strong></span> <span class='ocrx_word' id='word_1_178' title='bbox 2434 1110 2523 1163; x_wconf 85' lang='grc' dir='ltr'><strong>τὸν</strong></span> <span class='ocrx_word' id='word_1_179' title='bbox 2554 1109 2647 1163; x_wconf 89' lang='grc' dir='ltr'><strong>τοῦ</strong></span> <span class='ocrx_word' id='word_1_180' title='bbox 2673 1110 2806 1162; x_wconf 86' lang='grc' dir='ltr'>Θεοῦ</span> <span class='ocrx_word' id='word_1_181' title='bbox 2834 1110 3005 1179; x_wconf 82' lang='grc' dir='ltr'>Λόγον</span> <span class='ocrx_word' id='word_1_182' title='bbox 3033 1107 3344 1180; x_wconf 73' lang='grc' dir='ltr'>ἠξιώθημεν</span> <span class='ocrx_word' id='word_1_183' title='bbox 3369 1108 3590 1176; x_wconf 87' lang='grc' dir='ltr'>γνῶναι,</span> <span class='ocrx_word' id='word_1_184' title='bbox 3622 1125 3713 1160; x_wconf 79' lang='grc' dir='ltr'>πιο</span> 
     </span>
    </p>
   </div>
   <div class='ocr_carea' id='block_1_25' title="bbox 2149 1198 3713 1272">
    <p class='ocr_par' dir='ltr' id='par_1_25' title="bbox 2149 1198 3713 1272">
     <span class='ocr_line' id='line_1_25' title="bbox 2149 1198 3713 1272; baseline -0.002 -19"><span class='ocrx_word' id='word_1_185' title='bbox 2149 1222 2165 1252; x_wconf 85' lang='grc'><strong>‹</strong></span> <span class='ocrx_word' id='word_1_186' title='bbox 2209 1200 2416 1254; x_wconf 85' lang='grc' dir='ltr'>στεύειν</span> <span class='ocrx_word' id='word_1_187' title='bbox 2444 1200 2729 1272; x_wconf 82' lang='grc' dir='ltr'>ὀφείλομεν</span> <span class='ocrx_word' id='word_1_188' title='bbox 2762 1199 2907 1270; x_wconf 81' lang='grc' dir='ltr'>αὑτῷ</span> <span class='ocrx_word' id='word_1_189' title='bbox 2936 1200 3015 1271; x_wconf 85' lang='grc' dir='ltr'>τῷ</span> <span class='ocrx_word' id='word_1_190' title='bbox 3046 1201 3223 1271; x_wconf 84' lang='grc' dir='ltr'>Λόγῳ,</span> <span class='ocrx_word' id='word_1_191' title='bbox 3254 1198 3344 1252; x_wconf 89' lang='grc' dir='ltr'><strong>διά</strong></span> <span class='ocrx_word' id='word_1_192' title='bbox 3376 1198 3475 1271; x_wconf 82' lang='grc' dir='ltr'>τῆς</span> <span class='ocrx_word' id='word_1_193' title='bbox 3507 1198 3713 1260; x_wconf 82' lang='grc' dir='ltr'>εἰκόνος</span> 
     </span>
    </p>
   </div>
   <div class='ocr_carea' id='block_1_26' title="bbox 2148 1289 3712 1361">
    <p class='ocr_par' dir='ltr' id='par_1_26' title="bbox 2148 1289 3712 1361">
     <span class='ocr_line' id='line_1_26' title="bbox 2148 1289 3712 1361; baseline 0 -20"><span class='ocrx_word' id='word_1_194' title='bbox 2148 1309 2165 1341; x_wconf 81' lang='grc' dir='ltr'><strong>ι</strong></span> <span class='ocrx_word' id='word_1_195' title='bbox 2206 1292 2434 1360; x_wconf 88' lang='grc' dir='ltr'>λέγοντι,</span> <span class='ocrx_word' id='word_1_196' title='bbox 2488 1293 2635 1361; x_wconf 56' lang='grc' dir='ltr'><strong>Ἐγὼ</strong></span> <span class='ocrx_word' id='word_1_197' title='bbox 2672 1292 2769 1347; x_wconf 81' lang='grc' dir='ltr'>καὶ</span> <span class='ocrx_word' id='word_1_198' title='bbox 2801 1296 2833 1347; x_wconf 83' lang='grc' dir='ltr'><em>ὀ</em></span> <span class='ocrx_word' id='word_1_199' title='bbox 2861 1292 3063 1361; x_wconf 84' lang='grc' dir='ltr'>Πατὴρ</span> <span class='ocrx_word' id='word_1_200' title='bbox 3087 1292 3157 1346; x_wconf 78' lang='grc' dir='ltr'><strong>ἐν</strong></span> <span class='ocrx_word' id='word_1_201' title='bbox 3188 1293 3394 1360; x_wconf 75' lang='grc' dir='ltr'>ἐσμεν.</span> <span class='ocrx_word' id='word_1_202' title='bbox 3429 1290 3568 1344; x_wconf 76' lang='grc' dir='ltr'>Οὔτε</span> <span class='ocrx_word' id='word_1_203' title='bbox 3602 1289 3712 1361; x_wconf 89' lang='grc' dir='ltr'><strong>γάρ</strong></span> 
     </span>
    </p>
   </div>
   <div class='ocr_carea' id='block_1_27' title="bbox 2147 1382 3712 1454">
    <p class='ocr_par' dir='ltr' id='par_1_27' title="bbox 2147 1382 3712 1454">
     <span class='ocr_line' id='line_1_27' title="bbox 2147 1382 3712 1454; baseline -0.001 -19"><span class='ocrx_word' id='word_1_204' title='bbox 2147 1401 2166 1435; x_wconf 75' lang='grc' dir='ltr'><strong>ι</strong></span> <span class='ocrx_word' id='word_1_205' title='bbox 2201 1384 2291 1437; x_wconf 84' lang='grc' dir='ltr'><strong>τὸν</strong></span> <span class='ocrx_word' id='word_1_206' title='bbox 2320 1384 2491 1453; x_wconf 87' lang='grc' dir='ltr'>Λόγον</span> <span class='ocrx_word' id='word_1_207' title='bbox 2528 1382 2649 1437; x_wconf 77' lang='grc' dir='ltr'>οὔτε</span> <span class='ocrx_word' id='word_1_208' title='bbox 2676 1384 2766 1437; x_wconf 78' lang='grc' dir='ltr'><strong>τὸν</strong></span> <span class='ocrx_word' id='word_1_209' title='bbox 2796 1385 3014 1454; x_wconf 85' lang='grc' dir='ltr'>Πατέρα</span> <span class='ocrx_word' id='word_1_210' title='bbox 3048 1383 3139 1437; x_wconf 91' lang='grc' dir='ltr'><strong>τοῦ</strong></span> <span class='ocrx_word' id='word_1_211' title='bbox 3182 1384 3375 1452; x_wconf 83' lang='grc' dir='ltr'>Λόγου,</span> <span class='ocrx_word' id='word_1_212' title='bbox 3403 1382 3581 1452; x_wconf 67' lang='grc' dir='ltr'>ῗχωρίς</span> <span class='ocrx_word' id='word_1_213' title='bbox 3615 1382 3712 1451; x_wconf 79' lang='grc' dir='ltr'>τῆς</span> 
     </span>
    </p>
   </div>
   <div class='ocr_carea' id='block_1_28' title="bbox 2147 1472 3713 1547">
    <p class='ocr_par' dir='ltr' id='par_1_28' title="bbox 2147 1472 3713 1547">
     <span class='ocr_line' id='line_1_28' title="bbox 2147 1472 3713 1547; baseline -0.003 -19"><span class='ocrx_word' id='word_1_214' title='bbox 2147 1495 2165 1528; x_wconf 80' lang='grc' dir='ltr'><strong>ι</strong></span> <span class='ocrx_word' id='word_1_215' title='bbox 2202 1476 2407 1540; x_wconf 82' lang='grc' dir='ltr'>εἰκόνος</span> <span class='ocrx_word' id='word_1_216' title='bbox 2448 1475 2652 1547; x_wconf 88' lang='grc' dir='ltr'>ταύτης</span> <span class='ocrx_word' id='word_1_217' title='bbox 2685 1475 2885 1544; x_wconf 90' lang='grc' dir='ltr'>γνῶναί</span> <span class='ocrx_word' id='word_1_218' title='bbox 2916 1493 3038 1529; x_wconf 91' lang='grc' dir='ltr'>τινα</span> <span class='ocrx_word' id='word_1_219' title='bbox 3069 1475 3309 1529; x_wconf 89' lang='grc' dir='ltr'>δυνατόν.</span> <span class='ocrx_word' id='word_1_220' title='bbox 3347 1492 3366 1525; x_wconf 75' lang='grc' dir='ltr'><strong>ι</strong></span> <span class='ocrx_word' id='word_1_221' title='bbox 3414 1473 3518 1527; x_wconf 74' lang='grc' dir='ltr'><strong>Καὶ</strong></span> <span class='ocrx_word' id='word_1_222' title='bbox 3553 1472 3713 1526; x_wconf 87' lang='grc' dir='ltr'>πάλιν</span> 
     </span>
    </p>
   </div>
   <div class='ocr_carea' id='block_1_29' title="bbox 2140 1562 3714 1637">
    <p class='ocr_par' dir='ltr' id='par_1_29' title="bbox 2140 1562 3714 1637">
     <span class='ocr_line' id='line_1_29' title="bbox 2140 1562 3714 1637; baseline -0.001 -20"><span class='ocrx_word' id='word_1_223' title='bbox 2140 1566 2411 1637; x_wconf 77' lang='grc' dir='ltr'>ἐπιφέρειο</span> <span class='ocrx_word' id='word_1_224' title='bbox 2441 1584 2459 1617; x_wconf 76' lang='grc' dir='ltr'><strong>ι</strong></span> <span class='ocrx_word' id='word_1_225' title='bbox 2494 1564 2653 1619; x_wconf 78' lang='grc' dir='ltr'>Οὕτω</span> <span class='ocrx_word' id='word_1_226' title='bbox 2673 1565 2802 1635; x_wconf 88' lang='grc' dir='ltr'>γοῦν</span> <span class='ocrx_word' id='word_1_227' title='bbox 2824 1567 2917 1619; x_wconf 77' lang='grc' dir='ltr'>καὶ</span> <span class='ocrx_word' id='word_1_228' title='bbox 2934 1568 2963 1618; x_wconf 87' lang='grc' dir='ltr'><strong>ό</strong></span> <span class='ocrx_word' id='word_1_229' title='bbox 2979 1564 3296 1627; x_wconf 80' lang='grc' dir='ltr'>’Λπόστολὸς</span> <span class='ocrx_word' id='word_1_230' title='bbox 3321 1581 3502 1635; x_wconf 87' lang='grc' dir='ltr'>φησιν,</span> <span class='ocrx_word' id='word_1_231' title='bbox 3528 1562 3714 1635; x_wconf 84' lang='grc' dir='ltr'>ὥσπερ</span> 
     </span>
    </p>
   </div>
   <div class='ocr_carea' id='block_1_30' title="bbox 482 1654 2038 1729">
    <p class='ocr_par' dir='ltr' id='par_1_30' title="bbox 482 1655 2038 1726">
     <span class='ocr_line' id='line_1_30' title="bbox 482 1655 2038 1726; baseline 0.003 -19"><span class='ocrx_word' id='word_1_232' title='bbox 482 1676 499 1707; x_wconf 77' lang='grc' dir='ltr'><strong>ι</strong></span> <span class='ocrx_word' id='word_1_233' title='bbox 544 1656 858 1726; x_wconf 80' lang='lat' dir='ltr'><strong>Apostolus,</strong></span> <span class='ocrx_word' id='word_1_234' title='bbox 917 1655 1014 1711; x_wconf 86' lang='lat' dir='ltr'><strong>Dei</strong></span> <span class='ocrx_word' id='word_1_235' title='bbox 1069 1657 1351 1712; x_wconf 80' lang='lat' dir='ltr'><strong>invisibilis</strong></span> <span class='ocrx_word' id='word_1_236' title='bbox 1374 1658 1440 1714; x_wconf 83' lang='lat'><strong>&quot;.</strong></span> <span class='ocrx_word' id='word_1_237' title='bbox 1473 1657 1625 1711; x_wconf 84' lang='lat' dir='ltr'><strong>Nunc</strong></span> <span class='ocrx_word' id='word_1_238' title='bbox 1676 1668 1842 1726; x_wconf 90' lang='lat' dir='ltr'><strong>patet,</strong></span> <span class='ocrx_word' id='word_1_239' title='bbox 1897 1658 2038 1723; x_wconf 90' lang='lat' dir='ltr'><strong>quod</strong></span> 
     </span>
    </p>
   </div>
   <div class='ocr_carea' id='block_1_31' title="bbox 2147 1654 3715 1729">
    <p class='ocr_par' dir='ltr' id='par_1_31' title="bbox 2147 1654 3715 1729">
     <span class='ocr_line' id='line_1_31' title="bbox 2147 1654 3715 1729; baseline 0.001 -22"><span class='ocrx_word' id='word_1_240' title='bbox 2147 1675 2165 1707; x_wconf 81' lang='grc' dir='ltr'><strong>ι</strong></span> <span class='ocrx_word' id='word_1_241' title='bbox 2197 1657 2624 1729; x_wconf 80' lang='grc' dir='ltr'>μικρῷιπρόσθεν</span> <span class='ocrx_word' id='word_1_242' title='bbox 2637 1658 2862 1729; x_wconf 74' lang='grc' dir='ltr'>ἔφαμεν,</span> <span class='ocrx_word' id='word_1_243' title='bbox 2881 1657 3211 1712; x_wconf 77' lang='grc' dir='ltr'>Ἐκένωσεν</span> <span class='ocrx_word' id='word_1_244' title='bbox 3223 1656 3458 1717; x_wconf 80' lang='grc' dir='ltr'>ἑαυτὸν,</span> <span class='ocrx_word' id='word_1_245' title='bbox 3476 1654 3715 1725; x_wconf 74' lang='grc' dir='ltr'>μορφὴν</span> 
     </span>
    </p>
   </div>
   <div class='ocr_carea' id='block_1_32' title="bbox 479 1744 2038 1819">
    <p class='ocr_par' dir='ltr' id='par_1_32' title="bbox 479 1749 2036 1819">
     <span class='ocr_line' id='line_1_32' title="bbox 479 1749 2036 1819; baseline 0.001 -19"><span class='ocrx_word' id='word_1_246' title='bbox 479 1769 496 1800; x_wconf 76' lang='grc' dir='ltr'><strong>ι</strong></span> <span class='ocrx_word' id='word_1_247' title='bbox 543 1760 652 1803; x_wconf 90' lang='lat' dir='ltr'><strong>tum</strong></span> <span class='ocrx_word' id='word_1_248' title='bbox 682 1749 936 1819; x_wconf 89' lang='lat' dir='ltr'><strong>primum,</strong></span> <span class='ocrx_word' id='word_1_249' title='bbox 960 1764 1082 1803; x_wconf 89' lang='lat' dir='ltr'><strong>cum</strong></span> <span class='ocrx_word' id='word_1_250' title='bbox 1127 1764 1349 1804; x_wconf 88' lang='lat' dir='ltr'><strong>carnem</strong></span> <span class='ocrx_word' id='word_1_251' title='bbox 1391 1750 1703 1818; x_wconf 88' lang='lat' dir='ltr'><strong>assumpsit,</strong></span> <span class='ocrx_word' id='word_1_252' title='bbox 1739 1749 1940 1803; x_wconf 91' lang='lat' dir='ltr'><strong>factum</strong></span> <span class='ocrx_word' id='word_1_253' title='bbox 1983 1749 2036 1803; x_wconf 88' lang='lat' dir='ltr'><strong>in</strong></span> 
     </span>
    </p>
   </div>
   <div class='ocr_carea' id='block_1_33' title="bbox 2147 1744 3713 1819">
    <p class='ocr_par' dir='ltr' id='par_1_33' title="bbox 2147 1744 3713 1819">
     <span class='ocr_line' id='line_1_33' title="bbox 2147 1744 3713 1819; baseline -0.001 -21"><span class='ocrx_word' id='word_1_254' title='bbox 2147 1767 2164 1798; x_wconf 76' lang='grc' dir='ltr'><strong>ι</strong></span> <span class='ocrx_word' id='word_1_255' title='bbox 2201 1746 2426 1803; x_wconf 78' lang='grc' dir='ltr'>δούλου</span> <span class='ocrx_word' id='word_1_256' title='bbox 2455 1749 2679 1813; x_wconf 69' lang='grc' dir='ltr'>λαϐὼν,</span> <span class='ocrx_word' id='word_1_257' title='bbox 2728 1749 2818 1802; x_wconf 83' lang='grc' dir='ltr'>διὰ</span> <span class='ocrx_word' id='word_1_258' title='bbox 2854 1748 2953 1819; x_wconf 86' lang='grc' dir='ltr'>τῆς</span> <span class='ocrx_word' id='word_1_259' title='bbox 3001 1749 3215 1819; x_wconf 80' lang='grc' dir='ltr'>μορφῆς</span> <span class='ocrx_word' id='word_1_260' title='bbox 3261 1745 3354 1799; x_wconf 90' lang='grc' dir='ltr'><strong>τοῦ</strong></span> <span class='ocrx_word' id='word_1_261' title='bbox 3397 1745 3582 1798; x_wconf 87' lang='grc' dir='ltr'>δούλου</span> <span class='ocrx_word' id='word_1_262' title='bbox 3614 1744 3713 1816; x_wconf 82' lang='grc' dir='ltr'>τὴν</span> 
     </span>
    </p>
   </div>
   <div class='ocr_carea' id='block_1_34' title="bbox 476 1822 2038 1911">
    <p class='ocr_par' dir='ltr' id='par_1_34' title="bbox 476 1839 2038 1910">
     <span class='ocr_line' id='line_1_34' title="bbox 476 1839 2038 1910; baseline 0.003 -17"><span class='ocrx_word' id='word_1_263' title='bbox 476 1859 497 1893; x_wconf 71' lang='grc' dir='ltr'><strong>ι</strong></span> <span class='ocrx_word' id='word_1_264' title='bbox 548 1841 834 1909; x_wconf 74' lang='lat' dir='ltr'><strong>imaginem</strong></span> <span class='ocrx_word' id='word_1_265' title='bbox 876 1839 992 1905; x_wconf 87' lang='lat' dir='ltr'><strong>Dei,</strong></span> <span class='ocrx_word' id='word_1_266' title='bbox 1020 1856 1146 1895; x_wconf 89' lang='lat' dir='ltr'><strong>vere</strong></span> <span class='ocrx_word' id='word_1_267' title='bbox 1180 1842 1355 1910; x_wconf 86' lang='lat' dir='ltr'><strong>imago</strong></span> <span class='ocrx_word' id='word_1_268' title='bbox 1401 1840 1565 1896; x_wconf 83' lang='lat' dir='ltr'><strong>ﬂebat</strong></span> <span class='ocrx_word' id='word_1_269' title='bbox 1607 1841 1894 1896; x_wconf 86' lang='lat' dir='ltr'><strong>invisibilis</strong></span> <span class='ocrx_word' id='word_1_270' title='bbox 1928 1841 2038 1897; x_wconf 86' lang='lat' dir='ltr'><strong>Dei.</strong></span> 
     </span>
    </p>
   </div>
   <div class='ocr_carea' id='block_1_35' title="bbox 2147 1822 3714 1911">
    <p class='ocr_par' dir='ltr' id='par_1_35' title="bbox 2149 1838 3714 1911">
     <span class='ocr_line' id='line_1_35' title="bbox 2149 1838 3714 1911; baseline 0 -22"><span class='ocrx_word' id='word_1_271' title='bbox 2149 1862 2166 1889; x_wconf 78' lang='grc' dir='ltr'><strong>ι</strong></span> <span class='ocrx_word' id='word_1_272' title='bbox 2205 1838 2550 1911; x_wconf 82' lang='grc' dir='ltr'>ἀνθρωπίνην</span> <span class='ocrx_word' id='word_1_273' title='bbox 2583 1841 2713 1909; x_wconf 79' lang='grc' dir='ltr'>ἡμῖν</span> <span class='ocrx_word' id='word_1_274' title='bbox 2757 1839 3035 1910; x_wconf 83' lang='grc' dir='ltr'>σημαίνων</span> <span class='ocrx_word' id='word_1_275' title='bbox 3066 1840 3262 1911; x_wconf 86' lang='grc' dir='ltr'>σάρκα,</span> <span class='ocrx_word' id='word_1_276' title='bbox 3296 1838 3363 1909; x_wconf 72' lang='grc' dir='ltr'>ἢν</span> <span class='ocrx_word' id='word_1_277' title='bbox 3392 1840 3422 1890; x_wconf 87' lang='grc' dir='ltr'><strong>ό</strong></span> <span class='ocrx_word' id='word_1_278' title='bbox 3451 1838 3714 1906; x_wconf 85' lang='grc' dir='ltr'>δεσπότης</span> 
     </span>
    </p>
   </div>
   <div class='ocr_carea' id='block_1_36' title="bbox 479 1930 2042 2003">
    <p class='ocr_par' dir='ltr' id='par_1_36' title="bbox 479 1930 2042 2003">
     <span class='ocr_line' id='line_1_36' title="bbox 479 1930 2042 2003; baseline 0.002 -19"><span class='ocrx_word' id='word_1_279' title='bbox 479 1951 497 1984; x_wconf 76' lang='grc' dir='ltr'><strong>ι</strong></span> <span class='ocrx_word' id='word_1_280' title='bbox 544 1930 678 1987; x_wconf 87' lang='lat' dir='ltr'><strong>Nam</strong></span> <span class='ocrx_word' id='word_1_281' title='bbox 707 1934 750 1987; x_wconf 91' lang='lat' dir='ltr'><strong>si</strong></span> <span class='ocrx_word' id='word_1_282' title='bbox 783 1947 879 1987; x_wconf 93' lang='lat' dir='ltr'><strong>nos</strong></span> <span class='ocrx_word' id='word_1_283' title='bbox 906 1947 1003 2003; x_wconf 90' lang='lat' dir='ltr'><strong>per</strong></span> <span class='ocrx_word' id='word_1_284' title='bbox 1033 1932 1324 2003; x_wconf 86' lang='lat' dir='ltr'><strong>imaginem</strong></span> <span class='ocrx_word' id='word_1_285' title='bbox 1363 1933 1520 1987; x_wconf 87' lang='lat' dir='ltr'><strong>istam</strong></span> <span class='ocrx_word' id='word_1_286' title='bbox 1549 1947 1617 1987; x_wconf 92' lang='lat' dir='ltr'><strong>eo</strong></span> <span class='ocrx_word' id='word_1_287' title='bbox 1650 1948 1835 1987; x_wconf 89' lang='lat' dir='ltr'><strong>sumus</strong></span> <span class='ocrx_word' id='word_1_288' title='bbox 1869 1932 2042 1987; x_wconf 89' lang='lat' dir='ltr'><strong>evecti</strong></span> 
     </span>
    </p>
   </div>
   <div class='ocr_carea' id='block_1_37' title="bbox 478 2022 2038 2095">
    <p class='ocr_par' dir='ltr' id='par_1_37' title="bbox 478 2022 2038 2095">
     <span class='ocr_line' id='line_1_37' title="bbox 478 2022 2038 2095; baseline 0.002 -18"><span class='ocrx_word' id='word_1_289' title='bbox 478 2043 499 2077; x_wconf 73' lang='grc' dir='ltr'><strong>ι</strong></span> <span class='ocrx_word' id='word_1_290' title='bbox 544 2024 841 2092; x_wconf 85' lang='lat' dir='ltr'><strong>dignitatis,</strong></span> <span class='ocrx_word' id='word_1_291' title='bbox 873 2035 931 2078; x_wconf 94' lang='lat' dir='ltr'><strong>ut</strong></span> <span class='ocrx_word' id='word_1_292' title='bbox 963 2022 1196 2079; x_wconf 87' lang='lat' dir='ltr'><strong>Verbum</strong></span> <span class='ocrx_word' id='word_1_293' title='bbox 1236 2024 1331 2079; x_wconf 92' lang='lat' dir='ltr'><strong>Dei</strong></span> <span class='ocrx_word' id='word_1_294' title='bbox 1380 2040 1708 2095; x_wconf 87' lang='lat' dir='ltr'><strong>cognoscere</strong></span> <span class='ocrx_word' id='word_1_295' title='bbox 1753 2024 2038 2094; x_wconf 88' lang='lat' dir='ltr'><strong>possimus,</strong></span> 
     </span>
    </p>
   </div>
   <div class='ocr_carea' id='block_1_38' title="bbox 478 2115 2041 2187">
    <p class='ocr_par' dir='ltr' id='par_1_38' title="bbox 478 2115 2041 2187">
     <span class='ocr_line' id='line_1_38' title="bbox 478 2115 2041 2187; baseline 0.002 -18"><span class='ocrx_word' id='word_1_296' title='bbox 478 2136 497 2169; x_wconf 70' lang='grc' dir='ltr'><strong>ι</strong></span> <span class='ocrx_word' id='word_1_297' title='bbox 544 2116 720 2171; x_wconf 91' lang='lat' dir='ltr'><strong>Verbo</strong></span> <span class='ocrx_word' id='word_1_298' title='bbox 751 2126 897 2171; x_wconf 91' lang='lat' dir='ltr'><strong>certe</strong></span> <span class='ocrx_word' id='word_1_299' title='bbox 932 2116 1034 2185; x_wconf 91' lang='lat' dir='ltr'><strong>ipsi</strong></span> <span class='ocrx_word' id='word_1_300' title='bbox 1068 2116 1291 2170; x_wconf 90' lang='lat' dir='ltr'><strong>credere</strong></span> <span class='ocrx_word' id='word_1_301' title='bbox 1330 2115 1591 2171; x_wconf 89' lang='lat' dir='ltr'><strong>debemus</strong></span> <span class='ocrx_word' id='word_1_302' title='bbox 1622 2131 1719 2186; x_wconf 90' lang='lat' dir='ltr'><strong>per</strong></span> <span class='ocrx_word' id='word_1_303' title='bbox 1750 2118 2041 2187; x_wconf 86' lang='lat' dir='ltr'><strong>imaginem</strong></span> 
     </span>
    </p>
   </div>
   <div class='ocr_carea' id='block_1_39' title="bbox 478 2206 2040 2278">
    <p class='ocr_par' dir='ltr' id='par_1_39' title="bbox 478 2206 2040 2278">
     <span class='ocr_line' id='line_1_39' title="bbox 478 2206 2040 2278; baseline 0.002 -18"><span class='ocrx_word' id='word_1_304' title='bbox 478 2228 497 2260; x_wconf 83' lang='lat' dir='ltr'><strong>s</strong></span> <span class='ocrx_word' id='word_1_305' title='bbox 543 2206 828 2262; x_wconf 80' lang='lat' dir='ltr'><strong>aﬁirmanti</strong></span> <span class='ocrx_word' id='word_1_306' title='bbox 856 2225 871 2264; x_wconf 91' lang='lat'><strong>:</strong></span> <span class='ocrx_word' id='word_1_307' title='bbox 899 2208 1012 2278; x_wconf 86' lang='lat' dir='ltr'><strong>Ego</strong></span> <span class='ocrx_word' id='word_1_308' title='bbox 1052 2218 1099 2262; x_wconf 86' lang='lat' dir='ltr'><strong>et</strong></span> <span class='ocrx_word' id='word_1_309' title='bbox 1136 2207 1295 2261; x_wconf 82' lang='lat' dir='ltr'><strong>Pater</strong></span> <span class='ocrx_word' id='word_1_310' title='bbox 1327 2224 1491 2262; x_wconf 86' lang='lat' dir='ltr'><strong>unum</strong></span> <span class='ocrx_word' id='word_1_311' title='bbox 1532 2225 1713 2263; x_wconf 86' lang='lat' dir='ltr'><strong>sumus</strong></span> <span class='ocrx_word' id='word_1_312' title='bbox 1752 2209 1796 2240; x_wconf 79' lang='lat'>“</span> <span class='ocrx_word' id='word_1_313' title='bbox 1835 2209 2040 2278; x_wconf 85' lang='lat' dir='ltr'><strong>Impos-</strong></span> 
     </span>
    </p>
   </div>
   <div class='ocr_carea' id='block_1_40' title="bbox 479 2299 2039 2371">
    <p class='ocr_par' dir='ltr' id='par_1_40' title="bbox 479 2299 2039 2371">
     <span class='ocr_line' id='line_1_40' title="bbox 479 2299 2039 2371; baseline 0.004 -22"><span class='ocrx_word' id='word_1_314' title='bbox 479 2318 499 2349; x_wconf 76' lang='grc' dir='ltr'><strong>ι</strong></span> <span class='ocrx_word' id='word_1_315' title='bbox 547 2299 702 2355; x_wconf 89' lang='lat' dir='ltr'><strong>sibile</strong></span> <span class='ocrx_word' id='word_1_316' title='bbox 732 2309 814 2355; x_wconf 89' lang='lat' dir='ltr'><strong>est</strong></span> <span class='ocrx_word' id='word_1_317' title='bbox 840 2301 1006 2367; x_wconf 89' lang='lat' dir='ltr'><strong>enim,</strong></span> <span class='ocrx_word' id='word_1_318' title='bbox 1040 2310 1098 2354; x_wconf 90' lang='lat' dir='ltr'><strong>ut</strong></span> <span class='ocrx_word' id='word_1_319' title='bbox 1130 2299 1331 2371; x_wconf 88' lang='lat' dir='ltr'><strong>absque</strong></span> <span class='ocrx_word' id='word_1_320' title='bbox 1358 2302 1457 2355; x_wconf 92' lang='lat' dir='ltr'><strong>hac</strong></span> <span class='ocrx_word' id='word_1_321' title='bbox 1492 2301 1725 2369; x_wconf 88' lang='lat' dir='ltr'><strong>imagine</strong></span> <span class='ocrx_word' id='word_1_322' title='bbox 1751 2301 2039 2371; x_wconf 89' lang='lat' dir='ltr'><strong>quisquam</strong></span> 
     </span>
    </p>
   </div>
   <div class='ocr_carea' id='block_1_41' title="bbox 477 2387 2042 2461">
    <p class='ocr_par' dir='ltr' id='par_1_41' title="bbox 477 2387 2042 2461">
     <span class='ocr_line' id='line_1_41' title="bbox 477 2387 2042 2461; baseline 0.003 -22"><span class='ocrx_word' id='word_1_323' title='bbox 477 2406 496 2439; x_wconf 82' lang='lat' dir='ltr'><strong>s</strong></span> <span class='ocrx_word' id='word_1_324' title='bbox 540 2389 623 2443; x_wconf 89' lang='lat' dir='ltr'><strong>vel</strong></span> <span class='ocrx_word' id='word_1_325' title='bbox 663 2387 917 2454; x_wconf 84' lang='lat' dir='ltr'><strong>Verbum,</strong></span> <span class='ocrx_word' id='word_1_326' title='bbox 945 2390 1030 2444; x_wconf 89' lang='lat' dir='ltr'><strong>vel</strong></span> <span class='ocrx_word' id='word_1_327' title='bbox 1091 2388 1252 2444; x_wconf 88' lang='lat' dir='ltr'><strong>Verbi</strong></span> <span class='ocrx_word' id='word_1_328' title='bbox 1306 2389 1522 2445; x_wconf 86' lang='lat' dir='ltr'><strong>Patrem</strong></span> <span class='ocrx_word' id='word_1_329' title='bbox 1576 2401 1889 2461; x_wconf 85' lang='lat' dir='ltr'><strong>cognoscat.</strong></span> <span class='ocrx_word' id='word_1_330' title='bbox 1920 2408 1939 2443; x_wconf 70' lang='grc' dir='ltr'><strong>ι</strong></span> <span class='ocrx_word' id='word_1_331' title='bbox 1977 2389 2042 2445; x_wconf 83' lang='lat' dir='ltr'><strong>Et</strong></span> 
     </span>
    </p>
   </div>
   <div class='ocr_carea' id='block_1_42' title="bbox 472 2481 2040 2555">
    <p class='ocr_par' dir='ltr' id='par_1_42' title="bbox 472 2481 2040 2555">
     <span class='ocr_line' id='line_1_42' title="bbox 472 2481 2040 2555; baseline 0.003 -21"><span class='ocrx_word' id='word_1_332' title='bbox 472 2494 665 2536; x_wconf 90' lang='lat' dir='ltr'><strong>rursus</strong></span> <span class='ocrx_word' id='word_1_333' title='bbox 694 2482 934 2537; x_wconf 85' lang='lat' dir='ltr'><strong>annectit</strong></span> <span class='ocrx_word' id='word_1_334' title='bbox 963 2481 1055 2554; x_wconf 64' lang='grc' dir='ltr'>[ιι.</span> <span class='ocrx_word' id='word_1_335' title='bbox 1091 2481 1351 2536; x_wconf 85' lang='lat' dir='ltr'><strong>LXXXIV</strong></span> <span class='ocrx_word' id='word_1_336' title='bbox 1359 2482 1379 2555; x_wconf 51' lang='lat'><strong>1&#39;</strong></span> <span class='ocrx_word' id='word_1_337' title='bbox 1411 2499 1424 2536; x_wconf 95' lang='lat'><strong>:</strong></span> <span class='ocrx_word' id='word_1_338' title='bbox 1451 2501 1469 2535; x_wconf 82' lang='grc' dir='ltr'><strong>ι</strong></span> <span class='ocrx_word' id='word_1_339' title='bbox 1494 2482 2040 2553; x_wconf 85' lang='lat' dir='ltr'><strong>Sicitaquepronun-</strong></span> 
     </span>
    </p>
   </div>
   <div class='ocr_carea' id='block_1_43' title="bbox 473 2573 2040 2645">
    <p class='ocr_par' dir='ltr' id='par_1_43' title="bbox 473 2573 2040 2645">
     <span class='ocr_line' id='line_1_43' title="bbox 473 2573 2040 2645; baseline 0.003 -18"><span class='ocrx_word' id='word_1_340' title='bbox 473 2574 573 2627; x_wconf 86' lang='lat' dir='ltr'><strong>tiat</strong></span> <span class='ocrx_word' id='word_1_341' title='bbox 617 2573 943 2641; x_wconf 82' lang='lat' dir='ltr'><strong>Apostolus,</strong></span> <span class='ocrx_word' id='word_1_342' title='bbox 989 2579 1046 2637; x_wconf 56' lang='grc' dir='ltr'>ὦ</span> <span class='ocrx_word' id='word_1_343' title='bbox 1087 2584 1146 2628; x_wconf 92' lang='lat' dir='ltr'><strong>ut</strong></span> <span class='ocrx_word' id='word_1_344' title='bbox 1184 2575 1343 2645; x_wconf 90' lang='lat' dir='ltr'><strong>paulo</strong></span> <span class='ocrx_word' id='word_1_345' title='bbox 1390 2576 1642 2645; x_wconf 85' lang='lat' dir='ltr'><strong>superius</strong></span> <span class='ocrx_word' id='word_1_346' title='bbox 1682 2586 1768 2630; x_wconf 88' lang='lat' dir='ltr'><strong>est</strong></span> <span class='ocrx_word' id='word_1_347' title='bbox 1806 2590 1836 2629; x_wconf 91' lang='lat' dir='ltr'><strong>a</strong></span> <span class='ocrx_word' id='word_1_348' title='bbox 1882 2577 2040 2632; x_wconf 89' lang='lat' dir='ltr'><strong>nobis</strong></span> 
     </span>
    </p>
   </div>
   <div class='ocr_carea' id='block_1_44' title="bbox 470 2665 2038 2736">
    <p class='ocr_par' dir='ltr' id='par_1_44' title="bbox 470 2665 2038 2736">
     <span class='ocr_line' id='line_1_44' title="bbox 470 2665 2038 2736; baseline 0.001 -17"><span class='ocrx_word' id='word_1_349' title='bbox 470 2667 703 2735; x_wconf 91' lang='lat' dir='ltr'><strong>positum</strong></span> <span class='ocrx_word' id='word_1_350' title='bbox 730 2682 743 2717; x_wconf 90' lang='lat'>:</span> <span class='ocrx_word' id='word_1_351' title='bbox 771 2665 1077 2720; x_wconf 71' lang='lat' dir='ltr'><strong>Exinanivit</strong></span> <span class='ocrx_word' id='word_1_352' title='bbox 1106 2668 1464 2736; x_wconf 74' lang='lat' dir='ltr'><strong>semetipsum,</strong></span> <span class='ocrx_word' id='word_1_353' title='bbox 1499 2667 1635 2721; x_wconf 82' lang='lat' dir='ltr'><strong>servi</strong></span> <span class='ocrx_word' id='word_1_354' title='bbox 1685 2667 1909 2734; x_wconf 75' lang='lat' dir='ltr'><strong>formam</strong></span> <span class='ocrx_word' id='word_1_355' title='bbox 1947 2684 2038 2721; x_wconf 81' lang='lat' dir='ltr'><strong>as-</strong></span> 
     </span>
    </p>
   </div>
   <div class='ocr_carea' id='block_1_45' title="bbox 470 2757 2041 2817">
    <p class='ocr_par' dir='ltr' id='par_1_45' title="bbox 470 2757 2041 2817">
     <span class='ocr_line' id='line_1_45' title="bbox 470 2757 2041 2817; baseline 0.004 -6"><span class='ocrx_word' id='word_1_356' title='bbox 470 2774 679 2811; x_wconf 84' lang='lat' dir='ltr'><strong>sumens</strong></span> <span class='ocrx_word' id='word_1_357' title='bbox 703 2758 767 2811; x_wconf 68' lang='grc' dir='ltr'>η.</span> <span class='ocrx_word' id='word_1_358' title='bbox 807 2757 908 2812; x_wconf 88' lang='lat' dir='ltr'><strong>Per</strong></span> <span class='ocrx_word' id='word_1_359' title='bbox 961 2760 1103 2812; x_wconf 87' lang='lat' dir='ltr'><strong>servi</strong></span> <span class='ocrx_word' id='word_1_360' title='bbox 1145 2758 1372 2813; x_wconf 90' lang='lat' dir='ltr'><strong>formam</strong></span> <span class='ocrx_word' id='word_1_361' title='bbox 1410 2760 1697 2814; x_wconf 88' lang='lat' dir='ltr'><strong>humanam</strong></span> <span class='ocrx_word' id='word_1_362' title='bbox 1735 2762 1889 2815; x_wconf 89' lang='lat' dir='ltr'><strong>nobis</strong></span> <span class='ocrx_word' id='word_1_363' title='bbox 1920 2777 2041 2817; x_wconf 89' lang='lat' dir='ltr'><strong>car-</strong></span> 
     </span>
    </p>
   </div>
   <div class='ocr_carea' id='block_1_46' title="bbox 471 2848 2037 2919">
    <p class='ocr_par' dir='ltr' id='par_1_46' title="bbox 471 2848 2037 2919">
     <span class='ocr_line' id='line_1_46' title="bbox 471 2848 2037 2919; baseline 0.004 -18"><span class='ocrx_word' id='word_1_364' title='bbox 471 2863 595 2901; x_wconf 88' lang='lat' dir='ltr'><strong>nem</strong></span> <span class='ocrx_word' id='word_1_365' title='bbox 644 2848 913 2917; x_wconf 81' lang='lat' dir='ltr'><strong>signiticat</strong></span> <span class='ocrx_word' id='word_1_366' title='bbox 938 2888 957 2919; x_wconf 90' lang='lat'><strong>,_</strong></span> <span class='ocrx_word' id='word_1_367' title='bbox 995 2864 1155 2917; x_wconf 87' lang='lat' dir='ltr'><strong>quam</strong></span> <span class='ocrx_word' id='word_1_368' title='bbox 1208 2850 1467 2904; x_wconf 88' lang='lat' dir='ltr'><strong>Dominus</strong></span> <span class='ocrx_word' id='word_1_369' title='bbox 1506 2860 1692 2906; x_wconf 87' lang='lat' dir='ltr'><strong>noster</strong></span> <span class='ocrx_word' id='word_1_370' title='bbox 1726 2851 1904 2919; x_wconf 88' lang='lat' dir='ltr'><strong>Deus,</strong></span> <span class='ocrx_word' id='word_1_371' title='bbox 1943 2869 2037 2907; x_wconf 89' lang='lat' dir='ltr'><strong>sua</strong></span> 
     </span>
    </p>
   </div>
   <div class='ocr_carea' id='block_1_47' title="bbox 471 2917 2038 3012">
    <p class='ocr_par' dir='ltr' id='par_1_47' title="bbox 471 2917 2038 3012">
     <span class='ocr_line' id='line_1_47' title="bbox 471 2917 2038 3012; baseline 0.005 -21"><span class='ocrx_word' id='word_1_372' title='bbox 471 2936 762 2992; x_wconf 85' lang='lat' dir='ltr'><strong>ell&#39;ormans</strong></span> <span class='ocrx_word' id='word_1_373' title='bbox 810 2917 1071 3005; x_wconf 61' lang='lat' dir='ltr'><strong>sapientia</strong></span> <span class='ocrx_word' id='word_1_374' title='bbox 1096 2977 1113 3004; x_wconf 87' lang='lat'><strong>,</strong></span> <span class='ocrx_word' id='word_1_375' title='bbox 1147 2939 1314 2993; x_wconf 84' lang='lat' dir='ltr'><strong>dixit:</strong></span> <span class='ocrx_word' id='word_1_376' title='bbox 1337 2937 1623 3012; x_wconf 61' lang='lat' dir='ltr'><strong>Faciamus</strong></span> <span class='ocrx_word' id='word_1_377' title='bbox 1660 2917 1917 2997; x_wconf 75' lang='lat' dir='ltr'><strong>hominem</strong></span> <span class='ocrx_word' id='word_1_378' title='bbox 1970 2947 2038 2999; x_wconf 86' lang='lat' dir='ltr'><strong>ad</strong></span> 
     </span>
    </p>
   </div>
   <div class='ocr_carea' id='block_1_48' title="bbox 472 3031 2040 3099">
    <p class='ocr_par' dir='ltr' id='par_1_48' title="bbox 472 3031 2040 3099">
     <span class='ocr_line' id='line_1_48' title="bbox 472 3031 2040 3099; baseline 0.004 -16"><span class='ocrx_word' id='word_1_379' title='bbox 472 3031 750 3099; x_wconf 82' lang='lat' dir='ltr'><strong>imaginem</strong></span> <span class='ocrx_word' id='word_1_380' title='bbox 788 3041 1018 3082; x_wconf 86' lang='lat' dir='ltr'><strong>nostram</strong></span> <span class='ocrx_word' id='word_1_381' title='bbox 1051 3040 1097 3083; x_wconf 84' lang='lat' dir='ltr'><strong>et</strong></span> <span class='ocrx_word' id='word_1_382' title='bbox 1122 3031 1190 3083; x_wconf 85' lang='lat' dir='ltr'><strong>ad</strong></span> <span class='ocrx_word' id='word_1_383' title='bbox 1229 3031 1627 3084; x_wconf 79' lang='lat' dir='ltr'><strong>similitudinem</strong></span> <span class='ocrx_word' id='word_1_384' title='bbox 1649 3032 1714 3086; x_wconf 79' lang='lat'><strong>’°.</strong></span> <span class='ocrx_word' id='word_1_385' title='bbox 1733 3032 1896 3088; x_wconf 82' lang='lat' dir='ltr'><strong>Recte</strong></span> <span class='ocrx_word' id='word_1_386' title='bbox 1922 3049 2040 3089; x_wconf 90' lang='lat' dir='ltr'><strong>car-</strong></span> 
     </span>
    </p>
   </div>
   <div class='ocr_carea' id='block_1_49' title="bbox 475 3119 2039 3191">
    <p class='ocr_par' dir='ltr' id='par_1_49' title="bbox 475 3119 2039 3191">
     <span class='ocr_line' id='line_1_49' title="bbox 475 3119 2039 3191; baseline 0.004 -18"><span class='ocrx_word' id='word_1_387' title='bbox 475 3135 599 3173; x_wconf 91' lang='lat' dir='ltr'><strong>nem</strong></span> <span class='ocrx_word' id='word_1_388' title='bbox 629 3119 940 3184; x_wconf 88' lang='lat' dir='ltr'><strong>humanam,</strong></span> <span class='ocrx_word' id='word_1_389' title='bbox 964 3121 1585 3191; x_wconf 84' lang='lat' dir='ltr'><strong>imaginemnominavit.</strong></span> <span class='ocrx_word' id='word_1_390' title='bbox 1616 3120 1757 3178; x_wconf 86' lang='lat' dir='ltr'><strong>Bene</strong></span> <span class='ocrx_word' id='word_1_391' title='bbox 1780 3126 1922 3179; x_wconf 88' lang='lat' dir='ltr'><strong>enim</strong></span> <span class='ocrx_word' id='word_1_392' title='bbox 1949 3142 2039 3181; x_wconf 79' lang='lat' dir='ltr'><strong>no-</strong></span> 
     </span>
    </p>
   </div>
   <div class='ocr_carea' id='block_1_50' title="bbox 471 3211 2035 3286">
    <p class='ocr_par' dir='ltr' id='par_1_50' title="bbox 471 3211 2035 3286">
     <span class='ocr_line' id='line_1_50' title="bbox 471 3211 2035 3286; baseline 0.007 -24"><span class='ocrx_word' id='word_1_393' title='bbox 471 3211 548 3263; x_wconf 89' lang='lat' dir='ltr'><strong>vit</strong></span> <span class='ocrx_word' id='word_1_394' title='bbox 579 3212 865 3281; x_wconf 89' lang='lat' dir='ltr'><strong>imaginem</strong></span> <span class='ocrx_word' id='word_1_395' title='bbox 894 3228 1013 3267; x_wconf 87' lang='lat' dir='ltr'><strong>esse</strong></span> <span class='ocrx_word' id='word_1_396' title='bbox 1062 3214 1205 3267; x_wconf 90' lang='lat' dir='ltr'><strong>illam</strong></span> <span class='ocrx_word' id='word_1_397' title='bbox 1239 3213 1398 3268; x_wconf 86' lang='lat' dir='ltr'><strong>Verbi</strong></span> <span class='ocrx_word' id='word_1_398' title='bbox 1428 3215 1534 3279; x_wconf 88' lang='lat' dir='ltr'><strong>sui,</strong></span> <span class='ocrx_word' id='word_1_399' title='bbox 1564 3215 1720 3284; x_wconf 89' lang='lat' dir='ltr'><strong>paulo</strong></span> <span class='ocrx_word' id='word_1_400' title='bbox 1759 3227 1879 3286; x_wconf 89' lang='lat' dir='ltr'><strong>post</strong></span> <span class='ocrx_word' id='word_1_401' title='bbox 1908 3220 2035 3273; x_wconf 86' lang='lat' dir='ltr'><strong>sub-</strong></span> 
     </span>
    </p>
   </div>
   <div class='ocr_carea' id='block_1_51' title="bbox 472 3303 2034 3381">
    <p class='ocr_par' dir='ltr' id='par_1_51' title="bbox 472 3303 2034 3381">
     <span class='ocr_line' id='line_1_51' title="bbox 472 3303 2034 3381; baseline 0.006 -24"><span class='ocrx_word' id='word_1_402' title='bbox 472 3304 649 3358; x_wconf 90' lang='lat' dir='ltr'><strong>stituri</strong></span> <span class='ocrx_word' id='word_1_403' title='bbox 673 3303 762 3377; x_wconf 76' lang='grc' dir='ltr'><strong>[Β.</strong></span> <span class='ocrx_word' id='word_1_404' title='bbox 786 3303 1037 3375; x_wconf 52' lang='lat' dir='ltr'><strong>XXVI)»</strong></span> <span class='ocrx_word' id='word_1_405' title='bbox 1066 3305 1323 3376; x_wconf 78' lang='lat' dir='ltr'><strong>Deinceps</strong></span> <span class='ocrx_word' id='word_1_406' title='bbox 1359 3318 1585 3361; x_wconf 90' lang='lat' dir='ltr'><strong>conatur</strong></span> <span class='ocrx_word' id='word_1_407' title='bbox 1616 3310 1866 3379; x_wconf 90' lang='lat' dir='ltr'><strong>probare,</strong></span> <span class='ocrx_word' id='word_1_408' title='bbox 1892 3312 2034 3381; x_wconf 84' lang='lat' dir='ltr'><strong>quod</strong></span> 
     </span>
    </p>
   </div>
   <div class='ocr_carea' id='block_1_52' title="bbox 473 3395 2035 3467">
    <p class='ocr_par' dir='ltr' id='par_1_52' title="bbox 473 3395 2035 3467">
     <span class='ocr_line' id='line_1_52' title="bbox 473 3395 2035 3467; baseline 0.005 -17"><span class='ocrx_word' id='word_1_409' title='bbox 473 3395 601 3450; x_wconf 91' lang='lat' dir='ltr'><strong>illud</strong></span> <span class='ocrx_word' id='word_1_410' title='bbox 630 3412 644 3451; x_wconf 89' lang='lat'><strong>:</strong></span> <span class='ocrx_word' id='word_1_411' title='bbox 675 3395 749 3449; x_wconf 90' lang='lat' dir='ltr'><strong>De</strong></span> <span class='ocrx_word' id='word_1_412' title='bbox 775 3408 921 3449; x_wconf 86' lang='lat' dir='ltr'><strong>utero</strong></span> <span class='ocrx_word' id='word_1_413' title='bbox 944 3408 1065 3449; x_wconf 80' lang='lat' dir='ltr'><strong>ante</strong></span> <span class='ocrx_word' id='word_1_414' title='bbox 1090 3397 1370 3465; x_wconf 83' lang='lat' dir='ltr'><strong>luciferum</strong></span> <span class='ocrx_word' id='word_1_415' title='bbox 1403 3400 1561 3467; x_wconf 78' lang='lat' dir='ltr'><strong>genui</strong></span> <span class='ocrx_word' id='word_1_416' title='bbox 1591 3410 1638 3453; x_wconf 84' lang='lat' dir='ltr'><strong>te</strong></span> <span class='ocrx_word' id='word_1_417' title='bbox 1661 3400 1728 3464; x_wconf 81' lang='lat'><strong>&quot;,</strong></span> <span class='ocrx_word' id='word_1_418' title='bbox 1769 3401 1835 3456; x_wconf 91' lang='lat' dir='ltr'><strong>de</strong></span> <span class='ocrx_word' id='word_1_419' title='bbox 1870 3417 2035 3458; x_wconf 91' lang='lat' dir='ltr'><strong>carne</strong></span> 
     </span>
    </p>
   </div>
   <div class='ocr_carea' id='block_1_53' title="bbox 473 3485 2036 3557">
    <p class='ocr_par' dir='ltr' id='par_1_53' title="bbox 473 3485 2036 3557">
     <span class='ocr_line' id='line_1_53' title="bbox 473 3485 2036 3557; baseline 0.005 -17"><span class='ocrx_word' id='word_1_420' title='bbox 473 3485 604 3540; x_wconf 86' lang='lat' dir='ltr'><strong>item</strong></span> <span class='ocrx_word' id='word_1_421' title='bbox 638 3495 952 3557; x_wconf 88' lang='lat' dir='ltr'><strong>usurpatum</strong></span> <span class='ocrx_word' id='word_1_422' title='bbox 982 3486 1077 3541; x_wconf 83' lang='lat' dir='ltr'><strong>sit.</strong></span> <span class='ocrx_word' id='word_1_423' title='bbox 1113 3486 1379 3557; x_wconf 86' lang='lat' dir='ltr'><strong>Loquitur</strong></span> <span class='ocrx_word' id='word_1_424' title='bbox 1423 3499 1605 3544; x_wconf 87' lang='lat' dir='ltr'><strong>autem</strong></span> <span class='ocrx_word' id='word_1_425' title='bbox 1646 3492 1711 3545; x_wconf 82' lang='lat' dir='ltr'><strong>ad</strong></span> <span class='ocrx_word' id='word_1_426' title='bbox 1744 3491 1886 3546; x_wconf 87' lang='lat' dir='ltr'><strong>hunc</strong></span> <span class='ocrx_word' id='word_1_427' title='bbox 1921 3508 2036 3549; x_wconf 83' lang='lat' dir='ltr'><strong>Ino-</strong></span> 
     </span>
    </p>
   </div>
   <div class='ocr_carea' id='block_1_54' title="bbox 475 3576 2037 3644">
    <p class='ocr_par' dir='ltr' id='par_1_54' title="bbox 475 3576 2037 3644">
     <span class='ocr_line' id='line_1_54' title="bbox 475 3576 2037 3644; baseline 0.006 -14"><span class='ocrx_word' id='word_1_428' title='bbox 475 3576 599 3630; x_wconf 91' lang='lat' dir='ltr'><strong>dum</strong></span> <span class='ocrx_word' id='word_1_429' title='bbox 635 3592 649 3630; x_wconf 89' lang='lat'><strong>:</strong></span> <span class='ocrx_word' id='word_1_430' title='bbox 692 3595 710 3627; x_wconf 76' lang='grc' dir='ltr'><strong>ι</strong></span> <span class='ocrx_word' id='word_1_431' title='bbox 742 3577 1005 3644; x_wconf 85' lang='lat' dir='ltr'><strong>Quocirca</strong></span> <span class='ocrx_word' id='word_1_432' title='bbox 1039 3594 1158 3632; x_wconf 89' lang='lat' dir='ltr'><strong>cum</strong></span> <span class='ocrx_word' id='word_1_433' title='bbox 1186 3594 1215 3632; x_wconf 86' lang='lat' dir='ltr'><strong>a</strong></span> <span class='ocrx_word' id='word_1_434' title='bbox 1252 3580 1451 3634; x_wconf 88' lang='lat' dir='ltr'><strong>Davide</strong></span> <span class='ocrx_word' id='word_1_435' title='bbox 1492 3581 1800 3637; x_wconf 91' lang='lat' dir='ltr'><strong>nominetur</strong></span> <span class='ocrx_word' id='word_1_436' title='bbox 1845 3583 2037 3640; x_wconf 78' lang='lat' dir='ltr'><strong>lucifer</strong></span> 
     </span>
    </p>
   </div>
   <div class='ocr_carea' id='block_1_55' title="bbox 480 3659 2034 3747">
    <p class='ocr_par' dir='ltr' id='par_1_55' title="bbox 480 3659 2034 3747">
     <span class='ocr_line' id='line_1_55' title="bbox 480 3659 2034 3747; baseline 0.007 -26"><span class='ocrx_word' id='word_1_437' title='bbox 480 3688 499 3721; x_wconf 67' lang='lat' dir='ltr'><strong>s</strong></span> <span class='ocrx_word' id='word_1_438' title='bbox 540 3669 691 3725; x_wconf 91' lang='lat' dir='ltr'><strong>stella</strong></span> <span class='ocrx_word' id='word_1_439' title='bbox 735 3670 853 3736; x_wconf 89' lang='lat' dir='ltr'><strong>illa,</strong></span> <span class='ocrx_word' id='word_1_440' title='bbox 887 3687 1007 3740; x_wconf 68' lang='lat' dir='ltr'><strong>quae</strong></span> <span class='ocrx_word' id='word_1_441' title='bbox 1071 3662 1212 3747; x_wconf 88' lang='lat' dir='ltr'><strong>diem</strong></span> <span class='ocrx_word' id='word_1_442' title='bbox 1281 3672 1529 3743; x_wconf 85' lang='lat' dir='ltr'><strong>designat</strong></span> <span class='ocrx_word' id='word_1_443' title='bbox 1577 3659 2034 3746; x_wconf 75' lang='lat' dir='ltr'><strong>appropinquare,</strong></span> 
     </span>
    </p>
   </div>
   <div class='ocr_carea' id='block_1_56' title="bbox 479 3763 2039 3836">
    <p class='ocr_par' dir='ltr' id='par_1_56' title="bbox 479 3763 2039 3836">
     <span class='ocr_line' id='line_1_56' title="bbox 479 3763 2039 3836; baseline 0.006 -22"><span class='ocrx_word' id='word_1_444' title='bbox 479 3780 498 3814; x_wconf 74' lang='grc' dir='ltr'><strong>ι</strong></span> <span class='ocrx_word' id='word_1_445' title='bbox 545 3778 648 3818; x_wconf 91' lang='lat' dir='ltr'><strong>non</strong></span> <span class='ocrx_word' id='word_1_446' title='bbox 679 3775 761 3817; x_wconf 89' lang='lat' dir='ltr'><strong>est</strong></span> <span class='ocrx_word' id='word_1_447' title='bbox 784 3763 1009 3819; x_wconf 88' lang='lat' dir='ltr'><strong>ulterius</strong></span> <span class='ocrx_word' id='word_1_448' title='bbox 1038 3765 1471 3834; x_wconf 88' lang='lat' dir='ltr'><strong>disquirendum,</strong></span> <span class='ocrx_word' id='word_1_449' title='bbox 1496 3766 1620 3836; x_wconf 88' lang='lat' dir='ltr'><strong>quis</strong></span> <span class='ocrx_word' id='word_1_450' title='bbox 1639 3766 1727 3822; x_wconf 92' lang='lat' dir='ltr'><strong>ille</strong></span> <span class='ocrx_word' id='word_1_451' title='bbox 1751 3768 1823 3823; x_wconf 89' lang='lat' dir='ltr'><strong>sit</strong></span> <span class='ocrx_word' id='word_1_452' title='bbox 1845 3768 2039 3824; x_wconf 81' lang='lat' dir='ltr'><strong>lucifer</strong></span> 
     </span>
    </p>
   </div>
   <div class='ocr_carea' id='block_1_57' title="bbox 479 3855 2036 3932">
    <p class='ocr_par' dir='ltr' id='par_1_57' title="bbox 479 3855 2036 3932">
     <span class='ocr_line' id='line_1_57' title="bbox 479 3855 2036 3932; baseline 0.006 -26"><span class='ocrx_word' id='word_1_453' title='bbox 479 3873 498 3906; x_wconf 79' lang='grc' dir='ltr'><strong>ι</strong></span> <span class='ocrx_word' id='word_1_454' title='bbox 539 3858 630 3923; x_wconf 90' lang='lat' dir='ltr'><strong>qui</strong></span> <span class='ocrx_word' id='word_1_455' title='bbox 666 3855 1000 3925; x_wconf 88' lang='lat' dir='ltr'><strong>intelligitur.</strong></span> <span class='ocrx_word' id='word_1_456' title='bbox 1030 3855 1162 3910; x_wconf 89' lang='lat' dir='ltr'><strong>Erat</strong></span> <span class='ocrx_word' id='word_1_457' title='bbox 1192 3866 1247 3910; x_wconf 90' lang='lat' dir='ltr'><strong>et</strong></span> <span class='ocrx_word' id='word_1_458' title='bbox 1273 3858 1417 3911; x_wconf 91' lang='lat' dir='ltr'><strong>enim</strong></span> <span class='ocrx_word' id='word_1_459' title='bbox 1450 3858 1604 3913; x_wconf 83' lang='lat' dir='ltr'><strong>stella</strong></span> <span class='ocrx_word' id='word_1_460' title='bbox 1636 3859 1726 3914; x_wconf 91' lang='lat' dir='ltr'><strong>illa</strong></span> <span class='ocrx_word' id='word_1_461' title='bbox 1782 3869 1909 3916; x_wconf 90' lang='lat' dir='ltr'><strong>tunc</strong></span> <span class='ocrx_word' id='word_1_462' title='bbox 1938 3878 2036 3932; x_wconf 86' lang='lat' dir='ltr'><strong>ap-</strong></span> 
     </span>
    </p>
   </div>
   <div class='ocr_carea' id='block_1_58' title="bbox 481 3948 2033 4025">
    <p class='ocr_par' dir='ltr' id='par_1_58' title="bbox 481 3948 2033 4025">
     <span class='ocr_line' id='line_1_58' title="bbox 481 3948 2033 4025; baseline 0.008 -26"><span class='ocrx_word' id='word_1_463' title='bbox 481 3964 499 3999; x_wconf 78' lang='grc' dir='ltr'><strong>ι</strong></span> <span class='ocrx_word' id='word_1_464' title='bbox 546 3962 767 4014; x_wconf 84' lang='lat' dir='ltr'><strong>parens.</strong></span> <span class='ocrx_word' id='word_1_465' title='bbox 797 3963 919 4001; x_wconf 87' lang='lat' dir='ltr'><strong>cum</strong></span> <span class='ocrx_word' id='word_1_466' title='bbox 954 3948 1096 4002; x_wconf 90' lang='lat' dir='ltr'><strong>diem</strong></span> <span class='ocrx_word' id='word_1_467' title='bbox 1135 3961 1188 4002; x_wconf 87' lang='lat' dir='ltr'><strong>et</strong></span> <span class='ocrx_word' id='word_1_468' title='bbox 1216 3949 1436 4005; x_wconf 72' lang='lat' dir='ltr'><strong>afferret</strong></span> <span class='ocrx_word' id='word_1_469' title='bbox 1462 3961 1516 4005; x_wconf 87' lang='lat' dir='ltr'><strong>et</strong></span> <span class='ocrx_word' id='word_1_470' title='bbox 1547 3951 1809 4008; x_wconf 88' lang='lat' dir='ltr'><strong>indicaret</strong></span> <span class='ocrx_word' id='word_1_471' title='bbox 1840 3954 2033 4025; x_wconf 89' lang='lat' dir='ltr'><strong>magis.</strong></span> 
     </span>
    </p>
   </div>
   <div class='ocr_carea' id='block_1_59' title="bbox 480 4035 2034 4113">
    <p class='ocr_par' dir='ltr' id='par_1_59' title="bbox 480 4035 2034 4113">
     <span class='ocr_line' id='line_1_59' title="bbox 480 4035 2034 4113; baseline 0.006 -25"><span class='ocrx_word' id='word_1_472' title='bbox 480 4056 498 4088; x_wconf 76' lang='grc' dir='ltr'><strong>ι</strong></span> <span class='ocrx_word' id='word_1_473' title='bbox 548 4035 620 4091; x_wconf 88' lang='lat' dir='ltr'><strong>Ut</strong></span> <span class='ocrx_word' id='word_1_474' title='bbox 663 4037 733 4092; x_wconf 85' lang='lat' dir='ltr'><strong>sit</strong></span> <span class='ocrx_word' id='word_1_475' title='bbox 790 4037 1132 4092; x_wconf 75' lang='lat' dir='ltr'><strong>titanilestttni</strong></span> <span class='ocrx_word' id='word_1_476' title='bbox 1198 4039 1512 4106; x_wconf 80' lang='lat' dir='ltr'><strong>illud,Ante</strong></span> <span class='ocrx_word' id='word_1_477' title='bbox 1566 4041 1847 4097; x_wconf 84' lang='lat' dir='ltr'><strong>luciferum</strong></span> <span class='ocrx_word' id='word_1_478' title='bbox 1876 4045 2034 4113; x_wconf 84' lang='lat' dir='ltr'><strong>genui</strong></span> 
     </span>
    </p>
   </div>
   <div class='ocr_carea' id='block_1_60' title="bbox 480 4130 2037 4200">
    <p class='ocr_par' dir='ltr' id='par_1_60' title="bbox 480 4130 2037 4200">
     <span class='ocr_line' id='line_1_60' title="bbox 480 4130 2037 4200; baseline 0.006 -21"><span class='ocrx_word' id='word_1_479' title='bbox 480 4146 498 4179; x_wconf 74' lang='grc' dir='ltr'><strong>ι</strong></span> <span class='ocrx_word' id='word_1_480' title='bbox 550 4140 634 4185; x_wconf 87' lang='lat' dir='ltr'><strong>te:</strong></span> <span class='ocrx_word' id='word_1_481' title='bbox 670 4138 981 4198; x_wconf 88' lang='lat' dir='ltr'><strong>usurpatum</strong></span> <span class='ocrx_word' id='word_1_482' title='bbox 1015 4130 1082 4183; x_wconf 88' lang='lat' dir='ltr'><strong>ab</strong></span> <span class='ocrx_word' id='word_1_483' title='bbox 1106 4130 1457 4200; x_wconf 89' lang='lat' dir='ltr'><strong>omnipotenti</strong></span> <span class='ocrx_word' id='word_1_484' title='bbox 1490 4132 1616 4193; x_wconf 86' lang='lat' dir='ltr'><strong>Deo.</strong></span> <span class='ocrx_word' id='word_1_485' title='bbox 1649 4136 1715 4188; x_wconf 91' lang='lat' dir='ltr'><strong>de</strong></span> <span class='ocrx_word' id='word_1_486' title='bbox 1746 4132 1921 4189; x_wconf 85' lang='lat' dir='ltr'><strong>Verbo</strong></span> <span class='ocrx_word' id='word_1_487' title='bbox 1948 4135 2037 4189; x_wconf 90' lang='lat' dir='ltr'><strong>illo</strong></span> 
     </span>
    </p>
   </div>
   <div class='ocr_carea' id='block_1_61' title="bbox 481 4220 2036 4295">
    <p class='ocr_par' dir='ltr' id='par_1_61' title="bbox 481 4220 2036 4295">
     <span class='ocr_line' id='line_1_61' title="bbox 481 4220 2036 4295; baseline 0.006 -24"><span class='ocrx_word' id='word_1_488' title='bbox 481 4239 499 4271; x_wconf 78' lang='grc' dir='ltr'><strong>ι</strong></span> <span class='ocrx_word' id='word_1_489' title='bbox 543 4220 686 4289; x_wconf 90' lang='lat' dir='ltr'><strong>quod</strong></span> <span class='ocrx_word' id='word_1_490' title='bbox 735 4222 1066 4275; x_wconf 89' lang='lat' dir='ltr'><strong>nascebatur</strong></span> <span class='ocrx_word' id='word_1_491' title='bbox 1094 4236 1217 4275; x_wconf 91' lang='lat' dir='ltr'><strong>cum</strong></span> <span class='ocrx_word' id='word_1_492' title='bbox 1250 4236 1415 4277; x_wconf 91' lang='lat' dir='ltr'><strong>carne</strong></span> <span class='ocrx_word' id='word_1_493' title='bbox 1464 4224 1693 4277; x_wconf 87' lang='lat' dir='ltr'><strong>humana</strong></span> <span class='ocrx_word' id='word_1_494' title='bbox 1725 4240 1821 4295; x_wconf 90' lang='lat' dir='ltr'><strong>per</strong></span> <span class='ocrx_word' id='word_1_495' title='bbox 1859 4226 2036 4295; x_wconf 84' lang='lat' dir='ltr'><strong>Virgi-</strong></span> 
     </span>
    </p>
   </div>
   <div class='ocr_carea' id='block_1_62' title="bbox 481 4312 2032 4386">
    <p class='ocr_par' dir='ltr' id='par_1_62' title="bbox 481 4312 2032 4386">
     <span class='ocr_line' id='line_1_62' title="bbox 481 4312 2032 4386; baseline 0.006 -23"><span class='ocrx_word' id='word_1_496' title='bbox 481 4329 500 4363; x_wconf 74' lang='grc' dir='ltr'><strong>ι</strong></span> <span class='ocrx_word' id='word_1_497' title='bbox 547 4326 669 4366; x_wconf 89' lang='lat' dir='ltr'><strong>nem</strong></span> <span class='ocrx_word' id='word_1_498' title='bbox 701 4328 715 4365; x_wconf 88' lang='lat'><strong>:</strong></span> <span class='ocrx_word' id='word_1_499' title='bbox 748 4312 981 4383; x_wconf 82' lang='lat' dir='ltr'><strong>idipsum</strong></span> <span class='ocrx_word' id='word_1_500' title='bbox 1031 4322 1331 4368; x_wconf 85' lang='lat' dir='ltr'><strong>attestante</strong></span> <span class='ocrx_word' id='word_1_501' title='bbox 1393 4316 1763 4385; x_wconf 89' lang='lat' dir='ltr'><strong>evangelista,</strong></span> <span class='ocrx_word' id='word_1_502' title='bbox 1799 4320 2032 4386; x_wconf 91' lang='lat' dir='ltr'><strong>primum</strong></span> 
     </span>
    </p>
   </div>
   <div class='ocr_carea' id='block_1_63' title="bbox 474 4426 1805 4552">
    <p class='ocr_par' dir='ltr' id='par_1_63' title="bbox 474 4426 1805 4552">
     <span class='ocr_line' id='line_1_63' title="bbox 474 4426 1805 4552; baseline 0.001 -69"><span class='ocrx_word' id='word_1_503' title='bbox 474 4510 526 4552; x_wconf 61' lang='lat' dir='ltr'><strong>Cl</strong></span> <span class='ocrx_word' id='word_1_504' title='bbox 548 4427 756 4552; x_wconf 45' lang='grc' dir='ltr'>νΒὸΕιι.</span> <span class='ocrx_word' id='word_1_505' title='bbox 782 4426 977 4494; x_wconf 87' lang='lat' dir='ltr'><strong>Paris.,</strong></span> <span class='ocrx_word' id='word_1_506' title='bbox 1006 4443 1127 4499; x_wconf 87' lang='lat' dir='ltr'><strong>pag.</strong></span> <span class='ocrx_word' id='word_1_507' title='bbox 1159 4428 1249 4483; x_wconf 74' lang='grc'>48.</span> <span class='ocrx_word' id='word_1_508' title='bbox 1337 4429 1378 4460; x_wconf 81' lang='grc'><strong>⁸⁷</strong></span> <span class='ocrx_word' id='word_1_509' title='bbox 1407 4429 1614 4485; x_wconf 84' lang='lat' dir='ltr'><strong>Coloss.</strong></span> <span class='ocrx_word' id='word_1_510' title='bbox 1645 4446 1681 4495; x_wconf 87' lang='grc' dir='ltr'><strong>ι,</strong></span> <span class='ocrx_word' id='word_1_511' title='bbox 1718 4430 1805 4484; x_wconf 77' lang='grc'><strong>15.</strong></span> 
     </span>
     <span class='ocr_line' id='line_1_64' title="bbox 531 4514 669 4552; baseline 0 0"><span class='ocrx_word' id='word_1_512' title='bbox 531 4514 585 4552; x_wconf 80' lang='lat' dir='ltr'><strong>x.</strong></span> <span class='ocrx_word' id='word_1_513' title='bbox 616 4532 629 4547; x_wconf 86' lang='lat'><strong>.</strong></span> <span class='ocrx_word' id='word_1_514' title='bbox 655 4539 669 4552; x_wconf 92' lang='lat'><strong>.</strong></span> 
     </span>
    </p>
   </div>
   <div class='ocr_carea' id='block_1_64' title="bbox 531 4514 669 4563">
    <p class='ocr_par' dir='ltr' id='par_1_64' title="bbox 531 4514 669 4563">
     <span class='ocr_line' id='line_1_65' title="bbox 531 4514 669 4563; baseline 0.014 -12"><span class='ocrx_word' id='word_1_515' title='bbox 531 4514 585 4563; x_wconf 65' lang='grc' dir='ltr'>χ,</span> <span class='ocrx_word' id='word_1_516' title='bbox 616 4514 669 4554; x_wconf 67' lang='grc' dir='ltr'><strong>ί).</strong></span> 
     </span>
    </p>
   </div>
   <div class='ocr_carea' id='block_1_65' title="bbox 1907 4431 2329 4501">
    <p class='ocr_par' dir='ltr' id='par_1_65' title="bbox 1907 4431 2329 4501">
     <span class='ocr_line' id='line_1_66' title="bbox 1907 4431 2329 4501; baseline 0.021 -15"><span class='ocrx_word' id='word_1_517' title='bbox 1907 4433 1951 4463; x_wconf 80' lang='grc'>¹⁸</span> <span class='ocrx_word' id='word_1_518' title='bbox 1970 4431 2125 4488; x_wconf 84' lang='lat' dir='ltr'><strong>Joan.</strong></span> <span class='ocrx_word' id='word_1_519' title='bbox 2158 4452 2211 4501; x_wconf 73' lang='grc' dir='ltr'>ι,</span> <span class='ocrx_word' id='word_1_520' title='bbox 2239 4439 2329 4495; x_wconf 81' lang='grc'><strong>50.</strong></span> 
     </span>
    </p>
   </div>
   <div class='ocr_carea' id='block_1_66' title="bbox 2149 1928 3713 2002">
    <p class='ocr_par' dir='ltr' id='par_1_66' title="bbox 2149 1928 3713 2002">
     <span class='ocr_line' id='line_1_67' title="bbox 2149 1928 3713 2002; baseline -0.001 -21"><span class='ocrx_word' id='word_1_521' title='bbox 2149 1950 2166 1981; x_wconf 79' lang='grc' dir='ltr'><strong>ι</strong></span> <span class='ocrx_word' id='word_1_522' title='bbox 2208 1931 2362 2002; x_wconf 80' lang='grc' dir='ltr'>ήμῶν</span> <span class='ocrx_word' id='word_1_523' title='bbox 2382 1931 2533 1996; x_wconf 83' lang='grc' dir='ltr'>Θεὸς,</span> <span class='ocrx_word' id='word_1_524' title='bbox 2556 1934 2620 2002; x_wconf 79' lang='grc' dir='ltr'>τῇ</span> <span class='ocrx_word' id='word_1_525' title='bbox 2646 1930 2839 1984; x_wconf 87' lang='grc' dir='ltr'>ἐαυτοῦ</span> <span class='ocrx_word' id='word_1_526' title='bbox 2874 1930 3213 1985; x_wconf 85' lang='grc' dir='ltr'>διαπλάττων</span> <span class='ocrx_word' id='word_1_527' title='bbox 3241 1928 3422 1999; x_wconf 76' lang='grc' dir='ltr'>σοφίᾳ,</span> <span class='ocrx_word' id='word_1_528' title='bbox 3450 1929 3713 1995; x_wconf 80' lang='grc' dir='ltr'>Ποιήσω-</span> 
     </span>
    </p>
   </div>
   <div class='ocr_carea' id='block_1_67' title="bbox 2148 2021 3709 2095">
    <p class='ocr_par' dir='ltr' id='par_1_67' title="bbox 2148 2021 3709 2095">
     <span class='ocr_line' id='line_1_68' title="bbox 2148 2021 3709 2095; baseline 0.002 -22"><span class='ocrx_word' id='word_1_529' title='bbox 2148 2041 2166 2073; x_wconf 77' lang='grc' dir='ltr'><strong>ι</strong></span> <span class='ocrx_word' id='word_1_530' title='bbox 2200 2040 2315 2091; x_wconf 77' lang='grc' dir='ltr'>μεν</span> <span class='ocrx_word' id='word_1_531' title='bbox 2351 2023 2683 2092; x_wconf 78' lang='grc' dir='ltr'>ἄνθρωπον,</span> <span class='ocrx_word' id='word_1_532' title='bbox 2721 2024 2848 2095; x_wconf 81' lang='grc' dir='ltr'>ἔφη,</span> <span class='ocrx_word' id='word_1_533' title='bbox 2885 2022 3011 2077; x_wconf 83' lang='grc' dir='ltr'>κατ’</span> <span class='ocrx_word' id='word_1_534' title='bbox 3048 2023 3254 2076; x_wconf 81' lang='grc' dir='ltr'>εἰκόνα</span> <span class='ocrx_word' id='word_1_535' title='bbox 3286 2021 3578 2090; x_wconf 75' lang='grc' dir='ltr'>ἡμετέραν</span> <span class='ocrx_word' id='word_1_536' title='bbox 3612 2022 3709 2076; x_wconf 83' lang='grc' dir='ltr'><strong>καί</strong></span> 
     </span>
    </p>
   </div>
   <div class='ocr_carea' id='block_1_68' title="bbox 2126 2113 3711 2186">
    <p class='ocr_par' dir='ltr' id='par_1_68' title="bbox 2126 2113 3711 2186">
     <span class='ocr_line' id='line_1_69' title="bbox 2126 2113 3711 2186; baseline 0.001 -21"><span class='ocrx_word' id='word_1_537' title='bbox 2126 2133 2167 2165; x_wconf 56' lang='grc' dir='ltr'>»ι</span> <span class='ocrx_word' id='word_1_538' title='bbox 2209 2115 2321 2185; x_wconf 72' lang='grc'><strong>(72)</strong></span> <span class='ocrx_word' id='word_1_539' title='bbox 2348 2116 2652 2183; x_wconf 80' lang='grc' dir='ltr'>ὁμοίωσιν,</span> <span class='ocrx_word' id='word_1_540' title='bbox 2688 2115 2868 2178; x_wconf 90' lang='grc' dir='ltr'>καλῶς</span> <span class='ocrx_word' id='word_1_541' title='bbox 2895 2116 2991 2186; x_wconf 81' lang='grc' dir='ltr'>τὴν</span> <span class='ocrx_word' id='word_1_542' title='bbox 3026 2113 3369 2185; x_wconf 86' lang='grc' dir='ltr'>ἀνθρωπίνην</span> <span class='ocrx_word' id='word_1_543' title='bbox 3397 2114 3574 2185; x_wconf 81' lang='grc' dir='ltr'>σάρκα</span> <span class='ocrx_word' id='word_1_544' title='bbox 3600 2116 3711 2166; x_wconf 83' lang='grc' dir='ltr'>ὀνο-</span> 
     </span>
    </p>
   </div>
   <div class='ocr_carea' id='block_1_69' title="bbox 2147 2206 3708 2280">
    <p class='ocr_par' dir='ltr' id='par_1_69' title="bbox 2147 2206 3708 2280">
     <span class='ocr_line' id='line_1_70' title="bbox 2147 2206 3708 2280; baseline -0.001 -20"><span class='ocrx_word' id='word_1_545' title='bbox 2147 2226 2166 2259; x_wconf 77' lang='grc'><strong>(</strong></span> <span class='ocrx_word' id='word_1_546' title='bbox 2207 2208 2396 2278; x_wconf 77' lang='grc' dir='ltr'>μάζων</span> <span class='ocrx_word' id='word_1_547' title='bbox 2434 2209 2640 2263; x_wconf 83' lang='grc' dir='ltr'>εἰκόνα.</span> <span class='ocrx_word' id='word_1_548' title='bbox 2677 2209 2832 2280; x_wconf 87' lang='grc' dir='ltr'>ᾟδει</span> <span class='ocrx_word' id='word_1_549' title='bbox 2893 2209 3001 2279; x_wconf 89' lang='grc' dir='ltr'><strong>γάρ</strong></span> <span class='ocrx_word' id='word_1_550' title='bbox 3064 2208 3341 2280; x_wconf 79' lang='grc' dir='ltr'>ἀκριϐῶς,</span> <span class='ocrx_word' id='word_1_551' title='bbox 3409 2208 3493 2278; x_wconf 82' lang='grc' dir='ltr'>ὅτι</span> <span class='ocrx_word' id='word_1_552' title='bbox 3551 2206 3708 2260; x_wconf 89' lang='grc' dir='ltr'>εἰκὼν</span> 
     </span>
    </p>
   </div>
   <div class='ocr_carea' id='block_1_70' title="bbox 2147 2297 3712 2370">
    <p class='ocr_par' dir='ltr' id='par_1_70' title="bbox 2147 2297 3712 2370">
     <span class='ocr_line' id='line_1_71' title="bbox 2147 2297 3712 2370; baseline 0.002 -23"><span class='ocrx_word' id='word_1_553' title='bbox 2147 2314 2166 2347; x_wconf 73' lang='grc' dir='ltr'><strong>ι</strong></span> <span class='ocrx_word' id='word_1_554' title='bbox 2204 2297 2354 2351; x_wconf 72' lang='grc' dir='ltr'>ἔσται</span> <span class='ocrx_word' id='word_1_555' title='bbox 2378 2298 2574 2367; x_wconf 78' lang='grc' dir='ltr'>μικρὸν</span> <span class='ocrx_word' id='word_1_556' title='bbox 2603 2298 2716 2368; x_wconf 79' lang='lat'><strong>(73)</strong></span> <span class='ocrx_word' id='word_1_557' title='bbox 2737 2298 2961 2370; x_wconf 79' lang='grc' dir='ltr'>ὕστερον</span> <span class='ocrx_word' id='word_1_558' title='bbox 2977 2298 3069 2351; x_wconf 89' lang='grc' dir='ltr'><strong>τοῦ</strong></span> <span class='ocrx_word' id='word_1_559' title='bbox 3092 2297 3285 2351; x_wconf 80' lang='grc' dir='ltr'>ἑαυτοῦ</span> <span class='ocrx_word' id='word_1_560' title='bbox 3301 2297 3493 2366; x_wconf 89' lang='grc' dir='ltr'>Λόγου.</span> <span class='ocrx_word' id='word_1_561' title='bbox 3522 2315 3540 2349; x_wconf 72' lang='grc' dir='ltr'><strong>ι</strong></span> <span class='ocrx_word' id='word_1_562' title='bbox 3562 2298 3712 2350; x_wconf 80' lang='grc' dir='ltr'>Μετά</span> 
     </span>
    </p>
   </div>
   <div class='ocr_carea' id='block_1_71' title="bbox 2140 2389 3707 2460">
    <p class='ocr_par' dir='ltr' id='par_1_71' title="bbox 2140 2389 3707 2460">
     <span class='ocr_line' id='line_1_72' title="bbox 2140 2389 3707 2460; baseline 0.001 -19"><span class='ocrx_word' id='word_1_563' title='bbox 2140 2389 2317 2443; x_wconf 87' lang='grc' dir='ltr'>ταῦτα</span> <span class='ocrx_word' id='word_1_564' title='bbox 2355 2391 2611 2460; x_wconf 81' lang='grc' dir='ltr'>πειρᾶται</span> <span class='ocrx_word' id='word_1_565' title='bbox 2640 2390 3090 2457; x_wconf 79' lang='grc' dir='ltr'>κατασκευάζειν,</span> <span class='ocrx_word' id='word_1_566' title='bbox 3116 2390 3197 2444; x_wconf 84' lang='grc' dir='ltr'>ὅτι</span> <span class='ocrx_word' id='word_1_567' title='bbox 3236 2389 3330 2444; x_wconf 75' lang='grc' dir='ltr'><strong>καὶ</strong></span> <span class='ocrx_word' id='word_1_568' title='bbox 3356 2390 3438 2454; x_wconf 83' lang='grc' dir='ltr'><strong>τὸ,</strong></span> <span class='ocrx_word' id='word_1_569' title='bbox 3476 2390 3577 2443; x_wconf 84' lang='grc' dir='ltr'>Ἕκ</span> <span class='ocrx_word' id='word_1_570' title='bbox 3608 2406 3707 2458; x_wconf 65' lang='grc' dir='ltr'><strong>ται</strong></span> 
     </span>
    </p>
   </div>
   <div class='ocr_carea' id='block_1_72' title="bbox 2141 2482 3715 2554">
    <p class='ocr_par' dir='ltr' id='par_1_72' title="bbox 2141 2482 3715 2554">
     <span class='ocr_line' id='line_1_73' title="bbox 2141 2482 3715 2554; baseline -0.001 -17"><span class='ocrx_word' id='word_1_571' title='bbox 2141 2482 2325 2550; x_wconf 76' lang='grc' dir='ltr'>στρος</span> <span class='ocrx_word' id='word_1_572' title='bbox 2367 2483 2481 2550; x_wconf 87' lang='grc' dir='ltr'>πρὸ</span> <span class='ocrx_word' id='word_1_573' title='bbox 2511 2483 2819 2552; x_wconf 64' lang='grc' dir='ltr'>ἑωσφόρον</span> <span class='ocrx_word' id='word_1_574' title='bbox 2843 2482 3142 2553; x_wconf 73' lang='grc' dir='ltr'>ἐγέννησά</span> <span class='ocrx_word' id='word_1_575' title='bbox 3175 2500 3268 2547; x_wconf 86' lang='grc' dir='ltr'><strong>σε,</strong></span> <span class='ocrx_word' id='word_1_576' title='bbox 3307 2484 3434 2554; x_wconf 76' lang='grc' dir='ltr'>περὶ</span> <span class='ocrx_word' id='word_1_577' title='bbox 3458 2482 3557 2551; x_wconf 82' lang='grc' dir='ltr'>τῆς</span> <span class='ocrx_word' id='word_1_578' title='bbox 3585 2499 3715 2553; x_wconf 88' lang='grc' dir='ltr'>σαρ-</span> 
     </span>
    </p>
   </div>
   <div class='ocr_carea' id='block_1_73' title="bbox 2143 2573 3715 2647">
    <p class='ocr_par' dir='ltr' id='par_1_73' title="bbox 2143 2573 3715 2647">
     <span class='ocr_line' id='line_1_74' title="bbox 2143 2573 3715 2647; baseline -0.001 -19"><span class='ocrx_word' id='word_1_579' title='bbox 2143 2573 2237 2637; x_wconf 84' lang='grc' dir='ltr'><strong>κδς</strong></span> <span class='ocrx_word' id='word_1_580' title='bbox 2267 2574 2501 2644; x_wconf 76' lang='grc' dir='ltr'>ἐλέγετο.</span> <span class='ocrx_word' id='word_1_581' title='bbox 2532 2576 2807 2647; x_wconf 86' lang='grc' dir='ltr'>Γράφειδέ</span> <span class='ocrx_word' id='word_1_582' title='bbox 2829 2577 3003 2639; x_wconf 76' lang='grc' dir='ltr'>οὕτως</span> <span class='ocrx_word' id='word_1_583' title='bbox 3032 2577 3169 2647; x_wconf 70' lang='grc'><strong>(74)’</strong></span> <span class='ocrx_word' id='word_1_584' title='bbox 3205 2576 3340 2647; x_wconf 73' lang='grc' dir='ltr'><strong>εξΔιά</strong></span> <span class='ocrx_word' id='word_1_585' title='bbox 3359 2575 3516 2628; x_wconf 90' lang='grc' dir='ltr'>τοῦτο</span> <span class='ocrx_word' id='word_1_586' title='bbox 3536 2576 3715 2627; x_wconf 87' lang='grc' dir='ltr'>τοίνυν</span> 
     </span>
    </p>
   </div>
   <div class='ocr_carea' id='block_1_74' title="bbox 2149 2666 3714 2740">
    <p class='ocr_par' dir='ltr' id='par_1_74' title="bbox 2149 2666 3714 2740">
     <span class='ocr_line' id='line_1_75' title="bbox 2149 2666 3714 2740; baseline 0.001 -22"><span class='ocrx_word' id='word_1_587' title='bbox 2149 2685 2167 2718; x_wconf 78' lang='grc' dir='ltr'><strong>ι</strong></span> <span class='ocrx_word' id='word_1_588' title='bbox 2208 2666 2302 2721; x_wconf 81' lang='grc' dir='ltr'><strong>τοῦ</strong></span> <span class='ocrx_word' id='word_1_589' title='bbox 2358 2668 2455 2738; x_wconf 80' lang='grc' dir='ltr'>τὴν</span> <span class='ocrx_word' id='word_1_590' title='bbox 2501 2669 2713 2739; x_wconf 76' lang='grc' dir='ltr'>ἡμέραν</span> <span class='ocrx_word' id='word_1_591' title='bbox 2761 2668 2789 2720; x_wconf 88' lang='grc' dir='ltr'><strong>δ</strong></span> <span class='ocrx_word' id='word_1_592' title='bbox 2823 2668 3078 2740; x_wconf 88' lang='grc' dir='ltr'>ηλοῦντος</span> <span class='ocrx_word' id='word_1_593' title='bbox 3103 2668 3193 2721; x_wconf 66' lang='lat' dir='ltr'><strong>toi</strong></span> <span class='ocrx_word' id='word_1_594' title='bbox 3230 2669 3455 2739; x_wconf 85' lang='grc' dir='ltr'>ἀστέρος</span> <span class='ocrx_word' id='word_1_595' title='bbox 3508 2668 3714 2736; x_wconf 77' lang='grc' dir='ltr'>ἐωσφό-</span> 
     </span>
    </p>
   </div>
   <div class='ocr_carea' id='block_1_75' title="bbox 2146 2759 3712 2832">
    <p class='ocr_par' dir='ltr' id='par_1_75' title="bbox 2146 2759 3712 2832">
     <span class='ocr_line' id='line_1_76' title="bbox 2146 2759 3712 2832; baseline 0.002 -23"><span class='ocrx_word' id='word_1_596' title='bbox 2146 2778 2165 2809; x_wconf 75' lang='grc' dir='ltr'><strong>ι</strong></span> <span class='ocrx_word' id='word_1_597' title='bbox 2205 2776 2297 2832; x_wconf 85' lang='grc' dir='ltr'><strong>ρου</strong></span> <span class='ocrx_word' id='word_1_598' title='bbox 2322 2760 2427 2813; x_wconf 83' lang='grc' dir='ltr'><strong>ὑπὸ</strong></span> <span class='ocrx_word' id='word_1_599' title='bbox 2448 2759 2541 2813; x_wconf 92' lang='grc' dir='ltr'><strong>τοῦ</strong></span> <span class='ocrx_word' id='word_1_600' title='bbox 2569 2763 2844 2831; x_wconf 79' lang='grc' dir='ltr'>προφήτου</span> <span class='ocrx_word' id='word_1_601' title='bbox 2867 2760 3031 2814; x_wconf 70' lang='grc' dir='ltr'><strong>Δαὸὶδ</strong></span> <span class='ocrx_word' id='word_1_602' title='bbox 3052 2762 3276 2825; x_wconf 85' lang='grc' dir='ltr'>εἰκότως</span> <span class='ocrx_word' id='word_1_603' title='bbox 3303 2760 3712 2832; x_wconf 76' lang='grc' dir='ltr'>ὀνομασθέντος,</span> 
     </span>
    </p>
   </div>
   <div class='ocr_carea' id='block_1_76' title="bbox 2146 2847 3713 2924">
    <p class='ocr_par' dir='ltr' id='par_1_76' title="bbox 2146 2847 3713 2924">
     <span class='ocr_line' id='line_1_77' title="bbox 2146 2847 3713 2924; baseline 0.003 -23"><span class='ocrx_word' id='word_1_604' title='bbox 2146 2869 2164 2901; x_wconf 80' lang='lat' dir='ltr'><strong>s</strong></span> <span class='ocrx_word' id='word_1_605' title='bbox 2202 2851 2301 2904; x_wconf 85' lang='grc' dir='ltr'><strong>οὐκ</strong></span> <span class='ocrx_word' id='word_1_606' title='bbox 2325 2850 2403 2904; x_wconf 83' lang='grc' dir='ltr'><strong>ἐτι</strong></span> <span class='ocrx_word' id='word_1_607' title='bbox 2430 2847 2707 2921; x_wconf 74' lang='grc' dir='ltr'>ζητεῖσθαι</span> <span class='ocrx_word' id='word_1_608' title='bbox 2727 2852 2932 2905; x_wconf 88' lang='grc' dir='ltr'>δίκαιον</span> <span class='ocrx_word' id='word_1_609' title='bbox 2952 2853 3044 2906; x_wconf 82' lang='grc' dir='ltr'><strong>τὸν</strong></span> <span class='ocrx_word' id='word_1_610' title='bbox 3070 2853 3361 2924; x_wconf 79' lang='grc' dir='ltr'>ἑωσφόρον,</span> <span class='ocrx_word' id='word_1_611' title='bbox 3390 2854 3472 2915; x_wconf 88' lang='grc' dir='ltr'><strong>τίς</strong></span> <span class='ocrx_word' id='word_1_612' title='bbox 3495 2853 3557 2924; x_wconf 88' lang='grc' dir='ltr'>δή</span> <span class='ocrx_word' id='word_1_613' title='bbox 3586 2869 3713 2905; x_wconf 85' lang='grc' dir='ltr'>ποτε</span> 
     </span>
    </p>
   </div>
   <div class='ocr_carea' id='block_1_77' title="bbox 2146 2938 3715 3018">
    <p class='ocr_par' dir='ltr' id='par_1_77' title="bbox 2146 2938 3715 3018">
     <span class='ocr_line' id='line_1_78' title="bbox 2146 2938 3715 3018; baseline 0.003 -24"><span class='ocrx_word' id='word_1_614' title='bbox 2146 2962 2164 2994; x_wconf 77' lang='grc' dir='ltr'><strong>ι</strong></span> <span class='ocrx_word' id='word_1_615' title='bbox 2200 2942 2273 2997; x_wconf 82' lang='grc' dir='ltr'>ὢν</span> <span class='ocrx_word' id='word_1_616' title='bbox 2298 2938 2450 3007; x_wconf 78' lang='grc' dir='ltr'>οὗτος</span> <span class='ocrx_word' id='word_1_617' title='bbox 2474 2945 2759 3015; x_wconf 87' lang='grc' dir='ltr'>τυγχάνει·</span> <span class='ocrx_word' id='word_1_618' title='bbox 2797 2940 2951 3009; x_wconf 73' lang='grc' dir='ltr'>οὗτος</span> <span class='ocrx_word' id='word_1_619' title='bbox 2977 2947 3084 3018; x_wconf 83' lang='grc' dir='ltr'>γὰρ</span> <span class='ocrx_word' id='word_1_620' title='bbox 3121 2942 3189 3017; x_wconf 80' lang='grc' dir='ltr'>ἦν</span> <span class='ocrx_word' id='word_1_621' title='bbox 3222 2950 3250 2999; x_wconf 87' lang='grc' dir='ltr'>ὁ</span> <span class='ocrx_word' id='word_1_622' title='bbox 3274 2946 3573 3016; x_wconf 88' lang='grc' dir='ltr'>τηνικαῦτα</span> <span class='ocrx_word' id='word_1_623' title='bbox 3614 2962 3715 3014; x_wconf 84' lang='grc' dir='ltr'>φα·-</span> 
     </span>
    </p>
   </div>
   <div class='ocr_carea' id='block_1_78' title="bbox 2145 3035 3715 3111">
    <p class='ocr_par' dir='ltr' id='par_1_78' title="bbox 2145 3035 3715 3111">
     <span class='ocr_line' id='line_1_79' title="bbox 2145 3035 3715 3111; baseline 0.003 -24"><span class='ocrx_word' id='word_1_624' title='bbox 2145 3053 2164 3086; x_wconf 78' lang='lat' dir='ltr'><strong>t</strong></span> <span class='ocrx_word' id='word_1_625' title='bbox 2201 3035 2311 3099; x_wconf 79' lang='grc' dir='ltr'><strong>νείς</strong></span> <span class='ocrx_word' id='word_1_626' title='bbox 2344 3036 2518 3106; x_wconf 80' lang='grc' dir='ltr'>ἀστὴρ</span> <span class='ocrx_word' id='word_1_627' title='bbox 2542 3036 2677 3106; x_wconf 83' lang='grc'><strong>(75),</strong></span> <span class='ocrx_word' id='word_1_628' title='bbox 2713 3039 2741 3089; x_wconf 83' lang='grc' dir='ltr'>ὁ</span> <span class='ocrx_word' id='word_1_629' title='bbox 2769 3036 2947 3108; x_wconf 82' lang='grc' dir='ltr'>φέρων</span> <span class='ocrx_word' id='word_1_630' title='bbox 2971 3054 3032 3089; x_wconf 92' lang='grc' dir='ltr'><strong>τε</strong></span> <span class='ocrx_word' id='word_1_631' title='bbox 3063 3038 3157 3090; x_wconf 73' lang='grc' dir='ltr'><strong>καὶ</strong></span> <span class='ocrx_word' id='word_1_632' title='bbox 3184 3037 3355 3109; x_wconf 87' lang='grc' dir='ltr'>δηλῶν</span> <span class='ocrx_word' id='word_1_633' title='bbox 3385 3039 3483 3109; x_wconf 81' lang='grc' dir='ltr'>τὴν</span> <span class='ocrx_word' id='word_1_634' title='bbox 3504 3040 3715 3111; x_wconf 77' lang='grc' dir='ltr'>ἡμέραν</span> 
     </span>
    </p>
   </div>
   <div class='ocr_carea' id='block_1_79' title="bbox 2147 3127 3714 3201">
    <p class='ocr_par' dir='ltr' id='par_1_79' title="bbox 2147 3127 3714 3201">
     <span class='ocr_line' id='line_1_80' title="bbox 2147 3127 3714 3201; baseline 0.003 -22"><span class='ocrx_word' id='word_1_635' title='bbox 2147 3146 2164 3178; x_wconf 80' lang='grc' dir='ltr'><strong>ι</strong></span> <span class='ocrx_word' id='word_1_636' title='bbox 2206 3131 2317 3191; x_wconf 85' lang='grc' dir='ltr'>τοῖς</span> <span class='ocrx_word' id='word_1_637' title='bbox 2348 3129 2543 3199; x_wconf 87' lang='grc' dir='ltr'>μάγοις</span> <span class='ocrx_word' id='word_1_638' title='bbox 2578 3129 2709 3200; x_wconf 85' lang='grc'><strong>(76).</strong></span> <span class='ocrx_word' id='word_1_639' title='bbox 2740 3129 3008 3201; x_wconf 86' lang='grc' dir='ltr'>Πρόδηλον</span> <span class='ocrx_word' id='word_1_640' title='bbox 3035 3127 3127 3184; x_wconf 79' lang='grc' dir='ltr'><strong>οὖν</strong></span> <span class='ocrx_word' id='word_1_641' title='bbox 3151 3131 3231 3195; x_wconf 81' lang='grc' dir='ltr'><strong>τὸ,</strong></span> <span class='ocrx_word' id='word_1_642' title='bbox 3257 3132 3374 3199; x_wconf 86' lang='grc' dir='ltr'><strong>Πρὸ</strong></span> <span class='ocrx_word' id='word_1_643' title='bbox 3406 3132 3714 3200; x_wconf 65' lang='grc' dir='ltr'>ἑωσφόρου</span> 
     </span>
    </p>
   </div>
   <div class='ocr_carea' id='block_1_80' title="bbox 2148 3216 3718 3294">
    <p class='ocr_par' dir='ltr' id='par_1_80' title="bbox 2148 3216 3718 3294">
     <span class='ocr_line' id='line_1_81' title="bbox 2148 3216 3718 3294; baseline 0.005 -27"><span class='ocrx_word' id='word_1_644' title='bbox 2148 3234 2166 3267; x_wconf 80' lang='grc' dir='ltr'><strong>ι</strong></span> <span class='ocrx_word' id='word_1_645' title='bbox 2201 3216 2499 3286; x_wconf 80' lang='grc' dir='ltr'>ἐγέννησά</span> <span class='ocrx_word' id='word_1_646' title='bbox 2518 3235 2611 3283; x_wconf 86' lang='grc' dir='ltr'><strong>σε,</strong></span> <span class='ocrx_word' id='word_1_647' title='bbox 2640 3219 2745 3272; x_wconf 79' lang='grc' dir='ltr'><strong>ὑπὸ</strong></span> <span class='ocrx_word' id='word_1_648' title='bbox 2772 3220 2863 3273; x_wconf 86' lang='grc' dir='ltr'><strong>τοῦ</strong></span> <span class='ocrx_word' id='word_1_649' title='bbox 2893 3222 3329 3294; x_wconf 87' lang='grc' dir='ltr'>παντοκράτορος</span> <span class='ocrx_word' id='word_1_650' title='bbox 3358 3222 3606 3294; x_wconf 84' lang='grc' dir='ltr'>εἰρῆσθαι</span> <span class='ocrx_word' id='word_1_651' title='bbox 3621 3225 3718 3275; x_wconf 85' lang='grc' dir='ltr'><strong>Δε-</strong></span> 
     </span>
    </p>
   </div>
   <div class='ocr_carea' id='block_1_81' title="bbox 2146 3307 3715 3385">
    <p class='ocr_par' dir='ltr' id='par_1_81' title="bbox 2146 3307 3715 3385">
     <span class='ocr_line' id='line_1_82' title="bbox 2146 3307 3715 3385; baseline 0.006 -27"><span class='ocrx_word' id='word_1_652' title='bbox 2146 3323 2165 3357; x_wconf 81' lang='lat' dir='ltr'><strong>t</strong></span> <span class='ocrx_word' id='word_1_653' title='bbox 2202 3307 2420 3372; x_wconf 87' lang='grc' dir='ltr'>σπότου,</span> <span class='ocrx_word' id='word_1_654' title='bbox 2445 3312 2573 3381; x_wconf 76' lang='grc' dir='ltr'>περὶ</span> <span class='ocrx_word' id='word_1_655' title='bbox 2596 3311 2689 3363; x_wconf 85' lang='grc' dir='ltr'><strong>τοῦ</strong></span> <span class='ocrx_word' id='word_1_656' title='bbox 2710 3309 2799 3364; x_wconf 84' lang='grc' dir='ltr'>διὰ</span> <span class='ocrx_word' id='word_1_657' title='bbox 2820 3312 2917 3383; x_wconf 80' lang='grc' dir='ltr'><strong>τῆς</strong></span> <span class='ocrx_word' id='word_1_658' title='bbox 2947 3313 3220 3385; x_wconf 78' lang='grc' dir='ltr'>Παρθένου</span> <span class='ocrx_word' id='word_1_659' title='bbox 3242 3315 3590 3385; x_wconf 83' lang='grc' dir='ltr'>γεννηθέντος</span> <span class='ocrx_word' id='word_1_660' title='bbox 3618 3316 3715 3368; x_wconf 83' lang='grc' dir='ltr'><strong>σὺν</strong></span> 
     </span>
    </p>
   </div>
   <div class='ocr_carea' id='block_1_82' title="bbox 2148 3400 3714 3475">
    <p class='ocr_par' dir='ltr' id='par_1_82' title="bbox 2148 3400 3714 3475">
     <span class='ocr_line' id='line_1_83' title="bbox 2148 3400 3714 3475; baseline 0.005 -24"><span class='ocrx_word' id='word_1_661' title='bbox 2148 3402 2266 3471; x_wconf 55' lang='grc' dir='ltr'>(τῇ</span> <span class='ocrx_word' id='word_1_662' title='bbox 2297 3400 2611 3475; x_wconf 83' lang='grc' dir='ltr'>ἀνθρωπίνῃ</span> <span class='ocrx_word' id='word_1_663' title='bbox 2654 3406 2816 3475; x_wconf 85' lang='grc' dir='ltr'>σαρκί</span> <span class='ocrx_word' id='word_1_664' title='bbox 2852 3405 3046 3474; x_wconf 84' lang='grc' dir='ltr'>Λόγου,</span> <span class='ocrx_word' id='word_1_665' title='bbox 3076 3405 3261 3475; x_wconf 84' lang='grc' dir='ltr'>σαφῶς</span> <span class='ocrx_word' id='word_1_666' title='bbox 3287 3406 3381 3459; x_wconf 75' lang='grc' dir='ltr'>καὶ</span> <span class='ocrx_word' id='word_1_667' title='bbox 3426 3406 3583 3459; x_wconf 86' lang='grc' dir='ltr'>τοῦτο</span> <span class='ocrx_word' id='word_1_668' title='bbox 3619 3406 3714 3459; x_wconf 85' lang='grc' dir='ltr'><strong>τοῦ</strong></span> 
     </span>
    </p>
   </div>
   <div class='ocr_carea' id='block_1_83' title="bbox 2145 3491 3733 3567">
    <p class='ocr_par' dir='ltr' id='par_1_83' title="bbox 2145 3491 3733 3567">
     <span class='ocr_line' id='line_1_84' title="bbox 2145 3491 3733 3567; baseline 0.004 -25"><span class='ocrx_word' id='word_1_669' title='bbox 2145 3510 2164 3542; x_wconf 74' lang='grc' dir='ltr'><strong>ι</strong></span> <span class='ocrx_word' id='word_1_670' title='bbox 2206 3491 2537 3560; x_wconf 83' lang='grc' dir='ltr'>Εὑαγγελίου</span> <span class='ocrx_word' id='word_1_671' title='bbox 2573 3496 2951 3564; x_wconf 83' lang='grc' dir='ltr'>σημαίνοντος,</span> <span class='ocrx_word' id='word_1_672' title='bbox 2977 3497 3240 3567; x_wconf 86' lang='grc' dir='ltr'>πρότερον</span> <span class='ocrx_word' id='word_1_673' title='bbox 3273 3497 3370 3566; x_wconf 82' lang='grc' dir='ltr'>μὲν</span> <span class='ocrx_word' id='word_1_674' title='bbox 3400 3497 3490 3549; x_wconf 82' lang='grc' dir='ltr'>τὸν</span> <span class='ocrx_word' id='word_1_675' title='bbox 3508 3498 3733 3549; x_wconf 58' lang='grc' dir='ltr'>Δεσπός,</span> 
     </span>
    </p>
   </div>
   <div class='ocr_carea' id='block_1_84' title="bbox 2148 3582 3712 3657">
    <p class='ocr_par' dir='ltr' id='par_1_84' title="bbox 2148 3582 3712 3657">
     <span class='ocr_line' id='line_1_85' title="bbox 2148 3582 3712 3657; baseline 0.003 -24"><span class='ocrx_word' id='word_1_676' title='bbox 2148 3600 2166 3633; x_wconf 82' lang='grc' dir='ltr'><strong>ι</strong></span> <span class='ocrx_word' id='word_1_677' title='bbox 2204 3598 2304 3651; x_wconf 88' lang='grc' dir='ltr'><strong>την</strong></span> <span class='ocrx_word' id='word_1_678' title='bbox 2336 3582 2491 3652; x_wconf 80' lang='grc' dir='ltr'>ἡμῶν</span> <span class='ocrx_word' id='word_1_679' title='bbox 2521 3583 2611 3637; x_wconf 82' lang='grc' dir='ltr'>διὰ</span> <span class='ocrx_word' id='word_1_680' title='bbox 2639 3585 2738 3653; x_wconf 83' lang='grc' dir='ltr'>τῆς</span> <span class='ocrx_word' id='word_1_681' title='bbox 2771 3585 3049 3655; x_wconf 88' lang='grc' dir='ltr'>Παρθένου</span> <span class='ocrx_word' id='word_1_682' title='bbox 3082 3585 3353 3656; x_wconf 71' lang='grc' dir='ltr'>τετέχθαι,</span> <span class='ocrx_word' id='word_1_683' title='bbox 3401 3585 3623 3657; x_wconf 79' lang='grc' dir='ltr'>ὕστερον</span> <span class='ocrx_word' id='word_1_684' title='bbox 3654 3586 3712 3639; x_wconf 81' lang='grc' dir='ltr'>δὲ</span> 
     </span>
    </p>
   </div>
   <div class='ocr_carea' id='block_1_85' title="bbox 2147 3672 3709 3750">
    <p class='ocr_par' dir='ltr' id='par_1_85' title="bbox 2147 3672 3709 3750">
     <span class='ocr_line' id='line_1_86' title="bbox 2147 3672 3709 3750; baseline 0.004 -27"><span class='ocrx_word' id='word_1_685' title='bbox 2147 3691 2166 3723; x_wconf 82' lang='lat' dir='ltr'><strong>s</strong></span> <span class='ocrx_word' id='word_1_686' title='bbox 2200 3672 2293 3725; x_wconf 83' lang='grc' dir='ltr'>τὸν</span> <span class='ocrx_word' id='word_1_687' title='bbox 2329 3673 2534 3745; x_wconf 85' lang='grc' dir='ltr'>ἀστέρα</span> <span class='ocrx_word' id='word_1_688' title='bbox 2566 3676 2819 3747; x_wconf 83' lang='grc' dir='ltr'>φανῆναι,</span> <span class='ocrx_word' id='word_1_689' title='bbox 2853 3677 2943 3731; x_wconf 80' lang='grc' dir='ltr'><strong>τὸν</strong></span> <span class='ocrx_word' id='word_1_690' title='bbox 2976 3678 3074 3748; x_wconf 83' lang='grc' dir='ltr'>τὴν</span> <span class='ocrx_word' id='word_1_691' title='bbox 3109 3680 3319 3750; x_wconf 83' lang='grc' dir='ltr'>ἡμέραν</span> <span class='ocrx_word' id='word_1_692' title='bbox 3346 3677 3647 3732; x_wconf 87' lang='grc' dir='ltr'>δεικνύντα.</span> <span class='ocrx_word' id='word_1_693' title='bbox 3690 3699 3709 3730; x_wconf 82' lang='grc'>›</span> 
     </span>
    </p>
   </div>
   <div class='ocr_carea' id='block_1_86' title="bbox 2154 3765 3716 3843">
    <p class='ocr_par' dir='ltr' id='par_1_86' title="bbox 2154 3765 3716 3843">
     <span class='ocr_line' id='line_1_87' title="bbox 2154 3765 3716 3843; baseline 0.001 -22"><span class='ocrx_word' id='word_1_694' title='bbox 2154 3765 2275 3821; x_wconf 85' lang='grc' dir='ltr'>Ἑπί</span> <span class='ocrx_word' id='word_1_695' title='bbox 2305 3765 2513 3831; x_wconf 86' lang='grc' dir='ltr'>τούτοις</span> <span class='ocrx_word' id='word_1_696' title='bbox 2540 3770 2741 3840; x_wconf 86' lang='grc' dir='ltr'>προῖὼν</span> <span class='ocrx_word' id='word_1_697' title='bbox 2770 3768 2927 3836; x_wconf 80' lang='grc' dir='ltr'>αὖθις</span> <span class='ocrx_word' id='word_1_698' title='bbox 2954 3771 3211 3839; x_wconf 74' lang='grc' dir='ltr'>ἐπιλέγειο</span> <span class='ocrx_word' id='word_1_699' title='bbox 3250 3793 3268 3824; x_wconf 75' lang='grc' dir='ltr'><strong>ι</strong></span> <span class='ocrx_word' id='word_1_700' title='bbox 3288 3772 3523 3843; x_wconf 78' lang='grc' dir='ltr'>Εἴληφεν</span> <span class='ocrx_word' id='word_1_701' title='bbox 3552 3774 3660 3843; x_wconf 86' lang='grc' dir='ltr'>γὰρ</span> <span class='ocrx_word' id='word_1_702' title='bbox 3686 3773 3716 3823; x_wconf 85' lang='grc' dir='ltr'>ὁ</span> 
     </span>
    </p>
   </div>
   <div class='ocr_carea' id='block_1_87' title="bbox 2146 3859 3716 3936">
    <p class='ocr_par' dir='ltr' id='par_1_87' title="bbox 2146 3859 3716 3936">
     <span class='ocr_line' id='line_1_88' title="bbox 2146 3859 3716 3936; baseline 0.005 -25"><span class='ocrx_word' id='word_1_703' title='bbox 2146 3878 2165 3911; x_wconf 74' lang='grc' dir='ltr'><strong>ι</strong></span> <span class='ocrx_word' id='word_1_704' title='bbox 2203 3859 2485 3931; x_wconf 80' lang='grc' dir='ltr'>ἄνθρωπος</span> <span class='ocrx_word' id='word_1_705' title='bbox 2515 3863 2574 3915; x_wconf 83' lang='grc' dir='ltr'><strong>οὐ</strong></span> <span class='ocrx_word' id='word_1_706' title='bbox 2627 3864 2785 3932; x_wconf 90' lang='grc' dir='ltr'>μόνον</span> <span class='ocrx_word' id='word_1_707' title='bbox 2822 3866 2920 3935; x_wconf 77' lang='grc' dir='ltr'><strong>τὴν</strong></span> <span class='ocrx_word' id='word_1_708' title='bbox 2967 3865 3059 3917; x_wconf 75' lang='grc' dir='ltr'>ἐπὶ</span> <span class='ocrx_word' id='word_1_709' title='bbox 3093 3865 3195 3934; x_wconf 79' lang='grc' dir='ltr'>γῆς</span> <span class='ocrx_word' id='word_1_710' title='bbox 3227 3863 3334 3918; x_wconf 88' lang='grc' dir='ltr'><strong>τῶν</strong></span> <span class='ocrx_word' id='word_1_711' title='bbox 3375 3867 3716 3936; x_wconf 87' lang='grc' dir='ltr'>πραγμάτων</span> 
     </span>
    </p>
   </div>
   <div class='ocr_carea' id='block_1_88' title="bbox 2147 3951 3716 4027">
    <p class='ocr_par' dir='ltr' id='par_1_88' title="bbox 2147 3951 3716 4027">
     <span class='ocr_line' id='line_1_89' title="bbox 2147 3951 3716 4027; baseline 0.004 -25"><span class='ocrx_word' id='word_1_712' title='bbox 2147 3970 2165 4003; x_wconf 75' lang='grc' dir='ltr'><strong>ι</strong></span> <span class='ocrx_word' id='word_1_713' title='bbox 2207 3951 2473 4019; x_wconf 78' lang='grc' dir='ltr'>ἐξουσίαν,</span> <span class='ocrx_word' id='word_1_714' title='bbox 2507 3954 2644 4007; x_wconf 89' lang='grc' dir='ltr'><strong>ἀλλά</strong></span> <span class='ocrx_word' id='word_1_715' title='bbox 2680 3956 2772 4008; x_wconf 79' lang='grc' dir='ltr'><strong>καὶ</strong></span> <span class='ocrx_word' id='word_1_716' title='bbox 2805 3956 2911 4009; x_wconf 86' lang='grc' dir='ltr'><strong>τῶν</strong></span> <span class='ocrx_word' id='word_1_717' title='bbox 2944 3958 3001 4009; x_wconf 86' lang='grc' dir='ltr'><strong>ἐν</strong></span> <span class='ocrx_word' id='word_1_718' title='bbox 3034 3957 3301 4027; x_wconf 75' lang='grc' dir='ltr'>οὐρανοῖς.</span> <span class='ocrx_word' id='word_1_719' title='bbox 3337 3958 3614 4020; x_wconf 85' lang='grc' dir='ltr'>Εἰκότως·</span> <span class='ocrx_word' id='word_1_720' title='bbox 3665 3958 3716 4009; x_wconf 89' lang='grc' dir='ltr'><strong>εἰ</strong></span> 
     </span>
    </p>
   </div>
   <div class='ocr_carea' id='block_1_89' title="bbox 2147 4045 3715 4121">
    <p class='ocr_par' dir='ltr' id='par_1_89' title="bbox 2147 4045 3715 4121">
     <span class='ocr_line' id='line_1_90' title="bbox 2147 4045 3715 4121; baseline 0.003 -25"><span class='ocrx_word' id='word_1_721' title='bbox 2147 4062 2166 4094; x_wconf 72' lang='grc' dir='ltr'><strong>ι</strong></span> <span class='ocrx_word' id='word_1_722' title='bbox 2208 4045 2317 4117; x_wconf 89' lang='grc' dir='ltr'><strong>γάρ</strong></span> <span class='ocrx_word' id='word_1_723' title='bbox 2344 4047 2431 4099; x_wconf 80' lang='grc' dir='ltr'>ὅτε</span> <span class='ocrx_word' id='word_1_724' title='bbox 2466 4048 2561 4100; x_wconf 84' lang='grc' dir='ltr'><strong>καί</strong></span> <span class='ocrx_word' id='word_1_725' title='bbox 2592 4047 2877 4119; x_wconf 76' lang='grc' dir='ltr'>ἄνθρωπος</span> <span class='ocrx_word' id='word_1_726' title='bbox 2914 4048 3151 4116; x_wconf 86' lang='grc' dir='ltr'>ἐγένετο,</span> <span class='ocrx_word' id='word_1_727' title='bbox 3184 4051 3279 4103; x_wconf 82' lang='grc' dir='ltr'><strong>καί</strong></span> <span class='ocrx_word' id='word_1_728' title='bbox 3317 4050 3540 4121; x_wconf 90' lang='grc' dir='ltr'>μεσίτης</span> <span class='ocrx_word' id='word_1_729' title='bbox 3578 4050 3715 4102; x_wconf 86' lang='grc' dir='ltr'>Θεοῦ</span> 
     </span>
    </p>
   </div>
   <div class='ocr_carea' id='block_1_90' title="bbox 2148 4136 3714 4212">
    <p class='ocr_par' dir='ltr' id='par_1_90' title="bbox 2148 4136 3714 4212">
     <span class='ocr_line' id='line_1_91' title="bbox 2148 4136 3714 4212; baseline 0.003 -24"><span class='ocrx_word' id='word_1_730' title='bbox 2148 4158 2167 4188; x_wconf 73' lang='grc' dir='ltr'><strong>ι</strong></span> <span class='ocrx_word' id='word_1_731' title='bbox 2210 4138 2304 4189; x_wconf 71' lang='grc' dir='ltr'>καὶ</span> <span class='ocrx_word' id='word_1_732' title='bbox 2334 4136 2656 4209; x_wconf 86' lang='grc' dir='ltr'>ἀνθρώπων,</span> <span class='ocrx_word' id='word_1_733' title='bbox 2691 4139 2812 4192; x_wconf 90' lang='grc' dir='ltr'>τότε</span> <span class='ocrx_word' id='word_1_734' title='bbox 2856 4141 2935 4202; x_wconf 85' lang='grc' dir='ltr'><strong>εἰς</strong></span> <span class='ocrx_word' id='word_1_735' title='bbox 2967 4140 3126 4194; x_wconf 75' lang='grc' dir='ltr'>αὑτὸν</span> <span class='ocrx_word' id='word_1_736' title='bbox 3161 4140 3381 4212; x_wconf 77' lang='grc' dir='ltr'>ἐκτίσθη</span> <span class='ocrx_word' id='word_1_737' title='bbox 3415 4141 3485 4194; x_wconf 84' lang='grc' dir='ltr'>τὰ</span> <span class='ocrx_word' id='word_1_738' title='bbox 3519 4142 3714 4205; x_wconf 87' lang='grc' dir='ltr'>πάντα,</span> 
     </span>
    </p>
   </div>
   <div class='ocr_carea' id='block_1_91' title="bbox 2148 4229 3717 4303">
    <p class='ocr_par' dir='ltr' id='par_1_91' title="bbox 2148 4229 3717 4303">
     <span class='ocr_line' id='line_1_92' title="bbox 2148 4229 3717 4303; baseline 0.004 -24"><span class='ocrx_word' id='word_1_739' title='bbox 2148 4248 2166 4279; x_wconf 78' lang='grc' dir='ltr'><strong>ι</strong></span> <span class='ocrx_word' id='word_1_740' title='bbox 2209 4229 2284 4292; x_wconf 86' lang='grc' dir='ltr'>ὡς</span> <span class='ocrx_word' id='word_1_741' title='bbox 2314 4229 2416 4300; x_wconf 81' lang='grc' dir='ltr'><strong>ἐφη</strong></span> <span class='ocrx_word' id='word_1_742' title='bbox 2441 4232 2469 4283; x_wconf 85' lang='grc' dir='ltr'><strong>ό</strong></span> <span class='ocrx_word' id='word_1_743' title='bbox 2508 4230 2845 4293; x_wconf 86' lang='grc' dir='ltr'>Ἀπόστολος,</span> <span class='ocrx_word' id='word_1_744' title='bbox 2873 4230 2943 4284; x_wconf 90' lang='grc' dir='ltr'><strong>τά</strong></span> <span class='ocrx_word' id='word_1_745' title='bbox 2965 4248 3025 4283; x_wconf 90' lang='grc' dir='ltr'><strong>τε</strong></span> <span class='ocrx_word' id='word_1_746' title='bbox 3054 4233 3110 4283; x_wconf 92' lang='grc' dir='ltr'><strong>ἐν</strong></span> <span class='ocrx_word' id='word_1_747' title='bbox 3135 4231 3382 4303; x_wconf 83' lang='grc' dir='ltr'>οὐρανοῖς</span> <span class='ocrx_word' id='word_1_748' title='bbox 3408 4232 3502 4285; x_wconf 78' lang='grc' dir='ltr'><strong>καὶ</strong></span> <span class='ocrx_word' id='word_1_749' title='bbox 3532 4232 3602 4286; x_wconf 81' lang='grc' dir='ltr'>τὰ</span> <span class='ocrx_word' id='word_1_750' title='bbox 3624 4233 3717 4285; x_wconf 75' lang='grc' dir='ltr'><strong>ἐπὶ</strong></span> 
     </span>
    </p>
   </div>
   <div class='ocr_carea' id='block_1_92' title="bbox 2148 4320 3714 4395">
    <p class='ocr_par' dir='ltr' id='par_1_92' title="bbox 2148 4320 3714 4395">
     <span class='ocr_line' id='line_1_93' title="bbox 2148 4320 3714 4395; baseline 0.003 -25"><span class='ocrx_word' id='word_1_751' title='bbox 2148 4338 2166 4370; x_wconf 73' lang='grc' dir='ltr'><strong>ι</strong></span> <span class='ocrx_word' id='word_1_752' title='bbox 2205 4320 2308 4390; x_wconf 84' lang='grc' dir='ltr'>γῆς</span> <span class='ocrx_word' id='word_1_753' title='bbox 2334 4322 2626 4375; x_wconf 88' lang='grc' dir='ltr'>ἀκόλουθόν</span> <span class='ocrx_word' id='word_1_754' title='bbox 2654 4324 2802 4375; x_wconf 86' lang='grc' dir='ltr'>ἐστιν</span> <span class='ocrx_word' id='word_1_755' title='bbox 2843 4323 3087 4395; x_wconf 77' lang='grc' dir='ltr'>ἀκριϐῶς</span> <span class='ocrx_word' id='word_1_756' title='bbox 3114 4324 3423 4391; x_wconf 87' lang='grc' dir='ltr'>γινώσκειν,</span> <span class='ocrx_word' id='word_1_757' title='bbox 3452 4325 3535 4378; x_wconf 82' lang='grc' dir='ltr'>ὅτι</span> <span class='ocrx_word' id='word_1_758' title='bbox 3560 4323 3714 4389; x_wconf 72' lang='grc' dir='ltr'>ἐξου-</span> 
     </span>
    </p>
   </div>
   <div class='ocr_carea' id='block_1_93' title="bbox 2438 4437 3712 4517">
    <p class='ocr_par' dir='ltr' id='par_1_93' title="bbox 2438 4437 3712 4517">
     <span class='ocr_line' id='line_1_94' title="bbox 2438 4437 3712 4517; baseline 0 -26"><span class='ocrx_word' id='word_1_759' title='bbox 2438 4440 2480 4476; x_wconf 78' lang='grc'><strong>¹⁸</strong></span> <span class='ocrx_word' id='word_1_760' title='bbox 2503 4438 2694 4507; x_wconf 82' lang='lat' dir='ltr'><strong>Philip.</strong></span> <span class='ocrx_word' id='word_1_761' title='bbox 2724 4455 2781 4505; x_wconf 86' lang='lat' dir='ltr'><strong>ll,</strong></span> <span class='ocrx_word' id='word_1_762' title='bbox 2813 4438 2866 4493; x_wconf 90' lang='lat'><strong>7.</strong></span> <span class='ocrx_word' id='word_1_763' title='bbox 2972 4439 3017 4469; x_wconf 85' lang='grc'><strong>²⁰</strong></span> <span class='ocrx_word' id='word_1_764' title='bbox 3050 4437 3186 4493; x_wconf 82' lang='lat' dir='ltr'><strong>Gen.</strong></span> <span class='ocrx_word' id='word_1_765' title='bbox 3228 4454 3266 4503; x_wconf 89' lang='grc' dir='ltr'><strong>ι,</strong></span> <span class='ocrx_word' id='word_1_766' title='bbox 3301 4438 3390 4517; x_wconf 78' lang='lat'><strong>26.</strong></span> <span class='ocrx_word' id='word_1_767' title='bbox 3500 4439 3544 4470; x_wconf 76' lang='lat'>&quot;</span> <span class='ocrx_word' id='word_1_768' title='bbox 3572 4437 3712 4492; x_wconf 83' lang='lat' dir='ltr'><strong>Psal.</strong></span> 
     </span>
    </p>
   </div>
   <div class='ocr_carea' id='block_1_94' title="bbox 549 4724 2038 4803">
    <p class='ocr_par' dir='ltr' id='par_1_94' title="bbox 549 4725 2038 4803">
     <span class='ocr_line' id='line_1_95' title="bbox 549 4725 2038 4803; baseline 0.002 -22"><span class='ocrx_word' id='word_1_769' title='bbox 549 4725 660 4803; x_wconf 72' lang='lat'><strong>(7|)</strong></span> <span class='ocrx_word' id='word_1_770' title='bbox 685 4727 808 4803; x_wconf 61' lang='grc' dir='ltr'>Ἵνα</span> <span class='ocrx_word' id='word_1_771' title='bbox 835 4727 931 4781; x_wconf 83' lang='grc' dir='ltr'>διὰ</span> <span class='ocrx_word' id='word_1_772' title='bbox 952 4728 1056 4783; x_wconf 84' lang='grc' dir='ltr'><strong>τοῦ</strong></span> <span class='ocrx_word' id='word_1_773' title='bbox 1078 4726 1357 4803; x_wconf 68' lang='grc' dir='ltr'>ᾲοράτου.</span> <span class='ocrx_word' id='word_1_774' title='bbox 1376 4730 1444 4803; x_wconf 80' lang='lat' dir='ltr'><strong>At</strong></span> <span class='ocrx_word' id='word_1_775' title='bbox 1464 4729 1572 4803; x_wconf 77' lang='lat' dir='ltr'><strong>hoc</strong></span> <span class='ocrx_word' id='word_1_776' title='bbox 1587 4730 1919 4800; x_wconf 87' lang='lat' dir='ltr'><strong>impossibile</strong></span> <span class='ocrx_word' id='word_1_777' title='bbox 1939 4744 2038 4798; x_wconf 87' lang='lat' dir='ltr'><strong>est,</strong></span> 
     </span>
    </p>
   </div>
   <div class='ocr_carea' id='block_1_95' title="bbox 2147 4724 3712 4803">
    <p class='ocr_par' dir='ltr' id='par_1_95' title="bbox 2150 4732 3712 4803">
     <span class='ocr_line' id='line_1_96' title="bbox 2150 4732 3712 4803; baseline 0 -14"><span class='ocrx_word' id='word_1_778' title='bbox 2150 4736 2341 4789; x_wconf 89' lang='lat' dir='ltr'><strong>tumin</strong></span> <span class='ocrx_word' id='word_1_779' title='bbox 2375 4733 2546 4787; x_wconf 89' lang='lat' dir='ltr'><strong>lucem</strong></span> <span class='ocrx_word' id='word_1_780' title='bbox 2577 4732 2922 4790; x_wconf 88' lang='lat' dir='ltr'><strong>Servatorem</strong></span> <span class='ocrx_word' id='word_1_781' title='bbox 2953 4735 3301 4803; x_wconf 70' lang='lat' dir='ltr'><strong>apparuerit?</strong></span> <span class='ocrx_word' id='word_1_782' title='bbox 3341 4734 3528 4789; x_wconf 84' lang='lat' dir='ltr'><strong>statuit</strong></span> <span class='ocrx_word' id='word_1_783' title='bbox 3568 4736 3712 4789; x_wconf 88' lang='lat' dir='ltr'><strong>enim</strong></span> 
     </span>
    </p>
   </div>
   <div class='ocr_carea' id='block_1_96' title="bbox 479 4797 2049 4866">
    <p class='ocr_par' dir='ltr' id='par_1_96' title="bbox 479 4797 2049 4866">
     <span class='ocr_line' id='line_1_97' title="bbox 479 4797 2049 4866; baseline 0.004 -15"><span class='ocrx_word' id='word_1_784' title='bbox 479 4806 532 4851; x_wconf 86' lang='lat' dir='ltr'><strong>et</strong></span> <span class='ocrx_word' id='word_1_785' title='bbox 559 4797 846 4851; x_wconf 85' lang='lat' dir='ltr'><strong>absurdum</strong></span> <span class='ocrx_word' id='word_1_786' title='bbox 875 4810 929 4851; x_wconf 92' lang='lat' dir='ltr'><strong>ut</strong></span> <span class='ocrx_word' id='word_1_787' title='bbox 964 4800 1367 4866; x_wconf 85' lang='lat' dir='ltr'><strong>perinvisihile,</strong></span> <span class='ocrx_word' id='word_1_788' title='bbox 1398 4801 1606 4855; x_wconf 80' lang='lat' dir='ltr'><strong>visibile</strong></span> <span class='ocrx_word' id='word_1_789' title='bbox 1638 4797 1919 4858; x_wconf 75' lang='lat' dir='ltr'><strong>cernatur.</strong></span> <span class='ocrx_word' id='word_1_790' title='bbox 1952 4803 2049 4857; x_wconf 56' lang='grc' dir='ltr'><strong>ἰδίη</strong></span> 
     </span>
    </p>
   </div>
   <div class='ocr_carea' id='block_1_97' title="bbox 479 4868 2043 4941">
    <p class='ocr_par' dir='ltr' id='par_1_97' title="bbox 479 4868 2043 4941">
     <span class='ocr_line' id='line_1_98' title="bbox 479 4868 2043 4941; baseline 0.004 -21"><span class='ocrx_word' id='word_1_791' title='bbox 479 4868 709 4941; x_wconf 72' lang='lat' dir='ltr'><strong>brarius</strong></span> <span class='ocrx_word' id='word_1_792' title='bbox 724 4881 834 4920; x_wconf 88' lang='lat' dir='ltr'><strong>rem</strong></span> <span class='ocrx_word' id='word_1_793' title='bbox 856 4878 949 4941; x_wconf 87' lang='lat' dir='ltr'><strong>_et_</strong></span> <span class='ocrx_word' id='word_1_794' title='bbox 973 4870 1157 4941; x_wconf 77' lang='lat' dir='ltr'><strong>verba,</strong></span> <span class='ocrx_word' id='word_1_795' title='bbox 1185 4872 1537 4941; x_wconf 80' lang='lat' dir='ltr'><strong>transposuit.</strong></span> <span class='ocrx_word' id='word_1_796' title='bbox 1586 4871 1917 4941; x_wconf 87' lang='lat' dir='ltr'><strong>Legemlum,</strong></span> <span class='ocrx_word' id='word_1_797' title='bbox 1953 4874 2043 4927; x_wconf 78' lang='grc' dir='ltr'><strong>ἵνα</strong></span> 
     </span>
    </p>
   </div>
   <div class='ocr_carea' id='block_1_98' title="bbox 476 4935 2042 5012">
    <p class='ocr_par' dir='ltr' id='par_1_98' title="bbox 476 4935 2042 5012">
     <span class='ocr_line' id='line_1_99' title="bbox 476 4935 2042 5012; baseline 0.004 -23"><span class='ocrx_word' id='word_1_798' title='bbox 476 4935 667 5012; x_wconf 63' lang='grc' dir='ltr'>διάτοῦ</span> <span class='ocrx_word' id='word_1_799' title='bbox 688 4936 882 5012; x_wconf 62' lang='grc' dir='ltr'>ὁρατοῦ</span> <span class='ocrx_word' id='word_1_800' title='bbox 906 4938 965 4989; x_wconf 82' lang='grc' dir='ltr'><strong>τὸ</strong></span> <span class='ocrx_word' id='word_1_801' title='bbox 992 4938 1219 5012; x_wconf 80' lang='grc' dir='ltr'>ἀόρατον</span> <span class='ocrx_word' id='word_1_802' title='bbox 1249 4935 1527 5012; x_wconf 79' lang='grc' dir='ltr'>φαίνηται.</span> <span class='ocrx_word' id='word_1_803' title='bbox 1551 4935 1866 5012; x_wconf 59' lang='lat' dir='ltr'><strong>ll.-;Porro</strong></span> <span class='ocrx_word' id='word_1_804' title='bbox 1886 4935 2042 5012; x_wconf 85' lang='lat' dir='ltr'><strong>vulgo</strong></span> 
     </span>
    </p>
   </div>
   <div class='ocr_carea' id='block_1_99' title="bbox 478 5005 2042 5080">
    <p class='ocr_par' dir='ltr' id='par_1_99' title="bbox 478 5005 2042 5080">
     <span class='ocr_line' id='line_1_100' title="bbox 478 5005 2042 5080; baseline 0.003 -19"><span class='ocrx_word' id='word_1_805' title='bbox 478 5006 689 5079; x_wconf 86' lang='grc' dir='ltr'>ἀληθῶς</span> <span class='ocrx_word' id='word_1_806' title='bbox 712 5005 813 5080; x_wconf 65' lang='grc' dir='ltr'><strong>τοῦ</strong></span> <span class='ocrx_word' id='word_1_807' title='bbox 839 5008 959 5080; x_wconf 85' lang='grc' dir='ltr'>άορ.</span> <span class='ocrx_word' id='word_1_808' title='bbox 994 5005 1131 5080; x_wconf 49' lang='grc' dir='ltr'>θίιιι</span> <span class='ocrx_word' id='word_1_809' title='bbox 1158 5005 1342 5076; x_wconf 80' lang='grc' dir='ltr'>ὼφέιλ.</span> <span class='ocrx_word' id='word_1_810' title='bbox 1386 5005 1441 5065; x_wconf 75' lang='lat' dir='ltr'><strong>et</strong></span> <span class='ocrx_word' id='word_1_811' title='bbox 1473 5010 1582 5079; x_wconf 87' lang='grc' dir='ltr'>ἐγὼ</span> <span class='ocrx_word' id='word_1_812' title='bbox 1626 5012 1720 5064; x_wconf 77' lang='grc' dir='ltr'><strong>καὶ</strong></span> <span class='ocrx_word' id='word_1_813' title='bbox 1758 5028 1818 5065; x_wconf 89' lang='grc' dir='ltr'><strong>π.</strong></span> <span class='ocrx_word' id='word_1_814' title='bbox 1864 5022 1919 5068; x_wconf 89' lang='lat' dir='ltr'><strong>et</strong></span> <span class='ocrx_word' id='word_1_815' title='bbox 1957 5005 2042 5066; x_wconf 67' lang='grc' dir='ltr'>’.ἦν</span> 
     </span>
    </p>
   </div>
   <div class='ocr_carea' id='block_1_100' title="bbox 480 5078 1150 5149">
    <p class='ocr_par' dir='ltr' id='par_1_100' title="bbox 480 5078 1150 5149">
     <span class='ocr_line' id='line_1_101' title="bbox 480 5078 1150 5149; baseline -0.007 -14"><span class='ocrx_word' id='word_1_816' title='bbox 480 5086 591 5149; x_wconf 63' lang='grc' dir='ltr'>(γρ.</span> <span class='ocrx_word' id='word_1_817' title='bbox 619 5078 722 5131; x_wconf 87' lang='grc' dir='ltr'>τινί</span> <span class='ocrx_word' id='word_1_818' title='bbox 752 5078 882 5149; x_wconf 75' lang='lat' dir='ltr'><strong>Mp.)</strong></span> <span class='ocrx_word' id='word_1_819' title='bbox 909 5078 1150 5149; x_wconf 83' lang='grc' dir='ltr'>δυνατόν.</span> 
     </span>
    </p>
   </div>
   <div class='ocr_carea' id='block_1_101' title="bbox 549 5148 1129 5218">
    <p class='ocr_par' dir='ltr' id='par_1_101' title="bbox 549 5148 1129 5218">
     <span class='ocr_line' id='line_1_102' title="bbox 549 5148 1129 5218; baseline 0.002 -18"><span class='ocrx_word' id='word_1_820' title='bbox 549 5149 663 5217; x_wconf 71' lang='lat'><strong>(72)</strong></span> <span class='ocrx_word' id='word_1_821' title='bbox 695 5148 864 5218; x_wconf 64' lang='lat' dir='ltr'><strong>Vulng</strong></span> <span class='ocrx_word' id='word_1_822' title='bbox 893 5148 1013 5201; x_wconf 81' lang='grc' dir='ltr'>καθ’</span> <span class='ocrx_word' id='word_1_823' title='bbox 1041 5151 1129 5218; x_wconf 87' lang='grc' dir='ltr'><strong>όμ.</strong></span> 
     </span>
    </p>
   </div>
   <div class='ocr_carea' id='block_1_102' title="bbox 551 5216 2040 5289">
    <p class='ocr_par' dir='ltr' id='par_1_102' title="bbox 551 5216 2040 5289">
     <span class='ocr_line' id='line_1_103' title="bbox 551 5216 2040 5289; baseline 0.003 -19"><span class='ocrx_word' id='word_1_824' title='bbox 551 5216 663 5289; x_wconf 80' lang='lat'><strong>(7‘5)</strong></span> <span class='ocrx_word' id='word_1_825' title='bbox 693 5216 884 5271; x_wconf 74' lang='grc' dir='ltr'>Εἰκών</span> <span class='ocrx_word' id='word_1_826' title='bbox 902 5219 1032 5272; x_wconf 79' lang='grc' dir='ltr'>ἐστι</span> <span class='ocrx_word' id='word_1_827' title='bbox 1054 5216 1289 5287; x_wconf 66' lang='grc' dir='ltr'><strong>⁹ιὶικρόν.</strong></span> <span class='ocrx_word' id='word_1_828' title='bbox 1328 5218 1560 5288; x_wconf 84' lang='lat' dir='ltr'><strong>Legend.</strong></span> <span class='ocrx_word' id='word_1_829' title='bbox 1590 5219 1762 5274; x_wconf 77' lang='grc' dir='ltr'>ἔσται.</span> <span class='ocrx_word' id='word_1_830' title='bbox 1796 5220 2040 5289; x_wconf 86' lang='lat' dir='ltr'><strong>Prophe-</strong></span> 
     </span>
    </p>
   </div>
   <div class='ocr_carea' id='block_1_103' title="bbox 482 5289 2042 5347">
    <p class='ocr_par' dir='ltr' id='par_1_103' title="bbox 482 5289 2042 5347">
     <span class='ocr_line' id='line_1_104' title="bbox 482 5289 2042 5347; baseline 0.003 -4"><span class='ocrx_word' id='word_1_831' title='bbox 482 5289 586 5343; x_wconf 88' lang='lat' dir='ltr'><strong>tice</strong></span> <span class='ocrx_word' id='word_1_832' title='bbox 604 5290 747 5344; x_wconf 86' lang='lat' dir='ltr'><strong>enim</strong></span> <span class='ocrx_word' id='word_1_833' title='bbox 770 5289 971 5342; x_wconf 88' lang='lat' dir='ltr'><strong>dictum</strong></span> <span class='ocrx_word' id='word_1_834' title='bbox 1003 5291 1168 5343; x_wconf 90' lang='lat' dir='ltr'><strong>voluit</strong></span> <span class='ocrx_word' id='word_1_835' title='bbox 1197 5292 1247 5342; x_wconf 89' lang='lat' dir='ltr'><strong>in</strong></span> <span class='ocrx_word' id='word_1_836' title='bbox 1267 5290 1572 5344; x_wconf 86' lang='lat' dir='ltr'><strong>Proverbiis</strong></span> <span class='ocrx_word' id='word_1_837' title='bbox 1601 5292 1742 5345; x_wconf 85' lang='lat' dir='ltr'><strong>istud</strong></span> <span class='ocrx_word' id='word_1_838' title='bbox 1776 5306 1791 5344; x_wconf 89' lang='lat'><strong>:</strong></span> <span class='ocrx_word' id='word_1_839' title='bbox 1819 5294 1958 5347; x_wconf 88' lang='lat' dir='ltr'><strong>unde</strong></span> <span class='ocrx_word' id='word_1_840' title='bbox 1986 5305 2042 5347; x_wconf 87' lang='lat' dir='ltr'><strong>et</strong></span> 
     </span>
    </p>
   </div>
   <div class='ocr_carea' id='block_1_104' title="bbox 482 5358 1642 5427">
    <p class='ocr_par' dir='ltr' id='par_1_104' title="bbox 482 5358 1642 5427">
     <span class='ocr_line' id='line_1_105' title="bbox 482 5358 1642 5427; baseline 0 -14"><span class='ocrx_word' id='word_1_841' title='bbox 482 5359 821 5415; x_wconf 88' lang='lat' dir='ltr'><strong>Salomonem</strong></span> <span class='ocrx_word' id='word_1_842' title='bbox 846 5369 1000 5412; x_wconf 87' lang='lat' dir='ltr'><strong>vocat</strong></span> <span class='ocrx_word' id='word_1_843' title='bbox 1022 5362 1337 5427; x_wconf 83' lang='lat' dir='ltr'><strong>prophetam</strong></span> <span class='ocrx_word' id='word_1_844' title='bbox 1365 5358 1529 5412; x_wconf 82' lang='lat' dir='ltr'><strong>Mont.</strong></span> <span class='ocrx_word' id='word_1_845' title='bbox 1569 5359 1642 5413; x_wconf 80' lang='grc' dir='ltr'>Μ.</span> 
     </span>
    </p>
   </div>
   <div class='ocr_carea' id='block_1_105' title="bbox 551 5427 1935 5500">
    <p class='ocr_par' dir='ltr' id='par_1_105' title="bbox 551 5427 1935 5500">
     <span class='ocr_line' id='line_1_106' title="bbox 551 5427 1935 5500; baseline 0.001 -19"><span class='ocrx_word' id='word_1_846' title='bbox 697 5428 862 5500; x_wconf 64' lang='lat' dir='ltr'><strong>Vulgo</strong></span> <span class='ocrx_word' id='word_1_847' title='bbox 883 5427 1103 5500; x_wconf 84' lang='grc' dir='ltr'>λέγειδέ</span> <span class='ocrx_word' id='word_1_848' title='bbox 1132 5427 1271 5482; x_wconf 74' lang='grc' dir='ltr'>οὕτω</span> <span class='ocrx_word' id='word_1_849' title='bbox 1297 5439 1347 5481; x_wconf 90' lang='lat' dir='ltr'><strong>et</strong></span> <span class='ocrx_word' id='word_1_850' title='bbox 1370 5427 1654 5500; x_wconf 84' lang='grc' dir='ltr'>δηλοῦντος</span> <span class='ocrx_word' id='word_1_851' title='bbox 1684 5429 1778 5483; x_wconf 87' lang='grc' dir='ltr'><strong>τοῦ</strong></span> <span class='ocrx_word' id='word_1_852' title='bbox 1812 5429 1935 5483; x_wconf 85' lang='grc' dir='ltr'>ἀστ.</span> 
     </span>
    </p>
   </div>
   <div class='ocr_carea' id='block_1_106' title="bbox 552 5497 2039 5569">
    <p class='ocr_par' dir='ltr' id='par_1_106' title="bbox 552 5497 2039 5569">
     <span class='ocr_line' id='line_1_107' title="bbox 552 5497 2039 5569; baseline 0.003 -19"><span class='ocrx_word' id='word_1_853' title='bbox 552 5497 662 5569; x_wconf 84' lang='grc'><strong>(75)</strong></span> <span class='ocrx_word' id='word_1_854' title='bbox 702 5497 764 5551; x_wconf 90' lang='lat'><strong>&#39;0</strong></span> <span class='ocrx_word' id='word_1_855' title='bbox 793 5499 1116 5569; x_wconf 69' lang='grc' dir='ltr'>τηνικαῦτα</span> <span class='ocrx_word' id='word_1_856' title='bbox 1156 5503 1364 5567; x_wconf 75' lang='grc' dir='ltr'>φανεὶς</span> <span class='ocrx_word' id='word_1_857' title='bbox 1398 5498 1611 5566; x_wconf 80' lang='grc' dir='ltr'>ἀστήρ.</span> <span class='ocrx_word' id='word_1_858' title='bbox 1641 5501 1785 5555; x_wconf 82' lang='lat' dir='ltr'><strong>Nova</strong></span> <span class='ocrx_word' id='word_1_859' title='bbox 1818 5512 1901 5555; x_wconf 80' lang='lat' dir='ltr'><strong>est</strong></span> <span class='ocrx_word' id='word_1_860' title='bbox 1925 5504 2039 5555; x_wconf 61' lang='lat' dir='ltr'><strong>haec</strong></span> 
     </span>
    </p>
   </div>
   <div class='ocr_carea' id='block_1_107' title="bbox 483 5566 2036 5637">
    <p class='ocr_par' dir='ltr' id='par_1_107' title="bbox 483 5566 2036 5637">
     <span class='ocr_line' id='line_1_108' title="bbox 483 5566 2036 5637; baseline 0.002 -16"><span class='ocrx_word' id='word_1_861' title='bbox 483 5566 880 5637; x_wconf 78' lang='lat' dir='ltr'><strong>interpretatio,</strong></span> <span class='ocrx_word' id='word_1_862' title='bbox 936 5566 1242 5623; x_wconf 87' lang='lat' dir='ltr'><strong>Luciferum</strong></span> <span class='ocrx_word' id='word_1_863' title='bbox 1282 5571 1335 5622; x_wconf 91' lang='lat' dir='ltr'><strong>in</strong></span> <span class='ocrx_word' id='word_1_864' title='bbox 1388 5569 1525 5637; x_wconf 75' lang='lat' dir='ltr'><strong>psal.</strong></span> <span class='ocrx_word' id='word_1_865' title='bbox 1565 5584 1674 5631; x_wconf 77' lang='lat' dir='ltr'><strong>cu,</strong></span> <span class='ocrx_word' id='word_1_866' title='bbox 1725 5583 1846 5624; x_wconf 83' lang='lat' dir='ltr'><strong>esse</strong></span> <span class='ocrx_word' id='word_1_867' title='bbox 1892 5571 2036 5624; x_wconf 90' lang='lat' dir='ltr'><strong>illam</strong></span> 
     </span>
    </p>
   </div>
   <div class='ocr_carea' id='block_1_108' title="bbox 482 5634 2034 5707">
    <p class='ocr_par' dir='ltr' id='par_1_108' title="bbox 482 5634 2034 5707">
     <span class='ocr_line' id='line_1_109' title="bbox 482 5634 2034 5707; baseline 0.003 -19"><span class='ocrx_word' id='word_1_868' title='bbox 482 5634 716 5707; x_wconf 64' lang='lat' dir='ltr'><strong>stellam,</strong></span> <span class='ocrx_word' id='word_1_869' title='bbox 742 5638 994 5707; x_wconf 13' lang='lat' dir='ltr'><strong>quia‘via:</strong></span> <span class='ocrx_word' id='word_1_870' title='bbox 1020 5639 1126 5691; x_wconf 79' lang='lat' dir='ltr'><strong>dux</strong></span> <span class='ocrx_word' id='word_1_871' title='bbox 1166 5638 1340 5694; x_wconf 81' lang='lat' dir='ltr'><strong>fuerat</strong></span> <span class='ocrx_word' id='word_1_872' title='bbox 1372 5634 1543 5707; x_wconf 48' lang='lat' dir='ltr'><strong>magis</strong></span> <span class='ocrx_word' id='word_1_873' title='bbox 1578 5644 1643 5693; x_wconf 84' lang='lat' dir='ltr'><strong>ad</strong></span> <span class='ocrx_word' id='word_1_874' title='bbox 1678 5640 1950 5694; x_wconf 86' lang='lat' dir='ltr'><strong>Christum</strong></span> <span class='ocrx_word' id='word_1_875' title='bbox 1982 5641 2034 5693; x_wconf 91' lang='lat' dir='ltr'><strong>in</strong></span> 
     </span>
    </p>
   </div>
   <div class='ocr_carea' id='block_1_109' title="bbox 482 5703 2037 5777">
    <p class='ocr_par' dir='ltr' id='par_1_109' title="bbox 482 5703 2037 5777">
     <span class='ocr_line' id='line_1_110' title="bbox 482 5703 2037 5777; baseline 0.002 -17"><span class='ocrx_word' id='word_1_876' title='bbox 482 5703 814 5777; x_wconf 84' lang='lat' dir='ltr'><strong>Bethlehem.</strong></span> <span class='ocrx_word' id='word_1_877' title='bbox 857 5705 1006 5772; x_wconf 84' lang='lat' dir='ltr'><strong>Quod</strong></span> <span class='ocrx_word' id='word_1_878' title='bbox 1054 5712 1271 5764; x_wconf 90' lang='lat' dir='ltr'><strong>omnino</strong></span> <span class='ocrx_word' id='word_1_879' title='bbox 1314 5703 1565 5777; x_wconf 74' lang='lat' dir='ltr'><strong>supponit</strong></span> <span class='ocrx_word' id='word_1_880' title='bbox 1594 5719 1651 5763; x_wconf 93' lang='lat' dir='ltr'><strong>ut</strong></span> <span class='ocrx_word' id='word_1_881' title='bbox 1695 5718 1931 5773; x_wconf 86' lang='lat' dir='ltr'><strong>certum,</strong></span> <span class='ocrx_word' id='word_1_882' title='bbox 1984 5710 2037 5763; x_wconf 89' lang='lat' dir='ltr'><strong>id</strong></span> 
     </span>
    </p>
   </div>
   <div class='ocr_carea' id='block_1_110' title="bbox 481 5776 2040 5848">
    <p class='ocr_par' dir='ltr' id='par_1_110' title="bbox 481 5776 2040 5848">
     <span class='ocr_line' id='line_1_111' title="bbox 481 5776 2040 5848; baseline 0.006 -20"><span class='ocrx_word' id='word_1_883' title='bbox 481 5776 626 5844; x_wconf 84' lang='lat' dir='ltr'><strong>quod</strong></span> <span class='ocrx_word' id='word_1_884' title='bbox 654 5784 897 5831; x_wconf 78' lang='lat' dir='ltr'><strong>versatur</strong></span> <span class='ocrx_word' id='word_1_885' title='bbox 927 5778 979 5832; x_wconf 91' lang='lat' dir='ltr'><strong>in</strong></span> <span class='ocrx_word' id='word_1_886' title='bbox 1009 5781 1321 5848; x_wconf 68' lang='lat' dir='ltr'><strong>quaestione,</strong></span> <span class='ocrx_word' id='word_1_887' title='bbox 1367 5776 1436 5834; x_wconf 85' lang='lat' dir='ltr'><strong>an</strong></span> <span class='ocrx_word' id='word_1_888' title='bbox 1465 5778 1619 5835; x_wconf 87' lang='lat' dir='ltr'><strong>stella</strong></span> <span class='ocrx_word' id='word_1_889' title='bbox 1646 5779 1736 5835; x_wconf 79' lang='lat' dir='ltr'><strong>illa</strong></span> <span class='ocrx_word' id='word_1_890' title='bbox 1768 5787 1893 5835; x_wconf 86' lang='lat' dir='ltr'><strong>ante</strong></span> <span class='ocrx_word' id='word_1_891' title='bbox 1921 5780 2040 5836; x_wconf 84' lang='lat' dir='ltr'><strong>edi-</strong></span> 
     </span>
    </p>
   </div>
   <div class='ocr_carea' id='block_1_111' title="bbox 1990 5882 2019 5889">
    <p class='ocr_par' dir='ltr' id='par_1_111' title="bbox 1990 5882 2019 5889">
     <span class='ocr_line' id='line_1_112' title="bbox 1990 5882 2019 5889; baseline 0.034 -1"><span class='ocrx_word' id='word_1_892' title='bbox 1990 5882 2019 5889; x_wconf 74' lang='grc' dir='ltr'><strong>-ο</strong></span> 
     </span>
    </p>
   </div>
   <div class='ocr_carea' id='block_1_112' title="bbox 2146 4803 3634 4876">
    <p class='ocr_par' dir='ltr' id='par_1_112' title="bbox 2146 4803 3634 4876">
     <span class='ocr_line' id='line_1_113' title="bbox 2146 4803 3634 4876; baseline -0.001 -16"><span class='ocrx_word' id='word_1_893' title='bbox 2146 4807 2232 4861; x_wconf 91' lang='lat' dir='ltr'><strong>hic</strong></span> <span class='ocrx_word' id='word_1_894' title='bbox 2263 4804 2595 4876; x_wconf 67' lang='lat' dir='ltr'><strong>apparuisse.</strong></span> <span class='ocrx_word' id='word_1_895' title='bbox 2627 4832 2698 4846; x_wconf 91' lang='lat'><strong>—-</strong></span> <span class='ocrx_word' id='word_1_896' title='bbox 2727 4803 2808 4876; x_wconf 75' lang='grc' dir='ltr'>Μ.</span> <span class='ocrx_word' id='word_1_897' title='bbox 2836 4804 2964 4859; x_wconf 90' lang='lat' dir='ltr'><strong>Dein</strong></span> <span class='ocrx_word' id='word_1_898' title='bbox 3000 4805 3158 4876; x_wconf 88' lang='lat' dir='ltr'><strong>vulgo</strong></span> <span class='ocrx_word' id='word_1_899' title='bbox 3191 4805 3365 4876; x_wconf 85' lang='grc' dir='ltr'>δηλῶν</span> <span class='ocrx_word' id='word_1_900' title='bbox 3402 4805 3634 4876; x_wconf 79' lang='grc' dir='ltr'>ἡμέραν.</span> 
     </span>
    </p>
   </div>
   <div class='ocr_carea' id='block_1_113' title="bbox 2216 4872 3714 4947">
    <p class='ocr_par' dir='ltr' id='par_1_113' title="bbox 2216 4872 3714 4947">
     <span class='ocr_line' id='line_1_114' title="bbox 2216 4872 3714 4947; baseline -0.001 -18"><span class='ocrx_word' id='word_1_901' title='bbox 2216 4872 2483 4947; x_wconf 16' lang='grc' dir='ltr'><strong>(76-)7Τοῖς</strong></span> <span class='ocrx_word' id='word_1_902' title='bbox 2503 4872 2745 4945; x_wconf 81' lang='grc' dir='ltr'>Μάγοις.</span> <span class='ocrx_word' id='word_1_903' title='bbox 2779 4874 2940 4941; x_wconf 83' lang='lat' dir='ltr'><strong>Quasi</strong></span> <span class='ocrx_word' id='word_1_904' title='bbox 2983 4872 3136 4929; x_wconf 73' lang='lat' dir='ltr'><strong>stella</strong></span> <span class='ocrx_word' id='word_1_905' title='bbox 3160 4872 3556 4947; x_wconf 3' lang='lat' dir='ltr'><strong>(Magortttnilla</strong></span> <span class='ocrx_word' id='word_1_906' title='bbox 3584 4877 3714 4928; x_wconf 80' lang='lat' dir='ltr'><strong>Inis-</strong></span> 
     </span>
    </p>
   </div>
   <div class='ocr_carea' id='block_1_114' title="bbox 2145 4945 3711 5015">
    <p class='ocr_par' dir='ltr' id='par_1_114' title="bbox 2145 4945 3711 5015">
     <span class='ocr_line' id='line_1_115' title="bbox 2145 4945 3711 5015; baseline -0.003 -14"><span class='ocrx_word' id='word_1_907' title='bbox 2145 4945 2234 5000; x_wconf 48' lang='lat' dir='ltr'><strong>set&#39;</strong></span> <span class='ocrx_word' id='word_1_908' title='bbox 2259 4945 2532 5001; x_wconf 80' lang='lat' dir='ltr'><strong>ordinaria</strong></span> <span class='ocrx_word' id='word_1_909' title='bbox 2565 4962 2578 4997; x_wconf 86' lang='lat'><strong>:</strong></span> <span class='ocrx_word' id='word_1_910' title='bbox 2608 4960 2719 5010; x_wconf 89' lang='lat' dir='ltr'><strong>aut,</strong></span> <span class='ocrx_word' id='word_1_911' title='bbox 2753 4947 2893 5014; x_wconf 88' lang='lat' dir='ltr'><strong>quod</strong></span> <span class='ocrx_word' id='word_1_912' title='bbox 2926 4947 3061 5015; x_wconf 84' lang='lat' dir='ltr'><strong>ipse,</strong></span> <span class='ocrx_word' id='word_1_913' title='bbox 3092 4946 3240 4998; x_wconf 86' lang='lat' dir='ltr'><strong>solus</strong></span> <span class='ocrx_word' id='word_1_914' title='bbox 3265 4946 3451 5009; x_wconf 88' lang='lat' dir='ltr'><strong>credo,</strong></span> <span class='ocrx_word' id='word_1_915' title='bbox 3485 4945 3711 5015; x_wconf 81' lang='lat' dir='ltr'><strong>ait_cum</strong></span> 
     </span>
    </p>
   </div>
   <div class='ocr_carea' id='block_1_115' title="bbox 2142 5013 3713 5086">
    <p class='ocr_par' dir='ltr' id='par_1_115' title="bbox 2142 5013 3713 5086">
     <span class='ocr_line' id='line_1_116' title="bbox 2142 5013 3713 5086; baseline -0.003 -16"><span class='ocrx_word' id='word_1_916' title='bbox 2142 5015 2695 5086; x_wconf 79' lang='lat' dir='ltr'><strong>GregorioNysseno,</strong></span> <span class='ocrx_word' id='word_1_917' title='bbox 2740 5013 2921 5069; x_wconf 69' lang='lat' dir='ltr'><strong>caeteri</strong></span> <span class='ocrx_word' id='word_1_918' title='bbox 2948 5013 3146 5086; x_wconf 40' lang='lat' dir='ltr'><strong>’onmes</strong></span> <span class='ocrx_word' id='word_1_919' title='bbox 3176 5015 3527 5069; x_wconf 88' lang='lat' dir='ltr'><strong>dissentiunt.</strong></span> <span class='ocrx_word' id='word_1_920' title='bbox 3563 5013 3713 5086; x_wconf 76' lang='lat' dir='ltr'><strong>Nun-</strong></span> 
     </span>
    </p>
   </div>
   <div class='ocr_carea' id='block_1_116' title="bbox 2142 5084 3714 5155">
    <p class='ocr_par' dir='ltr' id='par_1_116' title="bbox 2142 5084 3714 5155">
     <span class='ocr_line' id='line_1_117' title="bbox 2142 5084 3714 5155; baseline -0.002 -17"><span class='ocrx_word' id='word_1_921' title='bbox 2142 5084 2303 5155; x_wconf 86' lang='lat' dir='ltr'><strong>quam</strong></span> <span class='ocrx_word' id='word_1_922' title='bbox 2335 5085 2478 5138; x_wconf 89' lang='lat' dir='ltr'><strong>enim</strong></span> <span class='ocrx_word' id='word_1_923' title='bbox 2529 5087 2677 5154; x_wconf 90' lang='lat' dir='ltr'><strong>prius</strong></span> <span class='ocrx_word' id='word_1_924' title='bbox 2709 5088 2843 5148; x_wconf 88' lang='lat' dir='ltr'><strong>visa.</strong></span> <span class='ocrx_word' id='word_1_925' title='bbox 2871 5100 2969 5138; x_wconf 89' lang='lat' dir='ltr'><strong>nec</strong></span> <span class='ocrx_word' id='word_1_926' title='bbox 3012 5084 3078 5136; x_wconf 89' lang='lat' dir='ltr'><strong>ab</strong></span> <span class='ocrx_word' id='word_1_927' title='bbox 3126 5097 3191 5155; x_wconf 82' lang='lat' dir='ltr'><strong>eo</strong></span> <span class='ocrx_word' id='word_1_928' title='bbox 3231 5091 3493 5151; x_wconf 85' lang='lat' dir='ltr'><strong>tempore,</strong></span> <span class='ocrx_word' id='word_1_929' title='bbox 3526 5085 3714 5155; x_wconf 45' lang='lat' dir='ltr'><strong>obserf</strong></span> 
     </span>
    </p>
   </div>
   <div class='ocr_carea' id='block_1_117' title="bbox 2144 5153 3715 5224">
    <p class='ocr_par' dir='ltr' id='par_1_117' title="bbox 2144 5153 3715 5224">
     <span class='ocr_line' id='line_1_118' title="bbox 2144 5153 3715 5224; baseline -0.001 -17"><span class='ocrx_word' id='word_1_930' title='bbox 2144 5153 2265 5207; x_wconf 75' lang='lat' dir='ltr'><strong>vata</strong></span> <span class='ocrx_word' id='word_1_931' title='bbox 2296 5155 2439 5224; x_wconf 81' lang='lat' dir='ltr'><strong>quod</strong></span> <span class='ocrx_word' id='word_1_932' title='bbox 2465 5153 2609 5208; x_wconf 84' lang='lat' dir='ltr'><strong>motu</strong></span> <span class='ocrx_word' id='word_1_933' title='bbox 2641 5166 2782 5208; x_wconf 89' lang='lat' dir='ltr'><strong>mota</strong></span> <span class='ocrx_word' id='word_1_934' title='bbox 2815 5171 2866 5208; x_wconf 85' lang='lat' dir='ltr'><strong>Ill</strong></span> <span class='ocrx_word' id='word_1_935' title='bbox 2896 5169 3105 5224; x_wconf 86' lang='lat' dir='ltr'><strong>gyrum.</strong></span> <span class='ocrx_word' id='word_1_936' title='bbox 3146 5153 3367 5207; x_wconf 82' lang='lat' dir='ltr'><strong>horsum</strong></span> <span class='ocrx_word' id='word_1_937' title='bbox 3400 5168 3611 5209; x_wconf 88' lang='lat' dir='ltr'><strong>versum</strong></span> <span class='ocrx_word' id='word_1_938' title='bbox 3646 5153 3715 5206; x_wconf 90' lang='lat' dir='ltr'><strong>ad</strong></span> 
     </span>
    </p>
   </div>
   <div class='ocr_carea' id='block_1_118' title="bbox 2142 5224 3714 5293">
    <p class='ocr_par' dir='ltr' id='par_1_118' title="bbox 2142 5224 3714 5293">
     <span class='ocr_line' id='line_1_119' title="bbox 2142 5224 3714 5293; baseline -0.003 -15"><span class='ocrx_word' id='word_1_939' title='bbox 2142 5226 2504 5279; x_wconf 90' lang='lat' dir='ltr'><strong>occidentem.</strong></span> <span class='ocrx_word' id='word_1_940' title='bbox 2561 5226 2713 5291; x_wconf 87' lang='lat' dir='ltr'><strong>Quod</strong></span> <span class='ocrx_word' id='word_1_941' title='bbox 2761 5226 2991 5278; x_wconf 90' lang='lat' dir='ltr'><strong>interdiu</strong></span> <span class='ocrx_word' id='word_1_942' title='bbox 3054 5225 3190 5283; x_wconf 85' lang='lat' dir='ltr'><strong>visa,</strong></span> <span class='ocrx_word' id='word_1_943' title='bbox 3241 5225 3383 5293; x_wconf 91' lang='lat' dir='ltr'><strong>quod</strong></span> <span class='ocrx_word' id='word_1_944' title='bbox 3425 5224 3714 5291; x_wconf 91' lang='lat' dir='ltr'><strong>aliquando</strong></span> 
     </span>
    </p>
   </div>
   <div class='ocr_carea' id='block_1_119' title="bbox 2179 5293 3712 5362">
    <p class='ocr_par' dir='ltr' id='par_1_119' title="bbox 2179 5293 3712 5362">
     <span class='ocr_line' id='line_1_120' title="bbox 2179 5293 3712 5362; baseline -0.001 -16"><span class='ocrx_word' id='word_1_945' title='bbox 2179 5308 2241 5346; x_wconf 92' lang='lat' dir='ltr'><strong>er</strong></span> <span class='ocrx_word' id='word_1_946' title='bbox 2263 5293 2386 5362; x_wconf 83' lang='lat' dir='ltr'><strong>dies</strong></span> <span class='ocrx_word' id='word_1_947' title='bbox 2413 5297 2675 5361; x_wconf 88' lang='lat' dir='ltr'><strong>quosdam</strong></span> <span class='ocrx_word' id='word_1_948' title='bbox 2715 5295 3020 5347; x_wconf 87' lang='lat' dir='ltr'><strong>occultata:</strong></span> <span class='ocrx_word' id='word_1_949' title='bbox 3053 5295 3192 5362; x_wconf 85' lang='lat' dir='ltr'><strong>quod</strong></span> <span class='ocrx_word' id='word_1_950' title='bbox 3220 5295 3308 5347; x_wconf 90' lang='lat' dir='ltr'><strong>uni</strong></span> <span class='ocrx_word' id='word_1_951' title='bbox 3339 5294 3499 5349; x_wconf 91' lang='lat' dir='ltr'><strong>alicui</strong></span> <span class='ocrx_word' id='word_1_952' title='bbox 3531 5293 3597 5346; x_wconf 88' lang='lat' dir='ltr'><strong>de</strong></span> <span class='ocrx_word' id='word_1_953' title='bbox 3625 5307 3712 5345; x_wconf 90' lang='lat' dir='ltr'><strong>re-</strong></span> 
     </span>
    </p>
   </div>
   <div class='ocr_carea' id='block_1_120' title="bbox 2168 5361 3712 5431">
    <p class='ocr_par' dir='ltr' id='par_1_120' title="bbox 2168 5361 3712 5431">
     <span class='ocr_line' id='line_1_121' title="bbox 2168 5361 3712 5431; baseline -0.002 -16"><span class='ocrx_word' id='word_1_954' title='bbox 2168 5361 2307 5431; x_wconf 86' lang='lat' dir='ltr'><strong>iquis</strong></span> <span class='ocrx_word' id='word_1_955' title='bbox 2337 5364 2527 5428; x_wconf 86' lang='lat' dir='ltr'><strong>stellis,</strong></span> <span class='ocrx_word' id='word_1_956' title='bbox 2578 5365 2694 5417; x_wconf 89' lang='lat' dir='ltr'><strong>sine</strong></span> <span class='ocrx_word' id='word_1_957' title='bbox 2739 5363 3001 5429; x_wconf 75' lang='lat' dir='ltr'><strong>miraculo</strong></span> <span class='ocrx_word' id='word_1_958' title='bbox 3033 5361 3142 5417; x_wconf 78' lang='lat' dir='ltr'><strong>nun</strong></span> <span class='ocrx_word' id='word_1_959' title='bbox 3178 5366 3350 5431; x_wconf 90' lang='lat' dir='ltr'><strong>potuit</strong></span> <span class='ocrx_word' id='word_1_960' title='bbox 3377 5363 3712 5430; x_wconf 81' lang='lat' dir='ltr'><strong>contingere,</strong></span> 
     </span>
    </p>
   </div>
   <div class='ocr_carea' id='block_1_121' title="bbox 2144 5432 3714 5500">
    <p class='ocr_par' dir='ltr' id='par_1_121' title="bbox 2144 5432 3714 5500">
     <span class='ocr_line' id='line_1_122' title="bbox 2144 5432 3714 5500; baseline -0.001 -16"><span class='ocrx_word' id='word_1_961' title='bbox 2144 5442 2234 5485; x_wconf 85' lang='lat' dir='ltr'><strong>aut</strong></span> <span class='ocrx_word' id='word_1_962' title='bbox 2256 5442 2313 5483; x_wconf 93' lang='lat' dir='ltr'><strong>ut</strong></span> <span class='ocrx_word' id='word_1_963' title='bbox 2333 5432 2457 5486; x_wconf 85' lang='lat' dir='ltr'><strong>huic</strong></span> <span class='ocrx_word' id='word_1_964' title='bbox 2487 5434 2697 5488; x_wconf 88' lang='lat' dir='ltr'><strong>muneri</strong></span> <span class='ocrx_word' id='word_1_965' title='bbox 2720 5443 2775 5487; x_wconf 93' lang='lat' dir='ltr'><strong>et</strong></span> <span class='ocrx_word' id='word_1_966' title='bbox 2806 5434 2982 5486; x_wconf 79' lang='lat' dir='ltr'><strong>cilicio</strong></span> <span class='ocrx_word' id='word_1_967' title='bbox 3007 5435 3312 5489; x_wconf 87' lang='lat' dir='ltr'><strong>inserviret.</strong></span> <span class='ocrx_word' id='word_1_968' title='bbox 3351 5433 3470 5487; x_wconf 79' lang='lat' dir='ltr'><strong>Ideo</strong></span> <span class='ocrx_word' id='word_1_969' title='bbox 3495 5432 3714 5500; x_wconf 88' lang='lat' dir='ltr'><strong>quidam</strong></span> 
     </span>
    </p>
   </div>
   <div class='ocr_carea' id='block_1_122' title="bbox 2146 5500 3714 5571">
    <p class='ocr_par' dir='ltr' id='par_1_122' title="bbox 2146 5500 3714 5571">
     <span class='ocr_line' id='line_1_123' title="bbox 2146 5500 3714 5571; baseline -0.003 -16"><span class='ocrx_word' id='word_1_970' title='bbox 2146 5513 2412 5555; x_wconf 84' lang='lat' dir='ltr'><strong>cometam</strong></span> <span class='ocrx_word' id='word_1_971' title='bbox 2443 5503 2592 5555; x_wconf 90' lang='lat' dir='ltr'><strong>aiunt</strong></span> <span class='ocrx_word' id='word_1_972' title='bbox 2609 5520 2622 5555; x_wconf 91' lang='lat'><strong>:</strong></span> <span class='ocrx_word' id='word_1_973' title='bbox 2640 5502 2730 5556; x_wconf 85' lang='lat' dir='ltr'><strong>alii</strong></span> <span class='ocrx_word' id='word_1_974' title='bbox 2746 5503 3015 5571; x_wconf 79' lang='lat' dir='ltr'><strong>angelum,</strong></span> <span class='ocrx_word' id='word_1_975' title='bbox 3041 5504 3303 5571; x_wconf 87' lang='lat' dir='ltr'><strong>Spiritum</strong></span> <span class='ocrx_word' id='word_1_976' title='bbox 3325 5511 3568 5571; x_wconf 84' lang='lat' dir='ltr'><strong>sanctum</strong></span> <span class='ocrx_word' id='word_1_977' title='bbox 3581 5500 3714 5571; x_wconf 77' lang='lat' dir='ltr'><strong>_a|i.,</strong></span> 
     </span>
    </p>
   </div>
   <div class='ocr_carea' id='block_1_123' title="bbox 2145 5569 3717 5638">
    <p class='ocr_par' dir='ltr' id='par_1_123' title="bbox 2145 5569 3717 5638">
     <span class='ocr_line' id='line_1_124' title="bbox 2145 5569 3717 5638; baseline 0 -15"><span class='ocrx_word' id='word_1_978' title='bbox 2145 5570 2235 5623; x_wconf 89' lang='lat' dir='ltr'><strong>alii</strong></span> <span class='ocrx_word' id='word_1_979' title='bbox 2265 5586 2444 5625; x_wconf 90' lang='lat' dir='ltr'><strong>veram</strong></span> <span class='ocrx_word' id='word_1_980' title='bbox 2466 5573 2698 5638; x_wconf 78' lang='lat' dir='ltr'><strong>stellam,</strong></span> <span class='ocrx_word' id='word_1_981' title='bbox 2731 5569 2900 5626; x_wconf 39' lang='lat' dir='ltr'><strong>sed—in</strong></span> <span class='ocrx_word' id='word_1_982' title='bbox 2938 5569 3164 5627; x_wconf 84' lang='lat' dir='ltr'><strong>nihilum</strong></span> <span class='ocrx_word' id='word_1_983' title='bbox 3196 5574 3510 5627; x_wconf 89' lang='lat' dir='ltr'><strong>resolutam.</strong></span> <span class='ocrx_word' id='word_1_984' title='bbox 3549 5569 3717 5638; x_wconf 42' lang='grc' dir='ltr'>δίη--</span> 
     </span>
    </p>
   </div>
   <div class='ocr_carea' id='block_1_124' title="bbox 2145 5637 3716 5711">
    <p class='ocr_par' dir='ltr' id='par_1_124' title="bbox 2145 5637 3716 5711">
     <span class='ocr_line' id='line_1_125' title="bbox 2145 5637 3716 5711; baseline -0.001 -19"><span class='ocrx_word' id='word_1_985' title='bbox 2145 5640 2287 5711; x_wconf 77' lang='lat' dir='ltr'><strong>Infra</strong></span> <span class='ocrx_word' id='word_1_986' title='bbox 2312 5644 2469 5711; x_wconf 82' lang='lat' dir='ltr'><strong>vulgo</strong></span> <span class='ocrx_word' id='word_1_987' title='bbox 2490 5641 2735 5711; x_wconf 79' lang='grc' dir='ltr'>ἐκτίσθαι</span> <span class='ocrx_word' id='word_1_988' title='bbox 2755 5659 2769 5707; x_wconf 90' lang='grc'>;</span> <span class='ocrx_word' id='word_1_989' title='bbox 2794 5641 2837 5696; x_wconf 78' lang='grc' dir='ltr'><strong>Β</strong></span> <span class='ocrx_word' id='word_1_990' title='bbox 2856 5641 3100 5703; x_wconf 68' lang='grc' dir='ltr'>ἔκτισται</span> <span class='ocrx_word' id='word_1_991' title='bbox 3123 5643 3277 5707; x_wconf 84' lang='lat' dir='ltr'><strong>;deiu</strong></span> <span class='ocrx_word' id='word_1_992' title='bbox 3297 5643 3454 5709; x_wconf 77' lang='lat' dir='ltr'><strong>vulgo</strong></span> <span class='ocrx_word' id='word_1_993' title='bbox 3478 5640 3568 5693; x_wconf 77' lang='grc' dir='ltr'><strong>ἐπὶ</strong></span> <span class='ocrx_word' id='word_1_994' title='bbox 3591 5637 3716 5711; x_wconf 72' lang='grc' dir='ltr'>γῆς,</span> 
     </span>
    </p>
   </div>
   <div class='ocr_carea' id='block_1_125' title="bbox 2144 5709 3718 5832">
    <p class='ocr_par' dir='ltr' id='par_1_125' title="bbox 2144 5709 3718 5832">
     <span class='ocr_line' id='line_1_126' title="bbox 2144 5709 3718 5832; baseline -0.001 -69"><span class='ocrx_word' id='word_1_995' title='bbox 2144 5709 2496 5832; x_wconf 43' lang='grc' dir='ltr'><strong>ειλλέγῃςθι⁸</strong></span> <span class='ocrx_word' id='word_1_996' title='bbox 2535 5710 2765 5793; x_wconf 34' lang='grc' dir='ltr'>διάετοῦ</span> <span class='ocrx_word' id='word_1_997' title='bbox 2818 5712 2954 5766; x_wconf 86' lang='grc' dir='ltr'>Θεοῦ</span> <span class='ocrx_word' id='word_1_998' title='bbox 3013 5713 3113 5771; x_wconf 86' lang='grc' dir='ltr'>εἰλ,</span> <span class='ocrx_word' id='word_1_999' title='bbox 3161 5723 3216 5768; x_wconf 88' lang='lat' dir='ltr'><strong>et</strong></span> <span class='ocrx_word' id='word_1_1000' title='bbox 3272 5710 3575 5783; x_wconf 75' lang='grc' dir='ltr'>ὑπερϐολὴν</span> <span class='ocrx_word' id='word_1_1001' title='bbox 3620 5709 3718 5779; x_wconf 77' lang='grc' dir='ltr'><strong>τῆς</strong></span> 
     </span>
     <span class='ocr_line' id='line_1_127' title="bbox 2145 5796 2259 5832; baseline 0.009 -1"><span class='ocrx_word' id='word_1_1002' title='bbox 2145 5796 2206 5832; x_wconf 78' lang='grc' dir='ltr'><strong>ωι</strong></span> <span class='ocrx_word' id='word_1_1003' title='bbox 2245 5819 2259 5832; x_wconf 93' lang='grc'><strong>.</strong></span> 
     </span>
    </p>
   </div>
   <div class='ocr_carea' id='block_1_126' title="bbox 2145 5796 2259 5846">
    <p class='ocr_par' dir='ltr' id='par_1_126' title="bbox 2145 5796 2259 5846">
     <span class='ocr_line' id='line_1_128' title="bbox 2145 5796 2259 5846; baseline 0.018 -15"><span class='ocrx_word' id='word_1_1004' title='bbox 2145 5796 2259 5846; x_wconf 68' lang='grc' dir='ltr'>φιλ.</span> 
     </span>
    </p>
   </div>
  </div>
