4088 6376
357 385 462 441 809

1474 381 1758 438 CONTRA
1794 377 2222 437 MARCELLUM
2263 379 2393 434 LIB.
2432 378 2495 433 II.

3485 379 3587 435 ειο

360 520 383 555 ι
422 501 513 556 σία
543 501 602 553 ού
640 499 796 570 μόνον
823 500 928 551 τῶν
959 497 1050 551 ἐπὶ
1084 499 1206 568 γῆς,
1243 499 1410 569 αὐτῷ,
1443 500 1576 553 ἀλλὰ
1604 503 1699 554 καὶ
1724 501 1832 554 τῶν
1864 502 1921 554 ἐν

2042 519 2049 553 ι
2095 501 2162 555 de
2219 499 2437 567 Virgine
2495 497 2782 552 Dominum
2842 509 3090 554 nostrum
3139 509 3488 568 generatum,
3537 510 3596 560 et

359 613 382 648 ι
421 594 668 668 οὐρανοῖς
693 591 919 644 δέδοται.
968 592 1077 645 Καὶ
1123 587 1277 654 αὖθις
1321 591 1436 661 μεθ’
1480 593 1642 662 ’ἐτερα
1685 594 1920 662 ἐπάγει·

359 700 381 734 ι
417 682 481 735 El
517 681 623 751 γάρ
652 680 777 750 περί
808 698 952 744 τινος
981 682 1136 752 δόξης
1182 682 1428 752 δοθείσης
1469 684 1615 753 αύτῴ
1645 684 1795 756 παρά
1831 685 1924 738 τοῦ

361 794 381 828 ι
415 775 627 846 Πατρδς
670 775 730 826 τὸ
762 775 904 846 ἱερὸν
946 775 1276 843 Εὑαγγέλιον
1326 774 1495 844 λέγει,
1542 776 1742 846 ταύτην
1770 780 1797 830 6
1829 777 1924 830 ἀν-

361 884 383 920 ι
417 865 631 937 θρωπος
661 864 747 918 διὰ
772 864 866 917 τοῦ
894 864 1066 932 Λόγου
1108 863 1343 935 εἰληφὼς
1375 864 1648 933 φαίνεται.
1686 863 1927 935 Μεσίτης

361 976 381 1010 ι
417 955 526 1026 γὰρ
563 955 868 1025 γενόμενος,
901 954 1041 1008 κατὰ
1084 954 1174 1008 τὸν
1212 955 1352 1024 ἱερὸν
1411 953 1749 1019 Ἀπόστολον,
1793 954 1927 1008 Θεοῦ

360 1065 382 1100 ι
422 1063 482 1098 τε
513 1046 604 1098 καί⁵
634 1043 954 1115 ἀνθρώπων,
987 1047 1051 1115 τῇ
1085 1044 1296 1112 δοθείσῃ
1335 1043 1485 1113 αὐτῷ
1518 1043 1667 1111 παρὰ
1693 1043 1786 1096 τοῦ
1817 1045 1929 1096 Πα-

362 1154 383 1188 ι
421 1137 548 1208 τρὸς
592 1136 718 1208 δόξῃ
758 1138 881 1199 τοὺς
927 1135 1196 1198 θεοσεϐεῖς
1233 1135 1480 1201 ἐδόξασεν
1528 1133 1863 1206 ἀνθρώπους.
1904 1152 1923 1186 ι

355 1229 467 1282 Καὶ
498 1227 658 1281 πάλιν
702 1226 1022 1297 προστίθησι
1061 1227 1250 1280 ταῦτα’
1287 1245 1305 1278 ι
1346 1228 1454 1279 Kal.
1482 1225 1681 1296 ἠξίωσε
1711 1227 1802 1280 τὸν
1835 1243 1932 1278 πε-

362 1338 381 1372 ι
423 1320 583 1374 σόντα
607 1320 696 1373 διὰ
719 1321 819 1389 τῆς
861 1321 1145 1390 παρακοῆς
1173 1319 1456 1390 ἄνθρωπον
1494 1321 1572 1390 τῷ
1612 1319 1804 1373 ἑαυτοῦ
1842 1319 1930 1373 διὰ

362 1431 382 1465 ι
414 1414 512 1484 τῆς
539 1413 816 1484 Παρθένου
853 1413 1188 1483 συνοφθῆναι
1217 1413 1392 1482 Λόγῳ.
1429 1413 1564 1466 Ποία
1592 1413 1698 1484 γὰρ
1733 1416 1790 1466 ὲν
1832 1414 1931 1466 ἀν·

362 1521 383 1555 ι
424 1502 662 1574 θρώποις
710 1503 872 1574 ἑτέρα
906 1501 1106 1574 μείζων
1134 1503 1260 1566 δόξα
1302 1503 1495 1570 γένοιτ’
1529 1503 1594 1556 ἂν
1638 1505 1737 1573 τῆς
1774 1502 1930 1573 δόξης

363 1614 383 1648 ι
419 1594 659 1667 ταύτης;
691 1595 874 1649 Εἰπὼν
897 1596 974 1660 δὲ,
1004 1597 1104 1658 ὅτι,
1136 1595 1400 1659 ἑδόξασά
1425 1613 1518 1661 σε,
1551 1597 1800 1669 ἐπιφέρει
1841 1596 1930 1648 λέ-

361 1706 383 1741 ι
417 1705 529 1758 γων
550 1705 562 1717 ·
591 1689 688 1742 καὶ
715 1688 901 1742 πάλιν
927 1689 1186 1755 δοξάσω,
1217 1690 1302 1742 ἵνα
1327 1690 1392 1742 δι’
1424 1690 1726 1762 ὑπερϐολὴν
1752 1689 1934 1760 φιλαν-

2032 609 2052 643 ι
2100 590 2360 656 deinceps
2398 597 2572 642 ortum
2619 587 2786 642 fuisse
2834 589 3116 643 luciferum
3146 589 3236 658 qui
3269 589 3410 644 diem
3453 592 3596 648 indi-

2032 701 2052 735 ι
2096 692 2245 736 caret
2307 680 2409 752 [Β.
2448 679 2654 753 XCIV].
2687 699 2706 732 ι
2753 680 3078 750 Progressus
3135 681 3314 734 adhuc
3365 683 3595 743 ulterius

2027 773 2130 828 ista
2186 773 2468 840 loquitur:
2505 790 2524 822 ι
2559 771 2808 842 Suscepit
2855 775 2999 827 enim
3043 775 3204 828 homo
3249 791 3354 830 non
3417 778 3594 835 solum

2033 882 2051 917 ι
2096 873 2417 934 potestatem
2464 878 2644 917 rerum
2688 878 2876 918 earum
2923 879 3041 931 quae
3083 864 3136 917 in
3179 874 3320 919 terra
3354 867 3590 935 fuerant,

2034 974 2052 1008 ι
2098 956 2193 1011 sed
2228 965 2284 1011 et
2321 955 2486 1010 etiam
2517 969 2638 1023 qua:
2676 954 2728 1007 in
2772 953 2945 1009 caelis.
2972 952 3082 1010 Nec
3129 955 3346 1023 injuria.
3380 957 3515 1013 Nam
3547 958 3596 1015 si

2033 1065 2054 1101 ι
2101 1058 2211 1102 tum
2262 1063 2383 1102 cum
2447 1048 2608 1102 homo
2668 1047 2841 1113 ﬁeret,
2893 1056 2949 1100 et
2989 1049 3082 1102 Dei
3129 1051 3394 1104 mediator
3433 1060 3599 1121 atque

2035 1157 2055 1191 ι
2102 1139 2406 1202 hominum,
2432 1153 2530 1207 per
2559 1152 2680 1192 eum
2713 1147 2766 1193 et
2809 1138 2861 1191 in
2895 1153 2960 1192 eo
2989 1140 3170 1192 omnia
3201 1154 3383 1195 creata
3415 1151 3596 1207 erant,

2035 1245 2056 1281 ι
2101 1239 2159 1282 ιιι
2185 1229 2381 1284 asserit
2417 1228 2705 1297 Apostolus
2729 1267 2744 1290 .
2776 1243 3002 1298 quaeque
3047 1229 3100 1283 in
3134 1231 3286 1286 ctelis
3332 1241 3508 1296 erant,
3543 1243 3600 1286 et

2037 1337 2056 1372 ι
2101 1335 2222 1388 qua:
2257 1320 2309 1373 in
2343 1328 2485 1373 terra
2510 1321 2575 1384 ",
2608 1334 2948 1389 consequens
2986 1332 3068 1375 est
3099 1331 3293 1376 etacte
3317 1323 3599 1377 sciendum

2037 1427 2056 1462 ι
2101 1427 2243 1476 esse,
2298 1419 2623 1479 potestatem
2663 1413 2712 1466 ei
2761 1428 3078 1467 concessam
3112 1428 3215 1468 non
3266 1423 3470 1468 tantum
3507 1429 3602 1468 θο-

2039 1520 2057 1554 ι
2101 1519 2216 1557 rum
2249 1518 2368 1574 quae
2422 1506 2475 1558 in
2522 1508 2702 1568 terris,
2758 1505 2852 1559 sed
2891 1508 3051 1558 etiam
3089 1514 3143 1559 et
3185 1521 3306 1573 qua:
3336 1506 3390 1560 in
3447 1507 3602 1562 cwlis

2038 1614 2057 1647 ι
2105 1603 2282 1650 erant.
2341 1597 2398 1650 Si
2459 1595 2698 1666 loquitur
2782 1607 3186 1652 sacrosanctum
3249 1597 3598 1668 Evangelium

2037 1702 2056 1734 ι
2104 1685 2171 1738 de
2221 1684 2400 1752 aliqua
2451 1684 2523 1738 illi
2581 1698 2606 1736 a
2653 1682 2816 1738 Patre
2869 1688 3392 1757 concessa'gloria,
3458 1691 3604 1745 hanc

362 1798 383 1832 ι
420 1780 683 1854 θρωπίας.
729 1783 786 1834 ὲν
825 1785 890 1854 τῇ
939 1782 1076 1852 μετὰ
1109 1784 1206 1852 τὴν
1253 1783 1545 1835 ἀνάστασιν
1592 1785 1689 1854 τῆς
1729 1781 1931 1853 σαρκὸς

2042 1794 2058 1826 ι
2103 1786 2251 1830 certe
2320 1791 2414 1845 per
2468 1775 2635 1830 Deum
2690 1776 2850 1829 homo
2902 1778 3239 1832 convincitur
3305 1781 3600 1850 accepisse.

363 1890 380 1922 ι
417 1845 642 1943 δευτέρᾳ
665 1871 790 1945 δόξῃ
832 1845 1218 1944 τίὲν-πρότερον
1251 1873 1443 1942 θνητὸν
1488 1845 1773 1944 ἄνθρωπον
1801 1845 1934 1926 ἀθά-

2042 1886 2059 1920 ι
2106 1867 2306 1922 Factus
2353 1868 2620 1936 siquidem
2649 1906 2666 1932 ,
2731 1878 2790 1922 ut
2841 1878 3062 1923 sanctus
3107 1870 3223 1923 vult
3289 1845 3603 1940 Apostolus,

362 1982 380 2014 ι
420 1981 577 2018 νατον
594 1964 994 2035 ἀπεργάσηται,
1013 1966 1104 2017 καὶ
1128 1964 1364 2036 τοσαύτῃ
1387 1965 1544 2018 αὑτὸν
1567 1964 1762 2035 δοξάσῃ
1786 1962 1932 2034 δόξῃ,

361 2072 380 2105 ι
424 2053 562 2106 ὥστε
603 2055 675 2125 μὴ
711 2055 868 2125 μόνον
903 2056 1063 2108 αὐτὸν
1095 2056 1195 2125 τῆς
1231 2056 1504 2126 προτέρας
1551 2044 1933 2125 ἀπαλλαγῆναι.

361 2162 381 2194 ι
420 2144 683 2208 δουλείας,
714 2146 846 2198 ἀλλὰ
875 2147 970 2199 καὶ
1006 2147 1105 2216 τῆς
1139 2147 1281 2218 ὑπὲρ
1314 2146 1597 2215 ἄνθρωπον
1635 2145 1934 2214 ἀξιωθῆναι

362 2255 380 2288 ι
419 2236 596 2307 δόξης.
624 2256 654 2287 ,ι
694 2238 801 2289 Καὶ
835 2234 990 2301 αὖθις
1016 2238 1277 2306 ἐπιλέγει·
1317 2257 1335 2289 ι
1365 2240 1502 2303 Ἵνα,
1531 2239 1604 2302 ὡς
1632 2239 1788 2311 ἔφην,
1831 2238 1936 2291 ὑπὸ

364 2343 383 2377 ι
422 2325 516 2379 τοῦ
548 2325 793 2380 διαϐόλου
824 2329 1175 2399 ἀπατηθέντα
1208 2329 1472 2401 πρότερον
1509 2329 1599 2382 τὸν
1628 2331 1933 2401 ἄνθρωπον,

365 2436 384 2468 ι
423 2417 587 2471 αὐτὸν
608 2415 762 2482 αὖθις
788 2424 1006 2492 νικῆσαι
1032 2422 1121 2475 τὸν
1145 2421 1385 2476 διάϐολον
1409 2422 1938 2496 παρασκευάσῃ.Διά

365 2525 384 2558 ι
420 2508 578 2561 τοῦτο
597 2509 854 2582 ἀνείληφε
873 2514 967 2564 τὸν
999 2513 1305 2584 ἄνθρωπον,
1323 2515 1408 2567 ἵνα
1430 2513 1735 2578 ἀκολούθως
1747 2513 1937 2569 τοῦτον

364 2620 386 2652 ι
425 2602 678 2673 ἀπαρχὴν
703 2605 801 2673 τῆς
829 2604 1075 2668 ἐξουσίας
1099 2606 1430 2677 παραλαϐεῖν
1463 2606 1875 2680 παρασκευάσῃ.
1910 2624 1930 2660 ι

359 2692 471 2744 Καὶ
498 2693 851 2763 προστίθησιν
882 2694 957 2747 ἔτι
989 2695 1182 2762 λέγων’
1216 2715 1233 2746 ι
1265 2693 1430 2758 Οὗτος
1455 2696 1564 2766 γάρ
1591 2698 1736 2749 ἐστιν
1761 2697 1788 2747 6
1810 2697 1940 2766 ἀγα-

366 2802 386 2835 (
423 2783 593 2854 πητὸς
614 2823 628 2847 ,
673 2787 701 2837 6
735 2784 814 2855 τῷ
844 2786 1001 2857 Λόγῳ
1035 2786 1254 2850 ἐνωθεὶς
1288 2786 1591 2858 ἄνθρωπος,
1641 2787 1768 2858 περὶ
1807 2782 1866 2843 οὗ
1909 2789 1937 2842 6

367 2890 394 2928 τ
428 2876 817 2948 εὐαγγελιστὴς
857 2878 994 2948 ἔφη·
1047 2875 1234 2944 Οὗτός
1281 2880 1452 2932 ἐστιν·
1499 2882 1531 2932 ὀ
1583 2880 1712 2943 Υἱός
1752 2897 1870 2947 μου
1905 2881 1939 2932 ό

2041 1978 2059 2012 ι
2108 1959 2202 2012 Dei
2238 1959 2505 2012 mediator
2557 1967 2720 2027 atque
2771 1959 3051 2014 hominum
3073 1957 3138 2023 ²³,
3185 1960 3329 2014 viros
3374 1961 3490 2030 pios
3541 1977 3606 2016 ea

2041 2069 2060 2102 ι
2103 2049 2271 2120 gloria
2300 2049 2639 2119 gloriﬁcavit,
2676 2064 2836 2117 quam
2895 2051 2996 2118 ipsi
3042 2051 3340 2106 donaverat
3372 2052 3552 2108 Pater.
3581 2071 3601 2104 ι

2037 2142 2103 2196 Ει
2136 2141 2286 2195 addit
2325 2155 2511 2195 rursus
2554 2139 2646 2212 [Β.
2673 2139 2855 2213 XCVI]
2898 2152 2911 2195 ι
2953 2160 2971 2193 ι
3001 2143 3066 2196 Et
3109 2143 3426 2212 dignitatem
3459 2143 3606 2198 illam

2041 2250 2060 2285 ι
2107 2231 2309 2286 homini
2363 2246 2460 2302 per
2514 2243 2797 2300 peccatum
2854 2232 3006 2303 lapso
3059 2235 3367 2296 concessit,
3412 2243 3470 2288 ut
3509 2250 3608 2288 suo

2043 2342 2063 2377 ι
2111 2323 2283 2392 ipsius
2309 2323 2487 2378 Verbo
2515 2338 2610 2392 per
2636 2322 2912 2392 Virginem
2945 2325 3210 2379 uniretur.
3248 2325 3432 2392 Ecqua
3461 2326 3608 2380 enim

2042 2432 2064 2469 ι
2107 2415 2212 2468 alia
2255 2416 2422 2470 hacce
2469 2414 2644 2484 major
2676 2414 2847 2482 gloria
2887 2415 3033 2469 inter
3062 2416 3313 2470 homines
3343 2417 3610 2484 praedica—

2043 2526 2064 2560 ι
2111 2508 2236 2561 tur?
2260 2507 2394 2560 Cum
2433 2505 2660 2560 dixisset
2690 2506 2982 2576 ρίου-ἔβαινε
3004 2519 3072 2569 te,
3105 2505 3290 2570 infert,
3323 2515 3372 2559 et
3413 2508 3606 2560 iterum

2045 2616 2064 2650 ι
2109 2597 2488 2669 gloriﬁcabo“
2534 2607 2643 2652 :ut
2704 2613 2769 2651 ex
2827 2597 3088 2652 immensa
3149 2614 3244 2652 sua
3299 2599 3610 2653 misericor-

2045 2709 2064 2742 σ
2111 2691 2236 2757 dia,
2307 2691 2360 2744 in
2415 2692 2652 2745 secunda
2715 2698 2838 2759 post
2904 2690 3087 2744 carnis
3152 2689 3608 2744 resurrectionem

2046 2801 2065 2835 ι
2113 2783 2318 2852 glorla,
2403 2783 2680 2838 hominem
2761 2782 2911 2851 prius
2995 2779 3275 2834 mortalem
3357 2781 3612 2835 redderet

2045 2893 2064 2926 ι
2110 2873 2498 2942 immortalem,
2528 2884 2583 2929 et
2615 2883 2762 2928 tanta
2792 2873 2941 2928 illum
2969 2872 3139 2942 gloria
3172 2871 3524 2940 gloriﬁcaret,
3545 2877 3606 2934 »Β

366 2988 388 3021 ‹
417 2969 752 3040 ἀγαπητὸς,
773 2972 842 3024 ἐν
872 2965 919 3037 ᾧ
946 2971 1270 3039 εὐδόκησα.
1303 2991 1320 3022 ι
1345 2973 1452 3024 Καὶ
1481 2969 1634 3034 αὖθις
1667 2971 1934 3042 ἐπιφέρει⁵

2047 2983 2067 3018 ι
2108 2975 2165 3020 ιιι
2184 2981 2288 3020 non
2307 2967 2468 3019 modo
2500 2966 2762 3020 servitute
2785 2963 2950 3034 priori
2977 2963 3236 3017 liberetur
3259 3001 3274 3025 ,
3301 2963 3393 3017 sed
3423 2963 3614 3033 majori

368 3075 388 3109 ε
428 3057 548 3110 Ὅτι
581 3060 609 3110 6
632 3054 802 3127 Λόγος
830 3058 921 3111 τοῦ
954 3059 1187 3130 ἀοράτου
1217 3059 1352 3114 Θεοῦ
1399 3061 1486 3114 διά
1520 3061 1796 3132 Παρθένου
1825 3062 1935 3132 (77)

2045 3076 2065 3109 ι
2108 3057 2275 3128 gloria
2315 3059 2581 3112 vestiatur
2610 3072 2773 3127 quam
2809 3056 2988 3124 capiat
3019 3054 3198 3108 homo.
3223 3072 3242 3106 ι
3293 3053 3359 3106 Ει
3392 3053 3613 3118 iterum,

367 3165 389 3198 ι
424 3146 784 3216 τεχθήσεσθαι
830 3148 1045 3218 ἔμελλε,
1078 3149 1171 3202 καὶ
1202 3147 1300 3219 τὴν
1338 3147 1684 3219 ἀνθρωπίνην
1734 3148 1935 3217 ἀναλή-

2043 3151 2133 3224 {8.
2156 3147 2392 3223 XCVII]:
2417 3170 2434 3201 ι
2461 3149 2525 3204 Ut
2551 3150 2820 3203 hominem
2837 3147 2983 3201 illum
3004 3147 3194 3216 priusa
3219 3144 3432 3200 diabolo
3455 3158 3618 3212 supe-

368 3254 388 3288 ι
419 3237 614 3308 ψεσθαι
640 3239 838 3310 σάρκα.
869 3241 977 3293 Καὶ
1004 3242 1090 3294 ἴνα
1111 3232 1179 3293 διδ
1196 3241 1365 3310 αὐτῆς
1394 3241 1486 3293 τὸν
1520 3235 1783 3311 πρότερον
1810 3257 1935 3293 κατ-

2046 3261 2066 3295 ι
2113 3254 2313 3308 ratum,
2369 3242 2633 3296 victorem
2663 3239 2865 3294 diaboli
2905 3239 3282 3292 constitueret.
3327 3236 3612 3290 Hominem

368 3346 388 3379 ι
431 3328 723 3399 ισχύσαντα
784 3329 874 3383 τοῦ
924 3329 1214 3402 ἀνθρώπου
1273 3330 1516 3384 διάϐολον
1567 3330 1935 3398 καταγωνισά-

2045 3355 2066 3389 ι
2111 3336 2316 3390 idcirco
2342 3338 2396 3388 in
2433 3349 2492 3388 se
2517 3332 2845 3402 assumpsit,
2874 3340 2934 3385 ut
2955 3331 3096 3399 quod
3126 3342 3465 3396 consequens
3488 3326 3611 3392 fuit,

365 3436 388 3470 ι
428 3437 607 3490 μενος,
635 3421 708 3492 μὴ
742 3423 900 3492 μόνον
933 3421 1210 3494 ἄφθαρτον
1237 3421 1400 3475 αὑτὸν
1431 3422 1525 3474 καὶ
1557 3423 1823 3475 ἀθάνατον
1855 3437 1935 3489 γε-

2045 3444 2064 3480 ι
2109 3426 2235 3480 huic
2269 3425 2540 3495 primitias
2578 3423 2862 3492 potestatis
2894 3436 3006 3474 suae
3031 3420 3352 3489 impertiret.
3377 3438 3395 3470 ι
3431 3419 3495 3471 Et
3521 3433 3618 3470 an-

355 3527 389 3570 ¹ι
420 3510 604 3565 νέσθαι
640 3513 1057 3586 παρασκευάσῃ,
1089 3512 1225 3567 ἀλλά
1255 3513 1350 3566 καὶ
1382 3511 1669 3585 σύνθρονον
1695 3515 1751 3565 ὲν
1776 3512 1935 3583 ούραν-

2042 3518 2205 3575 nectit
2226 3515 2315 3588 [Π.
2334 3514 2591 3587 XXXV]:
2617 3532 2635 3565 ι
2660 3512 2759 3570 Hic
2773 3521 2860 3568 est
2875 3513 2962 3566 ille
2978 3512 3224 3574 dilectus,
3245 3510 3402 3563 homo
3422 3525 3617 3577 nempe

366 3618 388 3652 ι
431 3603 536 3664 δοῖς
568 3602 646 3673 τῷ
686 3603 823 3674 Θεῷ.
868 3624 886 3656 ι
942 3604 1128 3658 Ταῦτα
1155 3603 1212 3658 δὲ
1245 3605 1422 3658 πάντα
1455 3606 1749 3672 ἀναγκαῖον
1805 3619 1935 3656 οκατ-

2043 3625 2064 3662 ι
2113 3605 2293 3662 Verbo
2338 3607 2594 3660 adunitus
2624 3622 2639 3659 :
2668 3606 2734 3660 de
2777 3619 2885 3673 quo
2927 3603 3166 3672 loquitur
3217 3601 3549 3670 evangelista
3597 3620 3612 3635 -

361 3687 508 3760 ἐχειν
532 3692 590 3744 ὲν
621 3692 913 3764 μνήμῃηδιὰ
937 3694 1006 3747 τὰ
1037 3694 1297 3765 μέλλοντα
1331 3695 1420 3748 ὑπ’
1448 3693 1612 3748 αὑτοῦ
1638 3693 1746 3765 (78)
1778 3688 1935 3765 Μαρ-

2045 3717 2066 3752 ι
2113 3699 2210 3754 Hic
2235 3709 2318 3752 est
2349 3697 2518 3752 Filius
2553 3712 2704 3752 meus
2740 3696 2968 3751 dilectus
3001 3696 3054 3748 in
3086 3708 3192 3762 quo
3225 3693 3552 3761 complacui.
3589 3711 3610 3746 ι

362 3781 555 3837 κέλλου
589 3786 730 3839 κατὰ
771 3788 868 3856 τῆς
916 3787 1136 3858 σαρκὸς,
1175 3783 1242 3858 ἦς
1278 3786 1568 3857 ἀνείληφεν
1597 3788 1625 3839 6
1665 3785 1758 3839 τοῦ
1803 3783 1935 3844 Θεοῦ

2043 3788 2402 3862 Adiungit[R.
2435 3787 2696 3860 XCVIII]:
2723 3806 2742 3840 ι
2766 3787 2918 3854 Quod
2948 3785 3179 3841 Verbum
3209 3784 3491 3839 invisibilis
3519 3782 3616 3838 DeI

363 3874 554 3942 Λόγος,
597 3875 983 3947 προφέρεσθαι.
1048 3877 1134 3939 Ὠς
1166 3876 1272 3947 γάρ
1313 3878 1702 3948 ἀμνημονήσας
1735 3877 1940 3931 τούτων

361 3966 618 4021 ἁπάντων
647 3962 724 4021 ὧν
768 3968 1001 4034 ἐξέθετο,
1041 3968 1192 4033 τέλος
1224 3970 1324 4022 οὐκ
1362 3969 1535 4023 αἴσιον
1578 3970 1686 4023 οὐδ’
1719 3971 1940 4035 εὐσεϐὲς

363 4057 561 4127 ἐπάγει
601 4058 681 4130 τῷ
720 4059 974 4130 σωτηρίῳ
1009 4059 1240 4130 σώματι.
1283 4061 1427 4130 Πρὸς
1469 4061 1678 4125 τούτοις
1712 4062 1936 4127 ἅπασιν,

363 4149 554 4222 ὥσπερ
585 4153 692 4206 τῶν
741 4154 1021 4224 προτέρων
1071 4152 1220 4222 αὐτῷ
1255 4153 1717 4224 κατωρθωμένων,
1751 4155 1940 4226 πειρᾶ-

361 4253 457 4300 ται
477 4242 748 4296 δεικνύναι
785 4244 879 4296 καὶ
905 4242 986 4307 τὸ,
1019 4246 1052 4296 ό
1083 4245 1296 4312 Κύριος
1325 4245 1740 4308 ἐϐασίλευσεν,
1759 4246 1941 4315 ἀγαλ-

362 4335 592 4388 νῑιάσθω
619 4336 656 4402 ἡ
697 4334 794 4404 γῆ,
829 4338 907 4399 είς
936 4335 1032 4407 τὴν
1073 4337 1249 4408 σάρκα
1275 4337 1657 4408 ἀναφέρεσθαι.
1689 4338 1851 4406 Λέγει
1883 4337 1940 4394 δὲ

364 4425 558 4488 οὕτως·
593 4447 611 4479 ι
657 4428 714 4480 Ὀ
746 4428 876 4496 γοῦν
923 4429 1186 4491 καταϐὰς,
1236 4429 1328 4482 καὶ
1367 4429 1466 4500 τὴν
1500 4429 1677 4500 σάρκα
1713 4429 1800 4481 διὰ
1841 4429 1940 4500 τῆς

2046 3899 2065 3931 ι
2112 3880 2202 3950 qui
2237 3880 2359 3944 fuit,
2385 3895 2480 3948 per
2519 3877 2793 3948 Virginem
2833 3886 2953 3931 erat
2989 3877 3326 3939 nasciturus,
3374 3883 3430 3926 et
3459 3887 3608 3926 sum—

2047 3989 2066 4024 ι
2108 3981 2300 4038 pturus
2347 3972 2639 4027 humanam
2699 3985 2960 4034 carnem,
3017 3977 3072 4022 et
3127 3968 3180 4020 in
3233 3965 3320 4020 illa
3345 3963 3614 4018 diabolum

2046 4081 2066 4115 ι
2113 4063 2483 4118 debellaturus
2527 4063 2618 4132 qui
2665 4062 2792 4116 olim
2847 4060 3204 4129 prmvaluerat
3242 4071 3256 4112 :
3289 4073 3394 4112 non
3447 4058 3498 4111 in
3551 4071 3620 4112 eo

2046 4171 2066 4205 ι
2114 4163 2318 4207 tantum
2360 4155 2502 4222 quod
2551 4153 2699 4206 illum
2733 4153 3042 4205 redditurus
3084 4148 3184 4202 fuit
3234 4147 3620 4215 incorruptibi-

2047 4264 2068 4299 ι
2115 4245 2218 4299 lem
2264 4254 2320 4298 et
2353 4245 2739 4309 immortalem,
2782 4243 2875 4298 sed
2929 4241 3119 4296 eodem
3168 4239 3308 4294 solio
3363 4239 3417 4291 in
3463 4239 3620 4294 cmlis

2044 4355 2066 4389 ι
2111 4351 2233 4391 cum
2272 4336 2382 4390 Deo
2412 4350 2816 4390 consessorum.
2851 4352 2870 4386 ι
2920 4331 3057 4386 Sunt
3092 4332 3197 4386 ista
3241 4331 3466 4386 omnino
3501 4343 3618 4384 me-

2043 4431 2213 4483 moria
2261 4427 2560 4488 rctinenda,
2612 4436 2829 4495 propter
2861 4425 2950 4478 illa
2980 4438 3099 4492 quae
3137 4422 3395 4490 producet
3431 4419 3619 4475 statim

370 4535 392 4570 ι
427 4518 703 4591 Παρθένου
735 4519 1073 4591 προσλαϐὼν,
1109 4520 1416 4589 κατεστάθη
1439 4520 1690 4589 βασιλεὺς
1724 4519 1815 4573 ἐπὶ
1842 4519 1935 4591 τὴν

2046 4521 2275 4590 ipsemet
2329 4519 2662 4585 Marcellus,
2718 4530 2906 4572 contra
2967 4532 3186 4572 carnem
3245 4515 3392 4568 illam
3454 4526 3618 4582 quam

369 4626 392 4661 ‹
440 4608 785 4680 Ἐκκλησίαν,
812 4609 1072 4679 δηλονότι,
1103 4610 1188 4662 ἵνα
1219 4609 1306 4662 διά
1331 4609 1426 4662 τοῦ
1459 4611 1632 4679 Λόγου
1662 4612 1690 4662 6
1715 4612 1814 4681 τῆς
1844 4610 1939 4680 βα-

370 4718 392 4753 ι
432 4700 636 4764 σιλείας
676 4699 784 4752 τῶν
821 4699 1066 4770 οὐρανῶν
1115 4697 1382 4770 πρότερον
1431 4701 1800 4766 ὲκπεπτωκὼς
1848 4703 1940 4757 ἄν·

371 4810 394 4847 s
432 4791 650 4864 θρωπος
683 4791 963 4862 βασιλείας
1005 4790 1206 4861 δυνηθῇ
1243 4795 1447 4862 τυχεῖν.
1493 4793 1692 4847 Τοῦτον
1731 4790 1822 4847 οὖν
1852 4794 1940 4848 τὸν

371 4899 396 4936 ¢
426 4883 709 4953 ἄνθρωπον
734 4883 826 4936 τὸν
855 4881 1139 4953 πρότερον,
1165 4882 1251 4934 διὰ
1279 4883 1374 4954 τὴν
1402 4883 1682 4956 παρακοήν
1712 4885 1811 4955 τῆς
1847 4886 1941 4955 βα-

373 4990 393 5024 ι
435 4973 638 5036 σιλείας
684 4972 1095 5034 ἐκπεπτωκότα,
1149 4973 1350 5042 Κύριον
1388 4974 1479 5025 καὶ
1517 4972 1648 5026 Θεὸν
1687 4974 1938 5042 γενέσθαι

374 5083 394 5116 ι
433 5064 752 5135 βουλόμενος
778 5067 805 5118 6
845 5063 996 5125 Θεὸς,
1038 5060 1239 5132 ταύτην
1282 5063 1379 5132 τὴν
1424 5064 1732 5133 οἰκονομίαν
1764 5065 1941 5134 εἰργά-

374 5174 393 5207 ι
435 5171 584 5209 σατο.
632 5155 691 5208 '0
721 5151 813 5208 οὖν
845 5153 1145 5222 ἀγιώτατος
1172 5155 1457 5224 προφήτης
1483 5154 1642 5206 Δαυῖδ
1671 5172 1940 5226 προφητι-

2045 4612 2336 4680 assumpsit
2364 4611 2456 4666 Dei
2495 4610 2755 4665 Verbum.
2793 4609 2969 4664 Veluti
2996 4608 3139 4662 enim
3167 4606 3364 4662 oblitus
3388 4607 3619 4660 istorum

2045 4704 2283 4758 omnium
2307 4716 2427 4770 quae
2454 4701 2707 4767 adduxit,
2741 4702 2901 4755 linem
2943 4701 3166 4755 minime
3194 4709 3620 4756 consentaneum

2045 4791 2256 4861 pietati,
2324 4800 2379 4846 et
2433 4791 2726 4846 infaustum
2777 4790 2912 4846 satis
2970 4791 3184 4860 corpori
3247 4789 3621 4859 superinducit

2059 4882 2392 4937 Servatoris.
2456 4881 2604 4936 Ultra
2659 4882 2761 4935 ista
2833 4882 3048 4950 quidem
3101 4882 3307 4945 omnia,
3366 4890 3620 4946 tanquam

2046 4984 2192 5028 recte
2224 4975 2608 5038 successerint,
2645 4983 2697 5027 et
2727 4989 2792 5027 ex
2822 4976 3001 5027 animo
3024 4977 3305 5044 superiora
3333 5011 3347 5035 ,
3395 4983 3622 5025 conatur

2046 5067 2352 5126 Ostendere.
2383 5075 2436 5119 et
2469 5066 2615 5120 illum
2655 5066 2817 5119 etiam
2854 5076 3089 5128 textum,
3137 5063 3388 5134 Regnavit
3435 5059 3622 5113 Domi-

2048 5173 2170 5220 nus,
2209 5155 2430 5209 exsultet
2459 5168 2600 5210 terra
2638 5158 2707 5220 ³⁸,
2746 5161 2812 5210 de
2841 5172 3004 5210 carne
3044 5155 3473 5225 intelligendum.
3530 5152 3622 5206 Ait

328 5339 340 5416 ξ
444 5348 504 5406 »14
535 5341 630 5397 Ed.
661 5338 832 5396 Paris.
866 5356 985 5412 pag.
1013 5339 1101 5394 49.
1173 5341 1216 5370 ³²
1242 5338 1451 5392 Coloss.
1482 5353 1521 5400 ι,
1554 5335 1638 5390 16.
1717 5334 1762 5366 ³³
1786 5335 1804 5389 ι
1829 5332 1935 5388 Tiir

2046 5367 2060 5399 ,
2091 5333 2140 5391 5.
2219 5331 2436 5387 "Joan.
2468 5348 2563 5396 xu,
2596 5330 2686 5388 28.
2762 5333 2805 5363 ’³
2838 5330 2980 5385 Psal.
3018 5345 3155 5393 XCVI,
3196 5329 3246 5381 1.

500 5543 554 5610 7)
579 5540 750 5608 Vulgo
772 5542 869 5610 τῆς
897 5539 1072 5610 Παρθ.

2061 5530 2302 5592 homine,
2324 5530 2534 5595 delirat,
2563 5547 2683 5582 cum
2707 5530 2840 5584 ultra
2859 5544 3044 5581 omnes
3061 5529 3323 5590 homines,
3343 5538 3461 5595 post
3493 5542 3619 5580 συν-

469 5599 559 5679 78’)
590 5599 905 5665 Μέλλοιίέα
931 5599 1032 5663 ὑπ’
1063 5608 1272 5662 αὑτοῦ.
1301 5607 1555 5670 Omnino,
1591 5614 1647 5679 ut
1686 5604 1935 5679 Eusebius

2057 5601 2723 5679 télstav_exit_i:uiicnduni,
2758 5604 2897 5679 qu'ml
2937 5599 3085 5662 τέλος
3123 5599 3621 5679 οὑκ-αἴσιονυξυοιθ

372 5675 475 5747 ait,
515 5675 628 5736 h'mc
659 5692 782 5733 sunt
813 5682 1168 5733 obserVandu.
1209 5679 1340 5731 Νιιιιι
1391 5675 1711 5747 stupendum
1749 5676 1800 5726 in
1837 5690 1946 5747 nio-

377 5743 494 5808 rem
523 5751 777 5805 insanivit
807 5747 1114 5810 Marcellus,
1137 5749 1183 5801 si
1207 5764 1332 5802 vera
1369 5743 1523 5802 nobis
1552 5746 1618 5798 de
1649 5744 1740 5799 illo
1764 5743 1948 5796 retulit

380 5821 743 5876 adversarius.
778 5818 910 5871 Nam
947 5818 1014 5871 de
1037 5818 1234 5872 Christi
1273 5832 1462 5882 carne,
1493 5815 1594 5870 hoc
1616 5824 1697 5870 est
1727 5813 1946 5868 Christo

621 5915 894 5974 ΡΑτιιοι..
946 5913 1063 5974 Gn.
1131 5911 1353 5976 XXIV.

2057 5680 2232 5724 vocat.
2247 5669 2533 5723 M.—Inl'ra
2565 5673 2720 5737 vulgo
2742 5669 2942 5740 ταύτην
2959 5673 3146 5732 οίκον.,
3167 5678 3215 5722 et
3231 5668 3400 5736 λέγει,
3417 5667 3648 5738 Κύριας¹

2053 5740 2232 5806 ὲϐασ.;
2255 5743 2377 5797 dein
2408 5740 2659 5804 λαϐόντος
2679 5741 2869 5811 χρόνου
2891 5741 3031 5796 τοῦδ.
3063 5742 3125 5796 Β.

3223 5905 3301 5962 96
