4088 6392
459 381 554 440 ἔτιὶ

1130 383 1392 438 EUSEBll
1432 381 1906 439 CESARIENSIS
1947 381 2098 442 OPP.
2134 378 2312 441 PARS
2351 385 2441 441 1V.
2481 415 2551 425 --
2585 385 3011 444 DOGMATICA.

3603 389 3712 448 8i!

467 514 644 558 autem
666 503 754 576 [Β.
786 501 969 573 XCIX]
996 521 1006 554 :
1045 521 1062 554 ι
1088 503 1187 568 Qui
1222 504 1536 570 descendit,
1569 504 1688 560 ideo
1722 513 1777 559 et
1809 519 2031 560 carnem

2141 523 2162 558 ι
2200 505 2313 569 κῶς
2330 505 2501 575 λέγει,
2555 507 2608 558 '0
2637 508 2852 576 Κύριος
2887 508 3302 575 ἐϐασίλευσεν,
3329 509 3716 580 ἀγαλλιάσθω

465 611 486 644 ι
535 595 824 662 assumpsit
862 594 928 647 de
970 592 1188 661 Virgine
1212 632 1226 655 ,
1268 608 1360 646 rex
1393 602 1475 646 est
1503 595 1836 648 constitutus
1871 609 2030 663 super

465 700 483 733 ι
526 683 840 746 Ecclesium,
872 695 1063 750 nempe
1097 683 1146 733 in
1180 696 1303 734 eum
1341 679 1526 745 linem,
1570 694 1627 735 ut
1662 683 1739 736 sic
1775 697 1871 749 per
1903 681 2033 735 Ver-

464 793 484 826 ι
533 776 679 839 bum,
716 773 878 826 homo
915 772 1004 841 qui
1043 772 1191 839 prius
1217 771 1478 826 caelorum
1525 787 1695 840 regno
1715 760 2027 837 'excidcrat,

461 881 482 917 ι
530 878 754 931 regnum
814 862 945 916 illud
1003 862 1182 916 denuo
1237 873 1679 930 consequeretur.
1747 861 2030 916 licininem

460 971 480 1004 ‹
526 968 657 1023 ergo
685 953 846 1008 istum
878 953 970 1022 qui
1011 967 1176 1023 regno
1209 953 1362 1021 prius
1395 954 1674 1007 exciderat
1718 968 1812 1023 per
1841 953 2028 1008 inobe-

461 1063 479 1095 ι
524 1045 782 1100 dientiam
813 1061 987 1109 suam,
1024 1045 1307 1099 Dominum
1373 1056 1426 1099 et
1481 1046 1646 1099 Deum
1683 1046 1799 1100 fieri
1850 1045 2031 1100 volens

460 1152 478 1185 ι
526 1135 688 1197 Deus,
747 1136 887 1188 hanc
937 1137 1298 1189 oeconomiam
1362 1137 1432 1188 ita
1483 1135 1838 1204 dispensavit.
1887 1137 2033 1202 Quo-

458 1231 667 1284 c‘circa
701 1231 1079 1284 sanctissimus
1128 1240 1276 1286 vates
1322 1231 1488 1284 David
1533 1231 1852 1300 prophetico
1885 1245 2033 1284 more

459 1343 477 1376 ι
529 1324 672 1378 fatur
697 1342 709 1376 :
750 1323 1005 1394 Regnavit
1033 1322 1318 1386 Dominus,
1346 1324 1571 1376 exsultet
1601 1337 1796 1376 terra.)
1823 1324 1886 1377 Et
1911 1333 2034 1392 post

453 1415 558 1470 alia
583 1417 826 1484 quaedam
867 1413 1136 1468 subinfcrt
1169 1413 1267 1485 [Ιῖ.
1298 1413 1363 1486 (η
1399 1433 1411 1467 :
1448 1434 1464 1465 ι
1490 1414 1568 1469 Ob
1608 1431 1766 1484 quam
1814 1430 2032 1469 causam

459 1527 476 1560 ι
525 1509 680 1577 quasi
709 1508 967 1562 Dominus
993 1517 1176 1562 noster
1217 1506 1375 1563 Jesus
1421 1507 1669 1564 Christus
1695 1549 1709 1573 ,
1743 1511 1891 1578 regni
1932 1509 2036 1563 ini-

459 1619 478 1653 ι
528 1601 660 1655 ιίυιη
686 1600 1000 1669 auspicatus
1029 1598 1208 1653 fuerat
1240 1614 1270 1651 a
1293 1601 1528 1669 quodam
1575 1608 1856 1669 tempore,
1892 1600 2031 1653 vati-

459 1713 478 1745 ‹
521 1695 723 1748 ciuium
761 1693 910 1748 canit
941 1691 1092 1763 :Ego
1134 1703 1311 1746 autem
1365 1708 1457 1745 rea:
1486 1691 1548 1745 ab
1581 1691 1675 1745 illo
1716 1693 2032 1746 constitutus

459 1803 479 1836 ι
524 1802 640 1839 sum
673 1785 739 1839 ".
773 1803 792 1837 ι
848 1785 917 1839 Ει
947 1799 1139 1839 rursus
1165 1783 1315 1838 addit
1347 1799 1360 1834 :
1392 1783 1472 1838 Ob
1497 1797 1616 1838 eam
1645 1797 1866 1838 causam
1914 1799 2032 1850 rex,

2139 613 2156 646 ι
2199 596 2238 662 ἡ
2407 615 2424 648 ι
2465 596 2570 650 Καὶ
2599 598 2715 668 μεθ’
2743 600 2905 670 ἕτερα
2934 599 3215 670 ἐπιφέρει·
3259 619 3277 651 ι
3323 601 3400 652 Δι’
3435 602 3498 672 ἣν
3533 599 3712 654 αἰτίαν

2138 706 2156 737 ι
2195 688 2384 760 ὥσπερ
2414 689 2589 760 ἀρχὴν
2623 691 2897 760 βασιλείας
2929 692 3036 745 ἀπό
3063 709 3206 756 τινος
3233 692 3485 758 λαϐόντος
3513 693 3708 764 χρόνου

2139 798 2158 833 ι
2199 781 2291 834 τοῦ
2319 782 2578 835 δεσπότου
2626 784 2784 854 ἡμῶν
2819 783 3074 854 Χριστοῦ,
3109 785 3141 854 ἡ
3187 785 3494 856 προφητεία
3522 784 3708 855 φησίν⁶

2140 888 2157 921 ι
2204 870 2350 940 Ἐγὼ
2371 870 2439 923 δὲ
2467 873 2843 942 κατεστάθην
2856 875 3157 940 βασιλεὺς
3181 877 3282 929 ὑπ’
3307 877 3511 932 αὐτοῦ.
3548 895 3567 928 ι
3602 875 3712 928 Καὶ

2134 961 2296 1014 πάλιν
2328 962 2600 1031 ἐπιφέρει·
2622 982 2641 1015 ι
2666 964 2765 1016 Διά
2780 964 2936 1018 τοῦτο
2948 964 3054 1036 γὰρ
3073 968 3166 1018 καὶ
3186 965 3454 1036 βασιλεύει
3468 966 3602 1038 (79),
3623 966 3713 1020 ἵνα

2140 1070 2158 1103 ι
2192 1054 2248 1104 ὲν
2277 1055 2340 1122 τῇ
2369 1051 2684 1126 ἀνθρωπίνῃ
2716 1056 2880 1126 σαρκὶ
2908 1056 3216 1126 γενόμενος,
3251 1057 3502 1127 βασιλεύς
3528 1075 3587 1110 τε
3613 1076 3711 1110 κα-

2139 1161 2157 1191 ι
2198 1141 2422 1205 ταστάς,
2472 1141 2559 1194 διὰ
2588 1141 2682 1195 τοῦ
2718 1144 2914 1211 Λόγου,
2962 1147 2989 1197 ό
3023 1145 3280 1208 κενωθεὶς
3323 1146 3584 1216 πρότερον
3617 1147 3712 1201 ἄν-

2141 1249 2160 1282 (
2197 1231 2430 1303 Θρωπος,
2461 1235 2640 1288 πᾶσαν
2674 1235 2848 1306 ἀρχὴν
2879 1235 2970 1288 τοῦ
3018 1237 3288 1301 διαϐόλου,
3335 1241 3428 1291 καὶ
3461 1238 3709 1310 δύναμιν,

2141 1341 2159 1373 ι
2201 1325 2296 1376 καὶ
2323 1323 2569 1388 ἐξουσίαν
2606 1330 2947 1401 καταργήσῃ.
2980 1349 3000 1379 ι
3034 1330 3279 1383 Τοσαῦτα
3304 1331 3432 1402 περὶ
3459 1332 3556 1402 τῆς
3583 1349 3710 1404 σαρ-

2134 1418 2229 1480 κὸς
2253 1419 2346 1471 τοῦ
2390 1419 2661 1490 Σωτῆρος,
2694 1423 2788 1474 καὶ
2815 1422 3018 1475 τούτων
3057 1422 3135 1475 ἔτι
3180 1424 3346 1478 πολλὰ
3381 1425 3599 1478 πλείονα
3629 1428 3711 1479 εί-

2135 1508 2269 1573 πὼν,
2304 1511 2478 1582 φήσας
2512 1529 2569 1563 τε
2601 1512 2768 1583 αὐτὴν
2800 1509 2938 1565 εἶναι
2971 1515 3069 1585 τὴν
3104 1516 3286 1568 εἰκόνα
3329 1515 3422 1570 τοῦ
3452 1516 3586 1570 Θεοῦ
3617 1517 3712 1571 τοῦ

2134 1603 2388 1673 ἀοράτου,
2434 1605 2529 1658 καὶ
2571 1605 2661 1658 τὸν
2707 1607 3058 1678 Πρωτότοκον
3109 1608 3291 1680 πάσης
3337 1610 3585 1674 κτίσεως,
3621 1612 3717 1665 καὶ

2134 1694 2225 1746 τὸν
2257 1694 2501 1765 βασιλέα,
2536 1699 2630 1750 καὶ
2663 1697 2752 1750 τὸν
2807 1698 3036 1770 Ἰησοῦν,
3067 1701 3276 1754 καὶτὸν
3321 1702 3573 1770 Χριστὸν,
3623 1704 3717 1756 καὶ

2136 1786 2226 1840 τὸν
2255 1789 2561 1858 ἀγαπητὸν,
2597 1791 2691 1843 καὶ
2729 1792 2829 1844 ὅσα
2857 1791 2988 1845 ἄλλα
3019 1794 3297 1858 κατέλεξε·
3328 1795 3394 1848 δι’
3429 1796 3599 1866 αὐτήν
3629 1813 3712 1861 τε,

459 1897 478 1931 ι
527 1888 586 1932 ut
614 1893 738 1934 cum
765 1877 1002 1932 humana
1044 1892 1210 1932 carne
1244 1878 1572 1932 constitutus
1596 1919 1611 1944 ,
1645 1886 1701 1931 et
1729 1877 2035 1932 declaratus

2139 1877 2310 1931 ταῦτα
2362 1881 2535 1934 πάντα
2590 1881 2852 1952 κληθῆναι
2916 1884 3005 1937 τὸν
3050 1886 3222 1954 Λόγον
3273 1886 3716 1958 ἀποφηνάμενος,

460 1987 481 2021 ι
528 1984 648 2033 rex,
686 1969 994 2023 exinanitus
1033 1967 1184 2036 prius
1221 1969 1408 2044 homo,
1441 1981 1602 2021 omne
1635 1967 1832 2020 diaboli
1868 1968 2034 2035 impe-

2138 1971 2320 2022 ὁποῖον
2349 1971 2501 2035 τέλος
2533 1974 2670 2044 αὐτῇ
2693 1975 3035 2046 περιτίθησιν
3063 1977 3162 2048 ἤδη
3199 1977 3474 2048 θεωρῆσαι
3503 1979 3714 2051 καιρός.

460 2085 478 2118 ι
528 2067 685 2129 rium,
711 2066 819 2120 vim
846 2076 899 2119 et
928 2074 1253 2135 potestatem
1286 2079 1384 2134 per
1409 2064 1644 2118 Verbum
1677 2071 1988 2117 evacuaret.
2036 2083 2056 2116 ι
2100 2063 2203 2119 Tot
2228 2066 2338 2125 ille.
2403 2081 2457 2122 et
2496 2069 2715 2138 quidem
2748 2071 2904 2139 longe
2929 2072 3106 2141 plura,
3146 2074 3212 2127 de
3241 2089 3409 2128 carne
3441 2089 3720 2130 commen.

457 2172 540 2215 tus
580 2159 908 2224 Servatoris,
957 2164 1015 2220 ›Ῑ‹
1059 2166 1346 2228 postquam
1419 2157 1571 2210 illam
1655 2157 1960 2211 nominarat
2011 2157 2102 2213 Dei
2139 2159 2430 2231 imaginem
2476 2164 2784 2230 invisibilis,
2835 2174 2889 2220 et.
2927 2167 3103 2221 omnis
3141 2177 3403 2223 creatura:
3443 2169 3720 2240 primogc-

455 2255 646 2315 nitum,
680 2262 734 2306 et
782 2266 984 2321 regem,
1016 2259 1070 2305 et
1109 2248 1312 2314 Jesum,
1380 2257 1436 2304 et
1475 2248 1776 2314 Christum,
1826 2257 1879 2303 et
1923 2248 2199 2317 dilectum,
2263 2266 2317 2307 et
2379 2270 2499 2324 quae
2539 2255 2639 2310 alia
2704 2257 3153 2313 commemoravit
3186 2277 3199 2312 :
3240 2260 3461 2331 insuper
3492 2261 3716 2316 addide-

457 2353 560 2409 rat,
610 2352 831 2414 pr0pter
874 2342 1020 2398 illam
1077 2342 1247 2412 ipsam
1284 2356 1533 2408 carnem,
1591 2351 1668 2396 tot
1718 2341 2026 2399 nominibus
2094 2342 2330 2400 Verbum
2389 2348 2704 2419 insignitum
2787 2347 2974 2416 fuisse,
3014 2349 3175 2406 ﬁnem
3225 2360 3407 2408 tamen
3454 2351 3530 2408 illi
3581 2364 3709 2408 eum

455 2437 686 2508 allingit,
716 2450 873 2507 quem
903 2450 1046 2490 nunc
1081 2443 1289 2502 tempus
1323 2443 1406 2488 est
1438 2442 1496 2488 ut
1527 2433 1955 2490 consideremus.

1099 2526 1246 2582 CAP.
1293 2526 1380 2580 ιν.

457 2619 804 2686 Qualemnam
838 2619 992 2687 ﬁnem
1018 2617 1274 2686 subinfert
1297 2615 1586 2672 Marcellus
1629 2616 1829 2673 Christi
1853 2632 2035 2689 regno,

837 2698 888 2743 et
941 2693 1088 2742 carni
1133 2703 1292 2757 quam
1342 2689 1643 2758 assumpsit.

526 2781 616 2853 [R.
651 2779 718 2853 C]
753 2799 771 2834 ι
802 2778 953 2835 Hanc
991 2779 1192 2834 etenim
1224 2780 1295 2835 ob
1324 2794 1544 2834 causam
1578 2790 1898 2852 regnaturus
1931 2791 2036 2849 est,

463 2891 483 2936 ι
526 2875 759 2927 humana
792 2886 958 2925 carne
984 2870 1239 2939 praeditus
1279 2885 1376 2938 per
1419 2869 1657 2926 Verbum
1707 2875 2034 2928 constitutus

462 2984 484 3018 ι
528 2981 643 3030 rex,
675 2966 837 3019 homo
876 2962 964 3016 ille
993 2961 1119 3016 olim
1157 2963 1416 3032 deceptus
1444 2983 1457 3018 :
1483 2973 1539 3017 et
1567 2979 1782 3019 omnem
1813 2966 1886 3019 ita
1918 2966 2035 3019 dia-

464 3073 486 3108 ι
529 3054 635 3110 boli
663 3051 1130 3123 potestatem,vim
1147 3067 1200 3106 et
1225 3053 1509 3121 imperium
1534 3055 1840 3109 evacuabit.
1859 3055 2033 3124 Opor-

461 3163 486 3198 s
530 3155 599 3200 tet
626 3143 763 3199 enim
788 3143 960 3208 illum,
985 3143 1178 3213 inquit,
1209 3158 1424 3212 regnare
1449 3159 1611 3212 usque
1641 3145 1768 3199 dum
1793 3147 2032 3199 inimicos

2777 2527 2936 2582 ΚΕΦ.
2993 2530 3064 2583 Δ¹.

2149 2617 2381 2694 ’011ῐοῖοΪ⁸
2409 2615 2762 2694 Μάρκελλος
2789 2618 2995 2694 ἐξάγει
3015 2621 3189 2694 τέλος
3211 2621 3286 2692 τῇ
3312 2623 3421 2678 τοῦ
3456 2625 3718 2694 Χριστοῦ

2324 2689 2634 2755 βασιλείᾳ,
2666 2689 2764 2741 καὶ
2802 2689 2876 2758 τῇ
2904 2693 3082 2760 σαρκὶ
3114 2692 3194 2760 ἢν
3219 2689 3527 2765 ἀνείληφε.

2215 2795 2233 2828 ι
2274 2777 2373 2829 Διά
2420 2777 2575 2830 τοῦτο
2629 2778 2736 2850 γάρ
2799 2779 3129 2850 βασιλεύσει,
3183 2783 3241 2836 ἐν
3287 2788 3353 2857 τῇ
3405 2787 3719 2862 ἀνθρωπίνῃ

2147 2888 2166 2922 ι
2202 2869 2364 2938 σαρκὶ
2414 2870 2725 2940 γενόμενος,
2783 2871 3031 2941 βασιλεύς
3076 2891 3137 2926 τε
3180 2877 3455 2942 καταστὰς
3491 2879 3579 2932 διά
3621 2881 3717 2934 τοῦ

2144 2979 2165 3012 ‹
2203 2961 2399 3029 Λόγου,
2432 2961 2460 3012 ὁ
2495 2962 2794 3034 ἀπατηθεὶς
2826 2963 3089 3036 πρότερον
3119 2965 3402 3038 ἅνθρωπος
3440 2968 3574 3040 (80),
3613 2971 3719 3024 πᾶ-

2146 3071 2165 3104 ι
2204 3071 2302 3106 σαν
2329 3054 2504 3125 ἀρχὴν
2531 3053 2624 3107 τοῦ
2653 3055 2897 3109 διαϐόλου
2938 3058 3034 3110 καὶ
3077 3058 3304 3130 δύναμιν
3337 3061 3431 3114 καὶ
3471 3060 3719 3126 ἐξουσίαν

2146 3162 2164 3194 ι
2207 3148 2566 3217 καταργήσει.
2615 3149 2707 3199 Δεῖ
2759 3149 2868 3222 γάρ
2929 3151 3091 3204 αὑτὸν
3146 3152 3466 3222 βασιλεύειν,
3515 3156 3719 3227 φησὶν,

463 3259 485 3295 ι
528 3254 650 3293 suos
673 3245 871 3291 statuat
903 3237 997 3290 sub
1020 3237 1232 3304 pedibus
1262 3236 1374 3290 suis
1408 3237 1475 3292 ³⁷.
1502 3238 1594 3292 Ait
1617 3238 1784 3307 igitur
1823 3239 2034 3294 divinus

2145 3255 2164 3287 ι
2197 3237 2354 3308 ἄχρις
2381 3231 2440 3289 οῦ
2472 3237 2537 3291 ἂν
2561 3238 2626 3309 θῇ
2656 3240 2782 3303 τοὺς
2803 3240 3032 3312 ἐχθροὺς
3058 3243 3162 3296 ὑπὸ
3191 3244 3315 3307 τοὺς
3341 3245 3506 3308 πόδας
3530 3246 3718 3304 αὐτοῦ.

464 3347 486 3381 ο
530 3328 843 3400 Apostolus,
870 3328 1017 3398 regni
1052 3328 1251 3384 Christi
1286 3328 1448 3383 linem
1484 3339 1597 3384 tum
1621 3332 1887 3396 futurum,
1917 3347 2035 3386 cum

2143 3345 2162 3379 ‹
2196 3328 2307 3398 Τῆς
2330 3327 2509 3381 τοίνυν
2539 3327 2632 3381 τοῦ
2670 3329 2930 3384 δεσπότου
2959 3331 3118 3402 ἡμῶν
3149 3333 3382 3405 Χριστοῦ
3415 3334 3718 3404 βασιλείας,

462 3438 485 3474 ι
527 3422 634 3476 sub
658 3421 884 3490 pedibus
915 3421 1029 3491 ejus
1053 3421 1230 3474 omnia
1264 3419 1693 3479 collocabantur.
1714 3421 1804 3493 [Β.
1833 3423 1895 3478 Cl
1915 3423 2037 3479 coll.

2143 3439 2163 3472 ι
2195 3419 2354 3473 τοῦτο
2386 3419 2449 3473 τὸ
2479 3421 2631 3484 τέλος
2657 3419 2796 3476 εἶναί
2824 3440 2986 3494 φησιν
3014 3426 3053 3496 ’ό
3086 3425 3231 3496 ἱερὸς
3282 3426 3624 3492 Ἀπόστολος,
3659 3427 3722 3480 τὸ

461 3535 485 3572 ι
529 3533 583 3588 p.
609 3515 758 3588 189].
785 3536 802 3568 ι
830 3517 956 3572 Post
984 3531 1150 3586 pauca
1176 3516 1421 3585 quaedam
1453 3516 1603 3570 addit
1630 3536 1644 3572 :
1680 3534 1700 3569 ι
1744 3517 2035 3574 Maximum

2142 3531 2161 3563 ι
2199 3513 2376 3566 πάντα
2408 3513 2746 3582 ὑποταγῆναι
2787 3517 2902 3576 τοῖς
2941 3516 3101 3568 ποσὶν
3141 3515 3326 3569 αὐτοῦ.
3375 3535 3393 3566 ›
3428 3518 3537 3568 Καὶ
3579 3516 3718 3586 μετά

464 3625 486 3663 I
536 3611 626 3664 hic
681 3609 1000 3680 mysterium
1057 3608 1262 3662 revelat
1291 3608 1446 3664 nobis
1516 3609 1852 3678 Apostolus,
1911 3611 2038 3666 dum

464 3719 486 3754 ι
535 3700 848 3772 pronuntiat
895 3700 1204 3753 adfuturum
1237 3700 1396 3755 linem
1424 3715 1591 3770 regno
1610 3700 2035 3757 Christi.Finem

466 3811 487 3845 ι
535 3807 695 3863 ροιΊό
754 3800 887 3856 tum,
941 3805 1061 3844 cum
1109 3803 1380 3860 ponentur
1425 3793 1606 3846 omnia
1664 3794 1764 3848 sub
1811 3795 2035 3862 pedibus

469 3903 488 3933 ι
541 3881 676 3950 ejus.
705 3899 725 3932 δ
757 3880 824 3934 Et
852 3879 1150 3947 explanans
1190 3881 1368 3935 adhuc
1398 3881 1537 3936 idem
1569 3883 1854 3938 dilucidius
1895 3883 2034 3938 scri-

461 3975 544 4029 bit
599 3972 690 4044 [Β.
729 3969 840 4042 Cll]
873 3990 884 4024 :
915 3991 936 4022 ι
970 3972 1176 4024 Dictum
1201 3980 1283 4024 est
1304 3987 1332 4024 a
1365 3972 1519 4026 nobis
1554 3973 1605 4025 in
1638 3975 2032 4042 superioribus,

467 4083 487 4116 ι
534 4065 818 4119 Dominum
846 4075 1088 4116 nostrum
1115 4063 1390 4116 Christum
1418 4064 1565 4131 regni
1593 4065 1672 4117 sui
1705 4065 2029 4133 principium

468 4173 489 4208 ι
536 4153 814 4223 accepisse
845 4169 857 4205 :
894 4151 1055 4219 idque
1082 4151 1254 4219 ipsum
1293 4150 1576 4203 docuimus
1613 4165 1642 4204 e
1685 4165 1842 4204 saera
1877 4149 2029 4204 Scri-

468 4264 488 4299 ι
538 4255 693 4316 plura
741 4244 1185 4298 demonstratum.
1216 4241 1602 4294 Testimonium
1644 4242 1874 4308 primum
1923 4249 2029 4308 est,

464 4337 576 4408 Ego
606 4338 914 4392 constitutus
951 4352 1067 4389 sum
1099 4337 1162 4388 ab
1195 4334 1287 4389 illo
1328 4349 1420 4388 rea:
1449 4349 1605 4403 super
1645 4333 1779 4389 Sion
1806 4344 2031 4388 montem

2137 3603 2343 3674 βραχέα
2371 3605 2633 3673 ἐπιλέγει·
2668 3624 2686 3656 ι
2715 3606 2988 3674 Μέγιστον
3014 3607 3145 3675 ἡμῖν
3171 3609 3466 3678 μυστήριον
3485 3607 3717 3661 ἐνταῦθα

2141 3711 2160 3744 ι
2207 3693 2530 3757 Ἀπόστολος
2585 3695 2977 3758 ἀνακαλύπτει,
3014 3692 3165 3760 τέλος
3213 3712 3309 3766 μεν
3359 3697 3576 3750 ἔσεσθαι
3622 3698 3721 3766 φά·-

2140 3803 2159 3835 ι
2195 3801 2338 3837 σκων
2368 3788 2466 3856 τῆς
2499 3785 2735 3856 Χριστοῦ
2786 3787 3087 3857 βασιλείας,
3124 3787 3276 3850 τέλος
3305 3789 3362 3841 δὲ
3403 3789 3544 3850 τότε,
3587 3789 3720 3842 ὅταν

2140 3896 2158 3928 ι
2197 3875 2371 3930 πάντα
2404 3877 2650 3948 ὑποταγῇ
2682 3881 2796 3942 τοῖς
2845 3881 3001 3932 ποσὶν
3051 3879 3236 3932 αὑτοῦ.
3273 3899 3290 3931 ι
3339 3880 3449 3933 Καὶ
3479 3879 3559 3932 ἔτι
3591 3880 3722 3951 μᾶλ-

2134 3969 2225 4022 λον
2251 3968 2754 4040 ὲπεξεργαζόμενος
2785 3969 2877 4023 τὸν
2911 3971 3074 4024 αὑτὸν
3101 3970 3280 4041 λόγον,
3313 3970 3454 4024 οὕτω
3479 3971 3714 4043 γράφει·

2140 4081 2158 4112 ι
2201 4063 2452 4132 Ἐφαμεν
2471 4062 2528 4114 ἐν
2550 4064 2660 4124 τοῖς
2687 4062 3019 4134 προάγουσιν
3035 4063 3189 4134 ἡμῶν
3215 4065 3396 4134 ῥητοῖς
3420 4063 3509 4116 τὸν
3536 4063 3720 4118 δεσπό-

2142 4171 2161 4204 ι
2204 4171 2302 4224 την
2331 4155 2489 4224 ἡμῶν
2516 4155 2609 4206 τὸν
2635 4155 2871 4225 Χριστὸν
2900 4153 3074 4224 ἀρχὴν
3105 4155 3394 4224 ἐσχηκέναι
3421 4153 3714 4224 βασιλείας,

2143 4264 2161 4297 ι
2202 4248 2263 4298 ὲκ
2298 4245 2406 4298 τῶν
2448 4246 2606 4299 θείων
2640 4246 2875 4318 Γραφῶν
2899 4245 3202 4308 ἀποδείξεσι
3239 4244 3529 4315 χρώμενοι.
3561 4247 3716 4299 Ἔστι

2145 4355 2163 4399 ι
2209 4337 2306 4406 μὲν
2326 4337 2471 4407 μίαὴ
2485 4337 2736 4405 λέγουσαο
2771 4335 2919 4405 Ἐγὼ
2941 4335 3010 4389 δὲ
3034 4335 3409 4404 κατεστάθην
3420 4337 3717 4403 ,βασιλεὺς

539 4509 598 4566 >14
628 4501 724 4556 Ed.
758 4500 930 4557 Paris.
965 4515 1083 4570 pag.
1115 4500 1203 4558 50.
1279 4500 1324 4531 ’⁸
1355 4499 1499 4555 Psal.
1533 4515 1593 4567 ιι,
1622 4498 1674 4553 6.
1749 4497 1829 4551 "l
1853 4497 1975 4554 Cor.
2007 4514 2095 4564 xv,
2116 4500 2206 4554 25.

537 4663 646 4734 (79)
667 4664 768 4718 Διὰ
787 4664 962 4718 τοῦτο
985 4664 1092 4735 γὰρ
1125 4663 1590 4735 καὶβασιλεύει,
1610 4661 1847 4735 Legend.
1886 4661 2035 4735 βασι-

461 4733 645 4790 λεύσει
691 4745 748 4787 ut
801 4733 1065 4804 principio
1116 4735 1393 4804 sequentis
1433 4734 1657 4802 capitis,
1707 4734 1793 4786 ubi
1843 4734 2030 4804 eadem

464 4803 698 4861 Marcelli
733 4800 894 4859 verba
934 4800 1266 4874 repetuntur,
1312 4813 1369 4857 ut
1419 4815 1474 4874 et
1503 4800 1624 4856 mox
1650 4818 1747 4871 pro
1777 4800 2032 4864 κενωθείς

463 4875 668 4931 rectius
698 4873 1018 4944 ἀπατηθείς,
1045 4885 1102 4928 ut
1127 4875 1287 4940 paulo
1315 4885 1434 4942 post
1461 4873 1679 4943 legitur,
1707 4883 1774 4944 et,
1794 4887 1883 4944 ex_
1903 4888 2035 4938 pra:-

464 4946 785 5002 ceden'tibus
806 4942 1060 5014 apparet;
1096 4946 1312 4999 tolerari
1339 4942 1592 5014 tameujet
1624 4946 1736 4997 haec
1765 4942 2034 5014 lecti9_po-

463 5027 592 5080 test,
622 5031 743 5069 cum
776 5010 1196 5086 exinanitiouem
1223 5015 1382 5086 regiae
1402 5013 1584 5085 gloriae
1611 5021 1866 5083 Oppouat.
1891 5010 2036 5066 Μ.-

457 5088 605 5141 Inl'ra
636 5087 796 5153 vulgo
824 5086 924 5138 ὃσα
955 5084 1139 5138 τᾶλλα.

535 5156 648 5228 (80)
704 5149 756 5208 ’ὁ
802 5155 1123 5223 ἀπατηθεὶς
1171 5153 1825 5228 πρότερονΫᾶνθρωπος.
1856 5149 1914 5204 Id
1950 5160 2034 5228 est

465 5222 698 5282 humana
735 5237 916 5282 nostra
949 5222 1161 5291 natura,
1187 5222 1306 5294 qua:
1329 5231 1378 5279 in
1402 5225 1610 5276 Adamo
1647 5239 1742 5294 per
1777 5222 2032 5294 praevari-

463 5299 731 5352 cationem
788 5297 1082 5359 ceciderat,
1145 5292 1220 5350 ini
1249 5295 1468 5350 Christo
1524 5309 1619 5362 per
1666 5292 2026 5362 obedientiam

465 5369 836 5436 triumphavit.
896 5367 1092 5419 Locum
1148 5381 1275 5418 vero
1333 5365 1472 5417 beati
1528 5361 1775 5430 'Apostoli
1820 5376 1893 5436 exp
1939 5361 2028 5414 illa

463 5438 527 5491 ad
561 5439 578 5491 ι
615 5433 863 5492 Corinth.
899 5452 986 5499 xv,
1034 5436 1122 5498 28,
1177 5450 1335 5503 quem
1387 5448 1600 5487 sursum
1641 5442 1822 5503 atque
1865 5433 2026 5486 deor-

463 5525 582 5562 sum
624 5511 759 5561 adeo
807 5515 986 5560 versat
1039 5500 1319 5568 Eusebius,
1371 5504 1482 5565 hic,
1527 5501 1674 5564 alibi,
1705 5509 1760 5555 et
1811 5500 1863 5554 in
1917 5503 2024 5555 line

463 5577 560 5632 lib.
595 5591 647 5640 v,
699 5587 847 5632 recte
894 5577 1195 5638 Marcellus,
1237 5576 1303 5629 de
1341 5573 1555 5627 Chrism
1591 5573 1808 5625 llOllIille
1858 5572 2024 5624 inter-

463 5647 817 5717 pretatur.At
855 5661 1078 5714 prorsus
1119 5646 1300 5713 impie,
1348 5646 1415 5697 ab
1442 5643 1532 5696 illo
1573 5642 1717 5717 loco,
1762 5642 1836 5717 de
1874 5641 2025 5710 regni

462 5711 624 5771 etiam
691 5725 745 5770 et
819 5711 1066 5771 essentia!
1129 5711 1593 5769 coiisunmiatione
1669 5711 2024 5776 blasphcmat.

464 5789 537 5842 Οὐ
560 5785 706 5849 τέλος
727 5786 1070 5855 ὲπιτιθεὶςίτῇ
1095 5783 1334 5854 βασιλείᾳ
1358 5779 1476 5855 εἶπε
1493 5783 1572 5846 τὸ,
1594 5783 1751 5852 ἄχρις
1764 5774 1825 5855 οὗ
1853 5781 1917 5835 ἂν
1938 5779 2024 5855 Θῇ,

463 5859 555 5912 καὶ
586 5857 732 5928 ἑξῆς.
770 5855 907 5908 Ἀλλ’
951 5851 1257 5919 ἀξιόπιστον
1285 5851 1450 5908 ποιῶν
1477 5855 1536 5906 τὸ
1581 5851 1888 5924 εἰρημένον,
1937 5854 2030 5903 καὶ

2138 4659 2357 4730 θαρρεῖν
2382 4649 2829 4730 παρασκευάζων,
2852 4657 3054 4712 ὡσανεὶ
3089 4657 3262 4726 ἔλεγε.
3301 4657 3546 4730 Semper,
3585 4667 3640 4714 et
3661 4659 3716 4714 in

2139 4728 2398 4785 alternum
2428 4728 2694 4795 regnabit.
2731 4728 2861 4780 Nam
2896 4738 2953 4782 ut
2986 4740 3132 4783 recte
3160 4731 3412 4784 obserVat
3445 4728 3717 4783 OEcume-

2138 4801 2278 4857 nius,
2311 4798 2370 4850 τὸ
2390 4797 2563 4867 ἄχρις
2590 4798 2699 4868 καὶ
2727 4798 2786 4851 τὸ
2811 4798 2923 4863 ἕως
2955 4800 3015 4852 οὐ
3044 4802 3220 4852 κεῖται
3248 4797 3438 4868 χρόνου
3475 4798 3718 4852 συντελε-

2141 4869 2343 4932 στικὸν,
2373 4865 2485 4921 ἀλλ’
2511 4870 2616 4931 ἀεὶ,
2643 4865 2754 4922 οἷον
2779 4870 2861 4934 τό,
2898 4869 3008 4938 ἐγὼ
3041 4869 3158 4939 μεθ’
3201 4865 3352 4939 suis»;
3379 4869 3514 4939 ειμι,
3539 4869 3717 4932 πάσας

2139 4939 2238 5002 τὰς
2277 4939 2506 5009 ἡμέρας,
2569 4939 2819 5010 ἓωςητῆς
2873 4938 3202 5002 συντελείας.
3253 4938 3405 5010 Quod
3448 4938 3623 5010 ipsum
3649 4941 3717 4993 de

2142 5005 2607 5080 doneé'observat
2669 5005 3032 5080 Hieronymus
3091 5016 3275 5062 contra
3313 5005 3614 5080 Helvidium
3660 5018 3715 5062 et

2145 5091 2325 5134 noster
2353 5079 2439 5133 hic
2467 5081 2518 5133 in
2546 5079 2671 5133 line.
2711 5080 2786 5134 De
2813 5076 2912 5132 loci
2938 5089 3114 5131 antem
3143 5093 3304 5130 sensu
3333 5087 3385 5128 et
3411 5076 3716 5147 intelligen-

2136 5150 2230 5210 tia,
2268 5151 2339 5201 ita
2372 5150 2460 5203 ille
2509 5151 2673 5213 tradit
2725 5166 2754 5201 a
2804 5148 3114 5203 Graecorum
3161 5147 3607 5213 commentariis:
3640 5147 3714 5198 Τὺ

2135 5218 2438 5288 βασιλεύειν
2477 5211 2711 5272 ἐνταῦθα
2753 5220 2851 5288 οὐχ
2881 5215 3087 5288 ἀπλῷς,
3125 5216 3236 5288 ἀλλ’
3284 5210 3394 5288 οἷον
3429 5216 3510 5269 δεῖ
3551 5217 3714 5288 αὑτὸν

2129 5285 2199 5341 τὰ
2242 5288 2338 5341 τοῦ
2390 5289 2652 5358 βασιλέως
2706 5285 2902 5358 ποιεῖν.
2926 5286 3103 5358 ,Τοῦτξ
3133 5286 3247 5338 ἔστι
3278 5285 3558 5358 -πολεμεῖν-
3590 5286 3716 5358 τοὺς

2130 5359 2377 5429 ἐχθροὺς,
2390 5354 2712 5428 συμμαχεῖν
2732 5356 3037 5429 τοῖςῌίδίοις.
3062 5357 3200 5419 Τοὺς
3216 5354 3711 5429 ᾲμὲν-τροποῦσβαι,

2277 5430 2335 5514 δὲ.
2361 5423 2786 5514 paeoniam
2811 5423 2871 5480 οῦ
2894 5427 2958 5480 ἂν
2979 5425 3066 5514 θῇ,
3087 5423 3498 5514 ειο’.“Μετά’γάρ
3519 5425 3710 5514 ταῦτα.

2128 5493 2495 5562 οὐδενὸς-τῶν
2564 5493 2867 5568 εἰρημένων
2923 5493 3100 5566 χρεία.
3146 5493 3551 5568 ν’Λστασίαστος
3600 5493 3711 5568 γάρ

2131 5517 2340 5562 ουοενος
2389 5517 2495 5551 των
2564 5517 2648 5568 ειρ
2733 5517 2867 5550 ενων
2923 5517 3100 5566 χρεια.
3182 5517 3551 5558 Αστασιαστος
3600 5517 3711 5566 γαρ

2131 5569 2312 5638 λοιπὸν
2329 5570 2360 5638 ἡ
2379 5517 2806 5638 βασιλείαλῗο-
2816 5567 2932 5638 llox
2967 5570 3121 5638 vulgo
3142 5566 3233 5636 ὲχθ
3243 5583 3291 5638 ρ.
3315 5565 3598 5638 ὑποπόδιον
3618 5566 3715 5638 αύ-

2131 5637 2245 5702 τοῦ,
2265 5648 2317 5692 οι
2335 5631 2507 5708 βασιλ.
2527 5639 2587 5690 οὐ
2607 5639 2693 5702 τό;
2723 5638 2843 5690 Mss.
2869 5637 2938 5688 ἴσ.
2963 5631 3125 5701 οὕτω,
3144 5631 3300 5708 codd.
3317 5631 3393 5708 ob
3412 5636 3490 5708 τό,
3523 5631 3712 5708 Ila-of:-

2133 5726 2195 5760 το
2223 5702 2633 5778 θιύποταγῆναι
2671 5711 2782 5771 τοῖς
2816 5709 2970 5762 ποσὶν
3006 5706 3188 5768 αὐτοῦ,
3223 5714 3277 5757 et
3306 5705 3397 5758 ὑπ’
3434 5702 3711 5828 αύτοῦΘβα-

2138 5779 2314 5828 σιλεύε
2362 5791 2416 5828 et
2468 5779 2684 5828 εἴληφεν
2729 5781 2756 5828 ὁ
2810 5776 3093 5828 ἄνθοωπος
3145 5775 3338 5828 ἀργήν.
3376 5786 3428 5828 et
3469 5774 3547 5828 τῶ
3637 5773 3711 5828 εἰ)

2138 5774 2314 5842 σιλεύς
2362 5791 2416 5834 et
2468 5773 2684 5849 εἴληφεν
2729 5781 2756 5832 ό
2810 5776 3093 5849 ἄνθρωπος
3145 5775 3338 5846 ἀρχήν,
3376 5786 3428 5831 et
3469 5774 3547 5844 τῷ
3593 5773 3714 5845 Θεῴ

2139 5867 2364 5903 καταστ.
