4088 6380
398 418 502 470 817

1513 421 1792 477 CONTRA
1834 421 2256 478 MARCELLUM
2295 423 2422 476 LIB.
2467 423 2530 476 ll.

3527 429 3627 482 8I8

406 553 424 584 ι
475 552 585 599 σιος
609 538 795 607 είρηκε
819 537 1046 602 Παῦλος,
1082 539 1222 595 οὕτω
1248 560 1360 605 πως
1391 543 1574 596 εἰπών’
1612 540 1758 597 Εἶτα
1786 545 1851 596 τὸ
1878 543 1967 598 τέ-

2086 562 2092 594 l
2148 558 2394 602 carnem.
2422 543 2574 609 Quod
2603 545 2646 598 si
2679 553 2866 598 nostra.
2909 552 3114 598 tantum
3145 561 3305 600 causa
3350 549 3639 616 assumpsit

407 645 426 678 ι
471 631 603 693 λος,
637 626 781 681 ὅταν
803 630 1102 698 παραδιδῷ
1127 631 1239 700 τὴν
1257 633 1584 698 ,βασιλείαν
1611 632 1689 699 τῷ
1724 634 1844 699 Θεῷ
1867 635 1965 688 καί

410 740 426 769 ι
471 721 673 789 Πατρί.
712 740 730 773 ι
760 722 980 786 Τούτοις
1013 723 1130 793 μεθ’
1159 725 1321 796 ἕτερα
1349 726 1603 793 ἐπιλέγει·
1638 745 1654 775 ι
1682 726 1888 779 Οὐκοῦν
1907 727 1965 779 ού

410 827 428 860 ι
471 809 538 862 δι’
572 811 780 874 ἑαυτὸν,
822 812 954 865 ἀλλὰ
983 812 1048 864 δι’
1084 815 1252 882 ἡμᾶς,
1289 814 1385 884 τὴν
1443 815 1790 886 ἀνθρωπίνην
1827 815 1970 868 ἀνεί-

409 921 426 951 ι
476 901 610 972 ληφε
656 903 852 973 σάρκα.
884 905 944 956 Εἰ
979 905 1034 958 δὲ
1073 906 1139 957 δι’
1164 908 1308 976 ἡμᾶς
1344 906 1649 976 ἀνειληφὼς
1701 906 1967 975 φαίνεται,

410 1010 428 1042 ι
478 991 653 1046 πάντα
674 994 729 1047 δὲ
755 995 823 1052 τὰ
847 995 965 1048 καθ’
995 1000 1160 1067 ἡμᾶς,
1178 1001 1241 1068 τῇ
1269 999 1431 1052 αὐτοῦ
1457 999 1678 1070 προνοίᾳ
1697 999 1790 1052 καὶ
1821 1001 1971 1068 ἐνερ-

409 1103 430 1137 t
477 1086 620 1157 γείᾳ,
653 1088 709 1139 ἐν
737 1087 813 1158 τῷ
846 1089 1020 1161 καιρῷ
1066 1091 1164 1160 τῆς
1210 1091 1442 1162 κρίσεως
1471 1091 1654 1154 τέλους
1703 1089 1969 1156 τεύξεται,

411 1193 430 1226 ι
477 1176 662 1230 οὐκέτι
703 1177 822 1230 οὐδὲ
861 1179 1064 1249 ταύτης
1101 1181 1199 1249 τῆς
1227 1183 1286 1233 ἐν
1322 1181 1476 1252 μέρει
1515 1181 1790 1252 βασιλείας
1819 1181 1970 1238 ἔσται

411 1286 430 1318 ι
476 1269 654 1339 χρεία.
694 1287 712 1320 ι
752 1269 932 1323 Ταῦτα
964 1271 1280 1343 Μάρκελλος
1304 1272 1492 1336 εἰπὼν,
1523 1269 1640 1327 εἶτα
1690 1273 1970 1327 συναισθό-

409 1377 568 1428 μενος
607 1361 799 1425 ὲαυτοῦ
823 1364 898 1426 είς
933 1362 1131 1416 ἄτοπον
1174 1365 1606 1429 ἐκπεπτωκότος,
1651 1365 1972 1438 προστίθησι.

405 1452 518 1514 τοῖς
554 1452 866 1522 εἰρημένοις.
897 1452 1066 1506 ταῦτα
1090 1470 1103 1484 ·
1139 1473 1158 1506 t
1197 1455 1261 1508 Εί
1283 1453 1340 1508 δέ
1366 1471 1447 1517 τις
1483 1455 1652 1523 λέγοι,
1691 1454 1781 1508 διὰ
1801 1454 1974 1513 ταῦτα

410 1557 432 1592 t
477 1541 573 1612 τὴν
598 1542 942 1616 ἀνθρωπίνην
977 1547 1155 1617 σάρκα
1182 1545 1336 1612 ἀξίαν
1374 1541 1512 1600 εἶναι
1533 1547 1627 1600 τοῦ
1661 1547 1858 1614 Λόγου,
1892 1548 1980 1606 ὅτι

413 1649 431 1681 ι
478 1631 564 1686 διὰ
592 1632 690 1703 τῆς
715 1635 1064 1700 ἀναστάσεως
1093 1637 1355 1693 ἀθάνατον
1374 1639 1544 1709 αὐτὴν
1577 1639 1972 1709 ἀπειργάσατο,

413 1741 432 1774 ι
480 1722 688 1791 γνώτω,
724 1725 806 1778 ὃτι
853 1727 912 1780 οὐ
967 1729 1071 1780 πᾶν
1123 1729 1261 1800 ὅπερ
1304 1729 1586 1794 ἀθάνατον,
1642 1727 1976 1794 τοῦτοᾶξιον

414 1836 430 1865 ι
477 1814 629 1868 Θεοῦ.
672 1817 889 1880 Μείζων
932 1819 1042 1890 γὰρ
1094 1821 1188 1874 καὶ
1233 1820 1399 1892 αὐτῆς
1446 1824 1544 1892 τῆς
1593 1821 1890 1884 ἀθανασίας
1946 1823 1975 1874 ὁ

2078 653 2097 688 ι
2146 635 2311 697 illam,
2341 647 2491 690 certe
2518 635 2698 690 omnia
2729 652 2850 705 qua:
2882 644 3067 690 nostra
3106 653 3268 691 causa
3307 639 3639 708 providentia

2077 745 2096 778 ι
2145 737 2200 782 et
2235 726 2430 781 elfet-tu
2463 735 2741 796 procurat,
2779 728 2984 795 judicio
3009 738 3419 792 consummato,
3449 745 3640 784 consc-

2079 838 2097 870 ι
2145 830 2382 886 qnentur
2423 820 2583 872 ﬁnem
2612 837 2623 872 :
2653 830 2709 872 ut
2747 835 2844 873 nec
2871 835 3004 889 opus
3032 820 3103 874 sit
3130 821 3231 873 hoc
3264 835 3430 888 regno
3473 822 3640 886 parti-

2077 930 2096 962 ι
2145 910 2336 965 culari.
2378 929 2396 962 ι
2456 908 2581 964 Haec
2626 911 2718 964 ubi
2767 919 3020 981 posuerat
3067 909 3368 971 Marcellus,
3417 909 3514 963 sibi
3546 909 3640 962 de-

2073 1019 2218 1058 mum
2274 1004 2524 1058 conscius
2571 1018 2706 1072 quas
2764 1003 2816 1056 in
2867 1004 3132 1058 absurdas
3175 1004 3457 1070 Opiniones
3501 1000 3638 1054 inci—

2072 1094 2258 1161 disset,
2315 1095 2381 1148 ad
2422 1094 2670 1163 superius
2697 1094 2838 1148 dicta
2873 1096 3112 1150 annectit
3156 1094 3255 1148 ista
3291 1093 3388 1165 [IL
3423 1089 3581 1163 CVII]
3621 1106 3634 1143 :

2080 1204 2098 1236 ι
2148 1186 2300 1253 Quod
2327 1186 2370 1240 si
2404 1186 2527 1254 quis
2556 1185 2688 1241 velit
2713 1186 3063 1250 pronuntiare
3088 1226 3101 1249 ,
3142 1186 3211 1241 ob
3242 1187 3357 1240 haec
3387 1185 3501 1253 ipsa
3526 1201 3639 1237 me-

2077 1294 2097 1327 ι
2146 1278 2252 1330 reri
2285 1278 2574 1332 humanam
2603 1292 2846 1340 carnem,
2867 1286 2926 1331 ut
2956 1278 3132 1332 Verbo
3157 1276 3534 1346 coniungatur,
3571 1276 3642 1330 ob

2079 1384 2098 1418 ι
2155 1369 2327 1436 ipsum
2368 1369 2499 1422 illud
2533 1369 2674 1437 quod
2708 1382 2805 1438 per
2833 1370 3292 1423 resurrectionem
3340 1370 3484 1423 illam
3519 1369 3644 1424 red-

2081 1478 2109 1511 ι
2149 1461 2344 1514 diderit
2373 1460 2734 1514 immortalem
2758 1501 2775 1526 ,
2821 1471 3119 1530 cognoscat
3159 1461 3204 1515 is
3250 1470 3483 1531 oportet,
3533 1476 3642 1515 non

2081 1567 2101 1598 ι
2147 1549 2190 1603 si
2227 1550 2354 1618 quid
2395 1550 2702 1604 immortale
2743 1551 3008 1614 exsistat,
3047 1551 3175 1605 illud
3205 1553 3388 1606 statim
3423 1553 3643 1622 dignum

2082 1659 2102 1692 ι
2157 1642 2267 1694 Deo
2327 1641 2467 1695 ﬁeri.
2519 1642 2688 1711 Major
2736 1653 2821 1699 est
2869 1646 3013 1699 enim
3069 1645 3184 1715 ipsa
3239 1644 3646 1700 immortalitate

2083 1750 2102 1782 ι
2147 1731 2308 1795 Deus,
2342 1733 2432 1800 qui
2461 1747 2557 1786 sua
2594 1733 2828 1802 simplici
2859 1734 3154 1800 voluntate,
3174 1744 3351 1803 potest
3379 1750 3440 1788 ea
3466 1736 3647 1790 facere

2083 1841 2102 1873 ι
2150 1821 2498 1886 immortalia,
2523 1838 2644 1892 quae
2665 1837 2771 1876 non
2801 1834 2926 1876 sunt
2949 1822 3096 1876 talia.
3140 1821 3481 1876 Manifestum
3513 1837 3648 1877 vero

411 1923 430 1955 ι
469 1903 620 1972 Θεὸς,
639 1907 666 1959 ὁ
684 1910 748 1978 τῇ
771 1881 963 1962 ἑαυτοῦ
995 1881 1239 1982 βουλήσει
1261 1881 1447 1965 κα)..τά
1592 1913 1717 1965 ὄντα
1732 1881 1976 1966 ἀθάνατα

2086 1933 2100 1963 ι
2144 1923 2249 1974 est,
2278 1930 2383 1967 non
2410 1914 2550 1969 idem
2586 1929 2708 1970 esse
2728 1915 2948 1984 dignum
2981 1915 3092 1970 Deo
3123 1914 3544 1983 copulari,quod
3567 1922 3650 1970 est

411 2015 430 2047 ι
476 2000 649 2050 ποιεῖν
697 1999 1010 2070 δυνάμενος.
1054 2003 1176 2055 ’Ότι
1217 2002 1274 2056 δὲ
1321 2003 1380 2055 οὗ
1435 2005 1543 2056 πᾶν
1590 2002 1652 2056 τὸ
1708 2004 1973 2056 ἀθάνατον

411 2105 429 2135 ι
475 2087 714 2159 ἡνῶσθαι
727 2089 844 2161 Θεῷ
861 2089 1006 2154 ἄξιον
1017 2091 1192 2162 δῆλον,
1209 2093 1292 2146 ὅτι
1312 2095 1406 2146 καὶ
1421 2093 1528 2146 ἀπὸ
1542 2093 1656 2159 τοῦ,
1675 2095 1866 2164 ἀρχάς,
1885 2097 1975 2148 καὶ

413 2197 430 2229 ι
479 2179 747 2246 ἐξουσίας,
783 2183 878 2235 καὶ
932 2183 1216 2250 ἀγγέλους,
1274 2185 1574 2250 ἀθανάτους
1615 2187 1773 2252 ὄντας
1810 2173 1972 2259 μηδὲν

410 2288 430 2321 ι
476 2271 750 2342 διαφορεῖν
779 2275 844 2343 τῇ
879 2274 1090 2344 ἐνότητι
1123 2273 1214 2329 τοῦ
1238 2275 1372 2328 Θεοῦ
1408 2278 1542 2348 (88).
1571 2276 1770 2331 »Ταῦτ’
1805 2279 1975 2332 εἰπὼν

408 2361 501 2413 καὶ
535 2361 723 2433 ὥσπερ
756 2365 836 2427 εἰς
882 2365 1041 2434 βυθὸν
1080 2367 1311 2431 ἀτοπίας
1349 2370 1538 2422 ἑαυτὸν
1582 2371 1977 2424 ἐκπεπτωκότα

409 2452 842 2523 συναισθόμενος,
873 2455 1256 2515 ἀνακαλεῖσθαι
1304 2461 1558 2530 πειρᾶται
1596 2461 1794 2531 τρόπον
1832 2461 1973 2524 τινὰ,

407 2541 910 2612 ἐξομολογούμενος,
945 2548 1025 2599 ὃτι
1061 2548 1224 2618 μηδὲν
1261 2551 1526 2618 ἠπίστατο
1567 2545 1641 2604 ὧν
1682 2552 1856 2621 ἔλεγε.
1886 2554 1978 2606 Διὸ

407 2635 668 2702 ἐπανάγει
691 2636 819 2707 (89)·
845 2658 862 2688 ι
886 2639 947 2689 Εἰ
966 2639 1021 2690 δέ
1049 2658 1129 2702 τις
1155 2642 1283 2712 περὶ
1308 2642 1404 2712 τῆς
1427 2644 1624 2714 σαρκὸς
1654 2643 1858 2714 ταύτης
1878 2646 1978 2715 τῆς

414 2742 432 2774 ι
484 2725 542 2777 ἐν
576 2725 652 2796 τῷ
687 2728 862 2797 Λόγῳ,
897 2728 1165 2784 ἀθανάτου
1195 2732 1500 2800 γεγονυίας,
1536 2733 1860 2787 πυνθάνοιτό
1899 2751 1983 2800 τι,

414 2829 433 2862 t
482 2814 657 2883 φαμὲν
691 2815 826 2886 πρὸς
856 2816 1018 2869 αὐτόν
1042 2836 1055 2849 ·
1096 2819 1217 2873 ’Ότι
1263 2819 1616 2890 δογματίζειν
1661 2824 1758 2892 μὲν
1817 2826 1978 2897 ἡμεῖς

415 2922 439 2954 ι
486 2907 608 2977 περὶ
633 2899 706 2960 ὧν
738 2908 811 2979 μὴ
846 2910 1089 2981 ἀκριϐῶς
1132 2911 1281 2982 παρά
1315 2911 1422 2964 τῶν
1466 2913 1625 2967 θείων
1659 2915 1980 2986 μεμαθήκα-

416 3015 434 3048 ι
483 3014 581 3067 μεν
631 3000 671 3051 Γ
675 3001 862 3071 ραφῶν
895 3003 994 3055 οὐκ
1033 3003 1273 3072 ἀσφαλὲς
1320 2999 1458 3058 εἶναι
1509 3005 1816 3076 νομίζομεν.
1855 3007 1979 3070 Πῶς

416 3107 433 3138 ι
482 3089 590 3160 γάρ
637 3090 796 3144 τοῦτο
846 3093 1106 3162 πράττειν
1136 3093 1356 3147 δυνατὸν
1386 3098 1499 3158 τοῖς
1533 3097 1626 3149 καὶ
1669 3096 1736 3150 τὰ
1779 3098 1978 3170 ἐτέρων

2081 2022 2103 2056 ι
2149 2004 2468 2068 immortale,
2489 2016 2771 2074 propterea
2793 2006 2934 2072 quod
2955 2005 3310 2074 principatus,
3332 2012 3648 2073 potestates,

2083 2112 2102 2144 ι
2139 2094 2308 2164 angeli
2344 2101 2403 2158 >14
2431 2110 2551 2148 cum
2583 2095 2691 2149 sint
2721 2104 2769 2148 et
2802 2095 2904 2164 ipsi
2926 2096 3279 2159 immortales,
3305 2095 3436 2148 nihil
3466 2104 3651 2148 tamen

2082 2204 2105 2236 ι
2141 2185 2336 2239 habent
2361 2199 2480 2239 cum
2518 2185 2608 2239 Dei
2645 2187 2850 2240 unitate
2873 2201 3209 2240 commune»
3239 2185 3364 2240 Haec
3383 2185 3470 2238 ubi
3500 2185 3659 2244 dixe.

2080 2287 2202 2338 rat,
2248 2278 2517 2331 intellecto
2585 2278 2640 2332 in
2685 2294 2848 2347 quam
2897 2278 3219 2347 profundam
3292 2276 3646 2332 absumite-tis

2077 2369 2330 2438 abyssum
2383 2369 2691 2434 inciderat,
2730 2385 2986 2424 revocare
3024 2379 3252 2424 conatur
3306 2369 3463 2423 modo
3512 2384 3649 2437 quo-

2078 2458 2198 2510 dam
2220 2498 2234 2520 ,
2268 2458 2603 2512 confessione
2641 2458 2778 2513 facta
2803 2498 2832 2524 ,,
2855 2475 2914 2514 se
2943 2459 3074 2518 nihil
3105 2475 3291 2514 eorum
3337 2473 3457 2528 qua:
3491 2459 3646 2524 dixit,

2079 2546 2409 2603 intellexisse
2443 2546 2535 2618 [IL
2572 2547 2728 2602 CVIII
2755 2549 2879 2602 coll.
2906 2563 2959 2617 p.
2999 2550 3097 2601 I77
3139 2547 3230 2620 A].
3283 2566 3302 2599 ι
3347 2547 3610 2615 Quocirca
3633 2587 3648 2613 ,

2083 2655 2102 2688 ι
2140 2638 2250 2700 ait,
2277 2638 2320 2690 si
2357 2638 2479 2706 quis
2515 2653 2616 2693 nos
2643 2639 2943 2705 interroget
2976 2642 3042 2692 de
3073 2653 3234 2692 carne
3263 2639 3362 2692 ista
3391 2678 3406 2702 ,
3439 2652 3558 2707 quae
3587 2639 3644 2692 in

2085 2745 2106 2778 ι
2145 2726 2323 2781 Verbo
2370 2740 2468 2790 est,
2510 2745 2577 2782 an
2609 2731 2682 2784 sit
2712 2729 3053 2793 immortalis,
3083 2729 3494 2798 respondemus,
3549 2744 3651 2785 nos

2084 2837 2106 2870 ι
2148 2836 2251 2872 ιιοιι
2300 2836 2458 2889 posse
2510 2821 2812 2891 dogmatice
2847 2821 3212 2876 determinare
3248 2823 3337 2874 illa
3377 2837 3495 2891 qutc
3544 2836 3668 2876 non.

2085 2929 2107 2962 ι
2143 2921 2335 2964 exacte
2361 2911 2712 2966 didicerimus
2737 2926 2768 2966 e
2803 2911 3098 2980 Scripturis
3133 2913 3302 2965 sacris
3324 2953 3338 2976 ,
3364 2913 3504 2983 quod
3536 2927 3655 2966 om-

2087 3022 2104 3053 ι
2148 3003 2274 3056 nino
2322 3003 2552 3056 intutum
2583 3003 2910 3070 iudicamus.
2960 3002 3093 3056 Nam
3144 3018 3250 3072 quo
3284 3013 3439 3073 pacto
3491 3003 3542 3057 id
3577 3001 3654 3058 illt

2089 3113 2107 3147 t
2145 3107 2407 3164 praestare
2437 3105 2713 3166 poterunt,
2748 3095 2837 3162 qui
2866 3095 2999 3148 scita
3031 3097 3351 3148 subtertum
3382 3093 3608 3149 aliorutn
3632 3093 3669 3148 t-

415 3201 438 3236 t
475 3183 834 3255 ἀνατρέπουσι
857 3185 1130 3256 δόγματας
1163 3187 1300 3240 Ἀλλ’
1324 3188 1555 3260 ἐροῦμεν
1575 3190 1707 3260 πρὸς
1727 3191 1978 3262 τοὺςΙ(90)

2089 3207 2108 3239 ι
2149 3187 2394 3242 Dicemus
2445 3188 2608 3256 igitur
2663 3187 2726 3239 ad
2767 3186 2924 3248 illos,
2975 3187 3064 3256 qui
3115 3186 3397 3239 scientiam
3460 3188 3657 3240 harum

417 3293 436 3326 ι
483 3275 572 3328 τὸν
605 3276 806 3348 ἀκριϐῆ
845 3278 971 3346 περὶ
1013 3278 1202 3330 τούτου
1230 3279 1417 3349 μαθεῖν
1443 3281 1571 3351 παρ’
1599 3281 1757 3351 ἡμῶν
1790 3283 1978 3351 βουλο-

415 3381 434 3416 ι
485 3365 676 3434 μένους
706 3365 861 3433 λόγον
894 3366 1026 3436 (91),
1055 3369 1135 3420 ὅτι
1167 3367 1508 3438 πεισθόμενοι
1529 3367 1605 3438 τῷ
1644 3370 1776 3440 ἱερῷ
1820 3372 1980 3424 Ἀπο-

417 3476 434 3506 ι
483 3457 652 3525 στόλῳ
689 3457 862 3528 ίσμεν,
895 3459 975 3512 ὅτι
1009 3460 1179 3524 οὓτως
1210 3461 1356 3530 ἡμᾶς
1379 3461 1509 3531 ὁρᾷν
1532 3459 1600 3514 τὰ
1628 3462 1980 3532 ἀποκεκρυμ-

414 3566 433 3599 t
483 3547 618 3618 μένα
669 3551 938 3620 μυστήρια
977 3551 1266 3620 προσήκει,
1300 3549 1374 3612 ὡς
1403 3549 1566 3612 αὐτὸς
1600 3549 1725 3618 ἔφη,
1753 3548 1982 3606 Βλέπο-

415 3660 434 3695 ‹
473 3659 589 3710 μεν
616 3641 726 3712 γὰρ
758 3641 905 3711 ἄρτι,
940 3643 1091 3711 φησι,
1128 3641 1199 3694 δι’
1224 3641 1522 3709 ἐσόπτρου
1550 3641 1618 3693 ἑν
1646 3642 1943 3710 αἰνίγματι
1963 3657 1977 3670 ο

412 3749 434 3784 ι
480 3734 613 3786 τότε
645 3730 714 3784 δὲ
750 3732 1074 3799 πρόσωπον
1111 3732 1262 3800 πρὸς
1309 3732 1652 3800 πρόσωπον.
1696 3732 1850 3797 Ἄρτι
1894 3748 1981 3800 γι-

414 3842 436 3877 (
480 3823 792 3892 νώσκομεν
833 3821 900 3876 ἐκ
937 3822 1158 3892 μέρους
1180 3865 1194 3889 ,
1242 3823 1374 3880 τότε
1417 3822 1484 3875 δὲ
1535 3823 1985 3891 ἐπιγνωσόμεθα

414 3935 434 3969 ι
479 3914 672 3982 καθὼς
704 3916 800 3968 καὶ
837 3915 1316 3985 ὲπεγνώσθημεν.
1346 3914 1506 3968 Ὥστε
1542 3914 1614 3984 μή
1649 3930 1749 3982 μου
1781 3911 1983 3965 πυνθά-

417 4027 435 4060 ι
483 4025 573 4062 νου
610 4011 739 4078 περὶ
787 4000 859 4061 ὧν
894 4005 1074 4076 σαφῶς
1109 4005 1259 4077 παρὰ
1306 4005 1404 4075 τῆς
1451 4003 1598 4066 θείας
1642 4004 1862 4075 Γραφῆς
1908 4002 1982 4075 μὴ

416 4119 434 4152 ι
487 4098 802 4170 μεμάθηκα.
849 4099 948 4151 Διὰ
977 4097 1134 4149 τοῦτο
1160 4096 1339 4148 τοίνυν
1387 4094 1507 4152 οὐδὲ
1540 4093 1668 4165 περὶ
1706 4094 1804 4164 τῆς
1835 4093 1984 4158 θείας

416 4211 438 4246 ο
485 4193 720 4262 ἐκείνης,
751 4191 850 4262 τῆς
873 4190 952 4262 τῷ
972 4188 1099 4258 θείῳ
1131 4189 1286 4258 Λόγῳ
1321 4185 1728 4256 κοινωνησάσης
1762 4185 1980 4256 σαρκὸς,

416 4303 436 4338 ‹
485 4282 669 4352 σαφῶς
700 4284 870 4335 εἰπεῖν
925 4281 1244 4352 δυνήσομαι,
1291 4277 1404 4331 Νῦν
1456 4277 1513 4334 δὲ
1568 4276 1808 4330 πιστεύω
1865 4279 1986 4339 ταῖς

419 4396 437 4430 ι
481 4377 650 4440 θείαις
677 4376 940 4448 Γραφαῖς,
970 4375 1051 4427 ὃτι
1090 4368 1168 4437 εἷς
1199 4372 1350 4436 Θεὸς,
1383 4372 1476 4423 καὶ
1511 4371 1538 4421 ὁ
1570 4368 1758 4422 τούτου
1791 4369 1983 4436 Λόγος,

417 4491 437 4522 ς
487 4468 725 4540 προῆλθε
762 4468 859 4536 μὲν
886 4465 978 4519 τοῦ
1009 4464 1240 4536 Πατρὸς,
1269 4463 1355 4516 ἵνα
1389 4463 1568 4517 πάντα
1606 4460 1670 4514 δι’
1704 4457 1870 4518 αὑτοῦ
1895 4458 1986 4526 γέ-

2089 3300 2106 3332 ι
2141 3297 2320 3335 rerum
2346 3291 2593 3334 exactam
2622 3295 2650 3332 a
2680 3279 2834 3333 nobis
2864 3284 3144 3345 requirnnt
3167 3318 3181 3341 ,
3209 3295 3305 3331 nos
3351 3279 3424 3332 ita
3461 3278 3658 3332 intelli-

2087 3391 2105 3422 ι
2141 3388 2268 3441 gere
2293 3412 2309 3435 ,
2347 3371 2422 3424 uti
2471 3386 2568 3439 par
2619 3379 2702 3423 est
2749 3369 2866 3422 illos
2899 3369 2990 3437 qui
3027 3369 3344 3422 abscondita
3394 3368 3654 3437 mysteria

2087 3475 2113 3508 ι
2147 3466 2577 3525 perscrutantur.
2619 3454 2861 3509 Videmus
2883 3457 3041 3517 enim,
3076 3457 3153 3510 ait
3177 3468 3402 3510 sanctus
3426 3457 3657 3526 Aposto-

2090 3565 2115 3596 ι
2147 3547 2247 3609 lus,
2281 3547 2433 3617 quasi
2467 3564 2559 3614 per
2585 3548 2849 3615 speculum
2889 3549 2944 3600 in
2977 3550 3251 3617 a’m'gntale
3272 3562 3292 3600 :
3324 3559 3446 3600 tunc
3479 3558 3661 3602 (tutam

2089 3655 2108 3688 ι
2148 3639 2281 3706 [acie
2303 3641 2369 3691 ad
2394 3640 2606 3709 facient.
2638 3639 2704 3692 In
2735 3641 2975 3709 prmenti
3009 3658 3072 3698 ea:
3097 3653 3244 3708 parte
3273 3639 3654 3709 cognoscimus,

2091 3751 2118 3784 ι
2151 3742 2271 3785 tunc
2299 3741 2475 3786 autem
2504 3748 2870 3800 cognoscemus
2905 3733 3164 3800 quomodo
3201 3732 3558 3801 cognoscimur
3589 3732 3671 3792 '9.

2091 3841 2109 3873 ι
2147 3821 2262 3876 Noli
2311 3822 2477 3891 igitur
2524 3838 2610 3876 me
2650 3824 3020 3890 interrogare,
3055 3823 3120 3876 de
3150 3824 3311 3876 rebus
3340 3837 3458 3891 quae
3510 3831 3680 3876 certo.

2091 3934 2110 3966 ι
2149 3899 2477 3983 cognoscere
2528 3930 2632 3970 non
2687 3930 2903 3985 possum
2941 3930 2974 3970 e
3019 3915 3298 3983 Scriptura
3349 3929 3524 3968 sacra.
3575 3912 3659 3970 Ob

2095 4024 2113 4057 ι
2152 4007 2292 4060 hanc
2324 4021 2544 4060 causam
2574 4008 2918 4061 exactissime
2948 4011 3272 4075 respondere
3304 4022 3408 4060 non
3440 4020 3658 4075 possum

2092 4117 2110 4150 ι
2151 4098 2217 4152 de
2260 4114 2425 4152 carne
2463 4099 2550 4152 illa
2597 4099 2817 4163 divina,
2863 4115 2981 4169 quae
3011 4101 3440 4152 communionem
3475 4096 3662 4151 habuit

2093 4210 2110 4243 ι
2151 4206 2274 4245 cum
2306 4191 2486 4245 divino
2509 4191 2703 4246 Verbo.
2729 4191 2916 4245 Fidem
2956 4206 3083 4245 vero
3115 4193 3288 4244 sacris
3322 4190 3518 4245 litteris
3565 4191 3662 4244 ad-

2095 4300 2114 4332 ι
2156 4282 2313 4335 hibeo
2343 4297 2462 4350 qua:
2489 4282 2772 4346 aﬂirmant,
2810 4300 2972 4336 unum
3002 4299 3122 4338 esse
3155 4283 3342 4342 Deum,
3387 4293 3442 4334 et
3492 4281 3675 4350 ipsius

2095 4388 2113 4423 t
2150 4368 2388 4424 Verbum
2430 4387 2570 4438 esse,
2601 4373 2743 4441 quod
2781 4373 2845 4427 de
2880 4373 3040 4427 Patre
3075 4372 3356 4440 processit,
3395 4380 3452 4424 ut
3479 4378 3660 4423 omnia

2095 4480 2114 4514 ι
2154 4478 2251 4532 per
2278 4463 2406 4517 illttd
2438 4467 2799 4518 conderentur
2834 4483 2857 4525 ε,
2884 4477 3000 4532 post
3045 4464 3236 4530 judicii
3271 4477 3398 4542 vero
3450 4473 3663 4529 tempus

416 4583 437 4617 ι
480 4579 658 4632 νηται,
698 4558 835 4630 μετά
881 4558 936 4612 δὲ
984 4557 1074 4609 τὸν
1119 4554 1307 4626 καιρὸν
1344 4555 1441 4625 τῆς
1472 4552 1726 4625 κρίσεως,
1761 4551 1854 4604 καὶ
1882 4550 1978 4622 τὴν

2095 4570 2122 4604 ι.
2149 4563 2203 4606 et
2231 4570 2408 4608 rerum
2437 4556 2677 4608 omnium
2709 4558 3182 4622 restaurationem,
3213 4567 3268 4610 et
3293 4555 3664 4608 atnolitionem

418 4678 437 4710 ι
484 4655 591 4709 τῶν
625 4654 874 4707 ἁπάντων
913 4648 1214 4719 διόρθωσιν,
1258 4645 1349 4699 καὶ
1401 4645 1490 4698 τὸν
1539 4643 1842 4713 ἀφανισμὸν
1886 4642 1985 4713 τῆς

418 4771 436 4803 ι
487 4745 867 4817 ἀντικειμένης
921 4742 1137 4810 ἀπάσης
1187 4738 1462 4809 ἐνεργείας
1496 4734 1628 4806 (92),
1671 4733 1790 4787 τότε
1825 4733 1984 4799 αὐτὸς

419 4862 441 4896 ι
489 4840 886 4910 ὑποταγήσεται
912 4834 988 4899 τῷ
1018 4830 1344 4894 ὑποτάξαντι
1390 4828 1539 4899 αὐτῷ
1570 4828 1639 4880 τὰ
1665 4827 1840 4880 πάντα
1867 4825 1986 4898 Θεῷ

420 4957 439 4988 ι
487 4936 580 4989 καὶ
600 4932 795 5004 Πατρὶ,
828 4929 915 4982 ἵνα
940 4927 1109 4987 οὕτως
1195 4924 1251 4974 ὲν
1279 4920 1398 4992 Θεῷ
1423 4922 1450 4972 ό
1473 4921 1664 4990 Λόγος,
1689 4919 1876 4989 ὥσπερ
1896 4919 1990 4973 καὶ⁹

422 5049 443 5081 t
491 5027 750 5100 πρότερον
802 5019 891 5093 ἦν.
923 5040 940 5072 ι
971 5016 1191 5072 Τοιοῦτο
1222 5014 1374 5076 τέλος
1425 5015 1670 5084 ἐπήγαγε
1703 5015 1768 5084 τῇ
1824 5011 1988 5082 σαρκὶ

417 5119 512 5173 τοῦ
536 5098 802 5186 -Σωτῆρος
827 5111 985 5184 ἡμῶν
1016 5113 1044 5163 ὁ
1077 5106 1382 5178 θαυμαστὸς
1412 5098 1566 5165 οὗτος
1616 5104 1987 5178 συγγραφεὺς,

495 5285 552 5342 >14
580 5277 678 5332 Ed.
704 5275 878 5330 Paris.
909 5287 1029 5342 pag.
1057 5271 1146 5326 55.
1223 5269 1270 5300 ³⁸
1298 5267 1313 5322 l
1345 5266 1468 5323 Cor.
1502 5280 1620 5331 xm,
1655 5265 1740 5323 12.

493 5437 604 5510 (88)
651 5436 728 5507 Τῇ
750 5437 990 5510 νένᾷτητι
1021 5433 1126 5510 τοῦ
1163 5428 1528 5510 Θεοῦηῡεςεῑ
1558 5444 1572 5479 :
1603 5424 1844 5510 οῖδαμεν,
1903 5437 1995 5481 aut

421 5495 599 5568 simile
632 5495 758 5576 quid
784 5506 850 5560 ad
882 5495 1580 5576 sententiam‘l'ulcieudam.
1615 5495 1687 5548 Μ.

494 5578 608 5650 (89)
651 5565 754 5630 ’Διὸ
807 5574 1135 5650 ἐπατάγειι.
1165 5572 1376 5650 μίιιιιιδ.
1412 5577 1531 5620 erat
1569 5567 1619 5619 in
1655 5565 1992 5650 exemplari:

424 5634 562 5705 forte
591 5634 668 5703 sic
693 5634 1020 5716 supplendos
1042 5663 1053 5696 :
1078 5644 1139 5694 Ei
1161 5637 1545 5716 δέτι-γένοιτο,
1580 5637 1709 5699 περὶ
1735 5634 1857 5698 εἰς,
1879 5646 1984 5690 etc.

425 5719 497 5781 Μ.
522 5719 729 5771 -Μοιι
763 5708 919 5782 'vulgo
952 5716 1078 5784 ἀκρ.
1109 5711 1369 5784 περὶτῶν
1392 5708 1550 5784 θείων

498 5786 608 5856 (90)
641 5786 810 5854 Vulgo
838 5776 973 5856 πρὸς
1003 5776 1193 5856 αὐτόνς
1222 5785 1286 5834 At
1312 5780 1469 5856 cf“).
1505 5776 1602 5831 I77

501 5848 610 5930 (νε)
671 5848 812 5926 Πιῷ’
842 5848 1073 5928 ἡμῶν...
1114 5853 1317 5920 λόγον.
1368 5848 1528 5902 Deest
1565 5849 1804 5918 quidam,
1851 5855 2000 5916 puto,

2097 4663 2118 4697 ι
2158 4645 2396 4700 adversa:
2443 4646 2810 4715 cujuscunque
2857 4648 3186 4716 operationis
3215 4689 3228 4712 ,
3273 4655 3400 4699 tunc
3446 4657 3500 4699 ct
3553 4646 3674 4711 ipse

2097 4753 2119 4789 ι
2154 4736 2480 4804 subjicietur
2526 4739 2574 4792 ci
2625 4739 2714 4807 qui
2746 4729 2923 4792 omnia
2955 4741 3195 4806 subjecta
3243 4738 3317 4792 illi
3355 4737 3503 4798 fecit,
3558 4736 3680 4790 Deo.

2100 4847 2118 4880 ι
2159 4828 2366 4883 scilicet
2395 4840 2557 4898 atque
2587 4827 2756 4893 Patri,
2779 4841 2832 4882 ut
2855 4828 2919 4882 ad
2941 4830 3187 4883 eumdem
3221 4829 3434 4880 modum
3470 4826 3535 4878 sit
3564 4826 3665 4877 ite-

2100 4939 2119 4972 ι
2160 4937 2277 4974 rum
2311 4921 2360 4975 in
2391 4920 2501 4976 Deo
2527 4919 2790 4984 Verbum,
2822 4921 2897 4975 ad.
2932 4937 3089 4990 quem
3123 4927 3239 4974 erat
3264 4919 3411 4972 olim.
3453 4936 3472 4968 ι
3515 4915 3668 4968 Hunc

2093 5013 2309 5083 quidem
2361 5012 2520 5067 tinem
2557 5013 2651 5074 ,vir
2701 5015 2790 5068 hic
2833 5011 3170 5068 admirabilis
3205 5010 3439 5078 scriptor
3466 5003 3669 5060 Christi

2091 5107 2242 5160 carni
2268 5106 2570 5173 constituit,
2603 5106 2804 5160 oblitus
2838 5121 3027 5160 eorum
3055 5119 3174 5176 qua:
3209 5105 3261 5156 in
3316 5099 3670 5169 prmcedenti-

2091 5428 2376 5500 ζητοῦντα,
2403 5426 2740 5500 βουλόμενον,
2767 5424 3090 5500 autaliquid
3107 5417 3390 5500 ejusmodi,
3410 5424 3460 5498 et
3477 5415 3670 5500 statim

2093 5485 2224 5570 ξερῷ
2261 5485 2668 5570 arrogat???“
2693 5485 2835 5570 enim
2869 5485 3022 5548 locus
3049 5485 3196 5570 Pauli
3224 5505 3382 5570 quem
3415 5485 3686 5570 intendit,

2091 5555 2286 5624 I'C'or.
2346 5584 2466 5634 xm,
2513 5555 2628 5620 'ta.
2701 5564 3013 5633 Βλέπομεν
3063 5563 3172 5632 γὰρ
3222 5555 3377 5634 iing
3413 5555 3486 5634 ρι’
3544 5557 3674 5610 εισ-

2094 5641 2338 5706 όπτρου.
2364 5637 2436 5693 Μ.
2453 5626 2535 5679 ’--
2560 5635 2811 5704 Sttpplevi
2837 5626 3081 5689 delectus
3100 5626 3175 5706 eis
3194 5626 3377 5706 p.17?
3413 5626 3470 5679 D.

2173 5698 2286 5777 (9‘2)
2344 5708 2451 5775 Mp.
2504 5707 2575 5759 ἴσ.
2629 5698 2943 5777 δύναστεεας
2992 5707 3108 5759 loco
3163 5698 3473 5772 ἐνεργείαςς
3517 5708 3684 5765 porro

2097 5773 2310 5847 vulgo’o
2340 5773 2636 5847 θαυμάσιος
2663 5773 2830 5839 οὗτος.
