4088 6438
447 424 552 485 819

1058 432 1358 490 :EUSEBII
1395 432 1876 492 CESARIENSIS
1913 435 2062 493 OPP.
2103 438 2283 495 PARS
2318 438 2411 495 IV.
2448 470 2514 482 ——
2556 438 2979 497 DOGMATICA.

3572 442 3699 498 -820

447 539 554 597 bus
582 540 649 599 de
685 543 873 603 eadem
908 543 997 599 illa
1025 558 1193 601 carne
1219 547 1335 616 ipse
1362 549 1677 618 scripserat.
1707 549 1763 604 ln
1795 566 2020 621 sequen-

2130 555 2526 626 ἀμνημονήσας
2568 549 2645 613 ὧν
2696 558 2826 627 περὶ
2875 555 3046 627 αὐτῆς
3095 554 3185 609 διὰ
3232 555 3340 611 τῶν
3390 556 3698 627 ἔμπροσθεν

424 633 598 705 tibus
627 638 787 695 etiam
830 637 917 693 ille
949 638 1063 708 ipse
1089 641 1179 709 qui
1204 643 1683 709 determinaverat,
1716 644 1836 700 sine
1865 660 2021 701 scru-

449 726 578 797 pulo
606 766 622 792 ,
663 743 862 799 corpus
892 728 1204 787 Servatoris
1235 732 1478 788 futurum
1509 744 1631 805 post
1673 733 1860 803 judicii
1895 746 2026 790 tem-

447 832 551 890 pus
579 815 758 875 Verbo
806 836 905 876 suo
952 823 1373 892 destituendum,
1412 835 1611 881 metum
1643 827 1928 897 quemdam
1969 837 2025 885 et

453 912 813 977 reverentiam
854 930 964 983 pra:
992 930 1053 971 se
1084 915 1230 983 fert,
1260 927 1316 973 et
1345 934 1454 974 non
1482 933 1642 988 posse
1690 920 1768 975 ait
1800 935 2024 989 respon-

450 1002 602 1069 dere,
633 1005 679 1069 si
707 1005 829 1074 quis
857 1006 1003 1065 illum
1038 1010 1103 1064 de
1147 1008 1239 1065 illa
1271 1025 1438 1065 carne
1472 1011 1909 1082 interrogaverit,
1937 1012 2021 1067 di-

448 1100 825 1181 ctttruvaero
864 1113 924 1154 se
948 1098 1015 1154 ad
1044 1100 1464 1171 interrogantem
1487 1103 1799 1173 quemlibet,
1841 1122 1862 1156 ι
1901 1103 2023 1160 Noli

453 1200 476 1239 α
513 1186 783 1250 sciscitari
822 1190 889 1245 de
917 1192 1078 1247 rebus
1107 1208 1226 1262 qua:
1252 1207 1359 1248 non
1387 1194 1693 1251 didicimus.
1719 1215 1740 1247 ι
1774 1194 1873 1252 Hic
1910 1197 2022 1266 jam

445 1277 625 1346 quivis
648 1282 695 1339 ei
722 1296 946 1352 oggerat
977 1304 993 1340 :
1024 1285 1169 1353 Quid
1198 1288 1541 1358 temetipsum
1591 1289 1889 1348 deridiculo
1922 1294 2022 1347 ba-

445 1368 562 1435 bes,
594 1370 797 1426 homo?
826 1374 1093 1441 Quorsum
1127 1378 1179 1432 in
1214 1379 1375 1433 rebus
1405 1394 1526 1449 quae
1550 1395 1656 1436 non
1693 1382 1948 1448 didicisti,
1972 1392 2026 1440 te

448 1475 547 1533 per
580 1465 874 1536 praecipitia
925 1473 1063 1540 agis,
1096 1470 1223 1525 dum
1266 1472 1321 1526 in
1350 1473 1570 1543 scriptis
1604 1474 1729 1530 illas
1756 1475 1967 1531 decidis
2000 1475 2024 1529 ?

445 1552 714 1619 Quorsum
750 1574 855 1612 non
885 1562 1133 1617 custodis
1173 1578 1237 1619 ea
1268 1577 1389 1632 quae
1419 1566 1706 1635 suscepisti
1751 1567 1820 1621 ab
1857 1568 2026 1623 eccle-

445 1645 681 1702 siasticis
710 1647 983 1718 Patribus,
1023 1663 1079 1707 et
1107 1654 1464 1722 doctoribus,
1518 1662 1578 1720 >14
1628 1657 1900 1714 novitates
1937 1673 2024 1713 se-

445 1739 652 1807 queris,
688 1742 781 1810 qui
823 1758 996 1813 nuper
1020 1755 1203 1798 natam
1241 1756 1298 1800 et
1342 1763 1372 1801 a
1406 1746 1513 1803 ﬁde
1551 1748 1784 1805 alienam
1832 1750 2025 1805 distor-

445 1828 651 1887 tionem
680 1832 734 1886 in
767 1835 931 1888 vitam
967 1837 1376 1901 subintroducis
1402 1880 1417 1903 ,
1448 1839 1575 1894 dum
1609 1854 1832 1910 regnum
1859 1840 2023 1897 Chri-

2124 643 2366 717 εἴρηκεν.
2414 640 2551 707 Εἶθ’,
2597 648 2627 700 ό
2678 646 2865 717 σαφῶς
2896 645 3038 700 οὕτω
3062 645 3123 699 τὸ
3153 645 3312 717 σῶμα
3337 646 3399 700 τὸ
3433 648 3697 719 σωτήριον

2123 736 2329 810 ἔρημον
2370 737 2466 791 τοῦ
2494 737 2667 807 Λόγου
2696 738 3046 811 γενήσεσθαι,
3069 736 3207 809 μετά
3221 737 3310 791 τὸν
3337 737 3437 808 τῆς
3464 737 3699 810 κρίσεως

2121 830 2313 901 καιρὸν
2347 830 2768 903 ἀποφηνάμενος
2819 830 3104 884 εὐλάϐειαν
3149 833 3557 899 προσποιεῖται,
3601 830 3699 883 καὶ⁸

2125 922 2200 993 μὴ
2230 922 2427 976 εἰδέναι
2460 925 2623 992 φησὶν
2668 922 3094 995 ἀποκρίνεσθαι,
3129 919 3183 974 εἴ
3213 938 3297 985 τις
3328 921 3490 974 αὑτὸν
3522 920 3700 992 ἔροιτο

2123 1014 2370 1086 περὶτῆς
2388 1016 2611 1087 σαρκὸς,
2631 1017 2802 1087 φῆσαι
2827 1015 2951 1069 δ’ἂν
2974 1014 3108 1085 πρὸς
3141 1013 3232 1067 τὸν
3258 1012 3569 1085 ἐρωτῶντα,
3599 1011 3698 1079 Μή

2123 1123 2243 1161 που
2281 1106 2593 1162 πυνθάνου
2621 1108 2732 1178 (95)
2773 1107 2909 1175 περὶ
2937 1101 3025 1160 ὧν
3044 1105 3130 1176 μὴ
3165 1104 3496 1175 μεμάθηκα.
3542 1102 3701 1156 Ἀλλά

2122 1196 2218 1251 καὶ
2249 1199 2279 1250 ὁ
2307 1196 2484 1268 τυχὼν
2514 1193 2666 1251 εἶπεν
2700 1197 2766 1252 ἂν
2799 1198 2938 1269 πρὸς
2964 1196 3123 1250 αὐτόν
3142 1212 3156 1226 ·
3192 1195 3245 1249 τί
3285 1194 3349 1266 δὴ
3378 1189 3470 1247 οὖν
3502 1192 3700 1247 σαυτὸν

2096 1322 2101 1327 ~
2123 1287 2414 1353 σκώπτεις,
2434 1288 2722 1360 ἄνθρωπε;
2748 1289 2812 1342 Τί
2838 1289 2895 1342 δὲ
2911 1288 3053 1342 κατὰ
3079 1286 3337 1360 κρημνῶν
3365 1285 3545 1350 ὠθεῖς,
3573 1285 3703 1356 περὶ

2120 1374 2197 1435 ὧν
2232 1382 2306 1454 μὴ
2339 1382 2665 1454 μεμάθηκας
2709 1381 3025 1454 ὁριζόμενος
3057 1381 3390 1452 ἐγγράφει)ςὲ
3439 1378 3505 1431 Τί
3534 1377 3589 1430 δὲ
3627 1376 3702 1448 μὴ

2096 1473 2413 1543 φυλάττεις
2463 1474 2500 1528 ἃ
2549 1473 2704 1546 παρὰ
2729 1474 2838 1527 τῶν
2864 1470 3330 1545 ἐκκλησιαστικῶν
3357 1469 3614 1540 πατέρων
3640 1484 3702 1520 τε

2098 1565 2216 1619 καὶ
2243 1566 2582 1620 διδασκάλων
2604 1566 2969 1638 παρείληφας,
3000 1562 3344 1635 νεωτερίζεις
3381 1560 3425 1614 δ’
3446 1561 3702 1631 ἄντικρυς

2100 1660 2249 1714 νέαν
2284 1659 2381 1714 καὶ
2434 1659 2749 1726 ξενίζουσαν
2800 1658 3038 1727 εἰσάγων
3070 1655 3149 1727 τῷ
3186 1655 3283 1726 βίῳ
3334 1653 3700 1724 διαστροφὴν,

2122 1755 2297 1826 ἀρχήν
2326 1770 2385 1807 τε
2417 1747 2756 1824 πρόσκαιρον
2800 1752 2895 1805 καὶ¹
2920 1749 3194 1821 νεωτέραν
3223 1751 3289 1819 τῇ
3327 1745 3571 1818 βασιλεία
3608 1743 3703 1799 τοῦ

2122 1844 2358 1917 Χριστοῦ
2384 1843 2579 1908 διδοὺς,
2610 1844 2705 1898 καὶ
2740 1842 2942 1913 ταύτης
2967 1842 3122 1905 τέλος
3168 1840 3535 1910 ὑφιστάμενος
3554 1877 3569 1901 ,
3609 1838 3705 1891 καὶ

445 1919 515 1973 sti
546 1922 947 1981 circumscribis
983 1928 1189 1985 novitio
1227 1929 1464 1999 quodam
1502 1931 1770 2001 principio
1800 1942 1855 1987 et
1885 1942 2020 1987 tem-

2122 1934 2213 1989 τὸν
2248 1934 2345 2005 μὲν
2379 1932 2595 2004 ἀληθῶς
2630 1933 2893 2003 μονογενῆ
2929 1930 3021 1985 τοῦ
3084 1929 3219 1983 Θεοῦ
3256 1928 3384 1981 Υἱὸν
3436 1925 3706 1999 ἀρνούμε-

441 2012 614 2085 porali
633 2053 649 2078 ,
677 2014 820 2084 quod
847 2016 954 2072 line
979 2034 1194 2089 quoque
1232 2020 1632 2076 terminandum
1671 2037 1793 2078 esse
1821 2024 2017 2093 doces;

443 2102 680 2175 abnegas
711 2121 838 2163 vere
880 2110 1219 2180 unigenitum
1269 2111 1407 2179 Dei,
1454 2112 1743 2168 substituis
1781 2111 2019 2169 Verbum

442 2191 860 2257 insubstantiale
904 2207 961 2253 et
1006 2200 1403 2271 insubsistens,
1457 2203 1602 2272 quod
1644 2205 1832 2273 ipsum
1883 2205 2020 2260 nilril

441 2282 586 2338 aliud
637 2289 959 2354 pronuntias
1001 2305 1153 2357 esse,
1186 2308 1350 2361 quam
1380 2309 1543 2350 unum
1570 2304 1731 2365 atque
1763 2296 2022 2352 idemmet

440 2391 564 2430 cum
590 2377 737 2444 Deo?
762 2379 893 2447 Quae
922 2384 1168 2453 quisquis
1199 2385 1418 2451 dixerit,
1443 2394 1549 2441 non
1587 2388 1780 2458 injuria
1808 2388 2021 2443 dicetur

439 2468 636 2531 Filium
670 2472 765 2529 Dei
795 2474 1086 2547 abnegare.
1120 2476 1236 2533 Non
1270 2487 1353 2533 est
1379 2482 1522 2534 enim
1550 2479 1724 2535 Filius
1744 2520 1761 2546 ,
1790 2480 2017 2536 verbum

440 2564 582 2631 quod
621 2580 725 2621 non
754 2569 1033 2637 subsistit;
1064 2584 1185 2625 cum
1217 2586 1315 2626 nec
1349 2573 1577 2628 verbum
1618 2573 2024 2629 bominisdica-

443 2665 551 2725 tur,
597 2657 740 2714 ﬁlius
785 2661 1021 2718 hominis
1058 2679 1074 2718 :
1118 2673 1304 2735 utpote
1349 2666 1492 2734 quod
1537 2664 1651 2721 sola
1704 2665 2021 2735 operatione

439 2748 692 2809 Subsistit
717 2751 772 2806 in
799 2752 1071 2823 loquente.
1102 2754 1215 2811 Hoc
1244 2756 1419 2826 ipsum
1443 2757 1509 2812 de
1531 2756 1690 2811 Patre
1715 2771 1814 2811 suo
1833 2771 2022 2827 egres-

439 2857 560 2898 sum
588 2883 604 2908 ,
635 2855 762 2901 ante
802 2861 974 2903 annos
1007 2847 1244 2902 nondum
1280 2863 1406 2904 cccc
1455 2848 1783 2919 completos,
1819 2849 2017 2906 Filium

440 2932 537 2992 Dei
568 2932 771 2991 factum
822 2936 1050 2992 inferius
1092 2954 1309 3005 narras,
1339 2956 1436 3009 per
1466 2942 1649 2995 carnis
1680 2942 2018 3012 assumptio-

440 3042 589 3092 nem,
623 3030 942 3099 etsuperius
975 3029 1159 3086 Iesum
1187 3031 1469 3087 Chrismm
1493 3033 1853 3101 nominatum,
1878 3035 2018 3089 ima-

440 3119 619 3189 ginem
643 3120 847 3176 dictum
885 3122 976 3176 Dei
1006 3123 1294 3178 invisibilis
1319 3162 1335 3190 ,
1370 3133 1426 3178 et
1452 3127 1873 3193 primogenitum
1902 3141 2021 3181 om-

439 3211 528 3266 nis
582 3220 847 3270 creatura:
898 3232 912 3269 :
961 3231 1141 3284 regem
1189 3232 1406 3287 quoque
1450 3217 1831 3272 constitutum.
1887 3217 2019 3286 Quae

438 3305 645 3370 omnia,
680 3321 714 3360 a
750 3316 991 3373 tempore
1018 3308 1109 3361 illo
1140 3308 1422 3376 designato
1443 3348 1459 3375 ,
1509 3308 1713 3379 incepit
1741 3309 1836 3365 ille
1858 3323 2016 3376 esse;

440 3410 562 3466 quae
605 3399 787 3452 omnia
825 3398 984 3452 simul
1018 3399 1359 3468 depositurus
1387 3407 1490 3466 est,
1524 3410 1648 3469 post
1669 3398 1856 3467 judicii
1887 3415 2018 3455 con-

438 3487 880 3541 summationem.
915 3487 1039 3543 Haec
1078 3497 1258 3543 autem
1292 3489 1510 3544 ubinam
1561 3489 1851 3545 didicisti?
1882 3490 2021 3557 Quis

441 3578 637 3633 horum
671 3579 765 3633 tibi
816 3577 1140 3635 informator
1184 3580 1447 3635 exstitit?
1493 3580 1795 3652 Episcopus
1849 3582 2018 3654 quis?

441 3666 644 3742 Synodi
672 3684 792 3740 qua:
813 3672 838 3724 ἲ
872 3671 1013 3740 quod
1040 3670 1301 3741 scriptum
1342 3672 1412 3727 ab
1447 3670 1669 3726 homine
1690 3671 2021 3728 ecclesiasti-

440 3777 507 3823 co
521 3761 551 3816 τι
574 3778 771 3833 corpus
799 3762 929 3817 illud
960 3762 1129 3817 Serva
1140 3764 1274 3818 toris
1303 3763 1610 3818 immortale
1632 3778 1741 3834 quo
1762 3763 2017 3819 secedet?

437 3855 575 3911 Nam
608 3872 729 3911 cum
759 3856 1100 3913 concesseris
1131 3856 1260 3911 illud
1283 3870 1407 3912 esse
1436 3856 1766 3922 immortale,
1794 3865 1849 3911 et
1880 3856 2018 3912 divi-

437 3964 569 4005 num
599 3948 909 4019 appellaris,
949 3963 1173 4004 necesse
1195 3958 1279 4004 est
1305 3965 1579 4019 supponas
1608 3949 2021 4018 incorruptibile

438 4050 495 4096 et
518 4041 1006 4096 indissolvendum.
1033 4040 1186 4106 Quod
1226 4056 1358 4095 vero
1387 4052 1579 4095 natura
1625 4056 1721 4096 sua
1770 4041 1880 4096 tale
1913 4053 2018 4109 est,

437 4144 623 4189 manet
655 4134 842 4202 utique
896 4134 1200 4188 subsistens
1251 4140 1304 4187 et
1349 4133 1751 4190 indissolutum.
1796 4132 1903 4189 Sed
1963 4144 2018 4188 tu

438 4222 677 4280 Verbum
712 4224 781 4280 ab
806 4224 895 4280 illo
930 4225 1093 4290 toll-is,
1131 4234 1187 4279 et
1221 4238 1343 4278 cum
1379 4224 1487 4278 Deo
1517 4224 1820 4295 conjungis.
1852 4224 2020 4279 Num-

439 4334 566 4375 nam
599 4320 764 4389 igitur
797 4320 915 4373 sine
945 4316 1125 4373 Verbo
1148 4316 1320 4372 solum
1365 4316 1623 4372 subsistet
1648 4331 1847 4387 corpus
1877 4317 2019 4372 istud

437 4413 492 4467 in
524 4412 812 4468 immortali
844 4419 901 4466 et
935 4414 1244 4480 incorrupta
1279 4408 1761 4465 irrationabilitate
1782 4449 1797 4476 ,
1839 4418 1893 4463 et
1914 4409 2017 4462 im-

439 4508 784 4563 mobilitate?
825 4509 895 4561 At
926 4504 1161 4561 Verbum
1213 4504 1389 4573 ipsum
1439 4504 1703 4558 concedet
1731 4502 1783 4556 in
1827 4503 2016 4566 Deum,

439 4605 494 4651 et
520 4612 710 4651 rursus
745 4596 818 4651 illi
848 4595 1208 4664 conjungetur
1232 4599 1360 4662 post
1386 4594 1571 4649 carnis
1594 4592 2015 4663 separationom.

513 4809 572 4870 ᾖ
604 4805 702 4861 Ed.
734 4805 905 4862 Paris.
938 4820 1061 4876 pag.
1088 4802 1178 4859 54.

2120 2043 2230 2091 νος,
2252 2025 2423 2094 Λόγον
2449 2025 2505 2077 δὲ
2536 2023 2713 2094 ψιλὸν,
2751 2021 2998 2078 ἀνούσιον
3043 2020 3139 2076 καὶ
3168 2019 3537 2074 ἀνυπόστατον
3575 2016 3706 2069 ὑπο-

2119 2118 2432 2190 τιθέμενος·
2475 2116 2534 2170 ὂν
2575 2117 2684 2170 οὐδ’
2717 2116 2905 2188 ἓτερον
2946 2114 2980 2185 ἢ
3028 2113 3085 2167 ἓν
3125 2112 3220 2167 καὶ
3252 2110 3446 2165 ταύτὸν
3483 2109 3560 2179 τῷ
3584 2107 3707 2179 Θεῷ

2121 2207 2261 2264 εῖναι
2296 2210 2442 2280 φής;
2477 2209 2543 2261 Ὃ
2567 2206 2631 2279 δὴ
2661 2207 2757 2261 καὶ
2786 2205 2900 2278 (94)
2931 2207 3043 2269 πᾶς
3091 2203 3237 2257 εἴποι
3272 2203 3342 2256 ἂν
3372 2200 3707 2273 ἀρνούμενος

2117 2304 2210 2358 τὸν
2235 2302 2365 2355 Υίδν
2394 2298 2489 2354 τοῦ
2526 2297 2682 2364 Θεοῦ,
2713 2298 2955 2362 εἰκότως.
3010 2297 3085 2351 Οὐ
3113 2295 3223 2368 γάρ
3251 2294 3367 2358 υἱὸς
3403 2294 3433 2346 ό
3460 2292 3536 2363 μὴ
3572 2292 3708 2362 ὑφε-

2121 2394 2263 2458 στὼς
2314 2393 2509 2461 Λόγος,
2545 2393 2620 2456 ὠς
2670 2390 2792 2445 οὐδὲ
2849 2392 2906 2445 ὲν
2960 2387 3235 2461 ἀνθρώπῳ
3267 2387 3425 2455 λόγος
3473 2384 3590 2448 υἱὸς
3636 2383 3707 2438 ἄν

2120 2503 2253 2541 ποτε
2282 2485 2474 2557 ῥηθείη
2502 2482 2813 2555 ἀνθρώπου,
2841 2481 3091 2554 ἐνεργείᾳ
3113 2480 3249 2552 μόνῃ
3275 2482 3331 2532 ὲν
3354 2477 3430 2549 τῷ
3456 2474 3705 2530 λαλοῦντι
3734 2492 3743 2503 κ

2122 2579 2534 2648 συνιστάμενος.
2565 2574 2737 2628 Τοῦτο
2764 2575 2809 2628 δ’
2841 2576 2906 2627 ὲκ
2921 2572 3015 2627 τοῦ
3038 2571 3270 2643 Πατρδς,
3303 2568 3414 2641 (95)
3442 2568 3548 2640 πρὸ
3566 2564 3706 2620 ἑτῶν

2119 2670 2229 2725 οὐδ’
2263 2671 2402 2725 ὅλων
2428 2668 2820 2742 τετρακοσίων,
2852 2667 2941 2720 διὰ
2958 2667 3057 2736 τῆς
3086 2663 3406 2735 ἀναλήψεως
3437 2662 3538 2732 τῆς
3572 2676 3709 2733 σαρο

2120 2762 2235 2827 κὸς,
2269 2762 2399 2816 Υἱὺν
2435 2760 2528 2816 τοῦ
2559 2760 2695 2814 Θεοῦ
2728 2758 3086 2831 γεγεννῆσθαι
3108 2755 3290 2820 καθὼς
3316 2754 3439 2826 φὴς,
3466 2752 3562 2808 καὶ
3596 2753 3707 2822 ἰη-

2121 2852 2250 2909 σοῦν
2297 2853 2389 2907 καὶ
2439 2853 2674 2924 Χριστὸν
2714 2850 3029 2923 ὠνομάσθαι
3063 2849 3198 2915 ἄνω,
3253 2847 3438 2901 εἰκόνα
3495 2863 3556 2899 τε
3608 2841 3705 2898 τοῦ

2120 2945 2256 3000 Θεοῦ
2288 2945 2383 3000 τοῦ
2416 2945 2648 3017 ἀοράτου
2672 2944 3043 3016 χρηματίσαι,
3080 2941 3174 2996 καὶ
3225 2940 3565 3013 πρωτότοκον
3597 2936 3706 2991 πά-

2123 3056 2224 3111 σης
2257 3039 2507 3103 κτίσεως,
2535 3039 2630 3092 καὶ
2644 3037 2708 3109 δὴ
2738 3037 2832 3091 καὶ
2850 3034 3072 3107 βασιλέα
3093 3034 3218 3087 τότε
3250 3030 3508 3101 γενέσθαι
3536 3028 3711 3101 άρζάε

2128 3148 2288 3202 μενον
2314 3130 2522 3184 τούτων
2549 3129 2836 3194 ἁπάντων,
2882 3130 2948 3181 ὲκ
2978 3126 3068 3181 τοῦ
3099 3124 3430 3197 δηλωθὼτος
3467 3121 3660 3195 χρόνου
3687 3163 3705 3190 ,

2123 3217 2317 3272 ἔπειτα
2343 3218 2520 3291 καιρῷ
2535 3219 2636 3288 τῆς
2655 3218 2967 3280 συντελείας
2981 3217 3187 3270 τούτων
3214 3215 3467 3269 ἁπάντων
3492 3213 3559 3266 ἀθ
3569 3211 3707 3284 ρόως

2123 3310 2519 3381 παυθήσεσθαι.
2551 3310 2663 3363 Ποῦ
2697 3310 2761 3382 δὴ
2795 3306 2889 3364 οὖν
2931 3310 3103 3363 ταῦτα
3145 3307 3624 3381 μεμάθηκας;Τίς
3647 3305 3708 3359 δέ

2125 3419 2206 3463 σοι
2241 3402 2446 3456 τούτων
2473 3402 2711 3473 κατέστη
2735 3402 3071 3467 διδάσκαλος,
3100 3401 3184 3465 τίς
3201 3401 3533 3462 ἐπισκόπων,
3556 3399 3706 3451 ποῖαι

2124 3494 2355 3559 σύνοδοι,
2389 3496 2542 3548 ποῖον
2577 3493 3046 3564 ὲκκλησιαστικών
3080 3493 3289 3563 ἀνδρῶν
3321 3492 3574 3562 γράμμα,
3598 3504 3702 3541 που

2119 3584 2177 3639 δέ
2211 3603 2292 3639 σοι
2324 3585 2386 3638 τὸ
2418 3585 2576 3656 σῶμα
2602 3586 2663 3638 τὸ
2684 3585 2948 3638 ἀθάνατον
2981 3585 3249 3655 χωρήσειε
3280 3581 3375 3633 τοῦ
3410 3579 3698 3649 Σωτῆρος;

2119 3678 2384 3733 ἀθάνατον
2437 3676 2543 3747 γὰρ
2597 3673 2874 3747 ὁμολογῶν
2904 3675 2999 3728 καὶ
3042 3673 3182 3728 θεῖον
3221 3670 3500 3744 ὀνομάζων
3531 3668 3662 3723 αὐτὸ
3683 3706 3698 3733 ,

2121 3771 2337 3834 πάντως
2371 3786 2474 3823 που
2521 3769 2616 3822 καὶ
2649 3766 2927 3839 ἄφθαρτον
2969 3767 3063 3820 καὶ
3109 3765 3389 3819 ἀδιάλυτον
3430 3761 3699 3831 ὑποθήσῃ’

2121 3861 2367 3931 πεφυκὸς
2385 3859 2443 3911 δὲ
2459 3857 2719 3922 τοιοῦτον,
2747 3858 2895 3929 μένει
2917 3855 3187 3919 συνεστὼς
3211 3853 3410 3924 δηλαδὴ
3432 3854 3527 3907 καὶ
3549 3849 3707 3903 ἀδιά-

2119 3950 2299 4005 λυτον.
2347 3949 2507 4003 Ἀλλά
2535 3950 2626 4003 τὸν
2673 3950 2845 4017 Λόγον
2886 3949 3118 4020 ἀφῄρεις
3148 3946 3335 4010 αὐτοῦ,
3365 3946 3460 3998 καὶ
3486 3942 3562 4015 τῷ
3580 3940 3705 4013 ,Θεῷ

2121 4045 2408 4117 συνῆπτες.
2464 4043 2673 4097 Οὐκοῦν
2709 4045 2836 4098 ἄνευ
2871 4044 3046 4110 Λόγου
3101 4040 3262 4113 μόνου
3299 4039 3412 4110 (96)
3437 4038 3499 4091 τὸ
3544 4035 3708 4106 σῶμα

2120 4137 2379 4207 στήσεται
2420 4137 2480 4189 ὲν
2512 4135 2764 4206 ἀθανάτῳ
2798 4135 2891 4188 καὶ
2925 4132 3188 4203 ἀφθάρτῳ
3223 4129 3415 4201 ἀλογία
3446 4127 3542 4181 καὶ
3585 4127 3708 4181 ἀκι-

2119 4227 2282 4299 νησίᾳ
2300 4229 2390 4293 ;τὸ
2420 4228 2477 4281 δὲ
2493 4226 2655 4291 αὐτὸς
2676 4228 2704 4279 ό
2728 4226 2903 4294 Λόγος
2923 4228 3003 4289 εἰς
3023 4224 3114 4278 τὸν
3134 4222 3269 4277 Θεὸν
3318 4222 3575 4293 χωρήσει,
3610 4216 3707 4271 καὶ

2121 4318 2522 4390 συναφθήσεται
2545 4314 2702 4380 αὖθις
2729 4317 2879 4387 αύτῷ
2909 4316 3047 4388 μετά
3065 4316 3155 4370 τὸν
3183 4315 3282 4386 τῆς
3315 4313 3515 4387 σαρκὸς
3543 4329 3709 4383 χωρι-

2124 4410 2278 4481 σμόν.
2310 4407 2380 4464 ’Ἃ
2392 4428 2459 4483 ρα
2493 4409 2567 4481 μὴ
2617 4408 2692 4463 ὢν
2724 4412 2781 4462 ὲν
2812 4409 2889 4480 τῷ
2922 4408 3062 4478 Θεῷ,
3087 4409 3175 4461 ὅτε
3214 4409 3281 4476 τῇ
3318 4403 3483 4475 σαρκὶ
3508 4404 3702 4475 συνῆν·

2121 4501 2239 4554 ἀλλ’
2274 4499 2350 4553 ὣν
2379 4503 2437 4553 ὲν
2470 4498 2617 4569 αὐτῷ
2650 4498 2740 4551 διὰ
2762 4497 2982 4561 παντὸς,
3021 4496 3291 4559 συναῖδιός
3323 4511 3383 4547 τε
3427 4492 3502 4547 ὣν
3533 4493 3627 4546 καὶ
3648 4492 3709 4545 ἓν

2122 4592 2217 4644 καὶ
2264 4589 2459 4644 ταύτὸν
2514 4588 2593 4660 τῷ
2625 4588 2779 4662 Θεῷξ
2817 4588 2943 4652 Πῶς
2972 4582 3067 4655 οὖν
3107 4586 3352 4664 ὑπῆρχεν
3392 4585 3452 4639 ὲν
3485 4582 3563 4656 τῷ
3603 4582 3713 4638 otii-3.

3505 4844 3526 4920 ὃ

508 4988 749 5065 (95)--Μή
782 5006 901 5065 ,τξου
929 4990 1266 5065 πυνθάνου.
1315 4989 1447 5065 Ιέρς.
1491 4992 1583 5065 Δμή
1630 5007 1737 5065 μου
1769 4999 1828 5044 ut
1862 4989 2020 5059 paulo

2124 4989 2380 5065 ἀφαιρεῖ
2405 5018 2473 5065 ς-
2514 4986 2749 5065 συνῆιπτε
2775 4980 3421 5065 ιιὺίισυνάπτεσθαιιοογτ.

435 5071 583 5132 ante.
606 5058 683 5114 Μ.
713 5061 932 5132 ebeni
952 5061 1114 5132 vulgo
1143 5061 1196 5114 τί
1222 5060 1280 5132 δὲ
1299 5058 1469 5132 obviet
1488 5058 1805 5132 ἐγγράφεις.

531 5132 623 5199 94)
653 5133 716 5184 Ὃ
746 5130 823 5199 δὴ
1016 5132 1188 5202 V-ulgo
1209 5130 1295 5184 ὅδε
1325 5131 1436 5185 καί.

531 5198 625 5271 95)
687 5202 783 5255 Ἐκ
810 5198 916 5273 τοῦ
957 5198 1211 5270 Πατρός.
1262 5203 1426 5257 Deest
1472 5200 1581 5265 hic,
1636 5200 1845 5273 προῖόν.
1884 5198 2020 5273 illud

438 5271 591 5337 κάτω
643 5291 657 5327 :
709 5274 776 5327 ad
833 5272 1107 5329 Christum
1157 5273 1371 5340 opinor.
1426 5287 1534 5325 non
1586 5272 1651 5326 ad
1686 5271 2018 5325 Marcellum

438 5345 780 5400 referendum
836 5354 940 5407 est,
1012 5344 1115 5396 hoc
1174 5339 1276 5402 est.
1331 5340 1606 5395 Christum
1659 5339 1788 5395 olim
1838 5341 2015 5409 λόγον,

437 5415 607 5482 κάτω,
646 5417 697 5467 in
733 5415 890 5467 terris
919 5414 1282 5482 incarnatum.
1319 5410 1514 5482 factum
1534 5410 1728 5475 Filium
1761 5412 2018 5477 hominis,

439 5480 543 5540 non
566 5485 717 5537 κάτω
751 5486 877 5555 φής,
906 5485 1006 5536 hoc
1028 5491 1111 5555 est
1152 5481 1375 5555 inferius
1406 5480 1858 5555 allirina_s_is_tm_l_:
1895 5497 2016 5533 nam

437 5565 494 5631 et
515 5556 740 5631 inferius
764 5550 828 5631 oi
869 5553 1117 5631 superius
1145 5550 1373 5604 amrrnat
1403 5550 1571 5631 :Jhinc
1600 5551 1756 5613 illud,
1784 5551 2023 5631 Χριστὸν,

437 5625 751 5696 ὠνομάσθαι
789 5625 901 5678 ἄνω
935 5621 954 5677 Ξ
982 5638 1287 5692 quanquam
1343 5621 1521 5688 potius
1554 5621 1853 5688 putaverint
1905 5622 2018 5674 ἄνω

439 5692 762 5748 redundare.
790 5694 1002 5748 M.-—-R.
1033 5708 1085 5748 ι).
1130 5693 1199 5748 50
1230 5691 1587 5748 τοῦτον-σύγ
1616 5690 2018 5748 ὅλων-γεγεν-

493 5708 762 5749 !(Illlltlal‘e.
790 5708 1002 5751 M.—'“.
1033 5708 1085 5751 Ι).
1130 5708 1199 5748 ὒυ
1230 5708 1587 5751 τουτον-ουγ
1616 5708 2020 5751 ολων-γεγεν-

439 5707 762 5762 redundare.
790 5707 1002 5751 M.-—-li.
1033 5708 1085 5763 p.
1130 5707 1199 5748 ou
1230 5707 1589 5762 τουτον-ουχ
1616 5707 2019 5759 ολων-γεγεν-

440 5764 653 5840 νῇσθαι,
695 5767 807 5840 ἄνω
848 5765 1129 5840 Δκαὶ-κάτω
1159 5765 1266 5840 φής
1296 5764 1472 5817 deleto
1498 5763 1610 5840 ἀνω
1631 5760 2019 5840 ,ροειρώνο-μά-

442 5832 584 5896 σθαι.
621 5837 746 5888 Dein
775 5836 933 5901 vulgo
960 5834 1087 5888 Υἰὸν
1114 5832 1295 5888 τοῦθ.
1330 5850 1384 5902 γ.
1420 5842 1475 5885 et
1502 5833 1594 5885 καὶ
1631 5832 1837 5902 Ἰησοῦν
1857 5833 2015 5902 ῌΧρι-

444 5906 566 5971 στὸν
622 5897 935 5973 ὠνομάσθαι
996 5915 1051 5961 et
1102 5905 1195 5959 καὶ
1228 5904 1284 5958 δὲ
1312 5897 1404 5957 καὶ
1435 5903 1485 5974 β.
1523 5917 1576 5961 et
1601 5897 1705 5955 ποῦ
1736 5902 1795 5972 ἐξ
1824 5897 1942 5955 οὖν’
1964 5912 2017 5958 ct

2203 5048 2316 5131 (955)
2340 5048 2537 5131 ῨΑνευ
2569 5048 2763 5131 Λόγου
2794 5055 3008 5131 μόνου.
3040 5055 3174 5131 lino,
3210 5049 3404 5121 μόνον;
3434 5048 3704 5131 hor-vult,

2128 5119 2308 5202 solum
2333 5130 2436 5202 hoc
2465 5119 2674 5202 corpus
2695 5119 2917 5187 Christi,
2945 5128 3063 5179 sine
3088 5119 3246 5190 Λόγῳ
3286 5135 3385 5202 suo
3411 5119 3708 5175 subsistere

2128 5200 2349 5263 debere,
2378 5199 2703 5255 immortale.
2730 5212 2852 5250 cum
2880 5206 3198 5263 caaterorum
3214 5199 3453 5263 omnium
3474 5204 3706 5263 corpora

2128 5270 2307 5324 futura
2336 5259 2905 5341 sint).oyrxd.'l‘utum_
2923 5266 3097 5319 locum
3117 5261 3209 5341 _sic
3246 5259 3388 5340 lego.
3412 5270 3484 5341 et‘
3506 5260 3706 5341 distin-

2127 5357 2231 5409 guo
2254 5359 2267 5394 :
2294 5338 2522 5402 Οὐκοῦν,
2544 5329 2690 5393 ’ἄνευ
2713 5336 2808 5409 τοῦ
2832 5334 3028 5409 Λόγου,
3064 5331 3221 5409 μόνον
3244 5329 3420 5409 τοῦτο.
3437 5329 3505 5409 τὸ·
3529 5329 3707 5409 ισῷμα

2125 5399 2378 5481 στήσεται
2405 5410 2453 5481 ὲ.
2569 5426 2623 5462 κ.
2643 5410 2697 5473 ἀ.
2729 5408 2785 5481 ἀ.
2873 5399 3154 5481 ἀκινησίᾳ,
3187 5402 3280 5481 ὅτε
3304 5400 3463 5481 α-ύτρς
3483 5400 3511 5451 ό
3528 5399 3704 5481 λόγος,

2122 5469 2250 5546 οἰοῖ,
2267 5481 2374 5551 ἄρα
2391 5479 2465 5551 μὴ
2494 5478 2589 5551 ὠν,
2613 5469 2746 5551 etc...
2762 5475 2898 5537 ἀλλά
2928 5469 3119 5551 προών
3139 5475 3196 5525 έν
3217 5470 3369 5551 ,αὐτῷ
3393 5469 3704 5550 διαπαντός,

2125 5552 2216 5605 Sic
2238 5542 2351 5604 vult
2383 5542 2644 5604 Eu'siebius
2681 5549 2724 5601 si
2769 5556 2887 5601 erat
2926 5542 2985 5597 ἐν
3028 5542 3323 5618 ὑποστάσει
3352 5555 3448 5594 sua
3489 5542 3707 5618 propria

2123 5634 2245 5675 Cum
2289 5621 2623 5680 incarnatus.
2656 5617 2761 5684 ἔξω
2783 5624 2837 5671 el
2866 5612 3270 5687 κεχωρισμένος
3313 5621 3431 5666 erat
3465 5609 3707 5687 TOGAEIG?

2121 5691 2273 5763 τρός,
2305 5704 2545 5763 curnon
2601 5678 2654 5763 et
2674 5678 2816 5763 ante
2846 5678 3072 5763 jsiecul'a,
3105 5678 3410 5763 cum‘esset
3438 5678 3707 5763 συναξδιος

2124 5749 2203 5832 τῷ
2221 5749 2435 5832 Πατρίῖ
2460 5758 2746 5832 bl.—ln_lra
2771 5749 2852 5814 zu;
2880 5761 2930 5814 in
2950 5749 3097 5817 corr.
3120 5771 3212 5827 γρ.
3226 5752 3371 5823 δίχα,
3391 5750 3510 5807 loco
3528 5749 3708 5826 δίκην,

2124 5825 2256 5893 Dein
2290 5825 2448 5902 vulgo
2467 5830 2617 5883 ἔσται
2649 5825 2777 5909 ἄρα.
