4088 6378
379 374 476 430 8'21

1499 369 1781 426 CONTRA
1822 365 2250 423 MARCELLUM
2293 365 2419 422 LIB.
2466 366 2527 421 ll.

3511 371 3623 426 82}

381 509 532 562 ματι,
576 491 624 543 εί
673 491 768 560 μὲν
788 489 962 560 ψυχῆς
994 490 1149 560 δίκην
1173 489 1338 543 οἰκῶν
1369 493 1426 544 ἐν
1453 491 1600 561 αὐτῷ
1626 490 1810 555 ;έσται
1842 491 1946 560 ἀρα

2072 489 2252 542 Ξηιιηο
2281 503 2410 556 ergo
2444 497 2599 542 extra
2625 488 2788 542 Deum
2822 498 2932 543 tum
2962 505 3084 544 cum
3131 504 3294 543 carne
3329 504 3616 544 conversa-

379 584 438 635 ἐν
463 583 772 643 ὑποστάσει,
808 580 899 632 τοῦ
932 581 1144 651 Πατρὸς
1171 581 1594 652 κεχωρισμένος,
1633 579 1739 644 ζῶν
1770 598 1828 632 τε
1857 581 1949 633 καὶ

383 674 628 744 ὑφεστὼς
655 675 712 725 ἐν
801 673 1054 744 ἀνείληφε
1089 672 1198 743 (97)
1240 672 1422 742 σαρκί.
1453 673 1516 724 Τί
1544 668 1636 724 οῦν
1677 669 1908 724 ἐκώλυεν
1933 710 1947 733 ,

383 767 478 818 καὶ
501 765 605 836 πρὸ
627 765 725 834 τῆς
746 763 838 815 τοῦ
868 763 1070 832 κόσμου
1110 763 1441 825 συστάσεως,
1465 761 1592 813 Υίὸν
1623 760 1756 812 Θεοῦ
1776 759 1952 823 ζῶντα

383 855 541 908 αὐτὸν
566 854 876 924 ὁμολογεῖν;
912 854 1048 907 Ἀλλ’
1081 853 1223 906 εἴποι
1253 853 1317 906 ἂν
1350 856 1500 916 ἴσως,
1523 852 1770 923 ἐνεργείᾳ
1793 854 1948 922 μόνῃ,

381 948 500 1017 οὐχὶ
541 947 596 1000 δὲ
631 947 816 1008 οὐσίας
851 947 1178 1010 ὑποστάσει,
1217 947 1310 999 καὶ
1338 948 1394 999 ἐν
1429 944 1506 1015 τῷ
1541 943 1751 1014 σώματι
1793 961 1952 1012 γεγο-

382 1040 558 1092 νέναιο
617 1055 637 1089 σ
673 1039 932 1109 δραστικῇ
983 1038 1091 1109 γὰρ
1139 1039 1386 1111 ἐνεργείᾳ
1441 1037 1609 1107 μόνῃ,
1665 1037 1834 1106 φησὶ,
1884 1038 1952 1106 τῇ

387 1149 406 1182 σ
452 1132 614 1202 σαρκὶ⁴
632 1130 802 1182 συνὼν
828 1130 890 1182 τὸ
914 1132 1080 1183 κινεῖν
1106 1129 1294 1199 αὐτὴν,
1322 1129 1414 1181 καὶ
1440 1128 1722 1199 πράττειν,
1747 1127 1954 1198 ὅσαπερ

389 1238 408 1272 ι
455 1223 512 1274 ὲν
524 1221 873 1290 Εὐαγγελίοις
896 1221 1137 1293 φέρεται,
1163 1222 1321 1292 οὐσία
1343 1221 1419 1291 τῷ
1443 1220 1560 1291 Θεῷ
1587 1221 1846 1290 συνῆπτο,
1867 1216 1954 1273 οἷα

391 1331 412 1364 ι
455 1314 624 1382 Λόγος
649 1315 906 1386 ὑπάρχων
932 1315 1094 1367 αὐτοῦ
1123 1313 1422 1384 ἀχώριστος
1455 1315 1548 1367 καὶ
1580 1314 1948 1377 ἀδιάστατος.»

384 1406 447 1458 Εἰ
475 1405 537 1476 δὴ
563 1404 731 1458 ταῦτα
766 1405 932 1473 λέγει,
980 1407 1316 1476 ὲρωτήσασιν
1349 1406 1479 1475 ἡμῖν
1534 1405 1950 1473 ἀποκρινάσθω·

381 1491 619 1566 *Λρ’ἐπὶ
656 1497 820 1566 μόνην
842 1496 938 1565 τὴν
976 1497 1152 1566 σάρκα
1183 1495 1383 1566 ταύτην
1410 1498 1443 1566 ἠ
1477 1494 1572 1548 τοῦ
1609 1496 1780 1562 Λόγου
1809 1495 1956 1566 ἐνέρ-

383 1603 506 1654 γεια
548 1585 800 1655 ἔφθακεν,
832 1587 951 1656 οὐχὶ
1005 1587 1062 1640 δὲ
1099 1587 1192 1640 καὶ
1238 1588 1321 1655 ἐφ’
1367 1587 1585 1658 ἐτέρους
1639 1586 1958 1658 ἀνθρώπους

380 1679 508 1738 τοὺς
528 1677 713 1744 ἁγίους
749 1678 842 1730 τοῦ
871 1679 1027 1743 Θεοῦ,
1060 1680 1155 1732 καὶ
1195 1681 1273 1742 είς
1326 1679 1394 1732 τὰ
1451 1678 1614 1732 λοιπά
1667 1679 1729 1749 δὴ
1782 1679 1959 1732 πάντα

381 1767 477 1820 τοῦ
507 1768 679 1836 Λόγου
706 1769 1158 1840 δημιουργήματα
1177 1786 1192 1834 ;
1214 1771 1334 1840 οὐχὶ
1364 1772 1391 1823 ό
1423 1771 1585 1833 αὐτὸς
1612 1771 1825 1840 ἐνεργεῖ
1851 1769 1954 1822 Λό-

384 1875 478 1927 γος
505 1875 519 1922 ;
546 1860 653 1911 Καὶ
683 1861 787 1929 μὴν
825 1861 1242 1931 μεμαθήκαμεν,
1274 1861 1350 1924 ὼς
1384 1880 1402 1913 σ
1437 1861 1516 1932 τῷ
1554 1862 1711 1931 Λόγῳ
1747 1862 1952 1933 Κυρίου
1988 1841 2032 1896 Β

383 1951 434 2003 οἱ
486 1950 706 2021 οὐρανοὶ
747 1951 1178 2024 ἐστερεώθησαν,
1213 1973 1230 2003 ι
1288 1953 1386 2007 καὶ
1419 1973 1438 2005 ι
1481 1954 1547 2006 δι’
1583 1953 1747 2008 αὐτοῦ
1777 1955 1956 2007 πάντα

383 2040 618 2108 ἐγένετο·
661 2042 754 2095 καὶ
801 2044 968 2114 χωρὶς
1004 2044 1167 2096 αὐτοῦ
1194 2045 1410 2111 ἐγένετο
1441 2046 1561 2098 οὐδὲ
1596 2047 1674 2098 ἓν.
1699 2065 1716 2098 ι
1747 2047 1955 2100 υύκοῦν

382 2133 466 2185 ὅτι
490 2135 702 2203 ἐνεργεί
736 2135 847 2203 (98)
879 2135 974 2187 καὶ
1004 2137 1095 2188 ἐπὶ
1135 2137 1346 2189 πάντων
1367 2153 1380 2168 ·
1406 2137 1650 2206 ἔγνωμεν
1707 2138 1812 2190 ἀπὸ
1850 2139 1957 2191 τῶν

385 2223 544 2277 θείων
577 2223 825 2294 Γραφῶν,
850 2227 943 2278 καὶ
965 2226 1040 2288 ὡς
1070 2229 1258 2295 Λόγος
1286 2231 1505 2295 Kvpt'ov
1532 2228 1768 2297 ἐγένετο
1812 2229 1960 2298 πρὸς

398 2313 576 2381 Ὠσηὲ
615 2314 722 2368 τὸν
766 2316 871 2369 τοῦ
926 2317 1133 2383 Br;an-
1194 2318 1309 2380 καὶ,
1359 2320 1548 2386 Λόγος
1596 2321 1813 2386 Κυρίου
1849 2320 1958 2388 (99)

387 2401 640 2471 ἐγενήθη
673 2405 821 2472 πρὸς
861 2405 1108 2458 Ἡσαΐαν
1134 2407 1267 2460 υἱὸν
1303 2408 1478 2476 Ἀμώς
1502 2425 1515 2438 ·
1565 2411 1656 2461 καὶ
1703 2411 1783 2476 ὠς
1837 2409 1963 2478 ἐγέ-

387 2509 524 2546 νετο
561 2495 749 2563 Λόγος
777 2497 996 2562 Κοιιρίου
1021 2499 1168 2565 πρὸς
1209 2499 1513 2567 Ἰερεμίαν·
1542 2519 1560 2549 ι
1595 2501 1690 2552 καὶ
1725 2501 1807 2568 ἐφ’
1833 2500 1965 2554 ἑκά-φ

388 2599 516 2636 στου
556 2584 611 2636 δὲ
655 2588 932 2656 προφήτου
964 2590 992 2640 ὁ
1022 2589 1182 2651 αὐτὸς
1228 2592 1446 2660 ἐνήργει
1488 2590 1581 2642 τοῦ
1621 2590 1756 2643 Θεοῦ
1786 2591 1962 2660 λόγος.

392 2674 514 2744 Ἆρ’
575 2670 669 2727 οὖν
710 2676 811 2745 τῆς
861 2675 980 2748 ἴσης
1033 2677 1191 2742 ἀξίας
1243 2680 1321 2750 τῷ
1385 2684 1664 2750 μονογενεῖ
1713 2681 1823 2751 Υίῷ
1871 2681 1966 2734 τοῦ

389 2765 526 2818 Θεοῦ
557 2767 826 2831 κάκείνοις
849 2769 1017 2822 ἆπασι
1053 2771 1239 2841 μετῆν,
1273 2773 1365 2824 καὶ
1395 2773 1558 2825 πλέον
1581 2773 1730 2824 οὐδὲν
1757 2773 1968 2843 ὑπῆρχε

391 2857 471 2930 τῷ
505 2860 736 2931 Σωτῆρι,
769 2863 816 2913 εἰ
840 2862 904 2932 δὴ
936 2863 1186 2934 ἐνεργείᾳ
1219 2864 1354 2936 μόνῃ
1385 2863 1491 2916 ὑπὸ
1523 2864 1616 2917 τοῦ
1652 2865 1827 2933 Λόγου
1876 2867 1968 2918 τοῦ

391 2947 471 3020 τῷ
491 2947 610 3019 θεῷ
647 2951 990 3022 συνημμένου
1021 2954 1268 3007 ἐκινεῖτο.
1316 2953 1451 3006 Ἀλλ’
1482 2955 1604 3007 οὐδὲ
1629 2954 1698 3008 τά
1735 2956 1824 3008 ῐσα
1860 2959 1972 3019 τοῖς

393 3042 700 3112 προφήταις
736 3041 921 3112 φέρειν
951 3041 1134 3095 δίδωσι
1157 3042 1475 3114 Μάρκελλος
1507 3044 1582 3114 τῷ
1625 3044 1848 3116 Χριστῷ
1875 3045 1970 3098 τοῦ

2050 583 2236 636 retur?
2275 598 2340 634 an
2366 583 2418 634 in
2444 581 2554 635 Deo
2585 582 2886 635 subsistens
2911 581 3258 650 sempiterno,
3290 591 3616 637 coaeternum

2051 674 2339 734 exsistcns,
2360 688 2522 725 unum
2553 682 2714 742 atque
2738 672 2878 726 idem
2907 687 3128 741 prorsus
3151 687 3271 726 cum
3303 671 3450 726 Deo?
3473 671 3622 738 Quo—
3718 658 3721 660 ’

2052 763 2213 818 modo
2238 764 2400 832 igitur
2432 778 2553 816 cnm
2609 778 2836 836 corpore
2866 762 3000 829 fuit,
3033 763 3077 817 si
3109 766 3284 817 anima
3318 778 3512 831 expers
3537 764 3620 817 in-

2054 855 2318 908 habitavit
2361 854 2534 907 illud?
2566 854 2668 908 erit
2709 855 2781 907 ita
2811 854 2862 907 in
2899 855 3204 908 substantia
3255 855 3430 908 Patris
3464 869 3622 921 sepa-

2055 957 2271 1013 ratum,
2305 949 2490 1001 vivens
2535 949 2721 1014 utique
2765 957 2820 1001 et
2859 947 3159 1001 subsistens
3181 948 3264 1011 ,in
3313 961 3476 1000 carne
3529 945 3620 999 illa

2055 1054 2215 1109 quam
2266 1040 2580 1109 assumpsit.
2632 1040 2768 1106 Quid
2821 1054 2952 1107 ergo
3001 1039 3254 1107 prohibet
3281 1039 3443 1093 etiam
3495 1047 3624 1090 ante

2055 1129 2240 1184 mundi
2269 1129 2426 1198 hujus
2443 1130 2877 1184 constitutionem
2910 1129 3102 1184 Filium
3129 1130 3217 1183 Dei
3241 1131 3418 1182 vivum
3447 1130 3624 1197 ipsum

2057 1220 2308 1274 conﬁteri
2345 1221 2368 1273 ?
2428 1219 2532 1274 Sed
2587 1220 2821 1275 fortasse
2857 1219 3092 1284 dixerit,
3139 1220 3252 1275 sola
3286 1219 3623 1289 operatione,

2056 1327 2163 1366 non
2211 1313 2532 1366 substantiae
2578 1312 2896 1382 hypostasi,
2944 1312 2997 1365 in
3049 1327 3278 1381 corpore
3335 1309 3626 1365 exstitisse.

2064 1417 2084 1450 ι
2121 1400 2409 1469 Operativa
2445 1402 2615 1466 enim,
2638 1402 2735 1466 ait,
2769 1401 2963 1454 virtute
2989 1400 3356 1469 sola,corpori
3389 1414 3626 1468 praesens

2063 1509 2083 1542 ι
2121 1502 2272 1553 erat,
2311 1493 2377 1547 ad
2413 1493 2587 1561 ipsum
2635 1495 2958 1547 movendum
2999 1502 3053 1546 et
3083 1493 3416 1561 operandnm
3445 1489 3628 1544 omnia

2064 1602 2083 1634 ι
2120 1599 2239 1652 qnaa
2263 1595 2550 1638 narrantur
2583 1585 2634 1637 in
2671 1583 3000 1652 Evangeliis,
3028 1583 3334 1636 substantia
3368 1596 3496 1634 vero
3525 1579 3630 1633 Dco

2065 1691 2085 1726 ι
2122 1675 2585 1745 conjungebatur;
2615 1683 2799 1742 utpote
2831 1673 3065 1727 Verbum
3095 1675 3263 1742 ipsius
3308 1688 3428 1726 cum
3463 1678 3630 1731 eSset,

2067 1783 2086 1816 ι
2125 1766 2191 1818 ab
2238 1765 2354 1834 ipso
2393 1763 2756 1833 inseparabile
2808 1773 2862 1816 et
2909 1763 3297 1817 indistinctum.
3353 1781 3372 1814 ι
3411 1768 3469 1824 ai
3508 1759 3633 1814 llaec

2061 1857 2106 1909 si
2157 1856 2405 1920 dixerit,
2447 1855 2850 1910 sciscitantibus
2904 1855 3062 1910 nobis
3103 1863 3212 1906 tum
3258 1853 3578 1920 respondeat
3617 1870 3627 1902 :

2055 1947 2190 2002 Num
2222 1948 2561 2018 pertingebat
2587 1948 2653 2002 ad
2687 1947 2856 2003 solam
2884 1948 3026 2001 illam
3062 1962 3282 2002 carnem
3310 1945 3472 2001 Verbi
3493 1943 3634 1998 illius

2056 2039 2345 2106 Operatio?
2377 2054 2554 2093 nonne
2580 2039 2744 2094 etiam
2775 2049 2828 2092 et
2857 2041 2924 2093 ad
2971 2050 3199 2094 caeteros
3247 2039 3497 2093 homines
3537 2037 3633 2091 Dei

2059 2142 2277 2184 sanctos
2301 2171 2314 2194 ,
2370 2141 2424 2184 et
2469 2133 2534 2185 ad
2579 2141 2804 2187 cteteras
2837 2147 3026 2188 omnes
3055 2147 3083 2185 a
3109 2131 3289 2186 Verbo
3336 2131 3634 2199 productas

2059 2223 2384 2277 creaturas?
2417 2223 2576 2278 Certe
2609 2224 2827 2292 quidem
2869 2223 3044 2278 edocti
3078 2239 3287 2288 sumus,
3312 2223 3499 2282 Verbo.
3521 2221 3631 2275 Do-

2061 2313 2190 2366 mini
2230 2313 2399 2366 cmlos
2453 2314 2830 2369 constabilitas
2864 2332 2878 2368 :
2915 2324 2967 2368 et
2993 2315 3171 2368 omnia
3197 2329 3292 2383 per
3321 2314 3468 2367 illum
3496 2313 3633 2368 facta

2063 2405 2270 2458 fuisse:
2301 2413 2386 2470 et,
2416 2406 2534 2460 sine
2576 2405 2667 2459 illo
2709 2407 2912 2460 factum
2947 2406 3112 2460 fuisse
3152 2406 3282 2459 nihil
3317 2406 3564 2459 :scimus
3607 2419 3638 2459 c

2065 2496 2263 2552 divinis
2285 2497 2606 2566 Scripturis,
2637 2499 2910 2566 quomodo
2949 2498 3036 2552 hic
3070 2498 3122 2550 in
3161 2498 3412 2552 omnibus
3447 2511 3641 2567 opere-

2067 2599 2172 2641 tur.
2202 2587 2477 2658 Scriptum
2501 2597 2578 2642 est
2606 2608 2618 2642 :
2668 2587 2889 2644 Verbum
2921 2589 3135 2643 Domini
3179 2591 3247 2642 ad
3291 2589 3440 2654 Osee,
3466 2589 3635 2657 ﬁlium

2066 2678 2219 2733 Βεθτὶ
2254 2679 2334 2744 δ⁰;
2367 2689 2455 2736 et:
2497 2680 2715 2734 Verbum
2746 2681 2960 2735 Domini
3002 2681 3201 2750 factum
3234 2691 3308 2734 est
3335 2681 3404 2734 ad
3438 2679 3640 2734 Isaiam

2069 2772 2237 2840 ﬁlium
2264 2776 2422 2828 Amos
2446 2774 2487 2804 “
2510 2791 2525 2838 ;
2548 2783 2632 2829 et:
2669 2773 2895 2827 Verbum
2920 2773 3130 2828 Domini
3174 2775 3242 2826 ad
3271 2773 3637 2828 Jeremiam“.

2072 2865 2128 2919 In
2149 2881 2466 2934 unoquoque
2483 2867 2712 2936 denique
2737 2867 2994 2943 propheta
3013 2868 3338 2936 operabatur
3353 2865 3480 2920 illud
3501 2865 3640 2919 idem

2072 2957 2293 3011 verbum
2345 2958 2474 3024 Dei;
2514 2957 2774 3027 aequalem
2823 2959 2989 3028 igitur
3032 2959 3107 3013 illi
3135 2973 3326 3013 omnes
3353 2973 3472 3012 cum
3506 2955 3644 3010 Filio

2077 3049 2171 3103 Dei
2221 3049 2536 3119 dignitatem
2571 3050 2994 3120 participabant,
3027 3065 3127 3104 nec
3156 3058 3275 3105 erat
3303 3049 3480 3117 aliqua
3515 3049 3647 3102 Scr-

394 3131 550 3187 Θεοῦ.
607 3135 669 3188 υἱ
717 3133 815 3204 μὲν
857 3133 966 3205 γὰρ
1018 3135 1164 3206 ζωῆς
1218 3137 1434 3190 αίωνίου
1463 3137 1732 3192 ἀθανάτου
1781 3157 1840 3193 τε
1880 3141 1969 3194 καὶ

2075 3142 2276 3196 vatoris
2310 3142 2700 3211 praerogativa;
2745 3142 2787 3196 si
2847 3142 2959 3196 sola
2989 3141 3081 3195 ille
3110 3141 3424 3210 operatione
3457 3137 3643 3200 Verbi,

395 3224 751 3296 ἀτελευτήτου
802 3225 1102 3289 τεύξονται,
1147 3229 1226 3290 εἰς
1258 3228 1384 3291 τοὺς
1419 3230 1666 3293 ἃπαντας
1687 3231 1890 3295 αἰῶνας
1918 3234 1975 3286 ἐν

396 3318 462 3386 τῇ
493 3315 908 3390 κατηγγελμένῃ
939 3317 1046 3370 τῶν
1075 3318 1318 3390 οὐρανῶν
1347 3318 1592 3391 βασιλείᾳ
1636 3322 1973 3392 βιωσόμενοι,

398 3407 619 3475 ἀγαθῶν
641 3426 700 3460 τε
719 3408 1136 3472 ἀπολαύσοντες,
1167 3409 1205 3463 ἁ
1234 3411 1542 3480 ὀφθαλμὸς
1577 3415 1688 3465 οὐκ
1717 3409 1836 3466 εἶδε
1879 3414 1976 3466 καὶ

397 3495 506 3565 οὖς
533 3503 643 3553 οὐκ
683 3499 911 3568 ἤκουσε
949 3501 1047 3554 καὶ
1091 3502 1188 3553 ἐπὶ
1222 3501 1474 3570 καρδίαν
1511 3502 1821 3570 ἀνθρώπου
1863 3505 1976 3556 οὐκ

395 3590 577 3658 ἀνέϐη
601 3609 612 3621 ⁸
645 3594 672 3644 ὁ
693 3591 748 3645 δὲ
777 3593 1009 3662 Χριστὸς
1042 3591 1135 3646 τοῦ
1169 3592 1325 3657 Θεοῦ,
1356 3595 1515 3658 αὐτὸς
1547 3596 1575 3648 ὁ
1605 3595 1782 3658 κοινὸς
1812 3595 1978 3649 ἀπάν-

397 3697 508 3733 των
541 3681 751 3752 Σωτὴρ,
787 3683 814 3734 ὁ
836 3681 1177 3752 πρωτότοκος
1211 3683 1316 3736 τῶν
1350 3685 1559 3756 νεκρῶν
1581 3725 1594 3748 ,
1625 3688 1656 3755 ή
1689 3685 1844 3749 ἐλπὶς
1879 3690 1978 3758 τῆς

399 3773 508 3831 τῶν
538 3775 707 3844 ἁγίων
743 3777 1111 3840 ἀναστάσεως,
1145 3777 1303 3846 μόνος
1347 3777 1456 3846 ἄρα
1492 3777 1612 3830 τότε
1653 3777 1980 3849 ἀπολειφθή-

403 3880 556 3919 σεται
604 3867 1021 3938 παυθησομένης
1062 3867 1226 3920 αὐτοῦ
1278 3871 1376 3938 τῆς
1419 3867 1713 3936 βασιλείας,
1749 3869 1841 3920 καὶ
1881 3867 1981 3938 τῆς

405 3961 669 4025 ζωοποιοῦ
700 3962 898 4034 σαρκὸς
935 3962 1141 4033 ἐρήμου
1167 3961 1261 4015 καὶ
1303 3961 1500 4028 ἀλόγου
1547 3961 1980 4033 καταλειφθησο-

409 4050 598 4122 μένης.
633 4051 707 4114 ὡς
740 4053 875 4122 μήτε
901 4051 1272 4123 προϋπάρχειν
1307 4051 1468 4104 αὐτὸν
1497 4051 1624 4104 Υἱὸν
1648 4051 1781 4104 Θεοῦ
1832 4053 1980 4118 ὄντα,

410 4147 545 4218 μήτε
578 4147 817 4217 διαρκεῖν
847 4148 923 4210 είς
955 4147 1201 4218 ἄπειρον,
1229 4145 1371 4200 κατά
1413 4148 1510 4219 τὴν
1539 4147 1632 4202 τοῦ
1666 4150 1982 4220 Μαρκέλλου

406 4239 771 4293 διδασκαλίαν.
806 4241 1045 4304 Εἰκότως
1073 4240 1179 4311 ἄρα
1215 4239 1390 4294 ταῦτα
1421 4239 1643 4308 βασιλέα
1669 4242 1745 4311 (I)
1785 4242 1874 4295 τὸν
1909 4242 1984 4308 ὼς

408 4331 622 4403 ἀληθῶς
673 4331 890 4402 θεοφιλῆ
945 4332 1041 4385 καὶ
1080 4332 1474 4403 τρισμακάριον
1497 4332 1636 4384 κατά
1669 4332 1762 4385 τοῦ
1795 4334 1986 4405 ἀνδρὸς

410 4423 598 4488 ἐκίνει,
631 4423 804 4476 καίτοι
839 4422 1003 4494 μυρία
1026 4422 1474 4488 κολακεύσαντος,
1513 4425 1606 4476 καὶ
1629 4423 1796 4478 πολλά
1833 4425 1987 4495 βασι-

2075 3233 2217 3301 quod
2267 3247 2388 3286 cum
2422 3233 2530 3286 Deo
2563 3232 2774 3286 unitum
2828 3233 3100 3295 manebat,
3139 3233 3476 3285 movebatur.
3535 3229 3649 3282 lmo

2076 3338 2204 3378 vero
2234 3323 2523 3380 Marcellus
2557 3339 2662 3378 non
2696 3324 2933 3376 admittit
2977 3323 3068 3376 Dei
3102 3321 3324 3386 Filium,
3357 3323 3422 3376 ad
3461 3337 3646 3390 aequa-

2077 3415 2154 3470 les
2191 3416 2467 3485 portiones
2494 3430 2614 3470 eum
2670 3415 2930 3484 propheta
2983 3415 3194 3483 quovis.
3237 3415 3650 3482 Consequenter

2076 3508 2217 3561 enim
2251 3507 2326 3561 illi
2363 3507 2525 3560 vitam
2554 3516 2838 3567 aeternam,
2884 3505 3241 3563 immortalem
3264 3545 3279 3566 ,
3324 3515 3378 3559 et
3409 3504 3649 3559 indeter-

2079 3599 2387 3655 minabilcm
2413 3640 2429 3664 ,
2473 3616 2568 3670 per
2603 3599 2796 3653 sarcula
2839 3613 3030 3667 nempe
3060 3599 3243 3653 omnia
3298 3597 3349 3650 in
3385 3595 3650 3667 promisso

2080 3692 2171 3746 illo
2217 3706 2382 3761 regno
2440 3692 2703 3746 cmlornm
2760 3691 3009 3755 victuri,
3062 3689 3318 3743 t‘ruitione
3355 3686 3658 3757 gaudentes

2081 3784 2343 3838 bonorum
2369 3823 2382 3845 ,
2419 3799 2538 3853 quae
2567 3798 2662 3836 nec
2689 3783 2880 3836 oculus
2917 3783 3083 3845 vidit,
3114 3796 3216 3836 nec
3247 3781 3396 3834 auris
3421 3778 3650 3842 audivit,

2083 3892 2179 3930 nec
2211 3875 2453 3929 ascendit
2490 3876 2540 3928 in
2575 3890 2670 3928 cor
2703 3874 2960 3929 hominis.
3010 3873 3263 3928 Christus
3304 3881 3482 3926 autem
3515 3869 3652 3934 Dei,

2082 3967 2386 4022 communis
2423 3967 2661 4021 omnium
2702 3966 2983 4030 Servator,
3023 3974 3354 4020 mortuorum
3385 3963 3655 4032 primoge-

2085 4058 2230 4112 nitus
2257 4099 2270 4120 ,
2323 4073 2444 4128 spes
2480 4058 2895 4112 resurrectionis
2934 4067 3244 4112 sanctorum
3271 4097 3288 4123 ,
3337 4055 3488 4110 solus
3525 4064 3655 4108 tunc

2087 4149 2508 4218 derelinqnetnr,
2531 4149 2709 4202 ablato
2739 4148 2840 4202 sibi
2871 4163 3056 4218 regno,
3089 4163 3255 4202 carne
3287 4145 3530 4210 viviﬂca,
3563 4162 3660 4198 nn-

2086 4241 2148 4294 da
2184 4251 2238 4294 et
2263 4240 2564 4295 irrationali
2595 4241 2849 4295 derelicta
2883 4259 2896 4293 :
2929 4249 2987 4293 nt
3021 4239 3134 4308 qni,
3163 4257 3182 4291 ι
3221 4254 3325 4294 non
3355 4247 3474 4293 erat
3508 4237 3666 4306 prius.

2087 4348 2244 4401 quam
2295 4342 2537 4388 exstaret
2585 4333 2786 4396 homo,
2845 4332 3015 4387 Filitts
3073 4331 3202 4394 Dei;
3265 4349 3283 4382 ι
3334 4345 3509 4398 neque
3560 4342 3659 4396 per

2088 4423 2446 4479 aeternitatem
2479 4426 2846 4492 perseverabit
2889 4439 3006 4478 esse
3033 4463 3048 4488 ,
3094 4423 3244 4492 juxta
3296 4420 3531 4475 Marcelli
3561 4421 3660 4472 do.

387 4515 544 4578 ’λέως
592 4515 840 4585 ἐγκώμια
893 4513 1056 4568 αὑτοῦ
1108 4516 1165 4568 ἐν
1224 4514 1616 4585 συγγράμματι
1664 4515 1969 4580 διελθόντος⁴

2088 4515 2340 4570 ctrinant.
2369 4516 2633 4580 Quocirca
2667 4532 2771 4570 nnn
2805 4515 3073 4569 immerito
3094 4517 3327 4569 hzectam
3357 4509 3656 4574 horrenda,

408 4605 596 4660 Ταῦτα
634 4606 691 4658 δὲ
721 4607 814 4659 καὶ
847 4605 944 4676 τὴν
980 4607 1142 4674 ἁγίαν
1194 4605 1443 4672 σύνοδον,
1491 4608 1548 4659 ἐν
1600 4610 1667 4678 τῇ
1731 4607 1980 4679 βασιλικῇ

413 4697 769 4752 συνελθοῦσαν
825 4697 975 4750 πόλει
1008 4697 1066 4761 ἐξ
1116 4698 1391 4768 ἐπαρχιῶν
1445 4697 1749 4769 διαφόρων,
1787 4699 1984 4752 Πόντου

411 4791 506 4844 καὶ
537 4789 947 4852 Καππαδοκίας,
997 4790 1179 4853 Ἀσίας
1212 4807 1271 4841 τε
1305 4791 1398 4842 καὶ
1417 4791 1674 4860 Φρυγίας,
1711 4791 1803 4843 καὶ
1830 4790 1988 4845 Βιθυ-

413 4881 553 4948 νίας,
589 4883 809 4955 Θρᾴκης
841 4898 900 4933 τε
942 4880 1174 4934 καὶτῶν
1217 4880 1475 4934 ἐπέκεινα
1534 4881 1716 4953 μερῶν
1743 4921 1757 4946 ,
1811 4882 1994 4954 στηλι-

494 5067 552 5126 »Ῑ4
583 5059 680 5114 Ed.
708 5058 880 5114 Paris.
911 5073 1032 5130 pag.
1063 5056 1150 5116 55.
1228 5057 1272 5088 ⁴⁰
1304 5057 1427 5115 Ose.
1470 5074 1509 5126 ι,
1555 5061 1607 5116 1.

490 5243 601 5314 (97)
629 5241 786 5314 ίἘνῇ
815 5239 1351 5314 ἀνείληφεηῗορὶίίε
1377 5237 1666 5314 restitutio,
1700 5229 1822 5314 ἐδοᾌῇ
1851 5238 1994 5314 ἀνεί-

421 5295 1054 5387 ληξςείΜκέβοίιιῌνιιίέῦ
1081 5313 1259 5384 σάρκα
1292 5311 1407 5387 loco
1439 5307 1602 5387 σαρκί
1621 5295 1673 5387 ej
1698 5295 1822 5360 ἀλλ”’
1841 5303 1994 5361 εἶπεν

422 5377 485 5439 et'
500 5377 623 5438 mox
653 5386 700 5436 εἰ
727 5383 784 5436 δὲ
810 5377 1082 5446 ταῦταλ,
1114 5377 1276 5450 porro
1298 5377 1822 5450 ἐνέργειαμέφθακεν,
1843 5394 1990 5433 corr.

423 5455 654 5525 ἔφθασεν
680 5463 734 5506 et
762 5447 1167 5525 ἐστερεώθησαν
1184 5451 1290 5525 -καὶ
1317 5447 1571 5525 διἀὑτοῦ
1602 5447 1778 5525 πάντα
1800 5450 1882 5516 ἐγ.

497 5526 609 5597 (98)
633 5514 1138 5597 Dbxoﬁrﬁrspfei.
1183 5523 1344 5597 Lege,
1381 5520 1481 5571 οὐκ
1512 5514 1631 5597 οὑν,
1650 5519 1733 5597 ὅτι
1763 5514 1992 5587 ἐνεργεῖ.

428 5589 723 5656 Είέῑιὶιίιιι,
755 5589 1072 5662 ἀγαθῶνίτε
1102 5591 1496 5662 ἀπολαύσονται
1527 5590 1597 5662 (c.
1621 5589 1654 5639 Ι.
1679 5589 1756 5662 ὅ),

499 5663 611 5735 (99)
636 5657 1044 5735 νιιΙεοξὲγένετο
1059 5674 1109 5717 et
1126 5664 1345 5735 ἐνήργει
1377 5662 1405 5713 ὁ
1432 5659 1590 5722 αὐτὸς
1607 5667 1659 5712 et
1676 5660 1721 5710 sl
1737 5657 1812 5724 δέ,
1830 5672 1989 5727 porro

428 5733 599 5810 ἤκουε
617 5743 678 5810 et
703 5733 836 5810 Θεοῦ
859 5736 888 5786 ό
915 5733 1090 5810 κοινὸς
1117 5734 1215 5810 ἀπ’.
1243 5735 1308 5787 Σ.

503 5804 579 5875 (I)
605 5803 885 5862 Βασιλέα.
921 5796 1334 5862 Constantinum
1366 5799 1614 5869 intelligit
1646 5799 1753 5868 jam
1791 5796 1985 5853 delun-

1705 5060 1746 5092 “
1783 5061 1886 5116 lsa.
1914 5078 1958 5124 ι,
1987 5064 2038 5121 ι.

2087 4623 2266 4677 regem
2303 4608 2448 4662 illttm
2486 4624 2610 4663 vere
2640 4609 2969 4678 religiosum,
2992 4617 3046 4660 et
3074 4609 3382 4660 terlteatum
3398 4605 3658 4657 adversus

2091 4700 2409 4766 scriptorem
2446 4701 2820 4762 concitarunt,
2857 4700 2981 4754 licet
3013 4699 3085 4752 illi
3129 4699 3180 4752 in
3218 4698 3422 4766 scripto
3453 4710 3551 4750 suo
3578 4693 3661 4748 itt-

2090 4790 2254 4844 linitis
2286 4792 2459 4846 modis
2483 4793 2914 4856 adblandirctnr,
2941 4799 2996 4846 ct
3035 4791 3216 4844 multis
3247 4805 3368 4845 eum
3400 4786 3665 4843 encomiis

2091 4883 2424 4938 honestaret.
2478 4883 2606 4939 llmc
2641 4885 2694 4939 in
2736 4883 2887 4938 illum
2933 4890 3344 4945 commoverunt
3373 4893 3660 4936 sacrusan-t

2115 5063 2157 5104 "-
2183 5063 2295 5120 Jcr.
2323 5080 2361 5131 ι,
2385 5062 2454 5130 2;
2492 5080 2618 5130 xxv,
2647 5063 2696 5121 l.

2092 5250 2262 5307 ctum,
2291 5243 2375 5298 cui
2410 5244 2673 5312 scriptum
2706 5243 2836 5298 illud
2868 5259 3022 5298 Sllllm
3057 5242 3344 5298 Marcellus
3373 5240 3653 5298 olTerebat.

2095 5312 2142 5384 Is
2170 5312 2498 5384 Marcellum,
2543 5314 2608 5384 ab
2651 5313 2969 5368 Ensehianis
3006 5317 3315 5384 episcopatu
3346 5320 3572 5384 motum,
3601 5313 3657 5366 in

2092 5383 2210 5454 ejus
2238 5383 2407 5437 locum
2429 5383 2622 5454 Basilio
2644 5385 2875 5454 quodam
2895 5385 3205 5454 snhrogato,
3223 5383 3383 5454 jussit
3409 5383 3659 5454 exsulare

2093 5451 2146 5506 in
2189 5454 2418 5508 concilio
2469 5451 3087 5521 Constantinopolitano,
3127 5451 3268 5504 anno
3313 5451 3654 5505 Constantini

2094 5523 2304 5588 ultimo,
2337 5523 2536 5576 Christi
2574 5523 2697 5585 Z56,
2754 5524 3049 5584 celebrato,
3088 5521 3240 5588 cuius
3288 5521 3374 5575 hic
3417 5522 3661 5575 meminit

2093 5593 2374 5647 Eusebius.
2407 5593 2459 5645 In
2483 5608 2589 5659 quo
2627 5593 2887 5647 Eusebius
2920 5593 3006 5646 ille
3023 5593 3343 5645 Arianorum
3382 5600 3668 5659 protospaa

2095 5663 2265 5734 larius
2287 5703 2299 5721 .
2339 5663 2467 5716 olim
2504 5663 2948 5734 Nicomediensis,
2981 5661 3324 5734 praesidebat.
3354 5661 3508 5714 Μ.-
3542 5661 3667 5719 Mox.

2093 5732 2250 5803 vulgo
2281 5734 2479 5785 Πόντου
2506 5750 2562 5785 τε
2590 5732 2702 5789 καί.
