4088 6408
429 344 536 410 825

1101 344 1370 401 EUSEBII
1409 342 1890 400 CAESARIENSIS
1926 341 2078 398 OPP.
2117 341 2300 406 PARS
2337 341 2427 397 IV.
2452 373 2521 384 --
2557 342 2973 400 DOGDMTICA.

3580 342 3690 400 824

429 472 574 516 ctam
617 462 762 518 illam
794 462 1083 533 synodum,
1113 474 1232 528 quae
1263 459 1328 512 de
1353 456 1583 512 diversis
1614 457 1748 512 adeo
1780 457 1995 526 provin-

2106 457 2282 512 τεύειν
2323 457 2412 511 τὸν
2456 458 2643 530 ἄνδρα,
2691 458 2778 513 διὰ
2820 460 2930 532 τῆς.
2948 465 3068 516 κατ’
3103 461 3266 516 αὐτοῦ
3311 460 3550 531 Γραφῆς,
3592 456 3692 515 καὶ

429 550 553 620 ciis,
594 551 767 608 Ponto
791 592 807 617 ,
835 550 1208 620 Cappadocia,
1237 549 1363 603 Asia
1382 589 1398 611 ,
1437 547 1703 619 Phrygia,
1732 549 2003 621 Bithynia,

428 642 684 709 Thracia,
710 653 763 699 et
786 643 1134 698 ulterioribus
1163 642 1476 713 regionibus
1506 644 1557 697 in
1590 642 1790 713 regiam
1815 644 2002 697 urbem

427 747 755 795 convenerat
805 754 820 791 :
869 744 924 790 et
966 746 1025 790 ut
1070 736 1277 806 scripto
1326 735 1381 789 in
1432 735 1581 789 illum
1620 735 2004 790 inveherentur

426 823 617 880 Patres
643 826 726 880 vel
759 827 957 882 invitos
980 835 1298 895 coegerunt.
1331 825 1456 880 Ha‘c
1481 835 1536 881 et
1568 841 1667 882 nos
1709 827 1854 894 ipsos
1879 843 2003 895 pro-

440 926 729 972 traxerunt
760 917 826 971 ad
870 919 1009 973 hanc
1035 933 1156 987 quae
1204 933 1313 987 prae
1364 918 1617 973 manibus
1664 927 1748 973 est
1792 918 2001 985 disqui-

425 1009 681 1064 sitionem
719 1047 736 1074 ,
794 1020 856 1063 ut
914 1008 1156 1077 vestigiis
1231 1009 1375 1064 illius
1429 1009 1620 1079 synodi
1686 1009 2001 1065 insistentes

425 1099 735 1155 sanctiones
762 1108 1060 1163 tueremur,
1097 1107 1153 1156 et
1178 1099 1577 1155 comministris
1613 1101 1816 1155 nostris
1839 1100 1999 1154 satis-

422 1190 745 1269 faceremqs,
782 1194 870 1259 qui
922 1194 1037 1249 hac
1101 1201 1159 1249 ut
1200 1188 1618 1261 aggrederemur
1651 1191 1807 1246 nobis
1835 1192 1998 1246 dede-

424 1290 552 1337 runt
574 1282 625 1336 in
652 1288 711 1347 »Β
746 1283 1036 1339 mandatis.
1084 1282 1339 1353 Inprimis
1385 1292 1589 1347 autem,
1620 1283 1877 1343 arbitror,
1909 1298 2001 1336 ne-

421 1373 664 1435 cessario
686 1374 817 1429 mihi
849 1375 953 1429 hoc
976 1373 1282 1429 faciendum
1306 1372 1501 1437 fuerat,
1531 1383 1751 1443 propter
1781 1386 1876 1427 eos
1902 1372 1997 1442 qui

420 1463 738 1518 existimant
764 1464 913 1527 hunc
939 1465 1134 1533 injuria
1163 1465 1324 1532 allici,
1359 1465 1522 1521 Decet
1545 1465 1690 1519 enim
1721 1464 1862 1519 hanc
1886 1462 1998 1520 Ira.

423 1563 566 1612 trum
593 1566 905 1617 nostrorum
936 1559 1297 1628 suspicionem
1328 1558 1571 1616 eximere
1598 1571 1665 1613 ex
1688 1555 1908 1622 animis,
1938 1564 1995 1611 et

419 1646 734 1717 aliquandiu
772 1647 1023 1703 latentem
1064 1660 1119 1703 ct
1152 1664 1250 1719 per
1283 1646 1507 1703 latibula
1540 1647 1866 1702 occultatam
1914 1646 1995 1718 ipe

418 1738 533 1794 sius
576 1739 629 1793 in
670 1738 868 1793 Filium
901 1739 994 1795 Dei
1026 1740 1360 1808 impietatem
1386 1781 1403 1807 ,
1442 1740 1494 1794 in
1542 1749 1783 1809 apertam
1814 1738 1991 1794 lucem

2115 552 2190 623 μὴ
2228 550 2506 615 θέλουσαν,
2550 551 2877 617 ἐξεϐιάζετο.
2927 556 3113 611 Ταῦτα
3147 555 3241 610 καὶ
3284 556 3433 625 ἡμᾶς
3471 553 3569 624 (2),
3596 551 3693 608 ἐπὶ

2109 643 2210 713 τὴν
2239 642 2379 713 μετὰ
2414 646 2571 715 χεῖρα
2620 644 2864 709 ἐξέτασιν
2916 648 3197 719 προελθεῖν
3249 646 3685 717 κατηνάγκασεν,

2109 733 2243 804 ὁμοῦ
2270 734 2327 788 δὲ
2366 738 2477 799 τοῖς
2500 734 2710 800 δόξασιν
2737 740 2803 808 τῇ
2835 738 2967 810 ἁγίᾳ
2994 738 3198 809 συνόδῳ
3228 737 3687 809 παρισταμένους,

2108 825 2255 894 ὁμοῦ
2299 826 2394 878 καὶ
2461 827 2572 889 τοῖς
2634 827 3064 898 συλλειτουργοτς
3133 828 3462 901 προστάξασι
3530 825 3691 890 τοῦτο

2109 917 2313 986 πρᾶξαι
2382 918 2444 970 τὸ
2506 918 2687 972 ἱκανὸν
2745 920 3121 990 ποιουμένους.
3177 920 3427 974 Μάλιστα
3472 919 3529 972 δέ
3595 935 3690 989 μοι

2108 1008 2399 1076 ἀναγκαῖον
2455 1009 2693 1079 ἡγοῦμαι
2748 1010 3107 1086 γεγεννῆσθαι
3167 1011 3228 1064 τὸ
3300 1011 3534 1082 γράμμα
3595 1007 3689 1072 διὰ

2105 1101 2231 1163 τοὺς
2259 1099 2547 1170 ἠδικῆσθαι
2575 1099 2665 1153 τὸν
2695 1100 2861 1171 ἄνδρα
2886 1102 3256 1171 νενομικότας.
3273 1100 3393 1172 Χρὴ
3408 1100 3517 1170 γὰρ
3547 1099 3687 1154 ἀπο-

2107 1191 2443 1263 θεραπεῦσαι
2482 1192 2583 1262 τὴν
2625 1198 2734 1244 τῶν
2783 1192 3066 1263 ἡμετέρων
3111 1192 3356 1261 ἀδελφῶν
3406 1190 3685 1255 ὑπόνοιαν,

2103 1282 2191 1341 διὰ
2225 1283 2319 1337 τοῦ
2358 1284 2597 1355 φανερὰν
2634 1285 2971 1356 καταστῆσαι
2993 1286 3092 1356 τὴν
3129 1287 3356 1356 μακροῖς
3409 1282 3508 1354 μὲν
3557 1281 3687 1353 χρό-

2104 1393 2213 1440 νοις
2241 1376 2670 1449 ἐμφωλεύσαμεν
2692 1376 2840 1447 αὐτῷ
2861 1378 2942 1441 είς
2983 1377 3073 1431 τὸν
3103 1377 3232 1430 Υίὸν
3264 1375 3358 1429 τοῦ
3378 1372 3516 1430 Θεοῦ
3553 1375 3687 1429 ἁπιςε

2105 1469 2279 1535 στίαν,
2313 1470 2430 1524 νυνὶ
2463 1469 2519 1522 δὲ
2554 1469 2921 1543 ἐληλεγμένην
2962 1470 3037 1542 (5)
3068 1468 3157 1524 διὰ
3188 1471 3287 1539 τῆς
3343 1466 3506 1522 αὐτοῦ
3544 1482 3686 1535 γρα-

2102 1559 2209 1629 φῆς
2228 1576 2243 1597 τ
2273 1559 2362 1631 ἢν,
2405 1561 2632 1632 μηδενὸς
2664 1562 2974 1629 καλοῦντος,
3005 1561 3302 1630 αὐτόμολος
3333 1560 3517 1631 φέρων
3547 1574 3689 1631 παρτε

2099 1652 2190 1724 ῆν,
2232 1653 2443 1725 βασιλεῖ
2486 1672 2546 1708 τε
2590 1657 2683 1709 ἐπὶ
2718 1660 2877 1730 χεῖρα
2905 1656 3047 1721 δοὺς,
3093 1655 3246 1725 ἠξίου
3277 1653 3569 1723 διαγνῶναι
3615 1650 3689 1717 τὰ

2100 1745 2561 1818 ἐγγεγραμμένα’
2614 1746 2757 1819 τάχα
2806 1766 2909 1803 που
2947 1747 3175 1813 ἐλπίσας
3219 1746 3328 1803 τῶν
3389 1747 3469 1807 είς
3520 1743 3685 1798 αὑτὸν

418 1830 783 1900 protrahere,
829 1845 995 1901 quam
1039 1830 1259 1899 scriptis
1303 1832 1356 1884 in
1406 1832 1657 1900 praesenti
1700 1831 1995 1889 convictam

2106 1840 2397 1910 ἐγκωμίων
2441 1840 2599 1914 χάριν
2653 1841 2814 1906 αὐτὸς
2875 1843 2976 1912 μὲν
3015 1844 3196 1911 τυχεῖν
3234 1837 3535 1911 προνομίας
3586 1837 3689 1908 τῆς

418 1929 669 1976 tenemus
693 1921 864 1992 ipsius
900 1937 1017 1992 qua:
1044 1937 1138 1977 sua
1169 1931 1382 1991 sponte,
1420 1923 1567 1978 nullo
1599 1923 1859 1979 incitante
1903 1939 1994 1978 re-

419 2031 543 2084 gem
588 2004 780 2072 adiens
830 2017 883 2072 in
933 2033 1125 2072 manus
1163 2019 1551 2089 praesentabat,
1585 2018 1888 2074 obtestatus
1936 2026 1997 2074 ut

421 2106 740 2178 perlegeret.
772 2108 1040 2176 Sperabat
1073 2109 1220 2164 enim
1274 2108 1457 2165 forsan
1507 2119 1730 2180 propter
1763 2111 1997 2178 impera.-

422 2197 560 2252 toris
594 2198 826 2253 insertas
851 2197 1075 2266 laudes,
1117 2197 1232 2254 fore
1260 2208 1321 2255 ut
1363 2202 1586 2256 tutelam
1615 2209 1677 2256 et
1703 2199 1997 2270 protectio-

417 2305 544 2345 nem
575 2291 745 2362 ipsius
773 2304 1230 2363 consequeretur,
1261 2294 1498 2365 episcopi
1532 2309 1664 2349 vero
1693 2309 1833 2364 quos
1865 2308 1997 2353 cou-

417 2379 575 2437 viciis
605 2381 885 2450 proscidit,
932 2383 1214 2454 suppliciis
1245 2384 1609 2441 traderentur.
1647 2382 1752 2438 Sed
1794 2398 1997 2461 nequa-

416 2486 580 2543 quam
609 2488 697 2529 res
722 2476 987 2532 successit
1028 2491 1097 2537 ex
1127 2475 1294 2530 animi
1339 2478 1632 2530 sententia.
1684 2476 1826 2531 Deus
1876 2482 1997 2529 erat

415 2564 561 2624 enim
592 2566 813 2621 istorum
838 2566 1008 2636 judex
1035 2608 1051 2633 ,
1079 2577 1133 2621 et
1176 2568 1291 2637 ipse
1319 2567 1477 2625 Jesus
1508 2567 1765 2623 Christus
1792 2584 1821 2622 a
1853 2568 1995 2622 scri-

414 2666 574 2729 ptore
613 2658 912 2727 despicatui
951 2660 1193 2725 habitus.
1231 2661 1333 2726 Qui
1378 2676 1499 2715 cum
1549 2661 1729 2716 cordis
1761 2662 1991 2715 abscon-

415 2749 526 2803 dita
564 2750 814 2817 rimetur,
864 2752 1039 2820 ipsum
1091 2754 1173 2808 sui
1225 2765 1598 2809 accusatorem
1641 2754 1760 2808 ﬁeri
1784 2792 1800 2818 ,
1845 2753 1991 2810 nullo

416 2841 732 2913 impellente
756 2836 1091 2914 (disposuit.
1138 2844 1294 2901 Unde
1320 2862 1442 2903 cum
1491 2847 1667 2901 adiret
1698 2846 1992 2917 imperato-

416 2949 533 2989 rem
560 2937 765 3005 scripto
805 2951 907 2992 suo
942 2935 1348 3006 gloriabundus,
1378 2936 1471 2991 ille
1496 2937 1706 3007 synodo
1735 2935 1992 2990 transmi-

414 3026 489 3085 sit
543 3028 912 3098 cognitionem
977 3029 1194 3099 scriptis
1252 3038 1658 3090 contentorutn.
1717 3026 1991 3097 Scriptum

2101 1932 2231 2001 παρ’
2255 1929 2404 2002 αὐτῷ
2431 1932 2510 2003 τῷ
2542 1932 2773 2003 βασιλεῖ,
2813 1935 2939 1997 τοὺς
2966 1934 3011 1986 δ’
3048 1934 3139 1986 ὑπ’
3170 1929 3334 1985 αὐτοῦ
3366 1944 3685 2000 κακηγορητ

2102 2019 2291 2083 θέντας
2342 2021 2672 2085 ἐπισκόπους
2724 2022 3093 2093 ὑποϐληθῆναι
3133 2020 3393 2093 τιμωρίᾳ.
3455 2018 3529 2073 Οὐ
3574 2018 3688 2090 pth!

2100 2112 2220 2165 κατ’
2269 2110 2489 2175 ἐλπίδας
2548 2113 2700 2184 αὐτῷ
2760 2113 2830 2167 τὰ
2884 2113 2983 2185 τῆς
3048 2113 3328 2176 ἐκϐάσεως
3388 2111 3685 2183 προχωρεῖ,

2101 2203 2234 2268 Θεὸς
2282 2204 2390 2275 γὰρ
2420 2200 2489 2277 ἦν
2539 2208 2568 2259 6
2598 2205 2803 2260 τούτων
2836 2207 3049 2278 κριτὴς,
3092 2205 3189 2260 καὶ¹
3232 2204 3397 2269 αὐτὸς
3440 2201 3689 2275 (Χριστὸς

2109 2293 2337 2365 Ἰησοῦς,
2368 2295 2397 2347 6
2430 2296 2567 2368 πρὸς
2592 2295 2686 2350 τοῦ
2723 2297 3090 2369 συγγραφέως
3128 2295 3509 2366 ἀθετούμενος,
3532 2294 3592 2359 ὃς
3616 2293 3685 2367 δὴ

2095 2385 2167 2439 τὰ
2197 2386 2403 2457 κρύφια
2434 2388 2526 2441 τοῦ
2562 2387 2752 2460 ἀνδρὸς
2789 2387 3052 2461 συνορῶν,
3102 2387 3263 2442 αὑτὸν
3318 2385 3485 2441 αὐτοῦ
3552 2403 3683 2441 κατα

2095 2478 2293 2549 ήγορον
2324 2479 2441 2549 ἅμα
2467 2481 2560 2533 καὶ
2588 2479 2827 2551 ἔλεγχον,
2884 2479 3109 2550 μηδενὸς
3143 2479 3576 2541 συνελαύνοντος,
3607 2476 3689 2545 γίο

2096 2569 2322 2637 γνεσθαι
2367 2571 2798 2641 παρεσκεύαζεν.
2861 2571 3021 2633 Ὅθεν
3055 2572 3084 2624 ό
3140 2572 3239 2642 μὲν
3292 2570 3385 2624 ἐπὶ
3427 2569 3506 2641 τῷ
3555 2586 3690 2638 συγ-ι

2096 2652 2383 2730 γράμματι
2412 2661 2882 2733 καλλωπιζόμενος
2917 2662 3124 2732 βασιλεῖ
3173 2663 3405 2735 προσῄει
3427 2702 3442 2725 ,
3471 2665 3500 2716 ό
3525 2661 3581 2715 δέ
3613 2664 3683 2734 τῇ

2099 2753 2301 2824 συνόδῳ
2343 2754 2624 2825 παρεδίδου
2652 2755 2750 2826 τὴν
2773 2754 3043 2827 διάκρισιν
3061 2756 3169 2810 τῶν
3193 2755 3683 2828 ἐγγεγραμμένων.

2109 2844 2171 2898 Ἠ
2195 2844 2238 2897 δ’
2258 2845 2389 2914 ἁγία
2415 2845 2509 2899 τοῦ
2533 2845 2668 2899 Θεοῦ
2697 2845 2912 2911 σύνοδος
2942 2846 3311 2929 ἀπεδοκίμαζε
3329 2847 3391 2900 τὸ
3422 2846 3681 2917 γράμμα.

2096 2935 2336 3001 Εἰκότως
2360 2939 2442 2999 ὅτι
2473 2940 2608 3010 μήτε
2632 2939 2807 3012 ἀρχὴν
2844 2941 2984 3011 μήτε
3034 2940 3189 3004 τέλος
3225 2939 3446 3004 εὐσεϐὲς
3498 2939 3690 3011 όμολοε

2099 3030 2188 3096 γεῖ
2216 3027 2312 3081 τοῦ
2337 3028 2466 3094 Υζοῦ
2506 3029 2602 3083 τοῦ
2625 3029 2782 3083 Θεοῦ.

414 3134 581 3193 porro
613 3123 852 3194 synodus
894 3122 1292 3180 condemnavit.
1333 3122 1450 3181 Nec
1498 3120 1695 3192 injuria
1727 3139 1742 3177 :
1771 3136 1895 3179 cum
1930 3123 1998 3176 de
2031 3122 2299 3192 principio
2327 3134 2382 3178 et
2445 3123 2551 3181 line
2591 3124 2712 3180 Filii
2778 3124 2899 3195 Dei,
2938 3135 3133 3183 contra
3166 3141 3386 3185 omnem
3416 3127 3695 3201 determiq,

414 3226 510 3275 net
534 3218 812 3289 pietatem.

422 3387 482 3449 ᾖ
544 3374 1001 3440 ηΕνΕιιΕΝυο
1054 3380 1427 3439 ΑΗΜΟΜΙΜ
1496 3379 1594 3435 ΕΤ
1672 3380 2059 3449 οιιιῖςγοο

486 3449 1013 3507 COMMINISTRO
1055 3451 1446 3519 FLACILLO,
1481 3450 1851 3507 EUSEBIUS
1900 3450 1991 3506 ΙΝ

486 3520 793 3578 DOMINO
835 3521 1174 3579 SALUTEM
1218 3523 1287 3578 Β.

489 3613 709 3669 Minime
736 3613 977 3683 profecto
1009 3616 1312 3672 mirandum
1343 3625 1449 3683 est,
1488 3615 1531 3668 si
1567 3614 1753 3685 paucis
1781 3622 1836 3668 et
1861 3614 1991 3669 bre-

419 3708 562 3762 viter
597 3720 660 3761 ea
693 3707 964 3762 refutasse
995 3717 1282 3766 contentus
1315 3707 1534 3774 fuerim,
1577 3720 1699 3776 qua;
1719 3705 1991 3762 verbosis-

415 3800 555 3856 sima
592 3798 844 3856 Marcello
883 3810 1052 3865 sunt,
1093 3810 1148 3855 et
1177 3798 1495 3872 garrulitate
1533 3812 1742 3853 summa
1775 3797 1992 3865 scriptis

416 3891 831 3959 comprehensa.
862 3890 1051 3958 Neque
1078 3893 1223 3947 enim
1263 3892 1449 3947 multis
1492 3889 1801 3945 necessario
1835 3886 1994 3943 refel-

418 3980 577 4037 lenda
608 3981 860 4047 fuerant,
890 3998 1011 4052 qua:
1064 3999 1093 4037 a
1136 3983 1333 4054 seipsis
1380 3982 1643 4051 rejectitia
1701 3981 1993 4050 unicuique

417 4073 500 4130 vel
535 4074 695 4130 obvio
722 4075 1056 4133 viderentur.
1089 4076 1448 4143 Quamobrem
1490 4074 1781 4129 suffectura
1808 4073 1988 4128 omni-

417 4179 489 4219 no
521 4173 691 4230 ratus,
713 4180 831 4234 qua:
858 4166 1064 4221 suntab
1086 4164 1303 4223 homine
1335 4164 1599 4234 profecta,
1638 4164 1689 4217 in
1717 4163 1990 4233 prioribus

418 4257 626 4313 duobus
677 4258 828 4313 libris
854 4299 870 4325 ,
910 4258 1159 4313 retulisse
1198 4258 1575 4312 tantummodo
1608 4255 1990 4325 coutradispu—

418 4350 563 4404 (andi
594 4351 777 4407 labore
808 4350 955 4405 omni
1005 4349 1447 4419 supersedebam,
1498 4355 1554 4401 et
1585 4347 1754 4416 ipsius
1785 4345 1990 4400 solum-

418 4443 579 4501 modo
601 4445 765 4499 verba
800 4447 867 4498 ad
903 4444 1075 4513 ipsum
1118 4441 1472 4498 refellendum
1511 4441 1902 4510 producebatn.
1935 4438 1991 4492 lu

491 4601 552 4660 tis
581 4594 681 4650 Ed.
713 4593 883 4649 Paris.
922 4610 1043 4664 pag.
1067 4592 1160 4647 56.
1257 4599 1315 4658 ᾖ(
1342 4590 1441 4657 Ed.
1471 4590 1644 4646 Paris.
1673 4606 1793 4662 pag.
1833 4591 1918 4655 57.

2099 3383 2183 3452 Τῼ
2271 3382 2661 3452 ΤΙΜΙΩΤΑΤῼ
2743 3383 2870 3436 ΚΑΙ
2931 3384 3279 3452 ΑΓΑΠΗΤῼ
3370 3385 3683 3440 ΣΥΛΛΕἾ⁴⁹

2172 3452 2485 3524 Τογιδιᾩ⁸
2523 3450 2955 3524 summa
2991 3452 3065 3524 (ι)
3144 3450 3518 3508 ΕΥΣΕΒΙΟΣ
3580 3453 3688 3509 EN

2167 3524 2217 3574 K
2230 3523 2397 3591 ΥΡΙῼ
2438 3521 2539 3592 (4')
2574 3524 2902 3576 XAIPEIN.

2165 3613 2229 3666 Εί
2263 3613 2402 3685 πρὸς
2440 3614 2539 3685 τὴν
2572 3614 2857 3686 ἀδόλεσχον
2894 3612 2969 3683 (5)
3001 3614 3094 3666 καὶ
3122 3613 3366 3681 πολυεπῆ
3418 3614 3682 3685 Μαρκὲλςο

2096 3702 2189 3763 λου
2219 3702 2436 3774 γραφὴν
2464 3702 2533 3757 τὰ
2557 3704 2686 3773 παρ’
2710 3701 2866 3772 ἡμῶν
2911 3701 2970 3753 ἐν
3003 3701 3259 3773 βραχέσιν
3313 3703 3565 3773 ἠρκεσεν,
3612 3705 3676 3757 οὐ

2096 3794 2202 3868 χρὴ
2229 3794 2546 3866 θαυμάζειν.
2579 3794 2652 3846 οὐ
2686 3792 2796 3863 γὰρ
2837 3792 2901 3863 δὴ
2936 3792 3143 3847 πολλῶν
3177 3793 3282 3846 ἔδει
3334 3792 3506 3863 λόγων
3543 3796 3683 3868 πρὸς

2099 3887 2431 3959 ἀνατροπὴν,
2467 3886 2576 3940 τῶν
2612 3885 2835 3940 αὐτόθεν
2866 3886 2960 3939 καὶ
3004 3889 3116 3950 τοϊς
3144 3885 3367 3958 τυχοῦσι
3398 3904 3682 3956 κατεγνω-

2102 3979 2334 4049 σμένων.
2372 3978 2461 4032 Διὸ
2484 3978 2547 4050 δὴ
2586 3979 2645 4031 ἐν
2674 3978 2795 4031 δυσὶ
2827 3980 2940 4042 τοῖς
2971 3976 3229 4049 πρώτοις,
3253 3979 3386 4051 μόνῃ
3416 3983 3481 4051 τῇ
3509 3996 3683 4053 παρα-

2099 4068 2246 4135 θέσει
2269 4070 2377 4124 τῶν
2406 4070 2501 4124 τοῦ
2533 4070 2723 4143 ᾀνδρὺς
2756 4070 3014 4143 ῥημάτων
3044 4072 3387 4142 χρησάμενος
3427 4071 3547 4142 δίχα
3574 4072 3685 4125 πάη

2100 4179 2203 4233 σης
2231 4162 2623 4236 ἀντιρρήσεως,
2649 4162 2709 4228 ἐξ
2741 4162 2921 4227 αὐτῶν
2953 4163 3043 4216 τὸν
3078 4165 3199 4216 κατ’
3246 4163 3422 4217 αὐτῶν
3460 4163 3684 4235 ἔλεγχον

2100 4254 2331 4327 φανερὸν
2384 4255 2704 4326 ἐποιούμην.
2757 4254 2894 4307 Νυνί
2934 4253 2991 4307 δὲ
3034 4254 3171 4325 πρὸς
3199 4253 3382 4325 ἐκείνῃ
3412 4255 3481 4325 τῇ
3518 4252 3680 4325 φωρᾷ

2096 4347 2192 4401 καὶ
2221 4347 2320 4418 τὴν
2342 4347 2655 4429 ἀνατροπὴν
2682 4346 2794 4402 τῶν
2823 4345 3002 4399 αὐτῶν
3029 4344 3117 4409 διὰ
3165 4344 3331 4416 τριῶν
3376 4346 3483 4399 τῶν
3538 4346 3683 4419 μετὰ

2098 4442 2285 4511 χεῖρας
2316 4441 2685 4517 προσήγαγον.
2732 4438 2792 4493 Ὃ
2828 4438 2928 4508 μὲν
2961 4436 3093 4510 γὰρ,
3114 4436 3173 4488 ἐν
3204 4455 3258 4493 τι
3282 4438 3564 4509 διωλύγιον
3596 4435 3677 4515 (Ε)

492 4739 568 4814 (il
605 4739 913 4814 Taiitaacal
939 4741 1377 4814 ﬁndoﬁxponit
1422 4740 1511 4795 hic
1541 4739 1825 4814 Eusebius,
1852 4737 1995 4792 unde

2102 4736 2300 4814 (auter.
2334 4744 2390 4790 et
2423 4733 2491 4789 ab
2539 4734 2760 4814 Arianis
2812 4734 3085 4814 inductus,
3127 4734 3677 4814 Ettphronii,_itidem

421 4811 647 4873 factum,
672 4821 727 4861 nt
752 4811 816 4863 ad
844 4812 1226 4864 conl'utandum
1254 4813 1418 4865 hocce
1454 4813 1715 4878 scriptum
1741 4823 1986 4864 accesse-

426 4885 517 4943 rit,
547 4880 761 4935 concilii
799 4880 1006 4934 scilicet
1043 4882 1349 4947 imperium.
1398 4891 1452 4934 et
1491 4883 1747 4935 Actorum
1773 4879 1988 4934 concilii

425 4952 793 5007 defensionem
829 4951 959 5004 :sed
989 4949 1154 5003 factio
1174 4963 1310 5006 erat.
1356 4951 1685 5004 Praesidehat
1726 4949 1993 5004 Eusebius

423 5021 1067 5091 Constantinopolitanns.
1118 5020 1303 5091 Ariani
1335 5029 1488 5075 erant
1522 5035 1657 5090 pene
1696 5034 1909 5091 omnes
1937 5019 1989 5072 in

426 5092 517 5146 illo
543 5090 795 5147 concilio
822 5090 1132 5158 congregati
1171 5108 1182 5141 :
1244 5101 1450 5144 tantum
1498 5105 1607 5143 non
1654 5090 1992 5143 arianizahat

425 5163 717 5230 imperator
742 5178 757 5213 :
780 5160 1085 5215 Marcellum
1106 5158 1182 5212 illi
1204 5161 1428 5213 oderant
1444 5161 1566 5215 odio
1582 5160 1987 5230 capitalissimo.

425 5228 552 5289 Huic
581 5246 684 5287 non
701 5230 821 5286 ideo
844 5229 984 5283 dicta
1015 5239 1158 5289 sunt.
1193 5229 1573 5285 tttMarcellum
1601 5240 1872 5293 tueamur,
1891 5228 1983 5282 sed

428 5310 485 5353 ut
508 5303 827 5355 Arianorum
867 5300 1164 5368 operarios,
1206 5309 1258 5352 et
1285 5315 1476 5369 operas
1511 5299 1831 5369 iudicemus.
1860 5298 1993 5361 Θεὸς

426 5370 533 5442 γὰρ
578 5370 759 5424 ἔσεται
786 5372 814 5424 6
852 5371 1054 5425 τούτων
1083 5370 1297 5442 κριτής,
1323 5368 1387 5442 ut
1436 5368 1614 5442 verbis
1650 5369 1990 5434 Eusebianis,

427 5437 519 5496 sed
545 5456 702 5495 Sensu
730 5443 1104 5510 Epiphaniauo
1123 5437 1461 5494 ὶυιιοιιιιιειιιι.
1492 5437 1565 5492 Μ.

474 5510 575 5644 ἐξ)
600 5508 1009 5584 Vulgo—9.31:7.
1044 5522 1099 5566 ct
1126 5510 1268 5565 infra
1290 5510 1348 5574 ὃς
1370 5510 1427 5562 δὲ
1445 5526 1497 5563 τ.
1534 5526 1626 5579 κρ.
1655 5517 1710 5561 et
1743 5508 1992 5563 ἀπεδοκι-

544 5598 650 5636 ετο.

544 5598 650 5636 ετο.

474 5597 508 5632 α
544 5598 601 5633 ετ
637 5623 650 5634 .

431 5597 469 5721 ﬁ
502 5597 576 5721 (εὶ)
604 5599 993 5706 0lnscribuntur
1052 5660 1162 5705 tres
1197 5660 1488 5719 sequentes
1538 5648 1679 5721 libri,
1712 5648 1985 5721 Flaccilla.

432 5716 567 5790 Erat
627 5731 803 5773 autem
871 5723 1150 5789 episcopus
1218 5716 1305 5776 ille
1380 5720 1717 5785 Αἰιιίυιξιιὶιιιξ,⁸
1763 5718 1863 5790 τῆς
1920 5721 1987 5772 ad

427 5788 711 5865 Daphnen,
758 5788 995 5851 Orienti:-
1045 5788 1416 5865 uietrnpolita,
1463 5790 1677 5851 Arianae
1721 5788 1988 5849 haereseos

2100 4808 2306 4866 Ariani,
2341 4821 2646 4859 successor.
2693 4806 2739 4857 Is
2779 4815 2883 4868 est,
2915 4808 3005 4875 qui
3045 4810 3183 4875 apud
3216 4802 3439 4861 VSuzont.
3466 4802 3558 4857 lib.
3588 4820 3675 4868 In,

2098 4893 2222 4944 cap.
2253 4876 2307 4940 5,
2343 4876 2541 4929 dicitur
2570 4875 2877 4947 Πλάκητος,
2914 4874 2981 4930 ab
3015 4877 3138 4930 aliis
3166 4874 3433 4947 Placidus,
3488 4887 3679 4947 errore

2095 4943 2464 5000 librariorum.
2496 4943 2798 5015 Aliquoties
2832 4948 2975 5001 illius
3024 4947 3272 5015 meminit
3319 4943 3671 5015 Athanasius.

2096 5018 2235 5095 Quid
2259 5032 2387 5071 vero
2424 5013 2685 5095 hactenus
2719 5032 2850 5095 a__se
2879 5017 3177 5086 praestitum
3215 5014 3305 5095 sit,
3347 5013 3555 5095 etquid
3595 5015 3675 5095 ab

2095 5102 2160 5140 eo
2205 5087 2265 5156 in
2326 5089 2680 5156 sequentibus
2733 5083 3365 5156 libris'resspectandum
3420 5083 3525 5147 sit,
3577 5085 3674 5156 do-

2094 5166 2180 5210 cet
2227 5151 2494 5212 Eusebius
2547 5158 2601 5211 in
2641 5157 2790 5211 illis:
2852 5155 2942 5209 Διὺ
2990 5151 3055 5208 δέ
3098 5156 3154 5208 ἐν
3209 5151 3329 5207 δυσὶ
3377 5156 3487 5216 τοῖς
3524 5152 3677 5225 apd».

2094 5243 2227 5279 τοις.
2261 5238 2366 5279 etc.
2390 5225 2462 5279 Μ.

2094 5243 2227 5290 τοις,
2261 5238 2366 5279 etc.
2392 5238 2462 5279 M.

2164 5297 2262 5366 (4⁸)
2291 5297 2503 5363 Κυρίῳ.
2544 5295 2713 5362 Vulgo
2751 5292 2989 5366 Χριστῷ.

2165 5360 2326 5437 μὴν..
2337 5360 2402 5434 Ιέ.
2422 5360 2529 5422 Καὶ
2550 5360 2708 5422 πολὺ
2723 5360 2820 5427 ἐπὶ
2837 5365 2887 5417 Μ
2894 5360 3303 5437 αρκεξλλορέξιι
3310 5362 3435 5437 item
3449 5362 3669 5437 πολλὴν,

2094 5434 2198 5492 Sed
2224 5434 2447 5491 cumino
2494 5438 2778 5502 legendum
2812 5445 2917 5493 est.
2956 5434 3222 5504 πολυεπῆ.
3252 5434 3305 5487 ld
3334 5434 3526 5504 docent
3548 5434 3669 5497 illa,

2093 5508 2276 5560 statim
2301 5507 2369 5558 ab
2387 5501 2720 5573 initiu'primi
2750 5506 2869 5558 libri
2894 5519 2908 5558 :
2929 5504 3019 5556 Διὸ
3045 5503 3140 5557 καὶ
3163 5501 3307 5572 πέρα
3324 5501 3417 5555 τοῦ
3433 5502 3667 5568 δέοντος,

2093 5579 2173 5640 εἰς
2197 5575 2404 5647 μακρὸν
2423 5576 2571 5645 αὐτῷ
2592 5577 2685 5629 καὶ
2699 5574 2934 5647 ἄμετρον
2954 5576 3125 5647 μῆκος
3144 5573 3665 5647 ἐξέπεσενὴγραφὴ,

2092 5647 2173 5718 ὡς
2183 5644 2380 5718 μόνον-ἐ
2381 5648 2496 5698 πῶν
2509 5644 2673 5718 ἐγγύς
2686 5662 2787 5718 που
2803 5644 3032 5718 μυρίων,
3050 5644 3141 5699 τὸν
3153 5644 3411 5718 ἓναμλόγον
3437 5644 3549 5698 ἀπα
3556 5660 3670 5714 pst-

2096 5715 2308 5786 σθῆναι.
2334 5715 2406 5769 Μ.
2433 5745 2506 5786 -έ-
2525 5717 2653 5768 Dein
2679 5715 2836 5785 vulgo
2854 5715 2935 5786 διὸ
2957 5715 3012 5780 δέ
3034 5726 3090 5771 et
3118 5715 3278 5785 φορᾷ.

2166 5784 2244 5858 (6)
2262 5788 2376 5843 ’Ἐν
2396 5804 2447 5840 τι
2467 5784 2804 5859 διωλύγιον.
2849 5784 2962 5842 Non
2987 5797 3069 5842 est
3098 5784 3326 5853 partitus
3356 5798 3508 5838 suum
3532 5796 3669 5859 opus
