4088 6376
320 372 429 433 825

1309 373 1397 430 DE
1435 372 1969 430 ECCLESIASTICA
2009 372 2204 431 THEO'
2236 375 2396 431 OGIA
2423 374 2550 431 LIB.
2584 374 2625 428 ι.

3468 378 3571 434 8‘36

322 495 421 552 καὶ
480 493 817 557 πολυπλανὲς
863 493 1200 565 σύγγραμμα
1247 497 1547 563 συντάξαςγ
1579 496 1738 549 τοῦτό
1769 515 1900 568 φησι

2008 497 2175 553 tribus
2199 506 2379 553 autem
2409 496 2529 553 istis
2556 511 2666 566 prae.
2694 494 2975 560 manibus,
2996 494 3210 559 libellis,
3255 495 3392 551 ultra
3422 496 3570 554 illam

324 585 708 656 πεποιηκέναι,
730 585 816 637 διὰ
844 584 905 636 τὸ
920 584 1015 637 ἕνα
1038 586 1321 655 γνωρίζειν
1354 586 1485 641 Θεὸν
1513 605 1527 618 ο
1571 590 1644 658 μή
1665 605 1739 659 πη
1764 588 1900 659 λάθῃ

319 674 402 746 τῷ
430 674 543 744 Υἱῷ
571 673 665 731 τοῦ
701 672 834 726 Θεοῦ
866 672 1045 745 χώραν
1077 674 1252 739 διδοὺς
1294 677 1641 742 ὑποστάσεως
1666 678 1761 749 (7),
1790 679 1899 731 διε-

322 766 432 820 λὼν
459 766 559 836 τὴν
586 767 826 837 γραφήν.
852 766 1041 836 Ἡμεῖς
1071 766 1128 818 δὲ
1149 765 1248 837 τὴν
1269 768 1539 835 παναγίαν
1565 770 1657 821 καὶ
1676 785 1903 839 τρισμα-

322 860 518 932 καρίαν
537 858 803 930 τιμῶντες
828 859 1054 931 Τριάδα,
1076 862 1131 911 ὲν
1148 859 1422 924 τοσούτοις
1442 862 1540 931 τὴν
1567 862 1745 913 πᾶσαν
1770 859 1901 913 ὑπό-

324 955 473 1009 θεσιν
508 952 938 1023 συνειλήφαμεν·
979 954 1291 1024 φεισάμενοι
1331 953 1430 1023 μὲν
1461 953 1804 1021 πολυλογίας,
1841 955 1897 1005 ὲν

323 1048 605 1116 ἐπιτόμοις
634 1045 690 1097 δὲ
728 1044 821 1097 καὶ
852 1044 1075 1115 βραχέσι
1105 1046 1203 1117 τὴν
1239 1046 1415 1117 ἀληθῆ
1450 1049 1899 1116 παραστήσαντες

324 1140 624 1208 θεολογίαν.
657 1140 719 1191 El
752 1137 849 1208 μὲν
883 1134 975 1191 οὖν
1023 1140 1313 1211 αὐτάρκως
1358 1139 1470 1209 ἔχει
1498 1137 1567 1190 τὰ
1591 1140 1895 1209 γραφέντα,

323 1232 565 1302 κρίνειας
590 1230 655 1283 ἂν
684 1231 842 1293 αὑτὸς
876 1232 1213 1300 ἐντυγχάνων
1233 1249 1245 1261 ·
1271 1233 1317 1284 εἰ
1344 1231 1401 1284 δέ
1429 1248 1546 1283 τινα
1574 1230 1769 1293 λείποι,
1806 1232 1898 1285 καὶ

322 1320 494 1375 ταῦτα
524 1320 1000 1394 ἀναπληρώσειας·
1027 1320 1247 1394 δηλαδὴ,
1293 1320 1387 1375 ἅτε
1420 1319 1647 1389 ἁδελφὸς
1670 1320 1897 1389 ἀδελφοῦ

324 1414 698 1484 ὑστερήματα,
731 1410 784 1465 εἴ
809 1429 910 1464 που
940 1412 1034 1466 καὶ
1056 1411 1351 1484 Θεραπείας
1372 1411 1561 1475 δέοιτο,
1582 1410 1649 1463 δι’
1668 1412 1903 1483 ὲπανορρ

2002 589 2248 658 superius
2277 590 2576 643 institutam
2611 588 2881 641 rationem
2908 626 2922 651 ,
2959 586 3338 641 refutationem
3371 602 3437 642 ex
3478 590 3574 643 ad-

2000 695 2156 735 verso
2184 681 2464 735 adornavi.
2506 680 2597 735 llle
2625 680 2841 733 unicum
2893 677 2982 731 ubi
3023 678 3212 733 enixus
3244 687 3356 732 erat
3381 677 3577 746 fetum,

1998 774 2321 829 immensum
2345 773 2477 829 illud
2507 788 2662 842 opus,
2684 781 2737 827 et
2759 770 2925 824 variis
2949 785 3015 825 ex
3038 770 3318 824 erroribus
3347 780 3577 837 contes-

1999 875 2130 931 tum,
2152 867 2253 920 hoc
2289 866 2359 919 ob
2387 880 2505 920 eam
2534 880 2750 919 causam
2784 862 3080 917 instituisse
3112 876 3168 915 se
3200 870 3404 926 narrat,
3450 876 3575 930 prn-

2004 968 2187 1028 pterea
2212 956 2352 1025 quod
2380 971 2543 1009 unum
2574 955 2745 1010 solum
2776 953 2940 1008 Deum
2986 954 3324 1019 agnoscebat.
3358 952 3577 1009 Veritus

2006 1050 2281 1121 nimirum,
2306 1063 2394 1114 ne,
2433 1049 2475 1102 si
2510 1048 2563 1101 in
2598 1047 2778 1116 plures
2811 1046 2982 1099 libros
3008 1046 3135 1100 illud
3168 1048 3427 1116 scriptum
3454 1063 3580 1115 pro-

2004 1154 2275 1211 pagasset,
2310 1140 2716 1195 subsistentiam
2743 1139 2934 1193 exinde
2968 1139 3105 1193 Filio
3138 1139 3231 1194 Dei
3262 1139 3453 1194 alicubi
3491 1141 3575 1193 in-

2009 1229 2239 1284 dulsisse
2276 1230 2567 1285 videretur.
2598 1229 2670 1281 At
2702 1242 2802 1281 nos
2833 1228 2923 1296 qui
2952 1229 3348 1283 sanctissimam
3399 1227 3590 1283 Trini-.

2007 1327 2197 1386 tatem,
2221 1327 2274 1374 et
2302 1319 2541 1374 numeris
2572 1319 2822 1373 omnibus
2842 1318 3205 1373 beatissimam
3233 1334 3587 1391 veneramur,

2007 1419 2089 1465 tot
2122 1409 2311 1477 libris,
2365 1411 2469 1465 hoc
2500 1418 2583 1467 est
2637 1410 2831 1473 tribus,
2879 1410 3217 1480 dispertitum
3265 1411 3585 1470 universum

323 1504 545 1569 θώσεως
575 1502 894 1575 ἀξιώμενος.
943 1502 1249 1576 Ἐρῤὦσθαί
1296 1520 1356 1556 σε
1405 1502 1501 1563 καὶ
1541 1502 1904 1574 μνημονεύειν

2008 1502 2131 1573 styli
2162 1512 2537 1573 argumentum
2571 1502 3085 1558 exsolvemus.-Eam
3113 1518 3276 1573 porro
3307 1503 3580 1560 scribendi

321 1596 457 1668 ἐμοῦ
482 1596 560 1669 τῷ
590 1597 779 1669 Κυρίῳ
806 1596 894 1650 διὰ
923 1597 1123 1660 παντὸς
1156 1595 1408 1668 εὔχομαι.

2008 1593 2258 1651 inivimus
2312 1594 2622 1660 rationem,
2668 1602 2746 1663 ut,
2800 1595 3194 1666 multiloquium
3222 1595 3584 1668 declinantes,

322 1693 651 1763 theologiam
716 1693 1064 1761 conjunctam
1130 1708 1255 1747 cum
1304 1691 1532 1747 veritate
1558 1728 1576 1756 ,
1620 1690 1861 1745 breviter
1919 1696 1974 1745 et
2010 1697 2266 1759 tanquam
2295 1703 2392 1758 per
2428 1688 2824 1760 compendium,
2858 1699 3308 1761 repraesentemus
3335 1709 3348 1745 :
3377 1690 3421 1745 si
3450 1688 3582 1743 satis

321 1789 427 1842 hoc
452 1802 551 1857 pro
579 1788 840 1857 dignitate
904 1786 1167 1842 fuerimus
1210 1786 1475 1852 exsecuti,
1536 1793 1689 1839 tuum
1721 1785 1826 1840 erit
1853 1799 1975 1839 cum
2014 1785 2332 1855 perlegeris,
2377 1783 2641 1854 judicare.
2690 1784 2746 1841 Si
2777 1786 2906 1858 quid
2962 1786 3227 1853 defuerit,
3285 1794 3437 1840 tuum
3478 1786 3583 1840 erit

322 1880 640 1950 adimplere,
679 1889 937 1951 tanquam
966 1881 1133 1937 frater
1165 1880 1439 1938 fraternos
1470 1879 1737 1938 defectus.
1758 1879 1815 1935 Si
1842 1889 1897 1936 et
1932 1894 2068 1949 opus
2096 1880 2293 1936 alicubi
2328 1882 2665 1938 correctione
2697 1891 2863 1952 atque
2930 1882 3196 1937 medicina
3262 1880 3427 1937 fuerit
3455 1921 3470 1947 ,
3521 1880 3577 1935 in

322 1976 427 2031 hac
456 1992 670 2049 quoque
716 1988 867 2048 parte
902 1964 1339 2034 reformationem
1396 1977 1701 2033 adhibebis.
1755 1976 1901 2031 Bene
1941 1982 1993 2031 te
2016 1990 2232 2046 semper
2274 1977 2456 2033 valere
2502 1977 2705 2048 iubeo,
2736 1978 2948 2049 meique
3009 1977 3215 2050 iugiter
3276 1978 3332 2033 in
3380 1977 3485 2033 tuis
3514 1980 3582 2034 ad

321 2066 492 2123 Deum
531 2070 869 2126 orationibus
901 2072 971 2126 'et
1020 2070 1303 2126 sacrificiis
1333 2084 1541 2125 memor
1591 2083 1712 2125 esse
1763 2068 1919 2125 velis.

330 2247 3534 2281 Μ

1342 2401 1485 2460 ΤΩΝ
1516 2404 1706 2458 ΠΡΟΣ
1740 2405 2196 2459 ΜΑΡΚΕΛΛΟΝ
2222 2402 2564 2461 ΕΛΕΓΧΩΝ

843 2576 1645 2715 ΕΥΣΕΒΙΟΥ
1719 2572 2067 2709 ΤΟΥ
2142 2569 3054 2711 ΠΑΜΦΙΑΟΥ

807 2821 1067 2907 ΠΕΡΙ
1114 2820 1331 2907 ΤΗΣ
1408 2811 2384 2907 ΕΚΚΑΗΣΙΑΣΤΠίΗΣ
2459 2817 3089 2913 ΘΕΟΛΟΓΙΑΣ

1318 3014 1424 3135 Λ
1452 3016 1878 3138 ΟΓΟΣ
1968 3013 2617 3134 ΠΡΩΤΟΣ.

1231 3415 1855 3545 EUSEBII
1930 3411 2703 3542 PAMPHILI

998 3654 1084 3713 DE
1120 3652 1519 3711 THEOLOGIA
1556 3652 2097 3710 ECCLESIASTICA
2133 3652 2416 3711 CONTRA
2447 3649 2877 3709 MARCELLUM

1499 3832 1867 3927 LIBER
1938 3832 2433 3923 PRIMUS.

337 4228 521 4287 TAAE
574 4230 661 4283 T0
688 4227 985 4283 ΠΡΩΤΟΝ
1016 4229 1377 4282 ΠΕΡΙΕΧΕΙ
1412 4226 1903 4290 ΣΥΓΓΡΑΜΜΑρ
1932 4234 1976 4293 C

332 4330 402 4377 α’.
444 4321 565 4376 Ὅτι
586 4319 786 4391 μάτην
828 4318 1159 4391 Σαϐέλλιον
1222 4318 1499 4374 διέϐαλλε
1529 4317 1905 4391 Μάρκελλος,

403 4393 475 4447 τὰ
505 4392 612 4446 ῖσα
644 4390 803 4456 αὐτῷ
824 4390 1104 4455 δοξάζων.

335 4464 402 4519 6'.
435 4464 555 4516 Ὅτι
586 4461 661 4531 τῇ
690 4462 1017 4529 Ἑκκλησίᾳ
1063 4459 1169 4513 τοῦ
1213 4458 1360 4531 Θεοῦ
1404 4461 1443 4531 ἡ
1490 4457 1777 4531 Χριστοῦ
1798 4457 1912 4531 χά-

394 4477 555 4517 .·ὐτι
586 4478 660 4531 τῃ
694 4477 1017 4529 Εκκλησιᾳ
1063 4477 1169 4513 του
1213 4477 1360 4512 υεου
1404 4477 1443 4527 η
1490 4477 1753 4527 ⁴κιιριιπτου
1826 4477 1912 4527 ⁹α-

394 4552 513 4603 ρις,
553 4532 669 4599 τὴν
716 4533 849 4603 περὶ
902 4531 1131 4599 Πατρός
1161 4529 1261 4585 καὶ
1294 4530 1430 4584 Υἱοῦ
1478 4529 1705 4598 γνῶσιν
1754 4477 1913 4593 egui-

396 4602 576 4674 ρετον
603 4602 961 4671 ἐδωρήσατο.

333 4668 415 4753 γε
438 4677 557 4753 "_0tt
613 4668 1295 4753 ποιξςίνξωςέσφάλησαν
1351 4673 1405 4724 οἱ
1466 4668 1799 4739 ἑτερόδοξοι
1841 4668 1912 4723 ἐν

403 4746 484 4811 τῷ
512 4747 645 4814 περὶ
688 4746 822 4798 Υὶοῦ
843 4745 1021 4811 λόγῳ.

331 4816 397 4881 δ’.
424 4809 555 4892 Ὅτι-
568 4809 767 4892 iisin}?
798 4809 1192 4892 Χριᾲτιιξτςοὺς
1212 4809 1505 4892 “ratio”:
1537 4809 1838 4892 éozv‘cpiic,~
1856 4810 1912 4863 οἱ

398 4886 486 4959 μὴ
528 4881 852 4957 ὑφιστάναι
880 4886 986 4937 τὸν
1038 4883 1177 4935 Υἱόν
1211 4881 1318 4935 τοῦ
1358 4881 1507 4935 Θεοῦ
1545 4881 1910 4951 ὁμολογοῦν-

402 4976 523 5013 τερ.

334 4978 619 5094 εκτέίξέτως
649 5026 1001 5095 Μάρκελλος
1026 5021 1134 5075 τὸν
1157 5022 1290 5074 Υἱὸν
1322 5021 1427 5095 τοῦ
1463 5020 1612 5075 Θεοῦ
1646 5020 1905 5093 ἠρνεῖτο,
1938 5039 1950 5065 ι

406 5099 515 5168 τὴν
547 5092 875 5153 Σὲιϐελζλίου
910 5096 1138 5163 αἵρεσιν
1158 5092 1541 5161 μιμούμενος.

2333 4226 2536 4283 LIBRI
2577 4227 2804 4284 PRIMI
2847 4224 3133 4282 CAPITA.
3170 4233 3229 4293 ᾗ

2012 4320 2057 4377 I.
2092 4322 2379 4378 Sabellium
2403 4339 2435 4376 a
2466 4321 2720 4392 Marcello
2743 4322 2915 4386 inepte
2936 4321 3326 4392 reprehensum,
3359 4334 3478 4371 cum
3499 4334 3592 4373 eo.

2083 4394 2197 4447 dem
2229 4395 2283 4446 in
2305 4410 2479 4447 errore
2503 4408 2619 4445 cum
2643 4390 2873 4447 Sabellio
2900 4389 3008 4460 ipse
3027 4408 3117 4458 per
3140 4389 3315 4460 omnia
3334 4399 3586 4460 versetur.

2012 4460 2082 4517 ll.
2121 4463 2274 4529 Quod
2301 4479 2394 4528 per
2419 4462 2615 4517 Christi
2654 4462 2885 4529 gratiam
2908 4458 3101 4516 collata
3126 4463 3193 4514 sit
3217 4458 3466 4512 Ecclesia:
3497 4458 3597 4529 ρεί

2085 4527 2341 4655 fallens
2388 4527 2902 4603 quautam—cognitio
2958 4535 3023 4586 de
3069 4532 3230 4585 Patre
3278 4541 3433 4598 atque
3494 4527 3591 4583 Fi-

2108 4621 2179 4655 so.

2108 4621 2179 4657 ιο.

2014 4671 2102 4727 III.
2137 4674 2291 4738 Quod
2322 4674 2481 4727 variis
2502 4673 2768 4727 erroribus
2798 4672 3041 4738 impliciti
3066 4670 3378 4733 erraverint,
3403 4668 3466 4720 de
3492 4665 3591 4719 Fi-

2086 4743 2160 4797 lio
2198 4745 2408 4797 diversa
2440 4745 2719 4797 sentientes
2744 4742 2808 4796 ab
2838 4743 3098 4797 Ecclesia.

2015 4813 2104 4868 IV.
2138 4814 2291 4879 Quod
2322 4814 2521 4883 frustra
2551 4830 2606 4867 se
2637 4813 2913 4882 indigitent
2938 4811 3267 4867 Christianos
3306 4810 3395 4879 qui
3418 4808 3591 4862 subsi-

2084 4882 2330 4939 stentiam
2368 4882 2499 4937 Filii
2520 4883 2620 4938 Dei
2653 4901 2757 4938 non
2778 4884 3093 4952 conﬁtentur

2013 5018 2078 5075 γ.
2111 5016 2262 5082 Quod
2293 5013 2573 5071 Marcellus
2603 5025 2813 5071 secutus
2837 5014 3059 5072 Sabellii
3093 5013 3338 5069 haeresim
3390 5007 3440 5066 F
3443 5009 3593 5062 ilium

2083 5087 2183 5142 Dei
2214 5084 2454 5154 abneget.

410 5238 467 5296 >14
496 5231 592 5286 Ed.
624 5228 801 5283 Paris.
838 5241 959 5297 pag.
986 5224 1076 5281 58.

2015 5355 2117 5410 bus
2148 5349 2486 5407 distinxisse.
2513 5347 2582 5405 M.

2084 5422 2161 5494 (7)
2185 5419 2596 5494 νὛξςτοθέσεως.
2625 5414 2754 5494 _Vult
2788 5414 3109 5494 bypostasia
3138 5431 3153 5469 :
3184 5422 3243 5494 et
3280 5420 3457 5494 tamen
3480 5412 3594 5483 plu.

2014 5482 2121 5549 ries
2144 5482 2428 5545 ’ὑπόθεσιν
2458 5482 2564 5559 pro
2592 5482 2883 5559 alterailla
2912 5501 3046 5559 voce
3080 5485 3329 5559 positam
3347 5482 3594 5550 legimus.

2014 5565 2313 5634 Spontene,
2338 5571 2429 5634 aut
2460 5554 2527 5614 ex
2560 5573 2746 5634 errore
2772 5556 3003 5634 librarii,
3032 5555 3237 5634 nescio.
3288 5554 3422 5634 Nam
3453 5565 3601 5634 certe

2012 5624 2227 5689 constat
2251 5624 2316 5684 es
2342 5630 2657 5685 Athanasio.
2686 5641 2877 5682 nomen
2905 5624 3280 5685 ὑποστάσεως.
3316 5624 3600 5679 abomina-

2014 5705 2145 5760 tioni
2181 5703 2345 5756 fuisse
2369 5701 2603 5753 Arianis.
2635 5696 2705 5752 Μ.
2736 5727 2808 5738 -
2840 5695 3043 5762 Scripsi
3083 5692 3433 5757 ὑποστάσεως
3481 5709 3602 5748 cum

2015 5776 2168 5829 codd.
2198 5774 2312 5841 Loco
2342 5770 2675 5834 ὑποθέσεως·
2707 5769 2827 5824 dein
2859 5765 3017 5836 vulgo
3043 5764 3097 5817 δὲ
3130 5763 3397 5831 παναγίαν
3429 5781 3484 5819 κ.
3514 5781 3598 5838 τρ.

2015 5855 2068 5904 et
2096 5843 2407 5911 διαπαντός.

337 5371 389 5422 in
419 5366 704 5429 sectiones,
733 5364 898 5417 libros
937 5370 1031 5416 aut
1061 5371 1234 5416 tomos
1266 5356 1569 5421 Marcellus,
1594 5355 1906 5429 quiaDeum

338 5439 553 5493 unicum
624 5427 911 5489 fatebatur.
972 5432 1273 5494 Eusebius,
1316 5443 1467 5482 suam
1529 5427 1908 5480 refutationem

339 5511 390 5560 in
446 5520 555 5561 tres
618 5506 784 5559 libros
850 5502 1131 5561 distinxit,
1193 5501 1260 5554 ab
1310 5499 1497 5553 eodem
1545 5498 1713 5561 fonte,
1782 5495 1905 5563 quia

340 5578 679 5654 Trinitatem
722 5572 1110 5654 agnoscebat.“
1129 5569 1290 5654 Forte
1353 5566 1721 5654 ἱὶξιιάηὲνψτι
1766 5566 1905 5654 γράς

338 5650 465 5717 ψας,
490 5647 631 5715 quod
668 5636 820 5717 initio
853 5641 1031 5710 posuit
1072 5640 1333 5717 Eusebius
1379 5639 1443 5717 de
1480 5636 1751 5717 Marcello,
1805 5636 1906 5691 hoc

341 5708 978 5781 sensn'capiemlurrrest,
1012 5720 1071 5763 ut
1099 5725 1203 5764 non
1237 5710 1288 5763 id
1312 5708 1584 5781 voluerit,
1610 5708 1744 5761 nihil
1770 5723 1906 5775 prae-

345 5798 489 5842 terea
522 5778 803 5856 scripsisse
821 5781 1152 5856 Marcellum,
1182 5781 1321 5847 quod
1341 5787 1501 5856 negat
1526 5778 1906 5856 lliernonymus,

343 5859 438 5918 sed
464 5874 569 5915 non
598 5849 853 5929 partitum
878 5853 981 5913 hoc
1005 5866 1159 5909 suum
1183 5865 1317 5923 Opus
1343 5849 1397 5907 in
1426 5849 1601 5922 plura.
1628 5849 1709 5906 νει
1740 5849 1908 5919 parti-
