4088 6384
346 405 447 469 829

1284 407 1373 462 DE
1410 404 1952 463 ECCLESIASTICA
1992 402 2386 463 TIIEOLOGIA
2419 405 2548 461 LIB.
2581 405 2622 460 l.

3485 407 3589 463 850

344 544 464 592 σεις-
491 528 821 592 εὐθύνοντες.
875 528 1103 599 Συνάψω
1134 530 1189 582 δὲ
1250 528 1393 583 κατὰ
1423 528 1482 582 τὸ
1522 528 1655 583 αὐτὸ
1685 532 1750 599 τῇ
1796 529 1914 583 τού-

2018 543 2140 583 esse
2170 527 2550 583 refutationem
2575 565 2591 593 ,
2634 535 2695 581 ut
2745 526 2819 581 ita
2850 524 3076 596 singulis
3122 531 3372 579 constare
3402 535 3589 594 queat,

344 638 451 674 των
474 624 632 692 φωρᾷ
660 622 758 691 τὴν
781 620 874 674 τοῦ
888 623 1138 694 Σωτῆρος
1166 621 1320 693 ἡμῶν
1348 621 1623 689 θεολογίαν
1650 620 1910 691 νεώτερον

346 712 445 781 μὲν
472 712 651 779 λέγειν
700 710 839 781 ἔχων
868 713 1038 777 οὐδὲν,
1072 713 1179 766 οὐδ’
1235 711 1470 783 ἐμαυτοῦ
1518 713 1679 780 σοφόν
1717 729 1770 764 τι
1818 712 1912 765 καὶ

340 804 540 856 οίκεῖον
568 801 793 874 εὕρεμα,
818 804 917 873 τῆς
933 804 989 857 δὲ
1005 803 1328 874 Ἐκκλησίας
1353 803 1445 857 τοῦ
1473 802 1607 857 Θεοῦ
1641 804 1739 875 τὴν
1764 803 1913 857 ἀδιά-

343 894 541 966 φθορον
563 894 908 949 διδασκαλίαν
936 895 1341 966 προϊσχόμενος,
1376 896 1441 966 ἣν
1483 894 1632 965 παρὰ
1663 894 1770 947 τῶν
1812 895 1912 948 αὐ-

338 984 553 1038 τοπτῶν
582 986 674 1037 καὶ
702 985 983 1057 αὐτηκόων
1016 984 1110 1037 τοῦ
1167 986 1363 1055 Λόγου,
1410 985 1614 1039 ἄνωθεν
1645 985 1703 1051 ἐξ
1737 985 1911 1057 ἀρχῆς

340 1076 657 1149 παραλαϐοῦ
666 1096 752 1142 σα,
790 1078 1061 1147 φυλάττει.

2016 618 2165 672 illum
2200 618 2251 671 in
2279 632 2345 671 eo
2391 617 2537 686 quod
2593 616 2789 671 Filium
2827 616 2919 670 Dei
2958 616 3328 684 abnegaverit,
3359 629 3427 668 ne
3468 613 3590 668 uni-

2015 728 2137 767 cum
2183 712 2251 767 de
2277 712 2447 767 sacris
2486 710 2683 765 litteris
2712 711 3083 765 testimonium
3135 711 3201 762 ad
3231 723 3345 763 rem
3374 706 3590 776 apposi-

2015 813 2127 859 tum
2152 843 2168 870 ,
2201 806 2254 859 iu
2308 805 2625 873 longissimo
2671 803 2762 859 illo
2806 819 2968 873 opere
2993 817 3091 857 suo
3120 801 3427 871 protulisse.
3476 798 3590 854 lmo

2014 909 2166 959 vero,
2185 894 2442 964 quidquid
2466 895 2532 948 de
2559 893 2853 963 Scripturis
2886 893 3086 956 attulit,
3110 892 3443 947 contrariam
3473 889 3588 959 plaa

2016 999 2086 1039 ne
2126 999 2311 1039 vocem
2358 984 2607 1038 emisisse
2648 984 2860 1049 sciant,
2900 993 2954 1036 et
2988 997 3049 1035 ea
3081 997 3200 1051 quae
3232 980 3415 1035 abillo
3441 979 3589 1033 dice-

2017 1076 2214 1130 bantur
2256 1076 2457 1144 impie,
2512 1077 2566 1130 in
2614 1085 2823 1130 rectum
2873 1075 3236 1144 retorquendo
3270 1087 3484 1128 sensum
3532 1077 3588 1124 et

340 1169 687 1236 sententiam,
722 1170 1005 1225 direxisse.
1040 1168 1161 1225 Istis
1193 1184 1356 1239 porro
1381 1170 1702 1238 conjunctas
1744 1168 2091 1237 copulaturus
2121 1184 2242 1222 sum
2290 1169 2356 1224 de
2390 1168 2697 1224 Servatoris
2744 1172 2918 1223 nostri
2965 1168 3246 1223 divinitate
3302 1166 3584 1220 rationes:

339 1262 477 1317 nihil
504 1277 534 1316 a
572 1276 660 1316 me
718 1263 834 1332 ipso
893 1262 1105 1317 noviter
1162 1262 1527 1327 adinventum,
1565 1272 1657 1315 aut
1681 1261 1821 1315 domi
1858 1274 1989 1315 meae
2017 1268 2205 1314 natum
2232 1301 2249 1328 ,
2278 1276 2342 1315 ex
2382 1261 2637 1325 opinione
2680 1260 2980 1331 profectum
3051 1258 3326 1327 sapientia:
3360 1254 3589 1324 alicujus

337 1370 474 1410 mea:
519 1356 831 1410 edicturus:
864 1357 956 1410 sed
998 1354 1253 1410 Ecclesia:
1314 1354 1408 1409 Dei
1478 1355 1773 1409 doctrinam
1808 1368 1918 1422 prae
1958 1368 2045 1407 me
2084 1352 2294 1407 laturus
2348 1353 2752 1423 incorruptam,
2823 1367 2984 1422 quam
3032 1366 3061 1404 a
3121 1349 3345 1406 testibus
3396 1346 3588 1403 auritis

338 1448 468 1502 olim
502 1456 663 1518 atque
700 1445 927 1502 oculatis
954 1445 1118 1500 Verbi
1158 1454 1462 1516 acceptum,
1512 1446 1579 1500 ab
1613 1445 1785 1507 initio,
1824 1443 1914 1499 illa
1938 1443 2172 1500 custodit
2195 1444 2370 1499 adhuc
2404 1443 2719 1499 inviolatam

982 1587 1140 1639 ΚΕΦ.
1187 1586 1264 1639 A’.

339 1698 470 1753 "Ott
515 1697 717 1767 μάτην
744 1696 1075 1751 Σαϐἐλλιον
1099 1696 1397 1767 ,διέϐαλλε
1439 1694 1790 1763 Μάρκελλος
1842 1694 1915 1748 τὰ

831 1768 938 1821 ἶσα
967 1765 1128 1831 αὐτῷ
1146 1764 1427 1830 δοξάζων.

407 1901 523 1973 Πρὸ
546 1901 602 1955 δὲ
633 1900 733 1972 τῆς
768 1900 973 1954 τούτων
1004 1899 1323 1966 ἐξετάσεως,
1373 1900 1559 1971 ἐπειδὴ
1582 1899 1779 1970 μεταξὺ
1817 1899 1911 1952 τοῦ

340 1995 769 2067 συγγράμματος
797 1993 887 2047 τὸν
919 1992 1205 2047 Σαὸέλλιον
1235 1994 1326 2045 ὑπ’
1365 1994 1529 2047 αὐτοῦ
1578 1993 1912 2062 κοπτόμενον

336 2079 519 2157 εῦρον,
549 2086 919 2154 καταπλαγεὶς
956 2086 1057 2156 τῆς
1110 2084 1450 2155 ἠλιθιότητος
1490 2084 1581 2137 τὸν
1622 2085 1809 2155 ἄνδρα,
1838 2083 1913 2147 ὡς

332 2178 438 2232 οὐκ
473 2178 723 2247 ἐφείσατο
768 2176 953 2240 κακῶς
1004 2175 1323 2251 ἀγορεῦσαι,
1366 2175 1425 2230 ὃν
1460 2176 1676 2229 πάντων
1710 2175 1912 2245 μᾶλλον

332 2270 578 2323 ἐπαινεῖν
595 2269 756 2321 αὐτὸν
786 2268 974 2340 ἐχρῆν,
992 2265 1247 2338 ὁμόδοξον
1273 2266 1419 2337 αὐτῷ
1438 2267 1528 2321 καὶ
1556 2266 1911 2337 ὁμογνώμονα

329 2358 619 2429 γεγονότα,
673 2358 771 2428 οὐχ
816 2356 1114 2429 ἡγησάμην
1158 2357 1222 2410 ἄν
1252 2376 1305 2410 τι
1337 2356 1627 2430 παρελθεῖν
1658 2360 1780 2428 σιγῇ
1822 2357 1913 2411 τὸν

329 2450 515 2518 λόγον,
547 2448 884 2521 παραδοῦναι
910 2449 967 2501 δὲ
984 2449 1079 2502 καὶ
1100 2448 1292 2502 τούτου
1323 2447 1541 2518 ἔλεγχον
1568 2447 1646 2518 τῷ
1680 2448 1911 2519 παρόντι

329 2542 641 2614 γράμματι.
684 2542 756 2594 Τὸ
796 2541 893 2611 μὲν
925 2540 1034 2611 γὰρ
1066 2542 1191 2603 τοὺς
1260 2539 1354 2592 τοῦ
1395 2539 1526 2592 Υἱοῦ
1568 2538 1914 2607 λειτουργοὺς

332 2634 475 2705 πρὸς
509 2634 619 2704 (ll)
651 2632 816 2687 αὐτοῦ
847 2632 1254 2701 διαϐεϐλῆσθαι,
1303 2632 1351 2683 εἰ
1386 2630 1480 2683 καὶ
1506 2627 1654 2699 αὐτῷ
1692 2628 1794 2699 μὲν
1821 2627 1916 2697 ψό-

332 2742 453 2794 γον,
488 2727 599 2787 τοῖς
624 2724 667 2776 δ’
691 2724 1163 2795 ἐλευθερουμένοις
1198 2724 1296 2787 τῆς
1329 2724 1466 2793 πρὸς
1501 2721 1665 2775 αὐτὸν
1716 2738 1911 2773 κοινω-

335 2814 454 2880 νίας
480 2815 721 2881 εὐδοξίαν
746 2817 1050 2885 ἐπήγαγεν,
1087 2817 1236 2886 ὅμως
1264 2812 1441 2885 εἴχετό
1470 2831 1614 2876 τινος
1642 2812 1913 2884 (συγγνώ-

1940 1574 1987 1628 Β

2699 1586 2853 1641 CAP.
2891 1587 2933 1640 Ι.

2017 1675 2308 1733 Sabellium
2349 1695 2381 1731 a
2426 1677 2683 1731 Marcello.
2708 1680 2876 1744 inepte
2921 1679 3310 1746 reprehensum,
3356 1693 3472 1730 cum
3497 1691 3586 1732 εθι-

2084 1751 2203 1801 dem
2239 1750 2292 1802 in
2315 1763 2493 1802 errore
2515 1764 2634 1801 cum
2679 1747 2913 1803 Sabellio
2940 1749 3049 1817 ipse
3083 1766 3174 1817 per
3206 1748 3382 1801 omnia
3417 1762 3587 1801 verse-

2086 1828 2193 1870 tur.

2082 1908 2153 1961 At
2184 1909 2500 1978 priusquam
2533 1909 2616 1963 his
2663 1908 2922 1980 accingar
2944 1900 3342 1975 examinandis,
3374 1924 3499 1965 cum
3532 1909 3589 1964 in

2013 1999 2196 2068 Operis
2233 2011 2490 2055 contextu
2536 2000 3024 2056 animadverterem
3076 2001 3368 2057 Sabellium
3419 2003 3487 2056 ab
3525 2015 3591 2057 eo

2014 2090 2152 2144 male
2180 2091 2765 2155 mulctatum,liominis
2795 2090 3100 2148 fatuitatem
3126 2094 3428 2146 admiratus
3445 2107 3588 2156 sum,

2013 2179 2153 2247 quod
2184 2179 2261 2232 illi
2285 2182 2595 2252 neutiquam
2630 2183 2956 2251 pepercerit,
2979 2182 3074 2235 sed
3106 2182 3433 2251 impetiverit
3468 2196 3584 2234 ma-

2012 2270 2225 2325 ledictis
2254 2310 2269 2336 ,
2314 2286 2471 2341 quem
2514 2273 2764 2327 laudibus
2798 2284 2924 2327 ante
2952 2272 3087 2327 alios
3119 2273 3375 2342 prosequi
3431 2271 3593 2325 debe-

2013 2361 2126 2427 bat,
2164 2372 2347 2431 utpote
2373 2364 2455 2417 sui
2491 2364 2757 2433 dogmatis
2781 2373 3193 2427 assectatorem,
3244 2372 3301 2417 et
3345 2361 3590 2431 ejusdem

2012 2470 2135 2511 cum
2166 2457 2342 2526 seipso
2365 2455 2655 2525 Opinionis.
2689 2457 2910 2511 Decrevi
2940 2455 3062 2509 ideo
3096 2454 3260 2508 verba
3306 2454 3422 2522 ejus
3458 2469 3594 2508 neu-

2013 2545 2215 2615 tiquam
2244 2545 2457 2600 silentio
2489 2545 2801 2615 praeterire,
2845 2544 2939 2599 sed
2970 2543 3133 2597 veluti
3171 2543 3458 2612 quamdam
3496 2556 3592 2597 ac-

2015 2636 2317 2691 cessionem
2339 2677 2354 2703 ,
2388 2636 2534 2690 illius
2559 2636 2940 2690 refutationem
2982 2635 3110 2689 huic
3143 2636 3292 2704 operi
3325 2635 3589 2705 adjicien-

2016 2731 2160 2783 dam.
2207 2727 2485 2797 Siquidem
2527 2729 2668 2797 quod
2714 2727 2803 2781 Dei
2853 2727 3133 2782 ministros
3167 2736 3423 2793 accuset,
3463 2727 3593 2781 licet

2018 2817 2149 2871 illud
2204 2818 2255 2871 in
2310 2818 2479 2886 ipsius
2526 2819 2911 2873 contumeliam
2953 2821 3131 2889 potius
3162 2818 3344 2883 cedat,
3375 2817 3592 2872 laudem

339 2910 468 2978 μης)
492 2907 715 2970 εἰκότως
753 2907 813 2959 τὸ
839 2907 1014 2960 δοκεῖν
1036 2906 1105 2959 τὰ
1142 2907 1215 2977 μὴ
1252 2905 1399 2975 αὐτῷ
1434 2905 1563 2974 φίλα
1596 2905 1877 2975 φαυλίζειν
1898 2920 1912 2935 ⁸

2019 2923 2149 2963 vero
2200 2920 2363 2977 atque
2395 2909 2852 2963 existimationem
2894 2910 3153 2980 majorem
3206 2908 3460 2980 illorum,
3498 2908 3594 2976 qui

334 2996 397 3049 τὸ
420 2997 476 3049 δὲ
497 2996 677 3050 λαθεῖν
705 2998 973 3051 κόπτοντα
999 2996 1159 3050 αὐτὸν
1178 2996 1268 3049 διὰ
1292 2998 1390 3068 τῆς
1410 2996 1503 3049 τοῦ
1537 2996 1916 3067 ὁμογνώμονος

344 3086 660 3159 δυσφημίας
715 3087 825 3159 (19)
866 3089 1141 3151 ἀναιδείας
1204 3088 1393 3159 ἔμοιγε
1446 3090 1612 3151 δοκεῖ,
1665 3088 1779 3159 ἅμα
1825 3087 1918 3140 καὶ

336 3177 713 3251 ἀναισθησίας,
760 3180 1045 3251 ὑπάρχειν.
1080 3180 1205 3232 ’Ότι
1258 3181 1316 3233 δὲ
1366 3180 1521 3233 ταῦθ’
1556 3178 1728 3244 οὕτως
1777 3179 1909 3250 ἔχει,

333 3272 530 3341 γένοιτ’
564 3272 631 3325 ἂν
658 3271 875 3341 ἔλεγχος
899 3273 1062 3335 αὐτὸς
1096 3270 1310 3333 ἑαυτοῦ,
1338 3271 1646 3344 Υἱοπάτορα
1676 3271 1766 3325 τὸν
1785 3270 1917 3325 Θεὸν

336 3360 478 3414 κατὰ
505 3360 598 3413 τὸν
643 3360 951 3423 Σαϐέλλιον,
1003 3363 1052 3413 εἰ
1081 3361 1175 3414 καὶ
1219 3361 1295 3431 μὴ
1329 3359 1521 3430 γυμνῷ
1542 3359 1623 3431 τῷ
1642 3360 1804 3430 λόγῳ,
1846 3362 1912 3431 τῇ

332 3451 464 3523 γοῦν
489 3453 715 3525 ἀληθείᾳ
742 3453 994 3522 εἰσάγων,
1027 3452 1106 3523 τῷ
1155 3453 1254 3524 τὴν
1286 3454 1582 3506 ὑπόστασιν
1621 3452 1731 3523 (13)
1759 3453 1913 3504 ἀναι-

337 3548 452 3617 ρεῖν
507 3544 601 3598 τοῦ
646 3542 799 3609 Υἱοῦ,
832 3545 929 3597 ἕνα
971 3545 1028 3597 δὲ
1066 3544 1196 3598 Θεὸν
1249 3543 1548 3616 ὁρίζεσθαι,
1590 3544 1682 3597 κα)⁸
1725 3543 1912 3597 τοῦτον

337 3634 529 3689 ἑαυτοῦ
561 3635 799 3708 Πατέρα,
828 3636 920 3689 καὶ
950 3630 1016 3689 αὖ
1035 3635 1195 3689 πάλιν
1220 3636 1348 3688 Υίὸν
1378 3634 1670 3688 ἀποκαλεῖν
1695 3634 1909 3690 ἑαυτοῦ.

336 3726 511 3795 Λόγον
538 3726 646 3798 γὰρ
665 3722 805 3779 εἶναι
838 3727 963 3790 δοὺς
997 3727 1088 3780 τὸν
1130 3727 1187 3780 ὲν
1214 3726 1293 3797 τῷ
1321 3727 1459 3798 Θεῷ,
1486 3726 1544 3778 ’ἐν
1573 3744 1633 3779 τε
1660 3726 1756 3779 καὶ
1785 3726 1910 3778 ταύ-

338 3818 432 3871 τὸν
482 3818 610 3871 ὄντα
654 3817 802 3889 αὐτῷ
849 3817 1039 3871 τοῦτον
1079 3818 1427 3889 ὁρισάμενος,
1462 3817 1681 3888 Πατέρα
1724 3816 1911 3870 τούτου

340 3909 697 3981 χρηματίζειν
725 3909 887 3962 αὐτὸν
919 3908 1050 3979 ἔφη’
1082 3908 1171 3960 τόν
1199 3926 1255 3961 τε
1280 3909 1450 3978 Λόγον
1477 3909 1605 3962 Υίὸν
1637 3905 1774 3962 εἶναι
1814 3909 1912 3962 αὐ-

338 4010 457 4073 τοῦ,
492 4010 591 4063 οὐκ
617 4008 832 4078 ἀληθῶς
857 4009 986 4062 ὄντα
1012 4008 1141 4062 Υἱὸν
1181 4010 1238 4061 ὲν
1267 4009 1453 4072 οὐσίας
1480 4009 1797 4073 ὑποστάσει,
1823 4026 1915 4069 κυ·

342 4108 474 4183 ρίως
524 4108 582 4161 δὲ
632 4107 727 4161 καὶ
772 4106 986 4179 ἀληθῶς
1045 4106 1172 4167 ὄντα
1224 4107 1415 4175 Λόγον.
1461 4106 1911 4177 Ἑπισημαίνεται

341 4208 493 4280 γοῦν,
521 4210 601 4262 ὅτι
634 4209 710 4281 μὴ
734 4207 1189 4283 καταχρηστικῶς
1215 4208 1392 4277 λόγον,
1420 4207 1555 4262 ἀλλὰ
1583 4207 1787 4281 κυρίως
1817 4207 1911 4261 καὶ

342 4312 555 4383 ἀληθῶς
578 4312 706 4365 ὄντα
731 4310 923 4379 Λόγον,
955 4310 1050 4363 καὶ
1082 4310 1246 4381 μηδὲν
1282 4309 1467 4380 ἓτερον
1491 4309 1523 4380 ἢ
1547 4309 1736 4377 Λόγον.
1766 4308 1900 4379 (Μ).

341 4413 407 4465 Εἰ
458 4411 514 4464 δὲ
545 4411 707 4482 μηδὲν
738 4410 945 4482 ἕτερον,
982 4410 1161 4480 δῆλον,
1186 4410 1261 4473 ὡς
1295 4410 1413 4465 οὐδὲ
1436 4409 1561 4472 Υἱὸς
1594 4406 1660 4481 ἦν
1706 4400 1910 4481 κυρίως

326 4488 438 4562 καὶ
463 4510 699 4582 ἀληθῶς,
731 4510 892 4581 μέχρι
926 4509 981 4562 δὲ
1013 4511 1194 4581 φωνῆς
1228 4508 1319 4561 καὶ
1348 4509 1606 4579 ὀνόματος
1641 4526 1913 4580 καταχρη-

344 4613 547 4677 στικῶς
578 4613 984 4684 ὠνομασμένος.
1026 4612 1123 4665 Ἕν
1144 4628 1202 4665 τε
1237 4606 1375 4663 εἷναι
1405 4610 1577 4679 λέγων
1601 4612 1695 4665 καὶ
1718 4612 1914 4665 ταύτὸν

343 4709 430 4781 τῷ
463 4711 580 4782 Θεῷ
626 4710 717 4764 τὸν
764 4710 959 4779 Λόγον,
1008 4708 1099 4762 τὸν
1141 4707 1512 4778 σαρκωθέντα,
1558 4709 1652 4762 καὶ
1706 4708 1770 4762 ἐκ
1817 4711 1916 4781 τῆς

344 4814 624 4888 Παρθένου
647 4811 926 4883 τεχθέντα,
957 4809 1089 4863 Θεὸν
1128 4808 1287 4861 αὑτὸν
1315 4807 1615 4878 ἀπέφηνεν.
1643 4809 1709 4862 Ὃ
1729 4807 1792 4880 δὴ
1823 4809 1924 4863 πά-

343 4919 437 4987 λαι
468 4920 560 4972 καὶ
584 4914 861 4990 πρόπαλαι
891 4912 981 4967 τὸν
1007 4909 1294 4966 Σαὸέλλιον
1328 4908 1698 4980 φθεγξάμενον
1731 4910 1926 4964 ἀπεδο-

426 5112 485 5171 Et
512 5103 609 5160 Ed.
640 5100 820 5157 Paris.
851 5114 977 5171 pag.
1007 5097 1096 5153 6|.

420 5298 531 5370 (ll)
576 5295 685 5370 Ταῦ
720 5295 855 5370 Υζοῦ
887 5293 1290 5370 λειτομργορς.
1344 5290 1614 5370 Nusquam
1670 5291 1917 5370 al.ibi_ita

352 5362 595 5443 loquitur
627 5367 925 5443 Eusebius:
970 5367 1063 5419 sed
1096 5362 1253 5443 Θεοῦ,
1286 5362 1559 5443 quomodo
1586 5372 1641 5443 et
1676 5363 1765 5416 hic
1812 5363 1917 5443 legi

351 5433 532 5493 .lel'iet.
564 5436 816 5501 lntelligit
845 5450 960 5499 eos,
986 5450 1119 5497 quos
1144 5436 1195 5489 in
1228 5436 1400 5503 primo
1426 5433 1564 5487 libro
1586 5433 1651 5486 de
1682 5433 1919 5503 numiui-

349 5510 452 5564 bus
474 5510 676 5565 citavit.
707 5506 998 5566 Asterium,
1017 5501 1350 5567 Narcissum,
1384 5503 1686 5565 Paulinum,
1716 5513 1823 5556 etc.
1844 5501 1914 5555 Μ.

420 5579 533 5648 (12)
574 5575 1011 5648 Ὃμογνώμονος
1038 5574 1419 5648 δυσφημίας.-
1450 5573 1741 5648 Deest,_yel
1776 5572 1917 5648 τινά,

349 5641 441 5701 νεῖ
485 5641 768 5700 Σαϐέλλιόν
814 5641 879 5698 (le
934 5641 1595 5712 nomine'ccimpellatum.
1628 5641 1761 5695 Nam
1823 5643 1921 5695 αὐ-

349 5716 445 5771 τόν
475 5721 540 5771 ad
566 5716 874 5770 Marcellum
911 5715 1108 5767 refero.
1138 5714 1265 5767 Vult
1288 5724 1341 5766 et
1362 5714 1634 5781 stupidum
1667 5721 1721 5766 et
1750 5712 1924 5780 impu-

353 5789 572 5840 dentem
611 5802 730 5841 esse
756 5785 897 5853 quod
922 5782 1211 5837 Sabellium
1256 5782 1637 5853 reprehendat,
1668 5798 1790 5853 cum
1819 5797 1925 5849 quo

355 5851 1083 5929 consentiebatrmm-Supra
1100 5853 1257 5924 vulgo
1274 5852 1459 5908 τοῦτον
1478 5869 1494 5922 ;
1514 5852 1638 5909 dein
1666 5851 1772 5921 Mp.
1804 5868 1923 5918 συγ-

2020 2999 2087 3053 ab
2122 2998 2289 3068 ipsius
2318 3000 2696 3054 communione
2728 3006 2853 3055 sunt
2884 3000 3068 3064 alieni,
3097 3016 3200 3054 non
3230 3008 3406 3053 tamen
3436 2999 3597 3052 venia

2018 3101 2167 3146 caret
2215 3100 2271 3145 et
2310 3092 2663 3147 excusatione
2697 3110 2710 3146 :
2749 3108 2853 3148 non
2888 3093 3147 3159 absurda,
3182 3106 3304 3146 cum
3339 3106 3459 3160 quae
3494 3090 3598 3171 mi-

2022 3184 2170 3237 nime
2196 3184 2409 3253 probet,
2445 3197 2507 3238 ea
2535 3184 2893 3253 vituperanda
2922 3184 3023 3239 sibi
3055 3192 3299 3239 censeat.
3335 3185 3405 3239 At
3446 3182 3597 3237 illum

2015 3274 2152 3330 velle
2183 3275 2449 3329 mulctare
2484 3273 2643 3339 male,
2677 3275 2753 3329 sic
2781 3284 2840 3327 ut
2866 3284 3047 3344 speret
3076 3289 3135 3329 se
3163 3265 3467 3338 latifurum,
3493 3274 3590 3343 qui

2014 3364 2261 3419 eamdem
2302 3364 2524 3434 impiam
2575 3378 2759 3418 secum
2793 3364 2972 3419 foveat
3010 3364 3324 3433 opinionem
3350 3402 3363 3426 ,
3417 3363 3598 3433 impu-

2015 3454 2212 3508 dentiae
2247 3453 2528 3521 cujusdam
2571 3454 2925 3509 intolerandae
2945 3495 2960 3519 ,
2984 3464 3039 3509 et
3066 3455 3264 3509 frontis
3291 3454 3598 3524 perfrictis-

2013 3547 2163 3600 simae
2192 3545 2407 3599 videtur
2441 3560 2582 3609 esse,
2614 3560 2713 3600 nec
2736 3544 2959 3614 injuria.
2991 3545 3114 3600 Haec
3161 3554 3340 3599 autem
3387 3558 3453 3600 se
3496 3545 3597 3598 ha-

2012 3635 2139 3690 bere
2171 3636 2237 3690 ad
2275 3636 2420 3691 hunc
2467 3636 2686 3691 modum
2730 3645 2906 3706 patet,
2940 3651 3116 3706 neque
3143 3636 3282 3691 falso
3310 3651 3340 3689 a
3367 3650 3454 3691 me
3505 3650 3600 3693 ca-

2012 3725 2228 3781 lumniis
2254 3742 2375 3781 eum
2415 3728 2767 3797 proscissum,
2803 3742 2868 3783 eo
2897 3730 3043 3796 quod
3093 3729 3161 3782 de
3194 3728 3469 3784 sententia
3500 3727 3601 3781 Sa-

2012 3817 2268 3883 belliana,
2288 3824 2346 3882 E4
2377 3818 2547 3873 Deum
2573 3818 2859 3889 compellet
2884 3818 3295 3873 Filio-Patrem.
3316 3820 3430 3874 Non
3450 3827 3601 3875 certe

2013 3909 2277 3973 disertim,
2302 3916 2355 3976 et
2385 3909 2747 3974 totidem,hoc
2769 3908 2947 3963 fateor
2966 3909 3174 3974 verbis;
3195 3908 3395 3964 talibus
3414 3917 3599 3970 autem

2011 4000 2214 4066 utitur,
2252 4015 2373 4069 quae
2405 3999 2725 4069 hypostasin
2774 3999 2898 4053 Filii
2934 4000 3139 4055 directe
3169 4000 3360 4055 tollant
3392 4018 3404 4054 :
3436 4017 3602 4059 unum

2012 4092 2351 4147 solummodo
2394 4092 2565 4146 Deum
2616 4101 2900 4146 statuant:
2928 4101 3090 4161 atque
3126 4093 3275 4147 illum
3312 4094 3483 4163 ipsum
3518 4093 3603 4151 sui

2012 4184 2178 4251 ipsius
2201 4183 2499 4253 genitorem
2536 4201 2549 4236 :
2580 4192 2635 4239 et
2650 4182 2843 4237 Filium
2879 4183 3110 4253 denique
3130 4185 3391 4239 suietiam
3411 4185 3600 4254 ipsius.

1940 4263 1987 4321 D
2012 4272 2147 4328 Dato
2174 4274 2318 4328 enim
2341 4283 2395 4329 et
2423 4275 2927 4333 concessoVerbum
2953 4276 3005 4330 in
3034 4276 3144 4330 Deo
3173 4289 3294 4330 esse
3319 4316 3335 4343 ,
3372 4275 3514 4344 quod
3548 4282 3603 4329 et

2014 4381 2177 4418 unum
2204 4375 2366 4435 atque
2390 4366 2529 4421 idem
2563 4382 2682 4422 cum
2710 4368 2825 4437 ipso
2854 4368 3101 4433 exsistat,
3126 4381 3251 4420 eum
3268 4363 3490 4433 hujusce
3505 4363 3605 4421 Pa-

2014 4466 2150 4519 trem
2187 4457 2471 4515 dicendum
2524 4459 2732 4515 docet:
2770 4468 2824 4514 et
2852 4460 3082 4516 Verhum
3127 4459 3287 4513 etiam
3336 4457 3452 4525 ejus
3480 4472 3603 4513 esse

2015 4540 2235 4616 Filium,
2257 4566 2593 4624 nequaquam
2615 4552 2809 4607 Filium
2830 4552 3185 4609 exsistentem
3217 4552 3270 4606 in
3288 4550 3603 4605 substantiae

2016 4641 2391 4706 subsistentia,
2404 4646 2620 4713 proprie
2637 4658 2765 4699 vero
2783 4645 3142 4699 etsecundum
3161 4640 3604 4707 veritatem,Ver-

2022 4731 2151 4788 bum
2182 4734 2533 4797 exsistentcm
2571 4744 2771 4791 tamen.
2796 4735 3065 4804 Vultergo
3102 4732 3604 4804 intelligi,Verbum

2028 4814 2179 4877 illum
2210 4838 2351 4893 esse,
2394 4840 2497 4880 non
2530 4826 2953 4893 catachreslice,
2976 4826 3067 4881 sed
3098 4825 3383 4880 verissime
3403 4831 3457 4878 et
3475 4838 3604 4893 pro-

2028 4911 2301 4982 priissime
2326 4914 2586 4982 Verbum,
2614 4925 2779 4985 atque
2811 4926 3009 4985 prmter
3047 4913 3307 4982 Verbum,
3348 4912 3492 4968 aliud
3515 4912 3603 4967 ni-

2024 5290 2454 5368 Tpdgpa‘tt_l000
2468 5287 2776 5368 γράμματι.
2808 5284 2938 5368 De_in
2973 5282 3302 5368 συγγνώμης
3320 5276 3601 5368 emicet—lt].

2095 5347 2209 5433 (ἴδ’)
2273 5362 2391 5431 Τὴν
2452 5347 2822 5433 ὖέῳᾲξασιν,
2877 5354 3016 5433 Lege
3055 5347 3157 5423 ’τῷ
3196 5347 3331 5433 ’τὴνΔ
3370 5347 3606 5433 ὑπόστα-

2028 5423 2133 5488 σιν.
2164 5423 2218 5487 In
2248 5448 2312 5487 eo
2335 5423 2485 5501 'quod
2518 5429 2637 5501 Fil_i_i
2676 5423 3081 5501 subsistentiam
3113 5429 3338 5501 negaret
3384 5432 3580 5501 separa

2028 5516 2135 5558 tam
2167 5514 2222 5558 et
2251 5488 2551 5571 propriam.
2585 5498 2655 5571 Μ.
2690 5526 2762 5571 —_—
2795 5492 3019 5571 Correxi
3050 5488 3321 5571 vulgatam
3348 5502 3412 5541 ex
3444 5488 3601 5542 codd.

2027 5559 2481 5646 ἀληθεείσάίοντξ
2503 5569 2602 5639 τὴν
2629 5567 2820 5646 ὑτάστε
2843 5574 2899 5619 ει
2919 5559 3054 5646 abet
3078 5559 3257 5646 ,αὐτῶ

2100 5631 2211 5714 (Ml
2268 5631 2355 5697 “H'
2394 5631 2609 5714 Λόγοᾶτ.
2648 5638 2829 5714 __Decst
2881 5631 3247 5714 suﬂ‘ulcieudae
3289 5631 3606 5714 sententi;

2028 5696 2339 5836 διά-λέξιν
2374 5696 2501 5836 ἦα(
2544 5708 2738 5777 simile;
2791 5705 2998 5773 statim,
3043 5711 3165 5773 post
3194 5696 3603 5769 ὠνομασμένος,

2067 5796 2183 5836 CCSl
2206 5803 2260 5836 υι
2293 5801 2340 5836 ς.
2432 5821 2445 5836 ε

2032 5789 2183 5844 deest
2206 5785 2340 5848 υἱός.
2375 5785 2447 5841 Μ.
