4088 6426
487 413 584 473 83!
1151 410 1421 468 EUSEBII
1459 406 1938 467 CESARIENSIS
1970 411 2122 467 OPP.
2162 411 2341 468 PARS
2378 399 2579 473 Μ’..
2615 404 3036 467 DOGMATICA.
3637 408 3749 467 833

492 527 588 592 iul,
606 530 752 600 quod
779 532 825 585 si
853 528 1002 582 aliud
1032 525 1188 589 nihil,
1212 536 1323 580 tum
1353 533 1501 581 certe
1537 526 1731 595 liquet,
1770 530 1912 596 quod
1954 545 2059 583 non

2190 527 2397 598 ιίμασεν
2428 526 2781 599 ήἘκκλησία
2810 524 2904 579 τοῦ
2937 521 3095 591 Θεοῦ,
3129 525 3242 589 τοῖς
3261 523 3445 588 ἀθέοις
3479 525 3639 578 αὐτον
3668 526 3751 579 αί-

493 607 686 674 Filium
725 634 851 675 vere
883 629 1045 688 atque
1072 617 1291 687 proprie
1339 618 1486 672 dicat
1520 658 1537 681 ,
1585 620 1679 673 sed
1736 617 1915 673 Verbo
1955 629 2067 673 tan-

2190 617 2463 684 »εσιώταις
2484 618 2827 685 καταλέξασα
2863 616 2996 689 (15).
3032 628 3039 633 '

495 714 617 766 tum
636 722 790 766 tenus
815 722 979 779 atque
1008 709 1227 765 nomine
1259 709 1654 766 catacltrestice
1680 711 2071 780 usurpandum.
2097 709 2340 781 Cumque
2376 712 2611 767 Verbum
2641 712 2831 765 doceat
2852 725 3015 764 unum
3039 721 3161 764 esse
3208 714 3370 778 atque
3421 709 3560 762 idem
3593 722 3752 777 pror-

494 818 587 859 sus
617 818 740 857 cum
770 802 876 858 Deo
908 822 921 857 :
957 802 1087 857 illud
1119 818 1311 872 nempe
1391 801 1623 856 Verbum
1710 803 2057 856 incarnatum
2089 839 2106 867 ,
2158 810 2342 856 natum
2397 804 2464 857 de
2505 802 2723 873 Virgine
2757 820 2771 856 :
2815 803 2989 868 ipsum
3057 815 3176 854 esse
3236 800 3401 857 Deum
3444 805 3748 857 asseverat.

494 895 645 963 Quod
691 895 823 951 olim
875 896 1163 967 aliquando
1195 913 1225 951 a
1257 896 1496 952 Sabellio
1530 897 1822 968 prolatum,
1849 896 1916 952 ab
1946 895 2189 952 Ecclesia
2230 897 2335 953 fuit
2380 898 2632 967 rejectutr.
2662 940 2679 965 ,
2723 898 3000 967 ipsiusque
3047 908 3236 952 auctor
3314 912 3432 951 cum
3476 895 3750 955 haereticis

494 989 674 1059 impiis
740 1001 1150 1047 annumeratus.

1150 1087 1300 1142 CAP.
1335 1086 1398 1142 Il.

495 1173 651 1245 Quod
677 1194 767 1245 per
798 1177 995 1233 Christi
1020 1181 1249 1247 gratiam
1279 1179 1470 1233 collata
1498 1189 1573 1233 est
1616 1179 1864 1234 Ecclesiae
1899 1180 2071 1236 excel—

670 1249 780 1303 lens
803 1250 1047 1318 quadam
1070 1253 1301 1321 cognitio
1337 1251 1400 1305 de
1445 1248 1674 1306 l’atreet
1710 1248 1881 1313 Filio.

2832 1084 2992 1138 ΚΕΦ.
3022 1082 3097 1137 B'.

2175 1177 2304 1231 Ὅτι
2351 1175 2427 1246 τῇ
2469 1176 2799 1245 Ἐκκλησία
2843 1176 2950 1230 τοῦ
2995 1174 3143 1246 Θεοῦ
3177 1176 3217 1243 ἠ
3272 1174 3529 1246 Χριστοῦ
3582 1173 3757 1245 χάρις

2244 1247 2359 1316 τὴν
2396 1244 2534 1315 περὶ
2585 1244 2817 1317 Πατρός
2866 1246 2965 1300 καί
2997 1245 3130 1300 Υἰοῦ
3181 1244 3408 1315 γνῶσιν
3445 1244 3758 1314 ἐξαίρετον

2244 1317 2608 1387 ἐδωρήσατο.

567 1405 824 1463 Omnium
879 1409 1155 1479 principes
1199 1408 1510 1466 Judaeorum
1541 1409 1710 1475 natio,
1747 1408 1845 1466 Dei
1901 1410 2068 1468 unius

2247 1410 2321 1465 Τὸ
2361 1410 2461 1481 μὲν
2486 1409 2593 1482 γὰρ
2620 1408 2751 1463 Θεὸν
2772 1408 3052 1478 ὁμολογεῖν
3069 1408 3164 1463 ἕνα
3197 1408 3333 1481 πρὸς
3350 1407 3758 1479 ἀντιδιαστολὴν

496 1497 861 1569 cognitionem
895 1509 953 1556 et
1006 1499 1408 1557 confessionem
1461 1510 1842 1573 susceperunt,
1874 1513 2069 1557 contra

2190 1502 2275 1572 τῆς
2301 1500 2567 1571 Ἑλλήνων
2595 1499 2855 1561 πολυθὼυ
2886 1498 3095 1570 πλάνης
3124 1501 3329 1573 πρῶτοι
3356 1497 3758 1573 παρειλήφασιν

496 1600 718 1643 errores
748 1589 1043 1659 gentilitios
1078 1590 1148 1645 de
1186 1590 1411 1647 deorum
1454 1589 1821 1645 multitudine.
1852 1589 1922 1642 At
1946 1602 2073 1658 gra-

2190 1592 2458 1647 Ἰουδαίων
2491 1591 2700 1655 παῖδες·
2728 1590 2788 1645 τὸ
2823 1590 2881 1644 δέ
2932 1591 3029 1645 καὶ
3071 1591 3293 1665 Πατέρα
3319 1592 3410 1646 τὸν
3439 1591 3600 1645 αὑτὸν
3625 1591 3758 1645 Υίοῦ

498 1676 573 1731 tia
599 1676 693 1733 illa
746 1678 1005 1735 salutaris
1061 1679 1319 1735 Ecclesiae
1373 1678 1841 1747 communicavit,
1903 1678 2069 1733 veluti

2190 1681 2506 1754 μονογενοῦς
2537 1680 2823 1752 γνωρίζειν
2847 1682 3127 1754 ἐξαίρετον
3160 1682 3329 1754 γέρας
3354 1685 3389 1753 ή
3414 1681 3571 1754 χάρις
3593 1683 3627 1753 ἡ
3654 1698 3761 1735 σω-

498 1771 793 1840 quamdam
851 1772 1210 1828 excellentem
1281 1774 1695 1845 praerogativam
1725 1815 1743 1840 ,
1818 1775 2069 1831 eumdem

2190 1777 2363 1848 τήριος
2383 1778 2450 1847 τῇ
2497 1775 2794 1846 Ἐκκλησία
2824 1774 3139 1845 δεδώρηται’
3173 1775 3300 1829 Υίὸν
3326 1774 3383 1828 δὲ
3413 1775 3524 1844 (16)
3553 1772 3763 1845 Ἰησοῦν

501 1860 693 1924 Deum,
724 1860 940 1917 Patrem
964 1862 1087 1917 Filii
1113 1863 1399 1935 unigeniti,
1430 1864 1696 1934 proﬁteri.
1729 1865 1930 1921 Filium
1975 1882 2075 1921 au-

2190 1866 2413 1938 Κριηστὸν
2452 1864 2612 1934 μόνον
2657 1859 2766 1918 οἵδε
2800 1863 2895 1923 καὶ
2925 1862 3118 1917 οὐδένα
3148 1862 3353 1934 ἕτερον’
3383 1861 3443 1915 ού
3472 1859 3613 1919 κατά
3662 1859 3762 1931 τὴν

499 1957 610 2004 tem
638 1950 791 2006 illum
829 1953 1007 2009 solum
1047 1956 1295 2026 agnoscit
1319 1954 1502 2012 Jesum
1531 1958 1829 2023 Christum,
1853 1965 2077 2029 praeterc-

2190 1956 2275 2027 ιῆς
2305 1954 2526 2027 σαρκὸς,
2560 1955 2627 2026 ἢν
2654 1954 2932 2030 ἀνείληφε,
2966 1952 3212 2021 γένεσιν,
3230 1950 3455 2023 (ταύτην
3485 1950 3595 2021 γὰρ
3620 1948 3764 2005 δού-

497 2054 565 2097 ea
599 2042 828 2099 nullum.
865 2044 976 2101 Nec
1019 2046 1167 2101 illum
1188 2047 1487 2103 secundum
1522 2049 1728 2119 carnis,
1763 2065 1927 2119 quam
1959 2066 2075 2106 sus-

2190 2052 2290 2103 ιου
2303 2046 2569 2120 μορφὴν,
2591 2046 2687 2102 κα)⁵
2711 2045 2853 2104 Υὶὸν
2870 2046 3186 2115 ἀνθρώπου
3204 2045 3391 2100 καλεῖν
3413 2041 3764 2113 δεᾷίδακταιῆ

497 2134 664 2204 cepit,
704 2138 1112 2205 generationem
1152 2137 1315 2207 (hanc
1348 2139 1550 2195 etenim
1582 2147 1640 2194 et
1666 2141 1800 2195 servi
1823 2140 2072 2211 formam,

497 2235 556 2282 et
589 2226 761 2297 ﬁlium
789 2230 1017 2285 hominis
1040 2246 1260 2297 vocare,
1284 2231 1472 2287 edocta
1494 2229 1637 2302 luit),
1660 2232 1755 2288 sed
1778 2233 2079 2289 secundum

498 2315 648 2372 illam
699 2319 1060 2388 divinitatem,
1115 2337 1277 2392 quam
1311 2337 1342 2376 a
1390 2322 1551 2378 Patre
1608 2333 1663 2378 et
1714 2324 1825 2379 Deo
1886 2324 2075 2380 eodem

496 2409 692 2467 habuit
738 2422 866 2468 ante
899 2416 1083 2470 omnia
1132 2414 1353 2481 saecula,
1390 2416 1658 2472 universis
1711 2417 2072 2487 incognitam.

499 2503 812 2559 Secundum
838 2522 1002 2577 quam
1028 2510 1463 2576 generationem,
1496 2518 1740 2579 paterna
1774 2509 2078 2565 divinitatis

500 2595 917 2665 plenitudinem,
950 2609 1005 2655 et
1049 2601 1222 2669 ipsum
1267 2601 1491 2666 Filium,
1529 2600 1698 2655 Deum
1745 2601 2076 2665 constituit,

500 2700 609 2741 non
640 2703 670 2740 a
700 2689 883 2758 seipso
911 2706 1219 2760 possessam
1252 2692 1337 2747 vel
1365 2709 1395 2747 a
1441 2692 1604 2748 Patre
1649 2703 1978 2763 separatam,
2013 2698 2072 2758 >14

499 2778 598 2834 sed
630 2794 731 2835 nec
756 2781 873 2836 siue
898 2783 1169 2852 principio
1196 2780 1345 2839 illam
1391 2794 1446 2840 et
1494 2785 1868 2853 ingeneratam
1904 2778 2078 2841 deita-

497 2877 636 2934 tem,
679 2871 878 2927 nedum
929 2874 1149 2931 aliunde
1181 2875 1479 2930 derivatam
1512 2875 1895 2945 peregrinam,
1947 2875 2079 2931 bos-

500 2961 695 3031 pitam,
734 2972 789 3018 et
824 2981 853 3018 a
880 2964 1043 3021 Patre
1068 2966 1322 3030 alienam,
1362 2969 1457 3023 sed
1488 2967 1555 3023 de
1584 2977 1808 3036 paterna
1847 2970 2078 3038 partici-

501 3053 744 3122 patione,
776 3054 942 3109 veluti
971 3055 1037 3109 de
1061 3056 1176 3127 jugi
1217 3066 1380 3125 puteo
1415 3057 1467 3111 in
1504 3059 1680 3125 ipsum
1721 3057 1913 3124 eﬂuso,
1955 3076 2081 3130 pro-

2177 2142 2318 2196 κατά
2349 2141 2407 2203 δὲ
2440 2140 2539 2213 τὴν
2568 2136 2629 2204 ἐξ
2663 2137 2827 2194 αὑτοῦ
2852 2137 2949 2191 τοῦ
2984 2138 3119 2191 Θεοῦ
3151 2138 3245 2192 καὶ
3266 2136 3475 2208 Πατρὸς
3503 2136 3609 2208 πρὸ
3630 2134 3767 2188 πάν-

2175 2251 2285 2288 των
2311 2232 2540 2288 αἰώνων·
2575 2232 2852 2301 ἄγνωστον
2884 2233 2997 2295 τοῖς
3016 2232 3152 2284 πᾶσι
3172 2229 3293 2285 καθ’
3318 2231 3385 2300 ἢν
3409 2228 3471 2282 τὸ
3491 2228 3769 2299 πλήρωμα

2176 2325 2276 2397 τῆς
2332 2324 2608 2398 πατρικῆς
2636 2324 2911 2394 θεότητος,
2942 2324 3038 2376 καὶ
3078 2322 3242 2377 αὐτὸν
3279 2321 3429 2386 Υίὸν,
3471 2319 3604 2375 Θεὸν
3634 2321 3769 2373 ὑπε-

2181 2419 2437 2489 στήσατο,
2479 2417 2580 2470 οὐκ
2612 2416 2931 2487 ίδιόκτητον,
2967 2413 3175 2469 καὶτοῦ
3205 2412 3418 2485 Πατρὸς
3450 2411 3769 2484 ἀφωρισμέ-

2178 2525 2296 2578 νην,
2330 2508 2438 2562 ούδ⁴
2472 2508 2707 2579 ἀναρχόν
2737 2524 2860 2565 τινα
2906 2507 3001 2561 καὶ⁴
3035 2506 3347 2577 ἀγέννητον,
3380 2504 3501 2565 οὐδὲ
3546 2502 3768 2559 ἄλλοθέν

2181 2602 2345 2657 ποθεν
2377 2602 2533 2673 ξένην
2565 2602 2661 2656 καὶ
2707 2600 2801 2655 τοῦ
2832 2600 3047 2673 Πατρὸς
3082 2597 3367 2670 ἀλλοτρίαν
3406 2595 3769 2667 ἐφελκόμενον

2182 2695 2431 2767 θεότητα,
2456 2695 2515 2762 ἐξ
2545 2695 2717 2764 αὐτῆς
2741 2694 2799 2747 δέ
2823 2693 2922 2764 τῆς
2961 2690 3238 2763 πατρικῆς
3274 2688 3561 2762 μετουσίας
3575 2686 3779 2759 ὥσπερ.

2180 2789 2291 2844 ἀπὸ
2341 2789 2548 2861 πηγῆς,
2595 2789 2683 2843 ἐπ’
2736 2786 2899 2842 αὐτὸν
2947 2785 3319 2858 προχεομένης
3367 2781 3767 2855 πληρούμενον.

2179 2882 2344 2954 Μόνῳ
2367 2881 2476 2953 γὰρ
2494 2884 2551 2936 ἐν
2574 2880 2724 2952 αύτῷ
2742 2882 2852 2941 πᾶν
2878 2880 2946 2934 τό
2975 2877 3265 2947 πλήρωμα
3294 2876 3407 2947 (l7)
3429 2874 3539 2946 τῆς
3563 2888 3770 2943 πατρι-

2180 2974 2296 3042 κῆς
2340 2976 2570 3028 ἐνοικεῖν
2624 2974 2923 3041 θεότητος,
2976 2973 3005 3025 ό
3062 2969 3235 3042 μέγας
3287 2968 3602 3023 ἐπαίδευσεν
3653 2966 3767 3037 (18)
3856 2974 3859 2979 ’

2192 3066 2533 3132 Ἀπόστολος.
2579 3067 2670 3121 Διὸ
2707 3067 2772 3138 δὴ
2804 3060 2886 3131 εἷς
2918 3066 3052 3130 Θεὸς
3082 3069 3150 3138 τῇ
3193 3064 3488 3135 Ἐκκλησία
3509 3061 3602 3116 τοῦ
3630 3057 3768 3114 Θεοῦ

501 3152 756 3215 pagatam
801 3161 928 3201 cum
982 3148 1337 3218 plenitudine.
1392 3149 1676 3219 Siquidem
1718 3151 1772 3205 in
1828 3152 1916 3207 illo
1956 3155 2077 3209 solo

2190 3157 2530 3228 κηρύττεταν
2550 3158 2645 3212 καὶ
2676 3159 2777 3211 ούκ
2809 3156 2956 3212 ἐστιν
2976 3156 3165 3230 ἔτερος
3203 3155 3342 3227 πλὴν
3368 3152 3556 3209 αὐτοῦ·
3592 3145 3674 3215 εἷς
3710 3148 3770 3203 δδ

502 3231 758 3291 habitare
794 3236 1180 3305 plenitudinem
1232 3250 1467 3307 paterna:
1520 3240 1736 3294 deitalis
1767 3240 1814 3272 “
1852 3258 2084 3312 magnus

2191 3249 2286 3304 καὶ
2342 3249 2636 3321 μονογενὴς
2661 3249 2757 3303 τοῦ
2790 3248 2926 3304 Θεοῦ
2961 3249 3109 3315 Υἱὸς,
3161 3246 3331 3302 εἰκὼν.
3368 3247 3469 3318 τῆς
3498 3244 3773 3314 πατρικῆς

502 3325 723 3382 edocuit
773 3329 1086 3397 Apostolus.
1154 3329 1306 3388 Hanc
1349 3332 1419 3386 ob
1472 3347 1694 3387 causam
1744 3332 1799 3387 in
1837 3331 2080 3389 Ecclesia

2194 3340 2469 3413 θεότητος,
2491 3341 2588 3397 καὶ
2618 3340 2706 3395 διὰ
2733 3340 2891 3394 τοῦτο
2917 3339 3071 3405 Θεός.

502 3433 651 3474 unus
675 3419 823 3475 solus
856 3419 999 3476 Deus
1025 3422 1382 3476 annuntiatur
1409 3441 1421 3475 :
1451 3437 1626 3493 neque
1644 3422 1783 3478 alius
1806 3425 2079 3494 quispiam
2119 3440 2319 3499 praeter
2380 3447 2505 3488 eum
2540 3451 2554 3489 :
2612 3447 2753 3488 unus
2824 3432 3013 3486 itidem
3070 3430 3161 3487 Dei
3210 3428 3379 3485 Filius
3436 3427 3770 3497 unigenitus,

505 3513 687 3586 imago
732 3525 975 3585 paterna:
1028 3515 1269 3585 deitatis,
1329 3524 1493 3586 atque
1546 3518 1620 3573 ita
1671 3518 1813 3575 Deus
1847 3519 1917 3575 ob
1960 3520 2065 3579 hoc
2102 3522 2300 3595 ipsum.

1139 3611 1292 3668 CAP.
1338 3610 1424 3668 Ill.

476 3688 482 3694 ’
510 3705 667 3773 Quod
702 3707 866 3762 variis
900 3707 1167 3763 erroribus
1218 3706 1464 3777 impliciti
1494 3708 1810 3777 erraverint,
1845 3710 1910 3764 de
1945 3707 2090 3766 Filio

849 3778 1057 3833 diversa
1086 3779 1367 3834 sentientes
1400 3779 1464 3832 ab
1492 3777 1754 3834 Ecclesia.

583 3867 754 3936 Quam
784 3870 1004 3940 quidem
1031 3869 1316 3941 theologia:
1352 3870 1624 3928 rationem
1646 3870 1895 3941 plerique
1923 3869 2084 3927 intel-

507 3958 682 4029 Iigere
716 3975 824 4015 non
852 3960 1122 4027 valentes,
1161 3961 1342 4016 varios
1397 3962 1501 4017 sibi
1531 3977 1781 4017 errorum
1844 3964 2091 4018 tramites

510 4053 936 4109 adinvenerunt.
970 4053 1112 4111 Sunt
1141 4052 1233 4123 qui
1264 4053 1463 4109 Filium
1520 4054 1689 4110 Deum
1737 4069 1859 4110 esse
1893 4070 2094 4111 conce-

512 4143 706 4198 dentes
727 4143 1002 4199 hominem
1032 4145 1264 4216 ejerant,
1292 4160 1451 4214 quem
1482 4145 1795 4217 assumpsit.
1832 4145 1937 4203 Alii
1969 4162 2095 4216 prot-

514 4236 644 4292 l‘essi
686 4251 810 4292 eum
835 4236 1111 4292 hominem
1163 4237 1395 4305 nudum,
1442 4237 1609 4294 Deum
1639 4238 1692 4292 in
1724 4237 1844 4309 ipso
1875 4238 2097 4309 ignora-

2848 3622 3017 3684 ΚΕΦ,
3041 3621 3116 3676 I".

2196 3712 2325 3766 Ὅτι
2355 3711 2640 3777 ποικίλως
2682 3707 3076 3780 ἐσφάλησαν,
3104 3711 3156 3762 οἱ
3196 3705 3531 3780 ἑτερόδοξοι
3579 3702 3651 3757 ἐν
3692 3699 3788 3767 τῷ

2647 3778 2781 3850 περὶ
2813 3780 2922 3835 τοῦ
2956 3778 3091 3834 Υἱοῦ
3128 3779 3327 3857 λόγφκ

2267 3877 2371 3931 Ἦν
2394 3877 2459 3948 δὴ
2509 3873 2788 3943 θεολογίαν
2840 3874 2891 3927 οἱ
2917 3872 3105 3927 πολλοὶ
3133 3872 3274 3923 νοεῖν
3309 3868 3371 3922 οὺ
3405 3868 3555 3941 χωρή
3564 3880 3789 3931 σαντεςλ

2190 3970 2438 4034 ποικίλας
2480 3969 2759 4041 ἀτραποὺς
2791 3966 3097 4038 ἐπενόησαν
3146 3962 3375 4032 πλάνης
3427 3961 3478 4013 οί
3514 3959 3612 4030 μὲν
3643 3955 3779 4011 Θεὸν

2190 4063 2372 4127 δόντες
2391 4062 2483 4116 τὸν
2509 4061 2660 4125 Υἱὸν,
2699 4059 2792 4113 τὸν
2818 4058 2863 4113 δ’
2893 4056 3201 4128 ἄνθρωπον,
3244 4053 3304 4107 ὃν
3330 4050 3640 4122 ἀνείληφεν,
3675 4050 3748 4120 ἀρ

2192 4157 2514 4228 νησάμενοι·
2542 4157 2590 4208 οἱ
2626 4154 2683 4208 δὲ
2713 4150 2869 4224 ψιλόν
2907 4149 3195 4222 ἄνθρωπον
3229 4144 3571 4215 ὑποθέμενοι,
3605 4142 3697 4195 τὸν
3732 4140 3783 4193 δ’

2196 4251 2254 4304 ἐν
2300 4247 2449 4320 αὐτῷ
2475 4247 2608 4301 Θεὸν
2657 4246 3044 4317 ἀγνοήσαντες
3080 4242 3128 4295 oi
3151 4240 3230 4303 δὲ,
3276 4237 3425 4308 φόϐῳ
3454 4234 3548 4289 τοῦ
3602 4234 3780 4288 δοκεῖν

513 4339 662 4386 runt.
696 4327 892 4396 Tertii,
917 4341 1063 4385 metu
1088 4329 1183 4385 Dei
1202 4329 1428 4385 alterius
1451 4329 1856 4396 introduceudi,
1879 4328 2085 4386 Patrem

2195 4340 2447 4411 δεύτερον
2498 4335 2835 4409 εἰσηγεῖσθαι
2867 4334 3020 4399 Θεὸν,
3050 4332 3141 4386 τὸν
3187 4329 3352 4385 αὐτὸν
3381 4323 3520 4381 εἷναι
3560 4326 3783 4397 Πατέρα

511 4434 676 4495 atque
692 4422 883 4478 Filium
903 4438 1071 4479 unum
1089 4437 1209 4478 esse
1227 4422 1589 4494 eumdcmque
1613 4421 1929 4491 opinantur.
1946 4421 2093 4490 Quas

513 4517 635 4572 vias
664 4518 791 4572 dum
822 4516 1068 4571 declinat
1098 4515 1342 4572 Ecclesia
1375 4516 1493 4581 Dei,
1524 4515 1851 4584 evangelica:
1882 4529 2092 4585 praeco-

516 4609 611 4668 nio
636 4611 885 4665 veritatis
913 4609 1197 4682 gloriatur.
1250 4607 1428 4665 Unum
1472 4608 1692 4678 quidem
1723 4607 1891 4664 Deum
1927 4607 2092 4677 proli-

514 4702 617 4765 teri
646 4717 724 4766 se,
757 4717 917 4773 supra
950 4718 1141 4758 omnes
1176 4702 1504 4769 venditans;
1536 4715 1704 4756 unum
1759 4715 1974 4770 quoque
2000 4699 2092 4754 Fi-

515 4794 649 4853 lium
684 4794 1019 4866 unigenitum
1067 4792 1221 4864 eius,
1262 4795 1433 4850 Deum
1465 4794 1534 4850 de
1586 4795 1695 4849 Deo
1720 4792 1904 4849 Jesum
1929 4791 2092 4851 Chri—

512 4897 659 4946 stum
690 4904 993 4959 agnoscens
1022 4905 1038 4955 ;
1065 4890 1314 4945 eumdem
1339 4889 1517 4960 ipsum
1551 4885 1796 4959 professa
1836 4885 2095 4942 Servato-

514 4997 632 5038 rem
666 4992 720 5039 et
763 4982 963 5039 Filium
1015 4982 1273 5038 hominis.
1306 4981 1407 5050 Qui
1467 4997 1594 5036 cum
1657 4980 1893 5035 nondum
1930 4980 2094 5034 homo

475 5110 483 5138 .»
514 5073 698 5135 factus
723 5074 925 5142 luerat,
963 5075 1135 5132 Filius
1168 5075 1260 5130 Dei
1288 5085 1469 5131 tamen
1515 5073 1833 5129 exsistebat.
1866 5069 2093 5138 Factus,

475 5149 484 5163 ’
514 5168 662 5239 quod
690 5184 798 5224 non
821 5168 973 5239 prius
1001 5168 1202 5234 fuerat,
1230 5168 1300 5225 ob
1316 5165 1750 5237 inexplicabilem
1774 5164 2093 5223 misericor-

518 5260 621 5317 dia:
647 5270 888 5332 paternae
914 5260 1435 5316 transcendentiam.

594 5429 655 5490 ἦ(
678 5423 778 5480 Ed.
807 5424 981 5489 Paris,
1010 5438 1131 5495 pag.
1158 5423 1248 5479 62.
1322 5422 1369 5456 “
1398 5421 1604 5479 Coloss.
1636 5434 1699 5488 ιι,
1738 5420 1791 5477 9.

613 5582 703 5656 15)
726 5581 784 5639 In
832 5584 961 5647 line.
1009 5582 1222 5656 legend.
1268 5582 1704 5654 ἐγκαταλέξασα.
1743 5579 1817 5637 Μ.
1857 5609 1930 5622 -
1975 5577 2097 5634 Mox

517 5654 865 5732 νυιερζκᾴρξς
892 5654 1340 5732 ὴςςοῖιεφτῆροςτ
1772 5721 1864 5732 -
1929 5720 1956 5732 ~

591 5718 886 5795 (ἱθΓΙλίόκ
915 5718 1002 5780 δέ.
1029 5727 1120 5780 Sic
1148 5718 1462 5793 legendum,
1481 5741 1608 5788 non,
1647 5733 1706 5795 ut
1739 5721 1872 5795 alibi
1896 5720 1991 5795 νῦν
2018 5718 2096 5772 δέ.

522 5792 929 5875 Ιίιᾲιηήεξξιρε,
965 5796 1137 5875 cuius
1168 5798 1431 5869 cognitio,
1483 5807 1539 5853 ut
1600 5794 1768 5875 γέρας
1827 5792 2101 5863 ἐξαίρετον

523 5866 749 5927 dabatur
778 5866 1052 5929 Ecclesiae.
1089 5864 1159 5923 Μ.

2198 4438 2293 4488 καὶ
2334 4433 2462 4487 Υἱὸν
2504 4430 2842 4502 ὁρισάμενοι,
2890 4425 2986 4489 οὓς
3018 4424 3354 4494 ἐκτραπεῖσα
3392 4422 3426 4492 ή
3486 4418 3783 4490 Ἐκκλησία

2198 4523 2294 4578 τοῦ
2327 4521 2462 4577 Θεοῦ
2495 4520 2575 4591 τῷ
2625 4519 2723 4589 τῆς
2758 4514 3018 4587 ἀληθείας
3073 4509 3415 4581 εὐαγγελικῷ
3463 4508 3782 4580 κηρύγματι

2202 4614 2544 4686 σεμνύνεται,
2577 4610 2674 4663 ἕνα
2718 4608 2815 4680 μὲν
2841 4605 2930 4659 τὸν
2960 4602 3054 4658 ἐπὶ
3082 4603 3298 4658 πάντων
3326 4600 3459 4654 Θεὸν
3490 4598 3633 4670 ἔχειν
3678 4598 3781 4653 αύς

2199 4707 2390 4780 χοῦσαο
2413 4706 2511 4760 ἕνα
2536 4704 2593 4757 δὲ
2636 4702 2730 4756 καὶ
2773 4700 2900 4754 Υἱὸν
2938 4697 3222 4770 μονογενῆ,
3254 4694 3386 4748 Θεὸν
3410 4693 3475 4746 ἐκ
3500 4690 3636 4745 Θεοῦ
3678 4691 3784 4762 Ἰη-

2204 4799 2331 4855 σοῦν
2357 4797 2594 4870 Χριστὸν
2625 4791 3061 4867 ἐπιγραφομένῃ,
3091 4792 3320 4860 Σωτῆρα
3349 4786 3442 4840 τὸν
3473 4784 3635 4838 αὐτὸν
3682 4785 3787 4838 καὶ

2201 4893 2329 4947 Υἱὸν
2351 4889 2639 4963 ἀνθρώπου
2667 4888 2970 4958 γινόμενον,
2987 4880 3345 4955 ὁμολογοῦσα·
3368 4877 3497 4931 ὄντα
3526 4876 3623 4947 μὲν
3645 4875 3781 4929 Υίὸν

2201 4985 2358 5051 Θεοῦ,
2409 4983 2540 5056 πρὶν
2568 4983 2602 5055 ἢ
2644 4982 2737 5035 καὶ
2772 4978 3061 5051 ἀνθρώπου
3088 4974 3369 5045 γενέσθαιθ-
3394 4972 3488 5025 καὶ
3517 4970 3676 5024 τοῦτο
3719 4969 3781 5023 δέ

2200 5078 2510 5148 γενόμενον,
2549 5075 2685 5145 ὅπερ
2719 5074 2822 5126 ούκ
2851 5066 2941 5143 ἦν,
2990 5069 3058 5122 δι’
3097 5067 3298 5137 ἄφατον
3343 5063 3646 5136 ὑπερϐολὴν
3677 5061 3781 5133 τῆς

2201 5166 2295 5222 τοῦ
2335 5166 2548 5238 Πατρὸς
2581 5162 2771 5235 φιλανθ
2781 5161 3015 5233 ρωπίας,
3320 5192 3324 5195 -

2275 5574 2388 5647 (l7)
2439 5571 2509 5647 ζὸ
2538 5567 2847 5647 πυξήρωμα.
2887 5563 3039 5647 Illum
3074 5561 3173 5647 quin,
3199 5558 3632 5647 erat‘rzlﬁpwpa,
3689 5567 3786 5616 aut

2207 5629 2415 5718 ἔχοντα.
2432 5643 2575 5718 [ost
2593 5629 2868 5718 θεότητος,
2887 5637 2979 5718 qui
3011 5629 3264 5718 habebat‘
3276 5629 3565 5718 πλήρωμαζ

2280 5698 2391 5785 (18)
2431 5698 3188 5785 Ἐπαίᾷευοίενξῌροιξςοιιιε,
3226 5698 3434 5782 Coloss.
3468 5698 3507 5764 ε,
3532 5699 3661 5785 Ῠίθη
3692 5698 3786 5785 do:

2208 5770 2316 5851 rei,
2340 5770 2450 5865 ςέᾶγ
2478 5781 2539 5834 τὸ
2572 5780 2844 5865 πλῄρωμα
2896 5770 2949 5832 iu
2973 5776 3077 5865 ‘i‘llo
3111 5771 3466 5865 ξατοιριῆσοιιι,
3519 5778 3576 5823 et
3635 5770 3780 5850 qtth

2212 5838 2616 5923 bic'iudicatur,
2645 5838 2852 5909 Chloss.
2886 5865 2946 5918 tt,
2973 5848 3032 5915 9,
3084 5846 3193 5902 πᾶν
3225 5842 3286 5896 τὸ
3328 5838 3621 5910 ’πλήρωμα
3654 5838 3783 5909 πῆς
