4088 6380
311 402 416 459 835

967 513 1118 566 ΚΕΦ.
1152 514 1220 568 Δ’.

311 609 444 664 ὀτι
484 613 676 675 μάτην
699 605 1089 673 Χριστιανοὺς
1121 603 1370 675 έαυτοὺς
1391 603 1696 675 λέγουσίν,
1730 596 1878 670 οίμὴ

381 671 704 745 ὐφίστάναι
735 671 840 728 τὸν
883 675 1018 727 Υἱὸν
1049 673 1155 727 τοῦ
1183 674 1330 727 Θεοῦ
1359 671 1808 742 ὁμολογοῦντες.

394 767 452 820 '0
489 766 588 837 μὲν
608 765 672 836 δὴ
697 766 794 835 τῆς
821 765 1076 833 ἀληθείας
1105 763 1260 830 λόγος
1293 761 1444 814 ταῦτ’
1482 764 1546 813 ἐκ
1591 759 1883 830 προσώπου

314 856 882 930 βοᾷτῆςἘκκλησίας·
907 858 955 907 οί
983 856 1038 906 δὲ
1057 853 1146 906 τὸν
1162 842 1288 906 Υἱδν
1319 851 1412 904 τοῦ
1451 851 1584 903 Θεοῦ
1615 851 1778 920 ἁρνού
1790 868 1887 921 με-

313 967 418 1013 νοι,
444 949 537 1001 ἕνα
578 947 633 998 δὲ
665 946 795 999 Θεὸν
816 941 948 998 εἶναι
993 945 1310 1012 φάσκοντες,
1355 942 1446 996 καὶ
1492 941 1640 993 οὐδὲν
1679 941 1883 1010 ἕτερον,

312 1042 369 1095 τί
401 1041 493 1094 καὶ
517 1037 903 1111 παρενοχλοῦσι
946 1037 1120 1107 μάτην
1145 1040 1210 1106 τῇ
1249 1034 1566 1104 Ἐκκλησία,
1593 1036 1712 1095 ταῖς
1760 1034 1887 1086 ’1ουε-

313 1133 478 1186 δαίων
504 1130 847 1202 προσομιλεῖν
877 1127 1220 1198 συναγωγαῖς
1248 1127 1399 1195 δέον;
1431 1127 1494 1178 Τί
1525 1126 1580 1178 δὲ
1611 1124 1706 1178 καὶ
1729 1125 1888 1194 βλασ-

317 1227 522 1297 φήμοις
578 1225 718 1292 σφᾶς
767 1222 965 1284 αὑτοὺς
1001 1220 1382 1292 περιπείρουσι
1414 1218 1610 1286 λόγοις,
1651 1217 1740 1269 τὸν
1793 1217 1890 1268 ἕνα

317 1317 450 1371 Θεὸν
479 1313 934 1382 συκοφαντοῦντες
973 1312 1083 1382 (19)
1127 1312 1329 1374 διτταῖς
1373 1309 1715 1380 ὲπηγορίαις,
1749 1310 1796 1360 εί
1824 1307 1888 1377 δὴ

316 1409 411 1462 τὸν
433 1407 594 1462 αὑτὸν
614 1406 832 1474 Πατέρα
862 1405 1060 1458 καὶτὸν
1077 1404 1236 1456 αὑτὸν
1253 1401 1378 1455 Υίόν
1397 1399 1764 1465 ὑποτίθενται;
1783 1399 1892 1450 Καὶ

318 1499 462 1562 τίνος
483 1497 606 1569 ,γάρ
633 1498 746 1548 ἐστι
769 1495 948 1566 πατὴρ
976 1494 1198 1565 μηδενὸς
1225 1491 1528 1562 ὑφεστῶτος
1561 1489 1680 1544 υἱοῦ
1702 1506 1715 1553 ;
1738 1489 1892 1552 Τίνος

319 1590 378 1643 δὲ
404 1590 516 1652 υίὸς
539 1588 709 1649 ἔσται,
747 1587 820 1658 μὴ
862 1587 1304 1658 προϋπάρχοντος
1338 1583 1430 1637 τοῦ
1475 1583 1890 1654 γεγεννηκότος;

320 1679 418 1744 Εἷς
439 1681 493 1732 δὲ
520 1679 615 1743 ὢν,
647 1681 860 1741 πάντως
885 1695 986 1731 που
1026 1677 1188 1739 αὑτὸς
1219 1675 1370 1729 ἔσται
1404 1677 1432 1726 ὁ
1472 1674 1776 1746 σαρκωθεὶς
1801 1673 1894 1727 καὶ

321 1771 510 1826 παθὼν
569 1771 662 1824 καὶ
731 1771 824 1823 τὸν
881 1771 938 1823 ἐν
1017 1767 1322 1839 ἀνθρώποις
1382 1767 1638 1830 διανύσας
1704 1764 1894 1820 θνητὸν

326 1864 459 1934 βίον.

1255 384 1342 448 Ius
1381 375 1914 448 ECCLESIASTICA
1957 379 2349 442 TllEOLOGlA
2389 372 2514 437 Lm.
2549 368 2590 436 ι.

3438 366 3547 426 854

2629 499 2781 557 CAP.
2809 499 2895 554 IV.

1990 599 2141 667 Quod
2170 601 2450 670 frustragse
2479 596 2808 670 denominent
2844 591 3198 670 Christianos,
3227 581 3328 658 qui
3347 585 3550 639 Filium

2354 667 2452 722 Dei
2480 683 2583 720 non
2604 666 2836 735 fatentur
2869 661 3177 715 substitisse.

2057 769 2232 836 Atque
2253 766 2350 820 ista
2379 764 2598 833 quidem
2633 759 2879 816 veritatis
2909 756 3086 810 oratio
3121 761 3203 806 est
3237 765 3333 818 per
3365 748 3551 802 Eccle-

1987 854 2081 909 sia?
2103 855 2432 923 przeconium
2477 851 2828 921 proclamata.
2880 844 2958 899 llli
3019 857 3181 913 porro
3230 841 3318 910 qui
3354 838 3552 892 Filium

1989 945 2084 1000 Dei
2126 945 2460 1007 inﬁciantur,
2496 957 2661 996 unum
2690 954 2820 993 vero
2853 937 3025 992 solum
3060 934 3223 987 Deum
3249 945 3367 985 esse
3400 929 3552 983 dicti-

1990 1045 2126 1101 tant,
2162 1051 2262 1090 nec
2289 1021 2482 1104 praeter
2507 1034 2656 1086 illum
2695 1029 2838 1085 aliud
2873 1047 2886 1082 :
2919 1040 3177 1096 quorsum
3214 1038 3273 1077 se
3297 1021 3551 1075 molestos

1928 1176 1935 1184 .
1991 1128 2245 1184 Ecclesia;
2273 1127 2366 1180 Dei
2391 1125 2647 1180 exhibent
2668 1122 2914 1184 ulterius,
2941 1120 3030 1189 qui
3061 1118 3240 1186 potius
3257 1116 3558 1170 debuerant

1991 1216 2272 1287 aggregari
2302 1219 2367 1271 ad
2393 1207 3054 1286 synagogasiudatorum?
3086 1204 3143 1271 ἦ
3173 1207 3437 1273 Quorsum
3468 1218 3556 1258 se-

1991 1321 2102 1365 met
2132 1323 2345 1378 quoque
2377 1308 2522 1376 ipsos
2552 1307 2733 1360 verbis
2766 1303 3138 1369 transadigunt
3180 1298 3561 1367 blasphema'n-
3604 1358 3610 1366 _

1994 1403 2157 1461 tibus,
2189 1415 2353 1452 unum
2383 1400 2572 1459 Deum,
2597 1396 2942 1466 sycophanta:
2973 1393 3115 1444 velut
3144 1389 3340 1450 solent,
3376 1386 3562 1442 convi-

1993 1494 2204 1546 ciantes
2233 1505 2330 1562 per
2368 1491 2474 1544 duo
2506 1489 2848 1557 cognomina,
2902 1487 2944 1540 si
2977 1484 3224 1540 eumdem
3262 1482 3434 1551 ipsum
3466 1469 3560 1534 Fi-

1994 1583 2148 1648 lium,
2174 1598 2333 1652 quem
2373 1591 2428 1636 et
2453 1580 2692 1645 Patrem,
2726 1595 2822 1648 per
2851 1575 3028 1631 omnia
3057 1590 3178 1630 esse
3202 1572 3556 1627 contendunt.

1993 1674 2159 1742 Cujus
2185 1674 2386 1728 etenim
2413 1682 2566 1742 pater
2590 1682 2735 1726 esset
2769 1671 2878 1734 ille,
2913 1669 3002 1738 qui
3034 1667 3204 1721 ﬁlium
3232 1680 3337 1719 neu
3367 1665 3566 1718 habeat

1996 1767 2085 1835 qui
2116 1766 2415 1820 subsistat?
2449 1764 2616 1834 Cujus
2650 1779 2813 1834 porro
2838 1772 2894 1817 et
2932 1760 3022 1815 ille
3053 1760 3212 1820 tilius,
3261 1756 3413 1822 cujus
3448 1754 3567 1807 nul-

2003 1856 2085 1912 lus
2123 1858 2528 1925 praeexstiterit,
2565 1857 2654 1925 qui
2687 1855 2874 1926 genuit
2907 1869 3029 1908 eum
3069 1849 3269 1922 pater?
3297 1847 3452 1904 Unus
3494 1845 3569 1899 si-

325 1963 549 2031 quidem
611 1975 734 2014 cnm
799 1959 1046 2020 exsistat,
1079 1972 1179 2010 nec
1210 1956 1379 2022 aliud,
1424 1955 1644 2008 omnino
1683 1953 1800 2008 ﬁeri
1853 1960 1960 2007 non
2001 1962 2178 2022 potest
2212 1953 2389 2018 aliter,
2425 1953 2557 2022 quin
2605 1967 2745 2006 unus
2799 1946 3167 2018 idemque_sit
3213 1947 3568 2008 incarnatus,

325 2070 542 2126 passus,
575 2064 630 2110 et
678 2055 728 2108 in
762 2055 979 2109 homine
1004 2067 1124 2116 suo,
1176 2053 1341 2105 vitam
1385 2049 1692 2119 transigens
1735 2049 2044 2102 mortalem.

1011 2168 1167 2221 ΚΕΦ.
1201 2165 1279 2218 E'.

325 2265 528 2328 Ὅπως
575 2261 928 2328 Μάρκελλος
979 2258 1088 2310 τὸν·
1129 2257 1264 2328 Υἱόγ
1298 2255 1405 2309 τοῦ
1448 2254 1595 2328 Θεοῦ
1638 2247 1896 2324 ἠρνεῖτο,

432 2327 547 2399 τὴίν
568 2327 678 2384 τοῦθ
699 2329 1028 2383 Σαϐελλίου
1045 2327 1392 2395 προαίρεσιν
1407 2327 1792 2394 μιμούμενος.

411 2421 571 2474 Ἀλλὰ
623 2419 796 2472 ταῦτα
825 2419 1052 2486 λέγοντα
1088 2415 1373 2469 Σαὸέλλιον
1413 2417 1445 2485 ἡ
1488 2414 1782 2483 Ἐκκλησία
1807 2413 1900 2466 τοῦ

325 2511 462 2565 Θεοῦ
491 2511 566 2573 ὼς
593 2510 726 2564 ἄθεα
764 2510 858 2562 καὶ
882 2507 1112 2576 δυσσεϐῆ
1141 2504 1442 2575 τολμῶντα,
1472 2502 1684 2575 μακρὰν
1715 2501 1900 2572 ῆλασε.

329 2602 516 2657 Ταῦτα
557 2602 614 2654 δὲ
643 2600 960 2673 Μάρκελλος
999 2596 1350 2651 ἀνανεοῦσθαι
1386 2597 1661 2668 πειρᾶται,
1695 2610 1905 2665 προκα-

329 2695 572 2766 λύμματι
617 2693 895 2766 χρώμενος
938 2692 998 2744 οὑ
1057 2688 1267 2759 πιθανῷ
1311 2688 1472 2758 λόγῳ.
1521 2687 1653 2740 Θεὸν
1682 2686 1791 2754 γὰρ
1813 2686 1908 2738 ἕνα

331 2786 507 2856 ὀρθῶς
533 2785 868 2856 ὁριζόμενος,
899 2781 1083 2835 τοῦτον
1114 2781 1272 2833 αὑτὸν
1304 2779 1474 2847 Λόγον
1509 2777 1651 2848 ἔχειν
1690 2779 1747 2828 ὲν
1781 2777 1908 2828 ἑαυ-

332 2878 413 2949 τῷ
435 2878 709 2948 ἡνωμένον
745 2876 836 2930 καὶ
873 2873 1213 2944 συνημμένον
1239 2871 1388 2940 αὑτῷ
1439 2887 1602 2941 φησιν
1623 2886 1638 2902 ο
1678 2869 1910 2923 κᾶπειτα

334 2970 429 3024 τοῦ
460 2969 576 3033 ὲνὺς
603 2969 736 3022 Θεοῦ
764 2968 826 3020 τὸ
859 2967 956 3037 μέν
987 2984 1039 3019 τι
1067 2961 1286 3035 Πατέρα
1307 2963 1478 3027 καλεῖ,
1509 2963 1570 3014 τὸ
1594 2963 1649 3015 δὲ
1667 2962 1812 3014 Υίόν·
1837 2961 1912 3026 ὡς

335 3061 526 3132 διπλῆν
563 3077 683 3113 τινα
716 3059 808 3111 καὶ
843 3057 1092 3110 σύνθετον
1120 3055 1303 3108 οὐσίαν
1336 3057 1392 3107 ὲν
1424 3053 1597 3123 ἑαυτῷ
1619 3049 1753 3106 εἷναι

336 3157 449 3208 Καὶ
476 3153 626 3225 πόσῳ
668 3150 856 3204 τούτου
907 3149 1169 3220 κρείττων
1222 3149 1278 3199 ὲν
1313 3145 1496 3199 κακῶν
1549 3144 1743 3215 ἐκλογῇ
1779 3145 1806 3196 ὁ
1839 3141 1914 3214 μὴ

337 3242 558 3314 διαιρῶν
611 3241 706 3312 μὲν
751 3240 850 3308 τὴν
879 3237 1112 3307 ἄναρχον
1145 3236 1238 3288 καὶ
1269 3235 1560 3304 ἀγέννητον
1597 3234 1690 3286 καὶ
1729 3233 1914 3302 θεῖκὴν

335 3332 584 3402 δύναμιν,
629 3329 719 3381 τὸν
753 3326 914 3380 αὑτὸν
961 3325 1004 3378 δ’
1062 3320 1199 3376 εἶναι
1254 3321 1527 3392 ὁμολογῶν
1594 3320 1784 3392 γυμνῷ
1838 3321 1916 3391 τῷ

338 3422 484 3492 λόγῳ
511 3419 644 3490 (21).
676 3419 833 3486 Πόσῳ
857 3416 912 3468 δὲ
932 3414 1204 3486 ἑκατέρων
1235 3412 1456 3482 βελτίων
1479 3413 1793 3474 ὁΊουδαῖος,
1825 3412 1916 3463 τὸν

2646 2140 2801 2194 CAP.
2847 2137 2911 2192 V.

2003 2232 2278 2298 Quomodo
2313 2231 2594 2287 Marcellus
2637 2230 2834 2284 Filium
2868 2230 2962 2283 Dei
3007 2227 3302 2296 abnegavit,
3335 2213 3559 2280 Sabellii

2354 2315 2548 2357 sectam
2575 2311 2783 2356 secutus
2807 2310 2852 2353 et
2876 2300 3219 2368 propositum.

2075 2399 2361 2452 EnimVero
2403 2393 2696 2449 Sabellium
2727 2406 2850 2445 cum
2881 2391 2993 2444 hate
3013 2399 3279 2450 tueretur,
3311 2396 3570 2450 tanquam

2006 2488 2223 2541 atheum
2273 2487 2548 2540 hominem
2580 2491 2635 2536 et
2662 2481 2824 2550 impie
2861 2480 3142 2544 audacem,
3174 2477 3418 2532 Ecclesia
3454 2465 3574 2540 Dei,

2006 2579 2196 2648 procul
2225 2577 2556 2633 amandavit.
2579 2571 2702 2628 Haec
2723 2575 2910 2628 eadem
2947 2569 3233 2626 Marcellus
3263 2570 3579 2623 instaurare

2009 2672 2223 2726 demum
2265 2667 2488 2738 satagit,
2539 2671 2801 2733 praetextu
2833 2662 3065 2729 quodam
3117 2648 3270 2721 usus,
3325 2671 3580 2711 sermone

2012 2777 2116 2816 non
2150 2760 2436 2814 admodum
2465 2755 2751 2826 probabili.
2789 2753 2961 2808 Unum
2997 2750 3142 2803 enim
3195 2749 3362 2802 Deum
3429 2758 3582 2800 recte

2011 2853 2288 2922 professus
2318 2853 2459 2905 hunc
2491 2851 2668 2920 ipsum
2713 2848 2903 2910 Deum,
2933 2842 3272 2898 continuisse
3303 2842 3354 2892 iu
3386 2853 3444 2893 se
3493 2837 3581 2891 af-‘s

2016 2948 2194 3001 lirmat
2239 2943 2478 2998 Verbum
2504 2955 2659 2996 suum
2705 2937 2809 2992 sibi
2868 2935 3168 3000 adunitum,
3217 2931 3427 3000 sibique
3454 2945 3582 2984 cons

2014 3047 2242 3092 cretum.
2274 3036 2451 3103 Atque
2503 3034 2631 3088 hinc
2659 3043 3003 3100 progressus,
3053 3026 3195 3080 illius
3230 3024 3389 3078 unius
3420 3037 3584 3091 quem

2017 3129 2191 3184 tenuit
2220 3128 2342 3190 Dei,
2374 3124 2521 3180 aliud
2547 3123 2763 3177 Patrem
2805 3130 2997 3185 vocat,
3057 3118 3200 3172 aliud
3246 3115 3465 3179 Fdium,
3520 3127 3587 3168 ac

2017 3223 2062 3276 si
2088 3221 2142 3275 in
2174 3234 2280 3273 uno
2301 3226 2358 3272 et
2389 3217 2576 3272 eodem
2624 3213 2765 3268 foret
2803 3212 2997 3281 duplex
3036 3210 3284 3279 quaedam
3321 3207 3583 3272 essentia,

2019 3313 2207 3368 eadem
2237 3317 2291 3363 et
2317 3307 2640 3376 composita.
2679 3305 2742 3358 Et
2768 3311 2971 3369 quanto
3002 3300 3223 3370 quidem
3260 3299 3497 3362 rectius,
3553 3311 3586 3352 θ

2020 3401 2229 3456 duobus
2264 3398 2441 3462 malis,
2475 3399 2518 3451 is
2546 3395 2635 3465 qui
2663 3395 2923 3456 divinam,
2953 3392 3243 3459 ingenitam
3276 3398 3331 3444 et
3364 3388 3587 3457 impriu-

338 3481 438 3567 ενὲι
457 3481 684 3565 δεδειιοὺ
721 3481 942 3579 διαιρῶν
965 3508 1044 3570 είς
1083 3481 1301 3575 Πατέρα
1338 3503 1432 3556 καὶ
1464 3502 1589 3555 Υἱὸν
1613 3501 1909 3573 Μαρκέλλῳ

2019 3489 2272 3558 cipiatam
2297 3487 2554 3540 virtutem
2588 3498 2928 3552 nequaquam
2957 3481 3227 3542 dividens,
3271 3493 3437 3530 unum
3467 3489 3588 3530 esse

340 3602 757 3678 παραπλησίως,
773 3599 892 3654 οὑδὲ
913 3598 1002 3652 τὸν
1027 3596 1186 3651 αὑτὸν
1209 3594 1520 3666 Υἱοπάτορα
1548 3593 1687 3647 κατὰ
1713 3593 1802 3646 τὸν
1823 3595 1920 3645 Σα-

342 3698 550 3753 ϐέλλιον
579 3695 832 3762 εἰσάγων,
857 3691 992 3745 ἀλλὰ
1024 3691 1194 3745 σέϐων
1225 3689 1321 3760 μὲν
1345 3687 1433 3741 τὸν
1453 3687 1604 3750 Θεὸν,
1641 3683 1918 3757 γνωρίζων

339 3790 401 3844 δὲ
433 3789 526 3842 καὶ
575 3785 886 3858 προσδοκῶν
936 3779 1027 3837 τὸν
1064 3782 1296 3852 Χριστὸν
1350 3779 1512 3833 αὑτοῦ
1565 3769 1655 3832 τὸν
1700 3779 1787 3832 διὰ
1812 3779 1919 3831 τῶν

343 3880 638 3955 προφητῶν
683 3876 831 3949 ἥξειν
865 3874 1282 3948 κηρυττόμενον·
1325 3872 1383 3926 ὃν
1416 3871 1656 3933 ἐλθόντα,
1687 3870 1808 3923 ἐπεὶ
1846 3871 1918 3941 μὴ

343 3973 726 4046 παρεδέξαντο,
759 3971 913 4040 δίκην
958 3969 1055 4038 τῆς
1088 3968 1166 4031 είς
1210 3962 1369 4019 αὑτὸν
1402 3964 1659 4027 ἀπιστίας
1688 3963 1921 4034 ὑπέσχον

344 4083 406 4119 τε
443 4065 536 4117 καὶ
565 4061 842 4132 ὑφέξουσι.

1004 4329 1159 4381 ΚΕΦ.
1186 4329 1274 4393 (τι.

495 4425 695 4488 ’Ὅπως
720 4423 760 4489 ἡ
793 4419 1130 4486 Ἐκκλησία
1149 4418 1256 4470 τοῦ
1296 4416 1444 4470 Θεοῦ
1494 4414 1783 4467 πιστεύει.

425 4517 489 4570 0i.
514 4517 570 4569 δὲ
600 4513 873 4567 πιστεύειν
904 4514 982 4574 είς
1009 4510 1100 4564 τὸν
1141 4509 1464 4579 ἀφικόμενον
1491 4506 1556 4558 δι’
1585 4505 1747 4574 εὐχῆς
1778 4503 1927 4573 ἔχαν-

350 4624 448 4672 τες
488 4609 615 4678 τρία
670 4605 840 4659 ταῦτα.
872 4602 1209 4673 γνωριοῦσιν·
1250 4601 1363 4671 (22)
1387 4599 1477 4651 τὸν
1519 4600 1581 4650 ἐκ
1618 4596 1927 4667 σπέρματος

355 4701 539 4763 Δαϐὶδ,
572 4699 666 4753 καὶ
693 4699 789 4768 τῆς
811 4696 980 4765 αὐτῆς
1021 4693 1179 4761 ἁγίας
1209 4691 1501 4762 Παρθένου·
1541 4689 1634 4741 καὶ
1669 4687 1758 4740 τὸν
1790 4688 1928 4739 ένοι-

357 4792 604 4862 κήσαντα
628 4787 800 4858 τούτῳ
826 4786 954 4838 Υίὸν
982 4784 1074 4837 τοῦ
1109 4781 1243 4836 Θεοῦ
1275 4781 1508 4852 προόντα
1536 4780 1630 4832 καὶ
1659 4775 1930 4839 οὑσιωδῶς

434 4997 496 5056 84
521 4990 621 5047 Ed.
656 4987 828 5044 Paris.
858 5000 982 5058 pag.
1011 4983 1100 5047 65,
1138 4981 1225 5053 644

365 5179 638 5249 θεότητος,
655 5174 985 5249 σωματικῶς
1001 5172 1339 5249 κατοικῆσαι.
1361 5162 1626 5249 δίη-Ἀρι
1651 5166 1824 5249 vnng
1845 5158 1925 5246 διί)
1956 5171 2002 5229 D

363 5250 444 5312 δέ,
479 5237 532 5303 εἰ
553 5237 702 5318 aiat
736 5237 940 5313 θεολογ.
969 5237 1027 5318 et
1049 5237 1129 5318 οἷς
1159 5237 1390 5318 ἐκτραπ.
1415 5249 1469 5292 et
1499 5237 1624 5290 Υἱὺν
1666 5237 1759 5289 τοῦ
1787 5237 1920 5289 Θεοῦ

365 5310 876 5390 νκξᾷνθρωπον
901 5310 960 5367 ’σπι
980 5314 1074 5366 ἕνα
1185 5310 1273 5362 τὸν

435 5375 544 5460 (1’9)
575 5375 734 5460 Vulg.
757 5383 1272 5460 Συκοφᾳντοῦιςτα.
1303 5381 1410 5460 [ηιο
1447 5375 1923 5456 συκοφαντοῦντες.

362 5447 460 5516 Εδὶ
503 5447 643 5511 εήἰιη
677 5447 1009 5521 συκοφαντία
1049 5453 1173 5505 illud
1217 5454 1282 5503 de
1313 5451 1417 5502 Deo
1451 5449 1768 5521 prwtlicare,
1790 5447 1930 5512 quod

366 5529 509 5584 Deus
543 5543 647 5580 non
672 5515 888 5578 (ξι-ιιι.Ἰὺ
923 5533 1190 5589 postremo
1220 5521 1323 5572 ﬁne
1346 5517 1561 5589 capitis,
1583 5515 1706 5589 let-ri
1742 5517 1927 5589 forsan

365 5583 546 5666 posset
578 5607 632 5649 et
665 5595 854 5665 θνητὸν
891 5583 1020 5661 βίον.
1045 5589 1324 5644 M.-—'Dein
1354 5583 1484 5639 eiEi-5
1516 5595 1569 5638 et
1593 5583 1706 5636 υἱοῦ
1734 5584 1923 5651 ὑφεστ.

364 5677 420 5722 et
448 5666 713 5736 ἑνωμένον
752 5666 848 5736 καί
868 5679 984 5736 συν.

439 5725 894 5805 (ἓωύὐσίανέν
914 5731 1102 5805 ἐαυτῷ
1143 5730 1312 5784 εἶναι.
1363 5725 1576 5805 δορις),
1635 5736 1688 5779 et
1746 5734 1923 5778 tamctt

365 5795 613 5875 εχεινξιΙΙ
637 5807 791 5874 paulo
812 5804 959 5873 prius
991 5803 1086 5870 legi
1116 5810 1341 5870 poterat.
1363 5795 1434 5848 Μ.

2018 3591 2180 3649 atque
2199 3579 2414 3632 unicum
2445 3575 2700 3632 exsertim
2728 3571 3028 3627 afﬁrmavit.
3051 3571 3115 3624 Et
3136 3575 3340 3638 quanto
3370 3567 3589 3636 quidem

2019 3679 2251 3736 utroque
2279 3667 2470 3720 melius
2496 3663 2739 3727 Judaeus,
2765 3677 2930 3716 unum
2966 3661 3134 3715 Deum
3175 3673 3280 3712 non
3339 3657 3591 3711 dividens

2020 3761 2074 3816 in
2108 3760 2324 3815 Patrem
2357 3767 2411 3812 et
2443 3759 2496 3811 in
2525 3755 2762 3811 Filium?
2805 3752 2948 3823 quod
2976 3751 3255 3806 Marcellus
3301 3749 3452 3804 facit.
3481 3747 3592 3802 Nec

2021 3852 2268 3906 eumdem
2316 3849 2456 3919 quod
2507 3846 2775 3902 Sabellius
2808 3841 3376 3907 iacit,Filio-Patrem
3423 3839 3593 3893 intro-

2024 3945 2176 4000 ducit
2205 3962 2217 3998 :
2248 3945 2341 3998 sed
2374 3957 2496 3997 cum
2527 3942 2693 3995 Deum
2731 3946 3044 4000 veneretur,
3092 3932 3337 4004 agnoscit
3389 3940 3444 3986 et
3495 3945 3590 3985 ex-

2023 4045 2233 4106 spectat
2264 4035 2534 4091 Christum
2562 4032 2679 4102 ejus
2703 4046 2798 4100 pcr
2843 4029 3132 4099 prophetas
3161 4023 3538 4080 annuntiatum
3572 4036 3591 4077 ι

2025 4140 2183 4195 quem
2201 4140 2322 4178 cum
2343 4123 2666 4186 advenisset,
2685 4119 2810 4190 quia
2839 4133 2942 4172 non
2968 4123 3339 4184 susceperant,
3364 4111 3595 4166 inﬁdeli-

2026 4218 2155 4272 tatis
2182 4217 2324 4271 illius
2365 4229 2577 4286 poenam
2632 4211 2896 4267 salierunt
2935 4209 3111 4262 adhuc
3139 4216 3192 4263 et
3221 4204 3590 4260 sustinebunt.

2631 4304 2648 4375 |
2675 4301 2824 4358 CAP.
2858 4299 2943 4354 vn.

2360 4396 2634 4464 Quomodo
2663 4395 2843 4447 credat
2878 4390 3114 4444 Ecclesia
3147 4387 3260 4441 Dei.

2099 4495 2170 4549 At
2196 4492 2286 4561 qui
2313 4491 2365 4544 in
2399 4491 2567 4555 illum,
2594 4487 2686 4556 qui
2713 4485 2950 4549 advenit,
2993 4480 3221 4536 credere
3261 4476 3595 4542 desiderant,

2031 4588 2144 4641 haec
2196 4589 2296 4638 tria
2341 4582 2628 4636 manifeste
2683 4577 3087 4633 confitebuntur
3127 4593 3140 4630 :
3191 4580 3374 4626 natum
3405 4570 3472 4624 de
3507 4582 3596 4622 se-

2032 4681 2174 4733 mine
2210 4675 2446 4738 Davidis,
2497 4675 2724 4744 ipsaque
2751 4671 2886 4724 adeo
2916 4668 3260 4723 sanctissima
3319 4661 3538 4733 Virgine
3572 4678 3588 4716 :

2035 4771 2238 4824 Filium
2293 4782 2508 4836 quoque
2559 4765 2654 4820 Dei
2691 4779 2813 4819 eum
2864 4761 3282 4821 inhabitantem,
3317 4756 3406 4826 qui
3447 4754 3597 4824 prius

2099 5163 2212 5233 (21)
2241 5157 2456 5230 Γυμνῷ
2480 5152 2560 5233 τῷ
2591 5154 2772 5223 λόγῳ.
2803 5148 3334 5233 δεὶιθίίῖιιεῂηηξηέιιις
3351 5140 3473 5233 ,vult
3505 5155 3596 5233 er-

2029 5211 2436 5303 gti‘ii'alrcelztt‘ttti
2469 5211 2632 5286 claui,
2653 5211 2769 5303 η’(ίιι.
2786 5219 3052 5298 cxscrtiur
3077 5211 3475 5303 Σαόελλιάζειν.
3495 5211 3599 5291 ⁸,Ιιι-

2385 5281 2523 5351 “non
2578 5281 2930 5346 dividebant:
2969 5287 3090 5355 quia
3145 5287 3412 5358 Christum
3459 5281 3597 5348 ejus,

2034 5357 2207 5427 adhuc
2230 5377 2596 5437 exspectatum
2627 5363 2934 5437 credebant,
2981 5357 3292 5437 etﬁcredunt
3324 5367 3518 5437 verum.
3546 5361 3601 5403 et

2037 5419 2572 5497 ῖιῖιὶῖἇιῖιῆἷὸιῖιῖἧέιη,
2602 5437 2665 5484 de
2705 5429 3012 5485 hominibus
3038 5425 3296 5477 futurum.
3324 5419 3598 5475 M.—Mox

2042 5514 2200 5574 vulgo
2231 5509 2402 5562 σέϐων
2427 5508 2518 5559 καὶ
2554 5505 2643 5574 τὸν
2666 5501 2724 5554 Θ.

2241 5561 2424 5648 vulgo
2458 5573 2814 5649 7vtopiﬁougt3
2847 5578 2898 5649 et
2919 5561 3406 5649 d73$61_d).0n~M.-3l’n
3430 5574 3599 5649 corr;

2032 5626 2154 5705 mox
2197 5626 2390 5718 vulgo?
2413 5626 2620 5707 ρι’Υἱός
2639 5626 2758 5694 ’τοῦ
2783 5639 2933 5710 ἄνθρ.
2970 5640 3026 5718 ὃν
3049 5647 3102 5690 et
3137 5626 3300 5718 τρίῶν
3322 5631 3380 5684 δέ
3413 5641 3466 5682 et
3494 5626 3603 5718 εἶεν

2029 5701 2222 5775 ἀποϐλ.
2256 5701 2314 5771 οἵ
2335 5701 2440 5788 τὴν
2477 5717 2573 5786 μὲν
2601 5701 2786 5786 ’σάρκα
2821 5701 2954 5763 τ.’σ.
2987 5708 3154 5762 Porro
3175 5701 3346 5770 'vulgo
3402 5701 3603 5754 σκοπὸν

2030 5802 2081 5846 et
2115 5788 2547 5859 δογματίζοντες.
