4088 6404
505 363 614 422 855

1180 363 1452 422 EUSEBII
1489 365 1970 424 CIESARIENSIS
2008 366 2071 425 01

2197 367 2380 424 PARS
2414 368 2511 424 IV.
2548 384 2619 409 -‘—
2655 367 3082 427 DOGMATICA.

3618 337 3622 342 ’
3647 372 3758 436 εδδ

506 483 776 549 exstabat,
822 488 878 537 et
928 483 1360 539 substantialiter
1390 485 1726 541 consistebat
1763 503 1777 539 :
1813 500 1915 542 nec
1964 502 2071 541 non

2177 488 2483 556 ὑφεστῶτα·
2509 488 2605 542 mi.
2634 488 2726 541 τὸν
2768 488 2960 543 τούτου
2994 489 3214 560 Πατέρα
3238 488 3394 553 Θεὸν,
3428 488 3520 561 ὑφ’
3550 486 3614 545 οῦ
3662 494 3759 547 καὶ

507 573 665 630 istius
697 573 914 628 Patrem
962 574 1171 640 Deum,
1230 590 1260 628 a
1309 591 1417 645 quo
1457 577 1658 631 missus
1707 576 1929 632 advenit
1960 578 2071 644 ille,

506 667 958 735 quemadmodum
1002 666 1070 722 ab
1119 668 1235 736 ipso
1281 682 1424 737 saepe
1450 668 1670 737 ponitur
1698 670 1751 723 in
1800 669 2070 727 confesso.

505 756 672 812 Nobis
699 758 863 827 igitur
880 774 1019 813 unus
1044 758 1188 813 Deus
1217 769 1322 826 est,
1340 777 1373 813 a
1401 776 1504 831 quo
1531 770 1653 815 sunt
1682 763 1862 816 antnia
1881 762 1950 828 “,
1984 778 2074 818 se-

503 852 737 904 cundum
777 850 1021 921 Apostoli
1084 852 1312 907 dictum.
1343 853 1412 907 Et
1443 868 1581 908 unus
1609 855 1867 908 Dominus
1920 854 2076 911 Jesus

502 939 755 997 Christus
800 956 894 1013 per
941 960 1091 1011 quem
1125 953 1249 998 sunt
1293 959 1469 998 omnia
1524 946 1594 1010 ⁸⁸,
1631 948 1722 1015 qui
1756 946 1864 1001 Deo
1902 947 2075 1003 Filius

503 1032 814 1102 unigenitus
840 1035 1271 1104 praeexsistebat.
1306 1034 1371 1088 Et
1398 1035 1610 1099 tertius,
1633 1038 1929 1091 secundum
1957 1052 2077 1091 car-

502 1136 624 1178 nem
650 1123 817 1180 Filius
859 1126 1096 1180 hominis
1131 1143 1145 1179 :
1177 1140 1337 1195 quem
1385 1127 1660 1181 hominem
1692 1137 1874 1181 nostra
1911 1144 2076 1184 causa

501 1217 738 1286 suscepit
760 1217 929 1272 Filius
958 1219 1074 1273 Dei.
1102 1217 1207 1273 Sed
1245 1234 1343 1273 nec
1369 1233 1566 1289 corpus
1588 1220 1732 1289 quod
1758 1223 2073 1289 assumpsit,

498 1314 620 1359 erat
667 1305 809 1359 idem
844 1321 967 1360 cum
1020 1306 1158 1361 Filio
1196 1308 1309 1373 Dei,
1352 1308 1445 1377 qui
1486 1309 1782 1378 assumpsit
1821 1325 1836 1361 :
1901 1323 2078 1379 neque

499 1394 620 1465 ipse
647 1397 741 1450 Dei
780 1398 954 1453 Filius
996 1415 1137 1454 unus
1164 1398 1415 1468 idemque
1437 1400 1595 1454 debet
1615 1401 1917 1456 existimari
1951 1416 2075 1456 cum

499 1489 747 1558 genitore
774 1503 891 1545 suo.
923 1489 967 1544 E
1001 1491 1175 1545 tribus
1203 1498 1384 1546 autem
1439 1491 1703 1559 subjectis
1747 1493 1899 1549 hisce
1924 1533 1941 1559 ,
1992 1487 2077 1547 illi

499 1579 590 1648 qui
613 1578 827 1635 duobus
856 1581 1138 1637 concessis
1163 1581 1387 1645 tertium
1415 1581 1692 1652 rejiciuut.
1723 1585 1792 1639 ab
1835 1583 2077 1639 Ecclesia

497 1670 594 1726 Dei
633 1662 761 1728 sunt
790 1673 1100 1744 rejiciendi.

1133 1762 1290 1821 CAP.
1335 1762 1447 1819 VII.

2175 580 2338 643 αὐτὸς
2395 579 2731 633 ἀπεστάλθαι
2770 580 3010 651 συνεχῶς
3054 580 3329 652 ὁμολογεῖι
3371 583 3534 654 Ἡμῖν
3575 585 3758 640 τοίνυν

2174 666 2256 734 εἷς
2282 670 2413 735 Θεὸς
2438 673 2469 724 6
2504 670 2715 742 Πατὴρ,
2753 672 2824 737 ἐξ
2861 669 2933 729 οὗ
2962 674 3037 727 τὰ
3062 673 3279 738 πάντα,
3312 673 3454 729 κατὰ
3467 675 3557 727 τὸν
3599 677 3758 732 Ἀπό-

2177 762 2378 817 στολον·
2437 766 2529 818 καὶ
2570 760 2650 829 είς
2676 765 2879 838 Κύριος
2918 764 3126 836 Ἰησοῦς
3150 756 3404 838 Χριστὸς,
3454 765 3528 819 δι’
3567 760 3643 823 οὗ
3681 767 3758 823 τὰ

2175 852 2390 917 πάντα,
2421 856 2449 906 6
2478 854 2659 925 προὼν
2688 855 2782 908 τοῦ
2811 854 2946 909 Θεοῦ
2976 857 3269 929 μονογενὴς
3294 858 3439 925 Υἱὸς,
3457 859 3552 913 καὶ
3571 856 3758 931 τρίτος

2175 944 2204 995 ό
2236 944 2376 997 κατά
2405 945 2582 1017 σάρκα
2612 946 2737 1010 Υἱὸς
2760 947 3067 1018 ἀνθρώπου,
3099 948 3158 1001 δν
3201 949 3267 1003 δι’
3301 951 3446 1022 ἡμᾶς
3467 952 3757 1024 ἀνείληφεν

2175 1037 2205 1088 6
2231 1036 2360 1100 Υἱὸς
2380 1037 2475 1089 τοῦ
2508 1038 2667 1093 Θεοῦ.
2715 1039 2854 1092 Ἀλλ’
2877 1040 3001 1094 οὔτε
3032 1041 3062 1094 ὃ
3089 1041 3345 1112 ἀνείληφε
3377 1043 3535 1115 σῶμα
3558 1045 3758 1100 ταύτὸν

2174 1120 2243 1196 ἦν
2262 1125 2339 1196 τῷ
2364 1126 2676 1198 ἁνειληφότι
2717 1128 2831 1200 Υίῷ
2858 1130 2952 1183 τοῦ
2997 1130 3154 1184 Θεοῦο
3186 1131 3310 1185 οὔτε
3355 1132 3516 1197 αὐτὸς
3549 1136 3579 1186 6
3627 1133 3758 1197 Υἱὸς

2175 1216 2270 1270 τοῦ
2297 1218 2430 1271 Θεοῦ
2461 1215 2543 1281 εἷς
2575 1221 2671 1274 καὶ
2712 1222 2741 1274 6
2784 1222 2947 1285 αὐτὸς
2980 1221 3047 1275 ἂν
3079 1223 3359 1296 νομισθείη
3383 1224 3460 1295 τῷ
3494 1241 3757 1297 γεγεννη-

2175 1314 2315 1364 κότι·
2347 1312 2517 1383 τριῶν
2544 1313 2608 1385 δὴ
2641 1314 2844 1369 τούτων
2875 1317 3267 1388 ὑποκειμένων,
3292 1320 3341 1372 οἱ
3362 1319 3455 1372 δύο
3501 1319 3754 1386 διδόντες,

2175 1402 2237 1455 τὸ
2270 1404 2451 1489 τρίτον
2485 1405 2528 1457 δ’
2554 1406 2795 1462 ἐκποδὼν
2826 1409 3155 1481 ποιούμενοι,
3185 1411 3624 1484 τῆςἘκκλησίας
3647 1410 3757 1469 εἷεν

2178 1492 2245 1547 ἂν
2270 1488 2593 1568 ἀπόϐλητοιι

2836 1763 2993 1829 ΚΕΦ.
3026 1776 3101 1830 Z'.

499 1872 654 1948 Quod
667 1875 928 1948 diuersum
949 1874 1012 1948 ab
1036 1873 1274 1930 Ecclesia
1289 1875 1481 1946 dogma
1496 1886 1716 1942 tuentes,
1734 1896 1765 1932 a
1781 1878 2071 1948 theologica

2178 1858 2370 1928 Ὅπως
2407 1864 2462 1916 οἱ
2483 1860 2818 1948 ἑτερόδοξοι
2845 1866 3157 1948 διαφόρως,
3174 1867 3284 1938 τῆς
3313 1869 3447 1938 περὶ
3477 1869 3585 1924 τοῦ
3618 1871 3754 1927 Υῑοῦ

495 1949 561 1998 de
584 1945 681 1998 Dei
708 1942 852 1999 Filio
874 1947 1102 2012 ratione,
1139 1961 1241 1999 non
1270 1942 1378 2000 uno
1410 1950 1563 2001 modo
1596 1949 1709 2001 solo
1734 1942 2066 2004 exciderunt.

567 2034 797 2089 Carnem
828 2044 978 2090 certe
1016 2035 1326 2091 Servatoris
1363 2036 1512 2091 athei
1557 2038 1777 2107 quidam
1829 2039 2071 2095 haeretici

494 2124 838 2197 abnegando,
872 2134 929 2182 et
985 2127 1245 2197 opinione
1296 2136 1507 2182 tantum
1561 2129 1725 2193 nuda,
1782 2139 1945 2200 atque
1975 2144 2072 2201 per

491 2217 837 2285 phantasiam
894 2218 951 2273 in
1000 2218 1161 2274 terris
1207 2219 1527 2289 apparuisse
1572 2219 1747 2275 solam
1797 2222 2068 2290 dicendo,

490 2308 652 2378 primi
675 2317 834 2363 erant
862 2309 957 2380 qui
985 2308 1041 2363 in
1080 2310 1183 2365 hoc
1210 2324 1410 2381 genere
1444 2326 1475 2365 a
1511 2326 1677 2380 Scopo
1702 2313 1950 2368 veritatis
1976 2328 2071 2368 ex-

490 2400 766 2457 ciderunt.
816 2402 982 2473 Atqui
1011 2402 1473 2473 dispensationem
1518 2404 1666 2458 illam
1696 2404 1748 2458 in
1775 2419 1939 2461 carne
1969 2405 2066 2460 ad-

488 2493 778 2562 miserunt,
826 2494 1163 2564 abnegantes
1220 2482 1715 2565 praeexsistentiam
1762 2495 1888 2553 Filii
1948 2498 2066 2567 Dei,

487 2589 690 2654 varias,
726 2588 870 2658 quod
891 2589 1008 2658 jam
1033 2588 1170 2654 dixi,
1213 2600 1461 2644 errorum
1509 2590 1733 2646 semitas
1779 2591 2071 2648 adiuvene-

487 2689 638 2735 runt.
672 2680 926 2750 Suntqui
959 2695 1172 2736 merum
1208 2679 1357 2734 illum
1398 2666 1676 2736 hominem
1707 2682 2064 2751 arbitrantur,

488 2771 661 2826 nihilo
691 2770 972 2827 meliorem
1000 2770 1285 2826 hominum
1322 2778 1518 2824 natura
1579 2772 1901 2837 communi,
1958 2772 2067 2827 nisi

489 2864 836 2933 quantumad
857 2862 1077 2918 virtutis
1102 2863 1510 2932 praerogativas.
1537 2863 1608 2917 At
1635 2866 1725 2933 qui
1758 2865 1935 2934 ipsum
1966 2879 2065 2919 su-

486 2963 586 3023 per
613 2952 796 3008 omnia
832 2952 1001 3007 Deum
1024 2966 1227 3019 corpus
1277 2950 1617 3007 inhabitasse
1656 2944 1950 3020 aﬂirmant,
2007 2960 2066 3008 et

487 3045 664 3114 ipsum
687 3045 770 3099 sui
809 3045 979 3115 ipsius
1016 3042 1213 3098 Filium
1239 3044 1519 3099 exstitisse
1552 3054 1821 3109 asserunt,
1848 3055 2067 3116 propter

487 3133 636 3189 illam
662 3134 956 3189 secundum
979 3133 1254 3188 hominem
1289 3133 1777 3204 dispensationem,
1809 3145 1932 3189 cum
1956 3136 2064 3191 duo

2565 1937 2873 2006 θεολογίας
2894 1937 3374 1994 ἐκπεπτώκασιν.

2248 2021 2358 2093 Τὴν
2406 2022 2471 2095 δὴ
2519 2024 2616 2094 μὲν
2664 2026 2842 2096 σάρκα
2889 2026 2984 2080 τοῦ
3025 2028 3276 2098 Σωτῆρος
3317 2028 3465 2084 ἀθεοί
3483 2046 3626 2094 τινες
3645 2031 3756 2086 τῶν

2173 2115 2495 2186 ἑτεροδόξων
2529 2120 3020 2191 παραιτησάμενοι,
3064 2123 3191 2196 δόξῃ
3220 2123 3276 2176 δέ
3316 2142 3421 2178 τινι
3456 2128 3757 2194 φαντασίας

2172 2198 2349 2274 ὦφθαι
2379 2208 2541 2263 αὐτὸν
2562 2210 2654 2262 ἐπὶ
2690 2211 2789 2290 τῆς
2823 2211 2928 2281 γῆς
2965 2214 3267 2284 εἰρηκότες,
3300 2215 3507 2287 πρῶτοι
3538 2216 3631 2271 τοῦ
3653 2218 3757 2290 τῆς

2172 2297 2431 2370 ἀληθείας
2460 2301 2661 2355 σκοποῦ
2712 2286 3170 2376 διημαρτήκασιν.
3200 2308 3261 2359 Οί
3290 2286 3459 2379 δὲτὴν
3491 2286 3756 2381 ἐνσαρκον

2171 2394 2484 2465 οἰκονομίαν
2519 2396 3001 2468 παραδεδεγμένοι,
3031 2400 3124 2452 τὸν
3157 2400 3214 2453 δὲ
3240 2402 3474 2472 προόντα
3493 2402 3587 2456 τοῦ
3617 2403 3755 2457 Θεοῦ

2172 2482 2300 2536 Υίὸν
2345 2485 2736 2557 ἀρνησάμενοι,
2778 2488 3049 2553 ποικίλας,
3087 2490 3163 2553 ὡς
3196 2490 3354 2562 ἔφην,
3396 2494 3611 2557 ἑαυτοῖς
3655 2495 3759 2549 ἀν-

2172 2575 2320 2640 οδίας
2352 2578 2678 2650 ἐπενόησαν.
2713 2580 2776 2633 Οί
2802 2579 2860 2632 δὲ
2904 2579 3058 2649 ψιλὸν
3107 2582 3414 2654 ἄνθρωπον,
3442 2584 3541 2655 τῆς
3568 2585 3757 2657 κοινῆς

2172 2668 2424 2722 ἁπάντων
2444 2670 2658 2740 φύσεως
2694 2673 2813 2725 κατ’
2844 2673 2995 2726 οὐδὲν
3029 2675 3311 2746 κρείττονα
3339 2676 3370 2747 ἢ
3401 2678 3523 2731 ὅσον
3552 2679 3758 2750 ἀρετῆς

2169 2761 2569 2832 προτερήμασι,
2589 2763 2885 2832 ,γεγονέναι
2928 2764 3089 2819 αὐτὸν
3134 2768 3436 2839 εἰρηκότες.
3468 2771 3533 2822 Oi
3572 2769 3617 2823 δ’
3664 2772 3757 2825 αύ-

2168 2852 2259 2905 τὸν
2283 2854 2562 2925 ἐνοικῆσαι
2605 2855 2695 2909 τὸν
2738 2855 2847 2909 τῶν
2876 2857 3011 2910 ὅλων
3034 2857 3167 2912 Θεὸν
3202 2858 3281 2930 τῷ
3314 2861 3525 2932 σώματι
3547 2861 3755 2934 δογμα-

2167 2946 2437 3010 τίσαντες,
2474 2946 2602 3001 Υίόν
2628 2965 2689 3001 τε
2717 2949 2881 3002 αὐτὸν
2937 2950 3133 3004 ἑαυτοῦ
3166 2954 3503 3024 χρηματίσαι
3530 2955 3751 3024 φάντες,

2167 3035 2236 3089 δι’
2260 3037 2326 3108 ἣν
2375 3038 2639 3110 ὑπέμεινε
2686 3043 2804 3094 κατ’
2854 3042 3138 3116 ἄνθρωπον
3184 3047 3516 3115 οἰκονομίαν,
3560 3046 3654 3100 δύο
3676 3047 3754 3099 δι-

2166 3125 2346 3190 δόντες
2399 3120 2566 3194 οῦτοι,
2603 3128 2737 3184 Θεὸν
2790 3131 2885 3184 καὶ
2934 3131 3241 3204 ἄνθρωπον,
3289 3133 3384 3186 τοῦ
3434 3133 3621 3205 τρίτου
3659 3133 3752 3187 τὸν

489 3227 874 3291 concederent,
917 3227 1084 3280 Deum
1132 3238 1295 3295 atque
1354 3227 1667 3291 hominem,
1714 3241 1744 3280 a
1780 3227 1943 3281 tertio
1977 3241 2066 3282 sea-

2171 3216 2435 3287 μονογενῆ
2450 3216 2545 3270 τοῦ
2577 3217 2714 3271 Θεοῦ
2742 3218 2891 3287 Υίὸν,
2911 3221 3300 3293 ἀρνησάμενοι.
3341 3222 3559 3275 Τούτων
3583 3222 3753 3277 πάλαι

485 3315 749 3385 metipsos
765 3314 1136 3380 excluserunt,
1160 3315 1511 3370 Servatorem
1541 3316 1717 3384 ipsum
1744 3315 1835 3370 Dei
1865 3315 2064 3372 Filium

485 3407 821 3477 unigenitum
862 3406 1200 3477 abuegando.
1226 3412 1284 3469 »Β
1315 3406 1468 3461 Hanc
1499 3407 1631 3461 olim
1655 3405 1924 3462 Sabellius
1949 3417 2067 3462 tue-

484 3497 650 3554 batur
686 3499 1018 3553 senteutiam
1046 3516 1059 3552 :
1116 3506 1173 3553 et
1206 3499 1273 3552 ad
1323 3499 1470 3552 illam
1500 3513 1644 3553 nunc
1676 3499 1888 3555 delatus
1918 3498 2063 3553 Mar-

486 3590 655 3646 cellus
685 3590 838 3645 abiit.
866 3588 1127 3657 Qui,’non
1157 3591 1319 3645 aliter
1376 3603 1539 3660 quam
1572 3589 1744 3646 Judaei
1776 3590 2019 3646 inﬁdeles
2043 3629 2062 3657 ,

485 3694 546 3738 sc
578 3684 745 3737 Deum
770 3696 1064 3752 agnoscere
1082 3682 1427 3753 proﬁtentur,
1445 3684 1537 3754 qui
1559 3693 1644 3738 est
1661 3698 1826 3752 super
1847 3697 2061 3749 omnes,

485 3774 671 3830 ethoc
714 3775 1069 3830 vehementer
1118 3783 1334 3847 urgent.
1391 3776 1645 3833 Secundo
1676 3791 1892 3847 quoque
1942 3775 2063 3832 loco

487 3876 709 3920 carnem
737 3874 1037 3935 agnoscunt
1056 3866 1123 3921 de
1147 3865 1368 3936 Virgine
1395 3876 1663 3937 sumptam
1679 3865 2058 3923 sanctissima:

488 3956 710 4010 tertium
741 3970 874 4011 vero
902 3956 1057 4022 illud,
1085 3957 1227 4026 quod
1254 3965 1339 4011 cst
1362 3958 1593 4026 primum
1631 3956 1826 4011 salutis
1860 3966 2062 4012 nostra:

486 4056 670 4115 caput,
698 4045 916 4114 Filium,
945 4061 1106 4118 quem
1140 4048 1285 4103 velut
1332 4049 1507 4105 obviis
1540 4048 1681 4103 ulnis
1715 4049 2058 4117 amplectun-

487 4146 597 4203 tur,
622 4138 798 4193 lucem
827 4149 991 4206 atque
1022 4142 1334 4209 veritatem,
1362 4156 1456 4212 per
1481 4142 1893 4212 abnegatiunem
1914 4142 2059 4213 Filii,

484 4245 517 4287 a
545 4232 793 4289 veritatis
831 4232 948 4288 luce
981 4234 1321 4289 exciderunt.
1352 4233 1491 4290 Hinc
1514 4244 1617 4301 est,
1643 4245 1703 4290 ut
1726 4234 1847 4291 illos
1871 4237 2060 4291 audias

480 4339 607 4381 mus
636 4340 801 4380 unum
837 4327 1057 4394 quidem
1089 4326 1257 4381 Deum
1282 4328 1625 4393 conﬁtentes,
1647 4337 1701 4381 et
1727 4343 1945 4383 carnem
1967 4343 2061 4383 ve-

483 4427 744 4474 nerantes
771 4433 800 4472 a
831 4417 1129 4474 Servatore
1151 4428 1461 4489 susceptam
1495 4437 1510 4474 :
1546 4428 1602 4472 at
1639 4418 1836 4473 Filium
1865 4418 2061 4474 nihilo-

2167 3308 2268 3379 μὲν
2303 3308 2609 3375 Σαὸέλλιος,
2656 3312 2775 3365 νυνὶ
2831 3313 2888 3366 δὲ
2935 3314 3278 3385 Μάρκελλος,
3314 3318 3379 3386 τῇ
3411 3313 3607 3389 γνώμῃ
3635 3333 3754 3371 συν-

2166 3399 2532 3470 απαχθέντες,
2554 3401 2644 3455 τὸν
2669 3403 2767 3474 μὲν
2796 3405 2890 3459 ἐπὶ
2925 3405 3142 3459 πάντων
3185 3406 3319 3460 Θεὸν
3354 3406 3620 3461 Ἰουδαίων
3634 3408 3751 3473 τοῖς

2166 3489 2414 3554 ἀπίστοις
2436 3492 2637 3563 ὁμοίως
2681 3489 2741 3548 εὖ
2769 3495 2913 3567 μάλα
2941 3496 3139 3549 ειδέναι
3160 3496 3612 3568 διισχυρίξονταιο
3648 3498 3746 3552 καὶ

2164 3581 2416 3655 δεύτερον
2464 3585 2563 3656 τὴν
2617 3585 2794 3659 σάρκα
2837 3587 2934 3658 τὴν
2986 3589 3050 3639 ὲκ
3107 3587 3206 3656 τῆς
3250 3587 3410 3654 ἁγίας
3462 3587 3741 3660 Παρθένου

2165 3676 2669 3746 συνωμολογήκασιο
2717 3676 2829 3748 (25)
2869 3678 2931 3730 τὸ
2962 3677 3020 3730 δὲ
3048 3676 3255 3748 τρίτον,
3292 3678 3425 3731 αὐτὸ
3468 3678 3532 3731 τὸ
3569 3678 3746 3748 κεφά-

2172 3764 2326 3820 λαιον
2371 3768 2472 3839 τῆς
2501 3769 2752 3823 ἀπάντων
2790 3768 2946 3840 ἡμῶν
2997 3768 3293 3841 σωτηρίας,
3348 3771 3442 3822 τὸν
3471 3771 3599 3824 Υίὸν
3649 3772 3746 3825 τοῦ

2163 3855 2297 3910 Θεοῦ
2326 3858 2896 3930 παραγκωνισάμενοι,
2915 3858 3030 3928 φῶς
3044 3858 3174 3913 ὅντα
3196 3859 3290 3913 καὶ
3314 3859 3569 3931 ἀλήθειαν
3584 3861 3745 3932 ὁμοῦ,

2161 3953 2227 4021 τῇ
2257 3952 2484 4023 ἀρνήσει
2536 3950 2630 4005 τοῦ
2680 3950 2833 4016 Υίοῦ,
2878 3948 3092 4004 καὶτοῦ
3129 3951 3229 4021 τῆς
3275 3950 3532 4021 ἀληθείας
3571 3954 3748 4022 φωτὸς

2163 4044 2603 4109 ἐκπεπτώκασιν.
2652 4044 2845 4098 Ἔνθεν
2877 4044 2975 4097 ἕνα
3014 4043 3112 4115 μὲν
3153 4042 3288 4097 Θεὸν
3340 4045 3749 4115 ὁμολογούντων

2162 4135 2340 4189 αὐτῶν
2375 4135 2621 4202 ἀκούσει,
2664 4136 2760 4191 καὶ
2808 4136 2907 4208 τὴν
2941 4135 3120 4207 σάρκα
3157 4135 3213 4189 δὲ
3253 4134 3348 4188 τοῦ
3388 4137 3636 4208 Σωτῆρος
3663 4155 3748 4191 τις

2165 4227 2409 4300 μώντων·
2427 4228 2520 4283 τὸν
2549 4229 2606 4282 δὲ
2629 4230 2986 4299 ὲνοικήσαντα
3016 4232 3083 4300 τῇ
3123 4230 3287 4302 σαρκὶ
3310 4230 3445 4283 Θεοῦ
3480 4231 3607 4283 Υίὸν
3637 4249 3749 4301 φω-

2161 4322 2224 4390 νῇ
2251 4321 2347 4390 μὲν
2383 4320 2477 4374 καὶ
2518 4319 2724 4389 χείλεσι
2755 4320 3231 4390 παραδεχομένων,
3277 4320 3424 4392 ἔργῳ
3458 4321 3514 4374 δὲ
3552 4340 3750 4394 παραι-

2160 4413 2456 4483 τουμένων.
2481 4412 2611 4465 Υίὸν
2632 4411 2741 4483 γὰρ
2759 4411 2893 4464 Θεοῦ
2929 4412 3065 4482 χρῆν
3093 4411 3296 4483 ζητεῖν,
3327 4413 3544 4483 ἀληθῶς
3569 4415 3750 4479 ζῶντα

482 4509 664 4564 minus
700 4509 807 4577 Dei,
830 4510 1225 4566 inhabitantem
1268 4511 1410 4566 banc
1437 4525 1682 4576 carnem,
1719 4525 1849 4565 voce
1901 4521 2058 4568 tenus

2169 4504 2256 4557 καὶ
2284 4503 2588 4573 ὑφεστῶτα·
2630 4500 2753 4555 οὔτε
2802 4503 2894 4555 τὸν
2931 4503 3113 4567 αὐτὸν,
3168 4498 3213 4570 ᾧ
3256 4504 3570 4574 ἀνείληφεν,
3616 4506 3748 4560 ὄντα

485 4608 650 4670 atque
676 4600 854 4667 labiis,
889 4616 1009 4656 cum
1046 4592 1365 4673 agnoscant,
1392 4616 1453 4657 re
1478 4603 1591 4673 ipsa
1638 4602 1855 4672 penitus
1892 4603 2058 4660 abne-

2169 4593 2400 4666 σώματι,
2429 4592 2553 4646 οὔτε
2578 4592 2670 4646 τὸν
2686 4592 2846 4645 αὐτὸν
2877 4593 3003 4646 ὄντα
3022 4593 3101 4664 τῷ
3126 4593 3243 4665 Θεῷ
3265 4594 3358 4647 καὶ
3383 4595 3576 4668 Πατρί.
3606 4594 3747 4650 Οὔτε

480 4699 694 4760 ﬂantes.
717 4691 853 4746 Nam
882 4692 1076 4748 Filium
1107 4694 1200 4749 Dei
1252 4694 1526 4763 inquirere
1554 4693 1815 4749 debemus
1858 4695 2008 4750 illum
2040 4737 2057 4763 ,

2169 4684 2271 4758 γὰρ
2290 4685 2383 4737 τὸν
2417 4683 2675 4737 ἐπέκεινα
2701 4682 2809 4736 τῶν
2845 4684 2983 4738 ὅλων
3025 4684 3158 4739 Θεὸν
3206 4686 3333 4740 Υίὸν
3368 4687 3434 4741 ἄν
3457 4705 3543 4751 τις
3574 4687 3745 4742 εἰπὼν

482 4781 580 4852 qui
602 4783 750 4837 vivat
775 4791 832 4837 et
856 4784 1113 4840 subsistat
1134 4800 1293 4841 vere:
1323 4801 1429 4841 non
1463 4786 1603 4841 idem
1628 4788 1716 4854 qui
1743 4798 2055 4856 censeatur,

2169 4777 2392 4848 εὐσεϐὴς
2416 4776 2521 4849 εἴη·
2539 4776 2706 4848 (τίνος
2730 4775 2837 4849 γὰρ
2874 4777 3027 4831 ἔσται
3054 4778 3183 4842 Υἱὸς
3211 4780 3239 4833 6
3268 4779 3367 4850 τὴν
3391 4780 3625 4851 ἄναρχον
3650 4780 3746 4834 καὶ

483 4873 723 4929 cumillo
776 4877 918 4944 quod
978 4868 1560 4948 assumpsit‘corpore;
1613 4892 1713 4932 nec
1746 4878 1885 4933 idem
1930 4891 2057 4932 cum

2169 4869 2457 4941 ἀγέννητον
2486 4869 2714 4940 θεότητα
2747 4870 3208 4942 περιϐεϐλημένος
3228 4871 3267 4938 ;)
3300 4869 3423 4922 οὔτε
3455 4870 3545 4925 τὸν
3586 4887 3746 4941 μονο-

483 4963 594 5020 Deo
636 4976 800 5034 atque
825 4964 1006 5019 Patre.
1048 4966 1235 5036 Neque
1278 4968 1420 5022 enim
1463 4967 1763 5023 secundum
1798 4967 2057 5037 pietatem

2169 4963 2291 5034 γενῆ
2319 4962 2411 5016 τοῦ
2438 4961 2571 5017 Θεοῦ
2614 4963 2744 5017 Υίὸν
2773 4963 2935 5016 αὑτὸν
2968 4960 3107 5017 εἶναι
3153 4962 3243 5016 τὸν
3282 4963 3503 5033 Πατέρα
3544 4981 3629 5030 τις
3665 4965 3745 5018 εί-

482 5071 612 5115 vere
644 5059 877 5113 senserit
931 5059 1001 5125 is,
1045 5059 1137 5128 qui
1196 5057 1397 5113 Filium
1425 5058 1711 5128 proﬁtetur
1736 5073 1858 5114 esse
1902 5057 2054 5113 illum

2169 5055 2275 5110 πὼν
2312 5056 2572 5129 δράσεται
2603 5057 2703 5127 τὴν
2740 5054 2882 5110 κατά
2910 5054 3019 5107 τῶν
3046 5053 3340 5124 δυσφήμων
3377 5055 3552 5127 δίκην.

483 5146 655 5203 Deum
688 5148 780 5217 qui
818 5157 906 5202 est
954 5162 1118 5218 super
1168 5148 1373 5204 omnia.
1420 5148 1657 5219 Eceujus
1707 5149 1903 5204 matris
1935 5163 2059 5204 esse
2096 5156 2276 5218 potest
2303 5149 2393 5202 ille
2419 5148 2612 5215 Filius,
2636 5149 2728 5219 qui
2773 5148 3061 5202 divinitate
3122 5146 3362 5216 ingenita
3431 5159 3484 5204 et
3531 5149 3740 5222 absque

481 5241 592 5299 ullo
622 5242 910 5314 principio,
939 5243 1229 5299 amicitur?
1258 5242 1370 5299 Nec
1398 5245 1443 5299 si
1467 5245 1589 5313 quis
1622 5244 1964 5315 unigenitum
1997 5244 2095 5301 Dei
2134 5243 2352 5307 Filium,
2387 5243 2755 5300 eumdemmet
2776 5250 2831 5298 et
2852 5240 3066 5296 Patrem
3098 5253 3222 5295 esse
3246 5245 3455 5309 docent,
3477 5243 3741 5312 judicium

482 5340 681 5407 poterit
722 5339 1020 5407 declinare,
1054 5341 1202 5412 quod
1253 5350 1338 5398 est
1386 5347 1577 5396 contra
1604 5341 1901 5398 maledicos
1944 5342 2325 5397 constitutum.

556 5563 616 5624 >I<
645 5557 743 5615 Ed.
772 5560 948 5619 Paris.
982 5575 1103 5632 pag.
1130 5560 1221 5616 85.
1337 5558 1387 5593 δι
1412 5556 1625 5616 Coloss.
1653 5568 1694 5628 ι,
1725 5556 1812 5615 16.
1889 5557 1935 5591 ⁸⁸
1962 5556 2098 5613 Ibid.
2137 5550 2221 5611 l7.

556 5733 669 5809 (25‘)
713 5736 783 5809 Τὸ
803 5735 872 5790 δὲ
899 5738 1298 5809 τρίτονΝιιΙεο
1332 5738 1467 5793 ἀλλά
1489 5738 1549 5793 τὸ
1573 5738 1756 5809 τρίτον
1789 5747 1843 5794 et
1873 5736 1987 5809 ΜΡ.
2013 5753 2071 5809 γε

2173 5733 2290 5809 pii»:
2339 5733 2457 5793 loco
2484 5729 2643 5804 όμοῦ,
2677 5742 2730 5791 et
2752 5750 2841 5806 γρ.
2886 5733 3139 5799 ἀκούσεις
3180 5733 3297 5793 loco
3326 5732 3572 5789 ἀκούσει.
3604 5730 3741 5791 Dein

480 5805 643 5876 Vulgo
672 5807 775 5875 χρὴ
813 5805 992 5876 ζητεῖν
1018 5821 1070 5866 et
1097 5805 1308 5864 κατόῐτ.
1339 5805 1623 5865 δυσσεϐῶν
1645 5810 1801 5881 δίκην
1833 5820 1888 5866 et
1923 5808 2004 5862 διὸ
2036 5805 2094 5860 δὲ
2128 5805 2248 5874 τήν.
