4088 6400
330 387 439 447 εει-1
1333 381 1421 439 nr:
1457 361 1989 438 ECCLESIASTICA
2021 374 2418 432 THEOLOGIA
2450 374 2580 430 LIB.
2615 373 2659 427 ι.
3469 364 3579 428 εδδ

992 494 1147 560 Κεφ.
1181 507 1261 560 H'.
1796 498 1799 501 ’
1938 514 1979 560 Α

1796 498 1799 501 ’
1938 514 1979 560 Α
2622 493 2776 549 CAP.
2822 492 2959 548 VIII.

994 506 1147 560 ΚΕΦ.
1181 507 1261 560 H'.

330 598 665 668 Παράθεσις
692 598 812 667 τῆς
860 596 1067 720 ὑγιὲῦὲ
1107 598 1210 720 é{clad
1268 597 1774 663 ἐκκλησιαστικης
1817 557 1944 659 οραι

999 685 1030 720 0
1070 685 1101 720 0
1167 683 1260 720 ac.

2622 506 2776 549 (ΑΡ.
2830 506 2960 548 VIII.

1964 518 2339 658 LProponitur
2387 588 2682 642 orthodoxa
2728 595 2779 640 et
2827 584 3083 639 salutaris
3132 582 3381 638 Ecclesia:
3425 583 3578 652 ﬁdes.

999 683 1260 721 οοοδιαρ.

963 668 1101 720 θοδο
1145 668 1205 718 la
1247 708 1260 721 .

401 762 492 813 Διὸ
522 761 585 832 δὴ
610 760 706 831 τὴν
734 759 948 812 εὐθεῖαν
980 758 1071 811 καὶ
1099 668 1381 827 ξασίλικὴν
1406 756 1522 809 ὁδὸν
1542 753 1910 829 ὀρθοτομοῦσα
2004 816 2011 823 ,

2004 816 2011 823 ⁹
2081 748 2422 817 QuaprOpter
2446 747 2531 801 via
2563 746 2707 816 regia
2737 754 2896 816 atque
2927 755 3073 802 recta
3107 745 3362 801 incedens
3390 746 3580 802 Eccle-

331 855 362 923 1)
411 851 705 921 Ἐκκλησία
746 851 837 904 τοῦ
865 850 1020 914 Θεοῦ,
1051 850 1147 912 τὰς
1180 850 1276 919 μὲν
1314 848 1476 911 ἄλλας
1524 846 1911 918 παρεκτροπάς

2028 842 2090 896 sia
2144 840 2259 905 Dei,
2317 839 2634 895 diverticula
2679 854 2711 894 a
2763 853 2823 894 se
2860 839 3073 907 ablegat
3129 837 3534 908 cujusquemodi
3564 856 3583 895 :
3638 908 3642 919 ⁸

328 943 718 1012 ἀπεδοκίμασε,
753 945 864 1006 τοῖς
888 942 931 995 δ’
956 941 1126 1011 αὐτῆς
1156 940 1432 1012 θρέμμασι
1460 939 1561 1009 τῆς
1589 939 1770 991 ἐνθέου
1809 938 1910 1007 χά-

2012 932 2148 996 suis,
2177 932 2266 1000 qui
2313 940 2454 994 sunt,
2489 931 2719 985 alumnis
2761 932 2951 1000 gratiae
2989 931 3188 985 divina:
3218 931 3579 1001 cognitionem

330 1052 476 1105 ριτος
507 1034 838 1102 παραδίδωσι
876 1032 974 1103 τὴν
995 1032 1236 1100 Ιγνῶσιν,
1278 1033 1395 1085 κατ’
1429 1032 1558 1084 αὐτὸ
1585 1031 1683 1101 τῆς
1718 1030 1910 1099 παλιγ-

2011 1023 2356 1076 cOmmendat
2404 1036 2419 1074 :
2465 1021 2589 1075 dum
2644 1022 2697 1076 in
2754 1022 2874 1091 ipso
2916 1022 3342 1091 regenerationis
3402 1028 3584 1079 sacra:

328 1125 577 1193 γενεσίας
615 1126 908 1196 μυστήριον
950 1124 1231 1195 ὁμολογεῖν
1271 1123 1595 1175 διδάσκουσα
1639 1124 1775 1193 (καὶ)
1822 1141 1911 1174 πι-

2010 1123 2191 1168 mento
2219 1114 2374 1168 docet
2411 1114 2675 1179 confiteri,
2730 1123 2784 1168 et
2817 1114 3040 1169 credere
3095 1116 3147 1170 in
3200 1130 3362 1170 unum
3416 1116 3581 1170 Deum

330 1214 542 1266 στεύειν
574 1214 685 1282 (24)
706 1216 785 1276 εἰς
816 1215 911 1268 ἕνα
940 1214 1091 1278 Θεὸν,
1110 1213 1327 1284 Πατέρα
1359 1212 1793 1283 παντοκράτορα,
1824 1228 1911 1263 τε-

2012 1205 2228 1260 Patrem
2277 1207 2742 1275 omnipotentem,
2815 1206 3109 1275 perfectam
3174 1208 3287 1263 suis
3342 1208 3585 1262 numeris

327 1306 479 1358 λείαν
505 1306 598 1358 καὶ
628 1306 829 1375 ἀκριϐῆ
880 1306 971 1358 καὶ
997 1305 1284 1376 ὁλόκληρον
1322 1303 1525 1375 ταύτην
1569 1304 1765 1357 εἰδέναι

2011 1305 2285 1359 exactam,
2305 1305 2361 1349 et
2386 1304 2816 1349 consummatam
2852 1296 3088 1365 undique
3119 1297 3259 1351 hanc
3291 1311 3401 1365 pm
3427 1312 3485 1351 se
3509 1298 3583 1350 fe.

328 1395 671 1464 παρέχουσαν
700 1394 795 1463 τὴν
822 1394 1113 1463 θεολογίαν,
1144 1395 1176 1464 ἣ
1201 1394 1331 1447 Θεὸν
1365 1395 1461 1464 μὲν
1494 1394 1586 1447 ἕνα
1610 1393 1910 1463 παραδίδω-

2012 1400 2138 1440 rens
2169 1386 2491 1440 credendam
2519 1385 2798 1452 theologia:
2829 1387 3115 1451 rationem,
3163 1400 3270 1454 qua
3298 1384 3437 1440 Deus
3467 1392 3584 1438 esse

329 1502 437 1547 σιν,
479 1488 810 1556 ἀφορίζουσα
847 1488 945 1557 τῆς
991 1487 1303 1557 Ἑλληνικῆς
1348 1487 1438 1538 καὶ
1471 1484 1729 1538 πολυθέου
1777 1483 1907 1535 πλά-

2013 1492 2147 1530 unus
2182 1479 2430 1543 traditur,
2474 1493 2809 1547 paganorum
2863 1478 2928 1532 de
2977 1478 3080 1533 diis
3130 1478 3312 1532 multis
3364 1492 3584 1532 errores

330 1594 447 1646 νηςο
492 1579 710 1648 Πατέρα
735 1578 790 1630 δὲ
818 1579 977 1631 αὐτὸν
1002 1574 1106 1631 οἶδε
1140 1579 1240 1649 τῆς
1279 1577 1572 1647 Ἰουδαϊκῆς
1604 1574 1909 1647 χωρίζουσα

2011 1567 2370 1630 refelluntur;
2416 1584 2518 1636 qua
2545 1569 2856 1637 agnoscitur
2898 1568 3037 1622 idem
3071 1568 3214 1625 Deus
3247 1569 3410 1625 Pater
3443 1588 3455 1622 :
3488 1584 3583 1637 per

329 1668 691 1733 διδασκαλίας,
741 1670 1157 1741 παντοκράτορα
1193 1670 1250 1722 δὲ
1293 1669 1451 1721 αὑτὸν
1501 1667 1770 1737 ὁμολογεῖ,
1811 1667 1909 1735 τῆς

2010 1676 2171 1729 quam
2229 1660 2630 1714 confessionem
2680 1666 2836 1714 suam
2883 1660 3206 1715 discernitur
3258 1660 3499 1715 Ecclesia
3553 1677 3584 1715 a

330 1757 439 1810 τῶν
491 1759 663 1812 ἀθέων
710 1760 1028 1829 ἑτεροδόξων
1082 1758 1531 1829 ἀποστρεφομένη
1582 1756 1678 1828 τὴν
1723 1756 1909 1808 δυσσέ-

2011 1750 2256 1817 Jndaeis;
2303 1766 2410 1820 qua
2474 1751 2783 1818 agnoscitur
2830 1751 2973 1806 idem
3031 1752 3372 1821 omnipotens
3425 1767 3579 1814 esse,

331 1849 502 1902 6etav.
540 1850 723 1913 Οὐδεὶς
751 1850 878 1919 γοῦν
912 1851 1018 1905 τῶν
1050 1851 1369 1922 ἑτεροδόξων
1400 1850 1543 1902 εἴποι
1576 1848 1642 1901 ἂν
1672 1848 1760 1901 τὸν
1794 1850 1906 1900 Πα-
1938 1852 1945 1907 ]

1968 1846 2295 1905 tatheorum
2328 1852 2383 1898 et
2436 1834 2815 1898 haereticorum
2860 1844 3189 1913 impietatem
3246 1844 3582 1917 detestando.

332 1940 463 2009 τέρα
496 1939 588 1993 τοῦ
621 1942 879 2014 Χριστοῦ,
917 1943 1081 1995 αὑτὸν
1110 1938 1248 1995 εἶναι
1297 1942 1388 1995 τὸν
1421 1942 1551 1994 Θεὸν
1584 1942 1675 1994 τὸν
1713 1954 1909 1994 παντο-

2010 1932 2199 1988 Nullus
2226 1944 2405 1988 autem
2443 1933 2604 2004 plane
2644 1934 2787 1988 inter
2841 1933 2998 1988 aliter
3042 1934 3391 2002 proﬁtentes,
3424 1948 3586 2003 quam

331 2032 594 2104 κράτορα,
621 2034 696 2097 ὡς
737 2034 857 2087 οὐδὲ
900 2035 1166 2088 Ἰουδαίων
1200 2034 1583 2105 ὁμολογήσειεν
1620 2032 1684 2085 ἄν
1710 2050 1793 2095 τις
1816 2034 1907 2086 τὸν

2008 2024 2252 2086 Ecclesia
2297 2026 2493 2087 docet,
2544 2024 2892 2081 c0nﬁtcbitur
2921 2026 3086 2080 Deum
3122 2026 3339 2081 Patrem
3384 2026 3585 2083 Christi

330 2124 464 2179 Θεὸν
488 2126 705 2195 Πατέρα
739 2122 895 2191 εἶναι,
930 2126 1020 2179 τὸν
1056 2127 1317 2196 μονογενῆ
1356 2126 1481 2177 Υίὸν
1513 2125 1586 2195 μὴ
1606 2124 1759 2187 εἰδώς
1781 2141 1794 2153 ·
1826 2127 1909 2178 οὐ·

2008 2137 2128 2178 esse
2174 2117 2325 2176 illum
2368 2118 2461 2191 qui
2498 2108 2641 2172 Deus
2675 2129 2759 2171 est
2793 2117 3169 2187 omnipotens;
3202 2123 3261 2181 >14
3294 2126 3353 2171 ut
3409 2132 3508 2173 nec
3556 2133 3588 2174 e

328 2213 387 2265 δέ
417 2232 480 2283 γε
504 2215 700 2284 Ἕλλην
737 2215 833 2267 ἕνα
866 2216 1023 2284 μόνον
1050 2217 1270 2285 φήσειεν
1301 2215 1497 2267 ειδέναι
1524 2214 1675 2267 Θεόν.
1706 2214 1804 2267 Διά
1826 2231 1906 2266 τοι

2006 2212 2312 2268 Iudaeorum
2360 2217 2511 2267 secta
2557 2207 2827 2276 quispiam
2885 2214 2969 2261 est
3012 2205 3355 2272 professurus
3416 2205 3586 2262 Deum

328 2302 533 2354 τούτων
554 2302 801 2356 ἁπάντων
823 2303 1263 2373 ἀποκαθαίρουσα
1286 2303 1381 2374 τὴν
1401 2302 1606 2372 πλάνην
1625 2305 1656 2373 ἡ
1681 2302 1908 2375 Ἐκκλη-

2007 2305 2246 2368 Patrem,
2274 2319 2397 2359 cum
2429 2304 2547 2374 ejus
2576 2299 2775 2359 rdittm
2800 2297 3134 2365 unigenitum
3168 2311 3276 2351 non
3300 2297 3583 2353 admittat:

328 2390 443 2454 σία,
477 2393 566 2444 τὸν
597 2392 691 2444 ἕνα
723 2392 853 2445 Θεὸν
887 2392 1165 2462 κηρύττει,
1194 2394 1358 2446 αὐτὸν
1398 2388 1533 2446 εἶναι
1568 2393 1660 2445 καὶ
1690 2375 1907 2464 Πατέρα

2007 2396 2102 2450 sed
2161 2410 2262 2450 nec
2321 2411 2655 2466 paganorum
2736 2395 2875 2450 ullus
2977 2388 3348 2454 concesserit,
3418 2403 3585 2443 unum

327 2486 426 2537 καὶ
459 2484 867 2557 παντοκρά”τορα
905 2485 1247 2549 διδάσκουσα,
1296 2485 1510 2557 Πατέρα
1545 2485 1643 2555 μὲν
1673 2484 1788 2548 ἑνὸς
1813 2484 1906 2537 τοῦ

2007 2486 2180 2541 solum
2223 2501 2345 2542 esse
2380 2488 2573 2543 Deum.
2626 2487 2710 2543 Ab
2748 2488 2973 2543 istorum
3014 2479 3260 2541 omnium
3310 2480 3587 2534 erroribus

327 2577 570 2646 Χριστοῦ
613 2578 794 2647 μόνου,
840 2577 946 2631 τῶν
996 2578 1052 2630 δὲ
1094 2578 1293 2632 λοιπῶν
1333 2579 1586 2632 ἁπάντων
1633 2581 1764 2635 Θεὸν
1813 2585 1908 2637 καὶ

2007 2578 2247 2634 Ecclesia
2307 2592 2367 2633 se
2403 2578 2692 2644 mundans,
2748 2594 2913 2633 unum
2971 2579 3137 2633 Deum
3190 2571 3484 2648 praedicat.
3534 2572 3588 2623 et

328 2667 555 2737 κτίστην
596 2668 689 2719 καὶ
720 2668 942 2739 Κύριον.
976 2668 1129 2721 Οὕτω
1172 2670 1265 2722 κα)⁹
1298 2670 1424 2723 Υἰὸν
1470 2670 1602 2724 Θεοῦ
1645 2674 1907 2744 μονογενῆ

2007 2673 2253 2725 eumdem
2288 2685 2409 2726 esse
2438 2672 2595 2726 docet
2629 2669 2847 2726 Patrem
2889 2680 2944 2725 et
2974 2671 3396 2741 omnipotentem
3430 2686 3445 2725 :
3483 2660 3588 2720 P.9-

345 2759 551 2829 Ἰησοῦν
578 2761 809 2831 Χριστὸν
837 2761 1185 2831 παραδίδωσι,
1214 2762 1305 2815 τὸν
1328 2763 1435 2833 πρὸ
1460 2764 1674 2817 πάντων
1700 2766 1907 2819 αἰώνων

2010 2772 2145 2815 trem
2175 2762 2393 2830 quidem
2422 2762 2585 2817 unius
2612 2762 2781 2818 solius
2826 2760 3069 2826 Christi;
3109 2761 3347 2816 omnium
3402 2768 3580 2814 autem

331 2851 397 2903 ἐκ
418 2851 510 2903 τοῦ
545 2853 755 2923 Πατρὸς
782 2854 1171 2922 γεγεννημένον
1191 2873 1205 2884 ·
1247 2855 1306 2906 οὐ
1351 2855 1441 2906 τὸν
1470 2854 1628 2907 αὑτὸν
1671 2856 1798 2910 ὄντα
1832 2857 1909 2928 τῷ

2008 2851 2291 2906 Dominum
2342 2862 2397 2906 et
2444 2852 2805 2916 conditorem,
2858 2857 2912 2905 et
2964 2850 3153 2905 Deum.
3198 2850 3281 2905 Ad
3335 2849 3581 2905 eumdem

332 2944 528 3014 Πατρὶ,
566 2945 684 2996 καθ’
724 2945 912 2997 ἑαυτὸν
947 2945 1001 2997 δὲ
1030 2945 1159 2998 ὅντα
1194 2945 1285 2997 καὶ
1315 2944 1512 3008 ζῶντα,
1560 2947 1653 2998 καὶ
1694 2948 1909 3018 ἀληθῶς

2008 2964 2219 3019 quoque
2267 2950 2485 3004 modum
2536 2949 2633 3004 Dei
2688 2948 2887 3002 Filium
2938 2947 3272 3018 unigenitum
3341 2943 3585 3013 agnoscit

329 3034 461 3086 Υἱὸν
514 3035 736 3087 συνόντα
768 3034 904 3105 (26),
952 3035 1083 3086 Θεὸν
1129 3034 1241 3106 (27)
1272 3034 1338 3087 ὲκ
1372 3034 1527 3099 Θεοῦ,
1577 3036 1671 3089 καὶ
1704 3037 1817 3105 φῶς
1845 3040 1909 3090 ἐκ

2008 3057 2155 3109 eum,
2186 3044 2276 3113 qui
2311 3052 2436 3097 ante
2472 3043 2656 3097 omnia
2685 3039 2883 3096 saecula
2911 3040 2978 3095 de
3007 3040 3164 3095 Patre
3195 3040 3295 3094 fuit
3323 3040 3536 3108 genitus
3565 3057 3578 3093 ε

331 3125 529 3193 φωτὸς,
565 3126 657 3177 καὶ
696 3126 838 3196 ζωὴν
878 3128 941 3179 ὲκ
986 3127 1164 3197 ζωῆςο
1209 3125 1456 3189 ἀλέκτοις
1490 3127 1583 3180 καὶ
1628 3129 1906 3199 ἀῤῥήτοις,
1943 3196 1945 3199 ,

1970 3191 1977 3199 ,
2011 3148 2115 3187 non
2158 3133 2307 3187 illum
2334 3144 2500 3199 certe,
2540 3132 2789 3188 eumdem
2849 3146 2973 3187 cum
3016 3131 3173 3185 Patre
3211 3130 3584 3197 exsiStentcm,

332 3189 429 3271 καὶ
461 3189 806 3271 παντάπασιν
846 3189 1142 3285 ἀγνώστοις
1184 3219 1335 3289 ἡμῖν,
1379 3220 1473 3272 καὶ
1506 3189 1946 3292 ἀκατιιιλήίιττοις⁴

1968 3191 1978 3245 ί
2012 3232 2067 3279 at
2096 3239 2193 3294 per
2221 3240 2278 3279 se
2322 3226 2735 3291 subsistentem,
2780 3226 3158 3292 viventemque
3196 3236 3323 3277 vere
3367 3222 3582 3285 Filium,

332 3310 511 3379 λόγοις
542 3313 606 3364 ὲκ
632 3310 727 3364 τοῦ
746 3311 958 3382 Πατρὸς
987 3311 1078 3364 ἐπὶ
1101 3312 1343 3382 σωτηρίᾳ
1371 3312 1478 3364 τῶν
1499 3313 1634 3365 ὅλων
1655 3329 1909 3384 γεγεννη-

2010 3327 2135 3366 cum
2164 3311 2322 3366 Patre
2361 3316 2784 3371 coexsistentem
2825 3314 2990 3369 Deum
3038 3314 3103 3368 de
3136 3312 3262 3379 Deo,
3294 3312 3470 3365 lumen
3520 3315 3585 3366 de

335 3405 515 3474 μένον,
533 3407 627 3458 καὶ
647 3406 742 3474 οὐχ
769 3405 967 3474 ὁμοίως
995 3404 1091 3474 μὲν
1117 3406 1229 3467 τοῖς
1256 3405 1460 3467 λοιποῖς
1483 3408 1756 3476 γεννητοῖς
1782 3406 1911 3458 ὑπο-

2011 3403 2209 3458 lumine
2237 3417 2250 3461 :
2288 3406 2453 3458 vitam
2482 3406 2546 3459 de
2575 3407 2683 3460 vita
2711 3424 2725 3472 ;
2766 3404 3226 3460 inenarrabilibus
3249 3443 3261 3465 ,
3298 3402 3585 3458 ineffabili-

334 3497 557 3561 στάντα,
592 3497 711 3550 οὐδὲ
739 3496 880 3568 ζωὴν
912 3496 1120 3566 ἐμφερῆ
1150 3498 1259 3559 τοῖς
1297 3496 1362 3548 δι’
1386 3496 1546 3548 αὑτοῦ
1577 3495 1908 3565 γεγεννημέ-

2010 3492 2154 3556 bus,
2208 3494 2522 3550 omnimodo
2570 3496 2867 3567 incognitis
2920 3507 2973 3551 et
3029 3495 3583 3566 imperscrutabilibus

333 3605 446 3651 νοις
479 3587 675 3651 ζῶντα,
719 3588 878 3657 μόνον
928 3588 984 3640 δὲ
1038 3585 1097 3651 ἐξ
1131 3586 1297 3639 αὑτοῦ
1337 3586 1430 3639 τοῦ
1478 3586 1688 3657 Πατρὸς
1718 3588 1911 3639 ἀποτε-

2010 3584 2310 3639 rationibus
2341 3585 2408 3641 de
2436 3587 2597 3641 Patre
2631 3590 2895 3659 genitum,
2930 3591 2997 3642 ad
3035 3588 3264 3641 salutem
3320 3587 3583 3641 universis

334 3681 556 3753 χθέντα,
592 3683 685 3733 καὶ
714 3680 992 3751 αὐτοζωὴν
1034 3680 1178 3733 ὄντα.
1210 3679 1320 3733 Καὶ
1347 3679 1551 3750 ἔπρεπε
1584 3678 1693 3749 γὰρ
1715 3678 1792 3749 τῷ
1820 3680 1909 3732 ἐπὶ

2010 3678 2430 3744 procurandam.
2494 3677 2609 3732 Non
2666 3680 2922 3734 similiter
2975 3679 3098 3733 aliis
3147 3678 3582 3733 subsistentem:

334 3774 553 3825 πάντων
577 3772 716 3842 Θεῷ,
752 3771 857 3842 πρὸ
895 3770 1096 3833 παντὸς
1130 3766 1412 3838 γεννητοῦ,
1443 3768 1537 3821 κα)¹
1561 3768 1666 3839 πρὸ
1696 3768 1909 3821 πάντων

2010 3782 2110 3822 nec
2135 3767 2297 3821 vitam
2330 3768 2597 3823 viventem
2626 3785 2746 3824 cum
2784 3769 2889 3823 illis
2920 3785 3101 3840 parem
3140 3770 3229 3839 qui
3260 3771 3328 3827 ab
3362 3785 3425 3824 eo
3458 3778 3585 3824 sunt

334 3862 567 3927 αἰώνων,
610 3864 670 3915 τὸ
705 3861 986 3932 μονογενὲς
1028 3860 1186 3912 τοῦτο
1220 3858 1614 3930 προϐάλλεσθαι
1646 3858 1909 3930 γέννημα,

2012 3859 2224 3913 creati:
2261 3859 2434 3914 solum
2477 3861 2543 3915 de
2599 3860 2715 3916 solo
2768 3860 2929 3917 Patre
2975 3864 3211 3933 genitum
3243 3878 3258 3918 ;
3291 3863 3584 3931 ipsammet

336 3954 525 4025 ὥσπερ
556 3954 676 4007 τινὰ
709 3952 948 4024 κρηπίδα
977 3951 1070 4005 καὶ
1101 3950 1345 4020 θεμέλιον
1384 3949 1622 4020 ἀρραγῆ,
1651 3949 1758 4001 τῶν
1786 3947 1914 4019 μελ-

2010 3951 2176 4004 vitam
2215 3951 2588 4007 exsistentem.
2628 3952 2759 4005 Erat
2808 3954 2953 4006 enim
3005 3954 3115 4009 Deo
3159 3954 3488 4008 conveniens
3530 3962 3584 4008 et

335 4043 537 4099 λόντων
557 4047 620 4099 δι’
637 4045 797 4099 αὑτοῦ
822 4042 1195 4115 γεννήσεσθαι.
1216 4040 1396 4127 Διὸ
1422 4041 1527 4110 πρὸ
1558 4041 1773 4095 πάντων
1806 4039 1912 4093 τῶν

2012 4055 2331 4111 congruum,
2373 4043 2465 4112 qui
2511 4056 2672 4112 super
2709 4058 2899 4097 omnes
2936 4054 3041 4108 est,
3094 4046 3185 4113 qui
3226 4053 3351 4099 ante
3404 4046 3583 4099 omnia

342 4139 644 4211 μελλόντων
668 4137 883 4190 ἔσεσθαι
915 4137 1004 4188 τὸν
1028 4136 1155 4187 Υίὸν
1180 4134 1393 4203 ἐγέννα,
1422 4132 1611 4204 ῶσπερ
1625 4132 1769 4195 τινὸς
1798 4149 1910 4200 φω-

2013 4133 2214 4201 genita,
2251 4141 2375 4188 ante
2413 4134 2610 4189 saecula
2659 4136 2839 4189 omnia
2870 4136 3200 4201 exsistebat,
3250 4138 3580 4207 unigenitum

336 4231 428 4294 τὸς
460 4231 671 4295 ἀκτῖνα,
695 4230 790 4281 καὶ
821 4226 965 4296 ζωῆς
1003 4226 1205 4294 πηγὴν,
1258 4225 1348 4277 καὶ
1375 4221 1643 4293 θησαυρὸν
1672 4219 1910 4289 ἀγαθῶν,

2014 4225 2117 4280 hoc
2161 4226 2407 4294 genimen
2466 4228 2802 4295 producere‘,
2850 4226 3013 4281 veluti
3056 4229 3343 4298 quamdam
3407 4230 3579 4283 basim

345 4336 365 4369 ι
388 4320 446 4370 ὲν
470 4311 514 4384 ᾧ
542 4317 741 4378 πάντες
796 4316 929 4368 εἰσιν
960 4315 1008 4365 οἱ
1051 4312 1310 4384 θησαυροὶ
1346 4312 1444 4382 τῆς
1472 4310 1661 4379 σοφίας
1690 4310 1783 4362 καὶ
1812 4311 1914 4378 τῆς

2013 4314 2252 4369 futurum
2294 4327 2348 4370 et
2376 4317 2808 4384 fundamentum,
2841 4329 2894 4373 et
2935 4319 3356 4374 sustentaculum
3388 4319 3583 4373 immo-

345 4428 363 4459 ι
385 4409 638 4477 γνώσεως
672 4407 998 4478 ἀπόκρυφοι,
1026 4424 1043 4456 ι
1078 4405 1221 4469 κατὰ
1265 4403 1353 4457 τὸν
1380 4403 1519 4456 θεῖον
1570 4400 1908 4455 Ἀπόστολον.

2014 4410 2117 4463 bile
2150 4424 2335 4464 eorum
2362 4411 2602 4465 omnium
2637 4427 2759 4480 qua:
2790 4420 2948 4467 erant
2983 4413 3036 4467 in
3077 4412 3332 4467 secundis
3385 4413 3585 4481 produi

340 4500 619 4554 Τοσούτων
654 4499 889 4568 ἀγαθῶν,
930 4500 958 4550 ὁ
994 4498 1149 4568 μόνος
1199 4496 1398 4565 ἀγαθὸς
1443 4495 1630 4565 Πατὴρ
1657 4494 1746 4547 τὸν
1785 4491 1911 4545 Υίὸν
1941 4514 1954 4573 ι

1969 4500 2203 4571 ,cenda.
2243 4498 2391 4554 Hanc
2418 4502 2487 4555 ob
2509 4515 2730 4555 causam
2770 4500 2969 4555 Filium
3020 4502 3414 4572 progeneravit,
3460 4511 3583 4557 ante

340 4592 538 4663 ὑφίστη
570 4590 845 4661 αὐτοζωῆν
889 4590 1037 4652 ὄντα,
1077 4587 1335 4652 ζωοποιὸν
1367 4586 1474 4639 τῶν
1507 4585 1661 4649 ὅλων,
1696 4584 1788 4637 καὶ
1818 4583 1913 4635 αὑ-

2019 4606 2079 4645 ea
2128 4592 2308 4645 omnia
2355 4607 2474 4662 qua:
2516 4594 2860 4664 producenda
2917 4605 3109 4661 erant,
3150 4604 3401 4664 tanquam
3450 4594 3584 4649 lucis

338 4683 518 4751 τοφῶς
543 4682 602 4737 τὸ
626 4681 895 4753 ἀληθινὸν,
922 4681 1014 4733 καὶ
1042 4680 1219 4749 πάσης
1241 4680 1431 4749 νοερᾶς
1460 4679 1551 4730 καὶ
1579 4678 1798 4747 λογικῆς
1827 4676 1915 4728 ού-

2018 4683 2292 4749 cujnsdam
2348 4685 2578 4749 radium,
2627 4684 2754 4740 vitae
2799 4686 3024 4751 fontem,
3063 4686 3322 4741 bonorum
3371 4686 3584 4739 thesau-

344 4772 464 4836 σίας
511 4772 862 4841 φωτιστικόν·
915 4772 1007 4823 καὶ
1049 4770 1355 4838 αὑτόλογον,
1405 4770 1499 4823 καὶ
1555 4768 1764 4838 σοφίαν,
1826 4786 1912 4821 σο-

2018 4788 2157 4836 rum,
2184 4791 2201 4823 ι
2225 4774 2277 4826 in
2307 4790 2415 4843 quo
2431 4784 2760 4830 suntomnes
2783 4776 3059 4845 sapientia:
3087 4777 3322 4830 thesauri
3355 4777 3584 4831 abscon-

344 4865 461 4933 φῶς
489 4864 599 4933 (28)
634 4863 701 4916 τά
728 4864 901 4915 πάντα
928 4862 1021 4914 καὶ
1072 4860 1300 4928 λογικῶς
1333 4859 1691 4930 ὑφιστάμενόν
1718 4878 1777 4912 τε
1820 4861 1913 4913 καὶ

2020 4863 2109 4916 diti
2134 4874 2186 4917 et
2214 4865 2559 4933 cognitionis,
2587 4885 2605 4917 ι
2625 4870 3071 4935 quemadmodum
3101 4868 3310 4921 divinus
3344 4869 3581 4922 docebat

270 4970 271 4975 ‘
340 4955 660 5008 διοικοῦντα.
692 4948 791 5006 Ὧν
830 4953 891 5024 δὴ
930 4954 1086 5024 χάριν
1114 4954 1142 5003 ό
1176 4951 1464 5022 μονογενὴς
1494 4951 1621 5013 Υίὸς
1649 4952 1743 5004 τοῦ
1777 4952 1884 5003 Θεοέ

2017 4954 2309 5022 Apostolus
2346 4955 2412 5010 “.
2467 4957 2760 5011 Tantorum
2818 4960 3111 5030 taliumque
3149 4961 3435 5026 bonorum,
3492 4961 3580 5027 qui

348 5048 509 5118 μόνος
568 5045 729 5109 αὐτὸς
782 5045 875 5098 καλ⁸
932 5044 1051 5098 οὐδὲ
1103 5042 1258 5107 ἄλλος
1307 5042 1666 5114 ἀνηγόρευται
1714 5059 1773 5095 τε
1824 5043 1919 5097 κού⁵

2013 5045 2160 5099 solus
2212 5045 2385 5100 bonus
2448 5046 2610 5102 Pater
2654 5059 2758 5116 est,
2811 5050 3004 5105 Filiunt
3054 5054 3340 5120 progenuit
3400 5066 3579 5113 suum,

344 5137 514 5193 ἔστιν.
2018 5135 2304 5206 ipsammet
2334 5137 2499 5192 vitam
2526 5140 2875 5194 exsistentem
2897 5182 2913 5209 ,
2954 5149 3010 5196 et
3037 5143 3277 5197 omnium
3309 5155 3429 5211 quae
3459 5150 3584 5195 sunt

420 5415 530 5487 (24)
560 5414 940 5487 Διδάσκουσα
967 5416 1290 5487 πιστεύειν,
1325 5414 1439 5487 lege
1476 5414 1570 5468 καὶ
1620 5413 1915 5467 πιστεύειν.
2088 5412 2198 5487 (ξιξ)
2234 5412 2370 5487 [ἱὸν
2394 5410 2888 5487 συνένταηῡεοει,
2914 5411 3210 5487 τῷ-Πατρί.

349 5481 525 5539 Corde
559 5486 698 5539 enim
728 5489 986 5555 creditur,
1040 5501 1136 5539 ore
1167 5486 1226 5538 fit
1281 5481 1547 5541 c0nfessio
1581 5500 1595 5536 :
1633 5494 1920 5554 utrumque

2087 5483 2212 5555 (27)
2242 5483 2348 5555 ΜΡ,
2382 5500 2471 5555 γρ.
2514 5482 2697 5555 Πατρί
2735 5493 2859 5535 ante
2906 5482 3037 5535 Θεόν
3074 5481 3399 5553 ponendum.
3457 5483 3580 5539 Mox

350 5557 592 5622 exigitur
625 5556 675 5607 in
703 5570 857 5609 sacro
881 5554 1226 5622 baptismate.
1832 5551 1848 5554 “

1832 5551 1848 5554 “
2014 5551 2273 5617 γυιροδιὸ
2296 5552 2351 5604 δέ
2380 5551 2432 5605 et
2466 5552 2596 5606 αὐτὸ
2622 5551 2756 5620 φῶς,
2788 5561 2892 5622 etc.

427 5620 965 5705 (25).Παρέχουσαῆ
1000 5625 1332 5705 θεολογίαις.
1383 5623 1536 5705 Lege
1582 5626 1916 5705 παρέχουσα.
2062 5622 2199 5705 λ2β)
2234 5623 2342 5675 Καὶ
2369 5624 2626 5705 ρςοφίαν,
2657 5620 2881 5705 σαφῶς.
2921 5620 3105 5705 Protinus
3129 5620 3487 5705 EPITOGOCptIaV,
3517 5632 3580 5705 ys

351 5691 593 5751 EccleSia
629 5691 836 5761 nempe,
866 5695 979 5747 suis
1021 5691 1251 5747 alumnis
1286 5696 1421 5747 hanc
1468 5691 1763 5761 tidemfsi'c
1806 5705 1921 5747 sta-
2017 5692 2323 5760 αὐτόλογον.
2368 5692 2459 5745 Sic
2485 5702 2537 5744 et
2569 5708 2697 5747 mss.
2730 5692 2801 5747 cf.
2837 5708 2886 5761 p.
2930 5692 3023 5745 121
3061 5692 3119 5746 D.
3159 5691 3275 5745 Mox
3313 5692 3469 5760 vulgo
3508 5691 3578 5743 ὧν.

356 5761 452 5821 tim
490 5763 813 5835 χωρίζουσα.
854 5765 922 5818 Μ.
954 5795 1021 5804 -——
1052 5763 1171 5817 Mox
1207 5771 1364 5835 vulgo
1394 5764 1484 5816 τὸν
1514 5764 1644 5817 Θεὸν
1676 5765 1915 5836 Πατέρα.

971 5795 1021 5803 -
1052 5763 1171 5817 Mox
1207 5771 1364 5835 vulgo
1394 5764 1484 5816 τὸν
1514 5764 1644 5817 Θεὸν
1676 5765 1915 5836 Πατέρα.
2016 5762 2073 5815 δέ
2100 5773 2151 5819 et
2182 5761 2585 5831 ἀναγορεύεται.
