4088 6386
519 358 630 423 839

1185 356 1456 426 Bessan
1492 357 1966 429 CASSARIENSIS
2003 362 2152 429 OPP.
2190 374 2370 432 PARS
2410 372 2498 433 ιν.
2539 407 2610 420 -
2643 368 3063 435 DOGMATICA.

3659 385 3768 440 διο

517 481 909 541 viviﬁcatorem
939 504 953 541 :
979 487 1265 554 ipsammet
1304 489 1484 545 lucem
1518 506 1727 559 veram,
1811 494 2206 552 illuminantem
2275 480 2465 554 omnes
2525 501 2860 557 substantias
2906 511 3119 558 ratione
3159 502 3412 573 prteditas
3461 508 3517 558 et
3547 502 3761 560 intelle-

517 586 651 647 ctu;
686 580 970 649 ipsammct
1030 583 1322 652 rationem,
1380 593 1435 638 et
1467 586 1751 654 ipsammet
1785 590 2122 660 sapientiam,
2163 594 2437 660 sapienter
2494 604 2549 648 et
2595 597 2889 650 secundum
2941 597 3208 650 rationem
3275 596 3532 665 optimam
3579 598 3762 651 omnia

517 673 895 742 producentem
937 683 992 727 et
1038 676 1523 733 administrantem.
1581 679 1844 747 Quocirca
1889 684 2194 755 unigenitus
2223 685 2395 742 Filius
2424 686 2540 754 Dei,
2597 687 2745 744 solus
2806 689 2923 758 ipse
2990 695 3095 753 est,
3140 701 3315 757 neque
3374 697 3570 756 praeter
3634 702 3759 742 eum

515 768 654 825 alius
681 777 788 834 est,
819 778 1048 825 autess‘e
1082 771 1303 826 dicitur.

1117 867 1345 923 CAPUT
1391 855 1483 925 1x.

515 953 670 1021 Quod
711 973 816 1012 non
841 958 1084 1013 similiter
1114 970 1498 1082 atqzwelcwterw
1534 974 1790 1020 creatura:
1827 961 2078 1022 subsistat

1250 1046 1392 1082 ima.

1250 1046 1392 1085 ιιιιιε.

585 1117 763 1188 Atque
792 1118 909 1172 ideo
939 1121 1258 1190 reprehendi
1308 1138 1408 1179 nec
1454 1125 1724 1182 immerito
1769 1129 1967 1184 debent
2015 1130 2074 1195 ii,

511 1207 603 1278 qui
643 1209 758 1262 ausi
785 1219 910 1262 sunt
934 1210 1080 1263 illum
1107 1212 1166 1274 is
1203 1224 1504 1268 creaturam
1548 1219 1845 1282 nominare,
1875 1217 2076 1288 ipsum-

507 1313 613 1368 que
635 1300 816 1355 dicere
849 1315 880 1356 e
948 1317 1054 1355 non
1085 1312 1232 1370 ente,
1267 1307 1726 1373 quemadmodum
1767 1317 1817 1362 et
1867 1318 2076 1365 caetera}

505 1392 878 1461 producuntur
931 1401 1217 1458 ereaturze,
1279 1406 1716 1465 progeneratnm.
1760 1398 1892 1454 Nam
1951 1403 2070 1471 qui,

506 1496 711 1549 quzeso,
751 1484 822 1537 ita
852 1500 974 1539 esse
1020 1496 1196 1556 potest
1231 1487 1447 1542 Filius?
1494 1489 1593 1555 Qui
1645 1492 1734 1546 Dei
1767 1493 2074 1564 unigenitus

505 1569 698 1641 Filius,
730 1574 774 1629 si
808 1578 1052 1632 eamdem
1082 1595 1204 1634 cum
1249 1579 1468 1650 reliquis
1512 1585 1776 1639 creaturis
1822 1597 2070 1640 naturam

506 1665 799 1731 sortiatur;
851 1667 953 1721 hoc
994 1669 1142 1721 enim
1183 1680 1360 1738 pacto,
1421 1671 1658 1740 ipsorum
1708 1677 1886 1744 potius
1929 1687 2072 1734 esset

505 1753 696 1820 Irater,
730 1772 890 1825 quam
918 1758 1085 1814 Filius
1115 1759 1207 1814 Dei
1240 1778 1252 1814 :
1284 1763 1386 1817 hoc
1420 1774 1576 1831 pacto
1620 1766 1686 1820 de
1728 1768 1907 1823 multis
1933 1771 2068 1838 'pro-

506 1845 686 1901 ductis
746 1849 860 1918 ipse
915 1864 1054 1904 unus
1121 1852 1224 1906 erit
1257 1869 1272 1908 :
1308 1853 1473 1909 veluti
1524 1858 1612 1926 qui
1666 1860 2070 1928 participaverit

504 1938 797 1993 creationis
829 1939 989 2008 illius,
1016 1950 1122 1995 non
1163 1945 1229 1998 de
1265 1947 1673 2014 pratexsistente
1709 1951 1983 2020 subjecto,
2016 1962 2070 2007 et

503 2025 743 2095 ejusdem
774 2031 842 2085 sit
872 2047 991 2086 cum
1032 2036 1296 2091 ereaturis
1334 2041 1746 2094 communionis.
1779 2041 2067 2100 Enimvero

502 2115 667 2187 longe
703 2120 859 2175 aliter
897 2122 963 2176 de
990 2137 1053 2178 eo
1075 2126 1256 2180 divina
1281 2129 1499 2184 oracula
1535 2132 1914 2200 praedicarunt.
1964 2133 2064 2191 Ubi

2111 882 2160 940 Α

2841 874 2998 927 ΚΕΦ.
3027 873 3083 927 Θ¹
3091 911 3104 925 .

2184 965 2312 1018 Ὀτι
2329 962 2414 1033 μὴ
2444 962 2568 1029 τοῖς
2590 961 2840 1028 πολλοῖς
2859 963 3186 1047 πείσμασιν
3210 959 3425 1032 ὁμοίως
3451 958 3549 1012 καί
3571 961 3604 1012 ὁ
3626 954 3760 1022 Υἱός

2842 1046 3100 1100 vneam.

2253 1126 2363 1197 (29)
2397 1127 2556 1180 Ὅθεν
2589 1121 2810 1189 εἰκότως
2842 1124 2908 1178 ἄν
2945 1141 3031 1187 τις
3066 1122 3360 1193 μέμψαιτο,
3408 1124 3523 1184 τοῖς
3549 1119 3760 1190 κτίσμα

2181 1219 2340 1274 αὐτὸν
2371 1218 2531 1287 φάναι
2559 1216 2946 1288 τετολμηκόσιν
2999 1215 3058 1279 ἐξ
3082 1215 3182 1267 οὐκ
3212 1214 3380 1267 ὄντων
3403 1210 3718 1283 ὁμοίωςβο)
3736 1225 3753 1239 ⁶

2179 1311 2292 1370 τοῖς
2321 1306 2524 1370 λοιποῖς
2564 1306 2858 1377 κτίσμασιν
2893 1305 3201 1375 γενόμενον.
3237 1302 3348 1357 Καὶ
3385 1302 3501 1364 πῶς
3529 1301 3639 1371 γὰρ
3675 1299 3756 1352 ἔτι

2180 1399 2330 1451 ἔσται
2354 1399 2479 1462 Υίός
2505 1416 2519 1464 ;
2547 1399 2669 1462 Πῶς
2696 1398 2752 1451 δὲ
2788 1395 3075 1467 μονογενὴς
3120 1394 3215 1448 τοῦ
3247 1393 3380 1447 Θεοῦ
3413 1394 3440 1445 ὁ
3460 1392 3557 1462 τὴν
3584 1390 3755 1462 αὐτὴν
3786 1467 3790 1474 _

2177 1494 2289 1554 τοῖς
2320 1490 2524 1554 λοιποῖς
2557 1491 2848 1560 κτίσμασιν
2880 1487 3315 1559 ἐπιγραφόμενος
3345 1484 3542 1548 φύσιν;
3577 1482 3756 1553 ταύτῃ
3792 1531 3799 1538 .

2175 1581 2282 1652 γὰρ
2313 1581 2536 1649 ἀδελφὸς
2581 1580 2644 1635 ἂν
2683 1580 2883 1634 τούτων
2909 1579 3116 1647 γένοιτο
3145 1576 3362 1648 μᾶλλον,
3397 1575 3518 1644 οὐχὶ
3544 1574 3602 1626 δὲ
3624 1573 3753 1635 Υἱὸς

2175 1674 2268 1726 τοῦ
2307 1673 2441 1726 Θεοῦ
2466 1689 2478 1702 ·
2523 1673 2637 1743 (51)
2685 1673 2796 1741 τῶν
2845 1689 2906 1724 τε
2939 1669 3149 1723 πολλῶν
3180 1667 3421 1740 γενητῶν
3457 1666 3610 1719 ἔσται
3645 1660 3750 1730 εἷς,

2177 1761 2270 1815 ᾶτε
2292 1762 2392 1833 τῆς
2417 1762 2476 1827 ἐξ
2518 1764 2617 1815 οὐκ
2649 1763 2815 1816 ὄντων
2857 1762 3086 1823 κτίσεως
3133 1760 3332 1830 ὁμοίως
3377 1759 3556 1820 αὐτοῖς
3589 1772 3752 1827 μετα-

2176 1853 2316 1924 σχὼν
2339 1855 2448 1925 (52)
2483 1855 2786 1917 διοινωνίας.
2834 1854 2971 1906 Ἀλλ’
3007 1853 3104 1923 οὐχ
3135 1846 3235 1906 ὧδε
3266 1852 3334 1906 τὰ
3359 1851 3475 1904 θεῖα
3496 1849 3624 1921 περὶ
3655 1848 3753 1901 αὐδ

2173 1942 2265 1996 τοῦ
2297 1943 2542 1996 παιδεύει
2589 1943 2773 2011 λόγια·
2816 1943 2928 1995 ἀλλ’
2962 1945 3050 1996 ὅτε
3095 1943 3191 2012 μὲν
3218 1941 3317 2010 τῆς
3355 1939 3462 1992 τῶν
3505 1936 3748 2007 γενητῶν

2172 2033 2456 2105 ὑπάρξεως
2482 2035 2580 2106 τὴν
2601 2035 2945 2088 διδασκαλίαν
2983 2034 3245 2098 καλεῖται,
3287 2033 3398 2103 (55)
3435 2030 3648 2102 ἀθρόως
3679 2029 3750 2084 τὰ

2173 2126 2348 2181 πάντα
2383 2129 2648 2198 μαρτυρεῖ
2666 2127 2730 2179 δι’
2753 2125 2918 2180 αὐτοῦ
2949 2125 3229 2193 γεγονέναι
3251 2140 3264 2153 ·
3304 2141 3322 2174 ι
3346 2123 3532 2175 Πάντα
3555 2120 3686 2191 γὰρ,
3721 2139 3742 2172 ι

501 2211 645 2264 enim
671 2210 736 2264 de
763 2227 948 2267 rerum
988 2219 1344 2285 productione
1379 2236 1561 2278 sermo
1612 2224 1914 2281 instituitur
1948 2246 1964 2282 :
1995 2229 2061 2284 ibi

2176 2237 2195 2269 (
2223 2217 2404 2290 [φησί]
2443 2236 2460 2268 ι
2489 2217 2556 2270 δι’
2584 2216 2747 2270 αὐτοῦ
2777 2216 3010 2284 ἐγένετο,
3048 2216 3142 2269 καὶ
3173 2215 3341 2286 χωρὶς
3367 2211 3530 2266 αὐτοῦ
3566 2211 3750 2281 ἐγένε-

497 2299 682 2354 omnia
714 2313 809 2369 per
835 2301 981 2356 illum
1017 2304 1156 2361 facta
1189 2308 1358 2364 fuisse
1380 2349 1396 2375 ,
1446 2326 1549 2366 non
1583 2329 1684 2367 una
1720 2315 1840 2370 vice
1877 2319 2066 2372 testin-

499 2399 713 2446 cantur.
779 2390 974 2448 Omnia
1014 2398 1184 2461 enim.
1241 2400 1514 2471 inquiunt,
1579 2416 1671 2472 per
1719 2406 1870 2461 illum
1920 2407 2064 2477 facta

494 2490 641 2546 sunt,
667 2491 715 2536 et
745 2484 857 2539 sine
885 2502 944 2541 eo
975 2488 1108 2541 nihil
1141 2491 1340 2558 factum
1368 2503 1442 2546 est
1475 2492 1542 2548 ".
1577 2495 1641 2549 Et
1665 2495 1790 2551 alibi
1821 2516 1835 2553 :
1870 2497 1938 2552 In
1973 2501 2065 2554 illo

495 2573 713 2627 condita
749 2587 868 2629 sunt
912 2581 1176 2645 universa,
1225 2599 1344 2650 qua:
1391 2593 1512 2637 sunt
1551 2585 1604 2640 in
1653 2588 1814 2652 cwlis,
1869 2599 1918 2644 et
1949 2603 2065 2662 qum

495 2679 651 2732 super
677 2671 900 2733 terram;
932 2670 1036 2723 sive
1065 2672 1292 2726 visibilia
1320 2673 1540 2741 fuerint,
1565 2693 1656 2731 seu
1684 2680 1965 2734 invisibilia
1995 2682 2060 2740 “'.

495 2752 568 2810 Ει
595 2755 812 2822 iterum,
849 2759 1038 2814 Omnia
1056 2773 1147 2828 per
1173 2765 1363 2830 ipsum,
1391 2776 1436 2818 et
1459 2767 1510 2819 in
1537 2769 1649 2834 ipso
1672 2773 1881 2826 condita
1903 2786 2022 2828 sunt
2043 2789 2062 2828 :

492 2847 673 2915 “ipse
699 2858 773 2901 est
797 2860 916 2903 ante
944 2855 1122 2905 omnia
1157 2851 1224 2916 δ’,
1259 2862 1332 2919 et,
1367 2872 1386 2906 ›
1423 2854 1623 2926 Inipso
1658 2863 1833 2915 omnia
1861 2866 2062 2919 substi-

497 2947 695 3006 terunt,
728 2942 1019 2996 secundum
1067 2944 1368 3000 doctrinam
1417 2951 1765 3018 apostolicam
1811 2953 1880 3011 '°.
1928 2957 2060 3014 Cum

495 3045 630 3087 vero
658 3037 722 3088 de
746 3034 915 3103 ipsius
951 3034 1235 3090 divinitate
1287 3042 1664 3096 tractationem
1707 3044 1972 3115 instituit,
2031 3065 2061 3104 a

496 3136 682 3180 rerum
707 3127 942 3182 omnium
971 3129 1322 3186 universitate
1351 3147 1472 3186 eum
1501 3145 1750 3205 separat:
1781 3140 2059 3197 Dominum

495 3229 629 3272 vero
655 3217 826 3287 ipsum
860 3229 1021 3286 atque
1048 3222 1263 3286 herum,
1305 3225 1644 3282 conditorem
1690 3238 1850 3302 atque
1893 3231 2058 3288 Deum

494 3313 555 3362 ct
609 3307 952 3364 Servatorem
1015 3320 1257 3381 agnoscit
1329 3314 1752 3388 universorum,
1803 3321 2060 3394 illumque

491 3397 690 3466 solum,
726 3414 826 3455 nec
866 3401 935 3455 ab
966 3401 1058 3456 illo
1079 3403 1269 3468 alium,
1315 3403 1409 3460 Dei
1457 3409 1700 3477 agnoscit
1740 3420 1791 3467 et
1838 3412 2055 3482 fatetur,

491 3487 828 3560 unigenitum
861 3509 875 3545 :
903 3491 1271 3561 Sapientiam,
1315 3497 1590 3564 Verbum,
1633 3501 1827 3570 vitam,
1885 3506 2056 3562 lucem

2175 2328 2273 2364 ιτο
2301 2312 2418 2364 οὐδὲ
2448 2311 2540 2364 ἓν·
2584 2329 2602 2362 ι
2633 2310 2727 2363 καὶ
2765 2327 2785 2360 ‹
2819 2310 2906 2363 Ἐν
2938 2309 3083 2379 αὐτῷ
3106 2305 3325 2377 ἐκτίσθη
3358 2304 3428 2358 τὰ
3475 2303 3651 2356 πάντα
3677 2302 3749 2356 τά

2173 2421 2192 2456 ι
2218 2405 2274 2457 ὲν
2297 2406 2406 2465 τοῖς
2432 2403 2681 2473 οὐρανοῖς
2709 2401 2803 2455 καὶ
2822 2400 2890 2453 τὰ
2917 2401 3008 2453 ἐπὶ
3030 2401 3129 2470 τῆς
3157 2398 3280 2469 γῆς,
3309 2399 3417 2450 εἴτε
3437 2395 3608 2467 ὁρατά
3636 2395 3746 2447 εῐτε

2173 2514 2191 2548 t
2213 2495 2439 2567 ἀόρατα,
2474 2496 2566 2547 καὶ
2595 2495 2664 2548 τὰ
2689 2496 2863 2548 πάντα
2889 2493 2958 2546 δι’
2987 2492 3170 2557 αὐτοῦ,
3201 2492 3293 2546 καὶ
3315 2493 3395 2555 εις
3415 2491 3577 2545 αὐτὸν
3601 2489 3748 2544 ἔκτι-

2172 2603 2192 2638 t
2218 2604 2360 2651 σται,
2397 2579 2489 2640 καὶ
2509 2586 2669 2650 αὐτός
2697 2589 2812 2639 ἔστι
2838 2586 2942 2658 πρὸ
2965 2585 3180 2639 πάντων
3206 2601 3219 2616 ·
3255 2604 3273 2638 ι
3305 2584 3543 2650 καὶμΤά
3566 2583 3744 2636 πάντα

2172 2695 2190 2730 t
2214 2679 2271 2731 ὲν
2305 2678 2452 2749 αὐτῷ
2497 2679 2812 2750 συνέστηκε,
2841 2697 2860 2729 ›
2894 2677 3032 2732 κατά
3072 2676 3170 2741 τὰς
3210 2674 3569 2739 ἀποπολικάς
3600 2674 3744 2727 διδα-

2167 2769 2423 2833 σκαλίαςο
2469 2772 2558 2823 ὅτε
2596 2764 2653 2823 δὲ
2681 2770 2778 2840 τὴν
2812 2770 2939 2841 περὶ
2990 2768 3152 2824 αὐτοῦ
3185 2768 3460 2835 θεολογίαν
3511 2767 3739 2834 εἰσάγει,

2163 2863 2270 2916 τῶν
2303 2863 2398 2933 μὲν
2423 2862 2624 2915 λοιπῶν
2649 2862 2904 2916 ἁπάντων
2938 2859 3099 2915 αὐτὸν
3131 2861 3398 2933 ἀφορίζει,
3433 2859 3637 2931 Κύριον
3682 2857 3740 2910 δὲ

2163 2953 2320 3007 αὐτὸν
2349 2953 2440 3006 καὶ
2479 2955 2762 3024 δεσπότην,
2793 2955 2886 3007 καὶ
2934 2947 3283 3024 δημιουργὸν,
3317 2952 3412 3005 καὶ
3455 2950 3610 3014 Θεὸν,
3645 2947 3742 3000 καὶ

2162 3043 2390 3114 Σωτῆρα
2409 3042 2515 3095 τῶν
2547 3042 2682 3096 ὅλων
2707 3039 2814 3095 οἶδε
2833 3057 2846 3074 ·
2879 3041 3139 3113 μονογενῆ
3161 3059 3220 3094 τε
3252 3040 3379 3094 Υίδν
3411 3038 3545 3092 Θεοῦ
3582 3039 3741 3109 μόνον

2161 3134 2320 3187 αὐτὸν
2348 3135 2442 3187 καὶ
2475 3133 2662 3186 οὐδένα
2685 3133 2841 3187 ἄλλον
2866 3132 3154 3202 ἀποφαίνει
3173 3148 3186 3160 ·
3206 3131 3404 3200 Σοφίαν
3425 3147 3486 3183 τε
3513 3129 3608 3183 καὶ
3638 3129 3742 3182 Λό-

2160 3245 2275 3297 γον,
2307 3227 2399 3280 καὶ
2424 3227 2588 3298 ζωὴν,
2606 3228 2697 3280 καὶ
2719 3228 2834 3296 φῶς
2863 3227 3020 3298 μόνον
3047 3225 3206 3279 αὐτὸν
3244 3224 3524 3288 ἀποκαλεῖ,
3555 3224 3740 3276 εἰκόνα

2159 3336 2219 3373 τε
2245 3317 2339 3371 τοῦ
2369 3317 2504 3371 Θεοῦ
2532 3317 2626 3371 τοῦ
2656 3319 2886 3389 ἀοράτου
2911 3333 2926 3348 ο
2961 3318 3052 3371 καὶ
3083 3315 3419 3388 ἀπαύγασμα
3458 3316 3633 3386 φωτὸς
3656 3315 3740 3368 ἀῖ-

2158 3409 2289 3474 δίου,
2317 3410 2478 3481 ἕτερά
2504 3427 2562 3462 τε
2596 3409 2764 3480 μύρια
2789 3409 2995 3488 τούτοις
3015 3408 3218 3479 ἀδελφά
3240 3409 3367 3480 περὶ
3389 3408 3554 3462 αὐτοῦ
3583 3403 3737 3470 δοξά-

2161 3502 2272 3568 ζειν
2310 3502 2571 3566 διδάσκει,
2604 3495 2705 3554 ὧδέ
2756 3511 2833 3573 πη
2868 3503 2966 3572 τῆς
3016 3500 3284 3572 πατρικῆς
3324 3499 3595 3567 θεότητος,
3635 3496 3734 3566 τὴν

491 3578 666 3649 ipsum
719 3582 951 3652 appellat
999 3585 1210 3639 solum:
1241 3587 1527 3658 imaginem
1575 3593 1664 3647 Dei
1729 3595 2055 3658 invisibilis:

2165 3593 2295 3664 πρὸς
2316 3592 2474 3663 μόνον
2505 3591 2686 3656 αὐτὸν,
2710 3591 2911 3645 ὡσανεὶ
2935 3590 3071 3661 πρὸς
3101 3590 3230 3642 Υίὸν
3269 3586 3552 3658 μονογενῆ,
3595 3580 3729 3638 ίδιάι-

491 3669 632 3726 ]ucis
677 3675 1020 3742 sempiternae
1063 3677 1432 3748 relucentiam,
1479 3692 1533 3737 et
1582 3684 1730 3740 hisce
1774 3691 2052 3759 congenita

488 3777 741 3820 sexcenta
767 3767 961 3822 similia
986 3772 1202 3824 nomina
1227 3772 1448 3828 adhibet
1477 3775 1674 3844 quibus
1701 3777 1850 3832 illum
1883 3780 2052 3849 glori-

488 3857 620 3912 ﬁeat
651 3875 666 3912 :
703 3859 899 3927 quibus
930 3860 1179 3918 omnibus
1223 3862 1274 3917 id
1315 3865 1456 3933 agit,
1489 3876 1548 3921 ut
1580 3879 1816 3939 paternis
1837 3871 2054 3928 deitatis

486 3946 813 4016 peculiarem
840 3959 894 4002 et
914 3950 1184 4019 propriam
1207 3950 1522 4008 relationem
1545 3958 1798 4012 ostendat
1822 3959 1888 4012 ad
1905 3957 2049 4014 illum

489 4039 864 4093 tantummodo
915 4050 1182 4110 spectare,
1245 4045 1406 4098 veluti
1462 4047 1530 4100 ad
1577 4045 1773 4102 Filium
1801 4049 2050 4118 unigeni-

489 4136 626 4183 tum.
665 4127 802 4184 Hinc
847 4131 1069 4200 factum,
1107 4142 1166 4187 ut
1211 4150 1402 4205 magna
1438 4151 1570 4193 voce
1601 4137 1762 4194 Pater
1787 4140 1860 4195 illi
1886 4140 2050 4196 dede-

487 4217 582 4287 rit,
617 4221 881 4289 praeconio
904 4237 1003 4276 suo
1030 4223 1260 4289 caelesti,
1301 4227 1366 4278 ad
1402 4223 1653 4284 Jordanis
1683 4228 1875 4284 ﬂuenta
1901 4231 2051 4286 testi-

487 4312 751 4375 monium,
779 4313 922 4380 quod
947 4313 1092 4368 solus
1117 4315 1216 4383 ipsi
1249 4326 1393 4370 esset
1417 4318 1667 4384 dilectus,
1703 4321 1790 4375 ubi
1817 4322 2046 4378 ell‘atur:

488 4396 593 4452 Hic
631 4411 704 4454 est
736 4399 911 4455 Filius
947 4418 1090 4456 meus
1129 4402 1370 4469 dilectus,
1410 4406 1467 4458 in
1509 4421 1611 4476 quo
1641 4406 1871 4461 mihimet
1908 4424 2052 4461 com-

487 4491 664 4560 placni
709 4493 777 4547 ἰ.
809 4492 959 4560 Quod
1013 4495 1184 4564 ipsum
1235 4498 1600 4550 testimonium
1645 4504 1878 4554 secunda
1911 4500 2047 4568 vice,

490 4599 613 4639 cum
637 4587 691 4640 in
715 4597 896 4643 monte
925 4587 1403 4643 transformaretur
1427 4589 1499 4656 ⁸³,
1525 4589 1894 4661 ingeminavit,
1934 4606 2050 4647 rem

565 4779 626 4847 ᾗ(
652 4774 748 4829 Ed.
778 4775 956 4847 Paris.
979 4791 1097 4847 pag.
1124 4777 1214 4832 67.

491 4844 539 4878 "
557 4845 744 4900 Matth.
771 4860 901 4910 χιιι,
927 4845 979 4899 5.

1333 4778 1378 4809 ⁵⁷
1420 4773 1576 4833 Joan.
1611 4793 1652 4843 ι,
1692 4777 1746 4832 δ.

567 5032 673 5107 (29)
701 5030 954 5107 Quae‘hic
985 5031 1254 5107 habentur
1308 5029 1447 5097 apud
1493 4992 1808 5094 Eusebium,
1860 5030 2051 5085 recitat
2080 5033 2124 5088 D

491 5101 764 5166 Socrates,
795 5103 887 5156 lib.
927 5117 966 5165 ι,
995 5117 1118 5170 cap.
1161 5101 1252 5163 2|,
1311 5109 1367 5153 ut
1427 5107 1638 5154 tueatur
1684 5113 1961 5154 auctorem
2019 5114 2050 5152 a

492 5175 798 5244 suspicione
832 5169 1140 5244 Arianismi.
1183 5170 1302 5244 Sed_
1319 5183 1447 5244 _non
1483 5171 1750 5238 persuasit
1797 5169 2053 5223 illustris-

493 5237 632 5300 sim'o
663 5243 911 5306 Baronio,
943 5242 1009 5296 ad
1037 5255 1236 5294 annum
1273 5237 1416 5306 540;
1449 5237 1622 5308 neque
1646 5254 1773 5295 vero
1825 5254 2054 5308 persua-

492 5316 584 5371 det
613 5312 763 5368 mibi.
788 5313 860 5368 id.

564 5384 675 5454 (50)
723 5383 816 5454 Ἐξ
869 5384 978 5436 οὐκ
1031 5379 1371 5454 όντων-τῶν
1429 5378 1664 5454 ῥεμοίῳςἶ
1705 5377 2052 5454 Conjegeram

489 5447 698 5524 legbnd.
726 5452 790 5530 ἐξ
807 5455 906 5530 pun
924 5454 1090 5530 ὄντων
1114 5452 1294 5530 αὐτόν,
1321 5447 1539 5530 ὁμοίως.
1562 5447 1667 5530 ξςό
1696 5447 2057 5530 aptnLSocrna

494 5514 599 5577 tein
630 5532 734 5586 est,
769 5514 833 5588 ἐξ
859 5524 956 5576 οὐκ
987 5523 1175 5598 ὄντων,
1211 5514 1391 5591 ὅμοιόν
1421 5521 1550 5598 τοῖς.
1678 5514 1743 5556 -έ
1776 5517 1895 5571 Τῶν
1933 5529 2057 5572 ante

491 5594 690 5661 ὁμοίως
720 5607 822 5644 non
854 5604 934 5646 est
960 5595 1010 5644 in
1041 5594 1223 5661 codd.,
1247 5589 1659 5661 ‘qu_are_delevi.‘
1847 5624 1850 5627 -

557 5661 667 5731 (51)
707 5662 895 5728 Ταύτῃ
950 5663 1057 5731 γὰρ
1115 5655 1375 5728 ἀδελφὸς
1427 5656 1533 5731 tis-ﬂ
1561 5657 1784 5731 τού-των
1825 5655 2055 5731 γένοιτο

487 5725 747 5800 μᾶλλον,
771 5725 901 5800 οὐχὶ
926 5725 991 5784 δὲ
1017 5725 1148 5796 Υἱός
1168 5725 1276 5784 τοῦ
1297 5729 1464 5783 Θεοῦ.
1493 5725 1616 5781 Haec
1642 5729 1836 5782 desunt
1865 5729 1917 5781 in
1949 5725 2052 5782 So-

495 5810 664 5854 crate.

1848 4777 1892 4810 ⁸⁸
1917 4776 2122 4834 Coloss.
2153 4793 2191 4846 ι,
2235 4777 2318 4831 16.

2160 3681 2356 3747 ζουσαν
2386 3683 2568 3752 σχέσιν
2597 3679 3026 3751 ἐπιδεικνύμενα.
3064 3679 3154 3732 Διὸ
3178 3679 3271 3732 καὶ
3297 3677 3422 3731 Υἱὸν
3447 3676 3730 3746 ἀγαπητὸν

2158 3771 2494 3844 ἀνεκήρυττε
2537 3771 2694 3842 μόνον
2731 3769 2924 3824 αὐτόν’
2958 3769 3101 3839 ἀμφὶ
3134 3767 3201 3820 τὰ
3236 3765 3501 3851 Ἰορδάνου
3541 3762 3731 3851 ῥεῖθρα

2157 3865 2192 3936 ὴ
2217 3863 2585 3935 πατρικὴῶι)
2616 3861 2766 3933 φωνὴ
2800 3860 3007 3932 μεγάλη
3044 3849 3389 3930 μαρτυροῦσα
3421 3855 3544 3926 βοᾷ·
3576 3874 3594 3906 ι
3617 3846 3728 3907 Οὗ-

2161 3973 2181 4006 ¢
2203 3954 2295 4018 τός
2323 3957 2469 4008 ἐστιν
2501 3955 2529 4006 ό
2558 3953 2684 4017 Υἱός
2722 3969 2822 4023 μου
2847 3953 2876 4005 ό
2899 3949 3197 4021 ἀγαπητὸς,
3233 3952 3289 4002 ὲν
3380 3947 3645 4017 εὐδόκησα
3664 3963 3678 3978 ο
3704 3964 3724 3998 ι

2155 4045 2264 4098 Καὶ
2289 4046 2529 4117 δευτεροί
2549 4054 2611 4114 γε
2631 4045 2727 4116 τὴν
2758 4043 3063 4115 μαρτυρίαν
3086 4042 3179 4094 καὶ
3201 4037 3293 4093 ἐπὶ
3321 4040 3420 4111 τῆς
3441 4041 3500 4093 ὲν
3517 4038 3596 4109 τῷ
3612 4039 3729 4112 δρει

2157 4135 2646 4209 μεταμορφώσεως,
2676 4137 2767 4190 τὸν
2813 4134 2974 4188 αὐτὸν
3002 4129 3503 4204 ὲπισφραγιζομένη
3549 4130 3724 4198 λόγον.

2155 4228 2328 4281 Αὐτοῦ
2355 4227 2641 4300 τοιγαροῦν
2665 4227 2758 4280 τοῦ
2786 4226 2895 4281 τῶν
2919 4226 3052 4278 ὅλων
3079 4224 3211 4277 Θεοῦ
3234 4219 3435 4293 ταύτην
3458 4221 3602 4291 αὐτῷ
3629 4221 3728 4292 τὴν

2160 4320 2463 4390 μαρτυρίαν
2491 4316 2926 4389 παρασχομένου,
2964 4313 3057 4368 τοῦ
3097 4331 3155 4366 τε
3181 4312 3556 4381 εὐαγγελιστοῦ
3579 4311 3729 4382 διαρι-

2159 4413 2321 4484 ρήδην
2361 4411 2522 4464 αὐτὸν
2565 4407 2690 4461 Υίὸν
2728 4407 2988 4478 μονογενῆ
3023 4403 3157 4458 εἶναι
3194 4405 3531 4467 διδάσκοντος
3551 4404 3618 4456 δι’
3651 4398 3724 4456 ὧν

2156 4503 2258 4573 ἔφη
2278 4520 2290 4534 ο
2330 4523 2346 4554 ι
2367 4504 2498 4556 Θεὸν
2523 4501 2693 4563 οὐδεὶς
2722 4498 2931 4570 ἑώρακε
2959 4497 3173 4550 πώποτε
3193 4513 3207 4527 ·
3231 4500 3259 4550 ὁ
3288 4497 3576 4567 μονογενὴς
3601 4497 3726 4560 Υίὸς

2162 4611 2182 4647 ι
2227 4592 2582 4664 ἢίμονογενὴς
2601 4591 2731 4657 Θεὸς
2762 4590 2895 4662 (55),
2921 4592 2950 4642 ὁ
2970 4587 3043 4642 ῶν
3064 4591 3143 4652 είς
3166 4589 3257 4642 τὸν
3277 4587 3473 4641 κόλπον
3493 4589 3587 4640 τοῦ
3613 4589 3724 4640 Had

2416 4775 2461 4808 "
2493 4775 2629 4830 Ibid.
2662 4775 2748 4829 l7.
2852 4775 2894 4807 "
2939 4773 3073 4830 Ibid.
3173 4773 3218 4805 "
3273 4772 3460 4826 Matth.
3505 4787 3584 4836 In,
3633 4771 3721 4824 l7.

2223 5023 2336 5099 (ὅὲ)
2372 5029 2472 5099 Ἴσι
2505 5027 2598 5082 καί
2627 5043 2752 5082 mss.

2229 5091 2790 5172 (35')__At6ao*na.1lar
2834 5094 3118 5150 καλεῖται.
3175 5091 3370 5172 Locus.
3389 5099 3715 5172 corruptus:

2164 5159 2264 5225 nec
2290 5159 2509 5238 adjuvat
2537 5169 2623 5220 hic
2658 5169 2917 5238 Socrates,
2943 5187 2955 5238 :_
2985 5160 3310 5238 natn‘omisil
3344 5159 3481 5238 forte
3516 5177 3528 5190 '
3556 5159 3720 5238 emtas.

2155 5257 2261 5316 γειι
2284 5230 2545 5316 big—Aw.
2566 5239 2796 5316 ποιεῖται
2821 5236 3005 5316 ςομόη
3027 5233 3115 5316 qui
3143 5245 3259 5316 uno:
3293 5230 3424 5316 φησί
3450 5246 3557 5316 om.
3586 5231 3715 5316 Dein

2155 5300 2311 5377 vulgo
2339 5310 2453 5361 ὲκτ.
2479 5307 2651 5360 πάντα
2675 5305 2762 5358 τά.
2821 5304 2958 5356 Infra
3002 5301 3160 5370 vulgo
3217 5300 3627 5370 ἐπιδεικνυμένη
3665 5307 3720 5354 et

2156 5379 2606 5516 mgygﬁgpa
2625 5445 2661 5512 ἡ
2693 5441 2969 5513 πατρική.
2999 5440 3179 5501 Forte,
3202 5438 3414 5562 ﬁsiOpa,
3434 5441 3564 5491 ὅπου
3594 5438 3714 5511 γεὴ

2156 5519 2412 5562 πατρική-
2443 5517 2511 5562 Μ-
2537 5545 2605 5555 --
2639 5515 2808 5562 Vulgo
2840 5512 2984 5562 ἀμφὶ
3017 5509 3169 5562 Ἰοοδ.
3247 5526 3332 5562 em
3362 5510 3518 5562 vultzo
3551 5526 3713 5562 ιιαοτ.

2156 5509 2412 5603 πατρική.
2443 5509 2605 5569 Μ.’--
2639 5509 2984 5583 νυιεάὰμφὶ
3017 5509 3169 5580 Ἰορδ.
3202 5509 3338 5564 Dein
3362 5510 3518 5579 vulgo
3551 5509 3713 5580 μαρτζ

2157 5589 2451 5731 mis—"syra
2466 5651 3012 5731 μονογενρὴς-,Θεόςτ-
3032 5650 3303 5731 Νορειιιιι
3339 5649 3452 5731 haec
3486 5662 3717 5716 evange-

2155 5719 2290 5780 lista:
2320 5719 2335 5780 Ξ
2364 5719 2579 5779 εθάήθο
2609 5719 2771 5778 credo
2797 5723 3040 5782 Eusebii,
3070 5721 3171 5774 nisi
3207 5719 3391 5790 forsan
3419 5719 3582 5790 ἦγουδ
3615 5734 3716 5790 μοι

2151 5795 2372 5866 νογενὴς
2390 5795 2540 5856 Θεός.
2568 5821 2634 5835 --
2655 5792 2800 5848 infra
2824 5793 2982 5862 vulgo
3013 5791 3207 5844 ἔδωκεν
3233 5787 3371 5840 ὥστε
3395 5787 3522 5850 πᾶς.
