4088 6400
401 382 499 437 8M

1337 379 1423 434 DE
1466 379 2003 439 ECCLESlASTICA
2044 378 2440 437 THEOLOGIA
2477 379 2609 436 LIB.
2648 380 2688 434 1.

3531 384 3636 440 842

392 497 549 562 τρὸς,
572 493 800 559 ἐκεῖνος
819 492 1179 562 ἐξηγήσατο.
1208 514 1223 545 ι
1264 493 1419 546 Ἀλλὰ
1444 495 1535 547 καὶ
1558 494 1720 546 αὑτοῦ
1743 495 1833 547 τοῦ
1858 496 1949 548 Σω

2071 492 2316 547 eamdem
2355 488 2518 546 veluti
2548 490 2722 561 sigillo
2748 504 2848 546 suo
2873 491 3323 546 communiturus.
3370 491 3636 558 Quocirca

387 590 553 656 τῆρος
586 587 643 637 ἐν
664 586 781 647 ταῖς
808 587 932 656 περῖ
957 584 1119 637 αὑτοῦ
1146 583 1510 645 διδασκαλίαις
1532 582 1684 635 ταῦτ’
1710 585 1969 655 ἐπισφρα-

388 677 712 745 γιςομένου,
756 675 824 727 δι’
868 670 942 727 ὦν
987 675 1190 741 ἔλεγεν*
1232 674 1395 726 Οὕτω
1436 674 1544 741 γὰρ
1582 672 1900 741 ἠγάπησεν
1932 679 1964 729 ό

388 769 535 832 Θεὸς
559 766 664 819 τὸν
688 770 935 835 κόσμον,
968 764 1121 819 ὥστε
1155 766 1261 818 τὸν
1289 765 1424 818 Υἱὸν
1449 765 1632 818 αὑτοῦ
1657 764 1763 817 τὸν
1779 784 1961 834 puro-

385 858 531 929 γενῆ
571 858 813 922 ἔδωκεν,
848 858 947 910 ἵνα
981 856 1099 922 πᾶς
1128 860 1160 911 ό
1201 858 1501 910 πιστεύων·
1534 858 1618 922 εὶς
1638 857 1823 910 αὐτὸν
1851 859 1959 927 ἔχῃ

383 950 536 1018 ζωὴν
564 949 823 1004 αἰώνιον.
857 950 914 1003 'o
939 952 1074 1020 μετά
1092 949 1295 1012 ταύτας
1325 948 1423 1011 τὰς
1448 947 1629 1016 φωνὰς
1651 948 1870 1018 γενητὸν
1901 948 1960 1011 ἐξ

382 1043 479 1094 οὑκ
524 1042 713 1103 ὄντων,
741 1041 835 1094 καὶ
884 1042 1086 1112 κτίσμα
1113 1041 1221 1110 (56)
1264 1039 1605 1111 προηγμένον
1645 1040 1709 1091 ὲκ
1749 1038 1841 1091 τοῦ
1884 1040 1957 1109 μὴ

378 1132 533 1192 ὅντος
568 1132 659 1184 τὸν
686 1133 812 1184 Υἱὸν
840 1132 1171 1202 ὁριζόμενος,
1203 1130 1392 1201 λέληθε
1419 1128 1653 1199 τοῦνομα
1688 1130 1785 1198 μὲν
1807 1128 1957 1199 αὑτῷ

384 1223 542 1293 μόνον
576 1223 951 1293 χαριζόμενος,
969 1223 1030 1275 τὸ
1056 1222 1098 1275 δ’
1121 1222 1334 1293 ἀληθῶς
1358 1221 1483 1273 Υἱὸν
1508 1218 1645 1273 εἶναι
1683 1220 1843 1291 ἀρνοὺ
1854 1237 1951 1289 με-

2068 597 2191 636 cum
2214 579 2520 651 hujusmodi
2548 581 2916 636 testimonium
2957 582 3056 651 ipsi
3091 582 3465 637 universorum
3495 584 3634 639 Deus

2066 671 2414 736 exhibuerit;
2482 685 2717 739 cumque
2773 672 2993 727 disertis
3056 672 3235 728 verbis
3286 673 3632 745 Evangelista

2066 763 2399 834 pronuntiet,
2430 777 2552 817 eum
2588 776 2709 818 esse
2734 761 2929 817 Filium
2967 763 3324 834 unigenitum,
3354 767 3477 821 dum
3509 783 3635 837 pro-

2070 855 2283 908 nuntiat
2317 870 2330 906 :
2367 852 2533 907 Deum
2566 870 2712 908 nemo
2735 855 2865 907 vidit
2892 870 3121 923 unquam
3147 854 3500 926 :Unigenitus
3530 858 3636 913 Fi-

2065 946 2168 999 lius
2213 942 2325 1015 (aut
2368 945 2509 999 Deus
2542 944 2871 1015 unigenitus)
2905 948 2995 1015 qui
3038 957 3146 1000 erat
3184 949 3237 1002 in
3271 949 3392 1003 sinu
3426 948 3633 1014 Patris,

2066 1039 2174 1106 ipse
2194 1037 2462 1090 enarravit
2487 1035 2553 1091 ⁵⁸.
2588 1035 2777 1089 Adhuc
2805 1052 2927 1090 cum
2962 1037 3222 1092 Servator
3251 1038 3469 1108 insuper
3496 1040 3628 1109 ipse,

2062 1129 2207 1181 inter
2260 1127 2583 1191 docendum,
2644 1127 2749 1181 hoc
2798 1129 3056 1197 assignet,
3105 1129 3193 1184 ubi
3233 1129 3302 1183 ita
3346 1130 3629 1199 loquitur:

2061 1220 2147 1273 lla
2168 1218 2308 1272 Deus
2331 1220 2514 1273 dilexit
2545 1221 2801 1273 mundum
2823 1258 2839 1285 ,
2885 1232 2939 1273 ut
2970 1219 3169 1274 Filium
3196 1223 3359 1289 ipsius
3394 1222 3634 1292 unigeni~

380 1330 489 1375 νος.
535 1314 592 1365 ’0
634 1312 743 1383 γὰρ
775 1311 833 1377 ἐξ
865 1313 963 1365 οὑκ
1000 1312 1166 1367 ὄντων
1204 1312 1461 1380 γεγονὼς,
1502 1311 1601 1362 οὑκ
1646 1310 1708 1363 ἂν
1740 1308 1949 1380 ἁληυῶς

2061 1320 2170 1362 tum
2205 1311 2443 1375 dederit,
2473 1320 2527 1362 ut
2560 1312 2731 1364 omnis
2772 1313 2859 1377 qui
2884 1312 2935 1363 in
2970 1328 3088 1365 eum
3123 1315 3432 1377 crediderit,
3474 1314 3631 1368 vitam

378 1404 575 1471 γένοιτ’
598 1404 662 1458 ἂν
693 1406 819 1469 Υἱὸς
852 1405 944 1458 τοῦ
968 1404 1132 1457 Θεοῦ·
1167 1404 1247 1455 ὅτι
1289 1402 1419 1473 μηδὲ
1453 1400 1577 1455 ἄλλο
1608 1418 1659 1454 τι
1693 1401 1799 1453 τῶν
1833 1416 1949 1467 γεν-

2059 1400 2322 1464 possideat
2355 1411 2602 1455 cateruam
2649 1401 2715 1455 “.
2762 1402 3020 1471 Quisquis
3069 1403 3230 1471 igitur
3265 1408 3324 1466 >14
3353 1410 3471 1472 post
3516 1404 3629 1457 [nec

380 1493 576 1564 νητῶν.
2062 1492 2370 1547 testimonia
2408 1493 2744 1563 progenitum
2774 1494 2923 1548 illum
2956 1494 3023 1549 de
3048 1510 3154 1549 non
3178 1496 3430 1560 entibus,
3475 1505 3531 1551 et
3563 1510 3631 1550 ex

380 1600 489 1641 non
517 1594 645 1640 ente
702 1585 1022 1654 productam
1087 1583 1437 1640 allirmaverit
1478 1592 1804 1645 creaturam,
1850 1582 2013 1637 istum
2055 1584 2287 1652 Filium;
2364 1602 2557 1641 nomen
2613 1589 2663 1642 ei
2729 1589 2940 1657 ,nudum
3007 1589 3378 1644 tantummodo
3444 1588 3630 1659 largiri

382 1675 821 1745 deprehenditur,
872 1691 1059 1731 revera
1114 1686 1291 1730 autem
1324 1674 1519 1729 Filium
1573 1690 1713 1742 esse,
1754 1689 2071 1746 pernegare.
2106 1678 2239 1731 Nam
2285 1679 2376 1748 qui
2437 1679 2505 1733 de
2563 1694 2667 1732 non
2738 1679 3123 1735 exsistentibus
3160 1688 3451 1749 generatus
3506 1690 3631 1745 est,

380 1774 431 1832 is
459 1784 609 1833 certe
633 1775 726 1830 Dei
753 1773 926 1830 Filius
964 1789 1086 1829 esse
1122 1787 1311 1828 revera
1357 1770 1544 1842 nequit
1575 1788 1590 1826 :
1624 1786 1729 1827 non
1776 1774 1949 1841 magis
1987 1787 2148 1842 quam
2189 1774 2403 1844 quidvis
2428 1775 2572 1829 aliud
2607 1783 2872 1829 creatum.

1043 1849 1209 1920 Κεφ.
1241 1866 1296 1918 ι’.

382 1957 499 2010 Ὅτι
525 1960 711 2027 μόνος
744 1957 810 2011 ἐκ
843 1958 948 2012 τοῦ
980 1958 1209 2025 Πατρός
1238 1959 1546 2026 γεννηθεὶς
1580 1960 1821 2023 εἰκότως
1857 1961 1957 2014 καὶ

450 2029 595 2094 Θεὸς
642 2030 737 2081 καὶ
780 2030 1116 2098 μονογενὴς
1176 2031 1303 2094 Υἱὸς
1342 2031 1530 2098 μόνος
1572 2030 1754 2095 αὐτὸς
1785 2031 1958 2084 ἀνεί-

524 2115 636 2151 ται.

524 2115 636 2151 ται.

436 2115 560 2256 ῗέἵ)
598 2190 654 2241 '0
683 2189 727 2240 δ’
754 2187 967 2256 ἀληθῶς
1002 2188 1128 2249 Υἱὸς
1154 2186 1247 2239 τοῦ
1279 2189 1413 2239 θεοῦ
1452 2188 1511 2251 ἐξ
1554 2188 1715 2242 αὑτοῦ
1761 2189 1856 2242 ἆτε
1893 2187 1955 2258 δὴ

371 2279 439 2332 ἐκ
460 2280 669 2349 Πατρὸς
699 2278 1032 2349 ἀποτεχοεὶς,
1061 2279 1283 2341 εἰκότως
1306 2280 1397 2331 καὶ
1413 2281 1713 2350 Ἀγαπητὸς
1746 2281 1837 2332 καὶ
1854 2279 1959 2333 Μο-

371 2373 597 2440 νογενὴς
648 2370 1033 2442 χρηματίζειεν
1064 2371 1130 2423 ἂν
1161 2369 1255 2423 τοῦ
1304 2371 1541 2442 Πατρός
1584 2371 1725 2423 οὕτω
1764 2371 1820 2424 δὲ
1865 2371 1957 2423 καὶ

369 2462 504 2525 Θεὸς
535 2462 598 2516 ἂν
622 2464 705 2531 εἴη
738 2462 868 2532 (58).
900 2462 963 2513 Τί
992 2462 1100 2534 γὰρ
1133 2460 1199 2515 ἂν
1225 2462 1435 2529 γένοιτο
1462 2462 1595 2514 Θεοῦ
1620 2463 1864 2532 γέννημα
1878 2461 1956 2532 τῷ

370 2555 724 2623 γεγεννηκότι
757 2553 1227 2624 ἀφωμοιωμένον;
1278 2554 1466 2618 Κτίζει
1509 2553 1607 2624 μὲν
1648 2550 1743 2608 οὖν
1800 2554 1953 2624 βασι-

370 2641 493 2705 λεὺς
516 2643 690 2704 πόλιν,
718 2642 831 2695 ἀλλ’
857 2642 916 2693 οὑ
948 2643 1111 2711 γεννᾷ
1138 2641 1290 2694 πόλιν
1315 2659 1326 2671 ο
1365 2644 1559 2713 γεννᾷν
1586 2642 1642 2695 δὲ
1672 2643 1808 2707 υἱὸν,
1842 2641 1953 2694 ἀλλ’

369 2734 432 2788 οὐ
459 2734 661 2798 κτίζειν
694 2734 910 2800 λέγεται
934 2746 946 2762 ⁸
985 2735 1077 2785 καὶ
1104 2735 1131 2784 ὁ
1164 2732 1491 2804 δημιουργὸς
1521 2733 1794 2803 τεχνίτης,
1836 2732 1951 2785 ἀλλ’

372 2826 493 2896 οὑχ).
520 2825 701 2896 πατὴρ
739 2824 933 2892 γένοιτ’
978 2824 1042 2876 ἂν
1073 2824 1168 2875 τοῦ
1215 2826 1349 2894 πρὸς
1392 2826 1550 2878 αὑτὸν
1596 2826 1955 2894 δημιουργου-

375 2918 536 2989 μένου
556 2933 570 2946 ⁸
610 2917 705 2969 τοῦ
738 2916 782 2969 δ’
812 2915 871 2982 ἐξ
896 2914 1060 2969 αὑτοῦ
1084 2914 1280 2982 φύντος
1313 2914 1430 2967 νιοῦ
1454 2916 1563 2983 ,οὐκ
1592 2914 1658 2968 ἂν
1690 2915 1953 2986 δημιουρ-

368 3012 465 3081 γὸς
507 3011 746 3082 λεχθείη.
782 3011 891 3063 Καὶ
924 3009 989 3080 δὴ
1033 3010 1126 3061 καὶ
1158 3010 1186 3061 ὁ
1233 3007 1341 3061 τῶν
1370 3008 1507 3063 ὅλων
1533 3008 1665 3073 Θεὸς
1714 3008 1807 3061 τοῦ
1858 3008 1954 3078 μὲν

369 3104 500 3157 Υίοῦ
529 3103 738 3174 Πατὴρ,
770 3101 864 3155 τοῦ
906 3100 963 3154 δὲ
1008 3100 1213 3171 κόσμου
1240 3100 1463 3171 κτίστης
1505 3098 1571 3153 ἂν
1604 3100 1826 3162 εἰκότως
1860 3099 1954 3151 καὶ

1983 1877 2030 1935 Β

2701 1870 2855 1926 CAP.
2901 1868 2969 1924 Χ.

2063 1961 2215 2029 Quod
2252 1978 2369 2017 cum
2396 1962 2539 2017 solus
2565 1964 2633 2016 sit
2650 1963 2713 2015 de
2741 1960 2903 2015 Patre
2936 1963 3259 2032 progenitus,
3283 1964 3467 2017 merito
3487 1963 3630 2018 solus

2127 2056 2322 2108 dicitur
2350 2055 2458 2122 ipse
2482 2065 2529 2109 et
2555 2054 2713 2119 Deus,
2743 2066 2788 2107 et
2819 2052 3157 2124 Unigeuitus,
3183 2064 3337 2123 atque
3370 2052 3567 2107 Filius.

2132 2191 2232 2258 Qui
2273 2190 2566 2245 secundum
2608 2191 2894 2245 veritatem
2932 2190 3028 2245 Dei
3065 2190 3235 2244 Filius
3278 2198 3393 2253 est,
3436 2187 3503 2244 de
3535 2189 3627 2243 illo

2059 2284 2162 2337 hoc
2188 2292 2293 2348 est,
2325 2283 2391 2337 de
2420 2282 2578 2335 Patre
2608 2283 2845 2351 genitus,
2872 2282 2998 2350 quid
3022 2282 3217 2335 mirum
3244 2281 3289 2334 si
3314 2291 3368 2334 et
3385 2278 3630 2335 Dilectus

2059 2375 2262 2438 audiat,
2308 2385 2361 2429 et
2388 2374 2561 2429 Patris
2617 2374 2700 2427 sui
2736 2370 3078 2443 Unigenitus,
3120 2372 3191 2426 ob
3247 2384 3407 2441 quam
3456 2371 3630 2441 ipsam

2057 2481 2277 2521 causam
2312 2475 2367 2521 et
2393 2466 2534 2520 Deus
2587 2463 2786 2518 fuerit?
2814 2464 2887 2518 De
2910 2462 3018 2518 Deo
3035 2462 3297 2532 siquidem
3322 2463 3450 2533 quid
3482 2465 3630 2519 aliud

2056 2558 2199 2627 gigni
2227 2557 2416 2626 possit,
2445 2570 2605 2625 quam
2642 2556 2785 2624 quod
2814 2555 2914 2624 ipsi
2946 2569 3041 2624 per
3074 2555 3257 2609 omnia
3298 2555 3371 2609 sit
3413 2554 3629 2609 similli-

2058 2648 2240 2703 mum?
2285 2646 2483 2703 Condit
2520 2647 2769 2716 equidem
2810 2646 3083 2700 civitatem
3127 2660 3246 2710 rex,
3300 2657 3406 2698 non
3448 2654 3627 2717 autem

2057 2740 2224 2809 gignit
2261 2738 2567 2803 civitatem;
2597 2738 2819 2809 gignere
2853 2750 2980 2791 vero
3012 2735 3176 2791 (ilium
3198 2775 3214 2799 ,
3248 2750 3352 2789 non
3390 2735 3629 2791 condere

2056 2832 2256 2885 dicitur
2303 2848 2316 2886 :
2380 2828 2575 2883 artifex
2627 2829 2793 2883 etiam
2851 2836 3221 2888 constructor,
3285 2838 3626 2895 nequaquam

2057 2936 2192 2977 vero
2229 2929 2383 2992 pater
2414 2921 2531 2990 ejus
2572 2920 2680 2975 dici
2734 2920 2920 2985 debet,
2967 2918 3109 2987 quod
3144 2918 3452 2973 construxit
3484 2932 3500 2972 :
3534 2918 3629 2987 qui

2056 3011 2152 3066 lilii
2186 3012 2331 3066 dese
2358 3012 2694 3081 progenerati
2737 3009 2985 3065 conditor
3028 3023 3136 3062 non
3179 3006 3502 3076 appellatur.
3545 3007 3629 3060 Ad

2057 3105 2309 3159 eumdem
2339 3103 2557 3158 modum
2585 3103 2962 3157 universorum
2989 3099 3288 3167 Deus,Filii
3321 3099 3403 3155 sui
3441 3098 3627 3163 Pater,

367 3196 599 3268 ποιητὴς
625 3194 853 3262 λέγοιτο.
881 3192 944 3245 Ei
973 3193 1016 3245 δ’
1043 3190 1190 3256 ἅπαξ
1218 3208 1319 3243 που
1344 3192 1437 3262 τῆς
1463 3192 1683 3262 Γραφῆς
1709 3191 1949 3261 εὑρίσκει

2060 3194 2241 3247 mundi
2274 3192 2525 3247 conditor
2558 3191 2761 3261 optimo
2783 3190 2906 3259 jure
2933 3201 2986 3243 et
3012 3198 3355 3244 c0nstructor
3386 3188 3628 3259 appella-

366 3303 450 3348 τις
471 3288 590 3356 είρη
601 3284 779 3355 μένον,
805 3284 1019 3349 Κύριος
1052 3282 1254 3336 ἕκτισέ
1274 3298 1350 3350 με
1369 3281 1565 3349 ἀρχὴν
1583 3281 1736 3333 ὁδῶν
1762 3280 1947 3334 αὐτοῦ

365 3379 452 3442 εὶς
491 3376 635 3444 ἔργα
672 3374 857 3428 αὐτοῦ
882 3412 897 3435 ,
939 3370 1029 3424 τὸν
1064 3371 1188 3424 νοῦν
1224 3374 1542 3425 ἐπισκοπεῖν
1576 3370 1678 3441 χρὴ
1716 3370 1809 3422 τοῦ
1859 3370 1947 3423 λό-

365 3483 485 3534 γου,
520 3466 578 3518 ὃν
637 3466 829 3537 μικρὸν
860 3465 1082 3537 ὕστερον
1114 3463 1444 3534 ἐκθήσομαι⁸
1501 3462 1636 3515 ἀλλὰ
1678 3462 1773 3531 μὴ,
1809 3459 1948 3513 κατὰ

365 3558 706 3630 Μάρκελλον,
736 3559 799 3611 ὲκ
838 3558 963 3629 μιᾶς
994 3557 1191 3622 λέξεως
1232 3555 1292 3607 τὸ
1324 3554 1657 3625 κυριώτατον
1685 3553 1783 3623 τῆς
1824 3553 1946 3604 Ἐκ-

367 3652 595 3721 κλησίας
626 3650 1027 3721 Μρασαλεὺειν
1076 3650 1269 3718 δόγμα.
1308 3649 1576 3709 Κάκεῖνος
1621 3644 1751 3716 γὰρ,
1803 3644 1947 3711 ἅπαξ

365 3743 605 3805 ἀκούσας
642 3742 811 3810 Λόγον
847 3739 982 3795 εἶναι
1012 3742 1103 3795 τὸν
1126 3740 1272 3803 Υίὸν,
1301 3736 1395 3790 ἐπὶ
1417 3737 1510 3790 τὸν
1534 3735 1817 3806 ἄνθρωπον
1851 3752 1949 3788 κα-

364 3832 640 3895 ταπεσὼν,
670 3833 769 3902 τὴν
799 3831 1029 3901 ὓπαρξιν
1054 3830 1232 3899 ἠθέτει
1258 3827 1445 3880 αὑτοῦ.
1480 3828 1573 3880 Ὃν
1600 3826 1664 3897 δὴ
1695 3825 1789 3878 καὶ
1812 3824 1949 3897 πρὸς

365 3925 529 3981 αὑτοῦ
552 3925 646 3978 καὶ
671 3924 806 3994 πρὸς
830 3922 921 3975 τοῦ
941 3921 1152 3992 Πατρὸς
1172 3916 1614 3990 μαρτυρούμενον
1636 3913 1775 3969 εἶναι
1800 3916 1945 3979 Υἱὸν,

367 4017 487 4079 πῶς
518 4018 631 4078 τοῖς
669 4016 877 4077 λοιποῖς
904 4012 1179 4082 γεννητοῖς
1213 4007 1578 4079 παραϐάλλειν
1606 4007 1783 4073 ὅσιον;
1823 4005 1947 4068 Πῶς

366 4114 411 4167 δ’
441 4113 591 4165 ἔσται
627 4110 958 4182 Μονογενὴς,
986 4108 1062 4179 τῷ
1091 4106 1285 4178 πλήθει
1315 4105 1423 4159 τῶν
1454 4105 1750 4174 γεγονότων
1782 4120 1946 4156 quva-

368 4205 765 4279 ριθμοὺμενος;
800 4204 908 4256 Καὶ
941 4201 1044 4271 μὴν
1079 4200 1138 4263 ἐξ
1178 4197 1345 4267 αὑτῆς
1379 4198 1477 4267 τῆς
1508 4197 1877 4268 προσηγορίας
1919 4198 1949 4249 ὁ

368 4299 484 4361 υίὸς
512 4298 609 4368 τὴν
638 4296 773 4367 πρὸς
814 4296 906 4347 τὸν
939 4292 1150 4363 πατέρα
1190 4289 1423 4361 φυσικὴν
1459 4288 1641 4359 σχέσιν
1678 4288 1947 4358 παρίστησι

369 4404 457 4441 σιν
474 4404 489 4417 ·
515 4386 592 4449 ὡς
626 4381 693 4438 αὖ
720 4384 880 4438 πάλιν
905 4382 966 4435 τὸ
1002 4378 1283 4451 μονογενὲς
1320 4380 1490 4447 ὄνομα
1517 4378 1610 4430 καὶ
1637 4376 1731 4429 τοῦ
1760 4377 1948 4445 γένους

367 4478 695 4547 ἐφάπτεται,
726 4476 819 4528 καὶ
848 4475 945 4544 τῆς
976 4474 1278 4544 γεννήσεως
1305 4470 1494 4539 αὑτῆς,
1536 4468 1629 4521 καὶ
1667 4466 1760 4521 τοῦ
1791 4467 1946 4538 μόνον

2054 3292 2161 3337 tur.
2188 3283 2341 3349 Quod
2363 3284 2405 3339 si
2425 3282 2588 3336 semel
2615 3296 2710 3349 per
2732 3281 3037 3348 Scripturas
3054 3279 3362 3332 inveniatur
3386 3279 3623 3333 dictum:

2050 3375 2310 3429 Dominus
2359 3373 2596 3427 condidit
2644 3387 2723 3425 me
2764 3371 3080 3440 principium
3120 3371 3325 3424 viarum
3360 3370 3511 3439 ejus,
3555 3372 3626 3424 ad

2048 3482 2204 3534 opera
2242 3470 2356 3534 ejus
2391 3465 2458 3532 ⁸⁸,
2482 3463 2696 3533 penitus
2736 3462 3065 3517 sententiam
3099 3460 3217 3530 ejus
3263 3461 3413 3525 dicti,
3460 3476 3624 3531 quam

2048 3556 2205 3626 paulo
2239 3565 2359 3626 post
2387 3555 2737 3624 expositurus
2768 3567 2909 3617 sum,
2937 3552 3198 3607 debemus
3218 3552 3573 3623 introspicere
3604 3572 3619 3606 :

2047 3663 2147 3703 nec
2193 3647 2337 3716 quod
2388 3645 2642 3701 Marcello
2702 3652 3017 3713 usurpatum
3070 3642 3193 3708 fuit,
3248 3655 3469 3715 propter
3518 3645 3623 3700 hoc

2047 3737 2267 3791 unicum
2321 3736 2728 3799 testimonium,
2782 3732 3212 3788 ecclesiasticum
3285 3735 3619 3805 praecipuum

2046 3826 2239 3897 dogma
2261 3826 2604 3881 labefactare.
2626 3825 2718 3880 ille
2733 3826 2873 3879 enim
2895 3840 3018 3880 cum
3040 3826 3336 3881 audivisset
3358 3826 3438 3881 vel
3453 3826 3621 3882 semel

2050 3919 2279 3986 positum
2326 3917 2519 3971 Filium
2581 3915 2816 3971 Verbum
2868 3915 3170 3979 nominari,
3227 3915 3294 3968 ad
3350 3914 3619 3971 humanas

2048 4009 2286 4063 rationes
2316 4006 2600 4076 delapsus,
2645 4005 2813 4074 ipsius
2846 4004 3005 4073 plane
3057 4002 3276 4059 sustulit
3317 4002 3618 4057 subsisten-

2049 4100 2198 4154 tiam.
2232 4097 2363 4154 Gum
2394 4100 2484 4167 qui
2523 4112 2617 4166 per
2644 4097 2906 4166 seipsum,
2935 4104 2988 4150 et
3012 4109 3109 4164 per
3142 4094 3320 4150 Patris
3347 4094 3616 4164 prolatum

2050 4189 2440 4253 testimonium,
2478 4187 2647 4242 Filius
2675 4196 3044 4255 usurparetur,
3076 4185 3178 4239 nisi
3211 4200 3478 4239 summam
3520 4200 3618 4255 per

2047 4282 2378 4351 impietatem
2428 4295 2553 4336 cum
2613 4279 2821 4334 caeteris
2878 4277 3143 4333 creaturis
3204 4292 3305 4333 nec
3363 4278 3617 4347 componi

2048 4372 2242 4427 debeat
2272 4385 2446 4440 neque
2463 4369 2787 4440 comparari.
2818 4367 2949 4422 Nam
2979 4380 3085 4437 quo
3109 4376 3266 4438 pacto
3296 4367 3617 4438 Unigenitus

2049 4461 2303 4532 appellari
2331 4468 2528 4531 queat,
2569 4459 2662 4528 qui
2697 4474 2820 4513 cum
2854 4457 3196 4512 multitudine
3225 4467 3617 4513 annumeratur

366 4567 528 4633 εἶναι,
568 4569 664 4621 καὶ
697 4568 989 4638 μηδέτερον
1025 4563 1173 4634 αὑτῷ
1217 4563 1315 4633 τῆς
1359 4560 1601 4629 υἱότητος
1644 4560 1939 4615 κοινωνεῖν.

2053 4551 2459 4609 creaturarum?
2479 4551 2609 4605 Cum
2628 4550 2711 4605 vel
2733 4550 2800 4603 de
2821 4548 3054 4603 nominis
3076 4547 3246 4604 solius
3269 4549 3617 4617 usurpatione

379 4658 518 4712 Ἀλλ’
546 4659 754 4710 ἐοίκασι
776 4655 965 4709 ταὺτὸν
986 4653 1288 4725 Μαρκέλλῳ
1320 4649 1488 4713 πάθος
1508 4648 1828 4702 πεπονθέναι
1850 4648 1945 4702 καὶ

365 4747 533 4807 οὗτοι.
579 4752 636 4803 Ὀ
671 4750 767 4821 μὲν
799 4748 909 4818 γὰρ
929 4748 1036 4799 δέει
1064 4746 1157 4799 τοῦ
1196 4744 1268 4815 μὴ
1301 4743 1394 4796 δύο
1424 4742 1587 4805 Θεοὺς
1617 4742 1808 4804 εἰπεῖν,
1845 4740 1943 4810 τὴν

365 4843 593 4914 ἄρνησιν
615 4842 709 4894 τοῦ
732 4839 859 4894 Υἰοῦ
888 4836 1272 4910 προύϐάλλετο,
1299 4835 1397 4905 τὴν
1423 4834 1715 4886 ὑπόστασιν
1738 4831 1943 4885 ἀθετῶν

366 4935 534 4991 αὑτοῦ
555 4943 569 4965 ⁸
597 4937 646 4988 οἱ
672 4934 747 4999 δὲ,
766 4932 856 4987 δύο
887 4931 1066 4993 δόντες
1087 4928 1431 4988 ὑποστάσεις,
1457 4926 1557 4995 τὴν
1591 4924 1687 4995 μὲν
1719 4923 1944 4993 ἀγέννη-

355 5041 482 5088 τον,
511 5024 611 5093 τὴν
656 5022 699 5074 δ’
728 5020 789 5085 ἐξ
817 5020 915 5073 οὑκ
947 5019 1115 5071 ὄντων
1158 5015 1489 5077 κτισθεῖσαν,
1531 5013 1626 5066 ἕνα
1675 5012 1774 5081 μὲν
1809 5011 1941 5064 Θεὸν

358 5116 708 5185 ὑφίστανται.
746 5114 803 5165 Ὁ
835 5110 890 5163 δὲ
931 5109 1050 5172 Υἱὸς
1075 5108 1174 5160 οὑκ
1206 5105 1279 5158 ἐτ’
1309 5105 1509 5166 αὐτοῖς,
1541 5102 1663 5155 οὐδὲ
1696 5104 1937 5171 Μονογε-

2049 4644 2191 4699 ﬁlius
2228 4643 2527 4697 naturalem
2578 4642 2867 4711 quamdam
2910 4637 3154 4693 obtineat
3202 4641 3269 4693 ad
3313 4638 3615 4709 genitorem

2049 4747 2204 4788 suum
2240 4732 2575 4795 relationem,
2609 4744 2841 4800 cumque
2866 4744 3062 4784 nomen
3098 4728 3249 4795 illud,
3282 4730 3613 4800 unigenitus,

2050 4824 2116 4878 ad
2147 4838 2313 4892 genus
2343 4823 2611 4892 pertingat
2634 4861 2650 4886 ,
2698 4831 2754 4876 et
2799 4821 3201 4892 generationem
3226 4860 3242 4887 ,
3281 4820 3453 4876 solum
3492 4835 3616 4876 eum

2048 4914 2250 4969 indicet
2274 4926 2325 4968 et
2345 4914 2646 4968 solitarium
2684 4930 2697 4967 :
2727 4926 2828 4967 nec
2860 4913 2915 4967 in
2942 4912 3205 4967 liliatione
3227 4926 3346 4979 sua,
3376 4926 3615 4981 quocun-

2047 5020 2151 5077 que
2194 5021 2314 5060 cum
2362 5006 2469 5059 alio
2517 5004 2950 5074 participantem.
2983 5005 3133 5067 ιΞεΑι
3181 5004 3325 5058 enim
3364 5002 3614 5057 videntur

2047 5098 2206 5151 iidem
2233 5097 2322 5151 isti
2352 5112 2472 5151 cum
2499 5094 2748 5150 Marcello
2789 5096 2978 5151 eodem
3012 5095 3170 5164 plane
3197 5094 3355 5149 modo
3400 5091 3604 5149 affecti.

450 5283 507 5340 Et
540 5275 635 5329 Ed.
664 5273 858 5334 Paris.,
896 5286 1051 5340 pagg.
1076 5268 1165 5333 68,
1192 5268 1278 5322 69.
1358 5262 1403 5295 ⁸³
1430 5262 1584 5317 Joan.
1616 5278 1654 5328 ι,
1686 5262 1772 5315 18.
1846 5263 1892 5293 ⁸⁸
1918 5262 1944 5316 J

2058 5301 2070 5314 .
2106 5274 2189 5324 ιιι,
2227 5253 2309 5309 16.
2385 5255 2428 5285 ⁵⁵
2460 5252 2619 5306 Prov.
2646 5266 2767 5316 vui,
2801 5248 2893 5304 22.

436 5469 546 5536 (56)
578 5467 975 5536 Προηῃαένον.
1005 5464 1189 5522 Recte.
1219 5462 1369 5536 male
1394 5458 1656 5536 autemid
1683 5456 1932 5522 Socrate,

366 5529 799 5614 προηγούμενον,
835 5537 991 5614 forte
1024 5533 1392 5614 προαγόμενον
1428 5545 1463 5614 τ’
1494 5530 1585 5583 sed
1615 5529 1782 5614 'hanc
1836 5542 1935 5614 np-

366 5597 541 5669 st'rat'ti
566 5597 842 5662 lectionem
873 5597 1535 5670 tnalittt.'M.-'—Deinvulgo
1566 5597 1931 5670 yévourooidg.

445 5678 557 5749 (37)
599 5679 661 5731 '0
682 5673 1013 5749 6'_d.1110t3q.
1065 5676 1318 5749 Socrates
1357 5666 1519 5749 legit,
1544 5666 1647 5721 ὁδ’
1703 5666 1929 5749 ato-.95,

366 5736 461 5805 sed
498 5736 672 5802 minus
706 5736 918 5801 sincera
963 5736 1047 5797 est
1078 5744 1219 5797 illius
1247 5743 1407 5798 lectio
1427 5736 1595 5811 quam
1625 5748 1823 5794 nostra.
1858 5736 1929 5790 Μ.

368 5852 436 5862 -
484 5819 614 5875 Dein
640 5818 795 5886 vulgo
831 5816 924 5868 ἆτε
956 5813 1033 5866 δέ.

698 5910 968 5970 Parnm.
1000 5906 1116 5966 Gn.
1149 5905 1356 5965 XXIV

2109 5458 2222 5529 (58)
2255 5459 2316 5513 Τί
2331 5457 2440 5528 γὰρ
2468 5455 2544 5511 ἂν
2573 5458 2822 5529 γένοιτο.
2853 5456 3012 5508 Deest
3056 5466 3154 5529 vox
3205 5450 3411 5520 γένοιτο
3468 5450 3606 5529 apud

2040 5523 2315 5583 Socratem
2338 5523 2506 5592 'm'ale,
2540 5523 2631 5595 qui
2656 5536 2709 5579 et
2733 5534 2972 5580 nostram
3005 5523 3605 5595 script_uratn_corrign,

2036 5597 2246 5672 legend.
2287 5600 2450 5672 enim,
2537 5591 2618 5672 τὸ,
2644 5595 2721 5672 τῷ
2741 5592 3108 5672 γεγεννηκότι.
3138 5591 3434 5672 Μίς-Μυε
3452 5595 3607 5672 γρίιᾈι

2036 5660 2165 5738 δῆμ.
2202 5668 2460 5738 τεχνίτης
2481 5660 2536 5721 et
2567 5660 2719 5738 έκκλ.
2754 5660 3152 5736 ’παρασκεύειν
3181 5662 3357 5731 δόγμα
3389 5668 3443 5717 et
3473 5660 3606 5713 sva:

2034 5735 2128 5789 καί
2162 5746 2215 5793 et
2248 5735 2472 5805 σῦναριθ
2482 5736 2580 5807 μού
2589 5753 2768 5807 μενον.

3209 5890 3284 5947 ξϊῖ
