4088 6386
446 377 553 433 8-63

1108 374 1380 432 EUSEBH
1416 373 1898 432 CESARIENSIS
1934 375 2084 432 OPP.
2125 377 2306 431 PARS
2345 376 2432 431 IV.
2475 409 2543 420 —
2579 377 3002 435 DOGMATICA.

3582 382 3689 438 8M

449 496 568 550 Prae
621 503 761 548 metu
817 507 1046 563 namque
1078 489 1190 558 ille,
1243 507 1310 549 ne
1365 492 1502 547 duos
1552 493 1829 547 videretur
1876 491 2015 549 Deos

2123 493 2212 564 νὴς
2233 493 2404 558 ἔσται,
2433 493 2554 546 οὐδὲ
2582 493 2687 566 μὴν
2701 494 2836 566 (38')
2852 495 3072 566 Κύριος,
3091 496 3372 562 οὖδὲΘεὸς,
3400 497 3564 570 μηδὲν
3590 498 3691 569 μὲν

450 587 716 657 proﬁteri,
747 585 814 640 ad
834 582 953 638 Filii
982 582 1250 654 processit
1284 583 1716 652 abnegationem,
1752 583 2004 652 hyposta-

453 679 556 733 sim
621 679 786 748 ipsius
842 673 1150 731 inﬁciendo.
1206 673 1284 726 Illi
1349 688 1480 728 vero
1537 689 1657 728 cum
1715 673 2015 728 concedant

461 775 771 842 hypostases
800 766 953 826 duas,
978 777 1141 820 unam
1173 763 1490 834 ingenitam,
1524 769 1758 816 creatam
1789 760 2014 815 alteram

460 863 518 916 de
572 876 678 914 non
719 857 1144 920 exsistentibus,
1183 869 1348 909 unum
1397 853 1614 924 quidem
1681 851 2017 906 substituunt

456 951 640 1004 Deum.
667 949 736 1002 At
763 946 939 1017 nullus
955 945 1163 999 interea
1188 943 1292 998 illis
1314 941 1482 996 Filius
1497 941 1724 996 habetur
1751 939 1803 994 in
1830 954 2017 994 nume.

452 1049 591 1106 rato,
618 1055 725 1095 non
764 1036 1107 1109 Unigenitus,
1162 1049 1271 1090 non
1330 1033 1612 1096 Dominus,
1669 1046 1773 1086 non
1825 1032 2012 1084 Deus:

449 1148 624 1202 neque
651 1131 794 1186 enim
825 1128 1118 1198 quidquam
1148 1125 1310 1182 habet
1333 1164 1350 1190 ,
1397 1125 1694 1179 secundum
1733 1135 1860 1188 eos,
1894 1134 2015 1175 cum

446 1235 672 1295 paterna
705 1221 989 1276 divinitate
1036 1231 1320 1274 commune
1353 1233 1368 1270 :
1398 1217 1492 1270 sed
1532 1228 1628 1285 per
1657 1213 1835 1266 omnia
1866 1225 2017 1266 com-

421 1317 669 1392 lponitur
728 1327 852 1368 cum
886 1319 1260 1367 creaturarum
1305 1309 1461 1362 turba
1508 1307 1562 1359 in
1607 1306 1729 1372 hoc,
1771 1304 1912 1372 quod
1949 1302 2018 1358 de

451 1392 620 1462 nihilo
644 1403 1038 1477 procreabatur
1074 1421 1088 1456 :
1123 1401 1218 1458 sed
1240 1414 1344 1455 non
1371 1399 1434 1454 ad
1463 1400 1626 1452 istum
1668 1395 1883 1450 modum
1913 1393 2016 1449 Ec-

451 1500 639 1556 clesia.
675 1495 812 1550 Nam
853 1493 1046 1549 Filium
1077 1493 1168 1548 Dei
1201 1491 1461 1562 praedicat
1496 1489 1663 1544 Deum
1704 1487 2019 1541 Dominum-

451 1609 557 1665 que
580 1591 862 1646 verissime
882 1587 1082 1642 Filium
1106 1599 1229 1641 esse
1259 1598 1409 1648 eum,
1433 1590 1598 1650 atque
1625 1579 1795 1634 Deum
1822 1578 2015 1644 docet:

453 1704 560 1745 non
609 1685 877 1742 communi
939 1683 1170 1753 quadam
1215 1695 1337 1735 cum
1393 1677 1575 1733 multis
1619 1675 1866 1740 ratione,
1923 1671 2018 1742 qui

2120 584 2482 636 ὲπικοινωνῶν
2520 587 2585 655 τῇ
2621 585 2713 638 τοῦ
2756 586 2968 657 Πατρὸς
3006 586 3369 658 θεότητι,τοῖς
3397 588 3453 641 δὲ
3486 589 3688 654 λοιποῖς

2121 675 2400 745 κτίσμασι,
2427 674 2548 728 καθ’
2575 675 2604 728 ὃ
2631 675 2690 739 ἐξ
2728 677 2829 729 οὐκ
2864 678 3034 729 ὄντων
3067 677 3296 748 ὑπέστη,
3344 677 3691 749 παραϐαλλόη

2125 784 2300 838 μενος.
2348 767 2486 819 Ἀλλ’
2511 769 2608 837 οὐχ
2636 767 2806 831 οὕτως
2829 769 2862 838 ἡ
2907 767 3197 838 Ἐκκλησία
3217 785 3232 798 ·
3263 769 3355 822 τὸν
3378 768 3424 822 δ’
3452 769 3578 824 Υἱὸν
3598 769 3692 824 τοῦ

2121 857 2277 921 Θεοῦ,
2294 857 2426 910 Θεὸν
2454 859 2548 910 καί⁵
2575 856 2778 926 Κύριον
2805 856 3187 930 ἀνακηρύττει,
3215 860 3309 911 καὶ
3331 859 3544 930 ἀληθῶς
3563 861 3692 914 Υίὸν

2120 943 2258 1000 εἶναι
2289 949 2382 1000 xal
2407 947 2539 1001 Θεὸν
2571 948 2807 1003 διδάσκει
2834 965 2847 978 ·
2880 949 2941 1002 οὐ
2971 949 3112 1002 κατὰ
3147 949 3274 1014 τοὺς
3306 949 3532 1014 πολλοὺς
3562 953 3691 1016 τοὺς

2121 1037 2349 1108 ἐπίκλην
2368 1038 2762 1109 ὀνομασθέντας
2797 1039 2943 1105 υἱούς
2965 1057 3026 1093 τε
3056 1042 3149 1094 καὶ
3181 1040 3334 1106 θεοὺς
3354 1042 3479 1112 περὶ
3507 1035 3582 1097 ὧν
3610 1044 3691 1096 εἵ-

2126 1142 2303 1197 ρηται,
2343 1126 2482 1197 Ἐγὼ
2507 1124 2663 1182 εἶπα⁹
2705 1129 2837 1182 Θεοί
2881 1129 3054 1193 ἐστε,
3097 1129 3194 1183 καὶ
3241 1129 3361 1183 υἱοὶ
3407 1129 3692 1198 Ὑψίστου

2123 1213 2364 1281 πάντες,
2399 1216 2521 1268 καθ’
2551 1216 2578 1269 ὃ
2605 1216 2857 1286 δὲ’μόνος
2901 1216 3081 1280 αὐτὸς,
3123 1218 3152 1270 6
3193 1216 3255 1281 ἐξ
3290 1215 3454 1271 αὐτοῦ
3492 1233 3690 1288 γεννη-

2124 1305 2235 1371 Gel;
2271 1306 2365 1358 τοῦ
2399 1307 2609 1378 Πατρὸς
2652 1310 2709 1362 ὲν
2759 1311 2938 1380 μορφῇ
2983 1308 3196 1379 ὑπῆρχε
3231 1308 3389 1374 Θεοῦ,
3431 1308 3593 1362 εἰκών
3641 1309 3690 1360 τ’

2122 1393 2190 1468 ἦν
2222 1398 2314 1452 τοῦ
2347 1399 2482 1452 Θεοῦ
2522 1399 2615 1453 τοῦ
2663 1401 2892 1472 ἀοράτου
2934 1404 3028 1455 καὶ
3084 1400 3431 1473 Πρωτότοκος
3475 1399 3691 1469 ἁπάσης

2123 1491 2371 1554 κτίσεως.
2412 1491 2501 1546 Διὸ
2542 1495 2634 1546 καὶ
2677 1494 2841 1563 τιμᾷν
2888 1494 2982 1547 καὶ
3014 1493 3191 1546 σέϐειν
3229 1492 3324 1547 καὶ
3370 1493 3690 1564 προσκυνεῖν

2127 1582 2284 1652 μόνον
2315 1583 2495 1647 αὐτὸν,
2525 1581 2614 1638 οἷα
2645 1585 2846 1659 Κύριον
2873 1585 2969 1640 καὶ
2990 1585 3235 1658 Σωτῆρα,
3267 1583 3364 1638 καὶ
3383 1581 3536 1649 Θεὸν,
3563 1582 3712 1636 hum

2121 1671 2222 1743 τῆς
2250 1691 2315 1743 με
2323 1674 2540 1746 μάθηκα
2547 1693 2663 1747 μεν.

453 1781 870 1838 denominantnr
916 1777 1016 1848 ﬁtii
1057 1785 1218 1844 atque
1276 1773 1385 1834 dii.
1465 1780 1649 1840 utpote
1693 1769 1761 1824 de
1817 1767 2011 1837 quibus
2050 1764 2250 1821 dicitur
2295 1786 2309 1822 :
2349 1769 2462 1840 Ego
2503 1773 2616 1826 dixi
2644 1787 2665 1826 :
2700 1771 2787 1827 Dii
2826 1775 2982 1840 estis,
3029 1784 3078 1828 et
3127 1773 3228 1842 ﬁlii
3299 1787 3472 1825 omnes
3528 1769 3692 1824 Attis-

453 1873 573 1927 stmi
611 1870 658 1902 “
692 1884 710 1920 :
738 1869 830 1923 sed
863 1876 1021 1937 prout
1067 1881 1165 1935 par
1192 1875 1312 1918 erat
1347 1861 1496 1915 illum
1531 1861 1702 1914 solum
1747 1858 1849 1912 dici
1871 1900 1885 1924 ,
1921 1856 2012 1925 qui
2053 1855 2119 1911 de
2151 1857 2244 1912 illo
2266 1863 2658 1929 procreabatur
2708 1864 2899 1930 Patre,
2959 1864 3051 1934 qui
3109 1865 3164 1919 in
3208 1863 3382 1917 forma
3417 1860 3512 1916 Dei
3540 1862 3690 1915 exsi-

455 1967 633 2024 stebat
673 1982 686 2016 2
724 1973 779 2018 et
803 1963 977 2032 imago
1005 1959 1181 2013 fuerat
1208 1955 1496 2010 invisibilis
1536 1953 1670 2016 Dei,
1705 1948 2101 2020 Primogenitus
2145 1951 2410 2007 universae
2468 1966 2750 2011 creaturae.
2817 1956 3079 2023 Quocirca
3140 1954 3208 2009 ab
3248 1953 3485 2009 Ecclesia
3512 1951 3688 2007 edocti

453 2077 638 2118 sumus
692 2061 840 2114 illum
907 2056 1076 2112 solum
1139 2051 1318 2108 colere
1348 2089 1364 2114 ,
1425 2046 1717 2112 venerari,
1788 2045 2052 2111 adorare,

451 2155 669 2211 existat.

1099 2241 1258 2298 CAP.
1286 2238 1375 2294 Xl.

453 2340 610 2406 Quod
624 2337 859 2393 Ecclesia
892 2350 1051 2406 unum
1076 2340 1324 2406 agnoscat
1351 2337 1399 2382 et
1423 2336 1606 2406 polum
1641 2324 1805 2406 faciat
1826 2323 2012 2406 Deum,

521 2411 638 2464 licet
685 2423 848 2477 nuper
894 2394 1163 2458 admiserit
1214 2401 1364 2454 illam
1413 2394 1679 2468 formam,
1749 2394 1889 2449 Deus
1942 2398 2016 2464 .de‘

523 2480 655 2534 Dee.

522 2572 678 2640 Quod
707 2570 753 2626 si
783 2578 969 2623 autem
1004 2572 1319 2630 vereantur,
1349 2577 1418 2618 ne
1445 2563 1579 2618 duos
1603 2559 1741 2615 Deos
1775 2571 2018 2629 pronun-

453 2669 617 2721 tiasse
647 2663 919 2722 videatur,
945 2657 1122 2712 sciant
1149 2662 1387 2724 oportet,
1416 2652 1561 2722 quod
1592 2659 1866 2718 utcunque
1892 2646 2020 2701 licet

451 2755 649 2810 Filium
683 2750 1036 2821 proliteamur
1055 2744 1246 2810 Deum,
1272 2758 1410 2798 unus
1435 2751 1642 2805 tamen,
1679 2747 1869 2795 nostra
1897 2752 2019 2795 sen-

455 2846 647 2910 tentia,
690 2845 828 2898 Deus
859 2841 928 2895 sit
957 2857 969 2892 :
1007 2837 1097 2892 illc
1128 2835 1403 2898 nimirum,
1437 2834 1529 2903 qui
1561 2831 1710 2886 solus
1754 2825 2018 2898 principio

454 2939 625 2994 caret,
669 2929 761 2998 qui
816 2924 1089 2995 ingenitus
1135 2939 1151 2990 ;
1199 2922 1295 2991 qui
1329 2920 1602 2991 propriam
1633 2934 1663 2972 a
1689 2933 1748 2973 se
1780 2913 2019 2986 possidet

455 3021 789 3076 divinitatem
819 3055 836 3081 ,
870 3017 961 3086 qui
1002 3013 1102 3083 ipsi
1137 3012 1358 3080 insuper
1390 3010 1528 3065 Filio
1554 3007 1848 3065 exsistendi
1886 3019 2017 3062 cauo

454 3129 592 3176 sam,
619 3121 675 3165 et
705 3109 883 3164 taliter
914 3104 1211 3163 exsistendi
1236 3103 1405 3159 dedit.
1427 3101 1533 3157 Per
1548 3115 1710 3172 quem
1743 3109 1797 3154 et
1843 3098 2017 3168 ipsum

456 3221 536 3267 se,
565 3201 735 3257 Filius
760 3197 1050 3253 conﬁtetur
1073 3196 1274 3260 vivere,
1307 3195 1396 3250 ubi
1432 3194 1528 3259 ait,
1565 3190 2017 3258 Quemadmodum

453 3312 534 3349 me
561 3293 704 3348 misit
732 3293 901 3345 vivens
942 3286 1105 3344 Pater
1135 3301 1152 3340 :
1189 3297 1237 3341 et
1283 3303 1374 3358 ego
1419 3287 1531 3341 vivo
1563 3301 1656 3355 per
1697 3281 1915 3338 Patrem
1947 3281 2014 3333 ⁵⁷.

455 3387 522 3439 Et
546 3382 981 3456 quemadmodum
1011 3377 1176 3432 Pater
1199 3378 1349 3452 habet
1379 3377 1537 3430 vitam
1588 3375 1642 3427 in
1687 3373 1856 3443 seipse
1891 3387 1908 3426 :
1943 3375 2019 3424 ita

459 3491 661 3546 quoque
709 3483 758 3528 et
803 3469 949 3525 Filio
1005 3469 1145 3523 dedit
1196 3468 1384 3522 habere
1433 3467 1593 3521 vitam
1639 3466 1696 3519 in
1746 3464 1919 3532 seipse
1948 3462 2017 3516 ⁸⁸.

2121 2052 2304 2113 utpote
2369 2048 2461 2117 qui
2528 2049 2811 2114 Dominus,
2886 2048 3168 2115 Servator,
3217 2056 3273 2104 et
3334 2047 3479 2102 Deus
3543 2045 3688 2099 illius

2763 2233 2918 2286 ΚΕΦ.
2950 2233 3054 2284 IA'.

2117 2345 2307 2410 Ὅπως
2334 2345 2443 2400 ἕνα
2455 2345 2602 2398 Θεὸν
2623 2346 2661 2413 ἢ
2680 2347 3009 2413 Ἐκκλησία
3025 2344 3300 2414 γνωρίζει,
3323 2357 3511 2395 καιτοι
3537 2339 3690 2396 Θεὸν

2430 2417 2498 2470 ἐκ
2533 2416 2680 2470 Θεοῦ
2721 2417 2871 2471 εἶναι
2902 2414 3370 2484 παραδεχομένη.

2186 2555 2250 2608 Ei
2273 2555 2328 2606 δὲ
2367 2553 2528 2623 φόϐον
2566 2554 2746 2616 αὐτοῖς
2786 2555 3019 2624 ἐμποιεῖ,
3054 2553 3126 2624 μή
3157 2569 3230 2621 πη
3261 2549 3369 2620 ἄρα
3395 2549 3486 2601 δύο
3517 2547 3685 2610 Θεοὺς

2117 2644 2228 2716 (59)
2261 2644 2613 2716 ἀναγορεύειν
2638 2645 2866 2711 δόξαιεν,
2891 2646 3143 2710 ῐστωσαν,
3174 2641 3268 2705 ὡς,
3298 2642 3390 2696 καὶ
3427 2639 3520 2693 τοῦ
3554 2639 3680 2692 riui:

2119 2735 2256 2807 πρὸς
2287 2735 2445 2806 ἡμῶν
2474 2733 2900 2805 ὁμολογουμένου
2927 2733 3083 2796 Θεοῦ,
3118 2729 3198 2796 εἷς
3227 2733 3292 2786 ἂν
3317 2731 3525 2798 γένοιτο
3551 2727 3685 2793 Θεὸς

2122 2829 2307 2900 μόνος·
2343 2829 2548 2890 ἐκεῖνος
2575 2829 2605 2880 6
2637 2825 2794 2897 μόνος
2822 2825 3052 2897 ἄναρχος
3080 2825 3173 2878 καὶ
3200 2825 3508 2895 ἀγέννητος,
3533 2824 3562 2876 6
3585 2821 3685 2894 τὴν

2121 2918 2346 2988 θεότητα
2365 2916 2567 2971 οἰκείαν
2599 2915 2954 2986 κεκτημένος,
2981 2914 3131 2987 αὑτῷ
3160 2932 3220 2968 τε
3253 2913 3330 2985 τῷ
3357 2914 3473 2986 Υίῷ
3502 2913 3597 2966 τοῦ
3617 2910 3688 2966 εἷ-

2120 3027 2230 3074 ναι,
2267 3009 2361 3063 καὶ
2393 3007 2486 3062 τοῦ
2514 3007 2702 3079 τοιῷδε
2725 3005 2884 3071 εἶναι,
2911 3007 3149 3076 γεγονὼς
3169 3005 3361 3070 αἴτιος,
3397 3005 3464 3058 δι’
3500 3005 3560 3059 ὸν
3591 3006 3686 3058 καὶ

2119 3101 2278 3164 αὐτὸς
2303 3102 2333 3154 6
2362 3099 2488 3163 Υἱὸς
2513 3100 2764 3171 ὁμολογεῖ
2794 3099 2912 3171 ζῇν,
2948 3099 3203 3168 ἄντικρυς
3233 3097 3436 3166 λέγων’
3479 3097 3686 3161 Καθὼς

2118 3190 2437 3244 ἀπέστειλέ
2456 3204 2534 3258 με
2560 3191 2592 3243 ό
2625 3187 2736 3250 ζῶν
2765 3187 2986 3257 Πατὴρ,
3022 3188 3182 3258 κάγὼ
3208 3186 3278 3248 ζῶ
3315 3187 3412 3241 διὰ
3451 3187 3555 3241 τὸν
3573 3190 3688 3240 Πα-

2119 3282 2298 3350 τέρα.”
2319 3283 2428 3334 Καὶ
2463 3280 2665 3349 ὥσπερ
2696 3278 2806 3350 γὰρ
2843 3283 2876 3334 d
2908 3279 3109 3347 Πατὴρ
3134 3278 3284 3346 ζωὴν
3305 3279 3432 3347 ἔχει
3460 3277 3529 3330 ὲν
3553 3276 3688 3330 ἐαυ-

2117 3373 2220 3439 τῷ,
2255 3372 2405 3426 οὕτω
2432 3373 2532 3426 καὶ
2557 3371 2636 3436 τῷ
2671 3371 2780 3438 Υιῷ
2807 3371 2990 3426 ἔδωκε
3023 3370 3176 3439 ζωὴν
3204 3369 3367 3438 ἔχειν
3386 3369 3455 3420 ὲν
3475 3365 3684 3430 ἐαυτῷ.

2119 3467 2209 3520 Διὸ
2238 3466 2332 3520 καὶ
2357 3464 2513 3536 ήμῶν
2539 3465 2632 3520 καὶ
2657 3463 2848 3518 ἑαυτοῦ
2882 3463 3012 3517 Θεὸν
3041 3459 3176 3515 εἶναι
3207 3461 3442 3513 διδάσκει
3474 3458 3563 3510 τὸν
3583 3458 3687 3508 Πα-

457 3545 631 3632 Quam
663 3563 734 3619 ob
768 3576 989 3619 causam
1049 3569 1290 3613 nostrum
1345 3557 1437 3612 ille
1468 3557 1634 3612 Deum
1686 3570 1808 3610 esse
1855 3555 2018 3610 docet

2123 3559 2254 3630 τέρα
2290 3559 2348 3611 ὲν
2395 3552 2474 3621 οἷς
2517 3574 2700 3628 φησιν⁸
2746 3554 3083 3623 Ἀνέρχομαι
3119 3553 3268 3618 πρὸς
3307 3550 3415 3601 τόν
3457 3545 3686 3612 Πατέρα

462 3657 704 3720 Patrem,
729 3664 891 3724 atque
918 3667 1074 3706 suum
1115 3651 1304 3716 Deum,
1341 3649 1428 3703 ubi
1459 3648 1718 3717 loquitur,
1775 3645 1924 3700 Vade
1950 3647 2018 3699 ad

462 3745 679 3802 Patrem
706 3758 899 3808 meum,
931 3753 976 3796 et
1006 3743 1220 3795 Patrem
1249 3750 1476 3794 vestrum
1511 3752 1527 3789 :
1573 3737 1738 3792 Deum
1771 3752 1942 3790 meum
1969 3745 2020 3789 et

462 3839 630 3894 Deum
683 3833 1142 3903 vestrunt”;:sed
1173 3840 1231 3888 et
1272 3841 1437 3901 caput
1464 3843 1680 3900 quoque
1727 3827 1853 3882 Filii
1902 3841 2021 3882 esse

460 3933 626 3987 Deum
658 3932 812 3985 docet
837 3926 1090 3982 Ecclesiae
1111 3931 1169 3990 ᾗ
1204 3924 1483 3978 alumnum
1527 3936 1757 3991 magnus
1786 3921 2020 3990 Aposto-

459 4027 544 4080 lus
565 4024 656 4079 ubi
683 4025 779 4085 ait,
813 4021 979 4091 Caput
1008 4029 1182 4072 autem
1213 4015 1430 4081 Christi,
1470 4015 1610 4068 Deus
1637 4025 1711 4068 est
1745 4013 1810 4068 ⁸⁸.
1863 4011 2021 4068 Nunc

460 4116 656 4170 iterant
691 4115 756 4168 de
782 4112 919 4166 Filio
949 4110 1301 4180 prolocutus:
1339 4109 1504 4174 Atque
1535 4107 1707 4174 ipsum
1749 4106 1889 4158 dedit
1933 4122 2024 4158 ca-

461 4219 554 4279 put
595 4223 752 4276 super
785 4206 981 4269 omnia,
1017 4201 1267 4257 Ecciesiaz
1303 4216 1412 4255 sua:
1453 4215 1569 4268 qua:
1600 4210 1672 4253 est
1717 4213 1908 4267 corpus
1938 4199 2021 4265 ip-

459 4303 569 4356 sius
598 4299 666 4333 ‘°‘
696 4295 989 4364 Quocirca,
1007 4290 1266 4362 princeps
1287 4285 1376 4340 bic
1393 4283 1653 4340 Ecelesiae
1667 4295 1722 4342 et
1739 4287 1849 4341 dux
1874 4286 2024 4341 dica-

461 4403 591 4448 tur:
631 4401 792 4463 caput
823 4398 1002 4444 autem
1035 4386 1195 4456 hujus
1228 4385 1334 4439 erit
1359 4384 1518 4436 Pater
1563 4398 1578 4435 :
1628 4381 1702 4433 ita
1746 4394 1888 4433 unus
1924 4378 2025 4431 iste

2121 3668 2241 3720 μου
2289 3649 2387 3702 καὶ
2423 3647 2652 3715 Πατέρα
2695 3644 2887 3714 ὑμῶν.
2938 3642 3034 3696 καὶ
3077 3642 3224 3695 Θεόν
3249 3656 3368 3708 μου
3409 3638 3506 3691 καὶ
3539 3635 3687 3690 Θεὸν

2125 3741 2309 3811 ὑμῶν.
2341 3740 2450 3793 Kal
2480 3737 2718 3807 κεφαλὴν
2739 3737 2795 3788 δὲ
2826 3733 2987 3787 αὑτοῦ
3025 3733 3120 3804 μὲν
3145 3732 3238 3785 τοῦ
3261 3729 3390 3783 Υίοῦ
3418 3729 3508 3782 τὸν
3533 3727 3686 3789 Θεὸν,

2126 3834 2225 3903 τῆς
2255 3833 2301 3886 δ’
2336 3829 2658 3900 Ἐκκλησιας
2709 3826 2800 3880 τὸν
2825 3825 2950 3878 Υίὸν
2997 3825 3025 3876 6
3063 3824 3234 3895 μέγας
3270 3820 3586 3881 Ἀπόστολος
3614 3819 3692 3871 δι-

2127 3923 2333 3986 δάσκει,
2381 3923 2511 3991 ἡμῖν
2557 3919 2758 3985 λέγων·
2806 3913 3049 3984 Κεφαλὴ
3099 3911 3168 3964 δὲ
3210 3909 3317 3964 τοῦ
3365 3907 3620 3976 Χριστοῦ
3659 3909 3694 3960 ὸ

2130 4015 2302 4079 Θεός·
2337 4011 2414 4081 πῆ
2455 4010 2514 4064 δὲ
2556 4008 2684 4079 περὶ
2726 4005 2819 4059 τοῦ
2869 4003 2999 4057 Υἰοῦ
3045 4001 3297 4071 φάσκων·
3353 3997 3462 4053 Καὶ
3507 3996 3712 4049 αὐτόν.

2123 4105 2307 4160 ἔδωκε
2360 4100 2632 4171 κεφαλὴν
2669 4097 2822 4167 ὑπὲρ
2850 4097 3045 4149 πάντα
3081 4091 3154 4161 τῇ
3193 4089 3536 4156 Ἐκκλησία,
3564 4087 3697 4155 ἣτις

2123 4197 2254 4251 ἐστὶ
2291 4197 2356 4250 τὸ
2393 4192 2563 4262 σῶμα
2591 4189 2798 4244 αὐτοῦ.
2833 4185 3041 4241 Οὐκοῦν
3081 4184 3181 4254 τῆς
3229 4182 3329 4254 μὲν
3372 4177 3694 4248 Ἐκκλησίας

2126 4288 2286 4350 αὐτὸς
2315 4286 2426 4355 (40)
2460 4282 2700 4355 ἀρχηγὸς
2740 4281 2806 4334 ἂν
2855 4277 2964 4348 εἴη,
2995 4279 3089 4330 καὶ
3122 4273 3331 4344 κεφαλὴ
3362 4272 3417 4324 δὲ
3456 4270 3619 4324 αὐτοῦ
3667 4270 3696 4320 6

2125 4377 2336 4448 Πατήρ⁹
2361 4368 2516 4436 οὗτος
2543 4367 2625 4434 εἷς
2657 4369 2788 4432 Θεὸς
2813 4371 2840 4421 6
2861 4367 2952 4419 τοῦ
2995 4363 3312 4436 μονογενοῦς
3333 4360 3462 4414 Υἰοῦ
3484 4358 3697 4429 Πατὴρ,

463 4486 602 4540 Deus
625 4495 680 4539 et
697 4451 901 4537 lunicus
931 4451 1218 4547 fuerit'qui
1252 4485 1337 4530 est
1370 4473 1531 4527 Pater
1557 4471 1679 4525 Filii
1727 4469 2019 4537 unigeniti:

2130 4470 2225 4522 καὶ
2268 4469 2365 4538 μία
2395 4467 2427 4535 ἡ
2463 4465 2555 4518 καὶ
2584 4460 2675 4514 τοῦ
2703 4459 2872 4514 αὑτοῦ
2901 4457 2994 4510 τοῦ
3026 4453 3260 4526 Χριστοῦ
3295 4452 3522 4524 κεφαλή.
3552 4451 3696 4511 Μιᾶς

461 4577 678 4630 unicum
707 4574 871 4630 etiam
902 4579 1068 4642 caput
1099 4569 1270 4638 ipsius
1300 4565 1524 4620 Christi.
1551 4562 1687 4617 Cum
1731 4574 1864 4614 vero
1903 4559 2024 4613 uni-

462 4681 587 4721 cum
623 4661 1059 4732 sitprincipium,
1089 4667 1254 4728 caput
1284 4656 1447 4709 etiam
1499 4651 1721 4704 unicum
1773 4648 1866 4714 sit,
1893 4662 2022 4716 quo-

464 4758 625 4813 modo
652 4755 742 4810 fiet
763 4764 822 4808 ut
845 4753 954 4809 sint
983 4754 1089 4806 duo
1140 4750 1244 4813 Dii,
1293 4757 1347 4802 et
1385 4761 1490 4800 non
1524 4759 1687 4807 unus,
1714 4757 1905 4810 nempe
1936 4741 2024 4795 ille

463 4849 632 4912 solus,
660 4845 752 4915 qui
779 4844 982 4898 nullum
1010 4857 1066 4897 se
1101 4839 1435 4910 superiorem
1485 4836 1684 4890 habet:
1717 4833 1802 4888 cui
1843 4833 2021 4887 nullus

462 4942 600 4996 alius
647 4952 866 4994 causam
918 4932 1244 4990 subsistendi
1292 4928 1562 4985 contulit?
1606 4929 1723 4997 qui,
1765 4937 1823 4979 ιιι
1863 4941 2020 4980 suum

461 5033 728 5106 peculium
743 5027 1005 5098 quoddam
1018 5066 1031 5092 ,
1049 5025 1298 5080 deitatem
1325 5021 1762 5093 inprincipiatam
1780 5028 1835 5072 et
1863 5019 2018 5088 inge-

2128 4561 2182 4613 δὲ
2215 4559 2378 4628 οὔσης
2398 4555 2572 4626 ἀρχῆς
2592 4569 2652 4606 τε
2681 4551 2773 4604 καὶ
2799 4548 3056 4618 κεφαλῆς,
3083 4545 3200 4609 πῶς
3225 4546 3291 4599 ἂν
3319 4545 3557 4612 γένοιντο
3576 4543 3699 4596 Θεοί⁵

2127 4651 2240 4715 δύο,
2271 4651 2390 4720 οὐχὶ
2420 4648 2477 4700 δὲ
2521 4641 2603 4708 εἷς
2643 4644 2848 4705 ἐκεῖνος
2895 4640 3072 4711 μόνος,
3109 4640 3138 4691 6
3167 4637 3366 4708 μηδένα
3406 4634 3694 4706 ἀνώτερον,

2133 4742 2266 4815 μηδὲ
2299 4739 2486 4793 ἑαυτοῦ
2518 4737 2687 4790 αἴτιον
2718 4732 2902 4804 ἓτερον
2926 4728 3392 4801 ὲπιγραφόμενος;
3421 4727 3617 4778 οἰκεῖον
3641 4723 3699 4778 δὲ

2129 4837 2224 4891 καὶ
2251 4835 2505 4904 ἄναρχον,
2533 4829 2628 4884 καὶ
2651 4826 2942 4896 ἀγέννητον
2969 4823 3069 4892 τῆς
3098 4817 3428 4892 μοναρχικῆς
3453 4815 3698 4882 ἐξουσίας

2129 4928 2227 5001 τὴν
2249 4927 2476 4996 Θεότητα
2499 4919 2855 4992 κεκτημένος,
2881 4917 2972 4970 καὶ
2990 4915 3067 4984 τῷ
3093 4912 3207 4982 Υἱῴ
3224 4912 3321 4982 τῆς
3354 4908 3546 4963 ἑαυτοῦ
3579 4907 3699 4960 Θεό-

2130 5000 2290 5091 τητός
2324 5035 2384 5070 τε
2417 5017 2510 5071 καὶ
2536 5015 2679 5085 ζωῆς
2707 5009 2989 5083 μεταδοὺς,
3019 5009 3047 5060 6
3078 5006 3136 5060 δὲ
3167 5002 3330 5058 αὐτοῦ
3365 5001 3435 5056 τὰ
3457 5000 3705 5071 σύμπαν-

535 5196 595 5252 ›Ῑ‹
641 5187 736 5241 Ed.
769 5182 969 5251 Paris.,
996 5198 1121 5253 pag.
1147 5182 1233 5237 70.
1308 5180 1355 5213 "
1385 5179 1525 5236 Psal.
1556 5194 1742 5242 LXXXI,
1769 5177 1822 5232 6.
1898 5181 2119 5238 "Joan.
2149 5178 2330 5247 “,57.
2406 5177 2453 5207 ⁵⁸
2481 5173 2638 5229 Joan.
2662 5171 2827 5236 v.26.
2900 5168 2944 5198 ⁶⁹
2973 5164 3126 5219 Joan.
3155 5177 3248 5226 xy,
3284 5161 3371 5215 17.
3421 5159 3465 5190 ⁸⁸
3516 5151 3538 5206 ι
3575 5149 3714 5213 Cor.

472 5293 550 5335 xx,
581 5272 667 5330 5.“
711 5275 779 5307 '0‘
807 5272 1007 5344 Ephes.
1037 5293 1078 5344 ι,
1107 5273 1197 5340 2‘2,
1231 5269 1322 5331 25.

500 5438 664 5561 5(53‘)
698 5439 865 5508 Vulgo
897 5439 996 5510 μέν
1029 5449 1083 5494 et
1108 5439 1320 5508 ὑπῆρχε
1351 5433 1446 5488 τοῦ
1479 5429 1616 5486 Θεοῦ
1657 5440 1713 5486 et
1773 5430 2026 5502 μεμάθη-

528 5528 575 5561 ν.

461 5528 575 5564 κεν.

2208 5425 2321 5497 (40)
2360 5422 2646 5497 Ἀρχηγὸς
2676 5420 2751 5475 ἂν
2793 5418 2904 5485 εἴη.
2936 5415 3097 5496 ξοτιθ
3125 5413 3295 5497 deest,
3328 5415 3422 5497 καὶ
3444 5409 3699 5497 stagni).

2135 5481 2272 5552 Nam
2297 5481 2585 5562 caput’es't,
2616 5481 2682 5546 de
2733 5503 2840 5562 quo
2870 5481 3055 5562 ’ταῦτα
3103 5483 3342 5562 στρέφει,
3383 5483 3516 5562 latet
3543 5481 3704 5562 forte

534 5552 646 5645 (39)
679 5577 1046 5646 Aea-reperiens
1092 5575 1283 5640 δόξαι,
1335 5575 1713 5646 ἐνίστωσαν-.-
1747 5568 1914 5646 Lege,
1976 5576 2019 5622 et

2138 5552 2447 5646 aria-niza'n‘s
2473 5552 2898 5646 hic"Eus‘ebiu'sl.,
2942 5557 3097 5646 Inice
3139 5552 3312 5646 eiti'tn
3342 5561 3396 5646 ett
3436 5552 3704 5606 similibus

465 5623 1066 5716 detegenda.
1093 5623 1601 5716 regem;
1617 5623 1856 5716 Δέξαξεντ
1872 5623 2019 5716 re...

2141 5635 2461 5716 testimoniis
2487 5632 2776 5716 uitabant?!
2807 5627 2903 5692 illi,
2918 5635 2976 5716 et
2995 5624 3200 5716 Filium
3223 5623 3705 5716 Βξὶ,άναρχον.ιιοῖ

469 5734 568 5770 σαν
584 5711 726 5789 θοός
757 5719 880 5789 dein
909 5711 1064 5788 vulgo
1089 5716 1154 5789 μὲ
1172 5715 1281 5780 ζῶν
1311 5727 1366 5775 et
1393 5733 1449 5774 κ.
1477 5714 1666 5782 ὥσπερ
1689 5713 1718 5765 6
1747 5711 1942 5780 Πατήρ
1973 5717 2026 5764 et

467 5783 705 5856 κεφαλὴν
726 5785 824 5854 μὲν
848 5803 898 5838 τ.

2142 5689 2359 5770 αξὼεηέ,
2393 5689 2450 5760 et
2493 5701 2683 5770 ἀΐδιον.
2718 5696 2793 5750 M.
2821 5689 2897 5739 -’
2918 5697 3049 5754 Dein
3075 5695 3236 5765 vulgo
3262 5695 3298 5764 ἡ
3327 5692 3422 5746 τοῦ
3451 5689 3618 5746 αὐτοῦ
3648 5698 3708 5746 et

2143 5766 2352 5843 γένοιτο
2383 5783 2438 5830 et
2461 5771 2582 5842 οὐχὶ
2611 5766 2710 5833 εἷς.
