4088 6382
404 363 508 420 845

1415 360 1502 414 DE
1539 358 2064 415 ECCLESIASTICA
2104 354 2499 412 THEOLOGIA
2538 354 2669 409 LIB.
2709 354 2755 408 1.
3544 348 3640 404 846

399 496 467 532 τα
512 478 623 548 (Η)
677 477 1147 547 ὑποστησάμενοςο
1208 478 1237 527 6
1286 474 1629 528 ἀποστέλλων
1690 474 1879 526 αὐτόν·
1944 474 1973 525 6

2082 479 2318 525 neratam
2351 484 2474 523 cum
2506 437 2851 523 monarchica
2888 474 3158 535 potestate
3213 481 3464 536 suprema
3517 480 3646 536 pos-

399 569 752 639 προστὰττων
800 566 969 635 αὐτῷ,
1018 569 1046 619 6
1090 565 1491 635 ἐντελλόμενος·
1554 567 1583 616 6
1618 564 1910 617 διδάσκων·
1946 565 1974 614 6

401 657 580 709 πάντα
612 654 759 725 αὐτῷ
784 654 1130 725 παραδιδοὺς,
1172 656 1200 705 6
1231 653 1465 717 δοξάζων
1506 654 1665 705 αὐτόν
1686 669 1699 681 ·
1742 655 1769 706 6
1805 654 1973 723 ὑπερ-

400 750 550 818 υψῶν
570 765 582 778 ·
619 748 646 798 6
676 746 959 810 ἀναδείξας
983 746 1204 815 βασιλέα
1237 745 1343 797 τῶν
1366 744 1500 797 ὅλων
1520 762 1532 773 ·
1565 748 1593 797 6
1622 746 1800 796 πᾶσαν
1827 744 1975 814 αὐτῷ

400 839 497 909 τὴν
528 838 709 908 κρίσιν
736 835 1097 907 παραδιδούς·
1142 836 1172 887 6
1222 837 1311 889 καὶ
1336 838 1481 905 ἡμᾶς
1514 834 1657 905 αὐτῷ
1697 834 1974 887 πείθεσθαι

402 929 751 1000 βουλόμενος·
786 929 813 979 6
844 928 934 979 τὸν
967 928 1023 979 ἐν
1046 926 1193 997 δεξιᾷ
1226 929 1322 997 τῆς
1359 926 1826 996 μεγαλοπρεπείας
1880 926 1976 977 αύ-

397 1020 491 1072 τοῦ
529 1019 776 1088 κατέχειν
819 1018 1003 1087 θρόνον
1033 1019 1480 1089 ἐγκελευόμενος;
1524 1020 1581 1069 ἐν
1613 1017 1689 1087 τῷ
1724 1034 1977 1087 προσφω-

400 1113 511 1164 νεῖν
544 1110 691 1179 αύτῷ
723 1111 813 1162 καὶ
856 1112 1034 1178 λέγειν
1054 1129 1067 1141 ·
1104 1110 1300 1164 Κάθου
1326 1110 1393 1162 ἑκ
1420 1108 1633 1173 δεξιῶν
1662 1125 1800 1177 μου·
1833 1111 1860 1161 6
1890 1109 1976 1161 διὰ

402 1200 574 1253 ταῦτα
611 1202 807 1264 πάντα,
843 1202 937 1252 καὶ
972 1201 1135 1255 αὑτοῦ
1181 1200 1438 1270 ὑπάρχων
1473 1200 1565 1252 τοῦ
1596 1199 1725 1252 Υἱοῦ
1750 1200 1900 1261 Θεὸς,
1933 1193 1977 1266 ᾧ

405 1292 721 1361 πειθόμενος
750 1294 777 1345 6
809 1292 1115 1362 Μονογενὴς
1136 1291 1299 1345 αὐτοῦ
1335 1295 1483 1354 παῖς,
1516 1291 1815 1344 ἐκένωσεν
1838 1292 1976 1344 ἐαυ-

402 1382 527 1445 τὸν,
560 1382 959 1435 ἐταπείνωσεν
983 1382 1218 1445 ἑαυτὸν,
1250 1382 1485 1451 μορφὴν
1500 1382 1722 1435 δούλου
1738 1383 1977 1449 ἀνείλη-

402 1489 536 1540 φεν,
559 1471 829 1539 ὑπήκοος
852 1472 1027 1541 μέχρι
1049 1472 1307 1527 θανάτου
1333 1472 1598 1542 γέγονεν’
1620 1465 1665 1539 ᾧ
1690 1472 1783 1525 καὶ
1808 1488 1977 1543 προσ‹

403 1562 642 1633 εύχεται,
738 1562 1007 1617 κελεύοντι
1035 1563 1306 1616 πείθεται’
1342 1557 1385 1630 ᾧ
1419 1563 1512 1615 καὶ
1541 1564 1882 1633 εὐχαριστεῖ·
1918 1560 1976 1613 ὃν

403 1656 497 1708 καὶ
561 1654 717 1725 μόνον
765 1654 1013 1727 ἀληθινὸν
1066 1654 1197 1706 Θεὸν
1232 1654 1480 1723 ἡγεῖσθαι
1524 1656 1667 1724 ἡμᾶς
1717 1653 1975 1718 διδάσκει,

404 1748 625 1818 μείζονὰ
660 1766 719 1800 τε
753 1745 888 1800 εἷναι
938 1747 1129 1800 ἑαυτοῦ
1160 1747 1441 1818 ὁμολογεῖ’
1483 1748 1541 1801 ὃν
1574 1748 1667 1799 ἐπὶ
1693 1749 1823 1800 πᾶσι
1858 1746 1978 1799 τού-

2078 563 2283 625 sidetis,
2320 560 2513 615 Filium
2549 559 2870 628 participem
2900 556 3030 612 fecit
3060 572 3170 611 sua:
3194 558 3316 611 vitae
3359 568 3415 610 et
3449 557 3650 611 divini-

2078 654 2207 707 tatis
2237 671 2250 707 :
2282 668 2374 707 sua
2412 652 2590 705 omnia
2624 649 2867 717 subjecta
2906 650 2952 702 ei
2987 649 3208 702 tradidit
3252 666 3265 701 :
3307 664 3431 703 cum
3473 648 3648 713 misit,

2077 746 2357 801 mandavit
2389 745 2491 808 illi,
2525 745 2575 798 in
2610 742 2894 812 praeceptis
2929 741 3096 804 dedit,
3132 741 3335 804 docuit,
3364 742 3543 796 omnia
3572 740 3647 794 illi

2078 837 2317 903 donavit,
2373 835 2523 889 illum
2584 832 2925 904 gloriﬁcavit,
2994 830 3143 883 illum
3198 818 3643 899 superexaltavit,

2077 945 2261 998 regem
2300 929 2676 983 universorum
2714 924 3033 988 declaravit,
3062 923 3325 989 judicium
3369 940 3529 980 omne
3571 926 3647 981 illi

2081 1022 2324 1084 tradidit,
2368 1035 2467 1075 nos
2520 1019 2689 1073 voluit
2741 1018 2814 1071 illi
2870 1017 3268 1085 obtemperare,
3316 1015 3477 1085 jussit
3522 1031 3645 1071 eum

2078 1116 2261 1169 sedem
2303 1128 2456 1167 suam
2517 1111 2852 1165 constituere
2905 1127 2935 1165 a
2995 1110 3185 1163 dextra
3230 1110 3649 1178 magniﬁcentia:

2078 1214 2207 1261 suae,
2254 1215 2376 1251 cum
2412 1198 2490 1252 sic
2530 1196 2677 1252 illum
2726 1196 2924 1252 affatus
2964 1200 3407 1266 proloqueretur,
3443 1198 3577 1253 Sede
3614 1216 3649 1253 ιι

2078 1292 2276 1345 dextris
2320 1293 2468 1357 meis,
2499 1291 2589 1361 qui
2622 1292 2692 1345 ob
2723 1292 2823 1345 ista
2846 1291 3055 1358 singula
3088 1302 3141 1345 et
3174 1293 3452 1359 universa,
3480 1293 3649 1361 ipsius

2078 1379 2439 1438 Filiiexsistat
2472 1381 2643 1435 Deus:
2672 1382 2756 1436 cui
2791 1384 3190 1450 obtemperatus
3229 1383 3533 1453 unigenitus
3566 1383 3649 1438 Fi¢

2080 1474 2207 1537 lius,
2247 1480 2423 1528 semet
2450 1474 2753 1533 exinanivit
2788 1474 2984 1540 ipsum,
3013 1486 3132 1527 sese
3165 1474 3490 1540 humiliavit,
3533 1474 3646 1529 for-

2080 1579 2222 1616 mam
2271 1568 2413 1617 servi
2465 1563 2761 1632 accipiens,
2807 1564 2986 1617 factus
3033 1564 3292 1619 obediens
3343 1580 3514 1634 usque
3576 1570 3645 1621 ad

2081 1664 2331 1710 mortem.
2362 1655 2533 1720 Quem
2562 1654 2814 1722 precibus
2850 1655 3187 1723 interpellat:
3222 1656 3306 1709 cui
3329 1656 3535 1723 obedit,
3560 1659 3649 1713 cui

2080 1747 2284 1816 gratias
2334 1748 2465 1815 agit,
2514 1760 2673 1814 quem
2737 1748 2911 1799 solum
2964 1746 3180 1799 unicum
3238 1762 3427 1801 verum
3480 1750 3648 1804 Deum

399 1856 511 1903 τοις
542 1840 773 1892 καὶΘεὸν
803 1835 940 1893 εἶναι
968 1841 1160 1892 ἑαυτοῦ
1191 1840 1396 1903 πάντας
1454 1841 1600 1910 ἡμᾶς
1630 1839 1823 1892 εἰδέναι
1855 1838 1976 1908 βού-

2082 1839 2301 1892 credere
2356 1852 2454 1891 nos
2496 1838 2694 1891 docet:
2738 1852 2899 1906 quem
2945 1852 3004 1891 se
3037 1837 3295 1907 majorem
3338 1840 3644 1908 proﬁtetur,

401 1930 573 1984 λεται.
605 1932 699 1983 Ὃν
727 1931 866 1984 οὕτω
905 1931 1195 1995 δοξάζοντα
1217 1931 1307 1985 τὸν
1333 1930 1526 1983 ἑαυτοῦ
1549 1932 1784 2001 Πατέρα,
1816 1934 1977 2001 ἀμοι-

403 2022 571 2085 ϐαίως
603 2024 959 2089 ἀντιδοξάζων
995 2026 1021 2075 ὁ
1055 2024 1264 2095 Πατὴρ,
1298 2025 1391 2076 καὶ
1424 2023 1647 2093 Κύριον,
1681 2024 1773 2076 καὶ
1794 2024 1979 2093 Σωτῆ-

403 2131 494 2185 ρα,
519 2115 611 2167 καὶ
640 2114 770 2166 Θεὸν
801 2116 909 2166 τῶν
940 2115 1093 2178 ὅλων,
1123 2115 1215 2180 καὶ
1247 2114 1530 2184 σύνθρονον
1562 2114 1661 2183 τῆς
1690 2114 1853 2167 αὑτοῦ
1886 2115 1981 2183 βα-

404 2204 606 2266 σιλείας
628 2204 881 2269 ἀνέδειξε.
909 2206 973 2255 *Α
995 2205 1059 2273 δὴ
1087 2205 1486 2275 πεπαιδευμένη
1512 2207 1545 2274 ἡ
1578 2204 1977 2276 Ἐκκλησίατοῦ

402 2296 557 2359 Θεοῦ,
587 2296 782 2365 ἐαυτῆς
808 2296 903 2365 μὲν
931 2298 1023 2349 καὶ
1048 2296 1201 2357 Θεὸν,
1235 2296 1328 2349 καὶ
1371 2297 1572 2367 Κύριον
1606 2300 1700 2350 καὶ
1732 2300 1975 2369 Σωτῆρα,

403 2385 497 2439 τοῦ
546 2387 590 2438 δ’
618 2387 710 2439 ἐπὶ
743 2386 958 2439 πάντων
989 2387 1122 2440 Θεοῦ
1154 2387 1280 2439 Υἱὸν
1311 2388 1572 2458 μονογενῆ
1623 2390 1783 2443 αὐτὸν
1817 2389 1977 2457 γινώ-

406 2491 552 2527 σκειν
574 2516 587 2539 ,
616 2479 706 2530 καὶ
733 2478 922 2532 οὐδένα
950 2479 1047 2548 μὲν
1072 2478 1228 2531 ἄλλον
1248 2477 1355 2530 τῶν
1380 2479 1651 2547 γεννητῶν
1682 2478 1979 2549 ἀναγορεύ-

404 2582 485 2618 ειν
520 2566 651 2620 Θεὸν
679 2567 837 2632 ἁξιοῖ,
871 2569 1029 2638 μόνον
1051 2571 1107 2621 δὲ
1144 2569 1328 2622 τοῦτον
1363 2564 1468 2621 οἶδε
1497 2569 1650 2632 Θεὸν,
1680 2569 1738 2621 ὃν
1764 2570 1919 2639 μόνον
1952 2574 1979 2623 6

404 2656 592 2729 Πατὴρ
618 2659 676 2722 ἐξ
702 2660 893 2712 ἑαυτοῦ
924 2660 1133 2728 ἐγέννα.
1173 2663 1379 2732 ’Ὠσπερ
1407 2656 1498 2714 οὖν
1528 2660 1688 2723 αὐτὸς
1712 2660 1799 2713 διὰ
1827 2661 1980 2714 Σολο-

411 2747 588 2817 μῶνος
644 2748 881 2821 παρίστη
910 2749 1085 2818 λέγων
1110 2768 1123 2781 ·
1170 2750 1291 2818 Πρὸ
1317 2751 1421 2805 τοῦ
1458 2750 1563 2817 ὄρη
1596 2749 1976 2818 ἑδρασθῆναι,

407 2839 521 2906 πρὸ
549 2840 617 2893 δὲ
641 2840 882 2894 πάντων
904 2842 1149 2906 ,Βουνῶν
1176 2842 1357 2913 γεννᾷ
1387 2860 1481 2911 με,
1518 2836 1619 2895 ὧδέ
1654 2861 1727 2914 πη
1757 2845 1858 2914 ὅρη
1889 2845 1981 2897 καὶ

408 2928 627 2997 βουνοὺς
651 2930 750 2994 τὰς
778 2930 927 2994 θείας
961 2934 1053 2986 καὶ
1086 2930 1488 3002 ὑπερκοσμίους
1517 2933 1773 3002 δυνάμεις
1806 2934 1978 2985 αἰνιτ-

408 3020 650 3091 τόμενος.

1042 3293 1197 3347 ΚΕΦ.
1247 3294 1345 3345 lB'.

457 3381 551 3447 Ὠς
587 3383 847 3452 ἄῤῥητος
874 3386 1060 3439 αὐτοῦ
1086 3387 1123 3453 ἡ
1144 3386 1212 3438 ἐκ
1242 3386 1351 3454 τοῦ
1382 3386 1609 3452 Πατρός
1640 3384 1943 3454 γέννησις.

481 3474 544 3526 El
580 3474 635 3526 δὲ
670 3473 732 3545 δὴ
762 3475 872 3543 (ιε)
908 3452 1319 3547 περιεργάζοιτό
1345 3452 1452 3539 ὶτις,
1494 3477 1587 3527 καὶ
1618 3452 1733 3537 πῶς
1760 3475 1826 3526 ἂν
1860 3490 1981 3541 γεν-

407 3567 619 3638 νήσειεν
642 3569 669 3620 6
701 3568 853 3630 Θεὸς,
881 3569 996 3633 πῶς
1024 3570 1068 3622 δ’
1094 3569 1245 3623 ἔσται
1272 3569 1460 3640 Πατὴρ
1489 3570 1556 3639 (6)
1589 3568 1841 3621 ἐπέκεινα
1874 3569 1980 3621 τῶν

407 3659 578 3722 ὅλωνς
634 3659 691 3711 τὸ
721 3661 991 3730 τολμηρὸν
1018 3662 1113 3714 τοῦ
1145 3662 1425 3732 πύσματος
1457 3662 1795 3731 κατασιγάσῃ
1824 3662 1852 3713 6
1872 3661 1979 3730 φή-

410 3769 508 3814 σας
527 3769 539 3782 ·
584 3751 883 3819 Βαθύτερά
916 3752 1025 3822 (4⁸5)
1057 3768 1170 3805 σου
1196 3752 1281 3821 μὴ
1313 3752 1483 3818 ζήτει,
1515 3753 1610 3805 καὶ
1640 3753 1983 3823 ὑψηλότερὰ

407 3861 524 3897 σου
535 3842 619 3912 μὴ
637 3843 867 3906 ἐξέταζε
892 3860 905 3873 ⁸
936 3842 974 3896 ἃ
995 3843 1332 3912 προσετάγη
1360 3860 1478 3909 σοι,
1504 3844 1686 3897 ταῦτα
1715 3845 1975 3899 διανοοῦ

407 3936 482 3988 οὺ
496 3933 605 4002 γάρ
623 3936 756 3987 ἐστί
769 3950 865 3987 σοι
882 3934 1049 4001 χρεία
1065 3935 1182 3987 τῶν
1210 3934 1504 4001 κρυπτῶν.
1526 3937 1632 3987 Καὶ
1646 3937 1673 3986 6
1692 3936 1899 3999 Παῦλος
1924 3937 1980 3989 δὲ

408 4023 597 4078 εἰπών’
621 4025 688 4078 Ὢ
702 4023 893 4089 βάθος
917 4024 1180 4077 πλούτου
1201 4024 1297 4075 καὶ
1323 4026 1558 4092 σοφίας,
1583 4024 1680 4080 καὶ
1712 4025 1983 4093 γνώσεως

411 4114 594 4168 Θεοῦ]
631 4115 710 4179 ὠς
747 4114 1182 4182 ἀνεξερεύνητα
1227 4117 1300 4167 τὰ
1342 4115 1591 4183 κρίματα
1628 4115 1853 4170 αὐτοῦ]
1884 4116 1984 4169 καὶ

413 4205 865 4273 ἀνεξιχνίαστοι
898 4209 954 4259 ai
988 4205 1112 4259 ὁδοὶ
1143 4205 1363 4258 αὑτοῦ]
1394 4206 1496 4258 Τὸν
1535 4206 1841 4277 περαιτέρω
1872 4224 1981 4275 χω-

414 4299 525 4368 ρεῖν
556 4296 871 4367 τολμῶντα,
905 4296 978 4367 μὴ
1010 4297 1315 4365 ἀνεφίκτοις
1358 4297 1652 4367 ἐπιχειρεῖν
1685 4296 1716 4367 ἢ
1752 4297 1983 4349 πειθέτω

409 4385 582 4455 λέγων
602 4388 860 4459 πρότερον
885 4386 1065 4449 αὐτὸς,
1093 4385 1127 4438 ἃ
1145 4386 1206 4456 δή
1243 4403 1403 4457 φησιν
1430 4386 1488 4450 ἐξ
1515 4387 1614 4439 οὐκ
1639 4386 1805 4441 ὄντων
1828 4400 1983 4454 γεγοδ

2083 1944 2355 1999 quemque
2390 1929 2565 1982 adhuc
2604 1943 2767 1997 super
2795 1927 3001 1995 omnia,
3036 1944 3193 1983 suum
3225 1946 3441 2000 quoque
3484 1932 3650 1986 Deum

2081 2033 2222 2082 esse,
2257 2034 2353 2073 nos
2380 2034 2570 2097 omnes
2605 2030 2659 2073 et
2704 2019 2948 2089 singulos
2980 2021 3122 2075 scire
3167 2022 3355 2078 voluit.
3385 2024 3553 2092 Quem
3583 2026 3652 2080 ad

2082 2110 2244 2165 istum
2283 2112 2499 2165 modum
2545 2109 2762 2164 Patrem
2794 2126 2949 2164 suum
3002 2111 3419 2181 gloriﬁcantem,
3466 2114 3649 2180 Pater,

2080 2202 2370 2257 viceversa
2418 2200 2759 2271 gloriﬁcavit,
2812 2215 3042 2266 eumque
3094 2203 3400 2270 Dominum,
3452 2206 3651 2260 Serva-

2084 2301 2279 2359 torem,
2311 2293 2479 2346 Deum
2509 2290 2910 2357 universorum,
2948 2303 3259 2347 consortem
3303 2296 3385 2349 sui
3431 2310 3651 2366 quoque

2082 2384 2291 2453 imperii
2324 2379 2499 2452 palam
2524 2382 2842 2437 declaravit.
2874 2382 2999 2437 llaec
3029 2399 3058 2437 a
3092 2370 3201 2438 Deo
3232 2386 3420 2441 edocta
3465 2388 3649 2443 Eccle-

2079 2476 2159 2530 sia
2198 2476 2347 2530 illum
2379 2477 2567 2540 Deum,
2597 2475 2903 2539 Dominum,
2932 2475 3299 2545 Servatorem,
3331 2476 3528 2535 Filium
3553 2480 3648 2537 hei

2090 2570 2327 2638 supremi
2362 2568 2707 2639 Unigenitum
2745 2570 3011 2641 agnoscit,
3048 2587 3148 2626 nec
3175 2571 3243 2625 ab
3280 2587 3347 2629 eo
3394 2588 3516 2627 eum
3571 2592 3653 2629 re-

2081 2662 2329 2725 cesserit,
2370 2662 2512 2717 inter
2549 2670 2851 2727 creaturas,
2887 2670 3146 2731 praeterea
3192 2664 3488 2734 quidquam
3519 2682 3649 2733 pro-

2082 2755 2267 2806 ﬁtetur
2312 2752 2504 2806 Deum.
2558 2751 2743 2808 Solum
2806 2751 2960 2806 illum
2994 2754 3191 2822 quippe
3243 2754 3411 2808 Deum
3466 2757 3640 2819 novit,

2080 2860 2243 2914 quem
2267 2843 2442 2899 solum
2487 2844 2553 2898 de
2583 2858 2641 2899 se
2675 2843 2860 2913 genuit
2883 2842 3063 2899 Pater.
3102 2845 3563 2911 Quemadmodum
3597 2852 3652 2899 et

2082 2937 2199 3005 ipse
2231 2951 2326 3005 per
2365 2935 2709 2991 Salomonem
2748 2937 2992 3007 loquitur
3031 2952 3047 2989 :
3086 2933 3407 3005 Priusquam
3452 2948 3650 2990 montes

2080 3026 2464 3089 stabilirentur,
2524 3038 2647 3080 ante
2682 3043 2858 3081 omnes
2918 3027 3076 3081 colles
3103 3028 3377 3097 progenuit
3406 3044 3503 3081 me.
3550 3026 3655 3081 Pet

2008 3154 2054 3215 Ο
2086 3128 2297 3172 montes
2322 3126 2379 3172 et
2408 3116 2576 3171 colles
2629 3118 2702 3172 ibi
2736 3118 2979 3173 indicare
3017 3117 3183 3171 voluit
3224 3118 3437 3174 divinas
3468 3126 3525 3173 et
3557 3133 3652 3173 su-

2083 3208 2482 3276 permundanas
2520 3216 2838 3277 potestates.

2712 3298 2863 3352 CAP.
2908 3294 3016 3352 XII.

2122 3395 2180 3451 ᾖ(
2206 3388 2355 3453 Quod
2381 3390 2446 3442 sit
2482 3390 2849 3443 inenarrabilis
2876 3390 3023 3443 illius
3045 3390 3109 3443 de
3138 3388 3302 3446 Patre
3327 3394 3615 3461 generatio.
3666 3388 3669 3397 ’

2154 3478 2309 3544 Quod
2342 3479 2387 3532 si
2415 3479 2535 3547 quis
2569 3480 2836 3535 curiosius
2870 3480 2960 3534 hic
2989 3481 3271 3551 sategerit,
3292 3492 3347 3536 et
3383 3485 3653 3551 quomodo

2083 3570 2153 3623 sit
2182 3570 2271 3625 ille
2303 3568 2448 3625 Deus
2481 3582 2631 3640 roget
2660 3592 2672 3625 :
2705 3573 2973 3641 quomodo
3004 3573 3109 3627 erit
3154 3562 3335 3638 Pater,
3367 3574 3456 3644 qui
3489 3590 3654 3645 super

2081 3662 2262 3715 omnia
2305 3664 2432 3717 est?
2480 3663 2737 3719 audacem
2784 3664 2941 3733 hujus
2992 3664 3222 3719 hominis
3272 3665 3653 3736 interrogatio-

2085 3768 2205 3806 nem
2244 3764 2558 3823 compescet
2585 3756 2630 3809 is
2657 3755 2748 3824 qui
2782 3758 2880 3819 ait,
2913 3752 3275 3820 Profundiora
3298 3765 3346 3809 te
3370 3795 3387 3822 ,
3420 3774 3482 3811 ne
3508 3775 3653 3827 quar-

2083 3840 2267 3895 siveris
2287 3883 2301 3906 ,
2351 3852 2398 3895 et
2439 3842 2725 3895 excelsiora
2773 3851 2822 3896 te
2847 3882 2864 3909 ,
2907 3858 2969 3896 ne
2998 3839 3253 3911 ,exquiras
3281 3859 3300 3897 :
3329 3842 3425 3896 illa
3454 3844 3653 3912 cogita,

2082 3948 2200 4001 quas
2236 3929 2327 3982 tibi
2355 3930 2622 3997 imperavit
2652 3946 2670 3983 :
2697 3946 2858 4000 neque
2892 3931 3028 3985 enim
3056 3932 3150 3984 tibi
3176 3948 3304 3999 opus
3326 3944 3402 3985 est
3425 3944 3654 3988 secreto-

2084 4039 2202 4076 rum
2229 4024 2308 4087 “;
2342 4031 2397 4077 et
2425 4021 2624 4076 Paulus
2646 4021 2722 4075 ait
2744 4022 2909 4075 etiam
2958 4038 2971 4073 :
3008 4020 3051 4077 0
3077 4022 3301 4076 altitudo
3325 4023 3648 4092 divitiarum,

2082 4115 2354 4182 sapientia:
2382 4122 2429 4167 et
2467 4114 2699 4167 scientiae
2729 4113 2825 4167 Dei
2851 4113 2870 4166 !
2901 4128 3059 4182 quam
3106 4114 3652 4181 incomprehensibilia

2085 4216 2203 4258 sunt
2245 4205 2456 4274 judicia
2485 4205 2645 4275 ejus!
2694 4214 2745 4259 et
2788 4205 3273 4275 impervestigabiles
3308 4209 3402 4262 uia:
3440 4208 3552 4277 ejus
3583 4210 3650 4261 “.

2086 4295 2244 4350 Hunc
2271 4310 2402 4349 vero
2434 4310 2846 4364 progressurum
2867 4294 3058 4348 audaci
3090 4296 3332 4351 facinore
3367 4298 3542 4351 adhuc
3572 4297 3655 4351 ul-

2089 4387 2260 4441 terius
2289 4386 2544 4441 cohibere
2581 4386 2772 4440 saltem
2805 4382 3057 4452 debeant,
3102 4394 3160 4439 ut
3187 4386 3460 4442 inaccessa
3501 4402 3655 4457 pror-

411 4478 575 4543 νέναι,
622 4478 735 4541 πῶς
763 4480 857 4531 καὶ
903 4477 1023 4530 τίνα
1050 4478 1247 4549 τρόπον
1282 4480 1509 4548 ὑπέστη,
1551 4478 1771 4548 μηδαμῆ
1813 4479 1979 4549 μηδα-

2089 4492 2181 4531 sus
2226 4478 2591 4547 aggrediatur,
2620 4492 2681 4533 ea
2714 4491 2835 4546 quae
2880 4485 3006 4532 sunt
3034 4476 3102 4531 ab
3130 4478 3246 4546 ipso
3279 4479 3428 4547 prius
3454 4480 3652 4548 posita,

414 4570 531 4640 μῶς
562 4570 689 4622 ὄντα
714 4568 993 4640 πρότερον.
1023 4569 1096 4621 Οὐ
1122 4569 1229 4640 γὰρ
1265 4569 1327 4639 δὴ
1363 4569 1503 4622 κατὰ
1536 4570 1659 4631 τοὺς
1691 4572 1817 4640 παρ’
1852 4566 1981 4640 ἡμῖν

412 4658 678 4728 τεχνίτας,
702 4658 832 4729 ὓλην
860 4663 1157 4728 προῦποκει
1166 4659 1330 4728 μένην
1354 4657 1529 4710 λαϐὼν
1553 4660 1672 4720 ταῖς
1696 4659 1899 4729 χερσὶν,
1926 4658 1985 4710 τὸ

414 4750 523 4803 πᾶν
551 4749 891 4819 ἐτεκτήνατο.
922 4748 1130 4818 ’Ὠσπερ
1160 4748 1223 4819 δὴ
1268 4748 1442 4811 τοῦτο,
1474 4750 1539 4818 τῇ
1577 4746 1734 4815 φύσει
1768 4748 1984 4817 ἀμήχα-

412 4856 523 4903 νον,
552 4840 673 4891 ὅσον
701 4840 785 4891 ἐπ’
817 4837 1140 4909 ἀνθρώποις,
1165 4837 1306 4904 λέγω
1335 4837 1389 4889 δὲ
1422 4837 1481 4889 τὸ
1517 4836 1780 4907 μηδαμῶς
1814 4836 1986 4907 ὑπάρ-

413 4948 507 5002 χον
532 4932 597 4984 ἐκ
619 4931 713 4983 τοῦ
740 4930 813 5000 μὴ
848 4929 997 4991 ὄντος
1030 4932 1109 4991 εἰς
1136 4927 1197 4980 τὸ
1222 4925 1360 4981 εἶναι
1390 4929 1679 4998 παράγειν,
1727 4928 1875 4997 αὐτῷ
1896 4928 1986 4981 δυ-

416 5023 570 5089 ’ξατὸν
600 5022 857 5091 κατέστη,
889 5021 983 5073 καὶ
1004 5020 1191 5089 γέγονε
1225 5019 1334 5090 (44)
1356 5019 1461 5072 τῶν
1486 5019 1619 5071 ὅλων
1650 5018 1898 5090 ποιητὴς,
1925 5019 1986 5071 οὐ

490 5148 549 5206 ›Ῑ‹
580 5140 676 5195 Ed.
709 5139 906 5206 Paris.,
943 5155 1064 5210 pag.
1094 5140 1181 5192 7i.

486 5301 599 5370 (41)
653 5298 1199 5369 ’Υποστησάμενος.
1227 5299 1385 5354 Deest
1421 5300 1569 5370 αὐτῷ
1595 5340 1609 5364 ,
1645 5316 1835 5369 nempe
1896 5299 1987 5354 Fi-

412 5372 508 5424 lio.
546 5372 669 5424 Haec
699 5373 901 5433 omnia,
930 5372 996 5423 de
1029 5374 1244 5425 homine
1276 5370 1494 5425 Christo
1547 5377 1598 5424 in
1632 5376 1803 5425 sacris
1835 5371 1984 5425 litte-

416 5444 494 5494 ris
525 5441 772 5505 recitata,
807 5444 870 5491 ad
896 5442 1149 5493 deitatem
1179 5440 1359 5495 retulit
1419 5440 1701 5504 Eusebius,
1734 5441 1983 5494 Ariantea

420 5512 522 5561 ιίιιυ
547 5526 789 5578 prorsus.
820 5508 890 5561 M.
917 5536 983 5548 —
1013 5511 1130 5565 Mox
1161 5512 1318 5576 vulgo
1342 5510 1431 5562 τὸν
1456 5513 1519 5563 ἐκ
1544 5509 1720 5574 δεξιᾶς
1756 5527 1806 5561 τ.
1835 5526 1891 5578 μ.
1932 5520 1986 5564 et

415 5579 575 5632 ἐταπ.
607 5579 794 5651 ἑαυτὸν
828 5597 883 5633 υ..
918 5578 1071 5651 δούλ.
1096 5580 1271 5651 λαϐὼν
1302 5581 1613 5651 γενόμενος,
1647 5583 1850 5651 omisso
1872 5595 1985 5651 ‘se-

416 5661 614 5721 (ιυΨΡίθ
640 5650 881 5721 γέγονεν,
907 5658 960 5721 (ξι
992 5650 1084 5701 καὶ
1115 5650 1384 5703 κελεύοντι
1417 5647 1469 5706 et
1505 5651 1603 5721 τῆς
1646 5647 1981 5717 ἑαυτοῦνβασ.

417 5730 472 5772 et
496 5718 587 5771 ἃδε
609 5736 739 5772 πεπ.
765 5727 817 5771 et
848 5718 1044 5788 Σαλομ,

479 5789 603 5871 μὴ
645 5788 812 5859 Vulgo
839 5788 900 5859 δή
930 5804 1063 5858 οιιι.;
1110 5789 1232 5846 dein
1276 5791 1430 5863 vulgo
1483 5791 1583 5861 τῆς
1637 5790 1884 5856 πεύσεως
1935 5799 1988 5849 et

2089 4568 2155 4621 de
2178 4568 2632 4638 progeneratione
2659 4582 2690 4620 e
2730 4583 2837 4623 non
2865 4568 3259 4624 exsistentibus
3292 4587 3305 4624 :
3341 4571 3483 4639 quod
3515 4586 3654 4640 quo-

2093 4659 2253 4712 modo
2284 4658 2398 4713 ﬁeri
2431 4662 2605 4727 potuit
2651 4658 2813 4715 velim
2864 4662 3135 4731 explicet,
3170 4676 3289 4716 cum
3343 4663 3656 4733 neutiquam

2092 4747 2280 4802 nullibi
2327 4758 2603 4803 exstarent
2634 4749 2740 4805 illa.
2778 4749 2893 4804 Non
2941 4752 3107 4814 enim,
3155 4760 3215 4805 ut
3246 4750 3483 4808 artiﬁces
3517 4754 3658 4822 apud

2094 4852 2191 4892 nos
2217 4836 2409 4905 solent,
2444 4839 2729 4893 materiam
2758 4840 3138 4910 praejacentem
3185 4848 3459 4910 acceptam
3490 4840 3660 4894 mani-

2092 4930 2214 4995 bus,
2254 4929 2565 4986 universum
2593 4932 2791 4987 exinde
2839 4932 3241 4988 conformavit:
3277 4932 3370 4988 sed
3399 4943 3458 4987 ut
3482 4931 3656 5002 ipsum
3692 4925 3700 4934 “

2095 5021 2195 5076 hoc
2246 5032 2452 5076 natura:
2502 5023 2719 5093 quidem
2774 5024 3107 5094 impossibile
3153 5023 3349 5090 fuerat,
3397 5033 3651 5094 quantum

1279 5138 1322 5169 ⁶¹
1345 5138 1496 5196 Eccl.
1532 5153 1613 5204 ιιι,
1644 5137 1739 5196 22.
1818 5141 1863 5171 ⁸⁸
1888 5137 2048 5195 Rom.
2074 5156 2153 5207 at,
2181 5141 2271 5198 '55.

2089 5303 2432 5372 κατασιγάση
2445 5342 2459 5355 .

2160 5375 2272 5442 (43)
2298 5369 2602 5439 Βαθύτερά
2629 5388 2765 5426 σου.
2800 5371 2974 5426 Locus
2997 5380 3085 5442 est
3109 5370 3282 5442 Sirae.
3307 5385 3388 5434 Ill,
3416 5369 3521 5442 22,
3566 5369 3659 5442 ubi

2087 5438 2320 5511 legimus
2349 5438 2703 5512 χαλεπώτερά
2733 5459 2827 5512 σου
2867 5442 2939 5511 μὴ
2989 5440 3160 5511 ζήτει,
3194 5441 3288 5493 καὶ
3337 5438 3661 5512 ἰσχυρότερά

2090 5510 2182 5565 σου
2209 5512 2282 5583 μὴ
2314 5510 2564 5583 ἐξέταζε,
2601 5510 2686 5565 ubi
2716 5511 2820 5564 alia
2857 5510 2963 5583 sint
2986 5510 3056 5583 in
3088 5514 3333 5583 eamdem
3371 5510 3490 5583 cum
3513 5510 3661 5583 Δξειιε

2090 5577 2432 5636 sententiain.
2453 5582 2522 5635 M.
2546 5613 2615 5622 —
2642 5583 2771 5636 Dein
2806 5582 2960 5649 vulgo
2980 5580 3343 5651 ἐπιχωρεῖν
3367 5588 3421 5635 et
3451 5577 3487 5633 ἃ.
3506 5578 3565 5633 δὲ
3596 5596 3657 5649 φ.

2092 5663 2143 5706 et
2180 5654 2285 5705 πᾶν
2321 5654 2668 5706 ἐπεκτείνατο
2704 5661 2758 5706 el
2783 5650 3169 5720 προαγαγεῖν(
3288 5650 3297 5659 ’

2166 5724 2274 5792 (ιι)
2310 5723 2429 5775 Τῶν
2454 5723 2611 5777 ὅλων
2643 5716 2917 5786 ποιητὴς.
2936 5716 3051 5792 ίνει
3080 5730 3138 5774 ιιι
3261 5720 3504 5792 margine
3533 5716 3656 5792 fuit:

2095 5786 2313 5862 ποίητῄ
2344 5795 2527 5852 statim
2554 5793 2717 5850 αὑτοῦ
2747 5792 2861 5847 υἱοῦ
2897 5791 3133 5862 γένησις.
3172 5786 3246 5849 lli.
3277 5810 3346 5834 --
3385 5786 3522 5847 Dein
3559 5787 3655 5843 τοῦ
