4088 6400
439 364 548 424 847

1150 359 1420 418 EUSEBII
1456 356 1938 418 CESARIENSIS
1976 356 2126 412 OPP.
2168 355 2349 413 PARS
2386 358 2475 416 IV.
2519 390 2588 403 —
2625 358 3047 418 DOGMATICA.

3579 363 3681 419 848

439 480 662 549 quidem
704 476 772 532 ad
817 475 1114 531 humanum
1166 477 1428 545 operandi
1489 478 1710 530 modum
1763 482 1995 544 spectat.

2109 474 2232 527 κατ’
2265 474 2570 546 ἄνθρωπον,
2599 476 2858 547 ἀρρήτοις
2888 476 2944 530 δὲ
2979 476 3074 530 καὶ
3104 474 3404 548 ἀφράστοις
3430 477 3564 547 ἡμῖν
3593 476 3679 530 λύε

380 635 385 640 ,
441 572 734 637 nimirum,
785 570 853 625 de
901 568 1086 624 nullibi
1112 569 1409 625 exsistante
1437 570 1695 633 materia,
1722 569 2008 623 essentiam

443 679 624 719 rerum
656 671 1020 717 constructam
1069 661 1203 717 dare
1238 677 1253 714 :
1284 661 1383 731 ipsi
1423 670 1603 715 tamen
1639 660 2010 715 universitatis

438 755 709 812 conditori
738 753 994 824 possibile
1017 752 1115 807 fuit
1133 754 1311 823 plane,
1337 764 1389 809 et
1412 753 1616 808 factum
1641 765 1745 808 est.
1779 752 2008 821 Captum

440 849 544 905 hoc
595 849 888 902 lmmanum
940 846 1270 900 transcendit
1312 859 1582 914 prorsus:
1625 858 1800 914 neque
1851 844 2010 912 hujus

442 942 518 997 rei
552 943 691 997 ratio
720 939 1109 1010 comprehendi
1153 952 1407 994 sermone
1446 947 1540 993 aut
1567 938 1877 992 annnntiari
1912 952 2007 1005 po-

438 1043 564 1091 test.
613 1033 693 1088 Ad
734 1032 982 1088 eumdem
1032 1030 1283 1094 modum,
1309 1039 1365 1086 et
1396 1030 1565 1085 multo
1586 1028 1803 1100 quidem
1837 1028 2010 1096 magis

438 1125 699 1196 unigeniti
734 1122 849 1191 ejus
892 1123 1012 1178 Filii
1040 1122 1336 1193 generatio,
1362 1119 1923 1192 incomprehensibilis
1951 1130 2010 1175 et

438 1215 853 1286 investigabilis,
884 1228 991 1269 non
1026 1214 1180 1269 nobis
1199 1212 1559 1279 solummodo,
1591 1213 1684 1268 sed
1705 1221 1760 1267 et
1794 1212 2008 1265 virtuti-

437 1310 537 1363 bus
588 1307 656 1363 iis
686 1304 871 1371 fuerit,
901 1321 1026 1377 qua:
1050 1320 1149 1360 nos
1192 1305 1353 1375 longo
1387 1313 1650 1373 superant
1695 1304 2002 1361 intervallo.

436 1398 717 1468 Siquidem
741 1397 831 1451 illa
870 1411 990 1467 quae
1028 1410 1124 1465 per
1151 1405 1400 1451 naturam
1427 1410 1580 1450 suam
1609 1395 1833 1454 inferius
1876 1399 2006 1452 sub-

432 1490 655 1553 sidunt,
683 1489 834 1545 etab
862 1487 950 1543 illa
992 1488 1173 1542 divina
1210 1487 1566 1542 inenarrabili
1598 1488 1839 1543 essentia
1881 1498 2006 1544 sunt

433 1578 744 1650 longissimo
766 1588 821 1634 et
864 1579 1104 1636 inferiori
1142 1586 1318 1634 tractu
1347 1586 1578 1645 semota,
1604 1579 1875 1649 quomodo
1905 1594 2001 1648 po-

433 1671 597 1726 terint
644 1671 955 1742 cognitione
1004 1686 1103 1727 sua
1154 1671 1221 1725 ad
1271 1670 1528 1725 sublimia
1579 1672 1711 1726 etin
1739 1670 2004 1725 altissimo

433 1762 630 1831 posita,
676 1763 963 1834 aspirare?
1005 1762 1107 1829 Qui
1161 1763 1361 1832 poterit
1396 1761 1535 1826 ﬁeri,
1578 1773 1637 1816 ut
1663 1762 1846 1817 animo
1880 1763 2003 1833 quis

2110 581 2247 633 γοις,
2275 564 2417 618 οὕτω
2446 567 2542 619 καὶ
2583 566 2718 619 πολὺ
2751 566 2912 620 πλέον
2958 568 2993 639 ἡ
3028 566 3121 620 τοῦ
3151 568 3487 636 Μονογενοῦς
3521 569 3683 624 αὐτοῦ

2109 656 2361 729 γέννησις
2384 659 2798 732 ἀνεξερεύνητος
2818 661 2911 714 καὶ
2943 658 3341 732 ἁνεξιχνίαστος
3364 661 3430 715 ἂν
3456 662 3563 732 εἴη,
3590 663 3682 734 οὐ)

2110 748 2260 817 ἡμῖν,
2286 748 2362 810 ὡς
2387 747 2453 801 ἂν
2485 748 2618 820 φαίη
2647 766 2750 811 τις,
2800 750 3002 819 μόνοις,
3043 749 3180 803 ἀλὶά
3207 751 3302 803 καὶ
3339 750 3539 815 πάσαις
3566 755 3689 816 ταῖς

2109 838 2408 907 κρείττοσιν
2433 838 2466 909 ἢ
2497 838 2616 891 καθ’
2643 840 2789 909 ἡμᾶς
2817 840 3102 911 δυνάμεσι.
3133 839 3213 892 Τὰ
3236 840 3345 913 γὰρ
3371 842 3566 913 μακρῷ
3588 842 3687 912 τὴν

2109 929 2268 996 φύσιν
2302 928 2696 1000 ὑποϐεϐηκότα,
2752 930 2902 984 κάτω
2946 947 3004 984 τε
3051 932 3144 986 καὶ
3196 931 3531 1003 πορρωτάτω
3588 934 3687 1005 τῆς

2107 1021 2345 1093 ἀρρήτου
2384 1022 2476 1074 καὶ
2501 1021 2689 1093 θεῖκῆς
2727 1022 3043 1076 καθεστῶτα
3069 1024 3277 1089 οὐσίας,
3323 1025 3440 1087 πῶς
3474 1023 3541 1078 ἂν
3566 1025 3686 1093 ἐφί-

2109 1129 2256 1165 κοιτο
2281 1111 2382 1182 τῆς
2419 1112 2673 1166 ἐπέκεινα
2706 1114 2800 1168 καὶ
2831 1115 3092 1167 ἀνωτάτω
3133 1114 3518 1187 καταλήψεως
3563 1115 3686 1181 Πῶς

2105 1202 2149 1255 δ’
2178 1202 2330 1256 ἂντά
2360 1202 2434 1274 μὴ
2462 1203 2588 1257 ὄντα
2610 1205 2892 1274 πρότερον,
2915 1205 2981 1258 δι’
3010 1206 3175 1259 αὑτοῦ
3209 1207 3255 1260 δ’
3285 1207 3349 1261 ὲκ
3373 1206 3469 1260 τοῦ
3503 1207 3578 1278 μὴ
3601 1206 3687 1260 δν-

2105 1311 2196 1359 τος
2228 1297 2308 1359 εἰς
2338 1295 2399 1349 τὸ
2433 1290 2570 1349 εἷναι
2612 1298 2971 1368 προαχθέντα,
3006 1297 3101 1351 τοῦ
3143 1299 3575 1369 παραγαγόντος,
3608 1302 3688 1352 al-

2105 1386 2218 1439 τίον
2246 1403 2306 1439 τε
2338 1388 2517 1451 αὐτοῖς
2545 1388 2644 1459 τῆς
2669 1388 2952 1460 ὑπάρξεως
2974 1389 3285 1461 γενομένου,
3320 1389 3470 1462 σχοίη
3503 1391 3568 1445 ἄν
3598 1407 3684 1454 τις

2107 1477 2213 1549 πρὸ
2252 1478 2353 1548 τῆς
2382 1480 2649 1547 γενέσεως
2699 1479 2797 1549 τὴν
2852 1480 3085 1548 γνῶσινς
3136 1482 3315 1533 Ἥπου
3347 1497 3411 1548 γε
3443 1481 3604 1552 ἡμεῖς
3631 1482 3682 1535 oi

2105 1566 2301 1637 χθιζοὶ,
2347 1566 2521 1638 δέρμα
2569 1569 2662 1621 καὶ
2716 1568 2887 1641 κρέας
2923 1568 3295 1640 ἐνδεδυμένοι·
3345 1570 3553 1633 ὀστέοις
3589 1570 3684 1623 καὶ

2104 1657 2315 1729 νεύροις
2353 1659 2673 1730 ὲνειρμένοι,
2734 1660 2828 1713 καὶ
2866 1660 2999 1731 μηδὲ
3031 1660 3099 1714 τὰ
3130 1661 3251 1715 καθ’
3282 1663 3429 1732 ἡμᾶς
3461 1662 3679 1726 εἰδότες,

2104 1749 2204 1820 τὴν
2239 1749 2365 1821 περὶ
2402 1750 2510 1804 τῶν
2538 1741 2797 1822 ἀρρήτων
2824 1751 3105 1806 ἀκίνδυνον
3147 1752 3487 1824 ποιησόμεθα
3520 1754 3685 1826 ζήτη-

430 1866 846 1925 ea-assequatur
892 1854 1033 1927 (quae
1079 1855 1208 1910 olim
1258 1856 1480 1910 omnino
1533 1870 1640 1910 non
1689 1853 1995 1920 exstabant,

2106 1856 2220 1908 σιν;
2246 1842 2363 1906 πῶς
2397 1843 2587 1911 ἐγέννα
2617 1844 2710 1896 τὸν
2736 1842 2863 1897 Υἱδν
2889 1845 2918 1897 ό
2942 1843 3131 1916 Πατὴρ
3164 1845 3683 1916 πολυπραγμονοῦνο

430 1950 528 2005 sed
574 1949 640 2005 de
687 1964 793 2005 non
828 1963 979 2013 esse,
1011 1947 1076 2001 ad
1124 1947 1422 2002 subsistere
1466 1962 1660 2011 suum,
1703 1961 1803 2017 per
1829 1946 1997 2001 Deum

429 2047 558 2096 sunt
597 2040 857 2111 producta
890 2039 1120 2110 originis
1150 2048 1426 2093 auctorem
1454 2077 1470 2104 ,
1500 2051 1835 2106 causamque
1867 2036 1999 2102 ipsis

429 2131 731 2188 exsistendl
768 2130 1143 2197 exsistentem)
1170 2139 1295 2183 ante
1315 2144 1465 2185 suam
1498 2130 1738 2199 ipsorum
1766 2129 1996 2198 primam

426 2212 838 2294 productionem
868 2220 892 2275 ?
930 2221 1037 2275 Aut
1078 2234 1179 2275 nos
1208 2219 1327 2275 heri
1373 2229 1535 2288 atque
1568 2218 1769 2274 nudius
1805 2219 1999 2274 tertius

427 2316 620 2385 pellem
661 2314 834 2369 induti
867 2323 1031 2383 atque
1057 2328 1279 2369 carnem
1310 2330 1325 2367 :
1361 2313 1576 2368 ossibus
1616 2321 1781 2385 atque
1808 2312 1993 2367 nervis

427 2405 841 2477 compaginati:
881 2406 975 2476 qui
1026 2419 1126 2461 nec
1169 2405 1259 2463 illa
1306 2404 1525 2475 quidem
1581 2406 1830 2458 novimus
1876 2419 1997 2474 qua:

421 2500 575 2571 juxta
610 2514 710 2554 nos
738 2498 1085 2566 consistunt,
1125 2499 1400 2568 quomodo
1449 2497 1571 2552 sine
1601 2496 1842 2566 periculo
1881 2497 1996 2552 dis-

425 2590 774 2661 quisitionem
827 2590 894 2646 de
943 2588 1310 2645 ineﬂ‘abilibus
1341 2588 1734 2647 instituemus?
1766 2590 2000 2658 qualiter

429 2689 492 2750 ’Β
528 2681 724 2737 Filium
753 2697 909 2739 suum
948 2683 1238 2752 progenuit
1266 2679 1454 2748 Pater,
1483 2690 1792 2749 satagenles
1825 2700 1843 2736 :
1871 2696 1999 2735 cum

425 2775 712 2830 innumera
746 2773 854 2829 sint
881 2772 992 2840 illa,
1017 2787 1136 2841 qua:
1165 2787 1287 2826 cum
1336 2771 1403 2826 ad
1457 2773 1623 2842 pedes
1666 2773 1828 2827 etiam
1867 2787 1997 2827 nos-

312 2854 315 2855 V
424 2876 541 2923 tros
571 2866 979 2937 provolvantur,
1018 2865 1174 2921 nobis
1203 2874 1386 2921 tamen
1424 2866 1643 2935 penitus
1681 2874 1810 2919 sunt
1840 2864 1995 2920 inco‘

425 2959 596 3033 gnita.
623 2955 887 3027 Exemplo
924 2969 1039 3011 rem
1083 2955 1241 3010 istam
1276 2954 1580 3012 illustrabo.
1612 2955 1811 3025 Ecquis
1849 2956 1993 3010 enim

422 3050 559 3105 mibi
591 3049 846 3120 expedire
878 3047 1101 3118 poterit.
1135 3045 1315 3101 anima
1338 3048 1550 3117 corpori
1576 3047 1847 3117 quomodo
1863 3062 1995 3104 con-

422 3141 753 3197 catenatur?
789 3141 1024 3211 qualiter
1070 3139 1196 3194 inde
1233 3139 1441 3194 exeat?
1473 3138 1709 3208 qualiter
1744 3137 1987 3208 ingressa

422 3232 525 3289 fuit
555 3233 624 3288 ab
676 3232 873 3288 initio?
905 3247 1026 3302 qme
1055 3230 1227 3303 ipsius
1267 3230 1474 3300 species
1497 3229 1528 3285 ἵ
1569 3229 1747 3301 qualis
1797 3232 1993 3302 ﬁgura,

420 3325 618 3392 forma,
641 3326 876 3390 habitus,
907 3325 1146 3380 essentia
1173 3324 1200 3378 ἲ
1225 3322 1469 3378 Nondum
1498 3338 1595 3393 per
1624 3322 1992 3379 curiositatem

420 3433 596 3475 meam
627 3416 791 3473 ullam
831 3429 1080 3471 naturam
1104 3429 1203 3487 ego
1228 3416 1528 3470 daemonum
1550 3413 1803 3485 indagavi
1832 3430 1849 3471 :
1885 3431 1994 3471 non

420 3510 654 3580 explicui
707 3509 1043 3565 substantias
1091 3507 1410 3578 angelorum
1445 3522 1460 3561 :
1494 3520 1600 3562 non
1646 3506 1882 3577 qualiter
1933 3522 1994 3564 se

420 3601 657 3660 habeant
687 3602 1045 3673 principatus,
1083 3599 1287 3664 throni,
1323 3598 1727 3656 dominationes
1757 3616 1772 3655 :
1803 3599 1871 3654 de
1893 3612 1992 3669 po-

421 3693 710 3750 testatibus
737 3731 754 3756 ,
781 3700 836 3747 et
889 3691 1073 3746 mundi
1110 3690 1545 3746 moderatoribus
1587 3690 1784 3747 rescivi
1836 3692 1988 3747 nihil.

418 3782 487 3841 Et
511 3784 556 3841 si
579 3798 712 3839 sane
742 3783 810 3838 ab
838 3783 959 3838 istis
985 3797 1072 3838 me
1102 3797 1207 3838 non
1226 3781 1535 3852 expediam,
1554 3782 1681 3852 quid
1711 3782 1840 3837 mihi
1868 3798 1995 3852 pro-

418 3875 565 3931 derit
595 3874 924 3945 investigare
972 3874 1259 3930 scientiam
1283 3915 1298 3939 ,
1329 3874 1395 3930 de
1421 3874 1625 3931 deitate
1672 3874 1988 3947 ingenerata

417 3976 475 4024 et
517 3968 782 4039 principio
816 3967 966 4023 omni
1015 3968 1343 4037 superiore?
1395 3967 1535 4036 Quid
1571 3968 1638 4024 de
1690 3968 1990 4025 inaccessis

419 4060 748 4132 questiones
785 4059 1050 4114 instituo?
1093 4062 1364 4129 quomodo
1397 4059 1538 4117 Deus
1579 4062 1842 4132 prodierit
1876 4063 1988 4119 Pa-

422 4161 507 4208 ter
533 4144 654 4206 Filii
691 4152 773 4206 sui
807 4151 1111 4222 unigeniti?
1143 4153 1297 4223 quasi
1332 4168 1435 4207 non
1465 4152 1736 4209 sufﬁceret
1762 4155 1815 4210 in
1854 4156 1991 4210 dile-

417 4241 491 4297 cti
522 4242 606 4298 sui
631 4243 999 4299 testimonium
1037 4254 1258 4315 paterna
1292 4245 1381 4298 illa
1412 4259 1540 4311 vox,
1573 4261 1736 4315 quam
1759 4247 1826 4303 de
1848 4248 1988 4304 cmlo

416 4334 775 4413 promulgavit
804 4337 1012 4403 dicens,
1040 4335 1141 4391 Hic
1170 4345 1247 4392 est
1280 4335 1457 4393 Filius
1484 4354 1629 4393 meus
1659 4338 1903 4404 dilectus,
1929 4341 1989 4395 in

413 4439 519 4494 quo
554 4426 868 4497 temptanti,
903 4426 1075 4497 ipsum
1102 4427 1283 4482 audite
1305 4427 1374 4483 “.
1408 4427 1561 4495 Quod
1591 4429 1635 4484 si
1680 4430 1980 4499 praecipiat,

2101 1947 2212 1995 τες.
2241 1932 2360 1985 Ὅτι
2383 1931 2441 1985 δὲ
2461 1932 2558 1986 καὶ
2582 1931 2690 1985 τῶν
2719 1932 2872 2006 παρά
2893 1933 3059 1997 πόδας
3088 1932 3256 2005 μυρία
3278 1934 3378 2006 τὴν
3405 1935 3681 2007 ἡμετέραν

2098 2019 2461 2094 διαδιδράσκει
2492 2022 2692 2091 γνῶσιν
2718 2023 2877 2094 δῆλον
2902 2022 2968 2077 ἀν
2996 2023 3081 2095 εἴη
3109 2024 3340 2079 ἐνθένδε.
3365 2025 3461 2087 Τίς
3487 2025 3596 2099 γὰρ
3615 2027 3682 2081 ἂν

2097 2108 2273 2160 είπεῖν
2305 2107 2438 2178 ἔχοι,
2476 2111 2593 2173 πῶς
2614 2109 3035 2181 καθεῖρκται,τῷ
3062 2111 3273 2183 σώματι
3306 2115 3340 2185 ἡ
3364 2113 3531 2185 ψυχὴ,
3564 2117 3681 2180 πῶς

2097 2196 2303 2264 έξεισι;
2343 2199 2462 2264 πῶς
2485 2200 2542 2253 δὲ
2567 2200 2667 2270 τὴν
2707 2202 2880 2274 ἀρχὴν
2912 2202 3229 2275 είσεκρίθη;
3263 2205 3446 2259 ὁποῖον
3484 2207 3541 2260 δὲ
3580 2208 3681 2261 αὑ-

2096 2287 2197 2358 τῆς
2225 2290 2285 2343 τὸ
2319 2287 2495 2357 εἷδος;
2528 2291 2581 2344 τί
2616 2292 2678 2346 τὸ
2717 2293 2935 2363 σχῆμα;
2974 2293 3057 2358 τίς
3095 2295 3128 2366 ἡ
3173 2297 3386 2368 μορφή;
3420 2297 3503 2361 τίς
3536 2300 3681 2371 ἡού-

2098 2379 2215 2446 σία;
2251 2380 2418 2435 Οῦπω
2453 2400 2542 2454 μοι
2574 2380 2667 2437 τὸν
2693 2386 2820 2455 περὶ
2839 2384 3107 2457 δαιμόνων
3138 2386 3249 2460 (45)
3282 2389 3479 2461 (λόγον)
3513 2391 3681 2446 πολυ-

2096 2473 2451 2540 πραγμονεῖν,
2486 2471 2549 2526 οὐ
2574 2472 2664 2526 τὸν
2692 2474 2821 2547 περὶ
2845 2474 3032 2540 οὐσίας
3061 2476 3307 2545 ἀγγέλων
3326 2494 3343 2510 ⁸
3372 2480 3435 2533 ού
3460 2481 3553 2534 τὸν
3581 2499 3680 2536 πε-

2096 2559 2154 2631 ρὶ
2178 2559 2361 2633 ἀρχῶν
2389 2562 2485 2615 καὶ
2511 2561 2740 2635 θρόνων,
2787 2564 2884 2618 καὶ
2924 2568 3289 2638 κυριοτήτων·
3335 2569 3397 2622 οὐ
3432 2570 3525 2625 τὸν
3549 2572 3681 2646 περὶ

2096 2650 2376 2718 ἐξουσιῶν,
2404 2654 2497 2706 καὶ
2528 2657 3006 2727 κοσμοκρατόρων.
3041 2658 3103 2711 Ei
3133 2658 3179 2712 δ’
3216 2660 3275 2711 ὲν
3301 2659 3511 2726 τούτοις
3534 2663 3676 2717 ἀπα-

2094 2760 2181 2798 σιν
2210 2744 2618 2818 ἀμηχανοῦμεν,
2655 2746 2709 2800 τί
2742 2747 2825 2801 δεῖ
2861 2748 2962 2820 τὴν
2992 2749 3119 2821 περὶ
3159 2749 3258 2821 τῆς
3295 2751 3534 2824 ἀνάρχου
3584 2756 3678 2809 καὶ

2093 2836 2391 2915 ἀγεννήτου
2424 2836 2677 2907 θεότητος
2707 2838 2907 2908 γνῶσιν
2936 2839 3342 2911 διερευνᾶσθαι;
3386 2843 3452 2896 Τί
3479 2843 3547 2897 τὰ
3578 2845 3679 2898 ἀν-

2092 2927 2289 2997 έφικτα
2310 2929 2553 3000 ὲρωτᾷν;
2588 2930 2704 2994 πῶς
2729 2929 2859 2985 Υίοῦ
2899 2931 3218 3002 μονογενοῦς
3247 2933 3278 2986 ό
3305 2928 3437 2999 Θεδς
3471 2934 3677 3005 ὑπέστη

2093 3019 2325 3091 Πατήρ;
2357 3019 2432 3084 ὡς
2461 3020 2534 3092 μὴ
2573 3022 2928 3093 ἀπαρκούσης
2962 3025 3093 3094 ἡμῖν
3117 3023 3213 3095 τῆς
3249 3024 3523 3097 πατρικῆς
3559 3043 3675 3094 φω-

2092 3107 2193 3178 νῆς
2226 3107 2361 3180 πρὸς
2395 3109 2699 3179 μαρτυρίαν
2744 3110 2839 3163 τοῦ
2878 3112 3211 3185 Ἀγαπητοῦ,
3260 3112 3320 3167 ὃν
3373 3114 3674 3185 ἀνεκήρυξε

2020 3190 2063 3249 C
2095 3196 2266 3252 είπών
2287 3215 2302 3230 ο
2340 3195 2528 3265 Οὗτός
2546 3200 2715 3253 ἐστιν
2750 3204 2784 3256 ὁ
2821 3203 2953 3268 Υἱός
2976 3220 3096 3272 μου
3128 3207 3162 3258 ό
3185 3204 3508 3273 ἀγαπητὸς,
3535 3205 3606 3259 ἐν
3627 3198 3683 3272 ᾧ

2093 3284 2429 3353 ηὐδόκησα,
2456 3286 2649 3340 αὐτοῦ
2671 3288 2939 3345 ἀκούετε.
2961 3291 3026 3343 Εί
3057 3289 3121 3362 δὴ
3145 3291 3363 3344 ἀκούειν
3388 3292 3549 3346 αὐτοῦ
3581 3296 3676 3360 ἐγ-

2095 3375 2397 3442 κελεύεται,
2424 3376 2686 3449 βασιλικῷ
2714 3378 2864 3451 νόμῳ
2889 3378 3331 3454 πειθαρχοῦντες,
3356 3382 3676 3455 ἀκούσωμεν

2092 3466 2188 3522 τοῦ
2222 3468 2505 3540 ἀγαπητοῦ
2546 3468 2701 3524 Υίοῦ.
2738 3469 2801 3524 Τί
2833 3471 2892 3524 δὲ
2920 3465 3078 3537 οὗτος
3104 3473 3232 3544 περὶ
3262 3474 3452 3527 ἑαυτοῦ
3491 3473 3677 3544 βούλε-

2092 3573 2184 3611 ται
2241 3558 2388 3629 ἡμᾶς
2445 3558 2664 3622 εἰδέναι,
2692 3550 2697 3555 ’
2725 3562 3067 3632 παραστήσει
3097 3560 3303 3630 λέγων·
3355 3562 3516 3616 Οὕτω
3557 3564 3673 3633 τὰρ

2091 3646 2408 3720 ἠγάπησεν
2442 3651 2475 3703 ὁ
2504 3649 2650 3715 Θεὸς
2680 3649 2789 3704 τὸν
2814 3651 3064 3720 κόσμον,
3089 3649 3243 3705 ὥστε
3262 3652 3371 3705 τὸν
3403 3651 3539 3706 Flor
3562 3656 3668 3706 αὺ-

2092 3738 2201 3793 τοῦ
2242 3737 2351 3792 τὸν
2389 3739 2687 3809 μονογενῆ
2724 3739 2963 3807 ἔδωκεν,
3015 3741 3116 3794 ἵνα
3144 3740 3263 3808 πᾶς
3301 3746 3335 3796 d
3373 3745 3675 3797 πιστεύων

2091 3829 2181 3895 εἰς
2223 3828 2412 3883 αὐτὸν
2434 3831 2549 3900 ὲχῃ
2582 3829 2734 3899 ζωὴν
2756 3832 3013 3885 αἰώνιον.
3059 3832 3381 3887 Πιστευτέον
3410 3833 3541 3905 δῆτα
3571 3836 3674 3887 ati-

2091 3916 2191 3988 τῷ,
2239 3918 2316 3981 ὡς
2356 3918 2422 3975 ἂν
2452 3919 2555 3990 τῆς
2593 3919 2809 3974 αἰωνίου
2840 3919 3097 3993 τύχοιμεν
3124 3919 3291 3991 ζωῆς.
3345 3922 3410 3976 ⁸ο
3440 3922 3553 3991 γὰρ
3578 3936 3674 3976 πι-

2090 4008 2342 4074 στεύων,
2390 4013 2576 4080 φησιν,
2605 4013 2694 4077 εἰς
2725 4012 2911 4064 αὐτὸν
2932 4010 3057 4081 ἔχει
3088 4010 3244 4079 ζωὴν
3278 4011 3538 4077 αἰώνιον,
3571 4015 3670 4085 ούχ

2090 4098 2120 4150 ό
2149 4096 2429 4165 γινώσκων
2462 4099 2609 4162 ὅπως
2630 4100 2696 4152 ὲκ
2717 4097 2810 4153 τοῦ
2848 4099 3062 4171 Πατρὸς
3096 4098 3434 4170 γεγέννηται·
3469 4099 3532 4152 ού
3560 4100 3673 4171 γὰρ

2093 4188 2158 4241 ἄν
2180 4204 2286 4240 τινι
2315 4188 2483 4259 μετῆν
2516 4188 2661 4259 ζωῆς
2689 4190 2939 4253 αἰωνίου⁷
2965 4191 3015 4243 εί
3049 4190 3113 4260 δὴ
3157 4189 3299 4243 τοῦτ’
3326 4189 3561 4262 εἴρηται,
3588 4192 3676 4245 ὅτι

2088 4276 2308 4344 Μηδεὶς
2332 4277 2486 4350 ἔγνω
2529 4278 2640 4332 τὸν
2665 4279 2898 4348 Πατέρα
2935 4283 2989 4335 εὶ
3014 4280 3101 4350 μὴ
3135 4283 3170 4335 ό
3204 4283 3373 4348 Υίόςσ
3387 4283 3542 4352 μηδὲ
3564 4283 3674 4339 τὸν

2099 4367 2236 4421 Υἱόν
2269 4384 2360 4435 τις
2395 4369 2549 4438 ἔγνω
2596 4370 2651 4422 εὶ
2674 4368 2755 4437 μὴ
2786 4370 2976 4438 μόνος
3021 4373 3055 4424 ό
3083 4369 3387 4439 γεννήσας
3416 4372 3604 4427 αὑτὸν
3636 4376 3680 4427 ὸ

2088 4457 2313 4527 Πατήρ.
2359 4460 2629 4531 Ἀπαρκεῖ
2654 4459 2940 4531 τοιγαροῦν
2965 4461 3094 4530 ἡμῖν
3126 4463 3161 4530 ἡ
3190 4462 3371 4526 πίστις
3399 4465 3534 4533 πρὸς
3563 4481 3675 4518 σω-

416 4514 560 4570 bunc
581 4516 793 4585 audire,
826 4517 1081 4574 mandato
1112 4518 1237 4574 huic
1261 4520 1411 4591 regio
1440 4522 1877 4591 obtemperantes
1897 4523 1988 4579 Fi-

417 4604 540 4626 ,ρημ
814 4624 840 4626 η
900 4624 910 4626 Α
950 4612 1013 4626 ν..
1242 4612 1279 4626 η
1378 4614 1390 4626 .
1844 4616 1858 4626 .
1924 4617 1936 4626 .

2094 4514 2303 4621 capto},
2322 4550 2361 4621 ἡ
2388 4514 2519 4604 ses;
2543 4514 2764 4621 Πατέρα
2796 4514 3208 4623 τὶαντωὲράτορα
3236 4514 3551 4626 «aggeris;
3569 4514 3671 4624 ’ᾗ-

414 4604 545 4661 lium
596 4607 850 4665 dilectum
891 4612 1196 4671 audiamus.
1239 4612 1519 4679 Quodnam
1555 4630 1688 4671 vero
1727 4616 1862 4673 illud
1893 4617 1988 4685 sit,

414 4697 560 4765 quod
583 4710 681 4752 nos
705 4697 774 4754 de
804 4699 983 4768 seipse
1008 4700 1306 4774 intelligere
1336 4704 1551 4760 volebat
1570 4746 1585 4770 ,
1619 4707 1732 4775 ipse
1758 4723 1858 4764 nos
1885 4711 1985 4765 do-

419 4786 584 4855 cebit,
603 4786 817 4843 ubisit:
848 4788 939 4845 Sic
958 4793 1096 4847 enim
1123 4792 1259 4849 Deus
1278 4796 1463 4851 dilexit
1481 4800 1757 4867 mundum,
1786 4810 1843 4854 ut
1877 4799 1987 4856 Fi-

418 4874 548 4931 lium
582 4893 737 4932 suum
767 4879 1089 4950 unigenitum
1123 4884 1291 4949 daret,
1320 4898 1376 4941 ut
1407 4891 1574 4945 omnis
1605 4891 1699 4960 qui
1736 4895 1898 4946 credit
1931 4895 1987 4949 in

412 4984 529 5024 cum
547 4986 651 5025 non
673 4980 873 5040 pereat,
892 4973 982 5029 sed
995 4973 1179 5030 habeat
1195 4979 1350 5033 vitam
1362 4993 1608 5037 retentam
1623 4984 1693 5042 “.
1733 4984 1807 5040 llli
1828 4987 1991 5056 igitur

411 5063 741 5119 credendum
789 5073 912 5128 est.
967 5076 1025 5120 ut
1053 5068 1218 5125 vitam
1249 5083 1512 5129 aeternam
1555 5091 1981 5150 consequamur.

407 5155 544 5213 Nam
580 5159 672 5229 qui
698 5158 754 5213 in
780 5174 929 5223 eum,
959 5159 1155 5229 inquit,
1183 5166 1380 5230 credit,
1414 5168 1580 5224 habet
1620 5171 1787 5225 vitam
1818 5181 1981 5228 aeter-

404 5262 561 5316 nam;
600 5265 708 5306 non
739 5251 834 5324 qui
867 5256 1151 5325 cognoscit
1186 5259 1462 5327 quomodo
1484 5268 1651 5316 natus
1679 5265 1856 5320 estde
1879 5264 1982 5320 Pa-

2094 4637 2343 4705 νώσκειν,
2372 4642 2466 4696 καὶ
2494 4640 2586 4695 τὸν
2625 4641 2886 4712 μονογενῆ
2917 4640 3084 4694 αὑτοῦ
3117 4643 3242 4697 Υίὸν
3270 4645 3667 4716 ἐπιγράφεσθαι

2095 4732 2340 4803 Σωτῆρα.
2384 4735 2481 4797 Ὃς
2528 4733 2592 4804 δὴ
2645 4732 2776 4804 πρὸς
2824 4735 2931 4796 τοῖς
2980 4733 3178 4799 ἀλλοις,
3235 4736 3330 4790 καὶ
3382 4736 3535 4790 ταῦθ’
3565 4732 3673 4790 ὧδε

2097 4823 2399 4895 παρεδίδου,
2428 4823 2601 4895 λέγων
2617 4840 2631 4856 ο
2670 4824 2739 4879 Τὸ
2761 4826 3198 4894 γεγεννημένον
3226 4826 3293 4879 ἐκ
3314 4825 3425 4895 τῆς
3444 4828 3671 4901 σαρκός

2093 4915 2252 4983 σάρξ
2269 4917 2422 4980 ἐστι,
2470 4918 2568 4971 καὶ
2602 4917 2670 4972 τὸ
2712 4917 3147 4987 γεγεννημένον
3169 4918 3238 4971 ἐκ
3266 4919 3372 4973 τοῦ
3408 4921 3671 4989 πνεύμω-

2090 5021 2194 5071 τος
2238 5006 2474 5076 πνεῦμά
2515 5008 2675 5062 ἐστι·
2726 5008 2963 5078 πνεῦμα
3000 5008 3070 5062 δὲ
3096 5012 3131 5064 ό
3153 5010 3321 5075 Θεός.
3355 5011 3446 5063 Διὸ
3477 5011 3669 5065 ἕπεται

2087 5097 2250 5161 νοεῖν,
2295 5096 2372 5160 ὡς
2416 5097 2511 5150 καὶ
2538 5098 2606 5152 τὸ
2639 5099 3035 5171 γεγεννημένον
3066 5101 3129 5152 ἐκ
3154 5099 3248 5151 τοῦ
3276 5098 3409 5154 Θεοῦ
3438 5100 3569 5165 Θεὸς
3599 5100 3669 5154 ἂν

2084 5185 2193 5256 εἴη.
2225 5188 2374 5258 ’Ὀσῳ
2410 5187 2467 5241 δὲ
2519 5190 2620 5260 τῆς
2661 5190 2898 5259 γεώδους
2946 5190 3146 5263 σαρκὸς
3185 5191 3213 5243 ὁ
3257 5191 3667 5248 ἐπέκειναοτῶν

2081 5274 2218 5330 ὅλων
2242 5277 2381 5344 Θεὸς
2404 5279 2841 5352 ἀπηλλοτρίωται
2888 5282 2981 5335 καὶ
3020 5281 3429 5352 ἀπεσχοίνισται
3459 5285 3525 5355 τῇ
3559 5283 3662 5352 φύ-

479 5392 539 5451 ›Ι‹
576 5387 678 5446 Ed.
705 5391 906 5458 Paris.,
933 5409 1055 5465 pag.
1083 5395 1174 5454 72.
1268 5398 1315 5432 ⁸³
1337 5398 1531 5457 Matth.
1560 5404 1757 5471 xvn,5.
1851 5408 1902 5441 “
1925 5409 1995 5467 σία

2118 5431 2202 5480 ιιι,
2236 5419 2322 5475 16.

402 5591 808 5680 Ὲέξεξῖσξϊεὶνῖος
831 5594 1003 5680 αίῖίου
1030 5628 1098 5680 “.-
1132 5600 1285 5672 σχοίη
1314 5599 1379 5680 ἒν
1408 5601 1747 5680 τῆςετριὶθτης
1777 5610 1972 5680 γεννή-

403 5659 761 5764 ἕεὲη(ξ(ξ2ξ;
1311 5674 1378 5728 R.
1407 5659 1583 5742 p.r99.'
1607 5659 1975 5750 Ροδίοᾚίιίέο

2094 5659 2399 5764 ξὶέῆτὰῖἓῖ
2416 5659 2569 5764 ιξέτξξ

402 5725 438 5798 ἧ
788 5725 844 5818 et
861 5725 1234 5818 ποιησῶμεθέ.

2081 5611 2211 5698 Dein
2242 5615 2400 5686 vulgo
2429 5617 2488 5672 ὃν
2516 5619 2751 5698 ἐκήρμυξε
2777 5619 2954 5690 λέγων
2973 5631 3039 5698 Δοι
3065 5625 3113 5676 εί
3142 5622 3197 5677 δὲ
3231 5623 3450 5698 ἀκούειν
3484 5635 3538 5698 et
3569 5643 3665 5698 γε-

2638 5689 2782 5763 ζωῆς
2808 5703 2864 5747 et
2890 5692 3029 5763 πρὸς
3058 5695 3335 5763 σωτηρίαν
3363 5706 3417 5749 et
3448 5697 3538 5750 τὸν
3569 5689 3665 5755 ἀύ-

2079 5707 2305 5764 γεχηται
2328 5707 2382 5740 et
2416 5707 2612 5811 μετειη
2638 5707 2782 5761 ςωης
2808 5707 2864 5747 et
2890 5707 3029 5762 προς
3058 5707 3335 5763 σωτηρίαν
3363 5707 3417 5749 et
3448 5707 3538 5750 τὸν
3569 5707 3665 5755 c.0-

2079 5770 2174 5835 τρυ
2214 5761 2489 5835 μονογενῆΔ
2514 5759 2580 5835 ἴξί
2614 5778 2642 5835 ν
2664 5761 2865 5835 ὑπογρ.
2892 5762 3122 5835 Σωτῆρα
3143 5779 3156 5793 ο
3188 5765 3251 5827 ὃς
3279 5765 3361 5818 δέ.
3394 5764 3561 5823 Porro
3587 5768 3667 5835 ὡς

472 5796 583 5871 (45)
612 5796 1341 5874 Πολυπρατμονεῖν.»υθρει
1370 5810 1547 5884 λόγον,
1576 5815 1784 5888 opinor.
1817 5816 1971 5874 Μ.-

2094 5796 2172 5806 .--
2214 5796 2472 5828 run...”
2523 5796 2641 5812 ..νυ
2667 5796 2865 5834 ...ηιμ
2892 5796 3122 5835 mu”...
3188 5796 3247 5827 υ..
3279 5796 3361 5818 υτ..
3394 5796 3442 5817 ιι

2094 5822 2138 5876 τὸ
2181 5839 2361 5893 γεγεν.
2391 5837 2445 5884 et
2465 5828 2665 5894 6.856;
2690 5832 2808 5885 ἐστι
2840 5842 2893 5891 et
2925 5849 3092 5905 σαρκ.
3121 5835 3442 5905 γεννήσεως-
