4088 6378
351 398 454 451 M9

1374 394 1461 450 DE
1504 391 2039 449 ECCLESIASTICA
2082 391 2475 451 THEOLOGIA
2520 395 2651 451 LIB.
2691 396 2734 450 1.

3501 404 3607 462 850

351 536 455 581 σει,
482 529 717 587 τοσουτῳ
744 516 848 587 χρὴ
877 518 1015 569 νοεῖν
1046 518 1138 569 καὶ
1165 516 1264 587 τῆς
1293 517 1400 568 τῶν
1422 516 1640 587 σαρκῶν
1668 516 1917 584 γενέσεως

2040 524 2139 567 tre.
2166 514 2333 570 Nemo
2360 518 2503 571 enim
2531 526 2642 571 tum
2672 518 2839 572 vitam
2872 527 3294 589 consequeretur
3319 530 3601 590 :elernam,

350 607 822 678 ἀπηλλοτριῶσθαι
854 607 943 659 τὸν
973 608 1192 677 τρόπον,
1226 607 1344 660 καθ’
1375 606 1432 661 ὃν
1465 609 1492 659 6
1516 607 1703 677 Πατὴρ
1736 606 1927 674 ἐγέννα

345 699 437 751 τὸν
464 699 608 751 Υίόν.
654 698 726 750 Οὐ
758 698 864 768 γάρ
904 717 955 751 τι
999 698 1339 769 προϊέμενος,
1385 698 1494 752 οὐδ’
1527 697 1925 769 ἀλλοιούμενος,

345 790 467 842 οὺδέ
496 807 560 858 γε
590 790 905 860 παθητικῶς
931 790 1264 861 κινούμενος,
1287 790 1395 843 οὐδ’
1428 790 1566 853 ὅλως
1597 808 1650 843 τι
1668 789 1775 843 τῶν
1798 792 1927 860 ἡμῖν

347 880 823 950 συνεγνωσμένων,
861 881 1164 951 ὑπομένων,
1200 882 1396 953 ὑφίστη
1429 882 1612 935 αὐτόν.
1649 882 1783 935 Οὐδὲ
1818 883 1927 952 γὰρ

348 969 509 1040 σῶμα
537 965 625 1041 ἦν,
655 971 731 1034 ὡς
765 971 1063 1042 ἀπόρροιαν
1090 972 1199 1040 (46)
1234 972 1267 1042 ἢ
1313 972 1557 1043 μείωσιν,
1615 972 1648 1041 ἢ
1685 971 1924 1033 ἔκτασιν,

344 1062 377 1132 ἢ
424 1062 744 1133 μεταϐολὴν,
787 1063 819 1133 ἢ
854 1064 1082 1136 τροπὴν,
1128 1064 1161 1135 ἢ
1194 1066 1343 1135 ῥοὴν,
1394 1065 1427 1136 ἢ
1473 1065 1658 1137 μέρος,
1693 1065 1725 1136 ἣ
1758 1064 1927 1129 πάθος

345 1154 433 1203 ἐπ’
466 1151 613 1222 αύτῷ
639 1152 987 1221 λογίσασθαιο
1020 1156 1225 1208 τούτων
1256 1156 1301 1209 δ’
1338 1156 1493 1219 ἐκτὸς
1535 1158 1791 1211 ἁπάντων
1829 1159 1927 1229 ἄῤ-

348 1247 509 1313 ρητον
539 1247 669 1315 ἡμῖν
716 1247 808 1298 καὶ
839 1247 1268 1315 ἀνεπιλόγιστον,
1306 1249 1504 1318 μᾶλλον
1536 1250 1593 1302 δὲ
1628 1251 1775 1322 πάσῃ
1805 1268 1927 1319 γεν-

345 1339 479 1406 νητῇ
516 1336 675 1404 φύσει
699 1337 1115 1409 ἀνεξερεύνητον
1148 1340 1241 1392 καὶ
1271 1340 1672 1410 ἀνεξιχνίαστον
1703 1343 1800 1412 τὴν
1828 1360 1924 1411 γε-

344 1430 688 1499 νεσιουργίαν
735 1431 954 1503 ὑφίστη.
995 1433 1162 1502 Γεννᾷ
1197 1435 1294 1503 μὲν
1322 1432 1415 1489 οὖν
1448 1436 1542 1487 καὶ
1585 1436 1614 1488 6
1648 1436 1800 1506 ἥλιος
1828 1436 1924 1507 τὴν

344 1520 553 1592 αὐγὴν,
597 1520 813 1590 λέγεται
855 1523 909 1574 δὲ
948 1525 1041 1576 καὶ
1081 1526 1110 1577 ὁ
1149 1525 1275 1588 Υἱὸς
1322 1528 1688 1597 ἀπαύγασμα
1730 1529 1925 1597 φωτὸς

342 1613 537 1666 ἀϊδίου
569 1614 666 1666 καὶ
689 1615 1053 1684 ἀπαύγασμα
1077 1617 1187 1685 τῆς
1212 1617 1418 1683 δόξης,
1446 1619 1505 1673 οὐ
1533 1620 1630 1689 μὲν
1656 1620 1795 1672 κατά
1824 1621 1924 1691 τὴν

343 1704 606 1776 αἰσθητὴν
638 1704 730 1758 τοῦ
756 1707 930 1773 φωτὸς
956 1708 1139 1762 εἰκόνα
1164 1710 1438 1777 (ἐπέκεινα
1463 1709 1572 1780 γὰρ
1597 1710 1798 1773 παντὸς
1828 1727 1925 1762 πασ

346 1798 742 1868 ραδείγματος),
767 1799 1028 1869 ἀρρήτοις
1058 1801 1219 1855 αὐτὸν
1258 1804 1351 1855 καὶ
1394 1803 1797 1874 ἀκαταλήπτοις
1839 1805 1921 1857 λόη

342 1906 459 1955 γοις
487 1889 705 1961 ύφίστη,
726 1891 821 1942 καὶ
846 1890 1033 1945 τοῦτον
1055 1892 1153 1946 ἕνα
1184 1895 1275 1945 καὶ
1296 1894 1593 1965 Μονογενῆ.
1627 1896 1917 1950 Δυσσεδῶν

340 1979 399 2031 δὲ
431 1978 521 2030 καὶ
558 1978 733 2032 ἀθέων
775 1980 1005 2052 ἀνδρῶν,
1054 1982 1152 2053 τὴν
1179 1982 1436 2037 πολύθεον
1470 1984 1678 2054 πλάνην
1700 2004 1921 2057 νενοση-

340 2070 534 2135 κότων,
564 2074 971 2143 ἀποπεφράχθω
1017 2076 1125 2127 πᾶν
1159 2076 1350 2145 στόμα,
1388 2078 1437 2129 οἱ
1474 2076 1567 2130 τοῦ
1602 2078 1922 2148 μονογενοῦς

342 2162 472 2216 Υίοῦ
496 2163 592 2232 τὴν
614 2163 885 2235 ἐξαίρετον
904 2167 999 2218 καὶ
1023 2166 1325 2230 ἰδιάζουσαν
1341 2164 1592 2239 γέννησιν
1617 2172 1696 2233 είς
1719 2170 1923 2240 πλῆθος

338 2255 767 2317 καταϐάλλοντες
808 2257 1037 2324 Πατέρα
1065 2258 1297 2327 ἀνδρῶν
1338 2276 1403 2313 τε
1433 2260 1583 2313 θεῶν
1614 2263 1919 2334 τεάνειρή-

339 2357 518 2408 κασιν,
584 2343 720 2415 ὁμοῦ
770 2345 869 2415 μὲν
920 2346 1117 2417 ἄνδρας
1163 2348 1416 2417 μίξαντες
1463 2349 1626 2415 θεοῖς,
1673 2350 1808 2422 ὁμοῦ
1862 2353 1919 2405 δὲ

337 2434 550 2497 τούτοις
581 2435 796 2506 ὁμοφυῆ
831 2437 923 2489 καὶ
951 2437 1043 2490 τὸν
1077 2438 1236 2492 αὐτὸν
1263 2441 1641 2513 εἰσηγούμενοι
1677 2445 1917 2514 Πατέρα.

351 2525 489 2577 Ἀλλ’
520 2527 639 2579 οὐδὲ
682 2528 779 2597 μὲν
810 2529 1057 2598 ἐνεργείᾳ
1084 2529 1368 2602 δαιμονικῇ
1402 2532 1462 2584 τὸ
1486 2533 1744 2597 δυσσεϐὲς
1768 2536 1920 2589 τουτὶ

338 2616 433 2669 κα)⁵
466 2617 622 2670 ἄθεον
656 2619 964 2688 προήκαντο
1001 2622 1170 2690 ῥῆμα,
1202 2620 1281 2691 τῷ
1303 2622 1482 2693 θνητῷ
1514 2625 1607 2677 καὶ
1633 2625 1920 2699 παθητικῷ

337 2708 432 2761 καὶ
471 2708 827 2778 ἁμαρτητικῷ
856 2710 1002 2778 γένει
1033 2710 1138 2763 τῶν
1176 2711 1478 2783 ἀνθρώπων
1519 2716 1778 2784 ὁμοφυεῖς
1826 2720 1920 2772 καὶ

336 2798 634 2865 ὁμοπαθεῖς
667 2798 843 2860 θεοὺς,
884 2800 976 2852 καὶ
1014 2800 1104 2851 τὸν
1148 2800 1353 2853 τούτων
1384 2803 1559 2855 κοινὸν
1598 2804 1919 2877 ὑποθέμενοι

2031 608 2074 661 si
2129 609 2241 663 hinc
2284 610 2522 663 conditio
2554 619 2754 665 statuta
2804 610 2994 665 fuisset
3022 628 3037 666 :
3072 612 3230 681 quia,
3262 612 3433 668 Nemo
3463 619 3604 669 norit

2031 694 2250 750 Patrem
2281 699 2381 751 nisi
2428 697 2618 763 Filius,
2635 715 2795 767 neque
2831 698 3031 753 Filium
3059 703 3176 769 quis
3201 704 3339 757 novit
3370 705 3473 758 nisi
3505 705 3608 759 Pa—

2030 801 2109 843 ter
2131 793 2295 853 solus,
2324 793 2413 861 qui
2448 791 2597 844 illum
2646 794 2913 860 generavit
2942 793 3009 848 ⁸⁵.
3057 792 3262 848 Sufﬁcit
3288 808 3419 866 ergo
3450 799 3604 851 nobis

2030 882 2095 933 ad
2127 882 2355 936 salutem
2394 883 2526 935 tides
2549 921 2566 945 ,
2601 897 2662 937 ea
2714 898 2833 951 quae
2870 884 3035 937 Deum
3065 886 3221 939 nobis
3249 888 3472 940 exhibet
3510 886 3604 941 Pa-

2032 979 2168 1023 trem
2194 1009 2209 1034 ,
2238 970 2666 1039 omnipotentem
2698 1011 2713 1036 ,
2747 982 2801 1025 et
2853 971 3048 1025 Filium
3102 974 3275 1041 ipsius
3321 973 3603 1043 subsignat

2034 1063 2403 1117 Servatorem.
2439 1062 2541 1127 Qui
2570 1071 2622 1116 et
2663 1062 2778 1122 ipse
2820 1062 2961 1117 inter
2988 1063 3094 1116 alia
3128 1063 3283 1117 nobis
3309 1064 3411 1117 ista
3453 1077 3603 1117 com—

2032 1155 2306 1208 mendavit
2338 1154 2622 1224 inquiens:
2654 1154 2805 1218 Quod
2845 1164 3025 1207 natum
3060 1164 3136 1208 est
3179 1170 3245 1207 ex
3267 1170 3447 1219 carne,
3477 1168 3601 1208 caro

2031 1255 2107 1300 est
2138 1263 2156 1310 ;
2184 1259 2229 1299 et
2260 1248 2399 1314 quod
2443 1260 2622 1307 natum
2671 1257 2745 1299 est
2777 1262 2840 1298 ea:
2882 1247 3069 1311 spiritu
3094 1287 3108 1309 ,
3152 1246 3368 1313 spiritus
3398 1256 3473 1299 est
3512 1245 3597 1311 “;

2030 1337 2172 1393 Deus
2220 1347 2395 1391 autem
2438 1340 2656 1403 spiritus
2690 1348 2764 1390 est
2804 1337 2870 1389 °’.
2907 1338 3255 1404 Consequens
3304 1336 3465 1404 igitur
3492 1344 3601 1401 est,

1964 1431 1979 1452 '
2027 1440 2088 1485 ut
2110 1429 2656 1499 intelligamus,quod
2688 1437 2871 1482 natum
2894 1437 2979 1482 est
3011 1428 3077 1481 de
3109 1426 3238 1493 Deo,
3272 1426 3439 1480 Deum
3456 1441 3596 1481 esse.

2031 1522 2299 1589 Quantum
2332 1536 2460 1575 vero
2493 1521 2635 1575 Deus
2660 1521 2748 1575 ille
2786 1521 3160 1574 universorum
3193 1532 3354 1586 super
3379 1531 3597 1571 carnem

2028 1616 2167 1671 hanc
2194 1627 2467 1671 terrenam
2506 1615 2775 1669 exaltatus
2800 1652 2817 1678 ,
2862 1614 2931 1668 ab
2981 1612 3128 1667 illius
3178 1611 3339 1666 modo
3372 1608 3599 1665 recessit

2025 1717 2080 1762 et
2108 1722 2365 1762 mensura
2396 1724 2409 1761 :
2437 1707 2490 1760 in
2543 1715 2753 1760 tantum
2787 1704 2945 1759 nobis
2972 1704 3153 1758 animo
3183 1700 3597 1771 concipiendum

2025 1808 2110 1854 est
2143 1839 2157 1863 ,
2208 1800 2423 1854 modum
2472 1798 2624 1851 illum
2651 1837 2666 1862 ,
2707 1797 3004 1851 secundum
3031 1808 3189 1864 quem
3224 1793 3384 1847 Pater
3416 1792 3600 1862 genuit

2031 1890 2254 1956 Filium,
2289 1889 2474 1945 multis
2507 1888 2722 1956 quidem
2758 1888 3091 1956 parasangis,
3124 1884 3401 1940 carnalem
3432 1898 3595 1953 gene-

2026 1979 2181 2033 randi
2224 1980 2440 2033 modum
2477 1992 2828 2046 exsuperare.
2866 1983 2924 2039 is
2978 1975 3163 2044 Neque
3207 1976 3350 2028 enim
3395 1974 3598 2042 aliquid

2024 2070 2346 2135 emittendo,
2384 2069 2579 2123 nedum
2628 2069 2745 2136 ipse
2796 2069 3057 2121 alteratus
3081 2106 3097 2131 ,
3134 2076 3226 2119 aut
3259 2081 3355 2134 per
3385 2066 3597 2133 passio-

2025 2178 2146 2217 nem
2186 2161 2417 2217 aﬂ‘ectus
2456 2161 2789 2229 aliqualiter,
2814 2171 2909 2225 et,
2940 2170 2999 2214 ut
3049 2159 3331 2229 expediam
3384 2157 3554 2212 verbo
3579 2195 3597 2221 ,

2024 2254 2158 2308 nihil
2188 2268 2375 2308 eorum
2412 2253 2714 2315 subeundo,
2755 2266 2875 2320 quae
2910 2252 3111 2306 nostris
3138 2250 3332 2303 animis
3352 2258 3481 2303 sunt
3505 2263 3598 2303 co-~

2022 2344 2261 2415 gnitione
2295 2342 2776 2413 apprehensibilia,
2807 2341 2957 2396 illum
2985 2343 3281 2397 subsiStere
3311 2337 3598 2395 fecit.Non

2021 2438 2164 2492 enim
2199 2450 2398 2506 corpus
2432 2444 2549 2492 erat
2577 2435 2745 2498 Patri,
2798 2443 2859 2488 ut
2892 2432 3145 2487 emuxum
3188 2432 3324 2499 ipsi,
3353 2431 3596 2485 diminu-

2024 2530 2247 2592 tionem,
2288 2527 2689 2593 extensionem,
2718 2525 3249 2585 transmutationem,
3286 2522 3597 2576 conversio-

2022 2637 2143 2676 nem
2171 2660 2190 2687 ,
2216 2619 2419 2675 ﬂuxum
2446 2658 2462 2684 ,
2491 2628 2675 2689 partes
2695 2657 2710 2683 ,
2748 2618 3057 2687 passionem
3101 2616 3460 2669 attribuamus
3486 2612 3596 2669 ulio

2022 2722 2198 2783 pacto.
2230 2713 2312 2766 Ab
2364 2712 2483 2765 istis
2513 2719 2694 2764 autem
2732 2710 2989 2763 omnibus
3037 2707 3175 2761 liber
3207 2716 3263 2760 et
3308 2714 3552 2759 semotus
3577 2742 3592 2769 ,

2021 2801 2387 2871 generationis
2422 2799 2641 2853 modum
2690 2798 2891 2853 subivit
2917 2796 3030 2861 ille,
3064 2810 3169 2849 non
3196 2793 3593 2863 explicabilem,

2021 2890 2616 2960 iucomprebensibilem
2655 2914 2665 2945 ;
2707 2890 2816 2943 itno
2841 2897 2898 2942 et
2927 2887 3192 2941 universae
3220 2895 3593 2940 creaturarum

2022 2993 2227 3038 naturae
2256 3021 2273 3048 ,
2306 2982 2465 3038 nullis
2497 2982 2738 3052 vestigiis
2787 2979 3119 3037 odorandam
3146 3019 3164 3046 ,
3197 2977 3341 3031 nulla
3373 2976 3597 3030 investi-

340 2888 575 2960 Πατέρα,
629 2890 844 2953 πάντως
882 2906 984 2942 που
1021 2893 1131 2955 τοῖς
1161 2893 1347 2945 παισὶν
1380 2896 1866 2965 παρωμοιωμένον,
1892 2901 1921 2952 6

337 2981 380 3033 δ’
403 2980 848 3051 ἐκκλησιαστικὸς
873 2982 1046 3053 κήρυξ
1074 2984 1190 3046 ἐνὸς
1217 2983 1350 3035 Θεοῦ
1373 2984 1469 3037 ἕνα
1506 2990 1766 3059 μονογενῆ
1792 2988 1920 3043 Υἱὸν

336 3076 448 3136 τοῖς
497 3075 661 3127 πᾶσιν
718 3074 1101 3145 ἀνακηρύττει,
1155 3075 1213 3128 ὂν
1274 3076 1415 3146 ὑπὲρ
1471 3080 1570 3147 τῆς
1633 3078 1740 3132 τῶν
1803 3098 1917 3149 γενν

2020 3077 2243 3143 {ratione
2293 3076 2707 3145 assequendam.
2751 3071 3031 3142 Progignit
3079 3072 3295 3139 quidem
3335 3065 3595 3138 splendo--

338 3162 515 3227 νητῶν
585 3164 840 3217 ἁπάντων
910 3164 1179 3235 σωτηρίας
1240 3182 1299 3218 τε
1364 3167 1457 3219 καὶ
1500 3168 1757 3236 προνοίας
1814 3172 1917 3239 ὑφ-

2024 3184 2135 3222 rem
2164 3168 2231 3223 de
2257 3182 2316 3222 se
2345 3167 2447 3222 sol.
2480 3166 2692 3221 Dicitur
2726 3174 2905 3219 autem
2934 3163 3123 3227 Filius,
3172 3160 3420 3229 splendor
3458 3158 3594 3213 lucis

340 3246 481 3318 ίστη.

2022 3270 2232 3315 (eterna:
2264 3259 2310 3291 ⁸⁸
2344 3276 2359 3314 :
2406 3269 2454 3313 et
2494 3258 2678 3326 gloria:
2703 3256 2951 3325 splendor
2979 3255 3046 3320 θ’,
3092 3253 3188 3307 sed
3237 3266 3343 3305 non
3394 3262 3592 3303 secun-

338 3338 464 3391 dum
513 3339 651 3395 lucis
704 3340 977 3396 sensibilis
1009 3341 1322 3411 imaginem.
1364 3341 1498 3397 Nam
1535 3359 1699 3415 supra
1731 3350 1909 3405 omnis
1948 3352 2178 3421 exempli
2248 3349 2657 3405 similitudinem
2685 3386 2701 3411 ,
2769 3343 3233 3401 inenarrabilibus
3258 3355 3383 3395 eum
3418 3338 3593 3394 modis

336 3442 393 3487 et.
445 3433 1024 3503 incomprehendendis
1073 3437 1330 3506 produxit
1392 3437 1555 3495 Pater
1604 3459 1616 3494 :
1674 3457 1906 3513 eumque
1944 3462 2110 3500 unum
2146 3455 2201 3500 et
2252 3444 2624 3515 Unigenitum.
2693 3440 2881 3511 ltnpiis
2942 3448 3119 3494 autem
3159 3436 3430 3502 omnibus,
3462 3443 3517 3490 et
3558 3450 3590 3489 a

336 3526 539 3594 pietate
580 3528 840 3593 remotis,
888 3544 977 3597 qur
1032 3530 1222 3584 morbo
1268 3529 1518 3585 laborant
1565 3533 1630 3588 de
1685 3534 1906 3591 deorum
1947 3538 2316 3601 multitudine,
2380 3537 2705 3591 obturantur
2764 3550 2907 3591 ora:
2945 3533 3035 3600 qui
3065 3531 3392 3603 singularem
3428 3530 3589 3584 istam

335 3630 392 3676 et
415 3631 669 3675 aeternam
698 3623 957 3693 nnigeniti
998 3623 1115 3678 Filii
1156 3625 1593 3694 generationem,
1630 3629 1681 3683 in
1719 3632 2120 3688 multitudinem
2183 3634 2437 3689 deorsum
2500 3629 2833 3699 conjiciunt,
2892 3626 3109 3682 Patrem
3186 3626 3455 3680 hominum
3494 3638 3592 3680 no—

337 3714 606 3772 minantes
647 3719 964 3789 deorumque
987 3760 1003 3787 ,
1048 3720 1296 3776 homines
1338 3722 1439 3776 diis
1463 3727 1912 3796 commiscentes,
1952 3728 2167 3784 Patrem
2197 3739 2562 3800 supponentes
2622 3728 2705 3782 his
2769 3740 3149 3796 congenerem.
3185 3724 3325 3790 Alii,
3356 3738 3452 3792 per
3476 3722 3588 3777 das-

337 3821 559 3862 tnonum
617 3809 1030 3877 operationem,
1086 3809 1307 3874 impium
1371 3810 1512 3867 istud
1571 3818 1789 3869 verbum
1857 3828 1911 3870 et
1950 3819 2217 3874 atlteismo
2275 3821 2490 3889 plenum
2564 3818 2860 3889 protulere,
2909 3818 3037 3872 deos
3076 3829 3433 3885 congeneres,
3489 3813 3589 3868 iis-

336 3899 570 3966 demque
604 3898 944 3968 passionibus
977 3896 1264 3963 obnoxios,
1289 3899 1485 3966 quibus
1523 3904 1771 3968 mortale,
1829 3907 2101 3973 passibile,
2172 3917 2227 3963 et
2290 3907 2567 3977 peccabile
2589 3922 2757 3977 genus
2805 3906 3082 3961 hominum
3112 3905 3375 3975 subiacet,
3396 3904 3587 3959 horum

335 3990 579 4043 omnium
632 3998 687 4043 et
733 3988 1064 4057 singulorum
1126 3988 1341 4044 Patrem
1411 3990 1601 4058 Deum,
1653 3996 1879 4065 singulis
1928 4006 1982 4052 et
2033 4001 2301 4055 universis
2347 4001 2657 4055 assimilari.
2706 3998 2894 4054 Praeco
2939 4007 3117 4052 autem
3171 3997 3585 4053 Ecclesiasticus

337 4082 495 4133 unius
525 4081 637 4145 Dei,
668 4095 828 4133 unum
863 4080 1165 4144 annuntiat,
1194 4090 1251 4135 et
1289 4084 1626 4151 unigenitum
1655 4087 1851 4143 Filium
1885 4108 1897 4144 :
1939 4105 2098 4159 quem
2156 4094 2316 4149 Pater
2367 4094 2434 4147 ad
2481 4093 2709 4149 salutent
2743 4093 3162 4156 universorum,
3245 4099 3299 4145 et
3362 4089 3587 4162 singulis

338 4172 730 4241 providendum
763 4173 1049 4235 creaturis,
1079 4175 1375 4230 subsistere
1401 4176 1552 4231 fecit.

985 4264 1251 4319 KE‘I’JI".
1298 4270 1305 4278 ’

336 4354 467 4407 ’Ότι
508 4355 803 4422 ἀναγκαία
843 4355 941 4429 καὶ
978 4355 1273 4429 σωτήριος
1314 4357 1441 4425 τοῖς
1486 4358 1677 4415 πᾶσιν·
1732 4362 1765 4429 ἡ
1810 4362 1915 4416 τοῦ

870 4426 1004 4480 Υίοῦ
1038 4426 1382 4482 ἐπιστασία.

418 4518 633 4589 Ἐπειδὴ
658 4520 766 4590 γὰρ
787 4522 820 4589 ἡ
846 4519 953 4573 τῶν
985 4520 1283 4589 γεγονότων
1306 4520 1466 4590 φύσις
1496 4522 1553 4581 ἐν
1586 4521 1796 4592 σώμασι
1820 4524 1914 4576 καὶ

333 4613 667 4682 ἀσωμάτοις,
701 4611 965 4681 ἐμψύχοις
990 4628 1049 4664 τε
1080 4612 1172 4663 καὶ
1196 4611 1442 4682 ἀψύχοις,
1470 4613 1705 4680 λογικοῖς
1734 4631 1793 4666 τε
1818 4616 1914 4668 καὶ

331 4705 567 4772 ἀλόγοις,
616 4704 827 4773 θνητοῖς
867 4720 926 4755 τε
970 4704 1063 4756 καὶ
1091 4703 1393 4768 ἀθανάτοις,
1428 4706 1490 4757 τὸ
1531 4705 1784 4776 διάφορον
1816 4722 1909 4758 κε-

332 4799 580 4867 κτημένη
606 4837 619 4860 ,
650 4797 728 4867 τῷ
763 4796 901 4867 ὑπὲρ
929 4797 1144 4849 πάντων
1178 4799 1270 4849 καὶ
1297 4798 1391 4851 ἐπὶ
1422 4800 1637 4852 πάντων
1664 4798 1781 4869 Θεῷ
1812 4816 1908 4851 πε-

330 4890 514 4952 πάζειν
542 4891 634 4941 καὶ
662 4889 768 4941 τῶν
790 4888 890 4958 τῆς
916 4888 1080 4940 αὐτοῦ
1113 4888 1365 4957 θεότητος
1400 4889 1777 4961 μαρμαρυγῶν
1810 4890 1907 4961 οὐχ

326 4998 362 5022 σε
384 4995 417 5034 α
448 4998 505 5033 τε
539 4976 607 5052 ἦν
646 4980 889 5050 μετέχειν
919 4979 985 5032 δι’
1016 4979 1321 5049 ὑπερϐολὴν
1351 4980 1448 5050 τῆς
1473 4981 1580 5035 ἀπὸ
1609 4979 1701 5033 τοῦ
1733 4980 1909 5052 κρείτ-

328 5089 482 5135 τονος
504 5072 812 5141 ἐλλείψεως,
848 5071 1061 5142 μακρὰν
1090 5070 1145 5122 δὲ
1187 5070 1279 5122 καὶ
1307 5072 1662 5142 πορρωτάτω,
1694 5071 1905 5139 φύσεως

328 5162 603 5233 ἀσθενείᾳ,
634 5161 891 5215 διολισθὲν
916 5162 981 5215 ἂν
1010 5159 1119 5231 εἴη,
1149 5160 1257 5229 (47)
1297 5162 1344 5214 εί
1378 5161 1453 5232 μὴ
1478 5161 1611 5214 Θεοῦ
1658 5163 1909 5233 Σωτῆρος

330 5252 487 5322 ἔτυχε
539 5250 751 5322 βοηθοῦ,
792 5251 1013 5313 εἰκότως
1044 5252 1077 5321 ἡ
1113 5251 1348 5321 πατρικὴ
1385 5250 1785 5321 φιλανθρωπία,
1820 5254 1910 5305 τὸν

2631 4268 2783 4325 CAP.
2829 4267 2962 4322 Xlll.

2094 4361 2246 4427 Quod
2276 4361 2527 4414 adventus
2557 4357 2603 4412 F
2607 4360 2686 4412 itii
2723 4360 2960 4437 omnibus
2990 4358 3148 4428 fuerit
3189 4359 3437 4413 salutaris
3466 4368 3516 4414 et

2635 4446 2977 4484 necessarius.

2089 4521 2534 4591 Quandoquidem
2566 4535 2699 4576 vero
2747 4534 2927 4575 rerum
2970 4529 3447 4590 progeneratarum
3489 4533 3586 4575 na-

2015 4623 2157 4678 tura,
2194 4629 2315 4682 qnaa
2339 4612 2700 4668 differentiam
2738 4614 2930 4667 sortita
2967 4622 3052 4666 est
3078 4611 3455 4681 multiplicem,
3488 4625 3587 4682 per

2014 4719 2306 4771 corporeas
2333 4715 2385 4759 et
2411 4705 2761 4773 incorporeas
2795 4707 3061 4759 essentias
3080 4744 3094 4770 ,
3121 4705 3389 4760 animatas
3417 4715 3473 4760 et
3498 4706 3584 4759 in-

2014 4800 2283 4852 animatas
2314 4839 2328 4861 ,
2356 4799 2653 4852 rationales
2674 4839 2688 4861 ,
2716 4808 2771 4852 et
2801 4798 3178 4864 irrationales,
3223 4800 3476 4855 mortales
3530 4807 3588 4854 et

2014 4888 2352 4944 immortales
2376 4929 2393 4954 ,
2440 4892 2876 4960 appropinquare
2908 4891 3016 4946 Deo
3042 4930 3059 4957 ,
3087 4893 3177 4959 qui
3209 4907 3370 4961 super
3402 4894 3582 4947 omnia

2011 4988 2066 5033 et
2099 4995 2193 5048 per
2227 4980 2408 5033 omnia
2436 4991 2652 5048 praeest,
2677 4986 2735 5044 »Β
2772 4981 2916 5035 illius
2937 4982 3238 5036 divinitatis
3265 4980 3583 5050 Splendorcs

2012 5070 2157 5122 nullo
2211 5070 2368 5123 modo
2415 5071 2592 5138 potuit
2629 5071 2955 5139 participare
2983 5108 2997 5134 ,
3042 5069 3113 5123 ob
3162 5068 3381 5121 nimiam
3434 5066 3579 5119 illam

2012 5178 2163 5215 suam
2200 5162 2563 5216 deﬁcientiam
2589 5201 2604 5226 ,
2633 5176 2729 5231 per
2777 5176 2937 5230 quam
2976 5178 3005 5215 a
3044 5169 3234 5215 natura
3285 5159 3371 5213 illa
3411 5156 3580 5212 subli-

2016 5254 2254 5309 tnissitna
2295 5265 2621 5311 semovetur.
2654 5252 2805 5308 Unde
2836 5266 3031 5323 magno
3054 5292 3070 5319 ,
3118 5254 3229 5307 imo
3263 5251 3578 5320 longissimo

408 5420 469 5480 »Β
498 5415 593 5470 Ed.
627 5415 825 5480 Paris.,
849 5430 1005 5486 pagg.
1027 5414 1209 5480 75,74.
1240 5413 1491 5470 “Matth.
1532 5413 2047 5485 xt,2'1.f°Joan.m,
2080 5413 2134 5471 6.
2174 5414 2217 5446 ⁸⁷
2236 5413 2391 5469 .loan.
2413 5429 2485 5479 IV,
2503 5412 2593 5477 24,.
2670 5412 2715 5449 "
2731 5410 2857 5479 Sap.
2889 5426 2995 5475 vn,
3024 5409 3112 5464 26.
3192 5408 3478 5477 “ﬁcum,
3516 5410 3570 5464 ὅ.

410 5652 516 5724 (46)
548 5654 716 5726 Vingo
747 5656 848 5726 καὶ
883 5652 1136 5726 μείωσιν,
1162 5652 1281 5726 dein
1312 5652 1436 5724 ῥοὴν
1466 5664 1517 5708 et
1545 5671 1890 5726 γεννησιουρ-

328 5722 539 5796 τίαν-,οι
569 5724 662 5776 καὶ
684 5724 713 5776 6
741 5722 974 5796 ἣλιος-(ξι
997 5724 1094 5775 ἀπ.
1118 5722 1483 5796 δόξης,ςιιοι·νο
1532 5722 1786 5796 αἰσθητόν
1830 5722 1888 5781 et

332 5796 391 5849 αἱ
414 5793 580 5846 ἀΐδιον
613 5801 666 5847 et
697 5792 1122 5856 καταϐάλλοντες
1149 5804 1201 5846 et
1231 5794 1385 5863 ἀνδρ.
1418 5797 1507 5850 καὶ
1540 5792 1698 5851 θεῶνζ
1746 5796 1881 5851 Dein

330 5864 479 5918 ἄλλοι
511 5863 565 5916 δὲ
606 5863 703 5935 μέν
726 5875 780 5919 ct
808 5863 886 5930 τῷ
913 5864 1060 5930 διαφ.
1094 5863 1198 5932 Mp.
1224 5865 1293 5917 ῐσ.
1321 5864 1397 5917 τό.

2079 5661 2189 5731 (47)
2225 5664 2294 5716 El
2316 5662 2402 5732 μὴ
2445 5664 2593 5719 Θεοῦ
2623 5660 2933 5731 Σωτήριος.
2971 5659 3047 5732 Ita
3087 5658 3293 5732 legend.
3351 5658 3575 5732 omnino

2002 5725 2149 5798 patet
2172 5725 2352 5806 [Vulgo
2382 5725 2622 5806 enim],
2652 5725 2854 5799 statim,
2881 5725 3162 5803 χωροῦντα
3184 5729 3287 5802 [sic
3316 5735 3366 5785 ct
3386 5725 3572 5804 codd.)

2000 5817 2188 5871 nctnpe
2216 5804 2399 5858 filium.
2441 5803 2512 5869 Ill.
2566 5803 2598 5806 ’”
3558 5803 3577 5812 π
