4088 6456
455 424 551 479 851

1131 423 1402 482 EUSEBII
1442 423 1926 482 CIESARIENSIS
1963 423 2114 481 OPP.
2156 425 2334 483 PARS
2373 427 2461 484 IV.
2501 460 2570 470 —-
2610 427 3024 486 DOGMATICA.
3077 394 3088 399 1

3587 425 3694 488 882

455 540 764 606 inservallo,
791 549 1014 612 propter
1037 539 1336 593 naturalem
1369 554 1522 594 suam
1555 539 1926 595 inﬁrmitatem
1957 541 2009 595 al

2130 543 2293 596 αὑτοῦ
2341 543 2603 615 μονογενῆ
2650 546 2821 598 Παίδα
2868 545 2960 597 ἐπὶ
2997 544 3130 598 πᾶσι
3179 541 3432 613 καθίστη,
3479 541 3574 595 καὶ
3607 539 3695 597 διὰ

455 635 546 690 illo
574 635 903 699 excidisset,
933 632 1040 687 nisi
1082 632 1248 686 Deum
1285 631 1586 698 adjutorem
1625 633 1800 701 ipsum
1834 635 2021 688 nanci-

455 735 721 807 sceretur,
755 732 984 792 paterna
1015 722 1107 778 illa
1149 723 1242 777 Dei
1276 723 1668 788 misericordia,
1703 738 1801 778 nec
1832 727 2022 780 imme-

455 819 581 888 rito,
614 832 771 872 suum
801 817 993 872 Filium
1040 816 1376 886 unigenitum
1406 830 1568 884 super
1599 830 1790 873 omnes
1819 817 2024 873 consti-

452 909 576 981 tuit,
610 919 796 978 utpote
820 909 909 978 qui
940 922 1038 978 per
1066 908 1248 984 omnia
1268 915 1614 974 commearet,
1639 908 1889 963 omnibus
1907 909 2021 964 loco

450 1001 814 1055 moderatoris
843 1000 1181 1069 praesideret,
1219 1010 1273 1052 et
1301 999 1421 1053 illos
1449 999 1670 1068 largiter
1691 1000 1756 1054 de
1786 1015 1881 1054 sua
1908 1016 2023 1063 mus-

451 1090 728 1144 uiﬁcentia
766 1090 1042 1160 irrigaret.
1094 1088 1372 1146 Universis
1411 1090 1678 1156 siquidem
1720 1101 1773 1146 et
1800 1091 2023 1161 singulis

450 1198 575 1237 eum
627 1182 810 1248 Pater,
843 1184 932 1250 qui
965 1190 1266 1251 genuerat,
1315 1193 1422 1237 tam
1474 1183 1563 1250 qui
1595 1192 1722 1238 sunt
1765 1183 1819 1238 in
1847 1183 2020 1251 caelis,

451 1284 615 1342 quam
649 1277 740 1346 qui
780 1289 942 1343 super
973 1259 1165 1341 terras,
1201 1283 1472 1342 pastorem
1505 1273 1786 1338 constituit
1815 1283 1871 1328 et
1894 1275 2022 1330 Ser-

449 1374 690 1421 vatorem
715 1407 730 1428 ,
760 1375 1061 1420 curatorem
1107 1367 1253 1419 dedit
1291 1375 1343 1418 et
1387 1366 1683 1433 custodem,
1748 1365 2018 1420 medicum

453 1460 512 1511 et'
532 1459 948 1527 gubernatorem
993 1457 1190 1511 solum.
1226 1457 1300 1510 Illi
1335 1472 1516 1512 rerum
1551 1457 1789 1512 omnium
1817 1456 2018 1525 guber-

449 1548 648 1602 nacula
695 1548 746 1601 in
800 1564 992 1604 manus
1043 1547 1226 1612 dedit,
1261 1549 1350 1617 qui
1381 1557 1436 1602 et
1469 1548 1558 1602 illa
1594 1547 1934 1617 produceret,
1966 1555 2021 1601 et

448 1640 716 1707 producta
768 1650 1102 1707 procuraret.
1137 1641 1190 1694 Id
1220 1643 1360 1709 quod
1395 1642 1511 1709 ipse
1539 1640 1734 1705 docet,
1784 1639 1873 1693 ubi
1922 1640 2016 1704 ait,

451 1731 645 1786 Omnia
666 1733 794 1786 mihi
818 1732 1014 1785 tradita
1053 1744 1170 1786 sunt
1216 1749 1248 1788 a
1275 1731 1435 1787 Patre
1457 1751 1568 1788 meo
1594 1734 1662 1788 ⁷⁸³.
1693 1733 1758 1787 Ει
1788 1748 1973 1788 rursus
2001 1751 2014 1786 :

450 1821 617 1876 Pater
644 1824 781 1891 enim
807 1825 977 1893 diligit
1009 1823 1230 1890 Filium,
1255 1835 1302 1879 et
1326 1827 1500 1879 omnia
1524 1825 1602 1878 illi
1625 1825 1680 1878 in
1713 1842 1899 1880 manus
1929 1827 2018 1879 de-

2127 635 2342 688 πάντων
2370 635 2670 706 χωροῦντα,
2699 637 2794 690 καὶ
2823 640 2935 700 τοῖς
2959 639 3124 690 πᾶσιν
3161 637 3574 703 ἐπιστατοῦντα,
3603 639 3696 690 καὶ

2125 723 2223 787 τὰς
2275 723 2334 789 ἐξ
2389 726 2553 779 αὑτοῦ
2612 726 2875 797 χορηγίας
2928 725 3249 799 ἑπάρδοντα.
3317 728 3540 781 Πάντων
3587 727 3696 800 γὰρ

2125 816 2353 887 ἀθρόως,
2388 818 2496 871 τῶν
2529 836 2586 871 τε
2614 821 2734 873 κατ’
2758 820 3005 890 οὐρανὸν,
3041 820 3133 872 καὶ
3165 819 3272 872 τῶν
3315 821 3407 873 ἐπὶ
3442 821 3546 890 γῆς
3587 837 3698 875 ποι-

2128 908 2262 976 μένα
2314 907 2409 960 καὶ
2450 909 2698 979 Σωτῆρα,
2747 909 3015 980 κηδεμόνα
3065 925 3125 960 τε
3173 909 3268 962 καὶ
3314 908 3548 977 φύλακα,
3603 909 3698 962 καὶ

2127 998 2308 1069 ἰατρὸν
2331 1038 2345 1062 ,
2395 999 2490 1051 καὶ
2538 999 2872 1072 κυϐερνήτην
2923 999 3082 1072 μόνον
3133 1001 3294 1055 αὑτὸν
3349 1001 3378 1052 ό
3429 1001 3698 1070 γεννήσας

2123 1089 2364 1156 ἀνέδειξε
2416 1090 2626 1161 Πατὴρ,
2672 1094 2771 1162 τῆς
2808 1091 2916 1146 τῶν
2957 1092 3093 1146 ὅλων
3141 1090 3451 1155 συστάσεως
3498 1109 3557 1143 τε
3599 1090 3694 1144 καὶ

2121 1181 2437 1251 διοικήσεως
2481 1182 2625 1253 μόνῳ
2644 1183 2770 1246 τοὺς
2795 1182 2987 1246 οἴακας
3004 1183 3139 1253 (47⁸)
3156 1182 3466 1253 ἐγχειρίσας
3485 1199 3496 1210 ·
3515 1181 3543 1234 ὃ
3559 1181 3696 1234 διδά-

2126 1289 2242 1324 σκει
2284 1271 2454 1341 λέγων
2487 1274 2677 1337 αὐτός’
2729 1273 2933 1328 Πάντα
2968 1291 3072 1342 μοι
3112 1274 3408 1342 παρεδόθη
3439 1274 3556 1328 ὑπὸ
3584 1271 3692 1326 τσῦ

2120 1364 2348 1432 Πατρός
2357 1383 2494 1433 μου.
2515 1365 2625 1419 Καὶ
2639 1360 2812 1429 αὖθις,
2831 1365 3009 1434 Ὀγὰρ
3026 1365 3224 1434 Πατὴρ
3242 1364 3407 1435 φιλεῖ
3422 1363 3691 1427 τὸνΐὶὸν,

2109 1455 2220 1508 ’καὶ
2250 1456 2446 1509 πάντα
2471 1456 2730 1509 δέδωκεν
2765 1456 2835 1509 ἐν
2861 1455 2934 1524 τῇ
2972 1456 3125 1525 χειρὶ
3154 1457 3360 1511 αὑτοῦ.
3403 1456 3460 1508 '0
3485 1456 3554 1519 δ’,
3601 1449 3692 1508 οἷα

2123 1547 2284 1616 σοφὸς
2311 1547 2667 1618 κυϐερνήτης,
2699 1547 2789 1601 τὸν
2811 1546 3010 1618 κλῆρον
3039 1547 3191 1617 παρὰ
3212 1547 3306 1599 τοῦ
3334 1546 3546 1618 Πατρὸς
3568 1546 3693 1599 ὕπο·

2117 1637 2455 1707 δεδεγμένος,
2491 1637 2686 1700 ἐπιὸὰς
2716 1637 2808 1690 τοῦ
2861 1639 3171 1707 σύμπαντος
3215 1639 3443 1708 κόσμου,
3488 1639 3598 1692 ἄνω
3629 1654 3691 1692 τε

2122 1730 2257 1801 πρὸς
2281 1731 2371 1783 τὸν
2397 1731 2562 1784 αὐτοῦ
2584 1731 2802 1801 Πατέρα
2827 1729 3058 1800 βλέπων,
3091 1731 3211 1798 ἄγει
3232 1731 3322 1783 καὶ
3348 1730 3500 1801 φέρει
3525 1729 3693 1798 πηδα-

2118 1824 2341 1896 λιουχῶν
2368 1827 2428 1878 τὸ
2449 1827 2576 1890 πᾶν,
2605 1826 2724 1879 ούδέ
2763 1826 2826 1879 τὸ
2868 1823 3227 1896 σμικρότατον
3275 1821 3384 1875 τῶν
3423 1821 3690 1892 δεομένων

450 1913 618 1966 dit“.
667 1913 822 1983 Isque
867 1915 1013 1968 velut
1066 1915 1299 1982 prudens
1331 1917 1663 1986 gubernator
1707 1917 2009 1987 quispiaml

2119 1916 2220 1985 τῆς
2268 1915 2327 1982 ἐξ
2380 1916 2544 1969 αὐτοῦ
2590 1917 2852 1988 χορηγίας
2893 1914 3168 1986 παρορῶν,
3198 1913 3304 1966 οὐδ’
3334 1911 3689 1984 ὑπερφρονῶν

450 2015 652 2064 sortem
683 2007 828 2062 illam
861 2009 949 2062 ubi
984 2009 1050 2063 de
1079 2008 1237 2064 Patre
1267 2019 1599 2079 susceperat,
1648 2025 1810 2079 super
1857 2027 2014 2065 mun-

450 2098 576 2151 dum
618 2102 920 2165 ascendens
958 2102 1272 2156 universum
1298 2142 1315 2168 ,
1347 2117 1668 2171 sursumque
1701 2103 1767 2157 ad
1802 2101 2015 2156 Patrem

449 2205 607 2245 suum
635 2191 882 2252 intuitus.
912 2175 1318 2246 universitatem
1367 2207 1548 2246 rerum
1581 2193 1727 2263 agit,
1766 2192 1869 2248 fert
1900 2208 2016 2248 mo-

449 2282 690 2344 derando
725 2282 959 2352 singula,
991 2297 1092 2352 nec
1123 2283 1204 2337 vel
1239 2283 1631 2339 minutissimas
1663 2298 1749 2339 res
1791 2299 1892 2354 ope
1936 2284 2016 2354 ip-

449 2374 560 2434 sius
593 2388 862 2444 operaque
890 2374 1192 2443 indigentes
1213 2415 1227 2440 ,
1257 2375 1477 2443 insuper
1518 2375 1716 2441 habet,
1747 2386 1839 2430 aut
1869 2377 2016 2432 vilis-

448 2465 613 2520 simas
651 2465 953 2534 dcspectui.
1005 2455 1249 2535 Cumqu'e
1297 2466 1498 2537 jugiter
1548 2467 1770 2522 assistat
1818 2468 2010 2522 horum

447 2559 674 2630 singulis
698 2598 713 2622 ,
748 2559 945 2628 cuique
975 2560 1050 2612 rei
1085 2558 1278 2613 dividit
1315 2574 1377 2613 ea
1409 2574 1527 2628 quae
1575 2559 1880 2614 conducunt
1913 2575 1928 2613 :
1960 2569 2015 2612 et

448 2644 703 2722 tanquam
740 2650 978 2722 medicus
1024 2652 1332 2721 suppeditat
1389 2651 1680 2716 universis,
1716 2664 1835 2720 quae
1866 2649 2013 2704 salu-

447 2752 553 2812 tem
600 2743 847 2797 videntur
915 2741 1161 2797 allatura.
1219 2742 1354 2797 Hinc
1401 2743 1686 2797 admodum
1727 2755 1965 2810 congrue
1994 2780 2010 2806 ,

446 2851 622 2906 neque
653 2836 819 2890 vitam
856 2834 1186 2890 abhorrebat
1211 2835 1524 2904 victumque
1555 2835 1869 2888 humanum.
1904 2831 2010 2888 Sed

445 2943 569 2982 cum
600 2929 668 2982 ab
698 2927 844 2981 omni
867 2935 1009 2982 retro
1039 2925 1385 2995 antiquitate,
1417 2925 1714 2982 subsidium
1749 2923 2012 2980 subminio

444 2997 654 3071 strabat
705 3014 1006 3092 alllueuter,
1041 3015 1352 3070 hominibus
1405 3013 1496 3082 qui
1551 3028 1580 3067 a
1615 3013 1814 3068 saeculo
1859 3011 2010 3068 vixe-

445 3117 596 3176 runt,
651 3107 762 3162 Deo
792 3107 932 3161 caris
961 3118 1014 3160 et
1050 3107 1243 3160 amicis
1274 3126 1288 3160 :
1326 3121 1468 3160 nunc
1489 3106 1724 3160 humana
1751 3105 1921 3160 forma
1950 3121 2010 3162 se

445 3198 884 3272 conspiciendum
932 3198 1213 3251 insinuans
1259 3197 1555 3266 majoribus
1611 3195 2006 3256 Hebraeorum:

2123 2007 2228 2059 τῶν
2280 2006 2650 2079 βραχυτάτων.
2692 2007 2783 2063 Διδ
2809 2005 2892 2078 δὴ,
2931 2008 3041 2069 τοῖς
3067 2006 3252 2068 πᾶσιν,
3275 2003 3396 2057 ἐπεὶ
3426 2004 3688 2074 πάρεστιν

2123 2097 2362 2168 ἑκάστῳ,
2398 2097 2576 2168 νέμων
2601 2097 2669 2151 τὰ
2700 2096 3004 2168 πρόσφορα,
3032 2098 3096 2166 τῇ
3133 2113 3192 2147 τε
3223 2094 3329 2147 τῶν
3367 2093 3501 2148 ὅλων
3529 2093 3686 2164 θερα-

2123 2189 2250 2260 πεία
2281 2189 2434 2258 δίκην
2470 2188 2652 2260 ἰατροῦ
2690 2186 2759 2241 τὰ
2798 2188 3032 2257 ἁρμόδια
3057 2185 3192 2257 πρὸς
3221 2183 3491 2256 σωτηρίαν
3517 2185 3688 2255 ἐπαρ-

2114 2279 2250 2352 εκῶν.
2289 2279 2450 2337 Ὅθεν
2484 2281 2708 2338 εἰκότως
2738 2279 2858 2332 οὐδὲ
2901 2278 2992 2331 τοῦ
3019 2278 3138 2330 κατ’
3173 2276 3454 2347 ἄνθρωπον
3487 2276 3685 2346 ὑπερε-

2121 2375 2356 2447 φρόνησε
2408 2372 2546 2443 βίου,
2600 2373 2734 2426 ἀλλὰ
2793 2373 2886 2426 καὶ
2939 2372 3105 2425 πάλαι
3155 2371 3418 2442 πρότερον
3463 2373 3576 2431 τοῖς
3624 2369 3685 2434 ἐξ

2119 2467 2310 2530 αίῶνος
2340 2465 2606 2536 φιλοθέοις
2635 2464 2858 2534 ἀνδράσι
2888 2462 2985 2535 τὴν
3009 2461 3068 2528 ἐξ
3092 2460 3254 2516 αὐτοῦ
3286 2463 3543 2532 παρεῖχεν
3573 2463 3690 2513 ἐπι-

2119 2559 2359 2628 κουρίαν,
2394 2553 2494 2612 ὦδε
2533 2559 2629 2629 μὲν
2665 2557 2985 2628 ἀνθρωπείῳ
3020 2557 3253 2626 σχήματι
3277 2557 3387 2616 τοῖς
3420 2552 3685 2623 Ἑϐραίων

2119 2649 2486 2720 προπάτορσιν
2510 2649 2946 2718 ἐπιφαινόμενος,
2970 2641 3070 2699 ὧδε
3091 2646 3149 2699 δέ
3183 2647 3291 2707 τοῖς
3311 2644 3513 2698 τούτων
3550 2643 3686 2696 ἀπο-

2116 2741 2290 2808 γόνοις
2329 2740 2615 2810 ἁρμοδίους
2662 2740 3071 2809 διαταττόμενος
3122 2738 3335 2808 νόμους,
3385 2735 3485 2806 ήδη
3511 2733 3567 2787 δὲ
3591 2735 3686 2788 καὶ

2115 2834 2226 2896 τοῖς
2256 2833 2564 2902 μετέπειτα,
2593 2831 2680 2884 διὰ
2708 2831 3018 2903 προφητῶν,
3050 2828 3344 2900 μελλούσης
3371 2826 3532 2882 αὑτοῦ
3562 2826 3682 2878 θεο-

2115 2923 2338 2993 φανείας
2363 2925 2562 2978 ἅπασιν
2586 2923 2880 2994 ἐκλάμψειν
2906 2919 3474 2995 άνθρὼποις,ἐξεδίδου
3501 2917 3685 2972 θεσπί-

2117 3034 2314 3085 σματα.
2367 3016 2454 3079 Ὠς
2499 3016 2555 3069 δὲ
2597 3017 2626 3069 ό
2671 3014 2783 3086 (48)
2838 3014 3041 3067 τούτων
3089 3014 3426 3084 προσήλαυνε
3470 3011 3679 3082 χρόνος,

2114 3110 2293 3180 ἔργοις
2349 3107 2581 3178 ἐπλήρου
2634 3107 2878 3160 παλαιῶν
2929 3105 3193 3178 χρησμῶν
3245 3103 3680 3173 ἀποτελέσματα,

2116 3183 2209 3252 καί
2236 3199 2300 3270 δὴ
2331 3199 2508 3271 παρῆν
2531 3197 2715 3253 λοιπὸν
2749 3195 2949 3268 ἀναμὶξ
2975 3197 3053 3267 τῷ
3085 3195 3260 3266 θνητῷ
3289 3194 3388 3265 βίῳ
3419 3193 3528 3264 (49)
3557 3209 3684 3247 συν-

445 3304 588 3343 nunc
631 3270 1025 3357 veroposteris
1062 3287 1307 3353 illorum,
1375 3286 1519 3356 leges
1563 3288 1695 3356 ipsis
1744 3302 2009 3357 congruas

2113 3265 2524 3362 αγελαξόμενος.
2574 3290 2744 3352 Αὐτός
2799 3265 2867 3342 τε⁷
2913 3285 2982 3359 ἦν
3089 3265 3181 3340 τού
3207 3286 3341 3340 Θεοῦ
3386 3283 3680 3356 μονογενής

442 3381 792 3454 promulgans
827 3397 840 3434 :
880 3386 935 3433 et
963 3386 1237 3447 postremo
1266 3391 1362 3446 per
1389 3377 1700 3448 prophetas,
1729 3379 2010 3444 vaticbiiis

442 3471 632 3544 variis,
667 3469 807 3539 apud
851 3469 1226 3538 posteritatem
1252 3507 1266 3529 ,
1302 3483 1456 3523 suam
1481 3468 1714 3522 divinam
1749 3471 1888 3525 inter
1914 3469 2010 3524 ho-

443 3564 620 3624 mines
649 3548 1106 3630 dispensationem
1144 3559 1315 3614 multo
1340 3567 1467 3613 ante
1494 3560 1843 3615 annuntians.
1867 3559 2009 3626 Qua-

444 3670 564 3712 rum
594 3654 836 3724 quidem,
867 3651 1006 3722 apud
1035 3650 1288 3706 saeculum
1325 3651 1474 3720 prius
1504 3651 1844 3706 oraculorum
1867 3666 2009 3706 com-

441 3742 795 3816 plementum,
847 3743 938 3797 ubi
973 3754 1185 3811 tempus
1217 3742 1549 3811 advenerat,
1580 3745 1956 3812 consignatum
1985 3785 2000 3808 ,

442 3835 617 3904 reipsa
645 3833 897 3889 ell'ectum
931 3833 1102 3887 dedit.
1141 3832 1349 3900 Suique
1379 3831 1604 3900 factum,
1639 3840 1700 3887 ut
1728 3832 2004 3902 deinceps,

441 3927 581 3996 apud
625 3925 876 3979 homines
923 3924 1161 3978 humano
1199 3938 1352 3978 more
1380 3933 1717 3980 versaretur.
1769 3923 2008 3994 Eratque

394 4008 400 4014 ’
440 4016 752 4085 unigenitus
798 4015 888 4070 Dei
929 4013 1100 4068 Filius
1129 4014 1266 4080 ipse,
1312 4013 1405 4083 qui
1446 4015 1498 4068 in
1533 4015 1767 4085 imagine
1799 4014 2003 4081 divina,

437 4107 544 4164 hoc
576 4116 660 4162 est
684 4121 913 4175 corpore
940 4107 1300 4160 instrumento
1331 4144 1347 4171 ,
1378 4120 1500 4159 cum
1534 4105 1772 4161 humano
1812 4122 2008 4178 genere

436 4198 904 4255 conversationem
936 4197 1125 4251 habuit
1151 4237 1166 4262 ,
1197 4195 1438 4251 docendo
1458 4235 1473 4262 ,
1502 4198 1746 4252 sanando
1769 4240 1784 4264 ,
1813 4198 2006 4253 divina}

435 4306 548 4350 suae
595 4289 875 4362 sapientiae
915 4277 1175 4344 inell‘abili
1228 4288 1475 4342 doctrina
1521 4289 1901 4344 lnstituendo:
1942 4297 2000 4355 ὦ

433 4385 634 4454 quique
671 4383 867 4447 adhuc,
899 4382 964 4435 ad
993 4393 1183 4437 nutum
1223 4382 1303 4436 sui
1336 4379 1515 4435 Patris
1543 4421 1558 4446 ,
1593 4385 1660 4437 de
1692 4383 2006 4444 misericor-

431 4475 518 4546 dia
552 4473 669 4544 ejus
699 4474 1049 4544 exsuperanti
1083 4488 1253 4542 usque
1283 4473 1348 4527 ad
1384 4481 1570 4541 portas
1597 4475 1786 4530 mortis
1811 4477 1999 4540 evasit,

2112 3385 2256 3450 Υἱὸς,
2280 3385 2356 3448 ὡς
2379 3385 2438 3436 ἐν
2465 3383 2739 3453 ἀγάλματι
2769 3381 2917 3452 θείῳ,
2944 3381 3021 3451 τῷ
3044 3382 3137 3435 τοῦ
3169 3379 3416 3451 σώματος
3442 3377 3677 3450 ὀργάνῳ,

2107 3477 2186 3548 τῷ
2239 3477 2345 3531 τῶν
2394 3475 2691 3547 ἀνθρώπων
2737 3474 3047 3546 καθομιλῶν
3093 3475 3238 3543 γένει
3285 3472 3675 3536 διδασκαλίαις,

2109 3569 2422 3641 θεραπείαις
2447 3567 2630 3620 ἐνθέου
2667 3568 2858 3637 σοφίας
2881 3607 2896 3628 ,
2931 3568 3256 3638 ἀπορρήτοις
3289 3564 3670 3631 παιδεύμασιν.

2109 3662 2218 3733 (50)
2255 3660 2390 3730 Ἤδη
2435 3659 2492 3712 δέ
2539 3659 2717 3712 αὐτῶν
2765 3659 2923 3730 μέχρι
2972 3656 3198 3709 θανάτου
3246 3654 3427 3706 πυλῶν
3475 3653 3671 3723 ήλαυνε

2109 3751 2372 3824 πατρικοῦ
2417 3749 2682 3820 νεύματος
2724 3747 3129 3819 ὑπερϐαλλούσῃ
3163 3744 3556 3815 φιλανθρωπίᾳ,
3595 3742 3674 3806 ὡς

2108 3840 2173 3894 ἂν
2201 3840 2295 3893 καὶ
2334 3838 2458 3901 τοὺς
2491 3838 2616 3909 τῇδε
2663 3838 2762 3908 τῆς
2805 3836 2998 3890 ἑαυτοῦ
3033 3833 3384 3898 καταξιώσειε
3428 3833 3671 3905 χάριτος,

2107 3931 2200 3986 ἐπὶ
2248 3931 2345 4002 τὴν
2394 3930 2522 4001 παρ’
2559 3928 2708 4000 αὐτῷ
2751 3929 2892 3994 ζωὴν
2929 3925 3294 3999 παρελκύσας.
3345 3922 3501 3980 Οὕτω
3542 3923 3675 3986 Bch;

2103 4017 2170 4092 ἦν
2204 4021 2260 4074 ἐν
2291 4019 2506 4092 Χριστῷ
2548 4021 2750 4090 κόσμον
2785 4018 3165 4082 καταλλάσσων
3194 4015 3400 4086 ἐαυτῷ·
3443 4014 3539 4068 καὶ⁸
3575 4012 3676 4084 τὴν

2105 4114 2366 4185 ἑνσαρκον
2407 4113 2695 4183 ὑπέμεινεν
2743 4113 3075 4182 οἰκονομίαν,
3117 4109 3296 4182 προὼν
3347 4108 3443 4179 μὲν
3483 4107 3671 4177 αὐτῆς,

2104 4205 2196 4258 καὶ
2223 4204 2610 4276 προῦπάρχων,
2649 4203 2861 4274 θεότητι
2891 4202 3162 4271 πατρικῆς
3188 4200 3344 4270 δόξης
3378 4196 3675 4269 τετιμημέ-

2103 4314 2190 4360 νος
2210 4314 2222 4327 ·
2251 4296 2310 4348 ού
2336 4297 2443 4368 μὴν
2479 4315 2497 4347 ι
2516 4297 2806 4366 ἁρπαγμὸν
2835 4295 3132 4366 ήγούμενος
3160 4293 3220 4346 τὸ
3249 4287 3386 4344 εἶναι
3419 4290 3508 4343 ἴσα
3532 4287 3671 4360 Θεῷ,

2109 4407 2125 4437 ε
2155 4387 2342 4441 ἐαυτὸν
2379 4387 2422 4440 δ’
2453 4383 2546 4440 οὖν
2575 4386 2835 4449 κενώσας,
2876 4388 2970 4439 καὶ
3015 4385 3226 4454 μορφὴν
3254 4384 3442 4437 δούλου
3471 4382 3670 4447 λαϐὼν,

2107 4498 2125 4529 ‹
2160 4479 2516 4531 ἐταπείνωσεν
2547 4478 2758 4541 ἐαυτὸν,
2791 4478 3028 4546 ὑπήκοος
3066 4475 3142 4545 τῷ
3180 4476 3354 4544 Πατρὶ
3385 4473 3672 4543 γενόμενος

430 4583 539 4637 quo
567 4578 621 4620 et
652 4566 806 4632 illos,
837 4567 929 4636 qui
977 4566 1051 4621 ibi
1102 4565 1508 4632 detinebantur,
1548 4568 1735 4636 gratiae
1784 4582 2000 4636 quoque

2113 4589 2126 4621 ι
2165 4570 2325 4641 μέχρι
2381 4569 2630 4632 θανάτου,
2671 4588 2690 4621 ι
2750 4569 2836 4631 ἵν’,
2895 4567 3081 4636 ὥσπερ
3122 4567 3150 4618 ὁ
3193 4565 3418 4628 θάνατος
3459 4565 3526 4617 δι’
3553 4564 3672 4626 ἐνὸς

432 4659 722 4730 participes
752 4674 863 4713 suae
899 4657 1102 4713 faceret
1126 4698 1141 4723 ,
1174 4659 1239 4710 ad
1263 4657 1431 4710 vitam
1464 4671 1568 4711 una
1591 4670 1770 4712 secum
1818 4666 1998 4717 extra-

428 4764 568 4810 ctos.
614 4753 694 4807 Ad
727 4752 888 4806 istum
913 4751 1134 4806 modum
1166 4751 1308 4806 Deus
1339 4751 1392 4803 in
1437 4749 1653 4814 Christo
1674 4758 1814 4814 erat,
1841 4766 1996 4804 mun-

427 4847 554 4901 dum
583 4843 946 4924 reconcilians
991 4843 1132 4898 sibi:
1166 4844 1245 4899 sic
1279 4845 1332 4898 in
1365 4858 1530 4898 carne
1577 4842 1752 4898 obivit
1776 4857 1995 4899 oecono-

425 4941 591 5008 miam
624 4979 640 5006 ,
676 4945 964 5006 antequam
996 4936 1112 5011 ipse
1168 4936 1531 4999 subsistebat,
1575 4935 1860 4990 divinitate
1909 4949 1994 5005 pa-

422 5041 592 5088 ternae
619 5031 807 5102 gloria:
849 5029 1145 5083 honoratus
1173 5044 1188 5083 :
1220 5043 1328 5082 non
1363 5027 1604 5097 rapinam
1637 5029 1842 5082 ducens
1872 5040 1993 5082 esse

2102 4661 2517 4732 ἁμαρτήσαντος
2562 4658 2845 4730 ἀνθρώπου
2891 4658 3089 4720 παντὸς
3141 4657 3528 4726 κατεκυρίευσε
3577 4655 3671 4724 γέ-

2101 4768 2244 4814 νους,
2282 4751 2424 4804 οὕτω
2452 4751 2542 4805 καὶ
2575 4753 2606 4823 ή
2640 4750 2855 4815 αἰώνιος
2883 4750 2996 4822 ζωὴ
3017 4749 3104 4802 διὰ
3134 4749 3234 4818 τῆς
3263 4748 3426 4801 αὐτοῦ
3449 4747 3671 4818 χάριτος

2100 4843 2208 4896 τῶν
2267 4844 2380 4917 (51)
2428 4848 2508 4909 εἰς
2561 4844 2722 4898 αὑτὸν
2781 4841 3189 4915 [πιστευόντων]
3253 4841 3347 4893 καὶ
3397 4840 3464 4895 δι’
3504 4838 3666 4892 αὑτοῦ

2099 4934 2176 5005 τῷ
2222 4936 2340 5007 Θεῷ
2391 4937 2482 4990 καὶ
2514 4938 2689 5008 Πατρὶ
2725 4937 2888 4992 αὐτοῦ
2938 4933 3372 5006 γνωριζομένων,
3425 4930 3670 5001 βασιλεύ-

2101 5044 2262 5083 σειεν.

419 5127 683 5200 aequalem
729 5126 875 5191 Deo,
905 5125 1252 5193 semetipsum
1287 5134 1468 5178 tamen
1512 5122 1837 5178 exinaniens
1864 5164 1881 5189 ,
1935 5129 1990 5177 et
2027 5121 2256 5179 formam
2325 5127 2465 5182 servi
2541 5139 2824 5184 assumens
2852 5167 2867 5194 ,
2913 5121 3217 5181 humiliavit
3243 5135 3303 5177 se
3331 5120 3506 5177 factus
3532 5119 3664 5176 obe-

502 5319 562 5377 ›Ῑ‹
597 5310 695 5366 Ed.
728 5310 926 5376 Paris.,
951 5325 1074 5381 pag.
1099 5311 1187 5365 75.

487 5531 625 5602 (47‘)
654 5531 826 5602 Vung
851 5533 1175 5602 ἐγχειρήσας
1194 5541 1247 5584 et
1277 5531 1444 5585 πᾶσιν
1483 5531 1604 5582 ἐπεὶ⁵
1643 5530 1901 5602 πάρεστιν
1946 5538 1999 5586 et

414 5591 458 5666 ᾧ
490 5600 545 5652 δὲ
579 5591 676 5671 μέν
709 5591 1035 5664 εῐῶδέξὸῖέ.

489 5670 601 5736 (48⁷)
641 5671 702 5722 '0
746 5674 972 5725 τούτων
1018 5671 1414 5738 προσέλαυνε.
1473 5670 1706 5724 Τούτων.
1753 5671 1990 5736 Nempe,

417 5740 612 5813 quibus
651 5739 974 5813 πολυμερῶς
1020 5743 1121 5813 ,καὶ
1172 5742 1546 5813 πολυτρόπως,
1610 5753 1790 5808 patres
1856 5740 1986 5813 olim

423 5809 686 5882 allocutus
713 5809 805 5882 est
829 5827 842 5862 :
877 5811 995 5865 ideo
1008 5812 1302 5882 legendum
1329 5809 1654 5882 παρελαύνε,
1678 5810 1941 5882 praeteriit
1967 5828 1982 5865 :

429 5879 660 5947 explicat
683 5879 849 5944 enim,
880 5881 1018 5947 quod
1052 5881 1269 5949 ponitur
1297 5898 1324 5935 a
1365 5878 1424 5937 B.
1474 5881 1637 5937 Paulo
1665 5881 1733 5936 ad
1759 5878 1892 5936 lleb.
1932 5895 1979 5948 ι,

1277 5310 1323 5342 "°
1353 5309 1540 5367 Matth.
1563 5327 1640 5377 Il,
1666 5310 1756 5364 27.
1831 5309 1874 5341 '"
1901 5308 2056 5366 Joan.
2087 5326 2169 5377 nt,
2195 5310 2284 5365 55.

2101 5531 2155 5585 2.
2197 5529 2268 5584 M.
2297 5562 2364 5572 —
2401 5532 2515 5585 Mox
2543 5533 2702 5594 vulgo
2726 5531 2816 5584 καὶ
2848 5528 3156 5601 δὲηπαρείη.

2163 5602 2275 5662 (49ὶ
2297 5601 2868 5671 Συναγελαζόμενος.
2897 5599 3057 5655 Forte
3085 5599 3548 5671 συναυλιζόμενος.
3581 5599 3654 5655 Μ.

2164 5671 2276 5742 (50)
2303 5669 2479 5742 Vulgo
2499 5672 2598 5742 ήδη
2623 5672 2686 5742 δή
2713 5682 2768 5725 et
2789 5671 2895 5742 Mp.
2927 5688 3018 5742 γρ.
3051 5671 3176 5742 ᾅδου
3223 5671 3339 5742 loco
3374 5669 3654 5742 θανάτου;

2092 5741 2210 5795 dein
2257 5740 2530 5813 'vulgo'vﬁ'
2569 5740 2800 5812 θεότητι,
2829 5740 2882 5796 et
2933 5740 3024 5795 ἶσα
3063 5740 3130 5796 et
3159 5741 3275 5804 ἐνὸς
3318 5741 3658 5812 ἁμαρτάνον-

2099 5830 2385 5948 ώὲΠΕις
2401 5883 2604 5938 αὑτόνε
2623 5881 2857 5949 Apparet
2881 5886 3076 5951 deesse,
3088 5883 3175 5950 hic
3190 5882 3562 5958 πιστευόντων.
3579 5878 3651 5934 hi.
