4088 6382
390 328 495 387 853

1376 332 1463 389 DE
1503 333 2033 395 ECCLESlASTICA
2069 334 2457 398 TllEOLOGlA
2493 335 2618 388 LIB.
2660 338 2697 387 ι.

390 445 545 502 diens
571 444 716 499 Patri
741 458 910 514 usque
938 448 1003 501 ad
1062 456 1310 501 mortem.
1379 449 1453 502 Ita
1492 459 1547 502 ut
1581 451 2027 517 quemadmodum
2068 467 2215 507 mors
2248 468 2344 521 per
2372 466 2533 505 unum
2560 452 2831 506 hominem
2866 461 3196 521 peccantem,
3228 454 3279 507 in
3312 467 3480 522 genus
3505 457 3622 507 uni-
3702 475 3713 486 ι

3519 337 3622 391 85ἆ

389 556 610 597 Versum
646 542 921 596 dominata
967 543 1137 597 fuerat
1170 560 1181 594 :
1212 545 1290 599 sic
1327 552 1382 597 et
1425 546 1535 597 vita
1587 556 1805 605 aeterna,
1858 561 1953 612 per
1994 546 2161 611 ipsius
2224 546 2448 615 gratiam
2474 586 2487 609 ,
2526 544 2808 613 imperium
2877 548 2929 599 in
2970 560 3064 600 eos
3114 561 3300 601 omnes
3334 545 3622 613 obtineret,

388 635 483 705 qui
518 635 572 688 in
600 634 748 689 illum
796 634 1118 697 crederent,
1144 644 1196 688 et
1226 649 1319 702 per
1347 634 1492 688 illum
1518 678 1532 701 ,
1567 636 1674 697 Deo
1708 648 1763 690 et
1812 635 1957 689 Patri
2001 637 2186 703 ipsius,
2224 638 2424 707 cogniti
2458 634 2987 693 commendarentur.

1029 727 1182 778 ΚΕΦ.
1222 727 1317 779 ΙΔ’.

390 818 517 873 Ὅτι
556 818 812 885 εὐλόγως
850 820 887 885 ἠ
929 819 1256 881 Ἐκκλησία
1298 818 1368 870 τὰ
1406 818 1556 871 αὐτὰ
1583 818 1966 885 φρονήσαντα

600 889 901 952 Σαϐελλίῳ
928 887 1281 954 Μάρκελλον
1315 888 1738 956 ἀπεδοκίμασε.

459 976 695 1039 Εἰκότως
729 975 840 1047 (5‘2)
891 975 954 1045 δὴ
997 976 1169 1029 ταῦτα
1204 976 1546 1047 κηρύττουσα
1579 979 1610 1046 ἡ
1651 976 1961 1047 Ἐκκλησία,

388 1069 577 1140 ὥσπερ
604 1086 655 1120 τι
687 1067 938 1136 κίϐδηλον
966 1066 1426 1137 παραχαράξαντα
1450 1068 1709 1137 νόμισμα,
1741 1068 1838 1136 τὴν
1870 1067 1965 1137 ἆρ-

388 1177 543 1229 νησιν
568 1157 663 1210 τοῦ
701 1156 828 1209 Υἱοῦ
882 1156 975 1209 τοῦ
1030 1156 1199 1219 Θεοῦ,
1246 1158 1335 1210 τὸν
1381 1157 1660 1210 Σαϐέλλιον
1716 1157 1964 1211 ἀπεδοκί-

390 1267 552 1324 μασε,
594 1249 767 1302 καίτοι
819 1248 950 1300 Θεὸν
976 1246 1072 1300 ἕνα
1120 1248 1336 1311 εἰδέναι,
1375 1247 1484 1318 (55)
1518 1249 1610 1300 καὶ
1637 1247 1773 1317 πλὴν
1798 1247 1960 1301 αὐτοῦ

390 1338 465 1409 μὴ
491 1334 651 1402 εἶναι,
692 1336 992 1407 Μαρκέλλῳ
1026 1335 1418 1406 παραπλησίως
1450 1335 1675 1403 λέγοντα
1696 1353 1709 1365 ο
1740 1336 1832 1412 καὶ
1867 1336 1963 1387 αὺ-

384 1431 479 1485 τοῦ
519 1430 575 1482 δὲ
620 1429 714 1482 τοῦ
748 1430 998 1499 Σωτῆρος
1030 1427 1185 1499 ἡμῶν
1224 1428 1272 1480 οῑ
1314 1428 1737 1499 πρωτοκήρυκες
1778 1427 1963 1479 Ἐϐιω-

385 1521 569 1584 ναίους
602 1518 879 1590 ὠνόμαζον
916 1518 1174 1589 Ἐϐραῖκῇ
1219 1520 1368 1589 φωνῇ
1396 1558 1410 1583 ,
1441 1518 1553 1584 (54)
1586 1536 1831 1587 πτωχους
1860 1518 1960 1587 τὴν

386 1610 626 1663 διάνοιαν
659 1602 1079 1671 ἀποκαλοῦντες,
1109 1608 1235 1670 τοὺς
1272 1607 1368 1659 ἕνα
1397 1607 1493 1676 μὲν
1523 1607 1655 1658 Θεὸν
1706 1606 1961 1673 λέγοντας

387 1702 603 1765 εἰδέναι,
636 1702 729 1754 καὶ
768 1699 861 1752 τοῦ
888 1699 1138 1769 Σωτῆρος
1173 1698 1233 1750 τὸ
1270 1698 1426 1767 σῶμα
1470 1696 1544 1767 μὴ
1574 1696 1957 1768 ἀρνουμένους,

384 1792 481 1863 τὴν
512 1792 567 1844 δὲ
597 1792 687 1844 τοῦ
723 1790 847 1843 Υἱοῦ
877 1789 1103 1861 θεότητα,
1138 1788 1212 1861 μὴ
1246 1790 1471 1852 εἰδότας.
1511 1790 1620 1841 Καὶ
1664 1788 1754 1841 τὸν
1788 1790 1961 1859 Σαμοσ

387 1884 553 1937 σατέά
580 1883 642 1955 δὴ
672 1884 872 1952 καίπερ
914 1881 1121 1953 Ἰησοῦν
1158 1882 1249 1935 τὸν
1287 1882 1522 1951 Χριστὸν
1551 1880 1642 1933 τοῦ
1663 1880 1797 1933 Θεοῦ
1822 1876 1959 1933 εἶναι

382 1975 719 2039 διδάσκοντα,
751 1974 881 2026 Θεόν
905 1990 963 2025 τε
995 1973 1090 2025 ἕνα
1118 1973 1208 2024 τὸν
1240 1974 1333 2023 ἐπὶ
1361 1974 1577 2025 πάντων
1604 1972 1802 2042 ὁμοίως
1831 1974 1959 2041 όμο-

1981 740 2029 790 A

2665 727 2813 781 CAP.
2860 726 2997 781 XIV.

2115 814 2267 879 Quod
2298 814 2559 879 Ecclesia,
2593 833 2682 890 nec
2708 820 2982 890 immerito,
3015 818 3321 873 Marcellum
3354 822 3579 890 ejecerit,

2213 890 2444 938 eamdem
2481 904 2596 939 cum
2621 886 2851 940 Sabellio
2884 888 3135 955 faventem
3166 886 3479 957 opinionem.

2138 975 2266 1030 Jure
2297 977 2500 1045 optimo
2545 978 2809 1043 Ecclesia,
2840 995 2958 1046 qua:
3005 981 3281 1034 veritatem
3307 982 3463 1037 istam
3499 997 3620 1052 pro-

2066 1067 2273 1131 ﬁtetur,
2306 1066 2594 1122 Sabellium
2621 1084 2651 1121 a
2684 1084 2741 1123 se
2771 1068 3024 1137 rejectum
3061 1070 3349 1142 ablegavit,
3382 1071 3471 1138 qui
3504 1082 3622 1125 tan-

2064 1172 2225 1227 quam
2266 1158 2625 1212 adulterinum
2682 1160 2945 1229 quoddam
2994 1161 3297 1226 numisma,
3354 1161 3472 1216 Filii
3529 1163 3621 1218 Dei

2064 1250 2836 1321 consignavitabnegationem
2870 1270 2883 1305 :
2937 1260 3213 1321 utcunque
3244 1269 3407 1307 unum
3455 1255 3618 1308 Deum

1999 1392 2025 1417 ο
2063 1342 2153 1395 ille
2201 1342 2546 1397 confiteretur
2573 1382 2587 1407 ,
2622 1352 2711 1408 et,
2748 1344 3193 1411 quemadmodum
3228 1361 3371 1401 nunc
3392 1345 3618 1401 Marcel~

2064 1432 2167 1496 lus,
2233 1434 2409 1501 palam
2444 1434 2878 1502 proloquerctur,
2916 1450 2975 1488 se
3006 1435 3218 1490 nonnisi
3260 1451 3421 1489 unum
3453 1436 3618 1489 Deum

2062 1522 2392 1589 agniturum.
2431 1523 2538 1576 Sed
2570 1534 2625 1577 et
2657 1522 2959 1579 Servatoris
2995 1528 3161 1580 nostri
3193 1528 3349 1597 primi
3382 1527 3453 1581 illi
3484 1543 3620 1597 pra:-

2061 1629 2225 1668 coues
2254 1612 2560 1681 Ebionreos,
2590 1615 2694 1669 hoc
2727 1612 2815 1669 est
2834 1618 3127 1682 mendicos,
3166 1618 3425 1675 Hebraice
3446 1619 3619 1674 nomi-

2063 1714 2264 1759 narunt
2290 1705 2429 1770 illos,
2460 1716 2681 1773 propter
2711 1705 3011 1761 intellectus
3057 1709 3330 1778 animique
3358 1709 3617 1763 mendici-

2063 1806 2248 1861 tatem,
2282 1796 2374 1867 qui
2410 1812 2469 1851 se
2502 1797 2667 1851 Deum
2701 1812 2865 1850 unum
2908 1806 3116 1852 tantum
3170 1800 3446 1868 aguituros
3472 1799 3618 1853 dice-

2061 1886 2209 1949 bant,
2235 1894 2289 1940 et
2318 1886 2445 1940 licet
2471 1902 2690 1940 carnem
2716 1886 2913 1942 Christi
2949 1902 3049 1941 non
3104 1888 3458 1957 abnegarent,
3494 1887 3614 1941 Filii

2063 1988 2237 2031 tamen
2264 1977 2355 2031 Dei
2396 1978 2733 2033 divinitatem
2772 1994 2877 2033 non
2915 1978 3237 2039 fatebantur.
3271 1979 3375 2043 Sed
3406 1990 3458 2034 et
3484 1979 3622 2033 Pau-

382 2065 639 2135 λογοῦντα
669 2065 969 2135 Μαρκέλλῳ
988 2104 1002 2129 ,
1034 2065 1138 2134 τῆς.
1173 2064 1493 2131 Ἐκκλησίας
1515 2062 1606 2114 τοῦ
1634 2061 1766 2113 Θεοῦ
1804 2062 1952 2115 ἀλλό-

2062 2065 2171 2117 lum
2208 2066 2273 2119 de
2299 2066 2603 2131 Samosata,
2637 2067 2869 2120 alienum
2928 2068 2995 2123 ab
3042 2068 3283 2123 Ecclesia
3309 2072 3620 2139 pronuntia-

379 2175 531 2229 τριον
560 2157 844 2225 ἀπέφηναν
903 2157 952 2206 οἱ
989 2155 1425 2224 ὲκκλησιαστικοὶ
1463 2153 1722 2223 Πατέρες,
1766 2153 1845 2204 ὅτι
1884 2154 1956 2223 μὴ

383 2250 477 2302 καὶ
503 2248 627 2300 Υἰὸν
654 2246 809 2308 Θεοῦ,
840 2247 934 2297 καὶ
962 2245 1113 2308 Θεὸν,
1140 2244 1244 2315 πρὸ
1272 2245 1370 2314 τῆς
1401 2244 1666 2312 ὲνσάρκου
1693 2242 1958 2309 γενέσεως

381 2340 510 2391 ὄντα
541 2339 629 2391 τὸν
660 2337 892 2408 Χριστὸν
920 2336 1203 2406 ὡμολόγει.
1246 2334 1383 2386 Ἀλλ’
1408 2327 1559 2396 οὗτος
1591 2334 1687 2402 μὲν
1708 2374 1722 2396 ,
1770 2333 1844 2395 ὡς
1877 2335 1957 2395 εἰς

380 2429 471 2491 τὸν
506 2428 741 2499 Χριστὸν
772 2427 1010 2492 ἀσεϐῶν,
1048 2428 1145 2497 τῆς
1180 2426 1500 2494 Ἐκκλησίας
1537 2426 1697 2478 αὑτοῦ
1741 2422 1957 2494 μακρὰν

378 2518 666 2585 ἠλαύνετο”
704 2518 987 2581 Σαϐέλλιος
1013 2518 1078 2585 δ’,
1112 2517 1184 2580 ὡς
1214 2518 1294 2580 είς
1316 2516 1480 2569 αὐτὸν
1511 2514 1840 2586 πλημμελῶν
1866 2516 1956 2567 τὸν

382 2610 620 2680 Πατέρα,
651 2609 709 2662 ὃν
732 2610 859 2661 Υἱὸν
890 2608 1067 2676 λέγειν
1101 2608 1321 2678 ἐτόλμα,
1355 2608 1450 2676 τὴν
1490 2607 1610 2676 ἴσην
1638 2609 1748 2669 τοῖς
1778 2605 1957 2668 ἀθέοις

380 2698 729 2769 αίρεσιώταις
762 2699 951 2768 ὑπεῖχε
984 2698 1270 2769 τιμωρίαν.
1323 2698 1433 2768 (55)
1480 2698 1559 2750 Τὰ
1604 2698 1691 2750 ἴσα
1738 2698 1781 2748 δ’
1808 2696 1955 2766 αὐτῷ

382 2789 732 2860 ὑπειδόμενος
758 2788 1072 2858 Μάρκελλος
1120 2788 1331 2853 παθεῖν,
1391 2789 1709 2858 καινοτέραν
1767 2786 1954 2857 ἐξεῦρε

381 2885 448 2953 τῇ
484 2882 661 2955 πλάνῃ
691 2882 956 2952 μηχανὴν,
981 2880 1112 2933 Θεὸν
1141 2881 1347 2933 καὶτὸν
1381 2881 1437 2932 ὲν
1476 2880 1623 2949 αὐτῷ
1656 2880 1825 2946 Λόγον
1859 2879 1955 2931 Eva

386 2974 485 3044 μὲν
526 2969 664 3026 εἶναι
712 2974 1040 3045 ὁριζόμενος,
1078 2971 1170 3023 δύο
1208 2971 1250 3023 δ’
1287 2969 1433 3040 αὑτῷ
1467 2970 1676 3041 Πατρὸς
1707 2970 1800 3022 καὶ
1826 2968 1953 3021 Υίοῦ

380 3066 736 3141 χαριζόμενος
773 3065 1089 3135 ὲπηγορίας.
1138 3064 1211 3116 Οὐ
1251 3062 1354 3134 μὴν
1384 3062 1570 3115 ἔλαθεν
1590 3102 1603 3126 ,
1635 3062 1742 3113 οὐδ’
1766 3060 1956 3128 ἐξέφυ·

380 3172 497 3224 γεν,
531 3155 627 3224 ὀψέ
662 3172 789 3207 ποτε
821 3154 1091 3224 φωραθεὶς
1114 3156 1226 3217 τοῖς
1252 3153 1363 3222 (56)
1390 3153 1550 3215 αὐτὸς
1581 3151 1743 3205 αὐτοῦ
1771 3152 1954 3204 δικτύ-

377 3266 481 3311 οις.
523 3247 688 3317 Πλὴν,
711 3247 804 3300 καὶ
831 3246 956 3317 πρὶν
984 3244 1204 3307 ἁλῶναι,
1240 3242 1536 3313 συνειδήσει
1566 3242 1950 3311 πληττόμενος,

380 3342 461 3401 εἰς
485 3338 794 3407 ἀποσκευὴν
817 3337 915 3405 τῆς
945 3336 1214 3398 ὑπονοίας,
1245 3334 1579 3405 βλασφημεῖν
1608 3332 1833 3403 ὥρμητο
1860 3334 1953 3386 τὸν

380 3430 687 3485 Σαϐέλλιον.

2063 2163 2183 2207 runt
2207 2153 2397 2208 Patres
2419 2156 2799 2220 ecclesiastici,
2827 2157 2950 2211 licet
2975 2158 3155 2213 Jesutn
3192 2159 3285 2213 Dei
3340 2158 3615 2214 Christum

2061 2246 2404 2312 profiteretur
2433 2261 2447 2298 :
2484 2246 2646 2299 Deum
2692 2263 2853 2301 unum
2882 2264 3041 2318 super
3064 2265 3270 2315 omnes,
3300 2251 3524 2319 perinde
3551 2266 3617 2304 ac

2060 2331 2367 2399 Marcellus,
2418 2348 2758 2405 agnosceret,
2798 2349 3084 2407 propterea
3117 2341 3257 2408 quod
3289 2356 3393 2393 non
3453 2340 3614 2395 simul

2059 2426 2308 2480 crederet
2342 2425 2613 2481 Christum
2641 2427 2810 2482 fuisse
2859 2428 3050 2483 Filium
3087 2430 3180 2485 Dei
3208 2443 3264 2486 et
3298 2433 3463 2487 Deum
3490 2441 3615 2486 ante

2059 2528 2208 2568 suam
2262 2516 2708 2575 incarnationem.
2743 2518 3027 2585 Quocirca,
3061 2521 3223 2577 veluti
3266 2523 3316 2576 in
3341 2523 3613 2577 Christum

2060 2606 2275 2675 impius,
2313 2606 2467 2677 longe
2520 2609 2619 2662 fuit
2670 2611 2736 2664 ab
2789 2612 3023 2667 Ecclesia
3055 2612 3250 2667 Christi
3286 2613 3611 2668 eliminatus.

2060 2697 2325 2754 Sabellius
2356 2700 2572 2769 insuper
2604 2708 2661 2764 ὥ
2694 2703 2853 2757 veluti
2886 2704 3079 2774 impius
3102 2705 3340 2774 inipsum
3374 2703 3610 2768 Patrem,

2059 2806 2218 2859 quem
2252 2790 2444 2844 Filium
2484 2793 2752 2861 appellare
2780 2810 2941 2848 ausus
2976 2796 3170 2859 fuerat,
3197 2798 3441 2850 eamdem
3475 2811 3615 2862 quo.

2058 2896 2162 2948 que
2191 2894 2403 2949 poenam
2450 2896 2570 2935 cum
2603 2883 2864 2937 haereticis
2889 2884 3165 2953 sacrilegis
3194 2884 3413 2938 subivit.
3473 2882 3613 2937 Mar-

2059 2971 2226 3023 cellus
2280 2972 2483 3026 veritus
2524 2987 2588 3025 ne
2620 2974 2733 3041 pari
2764 2988 2883 3027 cum
2908 2974 2994 3027 illo
3028 2988 3183 3041 poena
3242 2973 3609 3041 mulctaretur,

2058 3060 2247 3114 hazresi
2286 3076 2395 3115 suae
2442 3062 2748 3115 machinam
2789 3062 3207 3118 sulﬂaminauda:
3241 3079 3430 3117 novam
3462 3064 3615 3117 adia-

2056 3152 2237 3215 veuit;
2303 3152 2466 3205 Deum
2497 3162 2656 3221 atque
2682 3154 2915 3208 Verbum
2946 3154 2997 3208 in
3043 3154 3175 3220 Deo,
3206 3170 3366 3209 unum
3395 3156 3612 3225 quidem

2057 3242 2481 3306 determiuaudo,
2508 3244 2599 3295 sed
2628 3244 2799 3298 eidem
2830 3245 3096 3313 geminam
3132 3245 3609 3313 uomenclaturam,

2058 3332 2232 3386 Patris
2298 3344 2455 3400 atque
2504 3332 2622 3385 Filii
2677 3333 2997 3400 adaptando.
3075 3332 3181 3387 Sed
3220 3348 3391 3401 neque
3422 3334 3510 3388 ille
3535 3334 3610 3387 ita

1976 3419 2017 3474 C
2053 3423 2209 3476 latuit
2241 3440 2254 3476 :
2288 3438 2387 3477 nec
2420 3438 2540 3476 sero
2575 3424 2698 3477 licet
2732 3424 2998 3490 irretitus,
3041 3438 3137 3476 sua
3181 3424 3348 3493 ipsius
3376 3423 3508 3478 retia
3534 3423 3614 3489 ef-

381 3524 570 3594 fugere
598 3522 793 3592 potuit.
828 3522 894 3575 At
928 3520 1202 3575 enimvero
1227 3560 1242 3584 ,
1296 3519 1606 3587 priusquam
1675 3517 2188 3586 deprehenderetur,
2257 3518 2593 3571 conscientia
2662 3518 2972 3572 stimulante
3021 3520 3263 3588 propria,
3295 3528 3353 3572 ut
3393 3532 3607 3574 omnem

382 3638 414 3673 a
445 3637 504 3675 se
530 3619 891 3690 suspicionem
925 3618 1260 3677 amoliretur,
1282 3617 1348 3669 ad
1378 3614 1671 3669 Sabelliqu
1697 3614 1944 3683 prorupit
1983 3614 2421 3668 couviciaudum.

1008 3712 1164 3765 ΚΕΦ.
1218 3711 1317 3762 lE'.

390 3805 640 3871 Ὀποίοις
656 3804 884 3873 ῥήμασι
896 3801 1238 3873 Μάρκελλος
1258 3800 1364 3856 τὸν
1378 3801 1703 3873 Σαϐέλλιον
1714 3799 1944 3873 ἔκοπτε,

489 3869 998 3944 προσποιούμενος
1030 3871 1114 3941 μὴ
1149 3873 1221 3925 τὰ
1255 3873 1358 3923 ἶσα
1381 3871 1539 3935 αὐτῷ
1572 3869 1833 3938 φρονεῖν.

458 3964 642 4025 Ὅπως
668 3961 725 4014 δὲ
757 3961 846 4013 τὸν
880 3960 1045 4035 ἄνδρα
1078 3959 1319 4013 διέϐαλεν
1360 3959 1615 4029 ὀνομαστὶ
1648 3958 1946 4028 μνημονεῦ-

383 4072 481 4118 σας
516 4052 698 4116 αὐτοῦ,
735 4052 1055 4113 ἐπάκουσον,
1083 4051 1255 4103 ταῦτα
1281 4051 1406 4120 περὶ
1449 4048 1613 4104 αὑτοῦ
1649 4051 1947 4119 γράφοντος

381 4145 570 4208 αὑταῖς
594 4143 904 4206 συλλαϐαῖς·
943 4162 961 4193 ‹
983 4141 1263 4204 Σαϐέλλιος
1295 4141 1401 4211 γὰρ
1434 4142 1527 4193 καὶ
1558 4141 1718 4203 αὐτὸς
1743 4141 1839 4210 τῆς
1865 4140 1949 4209 ὀρ-

388 4257 406 4287 ι
446 4234 543 4304 ϐῆς
587 4233 871 4304 όλισθήσας
927 4232 1177 4295 πίστεως,
1231 4230 1354 4283 οὒτε
1404 4230 1496 4284 τὸν
1539 4229 1669 4282 Θεὸν
1706 4227 1947 4299 ἀκριϐῶς

388 4348 408 4381 ι
445 4327 603 4395 ἔγνω,
634 4325 757 4377 οὔτε
785 4324 874 4377 τὸν
916 4324 1068 4391 ἅγιον
1099 4322 1264 4376 αὑτοῦ
1290 4321 1479 4389 Λόγον.
1522 4320 1579 4373 '0
1604 4319 1713 4389 γὰρ
1755 4319 1828 4389 μὴ
1856 4320 1945 4372 τὸν

387 4438 407 4468 ‹
446 4417 614 4484 Λόγον
633 4416 792 4484 γνοὺς
815 4414 1048 4485 ἠγνόησε
1075 4415 1167 4467 καὶ¹
1192 4412 1283 4465 τὸν
1306 4412 1544 4482 Πατέρα.
1591 4411 1797 4477 Οὐδεὶς
1836 4412 1946 4481 γὰρ

2684 3707 2834 3762 CAP.
2869 3709 2982 3764 XV.

2056 3842 2259 3908 Quibus
2295 3843 2460 3896 verbis
2525 3840 2811 3895 Marcellus
2864 3840 3153 3897 Sabellium
3192 3839 3447 3908 concidit,
3483 3844 3611 3898 dum

2392 3914 2456 3964 ab
2485 3929 2545 3965 eo
2577 3929 2629 3966 se
2662 3912 2823 3967 videri
2854 3915 2957 3966 vult
2984 3914 3276 3966 dissentire.

2124 4046 2259 4100 Audi
2303 4061 2431 4101 vero
2474 4047 2668 4116 quibus
2706 4047 2795 4103 ille
2834 4048 3009 4103 verbis
3040 4046 3329 4102 Sabellium
3364 4057 3606 4112 accusat,

2054 4136 2107 4191 iu
2141 4138 2340 4205 quibus
2390 4138 2539 4192 illum
2589 4139 2872 4207 compellat
2899 4140 2964 4193 de
2988 4141 3221 4193 nomine.
3263 4138 3399 4193 Sunt
3430 4146 3607 4193 autem

2054 4244 2174 4298 quae
2198 4229 2388 4286 scribit
2425 4231 2540 4284 hmc
2586 4232 2881 4301 ipsissitna.
2912 4229 2998 4302 [Β.
3046 4229 3334 4300 XXXVIII]
3368 4247 3387 4281 ι
3418 4230 3610 4284 Sabel-

2060 4338 2076 4370 ι
2108 4319 2208 4374 lius
2243 4330 2421 4374 autem
2451 4321 2539 4374 ille
2572 4335 2693 4374 cum
2720 4335 2747 4373 a
2776 4332 2919 4374 recta
2959 4320 3062 4373 ﬁde
3114 4320 3399 4381 deviasset,
3435 4332 3609 4386 neque

2059 4429 2076 4461 ‹
2117 4411 2280 4463 Deum
2320 4420 2510 4466 exacte
2568 4411 2928 4480 agnoscebat,
2983 4425 3154 4481 neque
3206 4410 3605 4464 sanctissimum

387 4531 407 4560 ι
444 4504 587 4569 οἶδε,
635 4508 787 4577 φησὶ,
835 4508 939 4559 τὸν
994 4504 1223 4571 Πατέρα
1288 4506 1340 4557 εἱ
1380 4502 1464 4571 μὴ
1533 4506 1565 4555 ό
1626 4502 1778 4568 Υἱὸς,
1835 4502 1945 4573 (5'7)

2058 4521 2076 4553 σ
2117 4503 2233 4566 ejus
2278 4501 2530 4557 Verbum.
2570 4502 2700 4556 Nam
2733 4503 2823 4572 qui
2857 4503 3095 4558 Verbum
3127 4501 3417 4563 nesciebat,
3465 4502 3510 4556 is
3558 4511 3611 4556 et

386 4620 407 4655 ί
438 4599 731 4661 τουτέστιν,
770 4599 797 4651 ὸ
828 4596 994 4663 Λόγος
1022 4596 1087 4648 δι’
1120 4596 1282 4649 αὑτοῦ
1315 4595 1411 4665 τὴν
1450 4594 1541 4646 τοῦ
1579 4594 1789 4664 Πατρὸς
1815 4611 1948 4665 παρ-

334 4730 335 4737 η
388 4711 407 4741 ι
443 4691 556 4759 έχει
592 4688 809 4756 γνῶσιν.
853 4686 1007 4740 Οῦτω
1070 4686 1176 4757 γὰρ
1213 4688 1304 4739 καὶ
1335 4685 1470 4756 πρὸς
1513 4685 1636 4747 τοὺς
1670 4685 1944 4755 οἰομένους

386 4798 405 4829 α
450 4777 745 4849 τηνικαῦτα
787 4775 893 4828 τῶν
935 4775 1201 4828 Ἰουδαίων
1249 4774 1444 4829 εἰδέναι
1496 4775 1587 4827 τὸν
1617 4774 1768 4841 Θεὸν,
1819 4776 1944 4828 ἀθε-

459 4896 517 4962 ›χ‹
554 4891 653 4949 Ed.
680 4891 878 4955 Paris.,
902 4906 1023 4961 pag.
1056 4889 1145 4943 76.
1204 4890 1247 4922 τ’
1282 4890 1468 4949 Matth.
1500 4908 1577 4957 XI,
1606 4891 1698 4949 27.

479 5048 564 5118 52)
594 5047 764 5117 Vulgo
790 5048 845 5101 δέ
867 5056 919 5118 et
946 5045 1102 5114 Θεοῦ,
1131 5046 1435 5101 Σαϐέλλιον.
1625 5117 1635 5118 7
1928 5058 1937 5118 ί

479 5050 564 5118 5Ξ)
594 5050 764 5117 Vulgo
790 5050 845 5101 δέ
867 5056 919 5101 et
946 5050 1102 5114 Θεοῦ,
1131 5050 1435 5101 Σαϐέλλιον.
1928 5058 1937 5063 "

454 5050 569 5189 (55)
632 5119 739 5171 Καὶ
796 5117 1009 5189 πλήν.
1041 5118 1512 5189 A_ddeudum_hic,
1556 5117 1640 5171 vel
1684 5118 1823 5189 ἑνός,
1866 5116 1947 5189 vel

384 5183 560 5259 αὑτοῦ
578 5188 703 5259 [hoc
731 5200 811 5241 est
842 5190 892 5241 in
918 5186 1300 5259 codd.],_etiam
1330 5187 1544 5259 egiévat,
1566 5204 1661 5259 pro
1691 5183 1849 5259 εἶναι.
1874 5187 1943 5242 Μ.

458 5255 875 5331 (δυξιζζωχοὺς
910 5256 1025 5331 τὴν
1045 5255 1331 5331 διάνοιαν.
1355 5255 1646 5331 Transtulit
1682 5258 1750 5331 ab
1798 5259 1945 5331 Igna-

389 5326 485 5389 lio,
526 5329 590 5381 ad
630 5327 959 5393 Philadelph.
1000 5328 1105 5397 καῖ
1137 5326 1323 5397 έστινό
1354 5326 1609 5397 τοιοῦτος,
1635 5326 1802 5397 πένης
1847 5326 1942 5397 τὴν

384 5400 621 5452 διάνοιαν
653 5397 729 5459 ὡς
757 5396 983 5467 ἐπίκλην
1021 5396 1235 5461 Ἐϐιών,
1266 5400 1330 5467 de
1372 5396 1456 5449 his
1487 5395 1704 5467 Origen.
1754 5395 1943 5467 contra

387 5470 616 5531 Celsum,
651 5468 740 5520 lib.
772 5482 829 5531 tt,
879 5465 949 5519 Οί
990 5467 1095 5519 ἀπὸ
1139 5465 1402 5518 Ἰουδαίων
1442 5467 1521 5528 είς
1578 5466 1809 5536 Χριστὸν
1858 5484 1944 5518 πι-

390 5539 697 5601 στεύοντες,
751 5537 811 5589 οὐ
872 5535 1297 5605 καταλελοίπασιν
1340 5536 1430 5587 τὸν
1488 5535 1713 5605 πάτριον
1758 5536 1939 5605 νόμον.

388 5608 571 5677 Βιοῦσι
631 5606 736 5677 γὰρ
788 5606 903 5658 κατ’
954 5606 1147 5677 αὑτὸν.
1199 5604 1471 5675 ἐπώνυμοι
1514 5604 1611 5677 τῆς
1661 5604 1943 5677 κατὰ-τὴν

391 5676 612 5747 ἐκδοχὴν
644 5672 937 5747 πτωχείας,
954 5675 1046 5747 τοῦ
1074 5676 1234 5747 νόμου
1265 5672 1633 5747 γεγενημένοι.
1667 5672 1854 5747 Ἐϐιρν
1884 5672 1942 5727 τε

391 5747 498 5817 γὰρ
512 5744 547 5799 ὸ
568 5744 775 5816 πτωχὸς
808 5744 954 5817 παρὰ
994 5745 1260 5809 Ἰουδαίοις
1285 5744 1556 5801 καλεῖται·
1618 5745 1710 5799 καὶ
1756 5744 1943 5799 Ἐϐιω-

2061 4611 2077 4642 r
2120 4593 2327 4647 Patrem
2365 4594 2549 4661 utique
2577 4594 2874 4661 ignorabat.
2909 4590 3076 4645 Nemo
3096 4592 3250 4652 enim,
3283 4591 3474 4660 inquit,
3498 4589 3606 4644 Pa-

2057 4704 2074 4735 ι
2118 4696 2244 4737 trem
2273 4686 2406 4737 novit
2438 4686 2535 4737 uisi
2562 4683 2731 4738 Filius
2758 4686 2827 4749 ",
2851 4685 2953 4739 hoc
3006 4695 3090 4738 est
3142 4684 3374 4738 Verbum
3400 4699 3497 4753 per
3528 4699 3595 4737 se.

2062 4795 2079 4827 ι
2122 4774 2297 4829 Patris
2326 4776 2685 4845 cognitionem
2708 4777 2941 4831 exhibet.
2992 4774 3103 4831 Hoc
3152 4775 3294 4831 enim
3325 4776 3484 4830 modo
3513 4772 3595 4829 .lu-

1942 5038 1949 5047 “
2052 5049 2188 5099 ναῖοι
2243 5047 2682 5117 χρηματίζουσιν,
2713 5050 2760 5100 οἱ
2801 5049 2907 5101 ἀπὸ
2963 5048 3240 5102 Ἰουδαίων·
3273 5048 3363 5099 τὸν
3400 5046 3587 5117 Ἰησοῦς

2050 5117 2124 5179 ὡς
2168 5116 2397 5189 Χριστὸν
2420 5117 2866 5189 παραδεξάμενοι.
2895 5117 3047 5173 Μ.-
3077 5118 3198 5173 Mox
3226 5118 3382 5187 vulgo
3412 5116 3584 5187 ὲνσάρ

2052 5205 2148 5239 κου
2180 5188 2503 5257 γεννήσεως.

2121 5254 2230 5325 (55)
2259 5254 2427 5328 Vulgo
2458 5257 2524 5323 τὰ
2561 5257 2604 5328 δ’
2634 5254 2721 5310 ἴσα
2746 5257 2894 5328 αὐτῷ
2916 5267 2970 5311 et
3001 5256 3306 5328 έξέφευγεν.

2122 5328 2234 5396 (56)
2264 5324 2389 5391 Τοῖ’ςὲ
2422 5327 2623 5393 αὐτοῖς
2644 5329 2829 5382 αὐτοῦ
2864 5324 3144 5392 δικτύοις.
3203 5328 3359 5380 Deest
3382 5324 3602 5396 aliquid

2047 5395 2322 5451 sententia:
2348 5398 2648 5460 iniciendae,
2676 5400 2941 5451 irretitum
2971 5396 3080 5449 vult
3107 5396 3221 5449 suis
3271 5397 3493 5450 retibus.
3523 5395 3597 5450 Μ.

2044 5467 2294 5521 ——(Iodd.
2316 5470 2429 5531 τοῖς
2448 5466 2605 5530 αὐτὸς
2631 5466 2792 5520 αὑτοῦ
2816 5484 2829 5531 ;
2862 5466 2983 5520 dein
3013 5464 3169 5533 vulgo
3194 5465 3491 5519 διέϐαλλεν.

2117 5535 2557 5606 (57)Τουτέστινὸ
2577 5537 2729 5606 λόγος
2751 5555 2764 5567 ·
2793 5539 2819 5589 ὁ
2836 5536 2941 5606 γὰρ
2958 5535 3111 5604 λόγος
3128 5535 3193 5588 δι’
3210 5535 3370 5606 αὐτοῦ
3399 5536 3439 5589 Β
3456 5545 3509 5589 et
3529 5550 3595 5606 Ρ.

2117 5550 2199 5606 (al
2209 5550 2557 5605 ιίουτεστινο
2578 5550 2729 5606 λόγος
2751 5555 2764 5567 ·
2793 5550 2819 5589 ο
2836 5550 2941 5606 γαρ
2960 5550 3111 5604 Αογος
3128 5550 3192 5588 οι·
3210 5550 3370 5589 αοτου
3399 5550 3439 5589 ti
3456 5550 3509 5589 et

2046 5607 2113 5659 78
2144 5607 2206 5658 Α.
2244 5606 2372 5679 Dein
2406 5608 2563 5679 vulgo
2593 5608 2843 5679 παρέχοι,
2882 5622 3004 5679 tuo;
3033 5606 3207 5679 οὐδεὶς
3239 5605 3522 5679 γινώσκει-
3579 5623 3605 5668 ;

2054 5625 2113 5659 Ιδ
2144 5625 2206 5658 Α.
2244 5625 2372 5661 uetn
2406 5625 2563 5675 νιιιςο
2593 5625 2668 5661 πα
2709 5625 2843 5679 εχοι,
2882 5625 3004 5661 111οΧ
3033 5625 3207 5669 ουοεις
3239 5625 3491 5674 γινωσκει
3529 5625 3605 5668 li;

2045 5690 2207 5749 porro
2228 5676 2383 5749 vulgo
2403 5625 2719 5749 ἡτφάλει.ῗὶ
2744 5677 2945 5735 induxit
2974 5676 3234 5749 ἀκριϐῶς,
3268 5692 3387 5732 mox
3440 5675 3609 5745 vulgq

2045 5744 2269 5816 ἔγραψε.
