4088 6382
447 342 549 396 855

1112 336 1381 394 EUSEBH
1420 334 1901 391 CASSARIENSIS
1936 333 2088 391 OPP.
2129 332 2311 389 PARS
2351 333 2436 388 IV.
2464 364 2531 373 —
2570 332 2989 390 DOGMATICA.

3584 331 3693 389 856

376 452 387 463 '
449 478 467 508 ι
506 458 653 513 daeos
681 455 996 527 alloquitur,
1028 455 1118 526 qui
1149 464 1276 510 tunc
1297 455 1556 525 temporis
1585 469 1644 510 se
1672 453 1839 508 Deum
1871 453 2012 510 scire

2122 471 2141 508 ι
2180 452 2404 515 τοῦντας
2430 451 2474 505 δ’
2496 450 2660 505 αὐτοῦ
2703 451 2792 506 τὸν
2822 451 3014 520 Λόγον,
3063 450 3129 504 δι’
3155 443 3216 504 οὗ
3245 448 3405 520 μόνου
3428 436 3696 517 γινώσκιέ

448 573 462 598 ι
508 549 933 612 arbitrabantur,
987 545 1218 601 Verbum
1250 557 1430 601 autem
1470 545 1563 600 Dei
1615 546 2008 615 repudiabant;

450 661 464 688 ‹
504 653 613 708 quo
642 646 820 692 tamen
849 637 936 690 ille
972 637 1089 691 solo
1133 636 1461 690 intermedio
1497 634 1912 703 agnoscebatur,
1938 635 2016 689 ait

449 748 468 779 ι
509 731 676 783 enim:
709 726 878 782 Nemo
909 729 1046 781 novit
1079 725 1292 782 Patrem
1323 727 1422 782 nisi
1450 725 1712 794 Filius,et
1734 727 1819 780 cui
1840 725 2013 782 Filius

451 840 469 870 ι
505 819 746 874 recelabit
770 819 840 874 ⁷³.
865 819 1000 873 Nam
1031 835 1152 874 cum
1189 819 1296 874 alio
1323 819 1515 889 quovis
1561 819 1720 874 modo
1768 817 2015 887 impossi-

453 931 470 962 ι
513 910 619 966 bile
645 911 836 967 fuisset
889 891 1218 982 cognoscere
1249 911 1438 978 Deum,
1495 925 1592 980 per
1634 925 1790 964 suum
1846 909 2015 978 ipsius

449 1025 467 1053 ε
515 1003 768 1070 Verbum,
805 1002 887 1058 sui
910 1005 1271 1073 cognitionem
1305 1004 1613 1058 hominibus
1645 1003 1787 1058 Deus
1814 1002 2012 1073 imper-

447 1112 468 1146 ι
505 1095 699 1162 tiebat,
731 1097 1036 1151 ut'errasse
1071 1094 1219 1150 illum
1253 1095 1560 1150 certissime
1607 1103 1840 1155 constet,
1893 1109 2014 1148 cum

455 1203 474 1236 ι
513 1201 686 1255 neque
710 1184 923 1242 Patrem
957 1187 1230 1242 exactiore
1265 1187 1442 1249 modo,
1479 1201 1655 1256 neque
1685 1186 1801 1254 ejus
1822 1185 2014 1239 Filium

457 1279 861 1350 «intelligeret.
902 1300 922 1333 ι
958 1280 1084 1336 llaec
1119 1281 1232 1350 ipsa
1260 1264 1561 1335 Marcellus.
1600 1279 1878 1334 mandavit
1933 1279 2017 1332 lit-

453 1372 605 1439 teris,
638 1372 764 1427 dum
803 1388 861 1427 se
896 1373 1007 1433 vult
1034 1387 1268 1443 purgare
1312 1388 1341 1426 a
1368 1372 1674 1444 suspicione
1706 1374 1851 1427 omni
1911 1370 2015 1426 Sa-

447 1467 766 1522 bellianismi
800 1485 814 1522 :
845 1467 936 1521 sed
969 1466 1152 1536 lingua
1192 1475 1398 1519 tantum
1427 1476 1482 1520 et
1513 1479 1645 1520 voce
1675 1473 1850 1519 tenus.
1883 1463 2016 1519 Nam

444 1568 707 1628 quantum
741 1560 808 1614 ad
838 1559 1000 1613 animi
1027 1560 1351 1613 sententiam
1380 1560 1488 1622 sui,
1525 1569 1581 1612 et
1609 1573 1732 1612 cum
1785 1557 1877 1612 illo
1921 1557 2019 1610 ho-

448 1650 590 1704 mine
616 1650 1041 1720 conspirantem,
1073 1651 1263 1703 iisdem
1316 1650 1512 1719 quibus
1539 1649 1647 1713 ille,
1681 1649 1802 1704 telis
1851 1647 2016 1703 confi-

446 1752 546 1795 xus
589 1754 709 1796 esse
741 1741 1198 1810 deprehenditur,
1233 1751 1291 1794 ut
1342 1741 1720 1810 mihiquidem
1774 1739 1904 1793 illud
1955 1739 2009 1792 in

2120 564 2138 597 ι
2178 563 2267 599 ται
2303 545 2332 597 ὁ
2368 544 2519 607 Θεὸς,
2567 543 2749 614 ἔλεγεν
2773 557 2786 572 ³
2807 543 3020 608 Οὐδεὶς
3049 540 3417 612 ἐπιγινώσκει
3439 540 3548 594 τὸν
3571 544 3694 593 Πα-

2119 656 2138 689 ι
2177 637 2317 706 τέρα
2351 639 2404 692 el
2425 637 2512 708 μὴ
2546 639 2579 690 ὸ
2618 635 2778 701 Υἱὸς,
2803 635 2899 690 καὶ
2925 627 3063 701 ᾧᾶν
3082 637 3114 688 ό
3139 633 3266 699 Υἱὸς
3289 618 3690 700 ἀποκαλύψει.

2120 745 2139 778 ι
2179 727 2398 796 Ἐπειδὴ
2431 727 2542 798 γὰρ
2571 726 2833 780 ἄδύνατον
2865 721 2933 795 ἦν
2959 726 3160 797 ἑτέρως
3180 724 3380 793 γνῶναι
3419 724 3508 776 τὸν
3537 724 3689 789 Θεὸν,

2121 835 2139 870 ι
2178 816 2266 870 διὰ
2317 816 2412 870 τοῦ
2468 817 2598 869 ἰδίου
2652 817 2823 883 Λόγου
2868 815 3059 877 εἰδέναι
3115 815 3276 868 αὑτὸν
3315 817 3438 877 τοὺς
3479 813 3692 886 ἀνθρώ.

2120 927 2138 958 ι
2172 925 2306 971 πους
2344 907 2601 972 διδάσκει,
2637 906 2774 960 ὥστε
2799 905 3002 977 ἐσφάλη
3055 906 3152 976 μὲν
3187 906 3454 968 κάκεῖνος,
3498 905 3572 976 μὴ
3602 905 3692 958 τὸν

2120 1020 2140 1052 ι
2183 1001 2402 1074 Πατέρα
2453 1003 2547 1055 καί
2582 1002 2673 1055 τὸν
2715 1000 2904 1054 τούτου
2949 1001 3120 1068 Λόγον
3162 998 3402 1070 ἀκριϐῶς
3449 999 3628 1067 γνούς.
3666 1017 3686 1050 ι

2115 1093 2300 1147 Ταῦτα
2321 1093 2636 1166 Μάρκελλος
2666 1094 2872 1162 ἔγραφε
2896 1133 2912 1155 ,
2941 1092 3040 1162 τῆς
3077 1090 3167 1144 τοῦ
3202 1088 3540 1154 Σαϐελλίζειν
3569 1090 3695 1142 ὑπο-

2115 1187 2262 1250 νοίας
2297 1186 2579 1257 καθαίρων
2603 1187 2816 1249 ἑαυτὸν,
2852 1184 3014 1254 μέχρι
3045 1182 3230 1252 φωνῆς
3263 1183 3356 1235 καὶ
3386 1182 3546 1249 λόγου
3568 1199 3581 1210 ·
3623 1183 3690 1252 τῇ

2115 1293 2179 1346 γε
2210 1278 2307 1347 μὲν
2329 1276 2558 1358 γνώμῃ,
2591 1277 2682 1330 καὶ
2727 1277 2792 1347 τῇ
2831 1274 2965 1346 πρὸς
3004 1275 3093 1326 τὸν
3132 1273 3300 1343 ἄνδρα
3349 1271 3691 1353 ὁμοφροσύχῃ

2059 1377 2084 1402 δ
2118 1368 2396 1423 ἁλίσκεται
2435 1372 2546 1432 τοῖς
2580 1369 2762 1430 αὐτοῖς
2813 1366 3006 1435 ἐκείνῳ
3055 1365 3504 1436 περιπειρόμενος
3549 1363 3695 1434 βέλε-

2119 1478 2224 1515 σιν.
2265 1461 2352 1524 Ὠς
2384 1461 2569 1531 ἔμοιγε
2598 1463 2692 1515 καὶ
2718 1461 2784 1514 δι’
2813 1461 2977 1531 εὐχῆς
3016 1458 3256 1530 ὑπῆρξεν
3289 1457 3354 1510 ἂν
3384 1456 3444 1509 τὸ
3473 1455 3546 1528 μὴ
3571 1456 3692 1509 τότε

2083 1541 2088 1545 λ
2120 1554 2302 1616 αὐτοῖς
2340 1553 2502 1611 αὑτὸν
2532 1555 2848 1625 περιπεσεῖν
2874 1571 2887 1583 ·
2941 1552 3056 1605 νυνὶ
3099 1551 3155 1603 δὲ
3184 1550 3374 1603 κάκιον
3417 1549 3448 1620 ἢ
3485 1550 3693 1612 ἐκεῖνος

2120 1644 2454 1715 πλημμελῶν
2480 1647 2745 1714 φαίνεται.
2764 1645 2822 1698 Ὁ
2838 1643 2936 1715 μὲν
2961 1643 3070 1714 γὰρ
3085 1643 3224 1712 τάχα
3253 1659 3354 1694 που
3391 1640 3694 1711 σφαλλόμε-

2121 1753 2208 1799 νος
2227 1736 2407 1804 ἠγνόει
2432 1753 2446 1766 ο
2488 1738 2516 1790 ὁ
2548 1737 2625 1800 δὲ,
2655 1736 2931 1807 ὁμολογῶν
2952 1734 3216 1805 ἐσφάλθαι
3241 1733 3352 1804 (58)
3383 1733 3471 1786 τὸν
3501 1731 3694 1802 ἄνδρα,

443 1833 588 1889 votis
621 1833 715 1898 sit,
754 1848 825 1889 ne
861 1834 914 1887 in
953 1833 1111 1900 hujus
1143 1833 1473 1887 mentionem
1514 1831 1818 1885 istiusmodi
1880 1829 2012 1883 inci—

2114 1827 2347 1880 κᾶπειτα
2395 1828 2556 1881 αὑτὸν
2601 1827 2756 1881 ὠθῶν
2809 1829 2900 1882 ἐπὶ
2935 1827 3026 1882 τὸν
3077 1826 3330 1898 προφανῆ
3379 1825 3476 1894 τῆς
3524 1823 3695 1893 αὐτῆς

445 1925 614 1980 disset
646 1945 659 1980 ι
695 1925 838 1980 ultra
889 1926 1040 1980 illum
1065 1927 1265 1995 quippe
1293 1925 1506 1978 videtur
1551 1938 1872 1994 progressus
1907 1923 2012 1976 im-

444 2015 665 2081 pietate.
700 2014 792 2068 Ille
812 2015 954 2069 enim
979 2013 1246 2078 fortassis,
1276 2027 1372 2081 per
1397 2012 1758 2082 ignorantiam
1779 2012 2009 2065 erravit:

450 2111 508 2167 ᾖ
546 2105 636 2161 ille
659 2115 860 2174 autem,
892 2110 1130 2175 quicum
1170 2108 1492 2161 confiteatur
1558 2106 1709 2160 illum
1745 2105 2017 2159 hominem
2058 2106 2366 2172 aberrasse,
2432 2117 2486 2162 et
2522 2117 2699 2162 tamen
2763 2113 3111 2178 semetipsum
3149 2109 3202 2161 in
3249 2107 3389 2164 idem
3432 2106 3670 2175 protrusi

2117 1918 2432 1984 δυσσεϐείας
2501 1920 2764 1990 κρημνὸν,
2839 1921 3092 1990 οὐδεμιᾶς
3167 1919 3366 1986 γένοιτ’
3416 1917 3480 1970 ἂν
3547 1916 3695 1980 ἄξιος

2121 2011 2468 2083 συγγνώμης.
2502 2013 2660 2069 Ἀλλὰ
2688 2013 2795 2083 γὰρ
2825 2010 3244 2082 διασκεψώμεθα
3269 2011 3338 2066 τὰ
3374 2010 3697 2133 λελεγμέναὶ

2121 2122 2342 2133 ..._..-...-
2436 2117 2482 2133 η.
2522 2117 2696 2133 .-.......
2763 2113 3109 2133 --.._....-......
3149 2109 3200 2133 ι,
3249 2107 3388 2133 ωηη
3432 2106 3666 2133 ..-η.....,.;

445 2199 731 2255 manifeste
788 2201 1142 2270 praecipitium
1197 2200 1525 2269 impietatis,
1586 2201 1746 2256 venia
1787 2213 2010 2269 prorsus
2048 2202 2192 2255 omni
2220 2201 2494 2272 indignum
2526 2217 2586 2259 se
2614 2204 2884 2274 praestitit.
2914 2202 3023 2259 Sed
3079 2202 3194 2274 ipsa
3229 2202 3347 2272 ejus
3405 2202 3546 2258 dicta
3607 2203 3691 2257 in-

446 2291 840 2360 trospiciamus.

1052 2385 1204 2442 CAP.
1237 2385 1392 2457 lxvr.

447 2475 718 2540 Quomodo
746 2493 773 2529 e
817 2478 926 2532 suis
959 2478 1125 2546 ipsius
1154 2480 1319 2546 verbis
1344 2478 1747 2546 deprehenditur
1772 2479 2008 2531 eamdem

480 2548 648 2610 ipsam
679 2544 985 2614 opinionem
1009 2564 1127 2601 cum
1158 2545 1391 2602 Sabellio
1432 2544 1624 2615 fovere,
1667 2547 1976 2602 Marcellus.

513 2636 784 2706 Imprimis
811 2638 940 2692 illud
969 2641 1180 2704 statuit,
1225 2654 1326 2694 nec
1356 2639 1646 2695 Sabellium
1680 2654 1781 2694 nec
1797 2637 2013 2694 Judmos

443 2730 728 2795 agnovisse
763 2730 951 2796 Deum,
984 2745 1050 2784 eo
1074 2733 1216 2798 quod
1243 2731 1478 2786 Verbum
1510 2733 1848 2802 ignorabant.
1878 2731 2012 2786 Ver—

446 2820 572 2873 bum
607 2835 737 2875 vero
767 2821 1043 2890 quodnam
1092 2821 1452 2891 intelligebat,
1487 2823 1879 2891 dispiciendum
1913 2840 2010 2878 no-

443 2909 527 2965 bis
556 2921 660 2966 est.
713 2910 989 2980 Siquidem
1051 2911 1245 2966 Filium
1284 2913 1376 2968 Dei
1424 2914 1780 2984 unigenitum,
1835 2915 2012 2968 subsi-

444 3013 677 3058 stentem
708 3004 889 3059 vivum
912 3017 1052 3068 esse,
1088 3005 1365 3060 enimvero
1401 3006 1541 3060 hunc
1569 3007 1640 3060 ita
1672 3020 1848 3076 neque
1876 3008 2015 3076 ipse-

2747 2385 2902 2440 ΚΕΦ.
2945 2386 3060 2452 ις’.

2119 2478 2315 2542 Ὅπως
2352 2477 2664 2547 ἁλίσκεται
2696 2476 2794 2547 διὰ
2823 2477 2940 2547 τῶν
2967 2478 3153 2532 αὑτοῦ
3188 2478 3420 2547 φωνῶν,
3442 2479 3514 2532 τὰ
3545 2480 3697 2535 αὐτὰ

2329 2546 2407 2611 τῷ
2435 2547 2732 2610 Σαϐελλίῳ
2763 2545 3024 2612 δοξάζων
3055 2551 3086 2602 ὀ
3115 2545 3489 2617 Μάρκελλος.

2188 2638 2411 2709 Πρῶτον
2454 2639 2550 2708 μὲν
2594 2634 2686 2692 οὖν
2731 2640 2869 2710 μήτε
2913 2639 3004 2692 τὸν
3039 2639 3347 2705 Σαϐέλλιον,
3384 2642 3523 2712 μήτε
3560 2643 3693 2696 Ἰου-

2117 2732 2298 2796 δαίους
2327 2732 2630 2801 ὴγνωκέναι
2645 2732 2732 2786 τὸν
2747 2732 2878 2786 Θεὸν
2895 2732 3018 2804 ἔφη,
3043 2732 3121 2804 τῷ
3144 2734 3218 2805 μὴ
3238 2734 3326 2786 τὸν
3337 2735 3506 2802 Λόγον
3521 2737 3698 2804 ἠγνω-

2120 2823 2273 2875 κέναι
2301 2821 2513 2887 αὐτούς.
2533 2821 2642 2893 (59)
2658 2821 2968 2892 Σκέψασθαι
2997 2824 3054 2877 δὲ
3089 2825 3196 2896 χρὴ
3234 2826 3414 2878 ὁποῖον
3445 2825 3697 2880 ὑποτίθε-

2120 2931 2207 2967 ται
2240 2915 2440 2982 Λόγον⁹
2494 2915 2556 2966 El
2603 2913 2702 2983 μὲν
2734 2910 2842 2983 γὰρ
2875 2913 2967 2966 τὸν
3000 2914 3128 2967 Υἱὺν
3152 2915 3246 2969 τοῦ
3291 2915 3425 2968 Θεοῦ
3461 2916 3552 2969 τὸν
3595 2933 3695 2988 μο-

2123 3007 2334 3077 νογενῆ,
2367 3006 2457 3058 τὸν
2491 3005 2798 3075 ὑφεστῶτα,
2851 3007 2939 3066 καὶ
2984 3006 3163 3072 ζῶντα
3186 3046 3200 3070 ,
3247 3005 3361 3060 ἀλλ’
3396 3007 3504 3060 οὐδ’
3533 3008 3696 3073 αὐτὸς

445 3104 562 3177 πνοι
588 3094 823 3163 agn0vit.
846 3092 1088 3164 Cumque
1137 3095 1391 3151 Servator
1429 3105 1615 3151 noster
1654 3097 2012 3152 diversimoale

2120 3097 2308 3152 τοῦτον
2342 3096 2503 3165 ἔγνω.
2534 3096 2739 3151 Αὐτίκα
2771 3098 2815 3154 δ’
2841 3092 2955 3162 οὖν,
2996 3098 3088 3151 τοῦ
3131 3099 3382 3169 Σωτῆρος
3406 3098 3562 3169 ἡμῶν
3585 3100 3698 3153 δια-

446 3183 772 3238 mentionem
808 3181 928 3237 Filii
984 3184 1216 3241 fecerit:
1259 3194 1313 3240 et
1355 3185 1630 3241 multoties
1661 3185 2010 3257 Unigenitum

2119 3188 2298 3258 φόρως
2333 3187 2800 3259 μνημονεύσαντος
2832 3188 2925 3241 τοῦ
2969 3188 3120 3254 Υῐοῦ,
3151 3189 3243 3242 καὶ
3291 3189 3549 3253 πολλάκις
3601 3207 3699 3260 μο-

446 3270 596 3325 illum
626 3270 1000 3340 appellaverit,
1031 3287 1133 3327 nec
1160 3273 1356 3327 alicubi
1391 3287 1450 3328 se
1476 3271 1714 3328 Verbum
1773 3274 2012 3327 nornina-

443 3359 604 3426 verit,
639 3361 734 3414 sed
772 3360 972 3431 ubique
998 3375 1092 3431 per
1110 3360 1398 3430 Evangelia
1432 3376 1491 3416 se
1515 3361 1607 3415 Dei
1642 3360 1834 3415 Filium
1859 3377 2015 3415 usur-

445 3451 657 3520 paverit
689 3469 702 3505 :
731 3451 800 3505 ob
829 3467 1056 3522 eamque
1086 3453 1260 3522 ipsam
1296 3451 1695 3508 confessionem
1717 3490 1734 3517 ,
1797 3451 2010 3506 Petrum

443 3542 658 3595 beatum
688 3542 1062 3609 praedicaverit
1105 3531 1326 3613 propter
1373 3543 1520 3597 illam
1563 3543 1958 3599 confessionem
1993 3559 2006 3594 :

446 3630 527 3685 Tu
564 3647 616 3685 es
639 3632 729 3686 ille
752 3631 1014 3697 Christus,
1047 3631 1222 3686 Filius
1253 3633 1349 3687 Dei
1379 3618 1484 3687 vivi
1507 3634 1552 3664 ⁷⁸
1581 3649 1599 3687 :
1638 3633 1788 3702 Cujus
1817 3633 2016 3688 revela-

444 3721 645 3775 tionem
699 3736 728 3774 a
779 3721 940 3776 Patre
972 3721 1273 3793 profectam
1307 3724 1353 3778 ei
1397 3725 1536 3780 dixit
1565 3723 1885 3788 innotuisse,
1923 3723 2009 3776 ubi

2117 3276 2308 3347 νογενῆ
2344 3277 2470 3333 Υξὺν
2511 3278 2839 3343 ἀνειπόντος,
2875 3277 2971 3331 καὶ
3000 3278 3267 3349 μηδέποτε
3295 3279 3465 3345 Λόγον
3507 3279 3699 3334 ἑαυτὸν

2116 3371 2570 3433 ἀποκαλέσαντος,
2612 3369 2698 3422 διὰ
2725 3370 2940 3424 πάντων
2976 3369 3032 3422 δὲ
3061 3368 3168 3422 τῶν
3198 3369 3541 3438 Εὐαγγελίων
3570 3370 3699 3423 Υίὸν

2115 3463 2250 3516 Θεοῦ
2276 3459 2413 3517 εἶναι
2435 3462 2767 3526 διδάξαντος,
2803 3463 2886 3529 ἐφ’
2925 3455 2969 3530 ᾧ
3013 3461 3107 3515 καὶ
3145 3461 3440 3531 μακαρίζει
3468 3461 3560 3514 τὸν
3591 3463 3698 3514 Πέ-

2115 3573 2241 3626 τρον
2272 3555 2550 3626 εἰρηκότα,
2583 3554 2666 3607 Σὺ
2693 3549 2753 3608 εἴ
2779 3556 2812 3608 ὁ
2839 3553 3112 3620 Χριστὸς,
3150 3557 3184 3606 ό
3217 3554 3350 3618 Υἱὸς
3401 3552 3508 3605 τοῦ
3540 3552 3693 3607 Θεοῦ

2115 3646 2222 3700 τοῦ
2250 3645 2492 3713 ζῶντος·
2524 3648 2617 3700 καὶ
2644 3645 2742 3716 τὴν
2774 3643 2971 3715 γνῶσιν
3005 3643 3154 3713 αὐτῷ
3186 3643 3581 3714 ἀποκαλύψεως
3595 3644 3692 3697 τοῦ

2116 3735 2328 3806 Πατρδς
2355 3736 2631 3804 γεγονέναι
2665 3735 2927 3806 μαρτυρεῖ
2950 3751 3150 3804 φησας,
3173 3732 3471 3799 Μακάριος
3501 3729 3576 3798 εἴ,
3597 3733 3696 3786 Σί-

445 3814 796 3881 testiﬁcatur,
835 3813 1031 3876 Beatus
1064 3833 1140 3882 es,
1169 3817 1351 3871 Simon
1371 3817 1630 3888 Barjona,
1673 3821 1795 3888 quia
1820 3835 1942 3871 caro
1966 3829 2012 3872 et

2114 3843 2241 3893 μων
2261 3824 2548 3892 Βαριωνᾶ,
2580 3828 2668 3879 ὅτι
2697 3825 2851 3896 σὰρξ
2884 3827 2981 3880 καὶ
3008 3821 3152 3893 αἷμα
3183 3826 3294 3878 οὐκ
3335 3823 3699 3890 ἀπεκάλυψέ

446 3908 662 3978 sanguis
692 3909 789 3963 hoc
833 3910 925 3964 tibi
958 3926 1061 3963 non
1100 3911 1366 3978 reuelauit,
1407 3913 1498 3965 sed
1536 3909 1702 3964 Pater
1753 3927 1896 3964 meus
1924 3910 2011 3980 qui

447 4010 520 4053 est
545 4001 600 4052 in
622 4000 766 4055 caelis
820 4001 888 4056 ”.
931 4000 1029 4056 Vir
1057 4001 1159 4055 iste
1193 4002 1544 4064 admirabilis,
1583 4002 1868 4056 obturatas
1919 4002 2014 4054 ha-

2118 3930 2237 3978 σοι,
2268 3915 2405 3968 ἀλλ’
2450 3917 2483 3968 ό
2516 3914 2715 3984 Πατήρ
2736 3933 2859 3984 μου
2888 3917 2921 3968 ό
2968 3913 3275 3981 οὐράνιος·
3318 3914 3347 3966 ὁ
3385 3911 3698 3983 θαυμαστὸς

2116 4001 2268 4070 οὗτος
2297 4005 2486 4076 ὥσπερ
2518 4005 2846 4076 βεϐυσμένος
2876 4004 2943 4058 τὰ
2986 3999 3120 4068 ὦτα,
3161 4003 3331 4057 ταῦτα
3374 4004 3517 4057 κατὰ
3549 4003 3698 4069 λέξιν

448 4091 583 4146 hens
615 4105 798 4154 aures,
821 4091 936 4146 haec
965 4091 1180 4146 disertis
1221 4091 1402 4146 verbis
1455 4092 1642 4146 scribit
1673 4109 1686 4144 :
1725 4111 1744 4144 ι
1780 4091 1845 4145 Et
1876 4093 2012 4146 hanc

2115 4094 2314 4166 γράφει
2339 4114 2350 4125 ·
2389 4115 2406 4148 ι
2448 4097 2558 4149 Καὶ
2601 4097 2690 4149 διὰ
2712 4096 2871 4150 τοῦτο
2893 4097 2991 4168 οὐχ
3022 4097 3152 4149 Υἱὸν
3191 4095 3324 4148 Θεοῦ
3355 4096 3547 4148 ἑαυτὸν
3577 4095 3696 4147 ὀνο-

447 4185 617 4253 ipsam
658 4182 726 4236 ob
754 4182 1016 4237 rationem
1045 4182 1228 4237 nullibi
1264 4198 1322 4238 se
1357 4181 1552 4236 Filium
1586 4183 1677 4237 Dei
1726 4183 2012 4246 nominat,

2121 4204 2140 4236 ι
2183 4187 2362 4256 μάζει,
2395 4187 2528 4241 ἀλλὰ
2550 4187 2823 4257 πανταχοῦ
2855 4188 2982 4240 Υἰὸν
2999 4186 3285 4258 ἀνθρώπου
3307 4187 3498 4240 ἑαυτὸν
3525 4185 3693 4253 λέγει.

449 4273 650 4342 ubique
678 4280 857 4328 autem
881 4272 1076 4328 Filium
1131 4273 1389 4341 hominis,
1441 4281 1498 4326 nt
1527 4288 1621 4342 per
1674 4274 1814 4330 hanc
1858 4289 2012 4328 suam

2121 4295 2140 4327 ι
2181 4278 2267 4330 ἵνα
2302 4277 2390 4332 διὰ
2433 4280 2532 4349 τῆς
2585 4277 2840 4350 τοιαύτης
2873 4278 3199 4349 ὁμολογίας,
3255 4276 3367 4347 (60)
3421 4277 3568 4330 Θέσει
3603 4276 3694 4330 τὸν

445 4366 864 4432 confessionem,
897 4374 1083 4422 notum
1117 4365 1338 4428 faceret,
1375 4379 1496 4418 eum
1533 4365 1622 4434 qui
1675 4380 1860 4420 revera
1895 4375 2012 4420 erat

2123 4386 2140 4420 ι
2181 4368 2484 4440 ἄνθρωπον,
2514 4369 2601 4424 διὰ
2631 4370 2729 4440 τῆς
2750 4369 2884 4441 πρὸς
2901 4369 3059 4421 αὑτὸν
3093 4368 3397 4430 κοινωνίας.
3415 4367 3540 4420 Υἱὸν
3559 4367 3695 4421 Θεοῦ

445 4457 620 4514 Filius
641 4459 896 4526 hominis,
920 4466 1140 4528 propter
1166 4457 1595 4512 communionem
1621 4455 1789 4520 illam,
1820 4455 2012 4510 Filium

2126 4479 2144 4510 ι
2186 4460 2437 4527 γενέσθαι
2479 4460 2893 4533 παρασκευάσῃ.
2931 4479 2950 4511 ι
3007 4459 3167 4528 Ὁρᾷς
3229 4459 3379 4520 ὅπως
3414 4460 3540 4512 Υἱὸν
3595 4459 3695 4529 μὲν

446 4549 541 4604 Dei
577 4538 947 4606 constitutum.
992 4569 1011 4603 ι
1035 4549 1194 4604 Vides
1221 4558 1418 4614 autem,
1453 4549 1592 4616 quod
1624 4564 1728 4602 non
1775 4549 1936 4603 audet
1968 4563 2012 4604 st

2124 4553 2285 4606 αὐτὸν
2315 4553 2410 4605 τοῦ
2434 4552 2569 4605 Θεοῦ
2601 4551 2881 4622 ὁμολογεῖν
2917 4552 2978 4604 οὐ
3003 4549 3195 4620 τολμᾷ,
3228 4551 3303 4614 ὡς
3325 4551 3391 4604 ἂν
3430 4551 3503 4622 μὴ
3534 4551 3696 4604 ἐκπέ-

452 4641 545 4694 Dei
603 4639 795 4696 Filium
844 4642 1124 4712 proﬁteri:
1177 4656 1244 4694 ne
1289 4657 1317 4695 a
1359 4642 1612 4708 dogmate
1679 4640 1769 4693 illo
1808 4640 2012 4694 excidal

2122 4660 2202 4695 σοι
2228 4640 2322 4696 τοῦ
2354 4643 2643 4696 Σαόελλίου
2665 4642 2950 4712 δόγματος·
2977 4639 3103 4693 Υίὸν
3126 4639 3181 4692 δὲ
3203 4638 3491 4710 ἀνθρώπου
3519 4639 3693 4703 καλεῖ,

447 4732 778 4788 Sabelliano.
817 4734 1016 4790 Filium
1067 4748 1202 4790 vero
1241 4734 1497 4796 hominis,
1534 4741 1757 4800 propter
1797 4746 2012 4786 carnem

2115 4731 2182 4785 δι’
2211 4734 2277 4805 ἣν
2307 4733 2558 4804 ἀνείληφε
2595 4733 2790 4804 σάρκα.
2825 4734 2933 4786 Καὶ
2993 4730 3165 4798 Λόγον
3225 4730 3281 4782 δὲ
3332 4730 3398 4783 δι’
3427 4731 3547 4783 ὅλου
3598 4729 3694 4784 τοῦ

446 4823 594 4878 illam
656 4838 815 4895 quam
863 4825 1176 4895 assumpsit,
1227 4823 1494 4879 nominat.
1560 4820 1795 4876 Verbum
1835 4830 2012 4875 autem

2121 4825 2322 4877 οἰκείου
2358 4826 2788 4896 συγγράμματος
2821 4822 3076 4894 ὀνομάζει
3111 4822 3346 4892 συνεχῶς
3395 4824 3694 4893 ἐπισημαι-

445 4912 650 4983 ubique
681 4913 736 4967 in
771 4913 862 4969 illo
883 4929 982 4969 suo
1005 4915 1207 4983 scripto
1240 4911 1528 4984 compellat
1557 4909 1917 4980 frequentius,
1959 4918 2012 4966 ut

2114 4913 2359 4982 νόμενος,
2393 4915 2469 4977 ὡς
2498 4915 2648 4967 οὐδὲν
2679 4913 2788 4985 (61)
2816 4913 3002 4984 ἕτερον
3038 4906 3104 4981 ἦν
3151 4910 3337 4978 Λόγος.
3382 4911 3491 4963 Καὶ
3529 4913 3586 4964 ὲν
3609 4906 3694 4976 οἷς

445 5003 710 5059 indicaret
732 5002 887 5068 illud,
918 5002 1020 5058 nisi
1037 5001 1291 5083 Verbum,
1317 5001 1450 5058 nihil
1478 5017 1700 5062 prorsus
1720 5001 2012 5057 exstitisse.

2114 5004 2158 5057 δ’
2185 5001 2276 5058 οὖν
2306 5006 2398 5058 τὸν
2429 5005 2710 5058 Σαϐἐλλιον
2744 5000 3560 5075 καταμέμφεται,παρατίθεται
3590 5001 3693 5072 μὲν

517 5127 576 5184 is
611 5121 709 5176 Ed.
736 5118 934 5186 Paris.,
967 5135 1093 5192 pag.
1124 5119 1212 5172 77.
1271 5121 1341 5180 ’³,
1384 5119 1576 5174 Matth.
1605 5117 1792 5180 xt,27.
1856 5118 1903 5148 ’⁵
1936 5114 2124 5170 Matth.
2156 5131 2266 5180 xvi,
2297 5115 2380 5169 l6.
2461 5122 2510 5158 ".
2537 5124 2671 5174 lota.
2703 5124 2789 5188 16,
2832 5129 2918 5182 17,

514 5281 627 5353 (58)
665 5281 845 5353 fulgo
897 5281 1170 5352 ἡσφόιλθαι
1233 5289 1290 5338 et
1351 5279 1544 5334 ἑαυτὸν
1595 5272 1732 5332 ὧθεν
1787 5289 1842 5334 et
1871 5278 2012 5344 ἄξιος

2123 5281 2348 5353 obscura
2381 5301 2398 5352 ;
2437 5286 2539 5339 hoc
2565 5285 2798 5345 volebat,
2827 5283 2918 5336 τὸν
2947 5281 3252 5353 ἄνθρωπον,
3285 5293 3475 5349 nempe
3503 5283 3687 5353 φύσει,

447 5347 842 5423 συγγν.Ειζ)ἶε
879 5347 1208 5423 ἠγνωκέναι.
1297 5419 1316 5423 _
1433 5421 1441 5423 4
1598 5417 1635 5423 __
1751 5417 1764 5423 ,
1953 5419 1965 5423 -

2121 5351 2266 5423 decet
2297 5347 2495 5408 factum
2536 5354 2626 5407 Dei
2678 5347 3147 5423 Filittm,_propter
3188 5351 3332 5423 illam
3383 5347 3688 5407 κοινωνίαν.

519 5417 1004 5495 (ΒΨ-Σκέψαᾱθαι
1024 5423 1097 5495 δὲ
1124 5423 1260 5492 χρή.
1296 5419 1380 5495 lta_
1431 5417 1724 5495 lego._l_‘lam
1751 5417 1852 5495 hoc
1865 5419 2012 5495 _v_ult,

2118 5419 2290 5495 M.A——_
2315 5424 2444 5478 Dein
2475 5424 2638 5495 vung
2659 5424 2755 5495 μὲν
2779 5421 2914 5495 Θεοῦ
2932 5417 3102 5495 ἀὑτὸν
3124 5420 3274 5495 ὁμολ.

451 5487 718 5566 Sabellius
748 5487 1512 5566 inomini_t__167o§_.;quidper
1561 5487 1716 5566 λόγον
1752 5489 2012 5566 intelligat

2187 5493 2298 5566 (Gl)
2328 5487 2689 5566 Ἕτεροιῖἦή
2709 5497 2741 5547 ό
2761 5493 2970 5566 Λόγος.
3003 5489 3144 5558 Lege
3159 5487 3220 5566 ξεί
3253 5490 3326 5563 μὴ
3353 5492 3381 5544 ὀ
3409 5491 3598 5566 Λόγος,
3634 5493 3688 5547 id

455 5561 745 5614 videamus.
781 5561 916 5616 Num
954 5559 1163 5616 filium?
1195 5559 1285 5615 Μ(
1306 5591 1375 5601 -
1396 5560 1517 5614 Mox
1563 5562 1721 5629 vulgo
1747 5559 2013 5628 μηδέποτε
2115 5559 2257 5617 enim
2277 5559 2417 5629 'vult,
2451 5559 2597 5620 nullo
2623 5559 2731 5619 alio
2767 5559 2985 5629 nomine
3020 5559 3364 5629 appellatum.
3388 5592 3459 5601 —-
3489 5559 3687 5618 M.lmo

450 5629 639 5703 εαυτρν
682 5630 837 5698 λόγον
859 5641 913 5703 et
941 5632 1100 5703 p.036
1127 5634 1442 5703 ξπουρόινιος
1474 5638 1528 5703 et
1573 5621 1725 5692 οῦτός
1747 5621 1758 5628 ’
1777 5621 2009 5700 ὑπερϐε-

2116 5621 2464 5702 Ιρεθηάυιηέἰ
2495 5635 2622 5703 quid
2680 5633 2832 5686 video
2874 5626 2942 5703 ἦν
2973 5631 3006 5699 ἢ
3055 5621 3215 5700 λόγος
3275 5630 3345 5686 cf.
3379 5646 3430 5702 p.
3466 5631 3567 5686 117
3597 5632 3680 5698 D;

451 5699 806 5776 δυσμενοςβι
834 5699 953 5776 υἱὸν
979 5699 1276 5776 ἁνῼρῴπου
1295 5702 1382 5755 ἴνα
1407 5701 1546 5776 διὰ..
1645 5769 1654 5776 _
1687 5768 1697 5776 _
1890 5699 1893 5700 ⁷

2114 5699 2273 5772 νότΓο
2308 5707 2466 5776 vulgo
2489 5699 2844 5776 παρατίθεται
2871 5699 2987 5766 τάς.

525 5768 836 5842 (60)Θέσει
890 5771 994 5826 τόν
1044 5766 1370 5840 ἄνθρωπον.
1427 5766 1730 5838 Trajectitia
1776 5777 1920 5835 sunt,
1953 5779 2006 5826 et
