4088 6416
350 341 462 396 857

1329 343 1420 400 DE
1457 344 2000 402 ECCLESIASTICA
2039 345 2446 403 THEOLOGIA
2485 344 2614 402 LIB.
2654 346 2698 402 l.

3497 339 3604 406 838

349 455 448 518 τὰς
491 452 586 508 τοῦ
617 453 870 526 Σωτῆρος
897 455 1100 525 φωνὰς,
1140 458 1206 510 δι’
1249 450 1324 512 ὧν
1355 458 1458 530 ἔφη
1485 476 1499 490 °
1537 459 1750 526 Οὐδεὶς
1777 459 1923 530 ἔγνω

2038 459 2092 513 In
2129 460 2221 514 illo
2248 467 2426 513 autem
2454 473 2611 528 passu
2645 472 2750 526 quo
2785 458 3080 514 SaLellium
3136 466 3380 526 accusat,
3437 456 3602 514 verba

346 545 460 599 τόν
479 545 712 614 Πατέρα
733 549 786 600 εὶ
812 547 898 617 μὴ
931 551 962 600 ὁ
1002 548 1154 615 Υἱὸς,
1185 549 1281 602 καὶ
1309 543 1356 615 ᾧ
1382 551 1457 603 ἂν
1489 555 1522 605 ὁ
1549 551 1680 617 Υἱὸς
1701 552 1926 604 ἀποκα-

345 637 556 705 λύψει.
591 637 801 708 Ὠσπερ
844 637 900 690 δὲ
950 639 1418 711 ἐπανορθούμενος
1448 642 1637 707 αὐτὰς,
1680 644 1801 696 ἀντὶ
1832 642 1928 696 τοῦ

355 727 499 781 Υὶοῦ
539 729 734 798 Λόγον
773 723 929 791 αὖθις
973 730 1252 800 ὀνομάζει,
1290 725 1392 784 ὦδε
1426 732 1617 801 λέγων·
1657 751 1676 781 σ
1718 732 1929 798 0236824-

347 837 372 872 ι
411 818 521 889 γὰρ
541 815 687 884 οἵδε,
716 822 869 891 φησι,
899 821 1004 876 τὸν
1032 825 1260 892 Πατέρα
1283 827 1333 878 εὶ
1367 823 1453 893 μὴ
1493 827 1524 877 ὀ
1562 825 1712 889 Υἱὸς,
1745 824 1930 878 τουτέ-

348 928 371 962 ι
412 929 525 964 στιν
569 914 598 964 ὁ
646 915 856 983 Λόγος,
897 934 913 964 ι
944 917 1037 968 καὶ
1071 917 1355 988 ἐπιφέρει·
1391 936 1408 967 ι
1444 917 1500 969 '0
1526 915 1632 986 γὰρ
1665 917 1833 984 Λόγος
1861 917 1928 969 δι’

352 1021 371 1053 ι
421 1002 614 1054 ἑαυτοῦ
642 1002 738 1074 τὴν
750 1003 962 1076 Πατρὸς
982 1006 1206 1076 παρέχει
1237 1005 1459 1074 γνῶσιν,
1487 1025 1504 1054 ι
1531 1007 1622 1057 καὶ
1643 1003 1929 1074 προστίθη-

347 1111 454 1146 σιν·
486 1114 504 1146 t
546 1094 826 1149 Ἀδύνατον
857 1091 924 1166 ἦν
957 1097 1155 1166 ἑτέρως
1179 1096 1381 1165 γνῶναι
1399 1097 1486 1149 τὸν
1503 1096 1653 1161 Θεὸν,
1671 1099 1704 1166 ἦ
1727 1095 1814 1149 διὰ
1833 1096 1926 1149 τοῦ

351 1204 371 1236 ι
388 1184 515 1238 ἰδίου
529 1186 726 1254 Λόγου.
744 1188 879 1240 »Καὶ
897 1184 1048 1251 αὖθις
1064 1189 1276 1257 Λόγον,
1298 1187 1418 1241 ἀντὶ
1433 1187 1524 1241 τοῦ
1550 1187 1706 1252 ΥΙοῦ,
1723 1187 1922 1257 τίθησι’

346 1279 445 1330 καὶ
482 1277 573 1329 τὸν
599 1277 752 1346 ἅγιον
791 1277 953 1331 αὑτοῦ
991 1279 1160 1348 Λόγον
1195 1277 1475 1333 ἀποκαλεῖ.
1534 1279 1643 1331 Καὶ
1682 1280 1739 1331 ἐν
1784 1278 1926 1332 οὕτω

346 1368 707 1440 βραχυτάτοις
741 1370 947 1440 ῥήμασι
980 1367 1238 1432 πολλάκις
1290 1371 1386 1440 μὲν
1420 1370 1926 1440 ἐμνημόνευσεΛό-

343 1479 468 1530 γου,
505 1462 635 1514 Υἱοῦ
655 1463 710 1515 δὲ
735 1463 842 1514 οὐδ’
861 1461 1025 1527 ἅπαξ.
1055 1463 1211 1518 Ἀλλά
1228 1464 1322 1516 καὶ
1351 1463 1518 1532 αὐτὴν
1542 1463 1636 1516 τοῦ
1674 1463 1923 1534 Σωτῆρος

349 1554 638 1621 μεταποιεῖ
666 1552 765 1623 τὴν
789 1552 965 1622 ῥῆσιν,
991 1553 1111 1606 ἀντὶ
1142 1551 1258 1617 τοῦ,
1277 1554 1306 1604 ό
1326 1553 1450 1615 Υἱὸς
1472 1551 1712 1620 ἐπάγων,
1740 1553 1924 1606 τουτέ-
1971 1582 1977 1588 -

349 1658 468 1693 στιν
509 1645 541 1695 ό
572 1643 763 1711 Λόγος
784 1685 798 1707 ,
845 1642 963 1712 οὐχὶ
999 1641 1198 1712 μᾶλλον
1230 1643 1328 1712 τῆς
1361 1641 1454 1694 τοῦ
1491 1641 1619 1695 Υἱοῦ
1651 1641 1922 1711 σημασίας

350 1732 695 1806 ἁρμοζούσης
725 1736 790 1805 τῇ
813 1734 904 1788 τοῦ
937 1735 1149 1806 Πατρὸς
1184 1734 1471 1805 ἐπηγορίᾳ.
1505 1733 1666 1785 Ὅθεν
1697 1733 1920 1795 εἰκότως

344 1831 375 1879 ὁ
400 1828 499 1896 μὲν
519 1826 705 1898 Σωτὴρ
736 1825 1026 1897 προσφυῶς
1057 1827 1334 1896 ἐφήρμοσε
1362 1827 1426 1895 τῇ
1454 1824 1544 1877 τοῦ
1577 1824 1785 1894 Πατρὸς
1823 1822 1922 1894 τὴν
1955 1807 1992 1862 Β

344 1918 441 1971 τοῦ
471 1917 600 1971 Υἱοῦ
637 1916 927 1984 συζυγίαν·
947 1918 974 1969 ὁ
1015 1917 1070 1972 δὲ
1103 1916 1194 1969 τὸν
1224 1915 1350 1968 Υἱὸν
1378 1917 1548 1968 εἰπεῖν
1577 1913 1921 1984 παραιτησά-

352 2027 510 2079 μενος
533 2010 645 2064 ἄνω
667 2009 815 2062 κάτω
841 2009 931 2062 τὸν
962 2007 1132 2074 Λόγον
1161 2006 1270 2075 (69.)
1304 2005 1488 2076 θρυλεῖ
1519 2008 1612 2058 καὶ
1633 2003 1920 2058 Σαδελλίου

349 2103 450 2171 μὲν
498 2102 813 2171 κατηγορεῖ,
865 2099 956 2151 τὸν
1005 2099 1132 2150 Υἱὸν
1187 2096 1555 2168 ἀρνουμένουο
1613 2096 1805 2148 ταύτὸν
1865 2095 1920 2148 δὲ

345 2193 600 2265 πράττων
647 2193 859 2262 ἐκείνῳ,
895 2189 1309 2260 σχηματίζεται,
1352 2192 1418 2260 τῇ
1449 2189 1569 2244 κατ’
1600 2187 1761 2240 αὑτοῦ
1804 2187 1920 2240 δια-

343 2285 474 2355 ϐολῇ
494 2286 595 2357 τὴν
613 2287 711 2354 τῆς
739 2283 1056 2348 κακοδοξίας
1081 2283 1336 2334 ὑπόνοιαν
1363 2281 1628 2334 ἐκκλίνειν
1654 2281 1916 2351 οἰόμενος.

343 2377 409 2430 El
440 2376 538 2446 μὲν
566 2371 657 2428 οῦν
682 2373 760 2444 τῷ
782 2374 1051 2445 Σαϐελλίῳ
1083 2373 1356 2444 μέμφεται
1385 2373 1476 2426 τὸν
1506 2373 1634 2426 Υἱὸν
1663 2371 1755 2426 τοῦ
1783 2371 1919 2426 Θεοῦ

343 2466 684 2538 ἀρνουμένῳ,
735 2467 909 2537 ἐαυτῷ
932 2467 1194 2538 πρότερον
1216 2465 1354 2536 χρῆν
1391 2464 1738 2536 μέμψασθαι·
1781 2466 1831 2518 εί
1862 2465 1919 2517 δὲ

343 2559 427 2611 ὅτι
465 2558 524 2612 ὃν
557 2560 718 2624 αὐτὸς
759 2560 985 2630 ὡρίζετο
1019 2560 1210 2627 Λόγον,
1246 2558 1530 2621 Σαϐέλλιος
1572 2558 1788 2626 ἠγνόει·
1820 2558 1919 2611 οὐκ

341 2649 518 2721 ὀρθῶς
541 2649 698 2704 τοῦτό
722 2667 785 2718 γε
811 2651 1020 2722 ᾐτιᾶτο.
1054 2649 1192 2704 Οὔτε
1217 2649 1327 2720 γὰρ
1349 2648 1658 2713 Σαϐέλλιον,
1679 2648 1790 2702 οὔτ’
1819 2651 1918 2702 αὐ-

341 2742 470 2807 τοὺς
510 2742 815 2807 Ἰουδαίους,
849 2743 974 2804 τοὺς
1002 2741 1092 2794 τὸν
1117 2741 1350 2812 Χριστὸν
1376 2741 1468 2793 τοῦ
1487 2739 1623 2792 Θεοῦ
1654 2739 1920 2810 ἀρνουμέ-

343 2851 486 2897 νους,
520 2834 578 2887 ὄν
605 2851 738 2904 φησι
762 2832 1081 2904 Μάρκελλος
1104 2835 1160 2886 ἐν
1189 2832 1266 2903 τῷ
1293 2831 1411 2902 Θεῷ
1443 2827 1582 2884 εἶναι
1611 2831 1781 2900 Λόγον
1799 2871 1814 2896 ,
1848 2829 1916 2882 δι’

343 2920 404 2978 οῦ
427 2926 616 2978 Μωσεί
643 2925 737 2978 καὶ
769 2926 883 2989 τοῖς
917 2925 1221 2996 προφήταις
1245 2922 1671 2995 κεχρημάτικεν,
1720 2920 1918 2990 ἀγνοῆ-

347 3034 457 3080 σαι,
491 3015 678 3069 τοῦτον
721 3015 777 3068 δὲ
806 3015 1049 3087 ἀκριϐῶς
1082 3015 1301 3080 εἰδέναι,
1333 3014 1428 3068 καὶ
1461 3016 1490 3066 ό
1516 3015 1622 3077 πᾶς
1651 3012 1791 3066 εἴποι
1827 3011 1913 3078 ἂν,

2034 549 2341 605 Servatoris
2395 549 2883 614 commemoravit,
2927 550 3124 617 quibus
3156 549 3271 603 ait:
3310 548 3479 602 Nemo
3508 564 3604 602 no-

2030 642 2100 694 vit
2129 637 2343 693 Patrem
2369 639 2469 692 nisi
2502 636 2700 704 Filius,
2724 650 2770 692 et
2789 640 2874 692 cui
2901 638 3078 694 Filius
3101 641 3257 694 voluit
3284 641 3512 693 revelare
3533 640 3601 694 ⁷⁸.

2031 731 2161 796 Qure
2207 731 2334 784 dum
2388 729 2601 794 recitat,
2645 739 2899 799 tanquam
2968 741 3340 796 correcturus,
3389 737 3446 795 >14
3503 748 3603 801 pro

2033 821 2177 875 Filio
2232 821 2461 876 Verbum
2508 835 2633 874 eum
2693 821 3009 875 nominavit.
3067 822 3157 877 Sic
3207 822 3347 876 enim
3405 821 3597 875 fatur:

2037 931 2055 964 σ
2102 911 2271 967 Nemo
2296 914 2433 966 novit
2487 911 2702 964 Patrem
2731 912 2830 964 nisi
2862 910 3058 999 Filius,
3093 913 3195 967 hoc
3222 922 3308 967 est
3349 911 3598 979 Verbum,

2035 1023 2052 1053 ι
2087 1003 2289 1072 quibus
2325 1003 2474 1057 addit
2511 1023 2523 1057 :
2567 1002 2802 1056 Verbum
2838 1002 3037 1056 etenim
3064 1018 3160 1071 per
3195 1017 3255 1057 se
3293 1001 3471 1056 Patris
3501 1018 3599 1058 ex—

2036 1115 2054 1147 (
2087 1095 2235 1150 hibet
2264 1094 2627 1165 cognitionem
2657 1110 2671 1148 :
2701 1093 2895 1162 quibus
2929 1093 3174 1162 adjungit
3201 1111 3216 1149 :
3262 1092 3598 1162 lmpossibile

2036 1210 2053 1240 ι
2085 1186 2349 1256 siquidem
2378 1193 2500 1241 erat
2523 1185 2768 1252 alioquin
2795 1184 2960 1239 Deum
2985 1197 3332 1256 cognoscere,
3374 1185 3475 1238 nisi
3500 1198 3598 1253 per

2033 1300 2050 1331 ι
2086 1281 2357 1349 proprium
2389 1278 2557 1350 ipsius
2596 1277 2853 1332 Verbum.
2891 1297 2912 1332 ι
2948 1278 3144 1333 lterum
3169 1288 3348 1332 autem
3379 1293 3476 1347 pro
3509 1278 3599 1333 Fi-

2027 1371 2098 1426 lio
2159 1371 2440 1426 substituit
2508 1369 2772 1425 Verbum:
2806 1378 2861 1424 et
2899 1381 3144 1425 sanctum
3201 1369 3316 1438 ejus
3364 1369 3594 1425 Verbum

2025 1463 2288 1516 nominat.
2326 1461 2480 1529 Sa'pe
2512 1477 2737 1517 numero
2772 1470 2951 1516 autem
2989 1477 3086 1531 per
3128 1475 3289 1517 voces
3317 1473 3422 1516 tam
3458 1476 3594 1531 pau-

2025 1556 2274 1610 cissimas
2309 1554 2494 1621 Verbi,
2529 1553 2715 1608 nullibi
2751 1562 2931 1608 autem
2978 1553 3124 1616 Filii,
3164 1555 3490 1608 mentionem
3523 1553 3597 1608 fa-

2023 1647 2120 1700 cit.
2150 1645 2288 1711 Quin
2316 1656 2370 1703 et
2399 1646 2575 1716 ipsam
2628 1643 2936 1700 Servatoris
2987 1647 3278 1701 dictionem
3330 1643 3596 1700 transfor-

2031 1747 2142 1790 mat
2177 1752 2191 1788 :
2227 1736 2315 1790 ubi
2355 1750 2452 1805 pro
2487 1736 2648 1802 Filio,
2682 1736 2970 1800 subinfert,
3030 1738 3134 1793 hoc
3182 1747 3266 1792 est
3314 1738 3591 1796 Verbum:

2025 1828 2186 1896 idque
2211 1843 2335 1882 cum
2367 1825 2492 1883 Filii
2529 1831 2842 1901 appellatio,
2882 1831 3050 1884 multo
3103 1830 3272 1899 magis
3295 1829 3595 1898 paternita-

2025 1921 2093 1973 tis
2115 1918 2380 1975 vocabulo
2405 1922 2730 1978 conveniret
2769 1938 2928 1992 quam
2963 1921 3122 1977 Verbi
3155 1939 3169 1975 :
3211 1937 3333 1975 cum
3375 1931 3430 1977 et
3481 1922 3597 1990 ipse

2024 2008 2283 2064 Servator
2308 2010 2463 2080 juxta
2514 2013 2946 2082 congruentiam,
3005 2012 3196 2067 Filium
3251 2027 3374 2067 cum
3437 2010 3598 2065 Patre

2023 2101 2391 2170 copulaverat.
2455 2103 2534 2158 lla
2579 2117 2794 2174 semper
2854 2105 3124 2174 refugiens
3177 2105 3595 2173 appellationem

2022 2192 2164 2255 Filii,
2196 2193 2452 2262 Verbum,
2483 2209 2676 2250 vocem
2710 2210 2911 2264 susque
2937 2195 3112 2264 deque
3146 2203 3343 2249 versat.
3379 2193 3599 2258 ,διώρι-

2023 2284 2151 2338 lium
2181 2291 2329 2338 certe
2369 2284 2589 2338 damnat
2629 2284 2988 2354 abnegantem
3034 2284 3251 2350 Filium,
3302 2292 3358 2338 et
3416 2293 3593 2337 tamen

2020 2389 2080 2429 se
2105 2372 2439 2428 conformem
2465 2373 2639 2428 eidem
2665 2385 2882 2442 praestat
2908 2391 2922 2427 :
2951 2374 3106 2442 quasi
3141 2382 3324 2442 posset
3370 2382 3426 2427 et
3483 2371 3595 2428 vel-

2020 2467 2116 2535 let,
2167 2467 2238 2521 ab
2284 2467 2427 2522 illius
2462 2465 2842 2530 accusatione,
2900 2467 3265 2535 suspicionem
3323 2467 3595 2522 haereseos

2019 2559 2256 2614 amoliri.
2286 2559 2418 2615 Cum
2447 2559 2489 2614 si
2517 2559 2678 2614 vellet
2703 2559 2994 2614 Sabellium
3025 2561 3094 2614 ob
3129 2559 3180 2613 id
3210 2558 3383 2626 ipsum
3411 2558 3593 2612 redar-

2019 2667 2203 2723 guere,
2233 2654 2378 2720 quod
2405 2650 2602 2704 Filium
2630 2650 2720 2705 ille
2759 2653 2851 2706 Dei
2885 2651 3202 2719 abuegarct,
3238 2650 3591 2720 semetipsum

2019 2751 2144 2797 ante
2163 2756 2287 2797 eum
2319 2742 2554 2798 debebat
2585 2757 2865 2798 accusare.
2894 2743 3046 2809 Quod
3073 2743 3121 2796 si
3147 2741 3417 2798 Sabellius
3442 2743 3595 2810 igno-

2018 2834 2198 2898 rabat,
2220 2848 2379 2902 quem
2411 2843 2570 2889 vocat
2613 2834 2729 2904 ipse
2766 2835 3028 2900 Verbum,
3072 2850 3178 2890 non
3215 2844 3333 2888 erat
3357 2835 3461 2888 hoc
3493 2848 3592 2887 no-

2017 2927 2162 2982 mine
2187 2927 2537 2982 incusandus.
2567 2928 2703 2982 Nam
2748 2943 2846 2984 nec
2868 2937 3017 2983 certe
3037 2927 3333 2993 Sabellius,
3379 2942 3447 2983 ne
3472 2926 3597 2996 qui-

2019 3015 2139 3070 dem
2189 3015 2362 3073 Judaei
2415 3018 2506 3087 qui
2565 3017 2841 3076 Christum
2879 3019 3026 3075 illiilli
3073 3019 3167 3075 Dei
3230 3020 3594 3084 abnuebant,

343 3109 403 3163 οὐ
433 3108 590 3178 μόνον
624 3109 890 3162 Ἰουδαίων
919 3107 1052 3161 ἀλλά
1082 3109 1176 3162 καὶ
1217 3107 1500 3178 Ἑλλήνων.
1556 3105 1785 3174 Λογικὸν
1809 3103 1917 3176 γὰρ

2023 3122 2179 3178 quem
2208 3107 2496 3198 liarcellus
2526 3109 2780 3177 afﬁrmat,
2819 3111 2871 3166 in
2907 3113 3019 3167 Deo
3053 3109 3290 3165 Verbum
3316 3125 3456 3174 esse,
3499 3124 3597 3179 per

341 3200 425 3263 τίς
451 3201 550 3254 οὐκ
570 3199 634 3252 ἂν
653 3199 1035 3271 ὁμολογήσειεν
1062 3195 1201 3252 εἶναι
1227 3199 1319 3251 τὸν
1342 3197 1494 3262 Θεὸν,
1514 3197 1589 3260 ὡς
1617 3197 1709 3249 καὶ
1733 3194 1915 3264 σοφὸν,

343 3293 438 3350 καὶ
461 3292 663 3362 ἀγαθὸν
694 3292 787 3346 καὶ
818 3292 1042 3346 δυνατόν
1064 3308 1080 3356 ;
1115 3289 1403 3353 Σαϐέλλιος
1428 3290 1484 3342 δέ
1507 3289 1666 3341 τοῦτο
1697 3289 1794 3359 μὲν
1819 3288 1920 3340 οὐκ

341 3383 408 3440 ἂν
456 3383 716 3456 ἀρνηθείη
757 3384 990 3449 sior-Evoti;
1033 3383 1114 3436 ὅτι
1147 3382 1203 3434 δὲ
1235 3382 1308 3454 μὴ
1356 3381 1448 3434 καὶ
1479 3380 1609 3433 Υἱὸν
1650 3378 1742 3432 τοῦ
1781 3376 1918 3431 Θεοῦ

342 3473 519 3538 ζῶντα
555 3475 648 3528 καὶ
677 3463 984 3543 ὑφεστῶτα,
1010 3472 1144 3530 ὄντα
1165 3489 1223 3526 τε
1245 3472 1337 3525 καὶ
1367 3470 1600 3542 προόντα
1632 3469 1729 3538 τῆς
1785 3485 1918 3540 σαρ-

341 3568 436 3632 κὸς
492 3568 762 3639 ὁμολογεῖ.
802 3565 1020 3636 Ταύτης
1055 3567 1217 3618 ἕνεκα
1264 3564 1363 3634 τῆς
1399 3563 1536 3633 πρὸς
1599 3560 1918 3632 Μάρκελλον

344 3657 682 3728 συμφωνίας,
718 3656 919 3726 ὁμοίως
958 3653 1110 3725 αὐτῷ
1146 3655 1245 3725 τῆς
1277 3653 1369 3707 τοῦ
1408 3652 1544 3706 Θεοῦ
1598 3651 1922 3721 Ἐκκλησίας

339 3749 536 3819 ἠλάθη.
571 3748 693 3812 Πῶς
714 3749 771 3802 δέ
793 3748 865 3801 τὰ
898 3747 989 3802 ἶσα
1018 3747 1335 3819 Μάρκελλος
1357 3745 1434 3816 τῷ
1457 3745 1730 3817 Σαϐελλίῳ
1761 3744 1923 3816 ἐφρό-

337 3860 440 3904 νει,
475 3839 631 3912 δῆλος
682 3839 748 3894 ἂν
798 3839 885 3909 εἴη
934 3839 994 3904 ἐξ
1028 3832 1102 3893 ὧν
1148 3838 1338 3892 ἓνκαὶ
1392 3838 1586 3892 ταύτὸν
1644 3833 1784 3892 εἶναι
1831 3835 1923 3890 τὸν

337 3933 472 3985 Θεὸν
523 3935 620 3987 καὶ
677 3933 766 3985 τὸν
821 3931 986 3985 αὐτοῦ
1017 3932 1186 4000 Λόγον
1235 3929 1586 3996 διεστείλατο,
1652 3930 1782 3984 ποτέ
1823 3929 1924 4000 μὲν

338 4027 520 4088 αὐτοῖς
554 4026 792 4096 ῥήμασιν
820 4021 1009 4076 εἰπὼν.

2022 3211 2182 3268 quem
2205 3196 2408 3254 Mosem
2467 3208 2521 3255 et
2561 3201 2852 3270 prophetas
2903 3201 3301 3268 alloquebatur.
3339 3198 3452 3256 lmo
3489 3214 3594 3253 non

2020 3285 2390 3343 soliseJudtei
2421 3289 2525 3344 hoc
2575 3289 2758 3345 dicent
2816 3292 3060 3360 apprime
3115 3290 3452 3359 intelligere,
3499 3289 3596 3344 sed

2021 3377 2121 3444 ipsi
2157 3377 2324 3432 etiam
2356 3379 2577 3448 pagani.
2609 3379 2744 3434 Nam
2768 3380 2891 3449 quis
2916 3396 3018 3434 non
3058 3380 3222 3435 Deum
3272 3388 3452 3435 mente
3475 3393 3597 3436 esse

2021 3469 2306 3538 praeditum
2332 3470 2613 3537 fatebitur,
2646 3480 2706 3526 ut
2759 3472 3085 3541 sapientem,
3144 3481 3204 3526 ut
3261 3473 3459 3527 bonum
3487 3512 3505 3536 ,
3534 3486 3597 3524 at

2021 3561 2338 3627 potentem?
2372 3559 2641 3616 Sabellius
2671 3561 2819 3617 nullo
2841 3571 2989 3617 certe
3029 3571 3190 3617 mde
3242 3568 3504 3616 tateretur
3532 3576 3597 3619 se

2018 3651 2121 3706 hoc
2154 3651 2426 3720 ignorare.
2457 3653 2596 3719 Quin
2646 3653 2842 3709 Filiqu
2868 3653 2961 3709 Dei
2987 3654 3168 3708 vivum
3202 3666 3258 3708 et
3292 3653 3596 3708 subsisten-

2019 3753 2148 3810 tem,
2180 3745 2269 3814 qui
2295 3753 2539 3809 etesset,
2565 3755 2620 3800 et
2651 3757 2774 3801 ante
2804 3761 3025 3801 carnem
3061 3755 3394 3815 assumptum
3424 3752 3590 3810 esset,

2019 3845 2362 3906 agnosceret.
2402 3835 2470 3890 Et
2503 3846 2679 3892 tamen
2719 3836 2789 3890 ob
2811 3836 2953 3890 hanc
2983 3835 3151 3906 ipsam
3175 3849 3300 3889 cum
3330 3835 3433 3890 hoc
3461 3832 3596 3888 Mar-

2021 3926 2158 3982 cello
2185 3929 2730 3995 contesserationem,
2755 3929 2964 3999 ejectus
2993 3927 3081 3982 ille
3119 3927 3220 3980 fuit
3251 3925 3322 3979 ab
3351 3925 3594 3983 Ecclesia

2021 4019 2137 4075 Dei.
2165 4018 2284 4086 Quo
2339 4032 2499 4092 pacto
2557 4033 2741 4076 autem
2801 4021 3084 4076 Marcellus
3118 4022 3350 4085 dicatur,
3403 4018 3590 4073 eadem

339 4131 460 4169 cum
489 4113 726 4170 Sabellio
755 4116 1029 4184 opinatus,
1096 4115 1442 4172 manifestum
1510 4115 1641 4178 ﬁet,
1696 4121 1982 4184 propterea
2021 4113 2162 4182 quod
2199 4129 2365 4168 unum
2417 4124 2578 4185 atque
2634 4115 2776 4170 idem
2820 4115 3137 4187 proﬁteatur
3184 4113 3375 4176 Deum,
3429 4119 3595 4180 atque

341 4207 508 4277 ipsius
535 4205 630 4262 Dei
662 4205 918 4273 Verbum,
955 4207 1108 4262 hisce
1145 4208 1438 4278 aliquando
1469 4207 1650 4264 verbis
1677 4219 1832 4261 usus.

970 4303 1132 4357 ΚΕΦ.
1172 4303 1272 4357 ιΖ’.

341 4392 542 4460 Ὅπως
575 4391 811 4461 ἠρνεῖτο
841 4392 1394 4518 γυμνῇδτιιῑὶκεξραλῇ
1427 4394 1542 4463 τὴν
1572 4394 1916 4450 ὑπόστασιν

969 4482 1076 4518 του
1167 4483 1278 4518 ιου.

969 4482 1076 4518 του
1125 4482 1150 4518 1
1167 4483 1278 4520 ιου.

416 4576 436 4610 ‹
468 4558 533 4611 Εἰ
573 4557 672 4628 μὲν
696 4557 804 4628 γὰρ
833 4558 866 4628 ἡ
896 4556 991 4611 τοῦ
1027 4557 1139 4626 (65)
1186 4555 1496 4627 πνεύματος
1540 4555 1782 4622 ἐξέτασις
1828 4556 1916 4626 γί-

347 4668 367 4700 σ
410 4665 590 4716 γνοιτο
650 4633 806 4718 μόνη,
841 4647 900 4700 ἓν
948 4647 1044 4700 καὶ
1078 4647 1275 4702 ταύτὸν
1321 4648 1551 4712 εἰκότως
1583 4647 1651 4701 ἂν
1689 4648 1718 4700 ὁ
1748 4647 1918 4715 Λόγος

352 4761 371 4791 ι
413 4736 552 4794 εἶναι
579 4739 657 4810 τῷ
683 4738 802 4810 Θεῷ
829 4740 1091 4807 φαίνοιτο·
1115 4758 1133 4790 ι
1163 4739 1274 4806 (64)
1304 4739 1436 4792 ποτὲ
1462 4739 1520 4793 δὲ
1557 4739 1916 4810 παραϐάλλων

335 4833 415 4904 τῷ
447 4832 772 4904 ἀνθρωπείῳ
810 4831 954 4901 λόγῳ
994 4831 1086 4884 τὸν
1127 4829 1222 4884 τοῦ
1269 4829 1428 4894 Θεοῦ,
1469 4831 1563 4884 καὶ
1624 4830 1909 4900 ἐπιλέγων,

341 4944 360 4977 ι
396 4924 455 4977 ἓν
503 4925 599 4978 καὶ
629 4923 823 4978 ταύτὸν
859 4918 997 4976 εἶναι
1032 4919 1111 4992 τῷ
1164 4919 1488 4992 ἀνθρωπείῳ
1533 4921 1624 4974 τὸν
1677 4921 1735 4973 ἐν
1764 4919 1912 4990 αὑτῷ

342 5035 361 5069 t
398 5016 592 5084 Λόγον,
643 5014 820 5071 οὐδενὶ
851 5009 1215 5084 χωριζόμενον
1244 5013 1417 5082 ἑτέρῳ
1448 5013 1482 5083 ἢ
1520 5013 1675 5085 -μόνῃ
1710 5013 1778 5082 τῇ
1811 5011 1911 5081 τῆς

416 5154 475 5212 >14
508 5146 609 5203 Ed.
647 5147 849 5213 Paris.,
876 5161 998 5218 pag.
1032 5145 1120 5212 78,
1149 5145 1236 5202 79.
1312 5145 1360 5177 "
1393 5145 1584 5202 Matth.
1610 5163 1689 5213 ιι,
1711 5147 1812 5218 27..

419 5361 531 5432 (ϐε)
566 5359 737 5435 Vulso
769 5358 992 5435 θριὲλλεξ
1035 5359 1300 5435 sti-xeo!
1353 5359 1526 5432 μέμψο
1584 5371 1641 5417 ει
1675 5363 1914 5435 ὁρίζεται

347 5429 593 5501 λόγονἐῑ
621 5429 936 5499 Μάρκελλος
955 5429 1267 5501 sesamo.
1310 5445 1340 5501 _j

421 5497 532 5572 (65)
584 5497 928 5572 Πνξῦματος
957 5497 1251 5572 ἐξέτασις.
1310 5497 1459 5572 Vult,
1488 5499 1698 5569 opinor,
1729 5510 1786 5558 ut
1828 5517 1916 5559 se-

347 5569 584 5627 cundum
615 5571 892 5634 deitatem,
929 5570 1017 5620 vel
1039 5569 1271 5623 divinam
1309 5571 1577 5626 rationem
1606 5572 1916 5628 considere-

353 5656 473 5695 mus
499 5640 676 5708 λόγον,
699 5655 821 5710 nam
841 5636 1087 5710 πνεῦμα,
1119 5639 1216 5710 ipsi
1239 5638 1455 5710 ponitur
1474 5654 1572 5710 pro
1601 5639 1711 5695 Deo
1742 5659 1756 5695 :
1789 5643 1915 5708 quia

351 5707 611 5766 Servatur
639 5709 796 5767 dixit,
834 5707 970 5762 Deus
994 5707 1216 5767 spiritus
1242 5707 1322 5763 est
1349 5707 1531 5777 (lauit.
1563 5725 1637 5776 tv,
1666 5711 1780 5776 24).
1804 5707 1876 5765 Μ.

424 5779 534 5852 (64)
567 5777 716 5833 Ποτὲ
744 5777 811 5834 δὲ
850 5777 1266 5848 παραϐάλῐων.
1319 5779 1638 5848 Marcellus,
1681 5780 1913 5844 Verbum

2494 4355 2497 4359 ,
2548 4301 2608 4359 ›Ι4
2647 4294 2800 4350 CAP.
2839 4293 3003 4350 XVII.

2128 4385 2282 4452 Quod
2305 4385 2734 4454 manifestissime
2759 4396 2996 4457 perneget
3025 4385 3335 4457 hypostasin
3361 4383 3518 4439 Filii.

2041 4517 2050 4526 .
2093 4497 2112 4530 ο
2155 4479 2242 4551 [Β.
2268 4477 2407 4533 LXII
2431 4478 2552 4534 coll.
2579 4494 2634 4548 p.
2689 4478 2840 4550 107.]
2869 4479 3142 4548 Siquidem
3165 4477 3332 4533 solius
3370 4476 3592 4544 spiritus

2027 4589 2044 4622 σ
2088 4570 2394 4638 disquisitio
2459 4570 2572 4633 liat,
2625 4571 2867 4636 omnino,
2930 4585 3030 4625 nec
3088 4569 3305 4638 injuria,
3349 4567 3591 4623 Verbum

2023 4681 2040 4713 ι
2083 4677 2244 4715 unum
2271 4672 2434 4730 atque
2464 4663 2604 4717 idem
2635 4679 2758 4718 cum
2793 4663 2902 4718 Deo
2932 4660 3198 4715 videbitur
3218 4675 3357 4716 esse.
3379 4678 3399 4712 ι
3424 4658 3592 4716 Com-

2017 4767 2222 4822 pouens
2270 4762 2448 4807 autem
2495 4753 2782 4824 aliquando
2823 4753 3058 4808 Verbum
3090 4751 3181 4806 Dei
3205 4766 3326 4805 cum
3352 4750 3592 4804 humano

2019 4840 2213 4904 verbo,
2272 4839 2521 4909 adiungit
2565 4859 2578 4894 :
2617 4859 2636 4892 ι
2692 4839 2864 4895 Unum
2904 4852 3068 4908 atque
3104 4856 3197 4910 per
3218 4839 3401 4894 omnia
3443 4837 3592 4892 idem

2023 4945 2042 4980 ο
2083 4947 2204 4984 cum
2252 4932 2473 4985 homine
2502 4947 2624 4985 esse
2677 4932 2804 4986 illud
2851 4933 2991 5001 quod
3029 4934 3082 4985 in
3110 4933 3224 5002 ipso
3254 4932 3412 4990 inest.
3456 4928 3589 4983 Ver-

2022 5040 2041 5073 ι
2083 5023 2208 5077 bum
2255 5022 2426 5078 nihilo
2453 5025 2670 5094 quidem
2713 5025 2782 5080 ab
2825 5023 2933 5080 alio
2973 5024 3435 5085 discritninatum,
3482 5017 3589 5074 nisi

2016 5364 2132 5427 Dei,
2156 5377 2278 5418 eum
2313 5361 2548 5417 hominis
2577 5361 2743 5416 verbo
2771 5360 3160 5429 componebat,
3187 5368 3238 5412 et
3282 5357 3586 5429 ἐνδιάθετον

2012 5443 2070 5506 et
2094 5425 2443 5506 προφορικόν,
2474 5431 2752 5506 legendum
2776 5431 2856 5502 τῷ
2879 5425 2937 5485 ἐν
2956 5429 3247 5506 ἀνθρῴπῳ,
3273 5443 3376 5506 n_o_n
3399 5425 3586 5506 τιξάνς

2015 5499 2288 5574 θρωπείῳ,
2319 5509 2465 5574 patet
2484 5499 2550 5556 ei
2575 5501 2735 5574 paulo
2757 5499 2892 5574 po'st_
2901 5499 3274 5574 sequentibus.
3291 5499 3580 5574 _M.—:Dein

2012 5566 2408 5658 vulgari-1qu.
2445 5589 2510 5658 μἒ
2543 5566 2694 5658 οὐδὲν
2745 5573 2832 5656 ἐτ.
2864 5566 2954 5640 ἦν.
2982 5566 3584 5658 ’ξιιι-τοῗενιιιβοιιγραη

2013 5638 2198 5726 ψενόι
2218 5638 2425 5726 τούτοις
2447 5638 2612 5726 αὐτὸν
2644 5641 2829 5705 εἰπὼν,
2856 5638 2950 5726 πρ.
2989 5651 3041 5696 et
3072 5638 3318 5711 χωρῆσαι
3353 5647 3406 5695 et
3456 5639 3582 5695 ἐπι·

2019 5714 2240 5772 σκόπτει
2263 5725 2315 5769 et
2345 5715 2402 5768 οὐ
2435 5713 2542 5790 γὰρ
2577 5712 2638 5767 ἄν
2669 5723 2722 5770 ct
2745 5712 2965 5788 παρείη.
