4088 6438
467 373 575 434 859
859 395 861 398 ⁴
1168 367 1437 423 EUSEBII
1474 365 1942 422 CESARIENSIS
1979 366 2129 422 OPP.
2169 364 2346 421 PARS
2380 364 2472 420 IV.
2511 396 2580 410 -
2615 364 3036 423 DOGMATICA.
3603 371 3707 428 860

475 511 499 547 ι
537 491 716 560 operis
746 489 1113 545 tantummodo
1148 489 1406 544 elllcacia.
1453 506 1474 542 ι
1505 489 1769 556 Quocirca
1812 489 1902 543 ubi
1961 487 2034 540 ita

2201 486 2452 558 πράξεως
2489 486 2757 558 ἐνεργείᾳ.
2788 504 2806 539 ι
2831 486 3052 557 Διόπερ,
3085 487 3217 540 ποτὲ
3257 486 3353 557 μὲν
3378 485 3708 557 ἀπεφαίνετο

470 585 676 649 statuit,
729 583 1041 651 priusquam
1096 582 1327 635 mundus
1386 581 1775 647 produceretur
1807 621 1822 643 ,
1905 579 2036 634 nihil

2170 578 2243 648 τρὸ
2265 579 2365 647 τῆς
2389 576 2483 631 τοῦ
2515 578 2722 648 κόσμου
2769 577 3078 640 συστάσεως
3121 578 3287 649 μηδὲν
3335 577 3522 648 ἓτερον
3570 576 3709 634 εἶναι

471 675 695 728 omnino
747 680 940 739 praeter
1010 671 1177 724 Deum
1245 669 1533 733 exstitisse,
1589 679 1644 723 et
1707 669 1833 723 alibi
1887 669 2039 723 hisce

2170 669 2278 741 ελὴν
2319 669 2489 733 Θεοῦ,
2549 669 2645 723 καὶ
2695 669 2858 723 πάλιν
2905 670 3087 733 αὐτοῖς
3125 671 3362 740 ῥήμασιν
3397 669 3600 739 ἔλεγεν,
3629 672 3707 727 ὅτι

471 763 602 828 ipsis
640 761 820 815 verbis
869 761 1081 813 utitur:
1131 778 1148 810 ι
1187 758 1324 814 Cum
1375 759 1609 812 nondum
1658 759 1760 812 iste
1809 758 2038 812 mundus

2211 763 2376 832 μήπω
2407 761 2501 814 τοῦ
2533 762 2736 833 κόσμου
2762 761 3062 830 γεγονότος,
3085 761 3237 814 οὐδὲν
3277 761 3464 832 ἓτερον
3486 756 3552 833 ἦν
3574 761 3704 832 πλὴν

475 871 496 905 α
539 853 827 922 productus
873 851 1063 916 fuerat,
1118 859 1314 918 praeter
1353 849 1519 904 Deum
1559 849 1774 918 quidem
1841 849 2036 913 solum,

2209 852 2343 905 Θεοῦ
2393 853 2588 924 μόνουο
2633 871 2650 904 ›
2703 853 2834 905 ποτὲ
2873 851 2932 904 δὲ
2966 851 3046 922 τῷ
3083 852 3337 924 ἡμετέρῳ
3389 853 3705 924 σημαντικᾷ

477 962 496 995 ι
539 942 673 997 nihil
726 951 846 997 erat
896 941 1128 1007 aliud”
1170 952 1224 995 et
1269 941 1357 994 ubi
1407 940 1647 994 divinum
1712 941 1842 994 illud
1905 938 2040 994 Ver-

2173 945 2282 1014 όγῳ
2318 945 2408 997 τὸν
2440 943 2534 996 τοῦ
2561 943 2694 997 Θεοῦ
2726 942 3082 1014 παρέϐαλλεν,
3113 945 3171 996 ὲν
3196 939 3279 1007 οἷς
3307 936 3408 998 ὧδε
3431 944 3670 1016 ἔγραφεν
3696 961 3708 974 ·

472 1036 639 1100 bum,
709 1042 892 1088 nostro
949 1033 1238 1087 indicativo
1300 1046 1395 1100 per
1457 1031 1641 1086 omnia
1719 1031 2040 1086 assimilavit

2189 1037 2402 1107 ’Ὠσπερ
2428 1035 2498 1088 τὰ
2517 1036 2777 1104 γεγονότα
2805 1034 2982 1090 πάντα
3010 1035 3114 1088 ὑπὸ
3145 1034 3240 1087 τοῦ
3276 1036 3490 1106 Πατρὸς
3511 1035 3598 1089 διὰ
3617 1036 3710 1090 τοῦ

471 1129 656 1191 verbo,
707 1127 760 1180 in
799 1127 994 1196 quibus
1029 1125 1128 1178 ista
1165 1124 1356 1178 scribit
1411 1123 1504 1195 [R.
1561 1122 1650 1177 LV
1687 1123 1808 1178 coll.
1866 1138 1918 1190 p.
1971 1122 2040 1178 59

2212 1127 2385 1194 Λόγου
2424 1125 2665 1194 γέγονεν,
2720 1125 2864 1177 οὑτω
2899 1124 2993 1176 καὶ
3044 1123 3112 1176 τὰ
3161 1123 3428 1193 λεγόμενα
3467 1123 3571 1176 ὑπὸ
3618 1123 3712 1177 τοῦ

474 1219 536 1272 D.
570 1218 672 1272 114
702 1219 760 1272 D.
791 1217 891 1271 l25
907 1215 993 1287 8.]
1041 1231 1099 1268 ει
1142 1203 1625 1282 Quemadmodum‘
1655 1229 1741 1269 res
1777 1215 2040 1269 universa:

2205 1216 2420 1288 Πατρὸς
2449 1215 2536 1269 διὰ
2565 1214 2660 1268 τοῦ
2691 1215 2864 1282 Λόγου
2889 1215 3230 1285 σημαίνεται.
3274 1231 3293 1266 ι
3335 1214 3453 1278 Καὶ⁴
3473 1214 3536 1285 δὴ
3558 1213 3714 1282 λόγον

479 1328 498 1362 ι
540 1325 659 1379 quae
687 1309 960 1378 productae
985 1306 1214 1371 luerunt,
1241 1323 1271 1360 a
1299 1305 1459 1362 Patre
1485 1307 1922 1376 producebantur
1944 1321 2040 1373 per

2170 1306 2470 1378 ημαντικὸν
2493 1309 2550 1360 ὲν
2593 1305 2799 1368 τούτοις
2830 1305 2992 1358 αὑτὸν
3031 1304 3288 1369 ἀνειπὼν,
3327 1304 3530 1375 προῖὼν
3565 1305 3711 1374 ἑξῆς,

483 1421 502 1452 ι
546 1399 802 1466 Verbum,
860 1400 926 1453 ad
956 1399 1204 1453 eumdem
1229 1397 1442 1452 modum
1472 1407 1527 1454 et
1547 1414 1667 1468 quae
1698 1413 1728 1450 a
1775 1397 1934 1452 Patre
1955 1397 2040 1452 di-

2170 1397 2440 1469 εχώριστον
2486 1397 2648 1450 αὑτὸν
2680 1398 2747 1466 τῇ
2792 1396 3105 1460 ὑποστάσει,
3131 1394 3190 1450 ἓν
3221 1397 3315 1448 καὶ
3344 1395 3538 1462 ταύτὸν
3572 1392 3715 1448 εἶναι

479 1513 498 1543 ι
535 1493 816 1551 cebantur,
847 1507 942 1562 per
959 1491 1195 1546 Verbum
1231 1492 1458 1547 indicem
1482 1491 1834 1547 edebantur.»
1861 1491 2040 1560 Atque

2171 1489 2216 1559 ᾧ
2263 1489 2439 1559 [Iath
2485 1487 2842 1557 παρίστησιν,
2889 1478 2990 1538 ὧδέ
3033 1503 3110 1556 πη
3161 1484 3363 1552 λέγων·
3405 1502 3425 1535 ι
3465 1482 3716 1536 Τοῦτοδὲ

470 1585 572 1648 ita,
601 1598 721 1637 cum
753 1583 855 1637 hoc
881 1590 1035 1652 pacto
1078 1581 1429 1637 indicativum
1456 1580 1680 1636 verbum
1716 1580 2036 1650 compellans-

2211 1580 2388 1652 ῥᾴδιον
2411 1575 2690 1649 οἳμαιτοῖς
2713 1575 3054 1648 εὑφρονοῦσι,
3088 1577 3182 1629 καὶ
3209 1576 3316 1629 ἀπὸ
3343 1574 3540 1647 μικροῦ
3569 1591 3716 1639 τινος

472 1683 558 1728 set
601 1674 798 1744 ipsum.
834 1687 1086 1726 sermone
1132 1673 1510 1742 progrediente
1558 1679 1737 1724 tamen
1787 1671 2037 1726 eumdem

2208 1672 2302 1724 καὶ
2315 1668 2568 1724 ταπεινοῦ
2585 1669 2703 1722 καθ’
2721 1669 2870 1738 ἡμᾶς
2883 1665 3321 1739 παραδείγματος
3343 1665 3566 1736 γνῶναι.
3580 1664 3716 1718 Οὐδὲ

475 1765 649 1832 ipsum
695 1778 723 1816 a
755 1762 914 1817 Patre
945 1762 1358 1831 inseparabilem
1381 1763 1718 1830 pronuntiat,
1748 1760 1888 1830 quod
1916 1775 2037 1827 spe-

2206 1761 2314 1833 γάρ
2348 1762 2439 1814 τὸν
2471 1759 2562 1814 τοῦ
2585 1757 2871 1831 ἀνθρώπου
2892 1758 3050 1826 λόγον
3063 1758 3288 1828 δυνάμει
3311 1757 3404 1810 καὶ
3425 1757 3716 1812 ὑποστάσει

472 1861 588 1907 ctat
628 1852 695 1906 ad
749 1853 1067 1922 ltypostasin
1125 1867 1314 1919 suam,
1375 1867 1650 1920 unumque
1699 1822 1823 1906 cu-m
1880 1850 2039 1904 Patre

2209 1822 2440 1924 χωρίσαι
2461 1853 2568 1905 τινὶ
2599 1822 2840 1906 δυνατόν.
2871 1822 2977 1904 ’Ἐν⁷
3011 1850 3120 1920 γάρ
3149 1822 3262 1902 ἐστι
3295 1847 3388 1902 καὶ
3417 1848 3611 1902 ταύτὸν
3640 1849 3718 1920 τῷ

475 1952 638 2013 atque
684 1943 822 1997 idem
876 1944 1053 2007 docet,
1104 1944 1252 1998 hisce
1298 1942 1524 1998 verbis:
1568 1962 1587 1995 ι
1629 1942 1809 2012 Atque
1871 1942 2037 2006 istud,

2210 1944 2478 2017 ἀνθρώπῳ
2503 1945 2531 1996 ὁ
2557 1943 2732 2012 λόγος,
2775 1943 2867 1997 καὶ
2891 1943 3068 1996 οὐδενὶ
3111 1941 3478 2014 χωριζόμενος
3523 1941 3715 2012 ἑτέρῳ,

479 2051 498 2082 ι
540 2033 752 2102 opinor,
805 2035 896 2104 qui
929 2044 1074 2088 recte
1121 2035 1305 2089 volunt
1347 2049 1560 2102 sapere,
1607 2048 1713 2087 non
1748 2033 2038 2087 admodum

2215 2039 2248 2107 ἢ
2280 2037 2418 2108 μόνῃ
2454 2039 2520 2108 τῇ
2550 2035 2650 2105 τῆς
2680 2034 2933 2106 πράξεως
2965 2033 3238 2106 ἐνεργείᾳ.
3272 2051 3290 2083 ι
3332 2032 3442 2087 Καὶ
3469 2027 3625 2095 αὖθις
3650 2035 3716 2102 τῇ

478 2140 500 2172 ε
537 2123 826 2179 difﬁculter
853 2124 1128 2178 collecturi
1161 2133 1286 2178 sunt
1317 2125 1384 2178 ab
1411 2124 1536 2178 exili
1567 2123 1803 2193 quodam
1856 2135 1908 2178 et
1934 2123 2039 2176 hu-

2170 2131 2280 2200 ιὺτῇ
2319 2129 2581 2200 κέχρηται
2613 2127 2778 2179 εἰκόνι
2811 2127 2868 2178 ὲν
2905 2120 2989 2188 οἷς
3017 2140 3182 2195 gener
3221 2141 3240 2174 ι
3279 2124 3465 2177 Πάντα
3487 2124 3595 2194 γὰρ
3618 2124 3722 2178 ὅσα

478 2232 498 2263 ι
542 2213 651 2266 mili
700 2213 843 2267 inter
871 2213 1117 2268 homines
1140 2213 1404 2283 exemplo.
1433 2213 1565 2266 Nam
1598 2229 1696 2267 nec
1719 2214 2037 2278 humanum,

2170 2266 2171 2270 η
2213 2221 2278 2274 ἂν
2310 2221 2338 2272 ὁ
2375 2219 2563 2290 Πατὴρ
2591 2216 2748 2290 λέγῃ,
2772 2215 2945 2270 ταῦτα
2991 2214 3268 2285 πανταχοῦ
3301 2214 3391 2268 διὰ
3417 2215 3509 2268 τοῦ
3545 2215 3719 2284 Λόγου

478 2324 497 2352 ι
547 2303 614 2358 ab
645 2303 861 2358 homine
892 2306 1134 2371 verbum,
1162 2313 1431 2373 potestate
1468 2306 1646 2374 quivis
1678 2315 1732 2359 et
1763 2305 2039 2376 hypostasi

2211 2311 2382 2381 λέγων
2414 2312 2678 2381 φαίνεται.
2698 2309 2870 2363 Τοῦτο
2899 2310 2956 2363 δὲ
2983 2309 3141 2380 δῆλόν
3174 2309 3412 2362 ἐστικαὶ
3441 2310 3534 2378 ἀφ’
3559 2307 3717 2380 ἡμῶν

479 2416 497 2444 ε
540 2395 894 2464 separaverit.
932 2395 1022 2450 Est
1055 2397 1201 2450 enim
1230 2396 1478 2462 verbum,
1508 2412 1670 2450 unum
1706 2405 1866 2466 atque
1900 2397 2040 2451 idem

477 2504 497 2538 4
531 2499 652 2539 cum
681 2485 895 2540 homine
927 2501 942 2538 :
975 2501 1078 2540 non
1103 2485 1258 2539 aliter
1283 2486 1504 2540 omnino
1535 2487 1857 2556 separabile,
1877 2501 2040 2555 qualn

480 2594 501 2626 ο
538 2575 703 2630 solius
743 2575 1076 2644 operationis
1121 2573 1335 2628 effectu.
1370 2594 1388 2626 ›
1415 2573 1530 2641 Qua
1584 2575 1936 2630 similitudine
1985 2585 2042 2629 et

2152 2423 2171 2455 ι
2218 2404 2418 2467 αὑτῶν,
2455 2404 2554 2456 ὅσα
2586 2400 2758 2474 μικρὰ
2792 2400 3048 2471 μεγάλοις
3073 2399 3165 2453 καὶ
3194 2399 3358 2463 θείοις
3397 2400 3718 2454 ἀπεικάσαι.

2153 2517 2170 2549 ι
2217 2497 2328 2550 Καὶ
2374 2497 2539 2566 ἡμεῖς
2568 2493 2697 2564 γὰρ,
2735 2492 2913 2546 πάντα
2942 2491 3043 2544 ὅσα
3071 2489 3136 2543 ἂν
3178 2488 3452 2561 θέλωμεν,
3486 2489 3628 2544 κατά
3659 2488 3723 2542 τὸ

2153 2609 2170 2640 t
2209 2587 2429 2640 δυνατὸν
2457 2584 2634 2652 λέγειν
2659 2600 2721 2635 τε
2752 2583 2846 2636 καὶ
2869 2583 3061 2644 ποιεῖν,
3079 2579 3156 2650 τῷ
3180 2580 3435 2651 ἡμετέρῳ
3460 2580 3722 2651 ποιοῦμεν

477 2666 602 2720 alibi
634 2681 761 2720 usus
787 2675 890 2730 est,
923 2667 1008 2720 ubi
1043 2666 1119 2720 ait
1149 2666 1238 2737 [Β.
1275 2665 1406 2739 LVI]
1437 2685 1450 2719 :
1489 2684 1508 2718 ι
1539 2666 1884 2734 Quazcunque
1917 2677 2043 2720 sunt

2170 2701 2172 2708 ι
2211 2679 2372 2750 λόγῳ.
2418 2697 2438 2729 ι
2471 2674 2657 2730 Ταῦτα
2688 2675 2749 2727 οὑ
2791 2673 2993 2744 μᾶλλον
3025 2671 3344 2744 Μαρκέλλου
3373 2670 3720 2742 ἢΣαϐελλίου

480 2775 500 2806 c
545 2770 664 2826 quae
687 2754 844 2811 Pater
869 2755 1013 2825 loqui
1046 2756 1487 2825 deprehenditur,
1533 2757 1622 2809 illa
1653 2757 1835 2810 omnia
1865 2757 2043 2826 prolo-

2170 2773 2390 2840 ,έγοντος
2429 2767 2652 2822 ἀκούειν
2689 2766 2952 2836 προσήκει
2973 2762 3231 2834 νομίζειν,
3257 2764 3305 2816 εἰ
3341 2762 3416 2833 μὴ
3440 2763 3546 2834 ἄρα
3577 2762 3722 2818 τοῖσδ’

479 2865 500 2898 4
543 2847 726 2916 quitur
757 2861 852 2913 per
884 2845 1114 2899 Verbum
1165 2861 1342 2900 suum.
1387 2850 1566 2915 Atque
1617 2847 1720 2901 hoc
1777 2847 1829 2900 in
1890 2848 2046 2903 nobis

2170 2860 2484 2915 ;πισκώπτοι
2513 2856 2784 2926 Σαδελλίῳ
2814 2853 3255 2927 Μάρκελλος,ὃτι
3285 2853 3358 2925 μὴ
3385 2855 3613 2918 ἀναιδῶς
3631 2853 3722 2908 τὸν

485 2954 505 2988 ι
549 2937 679 3005 ipsis
706 2947 930 3006 apparet
956 2950 1078 2990 esse
1111 2937 1202 2998 ita,
1233 2936 1498 3006 siquidem
1522 2938 1704 3007 parvis
1734 2938 1893 2992 liceat
1924 2954 2042 2992 ma-

2170 2972 2208 3007 ;v
2236 2952 2313 3023 τῷ
2339 2949 2456 3022 Θεῷ
2487 2949 2819 3020 σημαντικὸν
2846 2948 3037 3014 Λόγον,
3079 2945 3156 3010 ὡς
3187 2947 3350 3010 αὑτὸς
3372 2945 3561 3012 οἴεται,
3593 2945 3724 2999 Υίὸν

484 3046 504 3083 ς
544 3044 649 3098 sua
677 3042 1018 3098 componere.
1069 3026 1202 3081 Nam
1233 3043 1567 3098 quaecunque
1616 3045 1714 3084 nos
1757 3029 1909 3098 juxta
1947 3047 2045 3085 no-

2170 3043 2348 3114 μτόλμα
2368 3039 2669 3112 ὀνομάζειν.
2703 3039 2775 3093 Οὑ
2800 3039 2908 3110 γὰρ
2936 3034 3002 3092 αὑ
3035 3037 3269 3109 τοσαύτη
3297 3036 3445 3108 αὑτῷ
3460 3035 3723 3106 λογισμοῦ

483 3151 493 3162 -
546 3130 719 3172 strum
749 3132 937 3187 posse,
980 3117 1160 3172 dicere
1192 3119 1272 3172 vel
1311 3117 1493 3175 facere
1529 3123 1914 3191 cupiverimus,
1951 3137 2046 3185 per

2170 3137 2330 3208 ταρῆν
2353 3136 2526 3197 ἄνοια,
2547 3133 2622 3197 ὡς
2649 3131 2819 3200 Λόγον
2847 3131 3047 3201 ὁμοίως
3063 3127 3389 3201 ἀνθρώποις,
3413 3128 3508 3181 καὶ
3535 3126 3615 3198 τῷ
3633 3127 3726 3180 ἐπὶ

640 3171 647 3172 7
749 3171 763 3187 .
1083 3171 1089 3172 7
1142 3171 1153 3172 7
1317 3171 1325 3172 7
1537 3171 1914 3191 "ru—-7777--.
1952 3171 2036 3185 ρ-

485 3227 508 3262 ‹
547 3219 787 3263 nostrum
837 3224 936 3264 nos
986 3209 1209 3264 verbum
1256 3211 1348 3266 illa
1377 3211 1570 3267 ell‘ecta
1597 3214 1809 3268 damus.
1865 3231 1884 3264 ι
1920 3212 2046 3268 llaec

2177 3171 2330 3208 ,αριμ
2353 3171 2526 3197 ama,
2547 3171 2619 3197 ω,
2649 3171 2816 3200 ..νιν
2850 3171 3044 3201 me..."
3063 3171 3389 3201 ...Ἵππων
3415 3171 3507 3181 η...
3547 3171 3613 3198 ,τ
3634 3171 3726 3180 -.-.

2170 3229 2366 3282 τάντων
2399 3227 2596 3280 διδόναι
2627 3223 2763 3294 Θεῷ.
2810 3222 2932 3276 Οὐδ’
2960 3221 3132 3285 οὑτως
3164 3219 3369 3290 ἠλίθιος
3398 3215 3487 3292 ἦν,
3516 3219 3593 3283 ὡς
3635 3217 3726 3272 τὸν

481 3316 580 3356 nos
622 3310 833 3369 oportet
879 3302 1192 3357 existimare
1241 3319 1346 3358 non
1378 3305 1555 3358 minus
1593 3303 1906 3360 Marcellum
1965 3305 2048 3360 di-

2170 3320 2227 3391 ιὴ
2250 3317 2532 3387 ὑφεστῶτα
2554 3316 2740 3385 λόγον,
2769 3313 2896 3367 Υίὸν
2913 3313 3047 3366 Θεοῦ
3067 3313 3270 3367 καλεῖν.
3294 3312 3512 3382 Διόπερ,
3537 3307 3730 3362 mea.

482 3398 694 3444 centem
733 3391 942 3454 audire,
980 3407 1144 3461 quam
1180 3391 1496 3450 Sabellium.
1537 3394 1648 3450 Nisi
1697 3395 1836 3450 forte
1864 3396 2046 3451 riden-

2170 3429 2259 3474 .ιος
2314 3411 2409 3463 ἕνα
2465 3408 2596 3461 Θεὸν
2649 3405 2840 3470 εἰπὼν,
2895 3404 2987 3457 τὸν
3046 3403 3104 3456 δὲ
3151 3403 3279 3456 Υίὸν
3325 3401 3723 3474 ἀρνησάμενος,

481 3483 606 3536 dum
650 3482 866 3538 volebat
896 3483 1189 3538 Sabelliutn
1235 3484 1520 3540 Marcellus
1560 3487 1880 3555 propinare;
1921 3488 2048 3557 quia

2170 3502 2433 3574 ιπομένως
2469 3503 2536 3570 τῇ
2582 3497 2730 3568 αὑτῷ
2759 3495 2975 3568 δοθείσῃ
3011 3493 3282 3557 ὑποθέσει,
3310 3493 3400 3545 τὸν
3431 3491 3592 3544 αὑτὸν
3616 3490 3727 3542 Πα-

483 3591 590 3629 non
641 3575 896 3642 audebat,
959 3577 1101 3646 quod
1150 3591 1315 3633 ausus
1341 3587 1425 3632 est
1480 3579 1612 3646 ipse,
1648 3578 1880 3633 Verbum
1922 3580 2050 3634 illud

2170 3594 2283 3661 τέρα
2305 3586 2442 3643 εἶναι
2462 3591 2555 3641 καὶ
2571 3585 2696 3640 Υίὸν
2719 3585 2940 3654 ἔφασκε.
2959 3581 3276 3654 Μάρκελλος
3296 3581 3351 3633 δὲ
3370 3579 3500 3651 (65),
3526 3577 3724 3648 ὁμοίως

483 3666 579 3720 Dei
618 3666 966 3721 indicativum
986 3708 1002 3732 ,
1047 3671 1192 3737 quod
1232 3669 1504 3724 existimat
1561 3679 1766 3724 tantum
1786 3709 1802 3736 ,
1852 3670 2048 3726 Filium
2153 3681 2346 3750 ἐκείνῳ
2370 3679 2427 3732 ἓν
2453 3678 2546 3730 καὶ
2569 3675 2764 3730 ταὺτὸν
2794 3669 2930 3727 εἶναι
2966 3671 3056 3724 τὸν
3077 3670 3229 3735 Θεὸν,
3265 3669 3358 3723 καὶ
3379 3668 3468 3721 τὸν
3495 3670 3554 3721 ὲν
3575 3665 3729 3735 αὐτῷ

483 3759 578 3814 Dei
620 3759 920 3815 nominare.
963 3760 1123 3816 Certe
1174 3777 1280 3816 non
1331 3777 1397 3816 eo
1424 3762 1666 3832 prorupit
1711 3762 1757 3816 is
1803 3763 2048 3828 ἱηειιιιὶιν,

2170 3767 2325 3835 λόγον
2358 3763 2551 3827 διδοὺς,
2589 3763 2764 3833 μάτην
2792 3759 3052 3828 ἐσφάλθαι
3079 3757 3166 3810 τὸν
3191 3755 3496 3817 Σαϐέλλιον,
3530 3755 3650 3826 οὑχὶ
3671 3754 3728 3805 δὲ

485 3859 545 3903 ιιι
578 3864 908 3917 sermonem,
963 3867 1058 3921 per
1109 3853 1290 3906 omnia
1327 3853 1566 3906 humano
1615 3853 1947 3907 simillimum
1990 3859 2048 3917 >3

2170 3859 2249 3912 καὶ
2275 3856 2464 3910 ἑαυτὸν
2491 3853 2759 3925 ὁμολογεῖ.
2805 3851 2876 3905 Ἣ
2925 3849 3035 3921 γὰρ
3071 3849 3318 3902 κάκεῖνον
3367 3843 3728 3916 ἀποδέχεσθαι

485 3941 598 3996 Deo
623 3940 862 3996 omnium
911 3956 1167 4009 supremo
1201 3941 1426 3995 auderet
1456 3941 1751 4018 ascribere.
1803 3941 1909 3995 Sed
1953 3955 2054 3995 nec

2170 3945 2375 4020 ίρῆννῆ
2408 3947 2502 3998 καὶ
2540 3940 2702 3998 αὑτὸν
2741 3939 3050 4012 μέμφεσθαι
3076 3953 3090 3967 °
3125 3939 3160 4008 ἢ
3201 3937 3550 4009 μεμφόμενον
3589 3936 3730 3988 έκεῖ-

483 4045 551 4086 eo
576 4031 821 4087 stultitiae
849 4032 1085 4093 devenit,
1115 4041 1174 4085 ut
1209 4031 1434 4086 verbum
1468 4031 1684 4101 aliquod
1737 4048 1842 4086 non
1875 4032 2054 4086 subsi-

2170 4057 2271 4106 νον,
2307 4038 2406 4110 τὴν
2444 4036 2635 4107 ὁμοίαν
2669 4032 2818 4104 αὑτῷ
2858 4030 3178 4097 κακοδοξίαν
3217 4027 3600 4100 ἐκτρέπεσθαι,
3637 4026 3736 4079 καὶ

486 4141 657 4197 alens,
703 4129 901 4184 Filium
955 4130 1049 4183 Dei
1079 4128 1403 4182 nominaret.
1459 4126 1723 4193 Quocirca
1759 4129 1850 4196 qui
1891 4143 2054 4181 unum

2170 4128 2236 4200 μὴ
2265 4123 2700 4198 ἀνδριαντοποιοῦ
2738 4122 2894 4191 δίκην
2931 4117 3278 4173 ὑποτίθεσθαι
3319 4116 3410 4170 τὸν
3456 4114 3611 4180 Θεὸν,
3663 4117 3735 4186 τῇ

486 4221 621 4277 dixit
661 4221 828 4275 Deum
876 4219 1163 4286 Sabellius,
1216 4216 1409 4273 Filium
1433 4232 1560 4271 vero
1593 4217 1898 4286 abnegavit,
1929 4234 2054 4271 con-

2170 4218 2352 4273 ἑαυτοῦ
2393 4217 2687 4287 ὲνθυμήσει
2715 4214 2808 4267 καὶ
2832 4211 2908 4282 τῷ
2936 4211 3050 4281 ἰδίῳ
3070 4207 3316 4279 λογισμῷ
3357 4204 3738 4278 προσδιαλεγός

483 4323 812 4384 sequenter,
870 4313 1161 4368 secundum
1213 4326 1366 4366 suam
1419 4310 1838 4378 suppositionem
1908 4324 2054 4362 eum-

2170 4328 2344 4384 μενον,
2378 4309 2538 4363 αὑτόν
2565 4325 2623 4361 τε
2654 4304 2830 4376 ἑαυτῷ
2865 4301 3366 4376 παρακελευόμενον
3389 4300 3588 4369 λέγειν,
3616 4297 3735 4370 (66)

482 4406 602 4460 dem
657 4404 944 4461 aﬂirmavit
969 4403 1207 4466 Patrem,
1242 4415 1401 4471 quem
1441 4408 1497 4454 et
1533 4398 1749 4454 Filium.
1781 4398 2054 4453 Marcellus

2170 4404 2299 4471 Ι’Λγε
2343 4400 2678 4468 ποιήσωμεν,
2722 4394 2823 4463 ἀγε
2869 4392 3162 4462 πλάσωμεν
3209 4388 3525 4460 ἀνδριάντα.
3581 4386 3738 4442 Οὕτω

484 4513 612 4553 vero
642 4500 734 4569 qui
771 4497 994 4562 perinde
1048 4505 1212 4565 atque
1260 4494 1347 4548 ille
1381 4495 1546 4548 Deum
1591 4507 1756 4546 unum
1807 4491 2054 4560 idemque

2170 4493 2272 4562 γὰρ
2293 4492 2386 4544 καί⁵
2406 4489 2495 4542 τὸν
2505 4487 2636 4539 Θεὸν
2652 4483 2928 4556 εἰρηκέναι
2941 4483 3023 4546 τὸ,
3040 4480 3390 4549 Ποιήσωμεν
3405 4481 3738 4548 ἄνθρωπον,

484 4591 756 4646 statuebat
784 4605 906 4646 cum
942 4587 1119 4644 Verbo
1144 4603 1264 4650 suo,
1293 4587 1474 4654 inepte
1503 4595 1727 4640 accusat
1752 4583 2051 4639 Sabellium

483 4683 708 4749 erroris,
737 4698 958 4752 prorsus
985 4683 1085 4737 nisi
1119 4697 1178 4736 se
1203 4691 1257 4735 et
1285 4695 1498 4734 errasse
1523 4679 1777 4733 fateatur.
1809 4677 1941 4731 Nam
1975 4676 2058 4730 vel

487 4789 611 4830 cum
656 4775 890 4828 Sabellio
921 4775 1242 4842 conspirare
1293 4772 1546 4836 debebat,
1585 4770 1671 4825 vel
1701 4771 2054 4837 semetipsum

486 4869 840 4936 redarguere,
882 4877 974 4920 aut
1013 4868 1057 4922 si
1110 4866 1438 4934 redarguere
1479 4862 1778 4918 Sabellium
1819 4858 2055 4922 volebat,

486 4962 730 5016 eamdem
778 4975 996 5030 pravam
1031 4977 1181 5015 suam
1229 4959 1477 5012 hmresitn
1521 4954 1774 5023 abjurare
1803 4967 1927 5008 eum
1967 4953 2060 5006 de-

486 5055 602 5110 cuit
640 5069 654 5106 :
697 5068 798 5108 nec
847 5053 1138 5108 admodum
1195 5051 1426 5120 alicujus
1471 5057 1667 5103 statuae
1718 5043 2057 5108 conllatoris,

489 5148 656 5202 Deum
697 5161 1000 5217 supponere
1038 5146 1455 5213 colloquentem,
1488 5156 1609 5194 cum
1640 5154 1736 5194 sua
1761 5135 2056 5191 ratiocina-

495 5242 661 5302 tione,
706 5248 762 5294 et
809 5239 972 5292 animi
1030 5239 1111 5292 sui
1170 5232 1574 5302 intelligentia:
1619 5233 1904 5299 ipsumque
1958 5221 2060 5277 sibi

495 5329 595 5398 ipsi
620 5332 972 5401 imperantem
1003 5329 1346 5384 introducere
1375 5327 1440 5380 ad
1476 5325 1617 5379 hunc
1658 5320 1875 5378 modum
1910 5334 1923 5370 :
1957 5315 2062 5370 Fac

581 5475 642 5534 ὦ
676 5472 773 5527 Ed.
795 5471 992 5538 Paris.,
1020 5487 1143 5542 pag.
1181 5468 1271 5525 80.

570 5632 679 5773 ἓϐἕ)
711 5633 880 5700 Vulgo
905 5633 1102 5704 ὁμοίως
1133 5630 1281 5702 αὑτῷ
1306 5639 1356 5685 el
1377 5627 1532 5681 ἀποδ.
1562 5628 1749 5698 ἐχρῆν.

592 5703 679 5773 66)
715 5706 844 5773 Ἄγε
882 5704 1249 5772 ποιήσωμεν.
1288 5701 1592 5773 Legcnd’um
1629 5699 1749 5768 -ποιή

592 5699 679 5774 66)
715 5699 844 5773 Ἄγε
882 5699 1263 5772 πὸιήσωμενί
1288 5701 1592 5774 Legcnd’um
1629 5699 1974 5774 ποιήσωμεν,
2012 5704 2068 5774 ut

504 5767 635 5828 altas
662 5767 932 5840 'ltalietur,
979 5767 1158 5829 statim
1195 5789 1290 5844 pro
1331 5767 1632 5841 μηδέποτε,
1681 5767 1903 5824 restitue
1942 5767 2069 5820 ποτὲ

2164 4587 2287 4656 ἔφη,
2318 4582 2450 4655 μηδὲ
2461 4580 2590 4634 ποτε
2621 4578 2719 4649 μὲν
2739 4576 3056 4636 ἐνδιάθετον,
3081 4574 3156 4637 ὼς
3178 4571 3545 4644 ἐπ’ἀνθρώπῳ
3559 4572 3738 4641 λόγον,

2166 4675 2295 4730 ποτὲ
2335 4674 2392 4726 δὲ
2417 4668 2772 4742 σημαντικὸν,
2789 4667 2864 4730 ὡς
2879 4666 2970 4720 τὸν
3005 4668 3061 4718 έν
3084 4667 3213 4736 ἡμῖν
3241 4662 3571 4734 προφορικὸν
3594 4703 3609 4725 ,
3645 4661 3745 4714 καὶ

2167 4773 2223 4823 ὲν
2260 4768 2338 4840 τῷ
2353 4764 2473 4835 Θεῷ
2502 4760 2865 4817 ὑποτίθεσθαι.
2900 4758 3086 4813 Ταῦτα
3110 4757 3218 4828 γὰρ
3248 4754 3532 4808 Σαϐελλίου
3559 4755 3745 4827 ἢΊου-

2166 4859 2333 4914 δαίων
2363 4856 2506 4919 τινὸς
2539 4853 2649 4906 τῶν
2674 4852 2764 4906 τὸν
2797 4851 2926 4905 Υἱὸν
2957 4848 3052 4901 τοῦ
3093 4846 3227 4900 Θεοῦ
3264 4842 3748 4916 ἀπαρακαλύπτως

2166 4949 2510 5022 ἀρνουμένων
2525 4944 2748 5000 ἀνεκτὸν
2771 4938 2839 5014 ἦν
2873 4940 3070 5012 μᾶλλον
3089 4936 3120 5008 ἢ
3141 4932 3464 5006 Χριστιανοῦ
3497 4932 3748 5000 λέγοντος

2167 5039 2405 5096 ἀκούειν.
2446 5039 2504 5093 '0
2526 5038 2593 5104 δ’,
2613 5037 2801 5106 ὥσπερ
2821 5025 3358 5102 ὲγκῖιλλωπιζόμενος
3385 5027 3451 5096 τῇ
3481 5024 3748 5094 Ἰουδαϊκῇ

2165 5130 2499 5202 διδασκαλίᾳ,
2525 5131 2590 5200 τῇ
2615 5125 2914 5197 Ἐκκλησία⁸
2940 5117 3175 5192 Χριστοῦ
3206 5117 3334 5187 περί
3374 5116 3467 5169 τοῦ
3510 5116 3584 5186 μὴ
3611 5109 3756 5168 εἶναι

2165 5225 2258 5278 τὸν
2292 5223 2417 5276 Υίὸν
2458 5220 2552 5274 τοῦ
2594 5218 2750 5283 Θεοῦ,
2799 5215 2860 5269 τὸ
2906 5210 3164 5272 δυσσεϐὲς
3221 5208 3371 5260 τουτὶ
3432 5206 3526 5259 καὶ
3590 5203 3753 5258 ἄθεον

2172 5315 2380 5385 εἰσάγει
2412 5313 2608 5383 δόγμα,
2642 5309 2751 5381 πρὸ
2785 5306 2881 5360 τοῦ
2923 5305 3016 5356 τὸν
3050 5301 3253 5370 κόσμον
3294 5296 3547 5367 γενέσθαι
3584 5293 3753 5365 μηδὲν

2223 5621 2299 5674 έν.
2341 5618 2412 5672 Μ.
2432 5648 2502 5658 -
2519 5615 2690 5683 Vulgo
2721 5625 2881 5683 supra
2915 5607 3266 5683 πλάσσωμεν.
3289 5600 3407 5683 hic;
3431 5598 3606 5683 vttlgo_

2449 5697 2503 5740 et
2535 5668 2687 5763 ἐκκλ.
2718 5668 2813 5740 τοῦ
2843 5698 2930 5752 χρ.
2966 5689 3018 5737 et
3048 5668 3157 5730 τοῦ
3176 5668 3670 5744 ποιηθέντοςηαῦῒῷ
3699 5678 3762 5730 et.

2179 5755 2502 5825 παραδεδειγ
2510 5755 2687 5826 μένον.
