4088 6440
375 397 480 455 861
1334 401 1423 456 DE
1469 397 2008 457 ECCLESIASTICA
2048 395 2445 455 THEOLOGIA
2484 395 2611 453 LIB.
2652 395 2692 455 I.
3537 403 3643 458 8C2

376 516 564 588 ἕτερον
598 514 736 573 εἶναι
774 520 910 592 πλὴν
943 521 1076 575 Θεοῦ
1113 523 1297 594 μόνου,
1325 522 1391 575 δι’
1422 522 1542 575 ὅλου
1571 520 1665 573 τοῦ
1702 520 1961 591 πονηθέν-
1988 575 1990 580 ,

2027 565 2034 582 ι
2064 521 2271 575 ciamus
2301 518 2551 586 agedum,
2596 519 2822 586 agedum
2861 518 3143 585 ﬁngamus,
3202 535 3303 589 age
3335 521 3563 579 conllem
3578 536 3641 575 us

374 626 469 672 τος
488 610 636 680 αὐτῷ
663 613 1088 684 συγγράμματος
1110 614 1550 678 κατασκευάζων,
1575 614 1640 666 ἵν’
1657 613 1954 685 ἀποκλείσῃ

2062 620 2318 665 statuam.
2350 610 2425 662 Ita
2458 610 2602 663 enim
2633 611 2889 678 supponit
2926 613 3089 664 Deum
3135 612 3424 683 aliquand’o
3452 617 3630 685 prolo-

310 700 313 701 ⁷
370 701 452 771 τῷ
496 703 609 774 Υξῷ
654 704 750 775 τὴν
803 707 1053 777 πάροδον.
1101 708 1259 761 Ἀλλά
1290 708 1384 760 καὶ
1417 705 1737 776 σεμνύνεται
1771 704 1919 774 αὐχῶ

2059 711 2264 764 culum,
2299 698 2585 753 Faciamus
2615 701 2875 753 hominem
2903 702 2968 755 ⁷⁷.
2995 702 3268 771 Nusquam
3293 715 3444 759 certe
3479 713 3632 760 vocat

373 794 473 846 ἕνα
528 794 659 849 Θεὸν
705 796 920 849 εἰδέναι·
972 799 1047 862 ὡς
1104 799 1222 868 οὐχ).
1274 799 1367 851 καὶ
1395 798 1551 868 ἡμῶν
1577 797 1734 850 τοῦτο
1766 797 1952 864 λεγόν-

2059 793 2292 847 Verbum
2331 793 2474 845 intus
2494 778 2874 857 constitutum,
2904 798 3173 862 quomodo
3206 795 3354 863 loqui
3391 811 3506 849 mos
3539 805 3631 850 est

369 903 504 948 των,
536 886 627 939 τὸν
654 888 782 942 Υἱὸν
828 890 921 942 τοῦ
952 890 1084 943 Θεοῦ
1120 890 1333 960 ἀληθῶς
1372 890 1500 942 Υἰὸν
1546 885 1685 942 εἶναι
1715 888 1950 960 παραδε-

2146 885 2425 937 humanis:
2453 896 2507 937 at
2544 886 2811 939 interdum
2855 897 3008 939 vocat
3044 888 3416 951 indicativum,
3457 889 3631 942 simile
3738 889 3740 893 ’

372 978 693 1049 δειγμένων,
733 984 862 1052 παρ’
880 982 1041 1034 αὐτοῦ
1057 1000 1205 1053 τεεμε
1214 982 1535 1053 μαθηκότων
1554 983 1648 1035 ἕνα
1664 981 1950 1052 γνωρίζειν

2054 978 2239 1033 limum
2274 988 2459 1032 nostro
2489 980 2651 1033 verbo
2676 980 2967 1049 prolatitio.
3000 981 3153 1034 Esset
3178 981 3281 1035 hoc
3311 982 3364 1034 in
3394 980 3630 1035 Sabellio

371 1069 527 1136 Θεὸν,
563 1073 723 1126 αὐτόν
754 1092 813 1126 τε
836 1070 973 1129 εἶναι
997 1075 1127 1129 Θεὸν
1161 1076 1296 1146 ὁμοῦ
1319 1078 1413 1130 καὶ
1435 1075 1655 1146 Πατέρα
1675 1072 1786 1144 (67)
1817 1072 1946 1125 Υἱοῦ

2054 1072 2272 1140 quidem
2349 1072 2668 1126 tolerabile:
2702 1073 2783 1125 vel
2830 1075 2879 1126 in
2914 1073 3221 1128 Judworum
3290 1073 3472 1146 aliquo
3534 1073 3627 1143 qui

367 1162 466 1214 τοῦ
501 1165 844 1233 μονογενοῦς,
872 1168 1065 1221 ἑαυτοῦ
1081 1169 1286 1239 δηλαδὴ
1298 1169 1449 1231 ὄντος
1463 1168 1563 1239 ἀλη
1571 1167 1675 1230 θῶς
1690 1165 1820 1219 Υἱοῦ
1845 1164 1949 1236 πρὸ

2052 1165 2168 1219 sine
2200 1164 2647 1231 tergiversatione
2678 1165 2852 1233 aliqua
2890 1166 3082 1219 Filium
3108 1166 3198 1218 Dei
3232 1173 3627 1236 pernegaturus

368 1253 590 1309 πάντων
621 1255 830 1310 αἰώνων
865 1257 924 1321 ἐξ
960 1258 1124 1313 αὐτοῦ
1149 1258 1539 1330 γεγενημένου,
1566 1260 1660 1310 καὶ
1688 1256 1748 1310 οὐ
1789 1256 1946 1326 μόνον

2051 1265 2192 1309 esset
2230 1278 2244 1311 :
2282 1267 2337 1309 at
2370 1258 2490 1325 quis
2528 1258 2641 1312 haec
2670 1258 2937 1311 dicentem
2965 1256 3335 1312 Christianum
3362 1258 3534 1312 ferat?
3560 1258 3629 1312 At

366 1345 544 1414 Λόγου
589 1348 924 1418 κεκλημένου
976 1350 1083 1421 πρὸ
1114 1350 1210 1420 τῆς
1252 1349 1565 1419 ἀναλήψεως
1596 1348 1693 1418 τῆς
1724 1347 1945 1418 σαρκὸς,

2054 1348 2143 1402 ille
2191 1349 2348 1402 veluti
2388 1350 2476 1419 qui
2534 1350 2856 1420 gloriaretur
2905 1350 3333 1415 de‘Judaismo,
3398 1350 3625 1419 impium

367 1438 506 1509 ὅπερ
534 1440 562 1490 ό
592 1441 837 1507 γενναῖος
878 1441 1193 1512 διορίζεται,
1244 1440 1379 1493 ἀλλά
1417 1440 1511 1492 καὶ
1555 1438 1727 1510 μυρία
1760 1438 1943 1507 ἔτερα,

2053 1441 2245 1511 dogma
2284 1452 2446 1509 atque
2485 1444 2706 1496 atheum
2748 1442 3044 1496 introducit
3095 1442 3145 1495 in
3185 1440 3505 1506 Ecclesiam,
3539 1441 3627 1494 Fi-

365 1531 397 1581 ὁ
415 1531 471 1583 δὲ
506 1529 611 1583 κᾶν
641 1531 833 1602 τούτῳ,
862 1534 961 1603 τῆς
984 1532 1135 1597 θείας
1154 1534 1380 1605 Γραφῆς
1407 1532 1821 1603 καταψεύδεται,
1841 1532 1947 1603 πρὸ

2054 1533 2182 1587 lium
2210 1535 2301 1589 Dei
2326 1536 2637 1604 neutiquam
2670 1537 2964 1599 exstitisse,
3011 1546 3138 1588 ante
3182 1533 3365 1587 mundi
3420 1533 3624 1603 produ-

364 1624 468 1694 τῆς
524 1625 790 1697 ὲνσάρκου
849 1627 1152 1697 παρουσίας
1205 1627 1369 1698 μηδὲν
1407 1627 1594 1699 ἕτερον
1648 1626 1943 1697 κεκλῆσθαι

2054 1624 2283 1679 ctionem
2315 1645 2327 1679 :
2362 1642 2482 1679 cum
2511 1627 2627 1680 solo
2658 1626 2763 1680 Deo
2795 1638 3020 1695 excepto
3053 1625 3184 1680 nihil
3208 1626 3366 1695 plane
3389 1633 3625 1679 exstaret

367 1717 529 1771 αὑτὸν
552 1718 1038 1790 ἀπισχυριζόμενος
1065 1719 1097 1787 ἢ
1119 1718 1308 1787 Λόγον.

2054 1717 2171 1770 ibi:
2217 1719 2426 1786 hocque
2476 1719 2649 1788 ipsum
2700 1719 3074 1782 constabilire,
3113 1734 3210 1789 per
3256 1718 3446 1785 scripti
3478 1716 3624 1771 illius

369 1811 452 1865 sui
484 1826 794 1880 processum
824 1822 1053 1867 conatur
1088 1812 1402 1868 universum
1437 1830 1451 1866 :
1492 1813 1543 1866 in
1574 1828 1696 1868 eum
1749 1813 1934 1877 linem,
1971 1820 2029 1866 ut
2060 1812 2199 1868 Filio
2265 1830 2481 1867 omnem
2549 1815 2750 1868 aditum
2787 1814 2853 1867 ad
2899 1814 3309 1868 subsistentiam
3360 1811 3625 1867 interclu-

366 1908 480 1960 dat.
520 1905 624 1962 Sed
657 1917 711 1964 et
739 1909 961 1979 insuper
991 1912 1343 1966 vehementer
1377 1911 1655 1978 gloriatur.
1691 1924 1749 1964 se
1781 1925 1943 1963 unum
1987 1912 2359 1964 tantummodo
2405 1912 2568 1965 Deum
2640 1926 2969 1981 agnoscere:
3033 1911 3189 1980 quasi
3224 1912 3326 1965 hoc
3372 1926 3469 1964 nos
3518 1924 3625 1963 non

366 2001 750 2056 conﬁteremur
780 2018 902 2058 cum
927 2005 1040 2069 illo,
1070 2005 1161 2074 qui
1194 2014 1371 2059 tamen
1406 2005 1496 2059 Dei
1529 2020 1714 2060 revera
1745 2004 1940 2059 Filium
1981 2019 2104 2060 esse
2156 2007 2489 2073 accepimus,
2537 2016 2590 2060 et
2649 2006 2717 2059 ab
2756 2008 2984 2073 ipsemet
3026 2006 3190 2059 etiam
3254 2005 3395 2060 Filio
3459 2020 3627 2058 unum

364 2094 533 2149 Deum
566 2112 864 2167 agnoscere
898 2099 1076 2154 edocti
1116 2100 1339 2162 fuimus.
1372 2100 1657 2169 ipsumque
1691 2100 1856 2153 Deum
1878 2114 1997 2155 esse
2037 2101 2197 2154 simul
2220 2112 2381 2171 atque
2402 2100 2613 2155 Patrem
2643 2100 2763 2154 Filii
2790 2102 3078 2171 unigeniti,
3109 2102 3192 2154 sui
3216 2115 3410 2171 nempe
3430 2101 3626 2170 ipsius,

363 2189 457 2257 qui
491 2205 587 2244 nos
626 2191 704 2245 sic
730 2192 931 2257 docuit,
976 2194 1066 2262 qui
1117 2209 1241 2249 vere
1280 2176 1445 2248 Filius
1485 2194 1784 2249 exsistebat
1810 2204 1937 2248 ante
1983 2195 2163 2250 omnia
2207 2195 2426 2259 saecula,
2469 2197 2535 2250 de
2570 2195 2662 2250 illo
2713 2196 2875 2250 Patre
2932 2197 3166 2266 genitus,
3192 2210 3351 2265 quem
3390 2211 3495 2250 non
3531 2211 3621 2249 so-

364 2283 473 2337 lmn
517 2284 752 2339 Verbum
825 2289 1148 2356 compellare
1198 2287 1437 2343 solemus
1468 2330 1483 2353 ,
1536 2289 1699 2343 etiam
1737 2297 1863 2343 ante
1904 2300 2211 2358 susceptam
2238 2305 2478 2354 carnem,
2515 2291 2590 2345 uti
2621 2290 2769 2342 illum
2815 2287 3218 2343 circumscribit
3281 2289 3457 2343 bonus
3520 2288 3628 2341 iste

360 2381 467 2444 vir,
504 2381 596 2435 sed
630 2382 808 2437 multis
837 2382 955 2438 aliis
990 2384 1302 2438 nominibus
1331 2423 1345 2446 ,
1400 2385 1492 2452 qui
1559 2384 1661 2438 hoc
1721 2384 1835 2453 ipso
1885 2383 2150 2438 mendacii
2213 2383 2457 2454 coarguit
2486 2382 2845 2452 Scripturam,
2892 2382 3016 2436 dum
3071 2382 3445 2437 vehementius
3478 2395 3626 2436 asse-

358 2482 516 2527 verat
568 2473 716 2529 illum
765 2475 910 2531 nullo
941 2475 1047 2530 alio
1094 2476 1315 2530 nomine
1370 2476 1644 2531 exstitisse
1674 2484 1885 2543 notum,
1917 2484 2046 2529 ante
2077 2489 2230 2529 suam
2265 2475 2718 2529 incarnationem.

999 2572 1155 2623 ΚΕΦ.
1197 2573 1303 2624 IH’.
1974 2577 2018 2624 R
2580 2576 2613 2624 ἦ

1974 2577 2018 2624 Β
2580 2576 2638 2624 >14
2668 2568 2821 2624 CAP.
2875 2567 3053 2623 XVIII.

1000 2576 1155 2623 ΚΕΦ.
1197 2576 1303 2624 IH'.

358 2657 561 2731 Ὀίτως
606 2659 720 2726 πρὸ
767 2658 880 2731 Ξῆς
929 2661 1436 2729 ἑνανθρωπήσεως
1506 2661 1687 2716 οὐδὲν
1736 2662 1944 2730 ἕτερον

2010 2583 2018 2629 ε
2580 2576 2638 2639 ἧς
2668 2576 2821 2624 CAP.
2876 2576 3054 2623 xvm.

2047 2664 2202 2730 Quod
2233 2663 2448 2731 afﬁrmet
2498 2659 2695 2714 Filium
2727 2670 2846 2711 ante
2875 2667 3201 2731 assumptum
3242 2674 3450 2715 carnem
3492 2657 3624 2731 nihil

429 2726 886 2801 {gdaxsrhslrat
916 2732 1021 2784 τὸν
1068 2726 1203 2785 Υίὸν
1228 2726 1275 2800 ἦ
1296 2726 1509 2801 Λόγον,
1556 2732 1716 2797 αὐτῷ
1750 2726 1944 2801 μόῶον

2052 2726 2088 2730 '-
2114 2726 2331 2800 prors'us
2367 2732 2514 2784 aliud
2547 2731 2805 2784 exstitisse
2827 2745 2985 2797 quam
3037 2727 3280 2789 Verbum,
3316 2728 3618 2782 consimilib-

429 2798 636 2865 ὅμοιον
662 2799 742 2865 τῷ
768 2801 902 2869 παρ’
927 2798 1278 2869 ἀνθρώποις.
1387 2798 1395 2801 Ἴ
1752 2798 1764 2801 -

1752 2798 1764 2801 “
2114 2798 2261 2855 inum
2285 2802 2515 2854 humano
2546 2803 2721 2854 verba.
3211 2803 3213 2808 ’

441 2888 774 2942 Ἐπάκουσον
820 2888 972 2956 γοῦν,
1015 2890 1091 2952 ὡς
1127 2882 1561 2955 διαϐεϐαιοῦται,
1610 2889 1792 2951 αὐτοῖς
1843 2888 1943 2958 ῥή-

2116 2895 2252 2949 Audi
2275 2906 2457 2948 autem
2476 2893 2747 2963 quomodo
2762 2893 2863 2946 hoc
2884 2892 3057 2962 ipsum
3076 2891 3290 2952 doceat,
3312 2890 3437 2944 dum
3457 2890 3626 2945 diser-

363 2997 493 3051 μασι
544 2980 730 3035 τοῦτον
770 2982 998 3053 γράφων
1038 2982 1129 3035 τὸν
1168 2982 1401 3053 τρόπον·
1458 3001 1477 3033 (
1525 2982 1685 3035 Ὥστε
1736 2996 1941 3033 παντα-

2044 2985 2115 3040 tis
2139 2986 2357 3054 quidem
2384 2984 2564 3038 verbis
2584 2984 2655 3038 ita
2690 2983 2880 3038 scribit
2910 2981 3001 3055 [Β.
3024 2981 3293 3053 XXXVII]
3320 2998 3362 3034 τι
3387 2981 3534 3034 Adeo
3565 2990 3625 3035 ut

364 3095 383 3127 ‹
431 3075 585 3146 χόθεν
620 3075 729 3146 (68)
768 3078 883 3129 ἐστὶ
924 3075 1104 3145 δῆλον,
1139 3077 1302 3148 μηδὲν
1337 3076 1522 3147 ἕτερον
1563 3077 1629 3146 τῇ
1678 3074 1941 3145 ἀῑδιότητι

2050 3095 2069 3128 σ
2115 3076 2269 3146 plane
2291 3076 2438 3131 omni
2458 3077 2617 3130 modo
2649 3075 2995 3131 manifestum
3022 3077 3204 3141 fuerit,
3224 3075 3428 3130 nullum
3460 3074 3622 3129 alium

366 3186 383 3216 ι
428 3164 522 3218 τοῦ
546 3165 716 3234 Λόγου
748 3165 1037 3237 ἁρμόττειν
1064 3165 1252 3235 ὄνομα,
1292 3165 1325 3234 ἦ
1354 3164 1521 3230 τοῦθ’,
1555 3164 1691 3234 ὅπερ
1714 3166 1743 3216 ὁ
1774 3162 1943 3231 ἁγιώ-

2048 3183 2069 3216 ι
2113 3180 2306 3221 nomen
2333 3165 2618 3220 aeternitati
2643 3163 2800 3219 Verbi
2818 3166 3202 3221 convenienter
3224 3166 3622 3229 ascribendum,

363 3279 382 3311 ι
428 3276 587 3321 τατος
620 3257 713 3311 τοῦ
746 3257 879 3310 Θεοῦ
925 3256 1172 3326 μαθητὴς
1211 3256 1305 3308 καὶ
1337 3255 1633 3317 ἀπόστολος
1668 3254 1940 3325 Ἰωάννης,

2048 3278 2066 3309 ι
2111 3274 2269 3328 quam
2296 3259 2398 3312 hoc
2423 3257 2619 3327 ipsum,
2645 3259 2787 3328 quod
2818 3273 2847 3310 a
2879 3258 3221 3313 sanctissimo
3256 3257 3349 3312 Dei
3378 3257 3626 3327 apostolo

363 3370 382 3402 σ
430 3352 486 3403 ὲν
538 3352 676 3421 ἀρχῇ
727 3349 821 3402 τοῦ
876 3347 1209 3416 Εὑαγγελίου
1260 3347 1501 3419 εἴρηκεν.
1560 3345 1778 3416 Ἐπειδὴ
1834 3345 1939 3416 γὰρ

2049 3368 2068 3399 ι
2111 3360 2165 3403 et
2194 3350 2461 3417 discipulo
2505 3348 2737 3415 Joanne,
2789 3349 2840 3402 in
2881 3351 3152 3419 principio
3182 3349 3401 3418 ponitur
3439 3348 3621 3403 Evan-

366 3462 383 3493 ε
435 3442 572 3512 μετά
618 3441 715 3513 τὴν
761 3441 861 3511 τῆς
916 3440 1116 3511 σαρκὸς
1156 3439 1418 3509 ἀνάληψιν
1467 3437 1703 3508 Χριστός
1747 3454 1807 3488 τε
1850 3436 1943 3488 καὶ

2050 3460 2069 3493 ι
2109 3440 2253 3511 gelii.
2320 3440 2599 3511 Siquidem
2652 3442 2718 3506 is,
2779 3450 3285 3510 postassumplam
3352 3455 3619 3504 carnem,

363 3553 381 3584 ι
442 3533 646 3604 Ἰησοῦς
675 3532 1018 3604 κηρύττεται,
1050 3529 1160 3601 ζωή
1196 3547 1254 3582 τε
1289 3530 1381 3582 καὶ
1421 3529 1570 3594 ὁδὸς,
1626 3529 1720 3581 καὶ
1760 3528 1941 3598 ἡμέρα

2050 3551 2068 3583 ι
2108 3534 2354 3587 Christus
2392 3542 2447 3587 et
2471 3531 3232 3602 Jesusprmdicatur,vitaque
3255 3541 3311 3586 et
3341 3532 3448 3595 via,
3482 3532 3615 3596 dies,

366 3642 384 3673 ι
432 3624 523 3676 καὶ
557 3624 885 3688 ἀνάστασις,
932 3622 1027 3675 καὶ
1077 3620 1214 3691 θύρα
1280 3620 1373 3673 καὶ
1420 3620 1620 3691 ἄρτος,
1668 3619 1763 3671 καὶ
1810 3618 1862 3670 εί
1884 3635 1940 3671 τι

2050 3645 2066 3676 ι
2113 3625 2462 3689 resurrectio,
2500 3626 2722 3690 ostium,
2754 3624 2930 3695 panis,
2966 3635 3019 3681 et
3053 3640 3170 3694 quae
3193 3634 3390 3680 caetera
3422 3624 3495 3678 illi
3524 3638 3621 3679 no-

363 3733 381 3765 ι
429 3715 615 3785 ἕτερον
672 3714 776 3779 ὑπὸ
837 3713 947 3766 τῶν
995 3714 1153 3766 θείων
1202 3711 1516 3783 ὀνομάζοιτο
1572 3710 1821 3789 Γραφῶν,
1879 3710 1938 3764 οὐ

2050 3737 2066 3767 ι
2116 3717 2255 3771 mina
2317 3717 2369 3771 in
2430 3716 2727 3787 Scripturis
2794 3717 3162 3771 sacrosanctis
3223 3718 3612 3778 ascribuutur,

364 3827 382 3858 ι
434 3808 583 3878 παρά
637 3807 793 3860 τοῦτο
836 3808 1049 3875 ἀγνοεῖν
1104 3807 1250 3877 ἡμᾶς
1297 3807 1563 3874 προσήκει
1621 3804 1682 3857 τὸ
1728 3803 1942 3875 πρῶτον

2051 3829 2069 3863 ι
2117 3820 2293 3864 tamen
2334 3826 2440 3865 non
2472 3811 2728 3865 debemus
2773 3812 3044 3879 ignorare,
3079 3810 3239 3879 quod
3267 3809 3516 3878 princeps
3543 3807 3617 3862 illi

366 3923 384 3954 ι
432 3903 622 3972 ὄνομα,
657 3901 737 3953 ὅτι
777 3899 948 3967 Λόγος
990 3897 1099 3969 (69)
1144 3894 1236 3968 ἦν.
1279 3897 1378 3949 Διά
1407 3896 1565 3949 τοῦτο
1609 3895 1739 3966 γὰρ,
1774 3894 1869 3958 καὶ
1917 3896 1980 3966 ὁ(

2004 3916 2014 3969 ς
2053 3920 2071 3952 ι
2117 3915 2307 3959 nomen
2360 3899 2594 3955 Verbum
2647 3898 2842 3956 fuerat.
2876 3898 2957 3955 0b
3008 3900 3146 3980 hanc
3178 3899 3350 3968 ipsam
3398 3911 3618 3951 causam

362 4014 382 4046 ε
425 3995 728 4064 ἀγιώτατος
769 3991 1158 4062 εὐαγγελιστὴς
1188 3991 1280 4042 καὶ
1318 3989 1561 4061 μαθητὴς
1584 3988 1675 4042 τοῦ
1704 3986 1933 4058 Κυρίου,

2047 4010 2064 4043 ι
2107 3990 2479 4044 sanctissimus
2521 3989 2850 4059 evangelista
2907 3998 2960 4042 et
3024 3986 3318 4057 discipulus
3366 3985 3614 4050 Domini,

361 4107 380 4141 ι
427 4088 629 4158 σφόδρα
665 4084 980 4158 ἐγρηγορὼς
1011 4084 1089 4158 τῷ
1122 4082 1410 4154 πνεύματι,
1441 4081 1538 4152 τῆς
1571 4080 1776 4134 ἀνωθεν
1813 4097 1940 4150 μνηερ

2050 4098 2068 4131 σ
2113 4080 2264 4135 valde
2291 4081 2507 4149 quidem
2536 4081 2621 4134 ille
2646 4082 2837 4151 spiritu
2869 4081 3127 4151 vigilans,
3159 4081 3247 4133 ubi
3274 4078 3440 4143 illius,
3469 4076 3615 4146 quod

361 4201 379 4233 ι
427 4146 667 4251 μὸνεύων
952 4146 1072 4230 καὶ.
1100 4146 1322 4249 μηδενὸς
1361 4173 1472 4245 (70)
1494 4146 1939 4243 vvewtépoug’Eir

2049 4193 2067 4226 ι
2104 4185 2222 4229 erat
2245 4174 2312 4228 ab
2341 4175 2487 4233 omni
2520 4185 2667 4233 retro
2700 4174 3004 4229 aeternitate
3042 4173 3295 4242 principii
3339 4170 3612 4234 meminit,
3640 4164 3644 4169 ’

362 4292 379 4325 ι
426 4270 582 4343 ἀρχῇ
622 4267 702 4342 ἦν
728 4273 759 4325 ό
797 4271 1005 4339 Λόγος,
1051 4267 1176 4338 ἔφη,
1217 4265 1317 4331 καί
1357 4268 1390 4319 ὁ
1429 4265 1617 4331 Λόγος
1666 4259 1746 4331 ἦν
1789 4259 1938 4330 πρὸς

2048 4284 2066 4316 ι
2112 4280 2209 4319 nec
2238 4265 2464 4320 inferius
2491 4266 2846 4331 descendens,
2887 4265 2954 4319 1η
2988 4265 3267 4334 principio,
3304 4264 3461 4327 dixit,
3501 4270 3611 4316 erat

362 4385 380 4417 ι
424 4364 532 4419 τὸν
568 4361 737 4426 Θεὸν,
766 4361 863 4415 καὶ
905 4360 1048 4426 Θεὸς
1083 4356 1162 4430 ἦν
1199 4362 1230 4411 ό
1257 4359 1467 4426 Λόγος,
1503 4357 1590 4409 ἵνα
1619 4354 1767 4426 δείξῃ
1800 4353 1855 4405 εί
1881 4371 1934 4406 τι

2046 4375 2064 4407 ι
2115 4354 2376 4409 Verbum:
2408 4367 2456 4410 et
2510 4355 2729 4410 Verbum
2792 4366 2904 4409 erat
2943 4357 3083 4424 apud
3123 4356 3290 4407 Deum
3317 4370 3337 4405 :
3375 4364 3421 4407 et
3473 4353 3610 4406 Deus

364 4476 381 4504 σ
426 4456 610 4510 καινὸν
636 4456 731 4508 κα).
768 4452 1029 4523 νεώτερον
1056 4452 1246 4521 ὄνομα,
1278 4449 1418 4502 τοῦτ’
1458 4448 1564 4500 ἀπὸ
1599 4447 1696 4517 τῆς
1746 4445 1936 4515 καινῆς

2045 4468 2061 4499 ι
2099 4459 2208 4501 eral
2256 4448 2391 4502 illud
2443 4447 2670 4503 Verbum
2687 4449 2753 4512 ⁷⁸,
2810 4458 2865 4501 ut
2897 4449 2976 4502 sic
3015 4445 3352 4511 ostenderet,
3389 4446 3432 4499 si
3465 4446 3609 4513 quod

362 4569 381 4604 ι
428 4549 573 4620 αὑτῷ
621 4548 715 4602 καὶ
754 4546 881 4610 νέας
910 4543 1117 4615 ὑπῆρξε
1150 4541 1293 4596 κατά
1338 4542 1514 4611 σάρκα
1556 4538 1883 4607 οἰκονομίας.
1912 4555 1930 4587 ι

2045 4559 2062 4590 c
2104 4540 2247 4619 aliud
2276 4541 2341 4595 de
2364 4555 2501 4595 novo
2525 4551 2578 4594 et
2601 4541 2859 4595 novitium
2891 4539 2965 4593 illi
3002 4538 3362 4607 adaptabatur
3389 4551 3607 4601 nomen,

357 4643 466 4696 Καὶ
498 4641 625 4711 ἑξῆς
672 4639 943 4707 ἐπιλέγει·
987 4656 1004 4686 ι
1035 4634 1262 4696 Οὐκοῦν,
1309 4631 1415 4703 πρὸ
1461 4630 1560 4701 μὲν
1602 4627 1695 4681 τοῦ
1745 4626 1937 4680 κατελ-

2044 4650 2062 4682 ι
2107 4632 2231 4684 illud
2258 4632 2306 4685 ei
2341 4632 2656 4697 accessisse,
2692 4647 2719 4684 a
2753 4646 2888 4684 nova
2921 4630 3009 4682 illa
3038 4644 3134 4684 sua
3168 4627 3462 4683 secundum
3488 4642 3612 4681 car-

364 4757 382 4793 t
428 4736 537 4789 θεῖν
590 4733 684 4787 καὶ
735 4730 821 4784 διὰ
868 4730 965 4800 τῆς
1004 4727 1278 4798 Παρθένου
1322 4724 1611 4794 τεχθῆναι,
1659 4722 1829 4789 Λόγος
1868 4715 1934 4790 ἦν

2043 4741 2061 4774 ί
2105 4739 2224 4776 nem
2251 4723 2672 4791 dispensatione.
2725 4741 2743 4774 ›
2779 4719 2986 4787 Quibus
3014 4719 3264 4786 adjunxit
3290 4720 3343 4773 in
3377 4733 3610 4787 sequen-

352 4851 367 4880 ι
431 4830 607 4902 μόνον.
648 4827 823 4889 Ἐπεὶ,
854 4823 906 4874 τί
937 4821 1048 4891 (71)
1083 4820 1269 4890 ἓτερον
1300 4813 1390 4889 ἦν,
1425 4817 1530 4886 πρὸ
1561 4815 1655 4867 τοῦ
1701 4814 1799 4885 τὴν
1840 4814 1933 4865 ἀν-

2038 4812 2216 4870 ιὶὺυεε
2256 4834 2274 4866 ι
2312 4816 2579 4882 Quocirca
2608 4815 2921 4885 priusquam
2945 4814 3050 4867 huc
3079 4812 3146 4865 ad
3185 4828 3283 4866 nos
3313 4812 3606 4867 descende-

352 4943 368 4973 ι
428 4907 707 4991 θρωπίνην
732 4916 1019 4971 ἀναλαϐεῖν
1047 4914 1225 4984 σάρκα
1255 4910 1317 4962 τὸ
1353 4908 1610 4961 κατελθὸν
1642 4906 1728 4959 ἐπ’
1770 4904 1933 4975 ἐσχά-

2045 4927 2063 4958 ‹
2107 4916 2207 4971 ret,
2242 4917 2294 4962 et
2339 4909 2405 4961 de
2455 4908 2672 4977 Virgine
2712 4915 3046 4971 nasceretur,
3076 4903 3305 4983 Verbum
3341 4919 3440 4958 nec
3474 4918 3610 4972 prae-

352 5040 368 5067 ι
425 5032 534 5072 των
562 5012 670 5066 τῶν
712 5008 970 5083 ήμερῶν;
1012 5006 1086 5068 ὡς
1128 5004 1220 5056 καὶ
1255 5000 1417 5063 αὐτὸς
1460 4999 1686 5070 ἔγραφε.
1734 4997 1844 5049 Καὶ
1875 4996 1935 5048 τὸ

2041 5020 2060 5052 ι
2103 5014 2243 5055 terea
2276 5001 2563 5070 quidquam
2590 5000 2709 5055 fuit.
2737 5000 2868 5054 Nam
2897 5000 3022 5071 quid
3062 5007 3178 5052 erat
3199 4997 3339 5050 aliud
3358 5035 3373 5059 ,
3401 5009 3608 5063 quaeso,

352 5129 367 5158 ι
423 5105 683 5178 γεννηθὲν
710 5106 775 5156 ὲκ
823 5102 921 5172 τῆς
968 5097 1125 5167 ἁγίας
1160 5094 1456 5165 Παρθένου,
1497 5093 1647 5145 οὐδὲν
1679 5091 1865 5162 ἕτερον
1898 5090 1931 5159 ἦ

2043 5113 2059 5143 ‹
2106 5094 2412 5161 priusquam
2452 5093 2736 5145 humanam
2786 5103 3085 5147 assumeret
3119 5104 3358 5150 carnem,
3387 5087 3436 5140 id
3466 5085 3610 5154 quod

353 5223 369 5253 ‹
430 5201 665 5268 Λόγος.»
717 5195 828 5248 Καὶ
874 5192 1035 5246 πάλιν
1086 5187 1368 5258 ἐπιφέρει·
1425 5204 1442 5235 ‹
1478 5184 1747 5254 Πρότερον
1803 5183 1931 5255 γὰρ,

2043 5205 2060 5235 σ
2104 5186 2376 5241 descendit
2406 5185 2457 5238 in
2482 5184 2789 5239 novissimis
2822 5184 3046 5239 diebus?
3071 5181 3210 5253 quod
3246 5190 3299 5233 et
3334 5179 3504 5241 ipsum
3542 5177 3610 5231 ab

354 5308 370 5341 ι
428 5288 617 5358 ὥσπερ
663 5283 920 5351 πολλάκις
953 5281 1108 5352 ἔφην,
1136 5278 1285 5332 οὐδὲν
1316 5277 1497 5345 ἕτερον
1528 5272 1596 5346 ῆν
1630 5273 1663 5343 ἢ
1694 5274 1882 5342 Λόγος.
1908 5292 1927 5325 ›

2045 5295 2063 5328 ι
2103 5292 2168 5334 eo
2202 5278 2458 5348 scriptum
2483 5274 2798 5333 afﬁrmatur.
2828 5276 3131 5340 Enimvero,
3162 5269 3300 5341 quod
3326 5270 3392 5323 de
3422 5276 3609 5321 sancta

439 5436 498 5495 ᾖ(
536 5429 635 5486 Ed.
660 5427 1002 5495 Paris.,pag.
1026 5423 1111 5478 8|.
1163 5421 1207 5452 ⁷⁷
1242 5418 1375 5473 Gen.
1415 5435 1456 5483 ι,
1488 5415 1579 5469 26.
1653 5414 1700 5445 ’⁷⁸
1726 5411 1884 5469 Joan.
1910 5429 1949 5479 ι,
1984 5414 2034 5469 I.

433 5594 548 5667 (67)
578 5590 867 5667 Kell“?
888 5586 1274 5667 μετρῖενοιῖς·
1326 5582 1497 5667 Ρθιρι.
1536 5580 1936 5667 Ξεεεῖηέἔιξηιέει

2109 5586 2417 5667 (ἓὲίῖιηείξ
2448 5585 2608 5667 ῶνα..
2672 5652 2745 5667 .,
2936 5651 2949 5667 .

368 5642 923 5729 εοέιῖιζκιῐεῖἱῖῐὶἀτέρᾷ
956 5642 1086 5729 Υίιοῦ
1120 5656 1211 5729 τοῦ
1236 5642 1357 5726 μον.
1393 5661 1443 5707 et
1468 5642 1636 5729 ρειθῆ]
1679 5664 1802 5729 m_0x
1827 5642 1936 5702 τῶν

2111 5642 2222 5729 (τυ)
2250 5642 2380 5709 Post
2404 5660 2475 5729 in
2489 5671 2538 5707 ν.
2572 5655 2637 5707 ιι.
2662 5652 2917 5723 ὀνόματος
2935 5647 3176 5721 ἐμνήσθη
3193 5645 3273 5701 vel
3291 5642 3464 5701 simile
3480 5643 3614 5716 quid

370 5746 493 5790 ante
523 5732 753 5800 αἰώνων)
786 5720 1003 5800 Πατέρα
1022 5720 1160 5800 ’Υίοῦ
1217 5720 1557 5800 μονογενοῦς2
1602 5720 1793 5800 Statim
1825 5734 1939 5800 ἐθ-

908 5720 1160 5800 ἑραΥίοῦ
1217 5720 1557 5800 μονογενοῦςἵ
1602 5720 1793 5800 Statim
1825 5734 1939 5800 ἐθ-
2039 5720 2304 5800 excidisse
2332 5727 2522 5800 credit.

368 5783 682 5868 ξέῖίῖκὲξ
709 5783 813 5855 ἆίᾶν
842 5783 1015 5922 τούξειεὶ
1041 5797 1143 5867 lsic
1173 5783 1228 5854 ei
1254 5783 1435 5865 codd,
1471 5783 1629 5863 vulgo
1651 5783 1797 5848 ὧδεῖ.
1825 5789 1899 5849 Μ.

440 5875 550 5924 (68)
583 5873 747 5924 νιιΙιξο
779 5872 893 5924 ἐστὶ
917 5869 980 5924 δῇ
1016 5886 1094 5924 ον.

1748 5787 1797 5843 J.
1825 5789 1899 5849 Μ,
2108 5796 2218 5867 (71)
2246 5795 2417 5868 Vulgo
2444 5790 2511 5869 ἦν
2541 5795 2759 5867 ἓτερτδς
2792 5809 2914 5852 mox
2954 5791 3106 5863 vulgo
3134 5785 3362 5861 ἔγραψει

440 5875 550 5947 (68)
583 5873 747 5944 Vulgo
779 5872 893 5925 ἐστὶ
917 5869 1094 5940 δῆλον.
