4088 6456
410 389 517 446 865

1080 385 1351 443 EUSEBII
1391 386 1873 444 CESARIENSIS
1909 387 2062 443 OPI’.
2104 388 2285 444 PARS
2310 389 2410 444 ιν.
2452 422 2521 433 -
2558 391 2980 449 DOGMATICA.

3569 391 3675 447 861

419 528 436 559 ι
479 505 701 578 Virgine
734 506 1082 567 nascebatur,
1127 505 1258 560 nihil
1294 506 1394 560 nisi
1437 507 1670 561 Verbum
1701 518 1838 562 erat.
1883 527 1901 559 ι
1933 508 1997 562 Ει

2107 509 2211 562 Καὶ
2240 509 2592 581 προστίθησιν
2618 506 2774 574 αὖθις
2803 511 3029 582 φάσκων
3047 528 3059 540 ·
3097 531 3116 563 ι
3149 510 3209 564 ’0
3245 509 3344 580 μὲν
3373 508 3482 578 γὰρ
3504 507 3676 575 Λόγος

413 595 685 653 subinfert
701 597 876 652 denuo
898 595 990 667 [Β.
1019 594 1179 650 XLIII
1197 595 1320 652 coll.
1347 612 1399 665 p.
1423 597 1516 659 55,
1536 597 1594 649 1).
1617 596 1686 650 R‘.
1719 595 1985 670 X’XXVH

418 710 434 741 ι
485 690 644 744 Prius
677 690 846 753 enim,
879 692 954 744 uti
987 691 1187 744 dictum
1215 699 1300 745 est
1329 705 1492 760 saepe,
1537 690 1668 744 nihil
1719 691 1822 745 nisi
1859 689 1991 745 Ver-

417 801 433 828 ι
481 779 824 834 bumfuerat.
866 799 884 831 ι
935 779 1015 834 Ad
1061 795 1180 850 quae
1223 780 1476 848 deinceps
1523 780 1788 833 accedunt
1841 780 1985 834 ista:

416 891 433 920 ι
481 872 715 926 Verbum
742 872 956 940 quidem
991 873 1042 925 in
1085 872 1352 942 principio
1391 881 1526 933 erat,
1555 871 1688 926 nihil
1725 872 1992 928 exsistens

419 983 434 1009 ι
480 963 649 1027 aliud,
677 979 839 1034 quam
863 963 1124 1019 Verbum.
1161 963 1335 1019 Verbo
1365 965 1704 1020 autem'huic
1735 965 1991 1020 atlunitus

417 1071 434 1102 ι
483 1053 668 1116 homo,
699 1070 820 1108 cum
845 1055 994 1122 prius
1010 1070 1115 1108 non
1134 1064 1308 1121 esset,
1337 1055 1497 1109 homo
1521 1053 1700 1119 ﬁebat,
1727 1055 1867 1124 quod
1893 1070 1992 1110 nos

417 1164 432 1195 ‹
486 1144 668 1199 docuit
709 1144 986 1202 Joannes:
1024 1146 1092 1200 Et
1141 1145 1364 1201 Verbum
1413 1162 1537 1199 caro
1584 1150 1781 1215 factum
1814 1156 1890 1200 est
1921 1148 1990 1211 7°,

418 1255 436 1284 ι
480 1243 538 1290 ut
581 1236 749 1292 solius
793 1236 957 1292 Verbi
995 1239 1245 1294 videatur
1281 1240 1349 1293 ob
1401 1240 1508 1293 hoc
1557 1239 1730 1308 ipsum
1795 1237 1995 1294 fecisse

421 1347 437 1376 ι
483 1329 834 1384 mentionem.
883 1328 1016 1384 Nam
1064 1331 1179 1385 sive
1211 1330 1436 1394 Christi,
1468 1346 1562 1384 seu
1593 1329 1828 1384 nominis
1864 1327 1992 1384 Jesu

419 1441 438 1471 ι
485 1423 829 1477 meminerint
859 1437 1030 1477 sacrae
1048 1423 1288 1488 Litterae,
1314 1423 1564 1477 videntur
1583 1423 1670 1477 his
1689 1422 1995 1478 nominibus

423 1532 440 1562 4
477 1512 804 1582 compellare
827 1511 1065 1568 Verbum
1109 1514 1238 1568 illud
1283 1514 1400 1579 Dei,
1444 1518 1502 1576 ἧς
1543 1523 1666 1582 post
1689 1523 1993 1579 susceptam

422 1624 440 1653 ‹
482 1619 725 1662 carnem.
789 1604 944 1671 Quod
987 1605 1030 1658 si
1090 1606 1214 1675 quis
1266 1605 1534 1674 receperit
1562 1619 1619 1660 se
1651 1614 1994 1660 ostensurum

422 1717 438 1744 α
485 1710 677 1752 nomen
710 1695 932 1763 Christi,
965 1695 1123 1758 Filii,
1157 1705 1282 1750 ante
1316 1695 1451 1749 Novi
1481 1694 1818 1750 Testamenti
1858 1703 1997 1748 tem-

423 1807 441 1836 ι
483 1803 612 1856 pora
632 1798 976 1856 usurpatum,
1002 1797 1056 1842 et
1077 1785 1248 1842 Verbo
1273 1788 1589 1854 ascriptum,
1610 1785 1655 1840 is
1678 1785 1813 1840 sciat
1833 1786 1994 1853 oporé

2095 619 2113 652 ι
2161 602 2219 654 ὲν
2267 601 2410 672 ἀρχῇ
2448 597 2537 673 ἦν,
2577 603 2740 674 μηδὲν
2789 603 2974 675 ἓτερον
3017 602 3092 657 ὢν
3137 603 3170 672 ἢ
3213 601 3406 670 Λόγος·
3437 601 3466 653 ὀ
3497 600 3554 653 δὲ
3598 600 3678 669 τῷ

2094 711 2114 743 ι
2160 691 2319 763 Λόγῳ
2355 693 2576 758 sweet;
2625 694 2934 766 ἄνθρωπος,
2977 695 3076 748 οὑκ
3109 694 3184 747 ῶν
3221 695 3488 765 πρότερον
3519 689 3679 759 γέγο-

2096 804 2115 836 ι
2162 802 2250 838 νεν
2297 784 2601 856 ἄνθρωπος,
2632 785 2708 848 ὡς
2749 786 2989 840 διδάσκει
3037 787 3184 857 ἡμᾶς
3235 785 3348 856 (72)
3383 784 3673 853 Ἰωάννης·

2098 895 2116 926 ι
2163 875 2273 930 Καὶ
2309 877 2341 928 ὁ
2389 878 2583 945 Λόγος
2629 874 2786 944 σὰρξ
2837 875 3092 944 ἐγένετο.
3149 872 3250 926 Διά
3294 871 3453 925 τοῦτο
3497 869 3679 923 τοίνυν

2098 986 2117 1019 ι
2162 967 2257 1020 τοῦ
2290 968 2464 1036 Λόγου
2502 968 2855 1040 μνημονεύων
2897 968 3144 1037 φαίνεται
3192 966 3368 1036 μόνον.
3403 965 3526 1017 Εῐτε
3568 961 3678 1032 γὰρ

2098 1079 2118 1112 ι
2178 1060 2374 1132 Ἰησοῦ,
2412 1060 2523 1114 εἴτε
2556 1059 2790 1132 Χριστοῦ
2822 1059 3082 1131 ὀνόματος
3127 1056 3452 1130 μνημονεύοι
3489 1057 3522 1126 ή
3557 1053 3679 1107 θεία

2098 1169 2118 1203 ι
2167 1150 2376 1221 Γραφὴ,
2403 1150 2493 1204 τὸν
2529 1149 2665 1219 μετὰ
2693 1151 2792 1220 τῆς
2816 1148 3160 1220 ἀνθρωπίνης
3198 1146 3327 1201 ὂντα
3356 1142 3560 1216 σαρκὸς
3581 1139 3678 1196 τοῦ

2103 1262 2121 1294 ι
2169 1243 2304 1295 Θεοῦ
2340 1244 2510 1310 Λόγον
2535 1241 2824 1312 ὀνομάζειν
2864 1242 3134 1311 φαίνεται.
3168 1241 3230 1294 Εἰ
3253 1239 3309 1293 δέ
3343 1255 3427 1300 τις
3454 1235 3549 1290 κα)¹
3572 1234 3682 1306 πρὸ

2101 1353 2120 1386 ι
2165 1335 2264 1405 τῆς
2297 1335 2440 1396 Νέας
2463 1333 2755 1402 Διαθήκης,
2777 1332 2885 1402 (73)
2916 1331 3010 1384 τοῦ
3041 1329 3300 1401 Χριστοῦ,
3329 1327 3460 1381 Υἱοῦ
3488 1326 3679 1396 ὄνομα,

2101 1445 2121 1477 ι
2169 1426 2278 1495 (74)
2303 1424 2380 1495 τῷ
2413 1425 2571 1495 Λόγῳ
2603 1425 2748 1496 μόνῳ
2791 1423 3062 1477 δεικνύναι
3101 1421 3358 1476 δύνασθαι
3406 1415 3680 1487 ἐπαγγέλ-

2101 1536 2120 1568 ι
2165 1517 2328 1581 λοιτο,
2355 1517 2577 1586 εὑρήσει
2607 1514 2766 1568 τοῦτο
2794 1512 3146 1586 προφητικῶς
3181 1511 3486 1582 εἰρημένον.
3513 1528 3533 1561 ι
3571 1509 3684 1563 Καὶ

2103 1608 2219 1678 μεθ’
2261 1607 2423 1679 ἕτερα
2472 1609 2668 1678 ἐπάγει
2711 1607 2922 1676 λέγων·
2971 1623 2989 1655 ι
3023 1603 3260 1666 Εἰκότως
3302 1599 3395 1655 οὖν
3437 1599 3543 1671 πρὸ
3583 1599 3684 1669 τῆς

2105 1719 2123 1751 ι
2167 1699 2394 1754 καθόδου
2437 1701 2599 1771 τοῦτο
2665 1695 2755 1771 ἦν,
2814 1701 2949 1770 ὅπερ
2998 1697 3256 1759 πολλάκις
3302 1694 3530 1764 ἔφαμεν,
3570 1690 3684 1760 (75)

2108 1811 2126 1842 ι
2172 1791 2376 1860 Λόγος⁸
2409 1792 2547 1862 μετά
2588 1793 2644 1846 δὲ
2677 1792 2774 1863 τὴν
2803 1792 3049 1853 κάθοδον,
3079 1790 3173 1842 καὶ
3212 1789 3307 1859 τὴν
3350 1788 3450 1858 τῆς
3487 1784 3687 1858 σαρκὸς

429 1897 445 1928 α
493 1887 588 1945 tet,
628 1879 744 1933 haec
788 1879 969 1932 omnia
1007 1877 1324 1947 prophetice
1380 1877 1453 1930 ita
1492 1876 1656 1931 dicta.
1696 1894 1716 1928 ι
1770 1875 1837 1929 Et
1878 1881 2001 1944 post

2112 1901 2130 1934 ι
2177 1858 2442 1953 ἀνάληψιν
2505 1858 2776 1954 διαφόρων
2842 1884 2936 1936 καὶ
2999 1882 3109 1935 τῶν
3164 1858 3474 1950 ὲπηγγοριῶν
3524 1875 3688 1930 τετύ-

421 1980 615 2024 rzetera
652 1969 922 2024 subinfert
958 1969 1210 2038 inquiens
1237 1985 1254 2020 ι
1289 1987 1308 2020 ι
1348 1967 1466 2023 Νοη
1501 1967 1770 2024 immerito
1799 1967 1997 2038 igitur,

428 2082 444 2109 ι
495 2061 598 2120 iam
650 2076 792 2132 saepe
837 2060 1098 2125 diximus,
1138 2069 1264 2116 ante
1309 2076 1466 2116 suum
1506 2061 1825 2118 descensum
1882 2069 2002 2115 erat

425 2173 441 2202 ι
488 2151 720 2205 Verbum
747 2169 761 2205 :
792 2161 915 2222 post
946 2153 1266 2206 descensum
1290 2161 1345 2205 et
1369 2151 1549 2206 carnis
1570 2150 1992 2220 assumptionem

426 2267 445 2298 ι
485 2249 664 2302 varias
706 2247 901 2301 exinde
947 2245 1336 2315 appellationes
1378 2246 1634 2300 obtinuit.
1695 2264 1713 2298 ι
1756 2244 1821 2299 Et
1881 2244 1995 2299 haec

419 2347 548 2392 sunt
574 2338 792 2407 quidem
832 2335 942 2399 illa,
998 2335 1195 2405 quibus
1224 2335 1660 2398 demonstratur,
1683 2332 1993 2388 Marcellum

420 2429 816 2497 deprehensum
839 2426 1040 2481 Filium
1069 2425 1160 2480 Dei
1180 2424 1326 2478 illum
1356 2425 1624 2478 viventem
1664 2438 1792 2479 vere
1814 2432 1868 2477 et
1897 2439 1994 2478 ex-

422 2525 704 2579 sistentem
746 2537 874 2578 vere
908 2523 1206 2592 abnegasse
1237 2538 1248 2573 :
1287 2530 1342 2576 et
1374 2520 1573 2575 nudum
1616 2530 1824 2575 tantum
1858 2519 1994 2575 Ver-

422 2614 878 2684 bumimagiuari.
915 2613 1021 2668 Sed
1048 2621 1104 2668 et
1135 2614 1353 2682 insuper
1387 2621 1630 2683 apparet,
1668 2627 1735 2666 ex
1770 2613 1836 2667 iis
1876 2628 1996 2682 quae

422 2706 475 2760 in
507 2706 937 2775 prmcedentibus
965 2705 1033 2758 de
1075 2703 1242 2773 ipsius
1285 2702 1426 2758 libro
1471 2703 1644 2772 posita
1696 2711 1844 2768 sunt,
1907 2719 1999 2757 cu-

415 2794 659 2865 jusmodi
692 2795 841 2848 illum
866 2795 1102 2849 Verbum
1133 2808 1253 2848 esse
1281 2795 1624 2863 opinabatur,
1653 2808 1774 2848 cum
1807 2807 1997 2848 exem-

423 2885 516 2956 plo
539 2888 607 2940 de
633 2886 869 2940 humano
898 2885 1065 2939 verbo
1091 2893 1354 2938 uteretur.
1406 2883 1582 2938 Unum
1610 2897 1803 2954 nempe
1827 2883 2000 2939 idem-

2114 1993 2132 2026 (
2178 1992 2333 2045 χηκε.
2364 1994 2381 2025 ι
2425 1975 2612 2028 Ταῦτα
2658 1976 2756 2046 μὲν
2784 1973 2897 2038 οῦν,
2924 1976 2989 2028 δι’
3025 1969 3098 2028 ὧν
3124 1970 3442 2044 Μάρκελλος
3471 1968 3689 2022 ἁλίσκε-

2105 2084 2218 2129 ται,
2258 2066 2347 2120 τὸν
2388 2069 2484 2138 μὲν
2514 2068 2642 2121 Υἱὸν
2669 2067 2762 2120 τοῦ
2799 2068 2933 2121 Θεοῦ
2961 2068 3054 2120 τὸν
3089 2066 3239 2130 ὄντα,
3270 2065 3364 2117 καὶ
3389 2062 3568 2128 ζῶντα
3595 2061 3692 2116 καὶ

2099 2155 2312 2227 ἀληθῶς
2340 2157 2466 2211 Υἱὸν
2499 2158 2626 2211 ὄντα
2652 2158 3004 2230 ἀρνούμενος,
3049 2157 3221 2226 Λόγον
3259 2155 3316 2207 δὲ
3350 2152 3503 2225 ψιλὸν
3537 2150 3690 2205 εἰσά-

2099 2266 2232 2318 γων.
2271 2249 2550 2304 Δέδεικται
2584 2250 2641 2304 δὲ
2673 2250 2761 2303 διά
2792 2249 2898 2302 τῶν
2943 2247 3250 2319 ἔμπροσθεν
3279 2240 3694 2316 παρατεθεισῶν

2100 2343 2264 2395 αὑτοῦ
2297 2343 2488 2413 φωνῶν
2527 2343 2622 2396 καὶ
2648 2345 2830 2396 ὁποῖον
2859 2343 3020 2396 αὑτὸν
3053 2338 3190 2394 εἶναι
3213 2339 3380 2408 Λόγον
3408 2333 3695 2390 ὑπετίθετο

2104 2435 2512 2506 παραδείγματι
2546 2435 2825 2507 χρώμενος
2863 2434 2940 2505 τῷ
2973 2432 3298 2504 ἀνθρωπείῳ
3341 2431 3504 2499 λόγῳ,
3533 2429 3590 2481 ἓν
3633 2444 3694 2481 τε

2105 2527 2200 2579 καὶ
2231 2527 2427 2580 ταύτὸν
2457 2523 2596 2580 εἶναι
2627 2527 2802 2596 λέγων
2836 2525 2999 2580 αὑτὸν
3039 2525 3117 2596 τῷ
3149 2524 3286 2594 Θεῷ.
3315 2522 3426 2576 Καὶ
3457 2521 3520 2590 δὴ
3564 2516 3696 2572 ταύ-

2103 2637 2204 2690 την
2249 2620 2420 2692 ἀρχὴν
2474 2621 2956 2691 ὑποστησάμενος,
3015 2617 3319 2681 ἀκολούθως
3359 2618 3423 2668 ἐκ
3455 2613 3555 2682 τῆς
3605 2611 3694 2664 δο-

2106 2707 2292 2780 θείσης
2321 2708 2469 2780 αὑτῷ
2517 2709 2869 2772 ὑποστάσεως
2912 2708 3002 2760 ἐπὶ
3049 2706 3110 2760 τὸ
3142 2701 3569 2773 καταψεύδεσθαι
3596 2699 3696 2770 τῆς

2106 2799 2465 2855 θεοπνεύστου
2495 2803 2718 2874 Γραφῆς
2754 2800 3109 2872 διαστρόφους
3137 2816 3197 2852 τε
3232 2797 3400 2867 αὑτῆς
3428 2791 3696 2848 ποιεῖσθαι

2105 2893 2205 2956 τάς
2231 2895 2545 2967 ἑρμηνείας.

425 2994 534 3048 que
580 2979 728 3034 illum
781 2994 902 3033 cum
951 2978 1060 3032 Deo
1109 2992 1229 3032 esse
1281 2986 1546 3032 Slalllells-
1599 2976 1712 3032 Hoc
1745 2982 1811 3030 ad
1865 2979 2010 3037 hunc
2084 2987 2309 3042 modum
2374 2990 2672 3045 constituto
2700 2987 2971 3058 principio
3015 2995 3410 3054 consequenter
3440 2980 3506 3035 ad
3552 2978 3696 3034 hanc

427 3088 580 3127 snam
633 3071 1086 3141 suppositionem,
1141 3071 1317 3139 pergit
1362 3071 1427 3125 ad
1499 3070 1842 3126 mendacium
1895 3071 2190 3143 Scriptura!
2256 3079 2684 3152 impingendum,
2757 3089 2812 3134 et
2857 3080 2922 3133 ad
2977 3077 3124 3132 illam
3193 3070 3697 3142 iuterpretandam,

427 3167 696 3221 detortam
719 3165 774 3219 in
813 3166 1136 3220 sententiam
1167 3180 1339 3219 suam.

1057 3258 1207 3315 CAP.
1225 3259 1392 3313 \XIX.

431 3353 584 3420 Quod
610 3371 775 3408 sacra:
793 3352 1104 3423 Scriptura;
1131 3369 1232 3406 non
1259 3352 1622 3405 tantummodo
1654 3338 1884 3406 Verbum
1914 3371 2012 3423 ap-

497 3425 684 3494 pellent
717 3424 810 3477 Dei
845 3421 1064 3487 Filium,
1096 3425 1186 3477 sed
1222 3424 1478 3494 sexcentis
1513 3422 1632 3475 aliis
1662 3424 1880 3480 diversis
1921 3421 2016 3480 uo-

499 3493 749 3559 minibus,
778 3495 939 3548 etiam
965 3503 1086 3546 ante
1111 3493 1531 3546 incarnationem
1553 3509 1728 3548 suam.

506 3583 581 3638 De
604 3585 800 3652 quibus
823 3586 1067 3654 quidem.
1087 3584 1133 3639 si
1158 3585 1211 3637 in
1245 3584 1519 3654 prmsenti,
1546 3584 1820 3656 paulisper
1845 3586 2014 3657 dispi-

435 3682 665 3743 ciamus,
703 3692 814 3731 non
858 3677 1091 3732 absurde
1116 3677 1360 3731 facturos
1380 3675 1731 3741 arbitramur,
1761 3685 1818 3731 ut
1843 3679 2014 3747 ignari

433 3771 627 3824 barum
659 3784 838 3823 rerum
877 3767 1202 3838 intelligant,
1243 3767 1446 3822 nullam
1486 3768 1645 3838 plane
1676 3768 2014 3838 Scripturam

435 3862 586 3917 illius
622 3853 1108 3931 favere'opinioni,
1137 3859 1229 3929 qui
1269 3859 1497 3914 novitati
1544 3859 1770 3914 studens
1804 3875 1835 3914 a
1869 3868 2016 3914 recta

435 3955 543 4008 tide
583 3953 895 4009 aberravit:
924 3952 1035 4006 imo
1059 3950 1218 4021 plane
1248 3950 1583 4005 contrarium
1623 3951 2019 4020 proloquantur

437 4060 628 4102 omnes
644 4062 656 4098 :
674 4043 1040 4100 etocclamant
1055 4042 1172 4098 suis
1187 4041 1512 4097 testimoniis
1530 4053 1716 4097 contra
1735 4057 2018 4112 perversas

401 4138 610 4207 oipsius
649 4135 1008 4190 narrationes.
1042 4132 1276 4189 Omnino
1304 4141 1484 4188 autem
1515 4147 1738 4187 necesse
1757 4131 2018 4187 fuitistutl

443 4225 685 4298 aggredi,
717 4233 1000 4294 prepterea
1045 4224 1188 4293 quod
1219 4231 1368 4287 sunt,
1395 4222 1486 4291 qui
1522 4222 1827 4289 suSpiciunt
1855 4223 2017 4276 ismm

439 4318 740 4385 hominem,
789 4332 856 4372 ne
907 4316 1028 4385 quis
1095 4312 1330 4368 fortasse
1384 4313 1451 4367 de
1481 4312 1696 4367 illorum
1770 4327 2018 4376 numero,

440 4425 536 4480 per
595 4424 874 4467 sacrarum
961 4407 1292 4464 Litterarum
1373 4403 1760 4476 ignorantiam,
1831 4403 2021 4459 existi-

2039 3268 2087 3330 C

2759 3262 2916 3315 ΚΕΦ.
2959 3260 3058 3314 1Θ’.

2117 3355 2308 3421 Ὅπως
2338 3355 2399 3406 αἱ
2427 3352 2572 3408 θεῖαι
2592 3353 2820 3421 Γραφαὶ
2853 3354 2925 3405 οὐ
2954 3351 3147 3421 μόνον
3168 3350 3381 3421 Λόγον,
3403 3343 3565 3421 ἀτὶλᾲ
3597 3342 3696 3396 και

2180 3413 2368 3495 μυριά
2402 3413 2651 3495 Δὲτερᾳξ
2679 3413 2777 3495 καὶ
2849 3413 2970 3495 ετρῦ
2983 3494 2988 3495 ί
3024 3419 3130 3495 τῆλς
3191 3413 3699 3486 ἐνὰνθρωπήσεως

2186 3490 2487 3564 ὧιῖόμαζον
2517 3490 2626 3547 τὸν
2657 3493 2794 3547 Υὶὸν
2824 3492 2930 3546 τοῦ
2962 3490 3129 3545 Θεοῦ.

2190 3585 2303 3655 (76)
2343 3580 2442 3638 Ὧν
2477 3585 2755 3655 βραχείας,
2785 3584 2878 3636 ἐπὶ
2904 3581 2994 3634 τοῦ
3031 3579 3313 3650 παρόντος,
3349 3576 3528 3638 καλῶς
3552 3574 3699 3645 ἔχειν

2117 3678 2291 3748 ἐφάνη
2320 3694 2408 3746 μοι
2435 3673 2850 3745 διασκέψασθαι,
2879 3677 2986 3736 τοῖς
3016 3689 3071 3725 τε
3096 3669 3380 3739 ἀγνοοῦσιν
3409 3666 3696 3734 ἐπιδεῖξαι,

2117 3771 2194 3834 ὡς
2238 3770 2460 3840 οὐδεμία
2507 3769 2604 3840 μὲν
2638 3767 2787 3838 αὑτῷ
2830 3764 3198 3837 νεωτερίζοντι
3230 3763 3325 3815 καὶ
3376 3762 3473 3832 τῆς
3512 3759 3701 3829 ὑγιοῦς

2121 3863 2507 3935 ἐκτρεπομένῳ
2559 3863 2793 3925 πίστεως
2844 3859 3058 3930 συνᾴδει
3119 3854 3332 3927 Γραφὴ,
3391 3850 3707 3907 τούναντίον

2121 3949 2178 4002 δὲ
2213 3952 2382 4003 πᾶσαι
2426 3948 2895 4019 ἀντιφθέγγονται,
2931 3946 3026 4001 καὶ
3072 3940 3536 4016 ἀντιμαρτυροῦσι
3583 3941 3707 4003 ταῖς

2121 4042 2220 4094 οὑκ
2256 4040 2430 4112 ὀρθῶς
2466 4040 2613 4111 αὑτῷ
2653 4039 3124 4111 παραληφθείσαις
3165 4036 3502 4106 διηγήσεσιν.
3528 4031 3708 4101 Ὅπερ

2122 4135 2287 4205 ἐχρῆν
2321 4134 2553 4206 μάλιστα
2584 4135 2695 4197 τοῖς
2739 4133 2832 4186 τὸν
2866 4132 3036 4204 ἀνδρα
3068 4129 3299 4201 τιμῶσιν
3341 4123 3704 4191 ἐνδείξασθαι,

2129 4229 2330 4299 μήποτ’
2369 4227 2480 4298 ἄρα
2504 4244 2588 4290 τις
2649 4225 2829 4279 αὑτῶν
2857 4225 3084 4296 ἀπειρίᾳ
3116 4223 3228 4277 τῶν
3271 4221 3431 4275 θείων
3472 4220 3710 4287 ἀναγνω-

2129 4322 2313 4392 μάτων
2364 4321 2650 4390 τυγχάνειν
2692 4319 2857 4374 αὑτὸν
2899 4318 2994 4372 τοῦ
3051 4318 3150 4388 τῆς
3199 4315 3457 4388 ἀληθείας
3502 4313 3707 4368 σκοποῦ

2125 4412 2416 4482 νομίσειεν.
2451 4413 2562 4465 Καὶ
2587 4412 2652 4480 δὴ
2684 4410 2871 4464 τοῦτον
2897 4409 3113 4482 πρῶτον
3136 4405 3550 4476 διασκοπητέον,
3581 4405 3609 4458 ὃ
3639 4403 3706 4478 δὴ

440 4511 553 4559 met
590 4503 757 4559 ferire
791 4503 938 4556 illum
957 4515 1179 4570 scopum
1220 4496 1486 4552 veritatis.
1527 4497 1706 4564 Atque
1735 4495 1866 4549 illud
1896 4506 2001 4548 antt

2125 4505 2220 4558 καὶ
2244 4504 2578 4576 τετόλμηκεν
2609 4502 3010 4575 ἀποφήνασθαι,
3040 4500 3169 4571 πρὶν
3216 4498 3474 4569 τεχθῆναι
3498 4497 3584 4551 διά
3607 4497 3709 4567 τῆς

440 4597 549 4652 alia
582 4596 636 4650 iu
671 4595 1030 4665 quaestionem
1061 4605 1341 4655 vocemus,
1385 4589 1527 4660 quod
1557 4587 1827 4642 allirmare
1858 4604 2001 4643 ausu:

2128 4592 2405 4663 Παρθένου
2435 4592 2525 4646 τὸν
2540 4593 2666 4646 Υἰὸν
2685 4590 2779 4645 τοῦ
2802 4589 2961 4653 Θεοῦ,
2991 4589 3064 4660 μὴ
3089 4587 3200 4658 (77)
3219 4585 3516 4656 κεκλῆσθαι
3538 4583 3710 4656 ἑτέρῳ

442 4696 547 4752 cst,
581 4687 778 4742 Filium
812 4688 900 4742 Dei
925 4686 1069 4742 nullo
1093 4684 1200 4740 alio
1234 4683 1472 4748 nomine,
1507 4681 1613 4736 nisi
1643 4681 1806 4737 Verbi
1835 4691 2001 4736 notun

2129 4682 2410 4752 ὀνόματιῆ
2449 4682 2637 4750 Λόγον.
2673 4681 2824 4752 Μηδὲ
2872 4681 2980 4752 γὰρ
3011 4675 3148 4732 εἶναι
3186 4677 3346 4731 αὐτόν
3379 4695 3430 4730 τι
3469 4677 3574 4747 πρὸ
3609 4675 3711 4747 τῆς

446 4777 825 4848 appellatione,
890 4777 1205 4847 priusquam
1269 4776 1335 4830 de
1388 4774 1614 4844 Virgine
1671 4782 2001 4828 nasceretur.

2127 4772 2393 4842 ὲνσάρκου
2415 4774 2716 4844 παρουσίας
2736 4772 2768 4843 ἢ
2794 4771 2985 4839 Λόγον,
3013 4769 3134 4841 μηδ’
3154 4765 3467 4838 ὠνομάσθαι
3487 4764 3708 4835 ἑτέρως,

445 4861 612 4934 quue
637 4864 706 4920 ob
743 4879 864 4918 eam
888 4879 1109 4919 causam
1135 4865 1281 4933 quod
1309 4873 1437 4918 ante
1459 4863 1804 4934 praesentiam
1835 4863 2001 4917 incar-

2128 4865 2175 4917 εξ
2217 4865 2291 4936 μὴ
2335 4864 2442 4934 ἀρα
2483 4863 2868 4936 προφητικῶςο
2913 4863 3084 4931 Λόγον
3149 4859 3257 4929 γὰρ
3311 4853 3449 4911 εἷναί
3501 4875 3562 4910 τε
3614 4858 3710 4910 κα)

443 4957 686 5012 nationis
715 4955 850 5010 nihil
875 4955 1018 5010 aliud
1063 4962 1121 5020 ὦ
1171 4971 1331 5025 quam
1374 4953 1611 5010 Verbum
1640 4963 1760 5010 erat
1793 4973 1806 5008 :
1845 4969 2001 5022 nequi

2131 4954 2468 5025 ὠνομάσθαι,
2500 4955 2595 5008 καὶ
2637 4955 2790 5007 οὐδὲν
2835 4953 3022 5022 ἕτερον
3073 4951 3288 5018 φάσκει,
3334 4947 3469 5018 μετά
3519 4947 3574 5000 δὲ
3609 4947 3711 5019 τὴν

444 5049 554 5104 alio
586 5048 697 5104 ullo
761 5049 1006 5114 nomine,
1047 5048 1150 5103 nisi
1200 5047 1516 5116 prophetice
1546 5056 1853 5102 vocaretur.
1892 5045 1997 5100 Ver

2135 5044 2397 5118 ένσαρκον
2432 5045 2752 5116 παρουσίαν,
2793 5044 3063 5115 διαφόρων
3111 5039 3204 5092 καὶ
3257 5037 3364 5090 τῶν
3401 5036 3713 5109 ὲπηγοριῶν

525 5175 585 5234 r3
622 5168 716 5226 Ed.
750 5167 948 5235 Paris.,
979 5183 1102 5238 pag.
1144 5165 1324 5232 82,85.
1363 5166 1407 5196 7”
1437 5164 1597 5220 Joan.
1629 5165 1780 5220 LM.

525 5311 640 5382 (72)
683 5309 854 5379 Vulgo
883 5310 927 5382 ὀί
947 5309 1122 5362 Ἰωάν.
1152 5305 1219 5363 II.
1254 5305 1476 5360 alterum
1500 5304 1785 5376 ἄνθρωπος
1807 5303 1947 5360 delet
1979 5317 2001 5356 ε

2141 5302 2350 5382 legend.
2413 5303 2731 5382 ὑπόστασιν,
2771 5303 2872 5382 hic
2931 5313 3030 5382 pro
3075 5295 3444 5360 ὑποστάσεως,
3501 5292 3710 5363 legend.

453 5368 577 5437 mdx
617 5368 970 5452 {:LOVOstCI‘lb.
1090 5447 1117 5452 _
1273 5445 1299 5452 _
1342 5445 1408 5452 η,
1455 5445 1482 5452 _
1575 5368 1615 5452 ,’
1779 5445 1789 5452 ,
1866 5444 1887 5452 -

2140 5368 2454 5452 ὑτῖΨ-έσε-ῳς
2475 5375 2552 5447 [et
2565 5375 2655 5452 _si_c
2674 5370 2908 5452 .COtltl.]..

526 5434 638 5521 (7³5)
670 5434 807 5505 ίΤοῦ
845 5434 1140 5520 Χριστοῦ,
1193 5445 1302 5500 τοῦ
1342 5445 1506 5500 Υἱοῦ.
1574 5442 1812 5515 Legend.
1860 5444 1893 5514 ἢ
1934 5459 2001 5496 το·

2209 5446 2321 5521 (ΕΞ)
2342 5434 2526 5521 ,νὼςξο
2616 5443 2786 5511 Λόγος
2818 5434 3034 5521 ei_irtl'ra
3067 5434 3315 5521 ὑπέθετο.

457 5504 713 5578 rem.
901 5504 920 5520 '
1125 5504 1138 5515 '
1654 5504 1682 5515 '
1882 5504 1907 5583 ’ί

2206 5504 2317 5583 (76)
2335 5504 2552 5583 Initium
2575 5504 2745 5581 ipsum
2769 5504 2972 5583 capitis
2982 5510 3332 5583 depravatum
3360 5512 3461 5583 est,
3493 5504 3708 5583 legend.

532 5593 642 5663 (74)
678 5589 768 5656 Τῷ
805 5593 963 5663 λόγῳ
1005 5591 1191 5663 μόνῳ.
1253 5584 1496 5663 Ολὸεευγε
1527 5624 1542 5648 ,
1601 5593 1656 5639 et
1716 5582 2001 5663 imperfect

2303 5575 2400 5638 ’ὧν
2450 5583 2572 5663 διὰ..
2596 5575 2748 5663 βραη
2784 5575 2890 5636 etc.
2925 5575 2998 5632 Μ.
3027 5606 3098 5619 --
3132 5575 3254 5631 Mox
3291 5577 3448 5645 vulgo
3487 5575 3713 5648 οὐδεμία

461 5651 774 5732 ἱΙὶιίιίλψιόιΙ
809 5651 1058 5732 τῷλόγῳ
1091 5651 1254 5731 μόνῳ,
1293 5659 1432 5712 idem
1464 5667 1578 5720 est,
1611 5669 1672 5732 ac
1707 5655 1751 5708 si
1793 5651 2001 5732 diceret

2135 5651 2443 5732 συνέτεινεν
2470 5656 2500 5707 δ
2528 5651 2725 5732 egeat;

563 5711 568 5712 ν
581 5711 735 5808 λόγῳ*
750 5711 925 5800 tto—von
937 5711 1129 5808 "diu;
1143 5711 1149 5712 ί
1169 5711 1342 5808 deest.
1367 5735 1551 5808 autem
1565 5711 1588 5808 ἰ
1614 5723 2001 5808 διαφερόμενον

2154 5795 2167 5808 _
2207 5711 2323 5808 (77)
2349 5724 2446 5808 φὴ
2462 5721 2795 5808 κεκλήσθω.
2810 5719 2922 5801 Imo
2937 5717 3254 5808 κεκλῇσθαι.
3273 5713 3537 5808 Exilii-0.x
3557 5715 3716 5786 vulgo

463 5786 906 5873 προστιθέμενον,
940 5813 1032 5854 aut
1062 5786 1235 5873 simile
1257 5799 1404 5873 quid.
1439 5795 1692 5873 Δοθείσης
1719 5786 2031 5873 αὑτῷῥποέ
2138 5786 2452 5866 ὠνομάσθαι
2486 5786 2670 5867 ἕτερον
2703 5805 2757 5850 et
2781 5791 2934 5847 τοῦτο
2969 5791 3025 5844 δὲ
3050 5786 3145 5844 οὖν
3171 5804 3268 5857 πρ.
3294 5786 3526 5842 δεκτέον.

466 5866 742 5940 στάσεως,
770 5882 925 5926 antea
956 5871 1172 5927 memini
1201 5868 1453 5922 ὑπόθεσιν
1485 5866 1766 5938 scriptum,
1807 5866 1893 5919 ubi
1916 5872 2034 5920 erat
