4088 6386
304 369 413 425 865
1293 368 1380 426 DE
1415 369 1950 428 ECCLESIASTICA
1993 370 2388 428 THEOLOGIA
2431 371 2559 426 LIB.
2601 372 2643 427 1.
3454 375 3561 434 866

303 493 685 564 τετυχηκέναι.
731 492 900 546 Τοῦτο
926 491 991 563 δὴ
1023 487 1118 546 οῦν
1148 492 1365 564 πρῶτον
1397 493 1632 560 δεκτέον,
1659 494 1884 566 ἀμαθῶς

1991 495 2118 549 bum
2146 510 2274 550 vero
2291 505 2345 550 et
2369 504 2492 550 erat
2514 504 2626 550 tum
2650 505 2703 550 et
2729 495 3027 561 dicebatur,
3053 505 3109 550 et
3135 497 3273 552 nihil
3301 498 3469 554 aliud.
3493 504 3562 554 At

304 586 405 639 καὶ
439 586 546 638 τῶν
581 585 738 638 Θείων
784 584 1016 657 Γραφῶν
1056 586 1522 657 ἀνεπιστημόνως,
1559 586 1718 640 αὐτὸν
1752 588 1884 640 ἀπο-

1989 593 2272 654 postquain
2305 601 2469 641 carne
2519 596 2730 656 sumpta
2762 586 2999 651 advenit,
3051 588 3288 644 diversis
3339 591 3558 657 quidem

307 679 640 750 φηνάμενον.

1988 675 2160 728 titulis
2198 677 2580 747 usurpabatur.
2613 677 2769 743 Quod
2816 679 2882 733 ab
2923 678 3016 732 illo
3056 679 3129 732 ita
3159 681 3416 748 positum,
3442 680 3563 736 ’ἰηι-

1987 767 2162 834 perite
2187 768 2414 829 dictum,
2445 778 2499 821 et
2523 783 2618 836 per
2647 784 2914 823 summam
2955 768 3358 838 Seripturarum
3405 771 3556 839 igno-

1988 858 2241 925 raiitiam,
2268 869 2393 913 ante
2420 861 2600 914 omnia
2643 844 3123 916 demonstrandum
3143 871 3246 916 est.

958 941 1111 994 ΚΕΦ.
1155 943 1239 996 Κ¹.

2615 950 2768 1006 CAP.
2811 949 2930 1005 XX.

299 1030 668 1101 Παραθέσεις
700 1032 797 1102 καὶ
838 1031 1137 1100 ἑρμηνεῖαι
1179 1033 1411 1101 μερικαὶ
1450 1029 1569 1085 τῶν
1617 1031 1735 1086 ἀπὸ
1775 1032 1884 1102 τῆς

373 1100 536 1167 θείας
580 1100 825 1170 Γραφῆς
853 1100 1235 1167 ἀποδείξεων,
1276 1104 1345 1156 ἐν
1373 1102 1536 1168 ὅλοις
1568 1100 1884 1170 τριάκοντα

371 1173 741 1241 κεφαλαίοις.

369 1271 440 1316 α’.
480 1263 702 1335 Πρῶτον
752 1263 850 1332 μὲν
883 1262 992 1334 γὰρ
1027 1262 1188 1326 αὐτὸς
1224 1267 1251 1316 ὁ
1289 1263 1429 1327 θεῖος
1492 1265 1884 1337 εὐαγγελιστὴς

2059 1271 2110 1324 l.
2149 1269 2416 1338 Imprimis
2460 1269 2788 1340 evangelista
2842 1269 3082 1325 Joannes
3145 1270 3283 1338 ipse,
3341 1271 3435 1340 qui
3495 1271 3563 1325 de

311 1355 588 1425 Ἰωάννης,
608 1355 635 1405 ὁ
653 1355 716 1425 δὴ
735 1354 870 1425 (77')
890 1355 1062 1422 Λόγον
1079 1355 1239 1409 αὐτὸν
1266 1355 1522 1416 ἀνειπὼν,
1541 1357 1640 1408 οὐκ
1665 1359 1743 1420 εἰς
1776 1374 1882 1423 μα-

1986 1359 2148 1415 Verbi
2182 1361 2546 1433 appellatione
2591 1378 2714 1416 eum
2747 1363 2992 1433 agnovit,
3026 1378 3131 1417 non
3163 1363 3349 1419 multis
3388 1361 3561 1417 inter-

296 1447 452 1519 κρὸν,
492 1446 607 1500 ἀλλ’
655 1445 815 1509 εὐθὺς
865 1447 959 1499 καὶ
1003 1447 1154 1518 παρὰ
1208 1449 1340 1516 πόδα
1374 1448 1506 1501 Θεὸν
1547 1450 1706 1502 αὑτὸν
1744 1449 1881 1502 ὠνό-

1986 1452 2196 1520 positis,
2229 1454 2356 1522 quin
2402 1455 2606 1518 statim,
2643 1463 2698 1508 et
2750 1454 2803 1508 in
2853 1457 3139 1524 procinctu
3187 1455 3354 1520 velut,
3392 1455 3560 1510 Deuiii

299 1556 461 1610 μασε,
508 1541 721 1609 φήσας·
780 1537 890 1592 Καὶ
946 1537 1092 1603 Θεὸς
1127 1534 1270 1608 ἦν’-ό
1317 1540 1526 1608 Λόγος.
1578 1541 1882 1610 Δυνάμενος

1986 1546 2234 1599 eumdem
2269 1546 2521 1615 appellat,
2552 1546 2805 1615 inquiens
2841 1565 2853 1599 :
2883 1546 2953 1599 Et
2989 1546 3129 1601 Deus
3157 1557 3269 1601 erat
3316 1545 3561 1602 Verbum.

295 1630 428 1699 γοῦν
453 1631 651 1693 εἰπεῖν,
680 1628 792 1700 (78)
820 1631 913 1683 καὶ
935 1630 1070 1684 Θεοῦ
1099 1627 1166 1703 ἦν
1189 1632 1216 1682 ὁ
1253 1629 1444 1699 Λόγος,
1471 1630 1628 1684 τοῦτο
1659 1632 1753 1703 μὲν
1782 1633 1882 1685 οὐκ

1986 1637 2117 1689 Cum
2153 1637 2297 1690 enim
2335 1638 2384 1692 ei
2432 1637 2591 1692 facile
2618 1637 2810 1692 fuisset
2835 1639 3017 1693 dicere
3047 1656 3060 1691 :
3089 1647 3146 1694 et
3179 1640 3417 1694 divinum
3442 1652 3562 1694 erat

295 1723 423 1794 ἔφη,
451 1723 526 1785 ὡς
549 1722 614 1775 ἂν
657 1723 729 1793 μή
762 1739 844 1785 τις
873 1722 1034 1776 αὐτὸν
1072 1721 1148 1792 τῷ
1180 1722 1329 1794 παρὰ
1358 1721 1661 1794 ἀνθρώποις
1694 1725 1879 1794 ὅμοιον

1986 1725 2246 1793 Verbum,
2283 1727 2386 1782 hoc
2419 1744 2526 1782 non
2578 1730 2649 1782 ita
2701 1731 2904 1798 posuit,
2938 1745 3006 1785 ne
3036 1733 3161 1800 quis
3192 1730 3342 1784 illum
3373 1733 3563 1799 opina-

1986 1059 2283 1130 Propositaz
2323 1081 2416 1132 per
2462 1074 2639 1131 partes
2668 1082 2694 1118 e
2721 1068 2885 1119 sacris
2935 1065 3168 1131 Litteris,
3202 1076 3249 1120 et
3280 1066 3559 1136 explicati:

2447 1151 2554 1189 nx
2592 1137 3095 1190 demonstrationes.

295 1810 433 1867 εἶναι
491 1815 716 1885 φήσειε’
767 1804 898 1867 Θεὸν
943 1814 999 1866 δὲ
1051 1814 1214 1867 αὐτὸν
1255 1814 1442 1878 καλεῖ,
1489 1815 1550 1866 τὸ
1605 1815 1880 1886 ὑπερφυὲς

1986 1827 2140 1870 retur
2187 1817 2421 1883 similem
2477 1821 2715 1873 humano
2764 1821 2978 1874 cuidam
3029 1822 3194 1876 verbo
3240 1822 3558 1876 exstitisse:

293 1905 390 1958 τοῦ
426 1907 554 1974 περὶ
603 1905 765 1958 αὑτὸν
813 1904 1152 1976 θεοπρεποῦς
1196 1904 1538 1976 ἀξιώματος,
1589 1905 1730 1959 οὕτω
1764 1907 1876 1960 δει-

1986 1911 2078 1964 sed
2107 1911 2343 1980 appellat
2374 1927 2496 1965 eum
2531 1911 2698 1967 Deum
2730 1926 2874 1982 :quo
2905 1914 3101 1968 divinae
3135 1914 3414 1986 dignitatis
3445 1914 3563 1985 ejus

294 1994 448 2060 κνύς.
1981 2001 2493 2056 excellentissimam
2537 2005 2797 2058 indicaret
2825 2015 3096 2059 naturam.

365 2089 430 2160 β’.
468 2087 726 2151 Μεταϐὰς
755 2087 812 2140 δὲ
851 2088 934 2157 ἐφ’
961 2088 1151 2158 ἑτέραν
1196 2089 1437 2142 ἐπίνοιαν
1481 2089 1580 2160 τῆς
1611 2089 1738 2160 περὶ
1783 2091 1878 2142 αὑ-

2049 2092 2105 2145 2.
2149 2089 2446 2148 Transiens
2507 2095 2634 2148 hinc
2706 2097 2771 2148 ad
2834 2095 2994 2148 aliam
3061 2095 3561 2150 considerationem

289 2180 386 2233 τοῦ
432 2180 769 2248 δοξολογίας,
813 2180 942 2244 Φῶς
989 2179 1149 2231 αὑτὸν
1181 2179 1463 2250 ὠνόμασε,
1503 2182 1876 2252 προϋπάρχειν

1986 2163 2290 2250 ηιιιιιιιιιιιήι,
2325 2183 2471 2237 illius
2517 2197 2679 2253 quam
2713 2185 2949 2240 habebat
2978 2185 3416 2254 gloriﬁcationis,
3450 2185 3559 2236 Lu-

287 2270 455 2326 αὑτὸν
505 2271 602 2340 τῆς
657 2270 753 2322 τοῦ
819 2269 1069 2340 σώματος
1117 2269 1468 2340 ἀναλήψεως,
1533 2269 1675 2321 κατὰ
1718 2268 1876 2321 τοῦτο

1986 2288 2087 2325 rem
2141 2273 2289 2326 illum
2338 2281 2519 2339 vocat,
2556 2285 2611 2329 et
2658 2290 2757 2344 per
2785 2276 2934 2330 illum
2968 2277 3142 2346 ipsum
3179 2277 3390 2331 titulum
3424 2291 3562 2347 prae-

285 2365 426 2418 αὐτὸ
481 2361 762 2434 δηλώσας,
826 2364 884 2415 ὲν
946 2356 1028 2426 οἷς
1086 2363 1214 2432 περὶ
1259 2362 1354 2415 τοῦ
1413 2361 1718 2416 Βαπτιστοῦ
1768 2380 1873 2433 φη-

1986 2364 2256 2419 exsiiiisse
2289 2377 2410 2417 eum
2444 2366 2688 2420 indicare
2717 2365 2885 2420 voluit
2919 2377 3043 2421 ante
3068 2379 3405 2436 assumptum
3437 2384 3561 2423 eor-

287 2475 400 2512 σιν·
1977 2471 2078 2523 pus
2105 2470 2260 2509 suum
2293 2475 2305 2509 :
2338 2457 2604 2524 siquidem
2630 2457 2695 2512 de
2723 2457 2965 2526 Baptista
3005 2458 3218 2512 locutus
3236 2459 3378 2523 ait:,

361 2549 428 2618 γ’.
477 2550 597 2602 Οὐκ
636 2544 714 2618 ἦν
763 2547 992 2613 ἐκεῖνος
1040 2546 1107 2599 τὸ
1144 2544 1289 2615 φῶς,
1331 2544 1468 2598 ἀλλ’
1511 2544 1612 2596 ἵνα
1653 2561 1875 2613 μαρτυ-

2049 2547 2102 2602 5.
2144 2547 2270 2601 Non
2299 2556 2414 2600 erat
2447 2549 2534 2600 ille
2570 2547 2683 2612 lux,
2718 2550 2806 2602 sed
2845 2559 2900 2601 ut
2929 2551 3284 2603 testimonium
3323 2549 3564 2619 perhibe—

280 2643 453 2712 ρήσῃ
479 2641 613 2709 περὶ
641 2639 747 2694 τοῦ
776 2639 988 2708 φωτὸς,
1017 2638 1048 2691 ὃ
1076 2637 1302 2708 φωτίζει
1331 2636 1527 2689 πάντα
1565 2636 1877 2704 ἄνθρωπον

1986 2653 2053 2692 ret
2085 2640 2149 2693 de
2179 2640 2376 2693 lumine
2416 2639 2534 2706 illo,
2561 2640 2699 2710 quod
2739 2640 3005 2694 illuminat
3049 2657 3252 2694 onmem
3294 2643 3560 2696 hominem

287 2735 616 2805 ἐρχόμενον
661 2735 745 2797 εἰς
784 2731 890 2783 τὸν
941 2732 1193 2800 κόσμον.
1245 2729 1342 2781 Ἐν
1385 2727 1465 2792 τῷ
1523 2729 1728 2795 κόσμῳ
1773 2723 1872 2796 ἦν,

1986 2732 2334 2784 venientemin
2371 2731 2506 2784 hunc
2530 2732 2806 2785 mundum.
2843 2730 2906 2784 In
2945 2735 3140 2786 mundo
3169 2743 3309 2798 erat,
3341 2744 3388 2788 et
3412 2749 3560 2787 mun‘

289 2825 390 2882 καὶ
431 2828 462 2880 ὁ
500 2825 725 2894 κόσμος
773 2820 847 2874 δι’
893 2820 1077 2874 αὐτοῦ
1128 2818 1386 2888 ἐγένετο,
1424 2818 1521 2869 καὶ
1569 2819 1600 2869 ό
1645 2818 1874 2884 κόσμος

1986 2821 2075 2872 ilus
2097 2837 2187 2890 per
2220 2822 2388 2888 ipsum
2420 2822 2595 2889 factus
2617 2831 2714 2885 est,
2738 2831 2786 2874 et
2817 2822 3046 2876 mundus
3085 2839 3203 2876 eum
3231 2841 3334 2878 non
3362 2840 3560 2894 cogno-

289 2918 479 2975 αὐτὸν
525 2918 636 2971 οὐκ
666 2917 838 2984 ἔγνω.
869 2915 974 2978 Εἰς
1023 2911 1095 2964 τὰ
1131 2910 1252 2963 ἴδια
1293 2906 1462 2979 ἦλθε,
1505 2907 1603 2960 καὶ
1637 2910 1690 2960 οὶ
1715 2907 1874 2960 υἵδιοι

1986 2917 2065 2965 vit.
2102 2912 2164 2964 In
2195 2914 2412 2980 propria
2445 2913 2606 2976 venit,
2645 2921 2695 2964 et
2725 2913 2808 2966 sui
2859 2930 2979 2967 eum
3020 2931 3125 2967 non
3167 2929 3465 2983 receperunt
3488 2917 3558 2972 °°.

289 3009 475 3063 αὑτὸν
504 3008 575 3060 οὐ
624 3003 984 3072 παρέλαϐον.
1027 3001 1188 3072 Ὁρᾷς
1231 3001 1378 3063 ὅπως
1425 2997 1635 3061 τούτοις
1673 2999 1734 3051 οὐ
1774 2999 1876 3051 Λό-

1986 3001 2141 3057 Vides
2172 3014 2378 3070 autem,
2411 3013 2466 3058 ut
2508 3004 2562 3057 in
2603 3005 2722 3059 istis
2774 3020 2879 3058 non
2917 3003 3153 3060 Verbum
3192 3007 3559 3076 solummodo,

288 3118 384 3170 γον
417 3098 596 3170 μόνον,
623 3096 698 3160 ὡς
728 3094 902 3148 ἐδόκει
941 3091 1269 3164 Μαρκέλλῳ,
1298 3089 1434 3144 ἀλλὰ
1465 3091 1558 3142 καὶ
1591 3090 1744 3153 Θεὸν,
1777 3091 1873 3143 καὶ

1986 3097 2070 3150 sed
2122 3106 2175 3150 et
2224 3096 2389 3151 Deum
2438 3104 2493 3150 et
2551 3097 2750 3160 lueeiii,
2786 3097 2937 3150 illuni
2993 3099 3320 3162 nominavit,
3369 3109 3560 3157 contra

290 3194 405 3264 φῶς
448 3191 609 3246 αὑτὸν
641 3189 914 3259 ὠνόμασε,
951 3186 1324 3259 προῦπάρχειν
1360 3202 1418 3238 τε
1455 3184 1618 3239 αὐτὸν
1648 3183 1870 3251 ἐδίδαξε,

1986 3204 2136 3257 quam
2203 3189 2456 3243 Marcello
2521 3190 2830 3242 videbatur.
2887 3188 3288 3244 Prteexstitisse
3346 3206 3564 3261 quoque

288 3289 384 3342 καὶ
419 3286 512 3338 τὸν
558 3285 761 3353 κόσμον
788 3280 854 3334 δι’
883 3278 1048 3333 αὐτοῦ
1077 3277 1379 3347 γεγονέναι.
1408 3277 1617 3348 Ὥσπερ
1649 3278 1757 3348 γὰρ
1784 3276 1872 3329 διὰ

1986 3279 2206 3334 aﬂirinat
2266 3281 2414 3332 illiiin
2463 3296 2478 3332 :
2529 3289 2582 3332 et
2639 3282 2900 3332 mundum
2963 3295 3060 3347 per
3113 3281 3288 3349 ipsum
3351 3283 3560 3338 factum

286 3379 382 3434 τοῦ
425 3376 562 3430 Θεοῦ
624 3372 734 3446 (79)
803 3372 978 3440 Λόγου
1027 3369 1384 3440 γεγεννῆσθαι
1424 3368 1491 3421 τὰ
1525 3370 1730 3435 πάντα,
1780 3370 1874 3422 καὶ

1986 3372 2164 3426 fuisse.
2192 3371 2659 3437 Quemadmodum
2689 3372 2834 3424 enim
2865 3371 2918 3424 in
2943 3372 3378 3439 praecedentibus
3407 3377 3562 3429 dixe-

286 3472 456 3544 χωρὶς
485 3469 651 3522 αὑτοῦ
693 3464 947 3535 γενέσθαι
995 3463 1146 3516 οὐδὲν
1192 3461 1558 3532 προείρηκεν,
1604 3459 1746 3512 οὕτω
1779 3457 1874 3512 καὶ

1986 3471 2080 3529 rat,
2113 3463 2294 3517 omnia
2320 3461 2577 3531 producta
2611 3461 2781 3514 fuisse
2807 3477 2904 3531 per
2942 3462 3182 3517 Verbum
3211 3463 3328 3530 Dei,
3354 3475 3409 3520 et
3437 3465 3560 3520 sine

285 3565 374 3619 διὰ
401 3562 512 3634 (80)
552 3561 646 3616 τοῦ
680 3559 853 3629 φωτός
875 3575 888 3589 ’
921 3558 973 3610 Ὀ
1002 3555 1112 3625 γὰρ
1141 3556 1387 3623 κόσμος,
1412 3553 1568 3624 φησι,
1595 3553 1668 3607 δι’
1685 3553 1874 3607 αὐτοῦ

1986 3555 2066 3609 illo
2127 3555 2259 3608 nihil
2303 3553 2462 3624 plane
2516 3563 2905 3623 procreatum,
2968 3555 3047 3608 ita
3101 3569 3317 3625 quoque
3367 3567 3420 3611 et
3463 3573 3560 3626 per

285 3656 544 3728 ἐγένετο.
582 3655 671 3718 Ὠς
709 3648 846 3706 εἶναι
879 3650 935 3703 ἓν
977 3650 1070 3702 καὶ
1111 3647 1304 3700 ταύτὸν
1344 3647 1411 3700 τὸ
1456 3645 1580 3715 φῶς
1624 3645 1722 3699 καὶ
1766 3645 1874 3701 τὸν

1986 3644 2149 3698 lucem
2180 3644 2299 3696 ait:
2331 3641 2474 3695 Nam
2507 3642 2760 3705 mundus,
2806 3641 3007 3712 inquit,
3044 3658 3136 3710 per
3180 3643 3331 3695 illum
3382 3644 3556 3711 [actus

288 3725 440 3805 Θεὸκ
474 3750 690 3818 Λόγον.
720 3744 907 3812 Λέγων
935 3742 991 3795 δὲ
1024 3741 1090 3795 δι’
1120 3741 1285 3794 αὐτοῦ
1323 3738 1703 3810 γεγεννῆσθαι,
1741 3737 1873 3793 ποτὲ

1986 3745 2069 3797 εει,
2111 3742 2172 3788 ut
2204 3736 2276 3788 ita
2310 3748 2448 3786 unus
2480 3733 2731 3798 idemque
2766 3730 2950 3798 fuerit,
2981 3728 3122 3794 Lux,
3155 3740 3208 3785 et
3241 3731 3384 3784 Deus
3423 3729 3555 3784 Ver-

289 3837 390 3908 μὲν
416 3835 508 3888 τὸν
542 3833 768 3903 κόσμον,
802 3830 933 3883 ποτὲ
972 3827 1027 3880 δὲ
1070 3827 1137 3881 τὰ
1171 3828 1373 3890 πάντα,
1419 3826 1480 3879 τὸ
1519 3826 1627 3897 (81)
1663 3824 1872 3898 ὑπηρε-

1986 3826 2383 3892 bum.Cuinque
2415 3840 2513 3894 per
2542 3824 2688 3878 illum
2722 3821 2956 3877 allirmet
2988 3822 3189 3878 factum
3222 3839 3366 3878 nunc
3398 3839 3558 3877 mun-

283 3928 438 3982 τικὸν
465 3925 561 3979 τοῦ
595 3924 729 3977 Θεοῦ
761 3923 1081 3994 παρίστησι.
1123 3919 1431 3990 Δυνάμενος
1467 3918 1597 3987 γοῦν
1637 3922 1665 3972 ὑ
1707 3920 1872 3988 εὐαγ-

1986 3924 2126 3985 lum,
2167 3933 2309 3972 nune
2367 3928 2565 3973 uetera
2615 3916 2824 3981 omnia,
2874 3915 3183 3971 subindicat
3236 3915 3385 3970 illum
3443 3915 3560 3970 Deo

287 4018 538 4089 γελιστὴς
595 4017 788 4078 εἰπεῖν,
839 4013 1040 4067 Πάντα
1093 4011 1194 4065 ὑπ’
1243 4010 1428 4064 αὑτοῦ
1479 4010 1734 4081 ἐγένετο,
1778 4010 1872 4063 καὶ

1986 4010 2434 4066 subministrasse.
2466 4005 2598 4060 Nam
2637 4010 2697 4068 >14
2732 4020 2858 4060 cum
2902 4013 3088 4074 posset
3119 4003 3188 4057 ad
3228 4004 3393 4058 istum
3440 4019 3554 4058 mo-

285 4109 470 4176 αὖθις,
505 4108 616 4164 Καὶ
656 4110 688 4161 ὁ
727 4106 954 4175 κόσμος
982 4105 1081 4158 ὑπ’
1109 4102 1296 4157 αὑτοῦ
1326 4102 1582 4172 ἐγένετο,
1609 4103 1726 4173 οὐχ,
1769 4105 1871 4156 ὑπ’

1986 4103 2098 4157 dum
2125 4099 2368 4172 proferre
2390 4096 2720 4166 evangelista
2747 4111 2766 4146 :
2802 4096 2998 4150 Omnia
3027 4096 3092 4149 ab
3123 4094 3215 4149 illo
3239 4096 3382 4164 facta
3404 4105 3555 4160 sunt,

283 4202 493 4266 αὑτοῦ,
527 4200 652 4271 ἔφη,
688 4198 821 4252 ἀλλὰ
847 4197 919 4250 δι’
942 4195 1127 4250 αὐτοῦ
1160 4191 1240 4265 ἦν
1270 4211 1282 4224 ·
1311 4195 1374 4246 ἵν’
1399 4195 1545 4264 ἡμᾶς
1576 4194 1877 4268 ἀναπέμψῃ

1986 4205 2136 4262 atque
2171 4194 2365 4246 iterum
2400 4206 2414 4244 :
2447 4188 2684 4242 Mundus
2713 4193 2775 4241 ab
2809 4187 2903 4240 illo
2933 4187 3108 4255 [uetus
3151 4196 3250 4254 est,
3285 4201 3390 4241 non
3420 4187 3555 4243 illud

285 4299 378 4351 ἐπὶ
405 4297 503 4367 τὴν
531 4295 640 4348 τῶν
669 4292 805 4344 ὅλων
838 4287 1150 4360 ποιητικὴν,
1183 4285 1277 4338 τοῦ
1319 4285 1529 4356 Πατρὸς
1563 4283 1867 4338 αὑθεντίαν.

1986 4287 2175 4354 posuit,
2206 4286 2269 4339 ab
2297 4301 2357 4338 eo
2383 4301 2401 4338 :
2435 4283 2529 4338 sed
2558 4299 2651 4350 per
2673 4298 2812 4336 eum.
2855 4280 2973 4347 Quo
3007 4280 3217 4336 scilicet
3247 4279 3553 4336 remitteret

298 4388 458 4441 Ἀλλὰ
489 4385 588 4440 καὶ
617 4389 648 4438 ὀ
680 4384 938 4452 κόσμος,
967 4382 1149 4450 φησὶν,
1193 4377 1379 4432 αὑτὸν
1409 4379 1517 4430 οὐκ
1551 4377 1724 4445 ἔγνω.
1767 4377 1870 4431 Τὸν

1986 4395 2069 4435 iios
2115 4379 2181 4434 ad
2235 4377 2601 4431 autlienticain
2633 4375 2810 4429 Patris
2840 4374 3024 4428 omnia
3053 4371 3272 4427 creandi
3308 4380 3549 4441 potesta-

281 4479 343 4532 δὲ
380 4479 474 4532 ἐπὶ
515 4475 733 4529 πάντων
760 4473 891 4527 Θεὸν
923 4474 1178 4542 φυσικαῖς
1209 4470 1441 4532 ἐννοίαις
1472 4469 1708 4532 ἅπαντες
1735 4471 1868 4540 ὁμολ-

1986 4487 2102 4526 ieni.
2152 4470 2259 4524 Sed
2309 4479 2356 4523 et
2398 4470 2648 4531 mundus,
2684 4467 2880 4535 inquit,
2916 4465 3088 4533 ipsum
3132 4479 3236 4517 non
3286 4462 3555 4530 cognovit.

284 4567 534 4638 λογοῦσιν
573 4565 868 4638 ἅνθρωποι,
898 4563 992 4616 καὶ
1025 4561 1232 4634 πρῶτοί
1269 4579 1332 4630 γε
1369 4561 1636 4613 Ἰουδαίων
1679 4562 1870 4626 παῖδες

1986 4563 2106 4618 Sum
2138 4565 2328 4628 Deum,
2360 4561 2454 4630 qui
2507 4560 2578 4615 sit
2622 4574 2787 4628 super
2814 4555 3020 4620 omnia,
3059 4569 3159 4624 per
3188 4554 3437 4610 notiones
3469 4553 3554 4606 in-

283 4664 351 4714 ὲκ
381 4660 489 4712 τῶν
543 4653 894 4728 προφητικῶν
947 4653 1177 4724 Γραφῶν
1225 4651 1751 4723 χειραγωγούμενοι,
1791 4651 1866 4715 ὡς

1986 4655 2110 4709 sitas
2138 4671 2167 4707 a
2197 4663 2394 4707 natura-
2427 4658 2760 4723 cognoscant
2786 4663 2978 4703 omnes
3007 4664 3022 4702 :
3054 4645 3326 4715 imprimis
3366 4655 3548 4698 autem

283 4755 382 4810 καὶ
412 4753 573 4816 αὐτὸς
603 4750 839 4822 παρίστη
875 4745 1214 4818 Μάρκελλος,
1242 4747 1298 4797 ὲν
1324 4749 1437 4808 τοῖς
1479 4745 1603 4816 ἑξῆς
1637 4743 1862 4816 προϊών.

1986 4747 2066 4801 ﬁlii
2107 4746 2434 4810 Iudaeorum,
2505 4743 2926 4797 manuductione
2965 4738 3372 4808 Scripturarum
3425 4751 3555 4804 pro-

283 4845 496 4900 Οὺκοῦν
532 4844 716 4914 ἕτερος
741 4836 809 4912 ἦν
840 4833 1012 4901 οὗτος,
1039 4837 1097 4889 ὃν
1122 4839 1150 4889 ὁ
1181 4837 1384 4907 κόσμος
1417 4838 1518 4890 οὐκ
1549 4837 1709 4906 ἔγνω,
1734 4836 1869 4899 Θεὸς

1986 4838 2351 4907 )heticarum,
2400 4835 2545 4904 quod
2605 4833 2986 4904 progrediente
3051 4843 3302 4885 sermone
3364 4826 3553 4882 docuit

281 4939 379 4992 καὶ
393 4938 584 5006 Λόγος,
615 4933 729 5004 φῶς
749 4932 1008 5003 ὑπάρχων
1038 4947 1096 4982 τε
1114 4931 1204 4982 καὶ
1219 4929 1608 5000 ὠνομασμένος
1628 4947 1640 4958 ·
1665 4929 1778 4998 φῶς
1801 4929 1858 4981 δὲ

1993 4937 2201 4999 pseuiet
2233 4926 2539 4981 Marcellus.
2573 4925 2842 4991 Quocirca
2887 4931 3008 4977 erat
3051 4920 3192 4976 alius
3233 4921 3340 4974 iste
3379 4933 3548 4986 quem

280 5032 382 5088 οὐκ
397 5029 675 5101 αἰσθητὸν,
695 5025 817 5080 οὐδὲ
836 5026 944 5098 (8‘2)
962 5021 1180 5094 σαρκῶν
1193 5022 1326 5094 (82⁸)
1341 5020 1649 5092 ὀφθαλμοὺς
1665 5021 1866 5092 ὁμοίιος

1986 5022 2209 5077 mundus
2252 5037 2356 5075 non
2394 5017 2668 5089 cognovit,
2718 5015 2860 5071 Deus
2899 5023 3064 5084 atque
3111 5011 3372 5075 Verbum,
3426 5007 3547 5063 Lux

299 5269 306 5296 π
359 5224 421 5283 ᾖ
446 5216 543 5272 Ed.
573 5215 778 5276 Paris.,
815 5229 937 5284 pag.
963 5210 1054 5269 ει.
1136 5208 1188 5241 δοῖ
1215 5207 1371 5262 Joau.
1407 5222 1444 5271 i,
1480 5205 1539 5272 8,
1577 5207 1668 5260 ll.

518 5424 690 5497 Vult!"
721 5423 838 5497 565:
931 5494 942 5497 _
988 5496 994 5497 ,
1039 5491 1050 5497 -
1204 5489 1222 5497 -
1431 5483 1443 5497 .
1481 5482 1506 5497 ,ι
1542 5484 1562 5497 ς
1656 5479 1711 5497 τ.
1767 5481 1798 5497 ..
1832 5495 1844 5497 _

2035 5406 2285 5497 £1932“:
2315 5395 3080 5497 λόγον.⁵¹ν·ηξ¹⁰ξν“¹ῧλ⁰,⁴ῗὶδῗ
3109 5395 3384 5497 ἓινοίτξέο...
3447 5463 3464 5484 ν

356 5459 881 5568 ἦν
909 5494 942 5545 ό
964 5491 1172 5568 Λόγος.
1204 5483 1454 5568 [Inoa-21.".
1480 5482 1621 5545 θεῖος
1637 5479 1798 5568 ‘[dled.i
1822 5495 1854 5536 e

2003 5459 2148 5568 ..ῖέςίρ
2179 5459 2289 5531 πθ
2610 5474 2805 5568 εοιτεερ
2845 5459 3409 5568 augmen

284 5535 773 5635 coiidiliszée‘og]:
796 5535 1006 5635 plutei-at
1043 5535 1280 5635 Joannes
1316 5535 1538 5635 dixisse,
1567 5535 1688 5635 καῖ·

1986 5535 2252 5635 ῖῷξκόσμῳ
2276 5535 2383 5618 γὸῖρ
2421 5535 2634 5635 remeat
2660 5535 2920 5635 ὁόιξσμος
2951 5535 3016 5593 δι’
3045 5535 3228 5592 αὑτοῦ.
3267 5535 3375 5592 Hoc
3429 5543 3538 5601 est,

281 5613 704 5710 '>é}9g','aii'
717 5613 997 5710 ΐρῖκῖίζξαι
1027 5613 1172 5710 Θεὸς
1187 5626 1286 5701 ἦν,
1316 5623 1690 5710 aliquidaolliu‘d

1986 5613 2052 5689 lui
2081 5613 2178 5672 lux"
2203 5613 2318 5672 erat
2344 5613 2398 5671 et
2428 5613 2730 5670 dicebatur.
2765 5613 2836 5672 Μ.
3231 5677 3256 5689 η

2039 5691 2145 5710 ιοη
2199 5688 2580 5710 om_._.--_._.-1--
2638 5687 2798 5710 0-.....
2830 5681 2988 5710 -.ε-..π
3043 5680 3121 5710 -3.
3147 5680 3256 5710 non

514 5675 595 5759 ιδ’⁵
1073 5675 1175 5777 ἀνδ
1371 5675 1421 5764 ,1
1428 5675 1560 5777 :tniit
1571 5675 1705 5777 ilate
1723 5691 1770 5746 ei
1781 5701 1857 5777 tat

1986 5675 1996 5689 '
2037 5691 2150 5777 legi
2183 5688 2605 5777 ξιΐςτηρετικόνὶ
2637 5687 2800 5742 Forte
2827 5681 3014 5751 αὐτοῦ,
3043 5680 3122 5752 τῷ
3147 5677 3287 5748 Θεῷ.
3320 5675 3396 5732 n.

760 5756 1101 5848 apianiieui
1127 5756 1349 5848 degitur
1372 5756 1392 5830 ,’
1415 5762 1602 5848 ﬂagro,
1622 5759 1749 5832 φῶς
1791 5760 1859 5815 τὸ

2035 5756 2351 5848 salvus?
2374 5757 2657 5848 ςαξκυξεδνο

909 5826 1051 5898 Μ-Ῐ-
1064 5826 1764 5910 ιηῐτπῖιιιιεοπροῦπάρχειν
1777 5848 1862 5884 τε.

2035 5828 2172 5900 '(82')
2207 5827 2339 5882 Οὐδὲ
2372 5826 2520 5902 ego,
2553 5826 2659 5898 Mp.
