4088 6430
511 384 617 444 867

1181 386 1448 444 EUSEBll
1487 383 1967 442 CAESARIENSIS
2002 384 2154 443 OPP.
2195 385 2381 443 PARS
2418 384 2512 442 IV.
2551 407 2620 427 —'-
2659 386 3083 444 DOGMATICA.

3666 382 3770 438 863

511 503 785 560 exsistens
811 512 864 558 et
889 503 1186 575 appellatus
1201 505 1314 560 lux.
1345 505 1462 560 Lux
1493 515 1677 562 autem
1707 521 1814 562 non
1849 506 2073 563 sensibi-

2189 507 2323 579 ἡλίῳ
2371 505 2636 577 φωτιζονο
2687 507 2829 562 οὕτω
2873 509 2982 581 γὰρ
3033 507 3100 562 ἂν
3152 505 3245 560 καὶ
3288 506 3322 576 ἡ
3387 501 3495 557 τῶν
3557 499 3772 570 ἀλόγων

511 592 602 658 lis,
638 609 743 649 non
776 595 1075 664 corporalis
1107 613 1122 649 :
1149 611 1253 649 non
1287 611 1407 664 quae
1441 597 1652 662 oculos,
1682 607 1742 651 ut
1769 596 1851 651 sol
1883 597 2082 652 illumi-

512 693 701 741 raret:
743 701 866 738 nam
903 687 980 740 sic
1010 685 1150 740 illius
1185 688 1321 742 adeo
1371 688 1664 758 participes
1707 689 1903 744 ﬁerent
1931 703 2085 744 crea-

511 785 645 832 turae
682 777 1042 833 irrationales.
1085 778 1240 834 Nunc
1269 779 1446 848 qualis
1475 790 1595 834 erat
1625 781 1714 834 ille
1745 781 1838 835 lux
1863 797 1962 836 nos
1989 784 2083 837 do-

509 880 618 934 cet,
651 869 902 937 inquiens
932 890 945 924 :
975 870 1106 924 Erat
1155 881 1332 925 autem
1377 871 1472 926 lux
1516 873 1828 927 illuminans
1874 890 2082 928 omnem

507 968 769 1020 hominem
798 964 1076 1018 venientem
1112 963 1167 1017 in
1188 963 1325 1018 hunc
1355 967 1632 1018 mundum.
1665 965 1747 1018 Ad
1780 963 1924 1020 solos
1953 979 2083 1033 ergo

506 1055 754 1108 homines
804 1053 1109 1121 pertinebat
1165 1054 1445 1108 rationalis
1505 1055 1609 1109 ista
1664 1054 1776 1110 lux.
1812 1054 2079 1122 Quocirca

504 1160 602 1214 per
631 1145 929 1214 potentiam
960 1161 1113 1199 suam
1145 1145 1402 1213 pra-ditus
1435 1146 1721 1202 intellectu
1750 1157 1806 1202 et
1837 1148 2075 1213 ratione,

503 1239 597 1309 qui
641 1247 724 1293 est
767 1239 881 1304 lux,
914 1239 980 1292 ad
1030 1238 1320 1308 imaginem
1371 1253 1526 1292 suam
1562 1247 1618 1294 et
1668 1239 2079 1294 similitudinem

503 1323 796 1386 rationales
853 1329 1061 1384 animas
1110 1340 1165 1385 et
1211 1330 1578 1402 intelligentes
1607 1332 1907 1401 produxit.
1962 1332 2079 1388 Non

502 1432 621 1477 erat
647 1437 778 1494 ergo
802 1422 890 1477 illa
916 1423 1006 1478 lux
1042 1423 1348 1489 sensibilis;
1383 1434 1440 1478 ut
1475 1439 1650 1495 neque
1682 1426 1824 1480 Deus
1848 1433 1967 1480 erat
1995 1423 2081 1480 ille

501 1513 594 1583 qui
632 1524 718 1569 est
748 1529 912 1583 super
936 1517 1211 1569 universa.
1253 1513 1398 1569 Deus
1423 1517 1568 1570 enim
1604 1514 1694 1570 lux
1721 1524 1827 1583 est,
1854 1527 1910 1572 et
1938 1525 2082 1572 teuc-

500 1603 612 1658 bra:
636 1621 740 1659 non
774 1614 899 1659 sunt
929 1605 981 1658 in
1017 1619 1103 1659 eo.
1128 1602 1245 1658 Lux
1269 1613 1452 1659 autem
1487 1614 1571 1659 est
1594 1605 1898 1669 inaccessa,
1934 1609 2080 1675 quod

498 1696 788 1766 Apostolus
825 1697 1004 1762 docet,
1038 1695 1126 1750 ubi
1161 1699 1237 1749 ait
1269 1713 1282 1750 :
1313 1689 1504 1751 Lucem
1535 1697 1787 1752 habitans
1840 1698 2075 1754 inacces-

498 1807 636 1854 sam,
663 1801 816 1860 quem
868 1803 1018 1842 nemo
1045 1789 1194 1852 vidit,
1237 1788 1328 1842 sed
1371 1806 1461 1843 nec
1489 1800 1659 1857 potest
1686 1791 1859 1844 videre
1881 1789 1948 1847 θί.
1977 1789 2079 1844 Ille

2185 597 2339 663 ζώων
2413 599 2576 669 φύσις
2648 603 2896 672 μετεῖχεν
2969 599 3157 654 αὐτοῦ.
3217 595 3352 650 Νυνὶ
3409 595 3465 648 δὲ
3527 593 3772 646 διδάσκει

2182 692 2365 744 ὁποῖον
2423 687 2491 762 ἦν
2550 691 2698 762 φῶς,
2747 692 2954 760 λέγων’
3004 687 3124 746 ’Ἤν
3180 688 3293 758 (85)
3362 685 3430 739 τὸ
3491 683 3648 754 φῶς,
3702 682 3771 735 τὸ

2183 779 2433 850 φωτίζον
2474 782 2671 837 πάντα
2695 783 3008 852 ἄνθρωπον
3043 782 3368 849 ἐρχόμενον
3389 780 3476 843 εὶς
3500 777 3604 830 τὸν
3625 773 3773 829 κόσ-

2178 892 2315 944 μον.
2352 875 2489 945 (85‘)
2517 876 2692 930 Μόνον
2721 872 2921 947 ἄραῆν
2955 873 3254 944 ἀνθρώπων
3270 872 3331 924 τὸ
3367 870 3581 938 λογικὸν
3612 869 3772 922 τοῦτο

2184 969 2319 1036 φῶς.
2359 970 2448 1022 Διὸ
2473 969 2699 1039 δυνάμει
2743 971 2902 1040 νοερᾷ
2941 967 3254 1037 καὶᾶλογικῇ
3296 964 3393 1028 τὰς
3429 965 3547 1016 κατ’
3586 962 3772 1015 εἰκόνα

2182 1064 2278 1134 τὴν
2313 1061 2474 1115 αὑτοῦ
2509 1063 2603 1115 καὶ
2640 1061 2898 1131 ὁμοίωσιν
2943 1058 3317 1128 πεποιημένας
3355 1054 3534 1126 ψυχὰς
3575 1051 3772 1123 νοερὰς

2181 1153 2278 1206 καὶ
2307 1151 2532 1221 λογικὰς
2562 1150 2947 1223 ἀπειργάζετο.
2984 1151 3071 1213 Ὠς
3097 1149 3154 1201 δὲ
3178 1149 3274 1201 οὐκ
3311 1146 3569 1217 αἰσθητὸν
3610 1141 3774 1210 ἐτύγ-

2183 1264 2312 1316 χανε
2352 1246 2487 1315 φῶς,
2519 1246 2690 1309 οὕτως
2732 1245 2943 1298 οὐδὲτὸ
2988 1244 3242 1296 ἐπέκεινα
3276 1240 3384 1293 τῶν
3427 1239 3566 1293 ὅλων
3607 1230 3772 1300 αὐτὸς

2181 1339 2210 1391 6
2237 1338 2368 1400 Θεὸς
2389 1334 2476 1408 ἦν.
2519 1338 2580 1389 '0
2612 1336 2723 1406 γὰρ
2771 1336 2903 1400 Θεὸς
2955 1333 3068 1404 φῶς
3113 1338 3248 1396 ἐστι,
3293 1333 3388 1386 καὶ
3432 1330 3620 1384 σκοτία
3668 1329 3773 1381 οὐκ

2182 1428 2328 1482 ἔστιν
2363 1430 2418 1480 έν
2453 1419 2602 1495 αὖτῷ
2623 1419 2868 1499 οὖδεμία.
2905 1427 3015 1480 Καὶ
3052 1427 3161 1499 γὰρ
3198 1430 3226 1481 6
3275 1426 3371 1496 μὲν
3405 1419 3521 1492 φῶς
3562 1420 3770 1492 ἀπρόσ-

2186 1538 2294 1574 ιτον
2317 1516 2405 1591 ἦν,
2429 1520 2503 1585 ὡς
2531 1523 2559 1574 6
2585 1521 2726 1584 θεῖος
2766 1520 3086 1582 Ἀπόστολος
3116 1516 3355 1572 διδάσκει
3377 1557 3391 1580 ,
3425 1515 3618 1582 λέγων’
3640 1511 3771 1576 Φῶς

2181 1613 2358 1667 οἰκῶν
2402 1615 2750 1682 ἀπρόσιτον,
2808 1613 2880 1667 ὃν
2936 1610 3099 1666 εἶδεν
3144 1608 3377 1676 οὐδεὶς,
3440 1607 3567 1661 οὐδ’
3622 1604 3772 1659 ἰδεῖν

2180 1697 2449 1758 δύναται.
2496 1705 2546 1757 '0
2578 1704 2630 1757 δ’
2668 1705 2737 1757 ὲν
2774 1703 2854 1770 τῷ
2894 1703 3098 1773 κόσμῳ
3132 1698 3230 1772 ἦν,
3275 1697 3534 1770 φωτίζων
3573 1695 3770 1749 πάντα

2181 1797 2495 1865 ἄνθρωπον
2523 1798 2848 1867 ἐρχόμενον
2894 1798 2979 1861 εὶς
3020 1790 3126 1848 τὸν
3168 1794 3419 1863 κόσμον.
3469 1788 3632 1843 Ἀλλὰ
3671 1788 3769 1841 καὶ

498 1888 675 1933 autent
705 1879 760 1932 in
794 1881 990 1934 mundo
1032 1889 1167 1944 erat,
1200 1879 1513 1935 illuminans
1570 1899 1772 1935 omnem
1815 1882 2073 1936 hominem

2185 1893 2214 1944 6
2253 1858 2475 1960 κόσμος,
2511 1858 2678 1959 φῆἔιξ
2714 1885 2801 1940 διὰ
2845 1858 2998 1940 τοῦδε
3050 1877 3141 1938 τοῦ
3190 1858 3366 1954 φωτὸς
3397 1881 3623 1951 γέγονε,
3671 1878 3766 1932 τοῦ

499 1972 786 2026 uenientem
845 1972 900 2024 in
953 1971 1229 2024 mundum.
1284 1970 1391 2026 Sed
1437 1981 1493 2026 et
1538 1973 1794 2038 mundus,
1842 1973 1940 2037 ait,
1983 1989 2080 2043 per

498 2064 643 2118 hanc
673 2063 850 2117 lucem
882 2061 1058 2117 iactus
1091 2073 1246 2128 erat;
1289 2064 1568 2130 nimirum,
1597 2065 1738 2134 quod
1791 2080 2078 2135 supremus

497 2153 682 2217 Pater,
707 2169 804 2223 per
831 2152 1029 2209 Filium
1069 2169 1226 2209 suum
1270 2156 1524 2211 universa
1574 2156 1952 2212 constituerat.
1982 2157 2079 2211 At-

495 2259 603 2315 que
647 2246 720 2299 ita
775 2255 884 2300 tres
935 2247 1052 2300 ista:
1107 2245 1522 2316 appellationes,
1569 2248 1624 2301 in
1677 2263 1844 2303 unum
1897 2248 2076 2304 locum

494 2342 768 2406 congesta
817 2349 847 2388 a
903 2331 1174 2406 theologo,
1214 2335 1268 2389 iu
1308 2337 1579 2407 principio
1623 2336 1930 2408 Scriptura:
1963 2355 2076 2395 suae

492 2427 770 2498 leguntur,
797 2435 918 2496 Quae
946 2426 1034 2496 pie
1059 2427 1279 2497 quidem
1316 2435 1372 2482 et
1403 2428 1524 2484 sine
1571 2429 1681 2484 ulla
1719 2430 1954 2496 oﬂ‘ensa,
1981 2449 2076 2501 po-

493 2525 749 2572 testatem
802 2510 1104 2588 insignium
1165 2516 1292 2573 Filii
1347 2518 1485 2587 Dei,
1535 2535 1734 2592 nempe
1801 2511 2074 2593 Verbum,

490 2608 637 2666 Deus
661 2618 827 2680 atque
857 2609 971 2667 lux.

561 2704 617 2759 4.
659 2699 918 2770 Quartam
954 2705 1043 2759 his
1077 2704 1319 2759 annectit
1362 2705 1503 2759 idem
1539 2705 1766 2774 eoloco,
1813 2702 2077 2781 Unigeni-

494 2810 609 2853 tum
638 2800 913 2870 appellans
935 2799 1057 2854 istis
1079 2799 1302 2855 vocibus
1325 2817 1338 2854 :
1361 2799 1432 2853 Et
1477 2799 1701 2856 Verbum
1723 2820 1847 2858 caro
1872 2805 2075 2873 factum

503 2904 604 2958 est,
643 2904 692 2946 et
721 2893 970 2946 habitavit
998 2893 1054 2945 in
1083 2891 1232 2946 nobis
1261 2914 1272 2947 :
1307 2892 1376 2945 Et
1413 2894 1640 2948 vidimus
1667 2895 1890 2965 gloriam
1934 2900 2072 2967 ejus,

494 2987 722 3057 gloriam
760 2987 914 3056 quasi
951 2985 1216 3056 Unigeniti
1243 3005 1274 3039 a
1324 2986 1508 3052 Patre,
1539 2990 1750 3058 plenum
1788 2993 1980 3065 gratia:
2024 3003 2074 3048 et

499 3079 738 3131 ueritatis
760 3077 830 3133 ⁸³.
867 3075 944 3131 lta
972 3093 1186 3149 quoque
1215 3089 1268 3133 et
1299 3078 1618 3150 Unigeuitus
1648 3083 1934 3139 dicebatur
1959 3084 2072 3152 ille,

2186 1982 2519 2054 κρείττονος,
2560 1981 2762 2054 δηλαδὴ
2813 1979 2907 2033 τοῦ
2957 1977 3168 2050 Πατρὸς
3225 1975 3312 2029 διὰ
3365 1974 3459 2028 τοῦ
3525 1971 3658 2026 Υίοῦ
3706 1969 3769 2023 τδ

2187 2077 2295 2128 πᾶν
2329 2075 2737 2144 συνισταμένου.
2770 2073 2930 2144 Τρεῖς
2966 2073 3063 2141 μὲν
3092 2070 3155 2140 δὴ
3188 2062 3348 2124 αὗται
3380 2066 3520 2121 κατὰ
3544 2064 3604 2118 τὸ
3635 2061 3770 2117 αὺτδ

2184 2163 2292 2217 τῶν
2319 2163 2411 2217 τοῦ
2452 2162 2581 2216 Υίοῦ
2619 2162 2712 2216 τοῦ
2745 2161 2878 2215 Θεοῦ
2911 2161 3022 2231 (84)
3062 2158 3372 2229 δυναμένων
3405 2155 3639 2226 εὔφημοι
3672 2153 3769 2206 καὶ

2185 2254 2426 2318 εὐσεὸεἰς
2477 2254 2767 2325 ὲπηγορίαι
2804 2251 2884 2324 τῷ
2939 2250 3172 2320 θεολόγῳ
3208 2249 3306 2320 τῆς
3337 2246 3561 2319 Γραφῆς
3606 2245 3770 2313 ἀρχο-

2187 2335 2334 2417 μένῳ
2373 2332 2842 2418 παρελείφθησαν·
2873 2345 2902 2398 6
2934 2342 3126 2412 Λόγος,
3169 2340 3263 2393 καὶ
3307 2341 3336 2394 6
3380 2337 3534 2404 Θεὸς,
3569 2335 3665 2389 καὶ
3705 2333 3768 2387 τδ

2186 2457 2320 2509 φως.

2253 2711 2316 2765 δ’.
2362 2711 2499 2782 Ἤδη
2568 2710 2625 2763 δὲ
2679 2703 2772 2764 καὶ
2839 2703 3106 2780 τετάρτην
3178 2705 3531 2779 προστίθησιν
3581 2708 3610 2761 6
3663 2697 3766 2762 αὗ-

2181 2795 2294 2866 τδς,
2329 2801 2611 2870 Μονογενῆ
2662 2801 2753 2853 τὸν
2808 2800 2968 2854 αὐτὸν
3023 2795 3331 2861 ἀποκαλῶν,
3374 2799 3431 2850 ὲν
3477 2791 3557 2861 οἷς
3596 2812 3762 2869 φησι’

2183 2894 2292 2948 Καὶ
2331 2897 2385 2970 ⁸ό
2443 2896 2633 2962 Λόγος
2693 2891 2848 2961 σὰρξ
2918 2891 3187 2960 ἐγένετο,
3245 2891 3345 2944 καὶ
3412 2888 3768 2956 ἐσκήνωσεν

2182 2988 2252 3039 ἐν
2307 2985 2472 3054 ἡμῖν,
2543 2985 2642 3038 καὶ
2699 2983 3069 3052 ἐθεασάμεθα
3127 2981 3244 3049 τὴν
3310 2982 3498 3047 δόξαν
3553 2979 3764 3045 αὑτοῦ,

2183 3078 2373 3143 δόξαν
2443 3079 2522 3143 ὡς
2585 3075 2967 3146 Μονογενοῦς
3045 3077 3205 3144 παρὰ
3281 3076 3541 3144 Πατρός,
3606 3074 3767 3142 πλή-

491 3171 805 3242 priusquam
875 3171 1276 3226 incarnaretur.
1332 3172 1469 3227 Nam
1534 3183 1813 3245 utcunque
1885 3187 2072 3232 nostra

2178 3189 2294 3240 ρης
2350 3169 2591 3240 χάριτος
2643 3167 2742 3222 καὶ
2793 3169 3101 3237 ἀληθείας.
3157 3167 3365 3221 Οὐκοῦν
3417 3168 3511 3221 καὶ
3562 3167 3590 3218 6
3648 3167 3766 3220 Mo-

490 3275 677 3324 causa,
702 3261 847 3330 quod
871 3262 947 3315 ait
980 3278 993 3314 :
1021 3260 1158 3314 Caro
1181 3261 1358 3331 {actus
1380 3274 1454 3317 est
1481 3262 1684 3318 Sermo.
1713 3264 2073 3322 Nihilominus

2179 3263 2405 3333 νογενὴς
2450 3261 2544 3314 τοῦ
2595 3258 2730 3314 Θεοῦ
2787 3261 2914 3331 πρὶν
2971 3259 3007 3330 ἢ
3053 3258 3152 3326 τὴν
3214 3260 3391 3330 σάρκα
3447 3257 3762 3317 ἀναλαϐεῖν,

489 3366 590 3407 nos
629 3351 728 3421 ipsi
783 3353 981 3422 quibus
1017 3352 1262 3409 revelare
1311 3360 1370 3417 Et
1419 3356 1672 3426 dignatus
1701 3367 1786 3412 est
1820 3357 2076 3413 divinita-

491 3452 602 3500 tem
632 3459 810 3512 suam,
847 3448 1162 3516 neutiquam
1211 3448 1261 3503 in
1310 3461 1531 3502 carnem
1584 3450 1960 3519 respicientes,
1992 3460 2076 3506 est

489 3533 639 3589 enim
675 3550 805 3590 caro
845 3539 989 3592 servi
1047 3537 1242 3604 forma,
1275 3541 1368 3595 sed
1418 3540 1472 3593 iu
1513 3539 1678 3609 ipsius
1725 3541 1954 3611 gloriam
1991 3541 2074 3596 in-

489 3636 729 3693 tuentes,
761 3644 880 3698 qua:
927 3641 1085 3685 extra
1134 3633 1352 3700 quidem
1403 3645 1605 3701 corpus
1648 3648 1678 3686 a
1727 3643 1910 3687 mente
1939 3647 2072 3702 pura

489 3719 686 3774 visitur
729 3731 784 3775 et
821 3722 1102 3788 defaecata,
1147 3724 1379 3779 viditnus
1410 3724 1529 3794 ejus
1559 3723 1810 3794 gloriam,
1842 3724 2072 3793 gloriam

487 3809 840 3880 ineﬂ‘abilem,
869 3821 922 3866 et
975 3824 1195 3883 captum
1244 3814 1542 3883 quemlibet
1589 3815 1885 3869 humanum
1919 3823 2070 3867 tran-

488 3905 866 3969 scendentem,
895 3905 1109 3974 qualem
1147 3905 1405 3960 nimirum
1439 3905 1565 3975 quis
1615 3905 1900 3976 imaginari
1943 3905 2072 3960 velit

491 3997 728 4076 gloriam
783 3994 1060 4066 Unigeniti
1113 3997 1228 4050 Dei.
1289 3996 1419 4051 Erat
1467 4007 1651 4051 autem
1680 4014 1710 4053 a
1743 3999 1928 4064 Patre,
1965 3998 2070 4052 ista

491 4089 689 4160 gloria.
727 4089 1134 4144 Animadvertis
1172 4105 1277 4144 nou
1307 4089 1398 4144 hic
1420 4090 1548 4155 dici,
1577 4090 1809 4146 vidimus
1835 4090 2068 4160 gloriam

491 4181 630 4249 ejus,
668 4181 895 4253 gloriam
933 4181 1096 4235 veluti
1129 4179 1317 4248 Verbi,
1362 4198 1428 4237 ne
1469 4193 1580 4236 tum
1622 4198 1745 4238 cum
1774 4183 1984 4237 dixerat
2014 4182 2068 4236 in

489 4273 960 4344 praecedentibus:
998 4273 1223 4328 Verbum
1286 4291 1412 4328 caro
1455 4275 1654 4343 factum
1699 4275 1820 4342 fuit,
1863 4276 1961 4329 sed
2012 4284 2072 4327 ut

488 4365 717 4436 intelligi
763 4376 944 4435 posset
976 4365 1277 4435 cujusmodi
1333 4363 1568 4419 Verbum
1605 4354 1696 4419 ille
1734 4378 1856 4417 eum
1902 4377 2072 4434 pone-

490 4470 593 4524 ret,
643 4457 910 4531 (minime
948 4459 1164 4527 quidem
1222 4457 1576 4511 iudicativum
1606 4472 1620 4507 :
1653 4471 1780 4511 nam
1827 4457 2066 4512 Verbum

2177 3353 2565 3426 ἐχρημάτιζεν.
2612 3352 2676 3405 El
2735 3351 2844 3422 γὰρ
2898 3351 2995 3404 καὶ
3049 3351 3120 3404 τὰ
3181 3349 3450 3420 μάλιστα,
3496 3349 3660 3420 φησὶ,
3698 3347 3770 3402 δι’

2176 3450 2344 3519 ἡμᾶς,
2377 3449 2405 3500 6
2439 3447 2631 3516 Λόγος
2653 3444 2809 3513 σὰρξ
2830 3442 3087 3513 ἐγένετο,
3126 3443 3239 3496 ἀλλ’
3272 3444 3422 3514 ὅμως
3467 3444 3652 3513 ἡμεῖς.
3684 3436 3768 3506 οἷς

2175 3539 2513 3610 κατηξίωσεν
2543 3536 2875 3604 ἐνδείξασθαι
2902 3535 2999 3607 τὴν
3032 3536 3221 3588 ἑαυτοῦ
3261 3533 3489 3605 θεότητα
3512 3574 3527 3598 ,
3555 3535 3654 3586 οὐκ
3685 3535 3766 3595 εἰς

2173 3633 2272 3702 τὴν
2298 3632 2474 3702 σάρκα
2509 3629 2842 3701 ἀφορῶντες,
2869 3628 3005 3698 αῦτη
3051 3626 3157 3697 γὰρ
3191 3626 3303 3695 (85)
3348 3625 3529 3696 μορφὴ
3573 3622 3763 3677 δούλου

2171 3719 2261 3794 ἦν,
2299 3721 2410 3776 ἀλλ’
2437 3725 2516 3784 εἰς
2541 3722 2640 3793 τὴν
2669 3720 2826 3786 δόξαν
2856 3718 3018 3773 αὐτοῦ
3055 3717 3151 3790 τὴν
3182 3717 3338 3780 ἐκτὸς
3379 3717 3474 3770 τοῦ
3510 3715 3766 3786 σώματος

2174 3814 2250 3885 νῷ
2276 3814 2500 3884 καθαρῷ
2529 3813 2933 3884 θεωρουμένην,
2968 3810 3310 3880 ἐθεασάμεθα
3340 3808 3439 3880 τὴν
3469 3808 3628 3875 δόξαν
3675 3809 3771 3862 αὺ-

2173 3908 2289 3973 τοῦ,
2344 3907 2502 3972 δόξαν
2561 3907 2801 3980 ἄρρητον
2859 3905 2954 3958 καὶ
3005 3903 3182 3956 πάντα
3236 3901 3446 3970 θνητῶν
3505 3899 3768 3972 λογισμὸν

2175 4000 2628 4071 ὑπερϐαίνουσαν,
2661 3998 2853 4052 ὁποίαν
2873 4014 2957 4062 τις
2977 3997 3246 4068 ἐννοήσειε
3277 3993 3433 4057 δόξαν
3462 3991 3592 4045 Υἰοῦ
3625 3991 3764 4045 Θεοῦ

2176 4093 2516 4164 μονογενοῦς.
2559 4088 2668 4144 ’Ἦν
2705 4091 2762 4144 δὲ
2806 4090 2944 4162 αὕτη
3001 4087 3153 4160 παρὰ
3203 4086 3299 4141 τοῦ
3351 4086 3564 4157 Πατρὸς
3612 4085 3766 4152 δόξα.

2183 4187 2344 4256 Ὀρᾷς
2371 4225 2386 4249 ,
2417 4186 2565 4248 ὅπως
2611 4184 2710 4236 οὐκ
2748 4178 2898 4249 εἷπε,
2935 4179 3026 4235 καὶ
3075 4177 3418 4250 ἐθεασάμεθα
3462 4177 3563 4249 τὴν
3607 4175 3770 4240 δόξαν

2172 4278 2357 4343 αὐτοῦ,
2387 4275 2542 4340 δόξαν
2567 4275 2643 4338 ὡς
2673 4274 2868 4343 Λόγου,
2897 4272 3074 4326 καίτοι
3125 4269 3423 4343 προειπὼν,
3479 4269 3542 4321 '0
3570 4269 3768 4337 Λόγος

2171 4367 2325 4436 σὰρξ
2354 4365 2612 4435 ἐγένετο,
2641 4363 2755 4416 ἀλλ’
2785 4365 2871 4417 ἵνα
2887 4362 3074 4434 διδάξῃ
3111 4363 3292 4414 ὁποῖον
3322 4359 3484 4413 αὑτὸν
3523 4359 3762 4428 ὑπεστήέ

2173 4479 2302 4516 σατο
2329 4461 2519 4530 Λόγον·
2554 4459 2657 4530 (ὅτι
2689 4458 2762 4530 μὴ
2788 4458 3139 4530 σημαντικὸν,
3165 4456 3280 4520 πῶς
3302 4457 3410 4527 γὰρ
3443 4457 3538 4508 καὶ
3565 4449 3675 4509 οἷόν
3701 4473 3762 4508 τε

489 4552 707 4620 quidem
747 4553 874 4617 tale,
907 4567 1037 4606 caro
1071 4550 1188 4605 lieri
1241 4549 1522 4619 nequibat)
1548 4549 1900 4618 Unigenitum
1929 4564 2068 4620 prae-

2178 4552 2240 4627 ἧν
2263 4555 2354 4608 τὸν
2380 4553 2620 4608 τοιοῦτον
2644 4555 2822 4623 σάρκα
2856 4549 3106 4620 γενέσθαι
3129 4567 3144 4610 ;
3169 4548 3189 4618 )
3243 4549 3558 4616 ἀναγκαίως
3596 4548 3766 4601 Μονοέ

490 4644 723 4708 dixerat,
754 4656 809 4699 et
855 4643 1080 4712 gloriam
1141 4643 1260 4714 ejus
1296 4642 1479 4708 talem,
1533 4643 1750 4713 qualem
1791 4641 1915 4698 Filii
1965 4642 2062 4700 Dei

491 4736 756 4804 uuigeniti
805 4736 1034 4805 gloriam
1069 4735 1439 4805 intelligimus.
1472 4735 1537 4790 Et
1560 4735 1789 4806 gloriam
1834 4735 1908 4790 illi
1945 4751 2066 4792 eam

487 4840 517 4878 a
551 4822 713 4878 Patre
763 4842 976 4895 quoque
1028 4828 1187 4881 docet
1233 4835 1290 4879 et
1341 4842 1446 4882 non
1495 4827 1713 4882 aliunde
1760 4827 2066 4884 advenisse.

486 4919 624 4974 Nam
667 4935 766 4974 nec
807 4921 1124 4990 ingenitam,
1166 4940 1265 4978 nec
1304 4923 1574 4994 principio
1623 4933 1923 4990 carentem,
1966 4938 2068 4979 nec

483 5027 515 5066 a
561 5027 620 5067 se
656 5027 983 5082 possessam,
1022 5024 1079 5068 et
1119 5031 1222 5068 non
1271 5015 1492 5071 aliunde
1537 5015 1767 5086 gloriam
1803 5016 2061 5082 habebat,

487 5109 583 5162 sed
612 5121 643 5159 a
671 5106 832 5161 Patre
878 5122 978 5162 suo
1029 5119 1308 5176 acceptam
1343 5127 1356 5163 :
1387 5108 1530 5176 quod
1588 5109 1750 5164 docet
1804 5110 1920 5179 ipse
1975 5099 2063 5162 in-

487 5201 686 5270 quiens
716 5215 729 5252 :
765 5198 948 5266 Pater,
988 5199 1226 5270 gloriﬁca
1261 5216 1343 5254 me
1385 5200 1557 5270 gloria
1585 5198 1680 5253 illa
1726 5217 1884 5270 quam
1921 5201 2062 5270 apud

491 5303 541 5348 te
588 5295 773 5361 habui,
821 5305 943 5349 ante
996 5296 1420 5349 constitutionem
1464 5294 1618 5347 istius
1665 5293 1939 5356 mundi”,
1968 5293 2056 5348 cui

2177 4647 2308 4718 γενῆ
2367 4644 2527 4700 αὐτὸν
2581 4647 2828 4716 προεῖπε.
2870 4642 2981 4696 Καὶ
3012 4640 3110 4711 τὴν
3155 4637 3310 4704 δόξαν
3339 4639 3504 4693 αὑτοῦ
3557 4639 3764 4711 ταύτην

2177 4737 2316 4794 εἶναι
2342 4738 2616 4801 διδάσκει,
2668 4736 2788 4792 καθ’
2821 4737 2888 4806 ἢν
2924 4737 3122 4789 νοεῖται
3157 4732 3454 4805 μονογενὴς.
3491 4725 3587 4784 τοῦ
3622 4732 3762 4785 Θεοῦ

2176 4832 2322 4895 Υἱός.
2374 4829 2668 4901 Ὑπάρχειν
2693 4846 2754 4881 τε
2783 4828 2892 4899 (86)
2929 4826 3098 4898 αὐτῷ,
3129 4824 3281 4895 φησὶ,
3327 4823 3426 4895 τὴν
3462 4823 3620 4889 δόξαν
3663 4822 3762 4876 οὐκ

2176 4923 2398 4979 ἄλλοθεν
2425 4922 2459 4994 ἢ
2492 4921 2641 4994 παρὰ
2665 4918 2758 4973 τοῦ
2787 4919 3000 4991 Πατρός
3023 4931 3037 4945 ·
3066 4910 3127 4970 οὗ
3163 4915 3270 4986 γάρ
3299 4913 3612 4984 ἀγέννητον,
3641 4913 3760 4966 οὐδὲ

2176 5017 2432 5089 ἄναρχον,
2462 5015 2582 5068 οὐδὲ
2618 5013 2914 5086 ἰδιὸκτητον
2948 5000 3061 5082 εἶχε
3087 5009 3186 5077 τὴν
3210 5007 3367 5070 δόξαν
3385 5048 3400 5073 ,
3427 5005 3562 5060 ἀλλὰ
3611 5022 3722 5078 παρ
3734 5004 3764 5064 θ’

2172 5108 2264 5162 τοῦ
2322 5106 2534 5180 Πατρὸς
2568 5104 2745 5158 λαϐὼν
2801 5104 2931 5176 (87).
2986 5099 3055 5155 Ὃ
3083 5099 3145 5170 δὴ
3183 5099 3276 5152 καὶ
3317 5098 3476 5160 αὐτὸς
3516 5096 3758 5166 παρίστη

2172 5200 2364 5269 λέγων,
2383 5198 2597 5266 Πάτερ,
2633 5196 2901 5262 δόξασόν
2925 5210 3003 5263 με
3026 5189 3102 5259 τῇ
3134 5189 3304 5258 δόξῃ,
3327 5188 3410 5255 ἦν
3445 5185 3612 5256 εἶχον
3640 5183 3756 5255 πρε

2170 5294 2277 5348 τοῦ
2311 5292 2418 5347 τόν
2449 5288 2680 5362 κόσμον
2711 5291 2862 5344 εἶναι
2884 5284 3044 5356 παρὰ
3068 5284 3188 5338 σοί.
3225 5285 3321 5336 Ὃν
3345 5281 3441 5335 καὶ
3471 5279 3759 5352 ἀμείϐεται

565 5462 624 5520 ›Ῑ‹
654 5456 751 5511 Ed.
796 5455 995 5526 Paris.,
1022 5475 1147 5531 pag.
1176 5459 1264 5515 85.
1339 5458 1382 5490 “
1406 5459 1426 5514 ι
1454 5457 1596 5513 Tim.
1618 5475 1689 5524 vt,
1723 5459 1811 5518 16.
1887 5459 1933 5491 ⁸¹
1957 5456 2073 5514 Joat

2178 5457 2285 5523 ,ιι
2363 5458 2409 5490 ⁸³
2433 5455 2594 5515 Joan.
2616 5470 2752 5524 XVII,
2785 5453 2838 5509 5.

564 5613 806 5690 (“875)5Hv
836 5620 863 5672 6
890 5619 1048 5688 ὶέγος
1077 5620 1254 5690 vulgo.

561 5688 921 5761 (8_.’g‘l_Mévwv
950 5690 1054 5759 Mp.
1085 5688 1200 5745 ΜοΞ
1236 5691 1393 5761 vulgo
1425 5692 1664 5748 διδάσκει
1698 5693 2027 5757 Απόστολος.

705 5759 809 5836 blp.
842 5761 914 5813 ῖσ.
952 5760 1252 5836 δυνάμεων.
1294 5758 1438 5836 Αιῇίιηξι
1467 5767 1621 5836 vulgo
1660 5765 2054 5836 (ἐχρημάτισεν.

585 5827 678 5898 85)
713 5827 881 5900 Vulgo
921 5848 1030 5888 om.
1077 5827 1189 5884 καί.
1224 5833 1368 5888 lufra
1412 5833 1602 5904 θνητὸν
1658 5827 1742 5886 )”’
1781 5827 2058 5905 δ’περϐάλο

2174 5621 2466 5758 big-alia.
2501 5687 2647 5756 αὐτῷ
2679 5689 2761 5744 vel
2790 5688 2956 5743 αὐτοῦ
2996 5689 3129 5757 Mp.,
3151 5687 3310 5756 vulgo
3341 5686 3528 5758 αὐτόν.

2267 5753 2356 5828 87)
2389 5761 2558 5830 Vulgo
2583 5753 2689 5822 ὅδε,
2717 5770 2770 5815 et
2801 5779 2920 5816 mox
2954 5753 3105 5829 παρά
3133 5775 3225 5812 σου
3244 5753 3552 5828 ἑιιὲδὸξασά
3579 5769 3644 5813 σε
3662 5753 3762 5814 καὶ

2166 5843 2221 5891 et
2245 5829 2412 5887 αὐτοῦ
2447 5829 2649 5895 πάντες
2679 5843 2735 5888 et
2761 5833 2950 5886 ἀκούει
2985 5829 3120 5884 Σαῦ.
