4088 6378
324 375 429 432 869

1275 382 1359 436 DE
1398 382 1932 439 ECCLESIASTICA
1971 384 2363 443 THEOLOGIA
2404 388 2536 446 LIB.
2577 389 2617 445 1.

3462 394 3565 448 870

322 490 501 557 λέγων
531 490 560 543 6
592 489 801 564 Πατήρ·
839 493 949 547 Καὶ
980 493 1243 558 ἐδόξασα
1288 495 1387 547 καὶ
1416 496 1601 549 πάλιν
1637 497 1883 562 δοξάσω.

2004 503 2334 568 respondens
2374 502 2449 556 ait
2494 502 2657 557 Pater
2690 518 2704 557 :
2734 500 2801 556 Et
2834 504 3131 573 gloriﬁcavi
3174 513 3245 570 te,
3279 516 3326 559 et
3376 507 3562 561 iterum

322 583 436 637 Καὶ
476 583 555 637 ἔτι
604 586 803 655 μᾶλλον
842 588 943 659 τὴν
993 588 1289 643 ὑπόστασιν
1334 590 1496 643 αὑτοῦ
1534 592 1844 661 συνίστησιν
1871 595 1899 646 6

322 672 488 737 αὐτὸς
536 675 925 749 εύαγγελιστὴς
956 680 1265 751 ἐπιφέρων,
1332 682 1581 752 Ἰωάννης
1630 685 1901 755 μαρτυρεῖ

318 764 451 835 περ).
476 764 639 817 αὑτοῦ
666 767 760 818 καὶ
785 768 1024 840 κέκραγε
1065 770 1237 837 λέγων
1263 789 1276 803 ο
1308 768 1499 839 Οὗτος
1530 771 1608 845 ἦν
1638 779 1670 829 ό
1706 778 1897 830 ὀπίσω

316 867 437 917 μου
459 851 779 921 ἐρχόμενος
804 893 818 918 ,
849 856 916 922 ὃς
946 859 1285 927 ἔμπροσθέν
1318 879 1435 929 μου
1473 864 1717 931 γέγονεν
1738 904 1752 927 ,
1807 866 1896 919 ὅτι

318 941 549 1010 πρῶτός
574 963 691 1014 μου
733 945 832 1019 ἦν,
870 949 958 1002 ὅτι
1008 952 1077 1004 ἐκ
1123 952 1231 1005 τοῦ
1279 952 1668 1022 πληρώματος
1709 957 1894 1010 αὑτοῦ

316 1033 490 1101 ἡμεῖς
520 1036 742 1104 πάντες
790 1041 1100 1110 ἐλάϐομεν.
1154 1043 1314 1096 Ἀλλὰ
1365 1044 1591 1113 βοῶντος
1629 1048 1891 1108 Ἰωάννου,

316 1124 398 1176 ὃτι
427 1125 643 1195 πρῶτος
686 1125 753 1199 ἦν
792 1131 953 1184 αὑτοῦ
981 1172 996 1196 ,
1022 1134 1119 1185 οὐκ
1161 1134 1344 1187 ἀκούει
1386 1137 1413 1187 6
1442 1136 1557 1199 νέος
1586 1138 1890 1201 Σαϐελλιος,

316 1216 493 1269 καίτοι
522 1219 661 1271 κατὰ
682 1222 860 1292 σάρκα
881 1224 1087 1294 προῆγε
1133 1224 1226 1277 τοῦ
1254 1224 1470 1297 (88-89)
1508 1227 1604 1297 τὴν
1631 1230 1842 1296 γένεσιν
1865 1232 1892 1282 6

316 1306 627 1379 Βαπτιστὴς
671 1311 938 1380 Ἰωάννης.
972 1313 1095 1376 Πῶς
1129 1308 1221 1366 οὖν
1243 1313 1597 1384 μαρτύρεται,
1634 1317 1715 1368 ὅτι
1742 1317 1889 1387 πρῶ-

311 1414 407 1462 τος
434 1399 597 1452 αὑτοῦ
633 1396 697 1471 ἧν
722 1405 818 1472 ςτῇ
845 1404 943 1473 μὲν
971 1403 1079 1475 γάρ
1104 1407 1245 1459 κατὰ
1274 1408 1449 1477 σάρκα
1480 1410 1643 1477 γεννή
1656 1425 1756 1469 σει,
1792 1409 1890 1461 οὐκ

313 1484 382 1561 ἦν
406 1490 621 1560 πρῶτος
648 1493 810 1546 αὑτοῦ
836 1498 862 1547 6
886 1496 1074 1566 Σωτήρ
1099 1512 1114 1527 ’
1150 1496 1347 1550 οὐκοῦν
1371 1498 1491 1550 καθ’
1524 1500 1551 1551 ὃ
1578 1500 1890 1570 Μονογενὴς

310 1573 381 1650 ἦν
409 1576 502 1632 106
525 1580 681 1645 Θεοῦ,
712 1581 923 1652 πρῶτος
953 1579 1020 1654 ἦν
1050 1584 1142 1637 106
1173 1586 1439 1644 Ἰωάννου.
1468 1589 1560 1640 καὶ
1583 1588 1888 1660 ἔμπροσθεν

314 1668 479 1722 αὐτοῦ
504 1671 744 1739 γέγονεν.
776 1668 900 1752 Ἆρ’
922 1671 1013 1727 οὖν
1035 1676 1526 1747 ὲπιδέχεταιταῦτα
1549 1680 1641 1732 ἐπὶ
1665 1679 1753 1732 τὸν
1778 1682 1890 1733 Πα-

312 1758 448 1830 τέρα
471 1762 563 1813 καὶ
578 1760 709 1815 Θεὸν
734 1763 837 1816 τῶν
858 1766 991 1818 ὅλων
1028 1767 1412 1837 ἀναφέρεσθαι,
1440 1769 1474 1839 ἢ
1509 1770 1600 1823 ἐπὶ
1633 1770 1887 1824 ἀνούσιον

2000 590 2390 659 gloriﬁcaba“.
2449 594 2553 647 Sed
2596 596 2773 649 adhuc
2812 596 3041 650 ulterius
3093 598 3423 668 evangelista
3478 601 3565 653 ille

1999 681 2141 735 idem
2170 682 2243 736 de
2267 684 2542 752 hypostasi
2571 685 2741 753 ipsius
2767 686 3014 754 perhibet
3045 688 3435 756 testimonium,
3471 692 3560 744 ubi

1997 770 2231 827 Joannes
2278 774 2518 842 Baptista
2569 776 2933 831 testimonium
2966 778 3014 831 ei
3046 780 3336 847 perhibuit,
3361 792 3414 835 et
3446 783 3563 835 cla-

1998 866 2167 919 mavit
2197 867 2380 922 dicens
2414 868 2560 921 :llic
2608 878 2721 922 erat
2764 870 2851 937 qui
2880 878 2993 937 post
3036 888 3117 924 me
3161 874 3391 937 veniens,
3440 885 3562 926 ante

1996 976 2077 1013 me
2108 958 2279 1027 factus
2310 971 2406 1025 est,
2439 963 2561 1030 quia
2594 964 2741 1030 prior
2770 978 2850 1015 me
2894 974 3027 1027 erat,
3059 967 3183 1034 quia
3225 967 3289 1019 de
3332 968 3559 1034 plenitu—

1995 1056 2117 1108 dine
2144 1056 2257 1125 ejus
2286 1072 2460 1109 omnes
2489 1057 2779 1124 accepimus
2796 1059 2863 1113 ⁸⁵.
2908 1059 3012 1113 Sed
3046 1060 3367 1113 clamantem
3391 1059 3559 1114 Joanv

1996 1161 2117 1200 nem
2148 1148 2289 1216 quod
2339 1149 2488 1215 prior
2527 1148 2643 1216 ipso
2684 1147 2865 1212 fuerit,
2894 1150 3162 1204 Sabellius
3221 1167 3326 1204 non
3386 1154 3555 1215 audit,

1994 1251 2267 1308 utcunque
2308 1241 2375 1294 de
2407 1243 2759 1308 generatione
2796 1235 2936 1310 apud
2969 1241 3183 1295 Patrem
3211 1242 3452 1311 Baptista
3477 1244 3560 1298 in-

1993 1333 2249 1385 stituebat
2305 1347 2628 1387 sermonem.
2681 1332 2963 1399 Quomodo
3006 1334 3169 1400 igitur
3213 1334 3262 1388 ei
3313 1334 3558 1388 testimo-

1991 1424 2138 1477 nium
2167 1424 2432 1490 perhibet,
2470 1425 2614 1493 quod
2644 1433 2770 1480 ante
2808 1426 2981 1494 ipsum
3028 1423 3187 1477 erat?
3215 1424 3381 1479 Certe
3411 1426 3553 1493 quod

1991 1522 2201 1581 spectat
2252 1513 2435 1568 carnis
2479 1515 2919 1584 generationem,
2959 1512 3219 1568 Servator
3280 1529 3385 1567 non
3437 1522 3558 1566 erat

1990 1613 2117 1655 ante
2137 1618 2259 1657 eum
2289 1619 2303 1656 :
2334 1607 2646 1660 necessario
2673 1606 2782 1659 vult
2819 1606 3113 1659 secundum
3143 1619 3286 1671 eam,
3316 1619 3421 1672 qua
3460 1604 3554 1657 Dei

1990 1694 2188 1747 dicitur
2224 1693 2563 1765 Unigenitus.
2606 1695 2913 1750 Secundum
2964 1697 3107 1750 hanc
3162 1698 3312 1763 prior
3350 1694 3556 1750 Joanne

1991 1777 2115 1843 fuit,
2147 1789 2203 1835 et
2230 1791 2356 1834 ante
2392 1797 2514 1834 eum
2576 1781 2927 1835 nascebatur.
2969 1780 3285 1833 Patieturne
3336 1782 3437 1833 ista
3488 1782 3554 1833 ad

315 1851 408 1903 κα)¹
420 1851 786 1905 ἀνυπόστατον
803 1856 859 1906 ὲν
889 1854 967 1924 τῷ
997 1855 1114 1925 Θεῷ
1152 1856 1321 1924 Λόγον
1333 1858 1422 1912 τὸν
1459 1857 1617 1911 αὑτὸν
1653 1859 1781 1912 ὄντα
1811 1859 1883 1930 τῷ

1989 1861 2201 1916 Patrem
2235 1872 2290 1917 et
2320 1864 2693 1919 universorum
2725 1864 2891 1919 Deum
2923 1865 3137 1928 referri,
3169 1880 3236 1917 an
3268 1866 3446 1932 ponus
3482 1864 3552 1916 ad

314 1941 465 2013 Θεῷς
516 1945 625 1996 Καὶ
655 1945 771 2008 πῶς
808 1946 873 2000 ἂν
900 1947 985 2016 εἴη
1008 1947 1227 2001 δυνατὸν
1257 1950 1384 2020 περὶ
1417 1950 1509 2003 106
1540 1950 1615 2021 μὴ
1648 1951 1889 2020 ὑφεστῶ-

313 2049 403 2097 τος
430 2033 587 2102 λόγου
604 2035 856 2104 λέγεσθαι
876 2038 955 2101 16,
983 2037 1360 2107 Ἐμπροσοέν
1380 2058 1498 2108 μου
1522 2040 1725 2109 γέγονε
1750 2058 1767 2102 ;
1793 2041 1887 2104 Τίς

311 2122 358 2174 δ’
388 2122 530 2177 οὕτω
556 2126 769 2196 μανείη,
803 2128 877 2191 ὡς
932 2128 1150 2197 νομίσαι
1185 2128 1436 2199 Ἰωάννην
1467 2129 1556 2181 τὸν
1580 2130 1886 2201 Βαπτιστὴν

310 2216 441 2284 περὶ
457 2214 550 2267 τοῦ
568 2216 702 2268 Θεοῦ
718 2217 824 2270 τῶν
844 2217 979 2269 δλων
995 2219 1271 2289 εἰρηκέναι
1288 2218 1755 2288 τὸ,Ἕμπροσθέν
1767 2239 1885 2290 μου

308 2303 519 2373 γέγονε
538 2345 553 2369 ,
584 2307 680 2359 καὶ
724 2308 807 2361 ὅτι
862 2308 1089 2376 πρῶτός
1110 2328 1229 2379 μου
1254 2306 1365 2380 ἦν;
1394 2311 1598 2365 Οὐκοῦν
1621 2313 1885 2366 δέδεικται

308 2394 398 2446 διά
441 2397 644 2450 τούτων
700 2400 1065 2469 προῦπάρχων
1112 2401 1210 2470 τῆς
1260 2402 1502 2455 Ἰωάννου
1553 2405 1813 2472 γενέσεως
1858 2407 1886 2457 6

309 2486 750 2559 θεολογούμενος,
786 2492 880 2543 καὶ
937 2491 1241 2561 ἔμπροσθεν
1285 2493 1448 2546 αὑτοῦ
1492 2494 1729 2563 γεγονὼς
1773 2496 1884 2561 (90)

312 2577 542 2649 συνέστη
564 2598 622 2633 τε
655 2581 714 2634 ού
753 2582 911 2652 μόνον
948 2583 1116 2652 Λόγος
1136 2626 1149 2649 ,
1181 2585 1316 2638 ἀλλὰ
1352 2587 1442 2638 καὶ
1470 2585 1601 2649 Θεὸς
1626 2587 1717 2639 καὶ
1747 2587 1881 2655 φῶς,

309 2670 405 2723 καὶ
429 2671 757 2742 Μονογερνὴς,
791 2674 896 2745 πρὸ
930 2674 1027 2743 τῆς
1067 2676 1331 2747 ὲνσάρκου
1374 2680 1672 2748 παρουσίας
1714 2679 1886 2751 ὑπάρ-

310 2780 420 2831 χων
449 2779 507 2814 τε
534 2764 628 2815 καὶ
653 2763 1055 2835 ὠνομασμένος.
1084 2768 1297 2821 Τούτων
1331 2768 1386 2821 δὲ
1419 2768 1581 2821 πόθεν
1620 2772 1652 2829 ἡ
1687 2770 1883 2837 γνῶσις

309 2852 387 2924 τῷ
420 2853 795 2925 εύαγγελιστῇ,
826 2856 985 2919 αὐτὸς
1021 2856 1248 2927 δηλώσει
1271 2857 1441 2924 λέγων
1474 2857 1631 2928 ἑξῆς,
1662 2860 1689 2912 6
1713 2861 1885 2912 Movo-

310 2945 474 3016 γενὴς
506 2945 631 3009 Υἱὸς
666 2949 695 3000 6
716 2945 790 2998 ὢν
825 2949 901 3010 εἰς
924 2949 1013 3000 τὸν
1041 2948 1238 3001 κόλπον
1263 2948 1354 3002 τοῦ
1383 2949 1595 3019 Πατρὸς
1616 2990 1629 3013 ,
1678 2952 1885 3012 ἐκεῖνος

309 3035 633 3106 ἐξηγήσατο.
689 3038 851 3109 Ὁρᾷς
903 3037 1053 3108 παρὰ
1103 3039 1247 3102 τίνος
1290 3038 1573 3109 μεμάθηκε
1618 3039 1711 3092 τοῦ
1756 3040 1881 3093 Υἱοῦ

309 3126 409 3197 τὴν
437 3126 729 3196 Θεολογίαν.

1991 1954 2215 2007 verbum
2262 1954 2688 2009 involuntarium
2729 1965 2783 2009 et
2821 1956 3118 2009 inexislens
3155 1955 3208 2008 in
3239 1954 3380 2020 Deo,
3413 1955 3555 2023 quod

1990 2060 2110 2099 cum
2128 2044 2237 2099 Deo
2268 2046 2406 2100 idem
2430 2046 2500 2099 sit
2519 2046 2543 2099 7
2563 2046 2667 2101 Sed
2687 2047 2751 2099 de
2778 2048 2939 2101 verbo
2964 2064 3069 2103 non
3096 2046 3445 2110 subsistente,
3470 2058 3555 2099 est

1990 2132 2320 2202 impossibile
2342 2143 2403 2187 ut
2429 2134 2643 2188 dicatur
2684 2134 2816 2188 illud
2851 2152 2863 2187 :
2903 2136 3038 2189 Ante
3080 2152 3162 2189 me
3201 2135 3395 2203 fuerat.
3420 2135 3553 2200 Quis

1989 2228 2124 2278 adeo
2156 2225 2378 2278 insanus
2411 2235 2513 2287 est,
2546 2236 2604 2279 ut
2635 2225 2887 2293 Opinetur
2912 2225 3211 2294 Baptistam
3246 2227 3309 2281 de
3332 2227 3551 2280 univer-

1990 2328 2170 2371 sorum
2215 2316 2343 2369 Deo.
2378 2316 2566 2369 isthaac
2626 2331 2915 2383 usurpasse
2946 2333 2960 2369 :
2991 2316 3125 2369 Erat
3164 2326 3284 2370 ante
3342 2333 3441 2380 me,
3496 2327 3552 2372 et

1987 2409 2133 2476 prius
2158 2422 2235 2460 me
2280 2408 2486 2476 genitus
2510 2416 2584 2461 est
2608 2407 2634 2460 ?
2670 2412 2727 2470 ᾗ
2758 2406 2895 2461 llinc
2925 2407 3092 2477 igitur
3119 2408 3550 2462 demonstratum

1988 2509 2096 2564 est,
2127 2513 2250 2553 eum
2300 2499 2368 2553 de
2415 2498 2571 2564 cujus
2611 2497 2897 2552 divinitate
2930 2499 3129 2568 agitur,
3158 2506 3285 2552 ante
3311 2498 3549 2568 genitum

1985 2590 2247 2645 Joannem
2301 2589 2647 2645 sub3titisse:
2683 2597 2737 2643 et
2785 2589 2935 2658 prius
2975 2587 3065 2643 illo
3112 2589 3347 2658 genitum
3380 2590 3550 2643 exsti-

1989 2679 2167 2735 tisse:
2207 2678 2299 2749 qui
2351 2695 2456 2733 non
2496 2678 2666 2733 solum
2716 2680 2873 2733 modo
2927 2677 3189 2743 Verbum,
3245 2680 3341 2734 sed
3388 2681 3549 2743 Deus,

1988 2770 2104 2835 lux,
2136 2770 2481 2841 Unigenitus,
2510 2779 2639 2824 ante
2666 2768 2956 2822 adventum
2984 2769 3037 2822 in
3067 2784 3231 2824 carne
3256 2779 3311 2823 et
3354 2778 3469 2823 erat
3493 2780 3550 2824 et

1986 2861 2289 2915 dicebatur.
2352 2860 2504 2916 Unde
2561 2876 2692 2915 vero
2745 2861 2861 2914 haec
2910 2860 3150 2928 cognitio
3205 2860 3553 2928 evangelista:

1986 2952 2300 3014 accesserit,
2320 2952 2431 3021 ipse
2452 2968 2549 3006 nos
2577 2952 2789 3007 docebit
2816 2952 2868 3005 in
2893 2950 3271 3018 sequentibus,
3293 2949 3552 3019 Unigeni-

1988 3048 2073 3093 tus
2112 3040 2304 3105 Filius,
2348 3042 2440 3110 qui
2472 3052 2591 3096 erat
2630 3043 2680 3095 in
2722 3042 2840 3095 sinu
2878 3040 3080 3103 Patris,
3107 3042 3220 3109 ipse
3248 3040 3547 3094 enarravit.

1990 3129 2149 3185 Vides
2175 3130 2333 3186 Verbi
2366 3131 2665 3187 divinitatis
2705 3132 2942 3185 rationes
2969 3129 3108 3184 unde
3130 3129 3339 3184 didicit.

379 3217 439 3270 ε’.
469 3220 541 3271 Οὐ
572 3220 676 3291 γὰρ
711 3221 913 3290 Μωσῆς
938 3237 1099 3289 φησιν
1124 3219 1257 3290 (91).
1306 3221 1426 3274 οὐδὲ
1467 3224 1759 3293 προφητῶν
1801 3243 1883 3287 τις

2055 3221 2106 3274 5.
2148 3220 2265 3275 Non
2314 3221 2525 3292 Moyses
2572 3224 2667 3288 ait,
2704 3223 2796 3277 sed
2842 3236 2944 3277 nec
2983 3220 3362 3289 pmpbetarnm
3404 3220 3556 3290 quis-

306 3306 417 3359 τῶν
447 3308 583 3377 μετὰ
610 3308 843 3361 Μωσέα·
876 3307 995 3360 ούδέ
1020 3324 1083 3375 γε
1105 3309 1350 3376 ἀγγέλων
1376 3327 1477 3371 τις,
1507 3310 1539 3379 ἦ
1569 3311 1674 3363 τῶν
1708 3330 1885 3382 κρειτ-

306 3396 476 3450 τόνων
521 3397 803 3467 δυνάμεων
823 3436 836 3461 ,
870 3396 983 3449 ἀλλ’
1005 3398 1164 3460 αὐτὸς
1198 3399 1225 3449 ὁ
1276 3400 1566 3468 μονογενὴς
1594 3400 1719 3463 Υἱὸς
1744 3402 1882 3453 1061‘

305 3486 627 3558 ἐξηγήσατο.
654 3488 859 3541 Οὐκοῦν
903 3491 930 3542 6
970 3490 1067 3559 μὲν
1108 3490 1334 3560 ἀόρατος
1376 3490 1506 3553 Θεὸς
1549 3490 1645 3543 οὐκ
1690 3491 1884 3563 ἐξηγή-

309 3595 475 3644 σατο,
512 3582 541 3633 6
586 3580 643 3634 δὲ
694 3579 983 3651 μονογενὴς
1024 3580 1149 3643 Υἱὸς
1196 3581 1387 3651 ὁρατὸς
1424 3580 1741 3651 γενόμενος,
1786 3583 1882 3652 τὴν

307 3671 439 3742 περὶ
460 3671 551 3723 τοῦ
582 3672 793 3742 Πατρὸς
826 3670 1128 3743 ἀνθρώποις
1156 3672 1413 3741 ἐξήγησιν
1441 3673 1749 3743 ἐποιήσατο,
1778 3674 1885 3725 ἕτε-

308 3786 402 3839 ρος
445 3767 519 3821 ὢν
562 3767 762 3838 δηλαδὴ
808 3767 957 3837 παρὰ
985 3767 1074 3819 τὸν
1126 3768 1355 3836 ἀόρατον
1408 3766 1572 3821 Θεόν·
1616 3768 1752 3821 ἀλλὰ
1789 3762 1882 3821 καὶ

307 3860 677 3930 προῦπάρχων
705 3855 795 3929 ἦν,
831 3859 931 3910 ούκ
974 3859 1031 3910 ἐν
1058 3861 1123 3929 τῇ
1173 3858 1378 3929 διανοίᾳ
1409 3857 1499 3910 106
1529 3859 1738 3930 Πατρὸς
1761 3897 1774 3921 ,
1808 3860 1881 3922 ὡς

306 3948 482 4001 ἐδόκει
510 3948 834 4018 Μαρκέλλῳ,
866 3947 979 3999 ἀλλ’
1006 3948 1061 3999 ὲν
1092 3950 1203 4011 τοῖς
1227 3946 1443 4009 κόλποις
1478 3947 1666 4011 αὐτοῦ,
1694 3948 1882 4020 ὥσπερ

309 4039 424 4109 (92)
450 4039 513 4109 δὴ
542 4040 673 4109 ἡμῖν
703 4037 1028 4109 ἐπήγγελται
1052 4038 1082 4090 6
1114 4038 1302 4109 Σωτὴρ
1325 4039 1404 4101 εἰς
1425 4038 1656 4102 κόλπους
1688 4039 1881 4110 Ἀϐρα-

307 4132 390 4202 ὰμ
417 4132 511 4183 καὶ
548 4130 732 4183 Ἰσαὰκ
758 4131 847 4181 καὶ
886 4128 1076 4182 Ἰακὼὸ
1105 4128 1597 4189 διαναπαύσασθαι,
1622 4128 1765 4182 οὓτω
1788 4131 1880 4183 καὶ

306 4225 335 4275 6
368 4223 496 4285 Υἱὸς
524 4226 601 4285 εις
622 4222 711 4275 τὸν
741 4222 936 4274 κόλπον
965 4215 1032 4291 ἦν
1062 4220 1155 4273 τοῦ
1181 4221 1393 4291 [ἰατρὸς
1415 4261 1430 4287 ,
1461 4222 1556 4290 οὐχ
1603 4219 1685 4283 εἷς
1729 4223 1822 4274 καὶ
1851 4224 1879 4274 6

307 4313 469 4376 αὐτὸς
508 4312 583 4367 ὢν
612 4313 686 4383 τῷ
726 4314 917 4383 Πατρὶ,
948 4312 1070 4363 ἐπεὶ
1103 4310 1234 4381 μηδὲ
1265 4313 1425 4381 ἡμεῖς
1450 4311 1604 4364 αὐτοὶ
1643 4311 1878 4382 ἐσόμεθα

305 4408 420 4468 τοῖς
443 4406 618 4473 ἁγίοις
659 4406 947 4474 πατράσιν.
994 4403 1153 4455 Ἀλλὰ
1178 4402 1285 4473 γὰρ
1312 4403 1405 4455 ὲπὶ
1444 4402 1655 4466 τούτοις
1700 4405 1874 4473 τήρει,

1985 3313 2129 3381 piam
2161 3320 2285 3381 post
2325 3311 2563 3381 Moysen:
2589 3326 2604 3363 :
2629 3326 2735 3365 non
2766 3326 2797 3365 e
2839 3325 3065 3364 numero
3093 3309 3429 3377 angelorum,
3457 3321 3551 3363 aut

1985 3402 2296 3458 sublimium
2327 3402 2523 3471 aliquis
2550 3410 2875 3471 potestatum
2908 3417 2922 3454 :
2948 3401 3042 3455 sed
3083 3401 3196 3469 ipse
3224 3398 3392 3455 Filius
3420 3402 3547 3454 uni-

1983 3494 2219 3561 genitus,
2262 3494 2364 3547 hoc
2400 3494 2713 3548 cnarrabat.
2770 3491 3094 3561 Unigenitus
3128 3490 3319 3554 Filius,
3366 3490 3546 3547 factus

1982 3582 2235 3647 visibilis,
2272 3586 2669 3638 enarrationem
2714 3583 2780 3637 de
2816 3583 2976 3636 Patre
3007 3582 3149 3651 apud
3193 3582 3438 3638 homines
3461 3584 3548 3637 in-

1983 3675 2242 3729 stituebat
2266 3675 2431 3741 alius,
2455 3689 2646 3743 nempe
2670 3675 2965 3738 enistens,
3006 3675 3074 3728 ab
3104 3674 3357 3728 invisibili
3396 3674 3542 3729 Deo:

1980 3765 2076 3819 sed
2100 3775 2153 3819 et
2184 3765 2598 3832 praaexsistebat
2633 3763 2722 3817 ille
2758 3780 2888 3828 non,
2917 3765 3059 3833 quod
3089 3762 3340 3817 Marcello
3370 3764 3545 3817 visum

1981 3864 2083 3918 est,
2124 3854 2177 3908 in
2227 3866 2408 3910 mente
2448 3854 2660 3919 Patris;
2686 3854 2780 3909 sed
2823 3856 2877 3908 in
2923 3856 3044 3908 sinu
3086 3854 3243 3921 ejus:
3274 3855 3544 3924 quomodo

1982 3944 2232 4010 promisit
2283 3944 2542 4000 Servator
2598 3944 2773 4009 nobis,
2830 3959 2930 3999 nos
2981 3945 3033 3998 in
3075 3946 3196 3999 sinu
3243 3946 3542 4009 Abraham,

1982 4033 2149 4101 Isaac,
2181 4042 2236 4090 et
2265 4033 2433 4089 Jacob
2471 4033 2750 4105 quieturos
2784 4050 2799 4089 :
2831 4035 2906 4090 ita
2939 4044 2995 4091 et
3037 4034 3153 4104 ipse
3187 4043 3309 4089 erat
3340 4034 3392 4089 in
3421 4034 3541 4088 sinu

1980 4125 2177 4191 Patris,
2206 4141 2313 4182 non
2341 4142 2481 4182 unus
2518 4127 2768 4196 idemque
2793 4141 2913 4180 cum
2944 4142 3042 4181 suo
3068 4126 3248 4179 Patre.
3275 4125 3406 4180 Nam
3444 4141 3543 4181 nec

1981 4232 2079 4272 nos
2107 4217 2273 4272 futuri
2308 4233 2499 4273 sumus
2526 4219 2689 4273 iidem
2724 4234 2845 4272 cum
2887 4218 3090 4272 sanctis
3133 4217 3238 4272 illis
3276 4219 3539 4287 patribus.

1979 4309 2086 4365 Sed
2117 4318 2173 4364 et
2214 4309 2343 4364 illud
2389 4310 2610 4380 insuper
2640 4310 3036 4364 observandum
3069 4310 3234 4372 venit,
3277 4309 3421 4377 quod
3452 4309 3542 4363 ubi

1978 4402 2144 4457 semel
2161 4401 2390 4456 Verbum
2411 4403 2808 4463 nominaverat,
2836 4400 3081 4455 eumdem
3108 4400 3272 4455 etiam
3297 4409 3351 4454 et
3375 4400 3541 4454 Deum

305 4499 455 4559 ὅπως
478 4498 613 4568 μετὰ
629 4497 687 4549 τὸ
702 4494 847 4559 ἅπαξ
867 4494 1127 4565 ὀνομάσαι
1146 4494 1313 4561 Λόγον
1338 4493 1432 4547 καὶ
1447 4492 1576 4547 Θεὸν
1598 4494 1688 4547 τὸν
1714 4495 1873 4548 αὐτὸν

1986 4503 2032 4546 et
2059 4492 2234 4548 lucem
2271 4493 2428 4558 dixit,
2453 4503 2507 4547 et
2535 4492 2876 4561 Unigenitum
2909 4490 3216 4561 appellavit,
3252 4501 3308 4544 et
3346 4489 3542 4544 Filium

306 4591 571 4653 ἀνειπεῖν,
604 4588 697 4641 καὶ
722 4588 834 4656 φῶς
858 4586 1220 4649 ἀποκαλέσαι,
1253 4584 1348 4638 καὶ
1377 4584 1654 4655 Μονογενῆ
1684 4586 1869 4655 φάναι,

307 4681 404 4735 καὶ
427 4681 553 4733 Υἱὸν
579 4678 711 4733 Θεοῦ
754 4677 1112 4750 ὁμολογῆσαι,
1144 4680 1242 4732 ούκ
1280 4678 1359 4731 ἔτι
1388 4676 1559 4744 Λόγον
1596 4677 1869 4748 ὀνομάζει,

305 4773 443 4827 ἀλλὰ
475 4774 567 4825 καὶ
599 4771 759 4824 αὑτὸν
787 4769 969 4822 λοιπὸν
1009 4772 1209 4839 ἱστορεῖ
1257 4770 1347 4823 τὸν
1380 4771 1641 4840 Σωτῆρα.
1676 4769 1735 4822 ού
1768 4769 1871 4821 Λό-

305 4882 402 4933 γον
431 4863 621 4916 ἑαυτὸν
644 4860 1018 4915 ἀποκαλοῦντα
1041 4898 1056 4922 ,
1104 4860 1238 4913 ἀλλὰ
1272 4862 1399 4914 Υἱὸν
1428 4861 1522 4913 καὶ
1570 4860 1868 4930 Μονογενῆ,

306 4956 400 5008 καὶ
432 4955 563 5023 φῶς,
598 4955 691 5007 καὶ
716 4953 859 5023 ζωὴν
883 4991 897 5017 ,
942 4952 1034 5003 καὶ
1060 4950 1348 5021 ἀλήθειαν,
1383 4952 1476 5005 καί
1500 4950 1635 5005 ἄλλα
1672 4952 1871 5022 μυρία·

304 5049 494 5117 ὥσπερ
515 5045 608 5100 οὖν
633 5046 862 5099 ἀκοῦσαι
894 5046 1153 5117 πάρεστιν
1174 5043 1337 5096 αὐτοῦ
1364 5037 1464 5097 ὧδέ
1492 5060 1569 5113 πη
1591 5043 1871 5095 διδάσκον-

304 5154 398 5200 τος
417 5154 431 5169 ο
468 5138 629 5189 Οὕτω
650 5135 758 5205 γὰρ
783 5134 1097 5203 ἠγάπησεν
1112 5136 1143 5187 ό
1164 5132 1304 5197 Θεὸς
1328 5132 1434 5186 τὸν
1444 5132 1694 5200 κόσμον,
1716 5129 1871 5184 ὥστε

306 5230 415 5283 τὸν
458 5226 592 5282 Υἱὸν
615 5226 797 5280 αὑτοῦ
839 5225 943 5279 τόν
963 5221 1259 5294 μονογενῆ
1297 5222 1521 5276 ἔδωκεν
1543 5260 1558 5284 ,
1592 5221 1694 5273 ἵνα
1752 5217 1870 5286 πᾶς

1978 4584 2071 4638 Dei
2103 4584 2409 4638 conﬁtetur.
2444 4581 2555 4639 Nec
2611 4584 2864 4652 deinceps
2899 4582 3048 4637 illum
3097 4580 3332 4636 Verbum
3380 4596 3539 4635 usur-

1976 4687 2090 4747 pat,
2122 4679 2217 4731 sed
2245 4687 2299 4732 et
2330 4675 2671 4729 Servatorem
2698 4682 3105 4738 commemorat,
3125 4673 3343 4742 insuper
3368 4672 3542 4740 ipsum

1979 4778 2037 4819 se
2066 4763 2337 4820 dicentem
2377 4779 2485 4819 non
2512 4764 2771 4829 Verbum,
2805 4764 2900 4816 sed
2939 4761 3134 4815 Filium
3180 4761 3539 4829 unigenitum,

1978 4855 2173 4921 lucem,
2210 4856 2397 4919 vitam,
2441 4855 2748 4917 veritatem,
2782 4862 2837 4907 et
2863 4860 3120 4907 sexcenta
3156 4853 3373 4921 quidem
3409 4852 3537 4906 alia.

1973 4947 2235 5002 Nimirum
2266 4948 2455 5002 audire
2482 4947 2610 5001 licet
2643 4947 2816 5017 ipsum
2858 4947 2937 5000 sic
2970 4947 3254 4999 docentem
3284 4961 3300 4998 :
3333 4943 3421 4997 Sic
3457 4947 3540 4996 di-

1974 5037 2102 5090 lexit
2148 5036 2287 5091 Deus
2331 5039 2605 5100 mundum,
2654 5046 2708 5087 ut
2752 5034 2953 5087 Filium
3000 5051 3155 5087 suum
3216 5034 3538 5101 unigenitum

1976 5134 2146 5191 daret,
2176 5138 2231 5181 ut
2259 5130 2425 5180 omnis
2455 5128 2544 5197 qui
2576 5127 2748 5180 credet
2796 5128 2849 5180 in
2884 5142 3000 5178 eum
3037 5142 3139 5178 non
3172 5137 3345 5190 pereat
3371 5125 3437 5176 ⁸⁸.
3471 5125 3538 5177 Et

1977 5220 2210 5276 iterum:
2239 5219 2419 5290 Neque
2466 5224 2603 5274 enim
2649 5223 2791 5275 misit
2854 5221 2993 5274 Deus
3047 5218 3244 5272 Filium
3296 5234 3448 5270 suum
3484 5220 3539 5272 in

382 5416 443 5475 >14
468 5408 568 5464 Ed.
590 5406 786 5474 Paris.,
818 5421 941 5479 pag.
966 5403 1055 5460 86.
1128 5403 1176 5436 “
1206 5402 1363 5458 Joan.
1392 5416 1490 5466 xu,
1516 5399 1608 5455 28.
1663 5400 1708 5432 ⁸⁸
1733 5398 1883 5454 Joan.

1994 5398 2080 5465 l5,
2116 5399 2198 5453 ιδ.
2273 5399 2317 5431 ⁸⁸
2348 5396 2502 5453 Joan.
2534 5414 2618 5462 ιιι,
2646 5400 2733 5454 16.

383 5650 596 5721 (88-89)
625 5647 789 5719 Vulgo
813 5648 1019 5721 πατρός
1040 5655 1093 5703 et
1124 5645 1259 5701 infra
1282 5641 1495 5715 πρῶτος
1527 5640 1689 5695 αὐτοῦ
1711 5635 1779 5712 ἦν
1814 5650 1870 5698 et

307 5725 401 5776 ἐπὶ
423 5719 673 5775 ἀκούσιον
698 5732 751 5773 et
772 5719 1015 5789 νομίσας.

380 5792 489 5863 (90)
519 5781 853 5858 Συνέστηκεν
880 5789 940 5840 οὺ
974 5787 1132 5857 vulgo
1164 5795 1217 5842 et
1244 5786 1337 5841 106
1370 5785 1498 5839 Υἱοῦ
1529 5781 1828 5850 θεολογίαν.

2043 5636 2322 5707 (9|__‘A.l.l’
2347 5635 2489 5689 οὐδὲ
2533 5634 2854 5704 προφητῶν
2908 5633 3171 5707 mollite
3211 5640 3293 5691 est
3324 5645 3451 5689 vera
3471 5631 3535 5689 lc»

1975 5703 2272 5776 σηοως..
2302 5707 2433 5776 (Ego
2464 5703 2621 5762 codd.
2644 5703 2860 5761 Secutus
2886 5720 3002 5761 sum
3029 5703 3049 5775 )

2042 5775 2153 5847 (92)
2194 5775 2471 5846 Vulgo’Gé.
