4088 6390
485 396 584 450 871

1197 461 1200 464 ῃ
1232 373 1504 444 EUSEBlI
1542 374 2022 440 CJESARIENSIS
2060 383 2084 437 (

2186 389 2211 436 ’.
2255 377 2438 435 PARS
2472 377 2559 434 IV.
2600 407 2668 418 —
2705 375 3124 433 DOGMATICA.

3645 378 3754 434 87‘2

490 509 770 572 mundum,
811 514 865 556 ut
887 503 1089 572 judice!
1125 501 1382 553 mundum
1400 499 1466 552 ⁸³⁷.
1511 497 1574 551 Et
1605 498 1764 550 tertio
1792 514 1803 547 :
1834 495 1938 560 Qui
1967 511 2069 548 non

2186 495 2206 546 5
2264 493 2567 545 πιστεύων
2606 494 2694 557 εις
2723 489 2912 545 αὐτὸν
2947 489 3034 560 μὴ
3055 490 3370 557 ἀπόληται.
3403 487 3516 543 Kal
3547 489 3713 544 πάλιν
3733 507 3747 519 ·

489 598 680 660 credit,
704 597 819 663 jam
851 594 1127 660 judicatus
1176 600 1273 652 est,
1307 590 1432 657 quia
1463 603 1566 640 non
1599 587 1768 638 credit
1794 587 1849 638 in
1879 600 2068 637 nomen

2186 587 2248 639 )1)
2299 585 2410 654 γὰρ
2469 584 2831 638 ἀπέστειλεν
2877 585 2910 636 ό
2974 581 3118 647 Θεὸς
3168 582 3276 634 τὸν
3331 580 3468 634 Υίόν
3509 583 3598 646 εις
3645 581 3755 635 τὸν

490 686 749 757 unigeniti
802 681 931 735 Filii
964 681 1057 736 Dei
1081 681 1146 733 ⁸⁸.
1183 679 1258 733 lta
1300 679 1401 732 hoc
1431 677 1485 730 in
1513 677 1628 730 loco
1660 675 1852 728 iterum
1882 689 1898 727 :
1928 673 2069 727 Deus

491 779 634 832 dedit
665 785 711 828 et
731 775 870 826 misit
898 769 1321 834 Filium,mundi
1344 767 1718 828 Servatorem;
1749 777 1802 818 et
1827 765 1916 834 qui
1954 767 2070 818 mit.-

493 871 728 932 tebatur,
753 875 872 920 erat
901 865 1123 919 omnino
1143 863 1279 916 alius
1305 879 1333 915 a
1358 862 1623 915 mittente.
1654 858 1917 925 Quocirca
1940 858 2068 911 mihi

491 960 709 1013 videtur
732 958 989 1012 Servator
1006 957 1059 1010 in
1083 953 1456 1022 sequentibus,
1486 963 1741 1020 tanquam
1761 948 2070 1004 Marcellum

492 1060 548 1106 et
589 1059 816 1106 caeteros
846 1051 938 1118 qui
998 1057 1206 1102 natura:
1225 1044 1344 1100 Filii
1392 1045 1649 1108 invident,
1695 1042 2074 1113 pronuntiasse

493 1146 638 1216 quod
665 1145 924 1213 scriptum
945 1151 1026 1196 est
1051 1140 1270 1195 :Nonne
1293 1143 1347 1194 in
1372 1139 1478 1205 leqe
1503 1151 1669 1193 vestra
1691 1139 1942 1205 scriptum
1963 1146 2036 1190 est
2056 1152 2070 1190 :

502 1243 562 1304 »Β
600 1238 710 1308 Ego
755 1237 890 1301 duri,
923 1236 996 1288 dii
1035 1235 1176 1287 estis.
1224 1232 1328 1286 Eos
1372 1233 1510 1286 dixit
1553 1233 1697 1292 deos,
1734 1231 1802 1283 ad
1831 1246 1961 1298 quos
1993 1229 2076 1297 [a-

497 1343 637 1385 ctum
658 1339 733 1384 est
757 1330 965 1383 uerbum
993 1327 1088 1380 Dei
1106 1341 1300 1394 :neque
1324 1325 1507 1394 poterit
1535 1323 1749 1376 dissolvi
1773 1320 2072 1389 Scriptura.

497 1422 662 1488 Quem
710 1419 872 1472 Pater
905 1417 1276 1484 sanctiﬁcavft,
1311 1427 1356 1468 et
1407 1417 1462 1468 in
1507 1416 1759 1466 mundum
1794 1414 1956 1476 misit,
1985 1429 2076 1465 vos

495 1515 670 1566 dicitis
699 1527 717 1564 :
743 1513 894 1576 Quod
923 1510 1273 1576 blasphemas,
1302 1506 1547 1575 quoniam
1575 1506 1711 1570 dixi,
1731 1505 1868 1572 quod
1901 1501 2077 1556 Filius

497 1606 594 1659 Dei
621 1622 735 1658 sum
756 1604 826 1656 ⁸⁸.
851 1603 1088 1656 Audisne
1129 1601 1216 1653 hic
1263 1598 1472 1668 quoties
1511 1611 1570 1650 se
1604 1595 1860 1650 Servator
1907 1595 2079 1648 norni-

497 1706 590 1750 uet
629 1709 737 1750 non
775 1692 1032 1756 Verbum,
1061 1691 1154 1743 sed
1195 1687 1392 1741 Filium
1437 1694 1492 1738 et
1521 1683 1868 1754 Uuigenitum
1899 1700 1911 1734 :
1945 1699 2079 1750 qua-

497 1787 624 1841 liter
671 1799 793 1839 sese
831 1798 861 1836 a
895 1781 1056 1836 Patre
1112 1777 1333 1832 missum
1381 1776 1570 1830 doceat
1609 1782 1711 1827 :et
1766 1773 2076 1841 priusquam

501 1880 828 1940 mitteretur,
870 1872 1266 1928 sanctiﬁcatum
1300 1886 1316 1935 ;
1366 1866 1955 1936 et,quemadmodum,
1985 1878 2080 1916 eos

500 1969 590 2038 qui
622 1974 918 2038 gravantur
939 1961 1182 2017 conﬁteri
1215 1961 1391 2030 ipsum
1422 1957 1616 2012 Filium
1643 1969 1762 2010 esse
1785 1953 1902 2017 Dei,
1929 1969 2080 2006 aver—

499 2067 666 2122 setur,
694 2073 725 2113 e
755 2055 951 2111 divinis
984 2052 1282 2120 Scripturis
1316 2049 1538 2112 docens,
1566 2047 1709 2116 quod
1741 2060 1845 2100 non
1873 2052 2078 2098 tantum

502 2150 596 2203 ﬁlii
634 2148 749 2212 Dei,
803 2147 900 2201 sed
933 2145 1095 2198 etiam
1132 2143 1204 2196 dii
1247 2139 1502 2194 mortales
1531 2138 1777 2193 homines
1806 2135 2080 2206 appellen-

503 2249 594 2295 tur
626 2257 640 2294 :
674 2248 731 2293 ut
773 2238 992 2292 minime
1027 2235 1345 2302 blaspheme
1372 2231 1576 2284 dictum
1606 2231 1888 2292 habeatur,
1912 2228 2083 2281 conﬁ-

507 2330 610 2386 teri
642 2328 791 2384 illum
817 2325 1001 2389 simul,
1025 2336 1082 2379 et
1110 2323 1203 2378 Dei
1229 2321 1449 2386 Filium,
1476 2331 1533 2374 et
1569 2319 1760 2382 Deum,
1798 2331 1958 2386 quem
1983 2315 2084 2370 Pa-

501 2433 590 2478 ter
623 2419 983 2475 sanetiﬁeavit
1012 2426 1066 2470 et
1094 2416 1146 2470 in
1185 2414 1442 2467 mundum
1469 2411 1636 2465 misit.
1667 2409 1806 2474 Quid
1837 2423 1967 2477 ergo
1995 2407 2083 2461 ille

501 2513 834 2584 patiebatur,
862 2511 952 2579 qui
982 2517 1104 2578 post
1135 2507 1297 2560 hasce
1326 2518 1486 2557 voces
1507 2517 1672 2557 ausus
1707 2509 1791 2555 est
1817 2500 2081 2553 exsertim

502 2604 706 2670 dicere,
732 2602 970 2657 Verbum
996 2614 1119 2653 esse
1143 2597 1316 2661 illum,
1337 2609 1438 2649 nec
1469 2603 1728 2664 praeterea
1753 2592 2079 2662 quidquam:

502 2703 666 2762 atque
705 2693 774 2748 ob
801 2705 920 2746 eam
957 2705 1177 2744 causam
1221 2688 1294 2740 ita
1341 2685 1568 2739 totidem
1607 2684 1788 2738 verbis
1819 2683 2080 2743 scribere,

503 2783 597 2856 [Β.
623 2782 793 2838 XXIV
833 2781 955 2836 coll.
1001 2797 1052 2849 p.
1081 2778 1174 2850 42]
1208 2797 1229 2830 ι
1269 2775 1387 2832 Νοη
1429 2775 1668 2830 nominat
1709 2790 1834 2829 eum
1870 2774 1959 2829 Dei
1996 2773 2085 2827 Fi-

509 2885 531 2925 ι
575 2873 709 2927 lium
745 2887 762 2924 :
789 2874 884 2926 sed
907 2871 1103 2939 ubique
1119 2869 1313 2922 Filium
1338 2867 1571 2921 hominis
1598 2867 1787 2934 seipse
1818 2865 2083 2934 appellat,

511 2981 530 3015 ι
576 2973 636 3018 ut
663 2964 744 3018 sie
775 2978 872 3031 per
903 2960 1206 3015 istiusmodi
1232 2957 1657 3020 confessionem,
1678 2959 1955 3011 hominem
1988 2973 2086 3011 na-

509 3075 530 3109 ι
577 3056 823 3110 turaliter
843 3055 1213 3116 exsisteutem,
1251 3051 1345 3106 Dei
1390 3051 1583 3107 Filiqu
1625 3049 1822 3104 factum
1866 3064 2089 3118 persua-

2171 679 2424 745 κόσμον,
2457 677 2558 730 ἵνα
2585 677 2760 745 κρίνῃ
2782 674 2888 728 τὸν
2917 676 3169 742 κόσμον.
3208 674 3317 726 Καὶ
3349 669 3505 737 αὖθις
3528 694 3542 709 ο
3585 675 3639 725 Ὀ
3686 673 3756 726 δὲ

2166 769 2252 839 μὴ
2289 769 2592 821 πιστεύων
2638 766 2755 835 ἤδη
2788 765 3071 834 κέκριται,
3107 764 3197 817 ὅτι
3244 768 3316 817 οὺ
3351 767 3756 818 πεπίστευκεν

2171 865 2259 928 είς
2299 861 2366 914 τὸ
2396 861 2585 929 ὄνομα
2633 858 2741 912 τοῦ
2813 857 3184 927 μονογενοῦς
3237 855 3369 910 Υιοῦ
3423 855 3528 909 τοῦ
3581 855 3752 909 Θεοῦ.

2173 954 2283 1007 Kal
2341 951 2576 1005 ἐνταῦθα
2637 951 2831 1004 πάλιν
2896 949 2959 1000 '0
3023 948 3141 1017 μὲν
3195 947 3339 1013 Θεὸς
3381 946 3584 1000 ἐδίδου
3651 946 3751 1000 καὶ

2173 1045 2512 1100 ἀπέστελλε
2556 1039 2663 1096 τὸν
2699 1041 2835 1096 Υίὸν
2877 1039 3118 1109 Σωτῆρα
3164 1039 3270 1093 τοῦ
3315 1037 3584 1108 κόσμου,
3631 1039 3660 1090 6
3698 1037 3758 1092 δὲ

2173 1137 2529 1192 ἀπεστέλλετο
2592 1135 2778 1206 ἔτερος
2842 1135 2916 1186 ὢν
2979 1132 3178 1205 δηλαδὴ
3253 1131 3404 1204 παρά
3472 1133 3565 1186 τὸν
3621 1133 3758 1188 ἀπο-

2176 1233 2484 1286 στέλλοντα.
2534 1231 2625 1283 Διό
2670 1247 2758 1302 μοι
2814 1229 2961 1282 δοκεῖ
3012 1227 3100 1281 διὰ
3155 1225 3262 1279 τῶν
3300 1226 3463 1295 ἑξῆς,
3504 1218 3580 1288 ὡς
3618 1225 3757 1297 προς

2176 1319 2337 1377 αὐτὸν
2370 1320 2686 1392 Μάρκελλον
2716 1320 2804 1373 καὶ
2833 1319 2971 1390 πρὸς
2993 1321 3118 1382 τοὺς
3152 1319 3636 1388 διαφθονουμὲνους
3687 1321 3756 1390 τῇ

2176 1413 2270 1465 τοῦ
2297 1412 2426 1465 Υίοῦ
2458 1412 2618 1480 φύσει
2655 1411 3072 1481 ἀναγεγράφθαι
3114 1410 3276 1472 αὐτὸς
3311 1412 3339 1463 ὁ
3369 1411 3560 1480 Σωτὴρ
3599 1411 3757 1481 ἡμῶν

2178 1503 2414 1575 εἰρηκώς
2433 1522 2446 1534 ·
2484 1505 2606 1557 Οὐκ
2643 1504 2775 1557 ἐστι
2803 1500 3209 1573 γεγραμμένον
3237 1503 3307 1555 ἐν
3338 1501 3419 1567 τῷ
3441 1501 3634 1570 νόμῳ,
3669 1501 3758 1555 ὅτι

2176 1597 2291 1666 ἐγὼ
2308 1588 2464 1650 εἶπα·
2496 1597 2628 1649 Θεοί
2657 1597 2829 1662 ἐστε;
2866 1597 2933 1648 Et
2953 1591 3223 1658 ἐκείνους
3240 1585 3370 1646 εἷπε
3392 1593 3584 1659 θεοὺς,
3608 1593 3760 1662 πρὸς

2180 1687 2288 1751 οὓς
2312 1691 2344 1740 ό
2377 1689 2558 1756 λόγος
2582 1686 2818 1754 ἐγένετο
2838 1686 2945 1739 τοῦ
2970 1686 3140 1739 Θεοῦ·
3168 1685 3265 1738 καὶ
3291 1687 3362 1737 οὺ
3384 1685 3633 1738 δύναται
3650 1687 3762 1738 λυα

2182 1777 2356 1846 θῆναι
2380 1780 2416 1846 ἡ
2442 1778 2674 1846 Γραρή.
2694 1781 2796 1831 "Or
2818 1781 2850 1831 ό
2872 1776 3074 1844 Πατὴρ
3096 1773 3332 1846 ἡγίασε,
3361 1775 3457 1830 καὶ
3481 1776 3754 1830 ἀπέστειι

2180 1873 2289 1923 λεν
2305 1873 2391 1936 είς
2408 1870 2514 1922 τὸν
2533 1868 2782 1940 κόσμον,
2805 1871 2975 1939 ὑμεῖς
2993 1869 3218 1939 λέγετε.
3244 1869 3332 1922 ὅτι
3350 1868 3759 1938 βλασφημεῖς,

2182 1961 2270 2013 ὅτι
2291 1958 2482 2024 εἶπον,
2505 1961 2636 2025 Υἱὸς
2670 1961 2774 2014 τοῦ
2808 1960 2958 2015 Θεοῦ
2999 1963 3136 2029 εἰμι.
3163 1959 3405 2022 Ἀκούεις
3431 1959 3621 2021 ὁσάκις
3646 1958 3762 2029 (95)

2181 2053 2342 2116 αὐτὸς
2355 2056 2382 2106 ὀ
2397 2053 2586 2124 Σωτὴρ
2603 2052 2796 2105 ἑαυτὸν
2815 2054 2874 2105 οῦ
2890 2051 3079 2120 Λόγον,
3095 2052 3230 2105 ἀλλὰ
3247 2051 3375 2105 Υἱδν
3389 2045 3659 2122 ὠνόμασε,
3672 2051 3766 2104 καὶ

2182 2145 2459 2215 Μονογενῆ
2496 2148 2812 2216 προσεῖπενο
2831 2145 2979 2206 ὅπως
3009 2143 3065 2194 δὲ
3089 2143 3422 2196 ἀπεστάλθαι
3444 2143 3655 2206 ἑαυτὸν,
3672 2142 3768 2194 καὶ

2182 2234 2439 2304 ήγιάσθαι
2471 2235 2574 2306 πρὸ
2600 2235 2695 2288 τοῦ
2719 2231 3088 2304 ἀποσταλῆναι
3123 2233 3227 2286 ὑπὸ
3255 2235 3348 2287 τοῦ
3367 2229 3576 2305 Πατρός
3593 2234 3766 2287 ἐδίδα-

2186 2341 2304 2387 σκε,
2342 2326 2435 2379 καὶ
2450 2327 2526 2390 ὡς
2547 2327 2673 2390 τοὺς
2690 2326 2982 2389 ὀκνοῦντας
3007 2327 3136 2380 Υἱὸν
3161 2327 3321 2380 αὑτὸν
3347 2327 3627 2398 ὁμολογεῖν
3671 2327 3766 2380 τοῦ

2183 2415 2318 2471 Θεοῦ
2341 2419 2598 2483 δυσωπεῖ,
2629 2417 2895 2471 διδάσκων
2923 2420 2985 2470 ὲκ
3009 2420 3106 2490 τῆς
3134 2419 3283 2482 θείας
3322 2420 3544 2490 Γραφῆς
3564 2457 3578 2483 ,
3601 2419 3677 2482 ὡς
3703 2421 3766 2472 οὐ

2189 2511 2348 2579 μόνον
2366 2510 2472 2561 υἱοὶ
2489 2509 2645 2573 Θεοῦ,
2662 2507 2798 2561 ἀλλά
2814 2509 2906 2561 καὶ
2926 2508 3038 2562 θεοὶ
3065 2510 3247 2579 θνητοὶ
3262 2511 3356 2582 τὴν
3388 2510 3549 2579 φύσιν
3575 2511 3768 2583 ἄνδρες

2186 2608 2493 2680 ἐκλήθησαν
2513 2625 2527 2638 ·
2559 2607 2639 2661 διὸ
2663 2609 2736 2680 μὴ
2779 2610 2976 2680 χρῆναι
3006 2607 3246 2678 νομίζειν
3287 2607 3604 2678 βλάσφημον
3629 2604 3768 2661 εἶναι

2186 2700 2246 2753 τὸ
2297 2702 2392 2753 καὶ
2433 2701 2562 2754 Υἱὸν
2608 2700 2743 2753 Θεοῦ
2791 2701 2887 2755 καὶ
2922 2699 3054 2752 Θεὸν
3095 2700 3376 2770 ὁμολογεῖν
3415 2700 3474 2751 ὃν
3515 2701 3544 2752 6
3577 2698 3768 2770 Πατὴρ

2188 2791 2383 2861 ήγίασε
2410 2793 2504 2845 καὶ
2531 2791 2846 2846 ἀπέστειλεν
2873 2793 2951 2856 εἰς
2978 2786 3070 2844 τὸν
3114 2791 3336 2861 κόσμον.
3377 2790 3441 2842 Τί
3475 2785 3569 2844 οὖν
3601 2791 3770 2860 ἐχρῆν

2188 2884 2381 2938 παθεῖν
2430 2885 2521 2937 τὸν
2568 2884 2705 2954 μετὰ
2753 2883 2852 2948 τὰς
2885 2882 3152 2946 τοσαύτας
3199 2883 3383 2951 φωνάς
3419 2883 3767 2953 τολμήσαντα

2191 2973 2378 3042 φάναι,
2399 2972 2508 3043 (94)
2527 2990 2546 3022 ι
2581 2973 2701 3026 ὅλον
2724 2969 2861 3026 εἶναι
2892 2973 3076 3036 αὑτὸν,
3095 2972 3189 3026 καὶ
3219 2971 3369 3024 οῦδὲν
3391 2972 3596 3042 ἕτερον,
3629 2991 3646 3023 ι
3679 2972 3770 3024 a0-

2190 3065 2393 3131 τολεξεί
2427 3082 2487 3118 τε
2513 3064 2790 3136 εἰρηκότα,
2829 3085 2846 3116 ι
2879 3065 2972 3119 καὶ
2997 3065 3087 3119 διά
3112 3064 3268 3118 τοῦτο
3286 3103 3300 3127 ,
3329 3065 3426 3135 οὐχ
3457 3065 3586 3119 Υίὸν
3631 3064 3768 3118 Θεοῦ

513 3169 532 3204 ι
580 3153 724 3218 deat,
769 3165 867 3219 per
911 3146 1216 3216 hujusmodi
1249 3162 1369 3201 cum
1401 3144 1510 3199 Deo
1552 3142 2011 3197 communionem.
2055 3159 2075 3194 ι

2199 3175 2217 3208 ι
2251 3157 2412 3210 αὑτὸν
2430 3153 2703 3226 ὀνομάζει,
2727 3155 2859 3208 ἀλλὰ
2886 3154 3161 3224 πανταχοῦ
3189 3155 3314 3207 Υίὸν
3340 3153 3626 3226 ἀνθρώπου
3651 3155 3771 3206 ἑαυ-

505 3241 634 3299 Haec
663 3257 785 3297 cum
844 3241 1172 3294 dicantur.a
1211 3237 1486 3300 Marcello,
1545 3235 1714 3289 miror
1754 3248 1855 3302 ego
1890 3233 2084 3302 quibus

2196 3268 2214 3300 ι
2248 3249 2338 3302 τὸν
2370 3247 2535 3316 λέγει,
2573 3248 2661 3300 ἵνα
2692 3245 2780 3299 διὰ
2809 3246 2908 3316 τῆς
2935 3245 3189 3317 τοιαύτης
3216 3245 3501 3316 ὁμολογίας
3535 3245 3644 3316 (95)
3680 3245 3769 3298 θέ-

506 3337 678 3392 oculis
732 3345 931 3390 contra
991 3331 1172 3398 tueri,
1231 3331 1427 3399 quibus
1471 3326 1675 3382 labellis
1717 3327 2090 3387 contradicere

507 3439 588 3484 tot
619 3429 816 3482 audeat
858 3423 1201 3480 testimoniis.
1231 3421 1370 3488 Quin
1415 3429 1470 3473 et
1508 3419 1702 3473 ducem
1755 3433 1876 3472 esse
1916 3418 2088 3487 ipsum

505 3533 566 3574 se
587 3517 849 3572 Servator
893 3516 970 3568 ait
996 3523 1360 3582 congruenter
1390 3510 1456 3564 iis
1493 3524 1614 3579 qua:
1659 3513 1724 3563 de
1787 3510 1904 3564 lucc
1965 3517 2091 3563 sunt

508 3608 787 3678 praedicta,
815 3605 948 3678 Ego,
985 3607 1258 3675 inquiens,
1293 3620 1408 3657 sum
1437 3604 1533 3656 tua:
1572 3602 1755 3656 mundi
1773 3603 1842 3656 '°.
1891 3605 1956 3656 Et
1991 3605 2092 3656 ite-

509 3713 627 3754 rum
659 3714 673 3750 :
705 3696 818 3765 Ego
847 3712 963 3749 sum
995 3696 1109 3760 lux,
1139 3703 1187 3748 et
1215 3695 1428 3754 veritas.
1447 3705 1493 3746 et
1523 3693 1629 3746 vita
1649 3692 1717 3746 ⁸⁸.
1739 3691 1804 3746 Et
1833 3692 2045 3746 demum
2069 3705 2087 3745 ε

510 3788 627 3843 Lua!
663 3789 799 3842 venit
829 3789 884 3842 in
915 3788 1190 3850 mundum,
1231 3798 1278 3840 et
1310 3787 1606 3839 dilexerunt
1639 3785 1874 3838 homines
1925 3788 2092 3856 magis

511 3880 750 3936 tenebras
771 3897 929 3950 quam
957 3880 1126 3932 lucem
1151 3881 1217 3932 ⁸³.
1236 3877 1388 3944 Quod
1415 3878 1460 3931 si
1493 3877 1616 3947 quis
1639 3878 1960 3946 interroget,
1992 3895 2093 3931 un-

510 3975 578 4027 de
630 3972 873 4036 advenit,
920 3967 1270 4038 respondebit
1321 3968 1366 4021 is
1404 3969 1496 4037 qui
1543 3968 1726 4031 dixit,
1763 3965 1865 4032 Qui
1905 3969 2093 4020 desur-

513 4078 630 4116 sum
672 4062 804 4115 venit
853 4076 1009 4130 super
1060 4075 1238 4112 omnes
1279 4071 1352 4111 est
1382 4057 1452 4122 ",
1488 4069 1542 4112 et
1579 4057 1682 4122 Qui
1723 4059 1786 4112 de
1837 4057 1964 4111 ccelo
2008 4074 2097 4111 ve-

516 4152 615 4217 nit,
640 4151 779 4220 quod
814 4150 961 4210 vidit,
988 4159 1035 4202 et
1062 4149 1281 4215 audivit,
1326 4151 1657 4216 testiﬁcatur.
1684 4149 1730 4180 "
1760 4149 1892 4216 Quis
1915 4160 2096 4203 autem

517 4253 636 4298 erat
654 4243 742 4296 ille
777 4243 866 4312 qui
899 4242 965 4296 de
995 4240 1133 4296 ccelo
1164 4239 1360 4294 venit?
1403 4238 1539 4293 Num
1590 4255 1693 4294 non
1736 4255 1864 4295 caro
1886 4281 1900 4304 ,
1936 4255 2098 4308 quam

518 4335 812 4404 assumpsit
856 4333 1163 4388 Servatur?
1221 4331 1608 4401 Nequaquam,
1657 4334 1750 4386 sed
1795 4333 1909 4401 ipse
1961 4338 2099 4395 erat,

517 4441 710 4496 nempe
736 4427 825 4480 lux
846 4425 1285 4494 Verbum,atque
1312 4425 1472 4488 Deus,
1499 4421 1823 4493 Unigenitus
1859 4423 2096 4478 existens

2196 3357 2216 3392 ι
2247 3355 2328 3391 σει
2372 3337 2463 3390 τὸν
2495 3335 2781 3407 ἄνθρωπον
2803 3376 2819 3402 ,
2848 3335 2936 3390 διά
2985 3336 3086 3407 τῆς
3115 3335 3249 3406 πρὸς
3277 3329 3437 3388 αὐτὸν
3465 3334 3769 3397 κοινωνίας,

2196 3449 2214 3480 ι
2242 3427 2374 3482 Υἱὸν
2419 3427 2556 3480 Θεοῦ
2601 3425 2856 3495 γενέσθαι
2907 3426 3324 3498 παρασκευάσῃ.
3361 3442 3380 3476 ι
3432 3424 3617 3476 Ταῦτα
3661 3422 3770 3492 γάρ

2188 3519 2508 3592 Μάρκελλος
2549 3515 2718 3570 εἰπὼν
2741 3557 2756 3581 ,
2785 3517 2884 3570 οὐκ
2925 3513 3020 3570 οἶδ’
3051 3517 3199 3579 ὅπως
3228 3516 3432 3578 ὁποίοις
3471 3514 3767 3584 ὀφθαλμοῖς

2189 3606 2301 3673 οἷός
2331 3626 2391 3661 τε
2430 3604 2498 3679 ἦν
2525 3607 2863 3660 ἀντιϐλέπειν
2883 3647 2897 3671 ,
2929 3606 2960 3676 ἢ
2997 3606 3167 3668 ποίοις
3213 3605 3445 3675 χείλεσιν
3473 3603 3764 3672 ἀντιφθέγ-

2189 3700 2404 3770 γεσθαι,
2430 3701 2552 3761 ταῖς
2581 3698 2871 3760 τοσαύταις
2907 3695 3250 3768 μαρτυρίαις.
3291 3696 3400 3748 Kal
3434 3694 3547 3763 φῶς
3580 3693 3637 3745 δὲ
3665 3694 3765 3746 αὒ-

2190 3795 2281 3847 τὸν
2311 3789 2448 3845 εἶναι
2468 3791 2497 3842 6
2526 3790 2714 3862 Σωτὴρ
2741 3791 3002 3861 παρίστη,
3029 3787 3333 3859 συμφώνως
3363 3790 3475 3850 τοῖς
3507 3787 3636 3856 περὶ
3673 3784 3770 3838 τοῦ

2193 3882 2370 3951 φωτὸς
2401 3879 2815 3950 προαποδοθεῖσι
2843 3920 2855 3943 ,
2881 3879 3054 3946 λέγων
3075 3877 3252 3945 ,Ἐγώ
3282 3879 3397 3946 ειμι
3430 3875 3494 3928 τὸ
3523 3875 3649 3944 φῶς
3664 3875 3774 3928 τοῦ

2193 3975 2444 4043 κόσμου,
2468 3971 2578 4024 Kal
2592 3971 2775 4025 πάλινο
2793 3969 2933 4040 Ἐγώ
2951 3973 3067 4039 εἰμι
3085 3969 3150 4022 τὸ
3167 3967 3312 4038 εςῶς,
3331 3968 3428 4022 καὶ
3446 3969 3484 4036 ἠ
3500 3965 3775 4034 ἀλήθεια,

2194 4067 2292 4118 καὶ
2315 4067 2352 4134 ὴ
2372 4063 2504 4133 ζωή.
2527 4064 2635 4118 Kal
2661 4059 2816 4126 αὖθις
2833 4077 2847 4092 ο
2869 4063 2990 4116 Ὅτι
3010 4061 3077 4115 τὸ
3097 4059 3226 4131 φῶς
3246 4061 3544 4126 ἐλήλυθεν
3566 4061 3653 4126 εἰς
3668 4058 3779 4112 τὸν

2197 4157 2445 4224 κόσμον,
2490 4153 2589 4208 καὶ
2628 4154 2957 4224 ἠγάπησαν
3001 4155 3056 4206 οἱ
3097 4152 3393 4220 ἄνθρωποι
3422 4149 3663 4220 μᾶλλον
3707 4149 3777 4202 τὸ

2199 4245 2418 4310 σκότος
2448 4245 2486 4313 ἢ
2513 4243 2580 4297 τὸ
2604 4244 2748 4312 φῶς.
2782 4244 2891 4297 Kal
2923 4241 2978 4296 εἴ
2999 4242 3064 4311 γέ
3095 4259 3180 4306 τις
3207 4241 3413 4312 ἔροιτο,
3451 4240 3615 4292 πόθεν
3647 4238 3774 4308 ἐλή-

2198 4336 2378 4401 λυθεν,
2415 4339 2790 4408 ἀποκρινεῖται
2812 4339 2840 4390 6
2873 4336 3061 4400 εἰπὼν,
3107 4337 3162 4388 Ὁ
3193 4336 3413 4390 ἀνωθεν
3429 4334 3772 4403 ἐρχόμενος,

2203 4429 2400 4484 ἐπάνω
2432 4429 2675 4483 πάντων
2691 4430 2892 4494 ἐστὶν,
2923 4431 3036 4493 καὶ,
3083 4430 3148 4483 '0
3174 4429 3242 4482 ἐκ
3271 4429 3376 4483 τοῦ
3394 4427 3653 4500 οὐρανοῦ
3684 4427 3776 4495 ἐρ-

518 4527 574 4572 et
603 4517 794 4573 Filius.
834 4518 883 4572 ls
908 4518 996 4570 illa
1029 4518 1212 4571 omnia
1247 4532 1366 4586 qua:
1389 4517 1542 4581 vidit,
1571 4527 1626 4570 et
1653 4514 1878 4580 audivit,
1906 4517 2084 4570 testilia

2196 4523 2469 4592 χόμενος,
2509 4523 2540 4576 ὃ
2573 4522 2794 4592 ἑώρακε
2826 4522 2926 4575 καὶ
2953 4522 3215 4591 ἤκουσε,
3240 4523 3546 4592 μαρτιφεῖ.
3593 4525 3688 4588 Τίς
3729 4525 3775 4576 δ’

520 4617 695 4664 catur.
728 4612 810 4664 An
837 4610 1043 4664 audivit
1067 4611 1180 4664 haec
1203 4617 1257 4661 et
1294 4609 1596 4673 vidit,~eum
1631 4609 1682 4661 in
1725 4607 1884 4663 ter-ris
1911 4623 2094 4663 versa-

521 4700 718 4754 retur?
751 4699 885 4764 Non,
911 4702 1004 4755 sed
1038 4703 1206 4772 prius.
1247 4701 1316 4754 At
1351 4715 1598 4768 quaenam
1636 4699 1724 4753 illa
1770 4711 1948 4766 erant,
1975 4717 2094 4770 qme

521 4799 578 4844 et
603 4791 754 4856 vidit,
781 4792 880 4845 nisi
911 4791 1074 4846 Pater
1101 4794 1124 4846 ?
1159 4792 1329 4858 Quem
1381 4791 1469 4846 ille
1500 4793 1727 4858 audivit,
1769 4802 1967 4861 praeter
1995 4791 2099 4846 l’a-

524 4881 698 4935 trem?
727 4881 876 4936 Adeo
898 4893 1076 4936 autem
1099 4884 1454 4954 semetipsum
1479 4883 1716 4938 Verbum
1755 4899 2097 4954 nequaquam

523 4972 940 5044 signiﬁcativum
965 4989 1085 5029 esse
1110 4976 1386 5045 professus
1418 4985 1523 5042 est,
1559 4983 1616 5040 ᾖ
1643 4978 1736 5031 sed
1753 4975 1948 5032 Filium
1973 4991 2098 5031 vere

523 5067 704 5120 vivum
762 5078 818 5122 et
864 5069 1250 5125 subsistentem
1276 5113 1290 5137 ,
1325 5082 1384 5128 ut
1429 5074 1502 5128 ita
1541 5073 1704 5127 fuerit
1747 5071 2094 5142 prolocutus,

524 5158 687 5212 Pater
704 5159 873 5232 diligit
906 5158 1127 5228 Filium,
1145 5171 1194 5216 et
1225 5165 1402 5218 omnia
1427 5165 1642 5218 tradidit
1665 5164 1722 5216 in
1748 5179 1908 5216 manu
1937 5167 2050 5232 ejus
2075 5180 2088 5216 :

524 5252 612 5318 qui
642 5253 802 5305 credit
839 5253 892 5305 in
926 5250 1151 5319 Filium,
1180 5255 1338 5308 vitam
1373 5257 1526 5310 habet
1565 5264 1819 5310 aeternam
1859 5256 1930 5306 ”.
1958 5256 2094 5310 Cre-

2195 4611 2262 4686 ἦν
2291 4617 2320 4666 6
2350 4615 2640 4685 ἐρχόμενος
2662 4616 2726 4666 ἐκ
2745 4612 2840 4666 τοῦ
2863 4613 3092 4685 οὐρανοῦ
3117 4630 3131 4678 ;
3164 4615 3314 4684 Μήτι
3337 4631 3401 4683 γε
3445 4616 3478 4687 ἡ
3517 4615 3672 4688 σὰρξ,
3705 4617 3777 4688 ἠν

2197 4707 2484 4778 ἀνείληφεν
2509 4709 2536 4759 6
2566 4706 2757 4776 Σωτήρ
2783 4722 2797 4770 ;
2829 4705 3116 4776 Οὐδαμῶς,
3155 4705 3272 4758 ἀλλ’
3308 4707 3470 4770 αὐτὸς
3510 4708 3776 4778 δηλονότι,

2194 4799 2256 4851 τὸ
2279 4799 2412 4867 φῶς,
2448 4798 2542 4851 καὶ
2569 4800 2597 4850 ὁ
2633 4799 2804 4866 Λόγος
2827 4838 2842 4863 ,
2875 4799 2967 4851 καὶ
2995 4800 3024 4850 6
3053 4798 3186 4862 Θεὸς
3208 4839 3222 4863 ,
3252 4800 3347 4852 καὶ
3381 4801 3409 4852 6
3440 4801 3775 4872 Μονογενὴς,

2198 4891 2293 4945 καὶ
2327 4892 2355 4943 ὁ
2391 4890 2538 4955 Υἱὸς,
2560 4890 2720 4953 αὐτὸς
2755 4888 2829 4942 ὢν
2847 4891 3019 4944 ταῦτα
3057 4891 3252 4944 πάντα.
3303 4892 3372 4944 Ἀ
3415 4889 3628 4961 ἑώρακε
3668 4894 3780 4944 τοί-

2197 5000 2292 5036 νυν
2321 4976 2475 5046 οὗτος
2498 4982 2593 5036 καὶ
2617 4982 2653 5035 ἃ.
2677 4982 2899 5053 ἤκουσε,
2939 4981 3102 5053 φησὶ,
3137 4985 3422 5053 μαρτυρεῖ.
3453 4982 3662 5036 Οὐκοῦν
3683 4983 3780 5036 xal

2197 5071 2345 5143 ἑώρα
2371 5073 2464 5125 καὶ
2485 5072 2685 5142 ἤκουσε
2725 5071 2854 5141 πρὶν
2897 5072 2990 5123 ἐπὶ
3019 5070 3122 5140 γῆς
3163 5071 3354 5123 ἐλθεῖν.
3385 5069 3516 5124 Τίνα
3541 5070 3597 5124 δὲ
3630 5070 3779 5142 ἑώρα

2203 5163 2313 5235 (96)
2347 5165 2380 5236 ἤ
2415 5165 2507 5218 τὸν
2537 5163 2789 5234 Πατέρα,
2817 5161 2972 5225 Τίνος
3001 5161 3058 5214 δὲ
3085 5163 3316 5233 ηκουσεν
3350 5162 3384 5234 ἢ
3410 5160 3502 5214 τοῦ
3528 5163 3777 5233 Πατρός;

2203 5256 2345 5311 οὕτω
2387 5257 2446 5311 δὲ
2481 5256 2709 5321 ἑαυτὸν,
2747 5255 2806 5308 οῦ
2847 5255 3020 5325 Λόγον
3061 5255 3429 5325 σημαντικὸν,
3471 5253 3606 5309 ἀλλά
3651 5254 3781 5308 Υἱὸν

599 5404 1023 5485 >Ῑ4ηΕ‹Ι.Δξ²ειε-Ῑε.,
1057 5422 1177 5476 pag.
1381 5407 1609 5485 '_'_.|_oat_l.
1635 5422 1719 5485 ιιι,
1752 5406 1841 5485 ης
1879 5406 2084 5485 _lbi_t

2188 5408 2273 5485 8._
2300 5412 2364 5485 ξ’
2397 5411 2562 5485 νιῐοιιη.
2588 5433 2620 5471 x
2641 5457 2656 5481 ,
2688 5417 2880 5476 56-36.
2953 5420 3001 5454 °°
3031 5417 3186 5476 Joan.
3225 5431 3342 5485 vm,
3376 5415 3466 5473 η.
3541 5415 3589 5448 ⁸⁸
3617 5413 3780 5472 Joan.

527 5487 617 5528 xvn
667 5473 721 5529 6.
801 5475 847 5507 "
896 5473 1292 5546 Manili—1,19.

602 5670 912 5753 (εξῦλξίιιιεο
944 5690 1054 5729 om.
1086 5677 1246 5742 αὐτός
1271 5695 1286 5745 ;
1315 5693 1435 5733 ιιιοχ
1481 5674 1636 5750 vulgo
1695 5681 2010 5753 ἀπεστάλϐη
2037 5691 2093 5740 et

517 5739 560 5791 Θ
577 5739 665 5792 εοῦ
696 5739 856 5805 ’Υίόςζ

603 5811 712 5882 (94)
748 5811 854 5882 Μμ.
883 5812 956 5865 ίσ.
983 5812 1155 5882 λόγον.

1391 5471 1724 5534 “lbid.5l.
1800 5476 2013 5533 “Ibid.
2062 5479 2152 5535 σε.
2227 5481 2429 5539 "Ibid.
2485 5471 2695 5553 35,523.

2273 5688 2384 5757 (95)
2412 5689 2518 5760 Mp.
2545 5705 2617 5744 ισ.
2654 5691 2834 5760 φύσει.

2273 5760 2382 5828 (96)
2413 5758 2581 5832 Vulgo
2605 5758 2718 5815 καί.
