4088 6378
374 331 484 384 873

1314 324 1412 379 DE
1449 323 1984 379 ECCLESIASTﬁA
2024 323 2415 379 TllEOLOGIA
2455 324 2582 379 LIB.
2626 324 2670 380 1.

3514 331 3616 386 874

376 439 594 514 ἀληθῶς
647 437 826 502 ζῶντα
890 439 984 492 καὶ
1039 435 1325 506 ὑφεστῶτα
1385 436 1690 500 ἐδίδασκεν,
1732 435 1808 498 ὡς
1867 436 1948 488 λέ-

2056 435 2234 489 dintus
2261 434 2463 501 itaque,
2487 434 2630 502 quod
2680 433 2875 490 Filium
2927 450 3082 490 suum
3116 436 3258 492 Deus
3291 452 3410 492 cum
3435 441 3622 511 dilige-

376 555 494 605 γειν
515 577 530 598 ,
563 534 629 589 Ὅ
649 536 852 603 Πατὴρ
887 530 1091 603 ἀγαπᾷ
1117 532 1225 584 τὸν
1272 531 1406 586 Υἱόν
1434 531 1532 583 καὶ
1563 529 1757 582 πάντα
1777 529 1954 583 δέδω-

378 647 485 682 κεν
514 625 591 680 ἐν
630 626 706 695 τῇ
739 627 889 695 χειρὶ
943 626 1158 678 αὑτοῦ·
1193 627 1226 678 o'
1274 624 1572 676 πιστεύων
1599 621 1712 692 (97)
1738 624 1824 686 εὶς
1846 621 1956 674 τόν

390 722 532 773 Υἱὸν
563 719 687 786 ἔχει
721 715 873 785 ζωὴν
915 717 1172 771 αἰώνιον.
1229 715 1576 784 Πιστεύωμεν
1615 714 1826 780 τοίνυν,
1871 713 1952 766 ὅτι

378 812 471 865 τὸν
495 812 620 864 Υἱδν
648 810 878 880 ἀγαπῶν
901 810 928 860 δ
945 809 1134 879 Πατὴρ
1165 807 1341 861 πάντα
1359 806 1585 859 δέδωκεν
1615 807 1676 858 ὲν
1712 809 1779 877 τῇ
1810 807 1952 876 χειρὶ

379 903 564 956 αὑτοῦ.
613 902 916 974 Ἐπιμελῶς
941 901 998 954 δὲ
1027 899 1353 971 προσεκτέον
1384 896 1464 968 τῷ
1483 897 1680 952 πάντα
1709 898 1810 967 τῆς
1842 899 1951 950 τῶν

380 996 651 1067 γεννητῶν
692 994 976 1066 ὑπάρξεως
1004 993 1257 1046 ἁπάντων
1281 989 1663 1062 περιληπτικῷ
1701 989 1815 1042 ὄντι
1841 1030 1854 1051 ,
1882 991 1948 1043 δι’

373 1082 438 1142 οῦ
469 1089 531 1143 τὸ
567 1088 792 1160 μέγεθος
820 1089 918 1156 τῆς
937 1085 1032 1139 τοῦ
1058 1084 1188 1138 Υίοῦ
1221 1085 1316 1138 τοῦ
1345 1083 1481 1137 Θεοῦ
1514 1082 1814 1152 δυνάμεως,
1853 1081 1948 1132 ἴδοι

374 1179 442 1233 ἄν
469 1197 572 1243 τις,
608 1180 866 1249 ἐννοήσας
890 1178 991 1248 ὅσῃ
1024 1177 1118 1230 καὶ
1149 1175 1311 1247 ὁποίᾳ
1349 1174 1494 1245 χειρὶ
1534 1174 1681 1245 παρὰ
1712 1172 1805 1227 τοῦ
1840 1175 1951 1226 Πα-

371 1273 501 1343 τρὸς
532 1271 852 1324 ὑπεδέδεκτο
885 1269 984 1340 τὴν
1032 1268 1138 1322 τῶν
1186 1268 1354 1320 ὄντων
1393 1267 1648 1320 ἁπάντων
1694 1266 1945 1338 ὕπαρξιν.

374 1363 438 1415 El
466 1363 574 1431 γὰρ
606 1360 669 1431 δὴ
699 1360 868 1430 μέγας
898 1359 926 1410 ὁ
972 1358 1194 1428 σύμπας
1235 1355 1462 1426 οὐρανός
1499 1373 1558 1407 τε
1600 1355 1692 1408 καὶ
1724 1354 1946 1424 κόσμος,

373 1454 468 1514 κτὰ
510 1452 714 1504 τούτων
757 1450 837 1503 ἔτι
906 1448 1104 1520 μακρῷ
1158 1445 1441 1517 κρείττονα
1489 1447 1582 1500 καὶ
1630 1446 1950 1517 διαφέροντα

371 1541 627 1611 τυγχάνει
671 1540 741 1594 τὰ
787 1540 1042 1593 ἐπέκεινα
1064 1539 1171 1591 τῶν
1213 1535 1505 1608 ὁρωμένων
1547 1538 1607 1589 ἐν
1639 1537 1949 1606 ἀσωμάτοις

373 1635 468 1687 καὶ
498 1633 814 1702 ἀφθάρτοις,
841 1633 1052 1702 ωεραῖς
1075 1647 1134 1682 τε
1159 1630 1253 1683 καὶ
1285 1629 1460 1692 θείαις
1493 1627 1777 1697 ὑφεστῶτα
1799 1627 1950 1680 δυνά-

376 1741 522 1794 μεσι,
569 1724 744 1776 πάντα
786 1740 847 1776 τε
893 1723 992 1776 ὅσα
1039 1721 1132 1776 τὸν
1179 1723 1449 1793 ἡμέτερον
1509 1719 1950 1791 διαδιδράσκοντα

2061 537 2140 578 ret
2169 525 2348 588 Pater,
2377 527 2561 578 omnia
2591 525 2692 594 ipsi
2740 527 2792 578 in
2822 541 3014 582 manus
3049 528 3289 583 tradidit.
3332 531 3624 584 Attctnlen-

2054 617 2178 669 dum
2217 627 2300 672 est
2343 631 2505 685 porro
2549 617 2738 671 sedulo
2777 618 2844 671 ad
2879 617 3029 684 illud,
3067 621 3266 685 omnia,
3304 632 3488 690 utpote
3515 639 3624 694 quo

2057 721 2236 761 rerum
2264 709 2505 762 omnium
2540 709 2906 764 subsistentia:
2939 713 3467 782 comprehendantur
3492 733 3639 770 ιον-.

2055 798 2120 853 de
2155 807 2217 854 et
2257 799 2445 854 videre
2481 800 2752 868 quispiam
2809 813 2994 870 posset
3045 805 3468 873 magnitudinem
3516 824 3616 876 po-

2055 889 2236 943 tentia:
2266 889 2388 944 Filii
2432 891 2560 958 Dei;
2589 891 2715 946 dum
2753 895 3038 963 recogitet,
3079 905 3338 966 quantam
3379 899 3624 970 qualem-

2052 980 2232 1048 quein
2275 997 2493 1038 manum
2559 984 2756 1039 tradita
2802 987 2874 1040 sit
2909 1003 2939 1041 a
2984 987 3148 1045 Patre
3185 1005 3366 1046 rerum
3405 994 3626 1048 univer-

2051 1086 2231 1126 sarum
2260 1073 2630 1128 subsistentia.
2665 1075 2724 1129 Si
2770 1092 3021 1147 magnum
3077 1081 3149 1134 sit
3194 1082 3390 1138 ctelum
3432 1095 3487 1139 et
3520 1085 3621 1141 hoc

2052 1161 2383 1228 universum,
2406 1175 2554 1221 certe
2585 1181 2704 1235 quae
2731 1182 2891 1236 supra
2920 1177 3048 1223 sunt
3071 1171 3170 1225 ista
3193 1173 3366 1228 oculis
3393 1161 3634 1244 usurpa:

2054 1262 2124 1318 ta,
2152 1253 2204 1306 in
2233 1257 2594 1324 potestatibus
2616 1258 2966 1315 subsistentia
2993 1261 3350 1333 incorporeis,
3375 1268 3622 1320 incorru-

2051 1345 2352 1414 ptibilibus,
2387 1347 2814 1420 intelligibilibus
2840 1363 2896 1407 et
2933 1354 3154 1421 divinis,
3194 1355 3363 1411 multo
3400 1359 3618 1427 quidem

2052 1438 2200 1493 bisce
2246 1449 2372 1495 sunt
2397 1440 2708 1511 majora,et
2737 1445 2805 1498 ab
2855 1447 2974 1502 istis
3018 1448 3176 1518 longe
3217 1449 3618 1520 discrepantia:

2048 1545 2219 1599 e-tque
2248 1532 2316 1586 ab
2345 1532 2466 1589 istis
2492 1535 2768 1602 universa,
2795 1553 2916 1607 quae
2946 1555 3070 1594 cum
3097 1550 3315 1610 captum
3342 1551 3623 1598 transcen-

2050 1620 2179 1674 dant
2231 1633 2492 1688 nostrum,
2525 1637 2764 1681 nostram
2800 1643 3018 1697 quoque
3067 1631 3624 1703 retugiuntcognitio-

2051 1726 2196 1766 nem.
2226 1712 2328 1768 Ista
2373 1717 2552 1771 omnia
2583 1728 2638 1772 et
2685 1719 2890 1789 singula
2929 1736 3051 1774 cum
3101 1725 3259 1778 unica
3295 1725 3383 1779 illa
3430 1739 3625 1782 manu

371 1812 517 1878 νοῦν,
543 1814 641 1883 τὴν
667 1813 941 1883 ἡμετέραν
982 1811 1182 1879 γνῶσιν
1215 1811 1467 1865 λανθάνει
1487 1826 1502 1840 ⁸
1532 1810 1738 1864 τούτων
1777 1811 1948 1864 ἁπάν-

2055 1804 2174 1858 Filii
2210 1804 2305 1860 Dei
2350 1808 2611 1878 unigeniti
2653 1779 3044 1880 apprehendat,
3078 1817 3334 1883 potentia:
3371 1779 3624 1872 suavi;-

371 1922 478 1957 των
521 1904 618 1974 μία
647 1902 740 1956 τοῦ
770 1901 1106 1970 Μονογενοῦς
1150 1902 1278 1955 Υίοῦ
1317 1901 1411 1955 τοῦ
1460 1901 1594 1956 Θεοῦ
1633 1903 1754 1973 χεὶρ
1791 1919 1946 1973 περι-

372 1994 724 2066 δραττομένη,
757 1994 854 2064 τῆς
881 1994 1344 2065 ἀπειρομεγέθους
1364 1993 1526 2046 αὑτοῦ
1547 1993 1831 2064 δυνάμεως
1853 1995 1950 2065 τὴν

372 2087 570 2159 ἀρετὴν
605 2087 974 2140 ἐπιδείκνυται
1010 2085 1143 2156 (98).
1182 2086 1246 2139 Ὅ
1270 2085 1333 2158 δὴ
1347 2085 1444 2139 καὶ
1478 2086 1544 2138 δι’
1570 2085 1762 2156 ἑτέρας
1790 2085 1949 2138 πάλιν

372 2181 538 2241 αὐτὸς
587 2181 617 2231 ὁ
665 2179 793 2241 Υἱὸς
839 2178 1078 2250 παρίστη
1117 2177 1322 2247 φωνῆς,
1369 2175 1576 2243 λέγων,
1621 2175 1824 2229 Πάντα
1847 2194 1950 2244 μοι

371 2270 671 2338 παρεδόθη
707 2269 825 2324 ὑπὸ
877 2268 982 2321 τοῦ
1038 2269 1269 2335 Πατρός
1311 2284 1454 2335 μου.
1503 2263 1637 2329 Εἶθ’,
1664 2266 1738 2329 ὼς
1793 2267 1950 2336 ήμῶν

374 2359 722 2432 ἀπορούντων
743 2399 758 2425 ,
780 2360 865 2423 τίς
900 2359 1021 2411 ποτ’
1052 2354 1142 2430 ἦν,
1175 2358 1269 2411 καὶ
1316 2359 1345 2410 ὁ
1379 2357 1642 2429 πηλίκος,
1676 2359 1706 2409 ὁ
1733 2356 1831 2427 τὴν
1861 2374 1949 2410 το-

373 2451 576 2522 σαύτην
593 2449 1057 2522 παρακαταθήκην
1073 2447 1514 2518 ὑποδεδεγμένος,
1537 2448 1634 2515 Μὴ
1651 2447 1824 2514 ζήτει,
1847 2465 1951 2518 φη-

375 2543 451 2606 at,
463 2543 607 2612 μηδ’
639 2541 842 2610 ἐρώτα.
883 2542 962 2595 Οὑ
992 2542 1100 2612 γὰρ
1130 2540 1242 2610 ἔχει
1276 2540 1436 2609 φύσιν
1464 2539 1770 2611 ἀνθρώποις
1809 2558 1948 2608 γνω-

374 2634 653 2706 ρίζεσθαι,
696 2635 810 2686 ἀλλ’
847 2634 971 2687 οὐδὲ
1014 2637 1135 2696 ταῖς
1190 2633 1460 2703 κρείττοσι
1506 2633 1602 2686 καὶ
1653 2632 1948 2702 θειοτέραις

372 2725 664 2796 δυνάμεσιν
691 2727 724 2795 ἡ
753 2724 986 2797 ἀκριϐὴς
1013 2725 1107 2777 τοῦ
1155 2724 1285 2777 Υίοῦ
1325 2723 1418 2776 τοῦ
1449 2723 1584 2777 Θεοῦ
1624 2723 1944 2795 κατάληψις.

368 2819 465 2870 Διὸ
510 2819 815 2888 προφήσας,
861 2815 1062 2870 Πάντα
1087 2833 1186 2884 μοι
1215 2815 1513 2883 παρεδόθη
1547 2815 1666 2868 ὑπὸ
1687 2814 1794 2868 τοῦ
1831 2818 1950 2868 Πα-

369 2909 511 2976 τρός
521 2925 661 2976 μου,
689 2908 935 2978 ἐπήγαγε
957 2923 970 2937 ·
1021 2905 1132 2960 Καὶ
1173 2905 1373 2969 οὐδεὶς
1423 2904 1532 2974 (99)
1573 2901 1945 2973 ἐπιγινώσκει

371 3000 480 3054 τὸν
507 2999 667 3064 Υἰὸν,
681 3001 730 3052 εὶ
741 2997 827 3067 μὴ
845 3002 877 3052 ὁ
892 2997 1109 3066 Πατήρ.
1136 2994 1448 3064 Σεσιγάσθω
1463 2996 1640 3048 τοίνυν
1663 2996 1769 3058 πᾶς
1784 2995 1948 3066 ἀπόρ-

2055 1904 2243 1961 tutem,
2268 1910 2485 1952 onmem
2514 1902 2940 1970 magnitudinem
2957 1918 3322 1976 supergressa:
3347 1907 3620 1977 patefacit.

2051 1985 2202 2052 Quod
2246 1986 2441 2057 ipsum,
2471 1997 2528 2043 et
2557 2006 2657 2057 per
2686 1993 2848 2046 aliam
2894 2008 3049 2048 suam
3082 2009 3271 2051 vocem
3301 1998 3505 2053 indicat
3534 2000 3626 2054 Fi-

2050 2075 2154 2131 lius
2192 2078 2277 2130 ubi
2329 2078 2597 2147 loquitur,
2641 2079 2832 2136 Omni’a
2857 2084 2982 2137 mihi
3007 2087 3204 2139 tradita
3233 2097 3355 2141 sunt
3396 2106 3428 2142 α
3464 2090 3626 2144 Patre

2051 2183 2162 2221 meo
2188 2169 2253 2221 ”.
2276 2168 2476 2226 Deinde
2503 2186 2566 2226 ac
2595 2173 2640 2226 si
2675 2188 2771 2228 nos
2797 2175 2849 2229 in
2875 2175 3080 2231 incerto
3113 2179 3626 2251 intereremus,quis-

2052 2274 2174 2312 nam
2210 2259 2298 2315 ille
2338 2271 2504 2328 esset,
2536 2273 2590 2317 et
2632 2264 2832 2332 qualis,
2865 2267 2958 2336 qui
2991 2270 3295 2337 depositum
3341 2286 3626 2342 receperat

2050 2348 2391 2416 istiusmodi,
2448 2351 2664 2419 Nolito,
2715 2357 2856 2421 ,ait,
2933 2375 3168 2428 quaerere
3243 2376 3334 2415 nec
3394 2364 3623 2419 interro-

2047 2458 2173 2510 gare
2196 2445 2352 2512 quis?
2405 2443 2524 2501 Non
2577 2458 2662 2502 est
2702 2451 2847 2506 enim
2907 2453 2994 2506 ille
3034 2454 3159 2508 talis
3212 2458 3303 2525 qui
3341 2457 3409 2511 ab
3443 2461 3627 2515 homi-

2052 2535 2208 2589 nibus
2240 2537 2410 2603 possit
2435 2543 2822 2608 comprehendi
2852 2563 2865 2596 :
2901 2546 3008 2601 imo
3049 2563 3119 2604 ne
3141 2550 3358 2618 quidem
3380 2554 3624 2622 perfecte

2050 2623 2275 2694 intelligi
2308 2635 2487 2695 potest
2534 2627 2604 2681 ab
2635 2629 2830 2697 illisce,
2862 2648 2983 2702 qua:
3017 2647 3144 2691 sunt
3184 2655 3442 2709 superne,
3467 2653 3623 2713 pote-

2052 2713 2284 2770 statibus
2321 2733 2336 2780 ;
2367 2731 2488 2770 cum
2539 2718 2610 2772 sit
2650 2718 2819 2776 Filius
2867 2721 2983 2777 Dei.
3030 2725 3298 2791 Quocirca
3339 2741 3624 2801 postquam

2048 2805 2458 2871 enuntiaverat,
2493 2807 2689 2862 Omnia
2722 2811 2853 2864 mihi
2901 2813 3030 2868 dato
3071 2829 3191 2872 sunt
3223 2836 3257 2873 α
3283 2817 3447 2875 Patre
3485 2838 3624 2890 meo,

2050 2890 2269 2950 intulit:
2303 2895 2368 2950 Et
2415 2913 2565 2952 nemo
2609 2902 2748 2953 novit
2793 2900 3017 2971 Filium,
3049 2910 3151 2962 nisi
3203 2909 3362 2966 Pater
3384 2914 3450 2966 ’⁷.
3480 2914 3626 2980 Quo-

2049 2986 2194 3042 circa
2230 2987 2452 3045 silentio
2494 2991 2800 3048 involvatur
2830 2998 3009 3052 omnis
3041 3000 3107 3053 de
3137 2999 3276 3056 Filio
3307 3004 3399 3058 Dei
3441 3020 3624 3061 sermo

368 3094 536 3162 ρητος
575 3091 701 3161 περὶ⁵
739 3087 834 3142 τοῦ
874 3088 1004 3141 Υίοῦ
1035 3087 1130 3141 τοῦ
1166 3086 1301 3140 Θεοῦ
1326 3088 1496 3155 Λόγος
1516 3127 1530 3151 ,
1560 3088 1654 3140 καὶ
1691 3087 1838 3158 μόνῳ
1863 3086 1942 3158 τῷ

2050 3080 2138 3147 qui
2160 3089 2244 3133 est
2277 3080 2674 3148 inenarrabilis,
2703 3095 2758 3138 et
2789 3086 2889 3140 soli
2923 3090 3042 3158 ejus
3086 3088 3232 3145 Patri
3274 3098 3626 3152 commende-

370 3182 546 3253 Πατρὶ
562 3179 944 3252 παραδεδόσθω
958 3182 991 3249 ὴ
1010 3180 1106 3249 τῆς
1135 3177 1195 3244 ἐξ
1222 3177 1386 3232 αὑτοῦ
1403 3179 1667 3247 γενέσεως
1686 3179 1849 3232 αὑτοῦ
1870 3180 1948 3250 (1)

369 3274 570 3342 γνῶσις
591 3313 606 3337 ,
645 3271 778 3343 μηδὲ
813 3271 1122 3342 περαιτέρω
1146 3288 1228 3333 τις
1250 3271 1427 3340 ζητῶν
1461 3271 1710 3341 χωρείτω
1735 3271 1947 3339 φύσεως

373 3366 504 3436 πέρι
520 3365 613 3418 καὶ
627 3365 813 3427 οὐσίας
829 3364 1160 3435 ἀπορρήτου.
1185 3361 1336 3432 Μόνη
1358 3361 1415 3414 δὲ
1433 3362 1562 3431 ἡμῖν
1580 3362 1613 3430 ἡ
1634 3362 1798 3414 αὑτοῦ
1820 3365 1948 3433 περὶ

371 3455 545 3509 αὑτοῦ
566 3455 880 3510 διδασκαλία
910 3457 978 3524 τῇ
1005 3453 1105 3522 τῆς
1129 3453 1362 3515 πίστεως
1383 3450 1715 3520 βεϐαιοῦσθω
1739 3451 1942 3523 χάριτι,

370 3546 561 3616 σαφῶς
585 3546 760 3600 πάντα
777 3544 924 3615 αὑτῷ
943 3543 1048 3596 ὑπὸ
1064 3541 1156 3594 τοῦ
1174 3540 1382 3612 Πατρὸς
1405 3541 1799 3610 παραδεδόσθαι
1822 3559 1946 3596 παι-

366 3639 616 3692 δεύουσα.
653 3634 861 3701 Οὐκοῦν
898 3636 926 3686 ὁ
967 3635 1063 3705 μὲν
1076 3633 1204 3696 Θεὸς
1235 3631 1403 3685 ἐδίδου
1424 3633 1519 3685 καὶ
1535 3633 1822 3705 παρεδίδου
1847 3635 1940 3688 ἐπὶ

374 3728 655 3800 βελτιώσει
677 3728 771 3780 καὶ¹
797 3725 1035 3796 ὠφελείᾳ
1051 3720 1176 3794 ,οἷα
1197 3723 1408 3793 Σωτῆρι
1430 3723 1524 3777 καὶ
1546 3723 1713 3795 ἰατρῷ
1735 3725 1828 3777 καὶ
1852 3742 1946 3777 κυ-

367 3821 604 3891 ϐερνήτῃ
651 3818 760 3871 τῶν
808 3817 944 3870 ὅλων
989 3817 1089 3886 τὴν
1127 3814 1428 3886 παράδοσιν
1449 3813 1798 3885 ποιούμενοςο
1839 3817 1943 3869 όδὲ

369 3911 500 3975 Υἱὸς
531 3909 822 3980 ὲλάμὸανε,
861 3907 955 3961 καὶ
999 3902 1090 3960 οἷα
1125 3905 1314 3967 πιστὸς
1348 3904 1814 3976 παραθηκοφύλαξ
1845 3908 1944 3974 τὴν

364 4005 515 4059 δόσιν
532 4003 785 4072 ὑπείχετο
807 4001 907 4070 (2),
929 4000 1028 4069 οὑχ
1045 3998 1120 4062 ὡς
1138 3998 1307 4069 Λόγος
1334 3996 1586 4060 ἀνούσιος
1612 3998 1706 4051 καὶ
1737 3998 1941 4051 ἀνυπό-

367 4114 586 4161 στατος,
605 4096 720 4150 ἀλλ’
752 4095 829 4158 ὡς
860 4091 1076 4164 ἀληθῶς
1092 4091 1218 4156 Υἱὸς
1250 4090 1327 4143 ὢν
1353 4089 1662 4160 Μονογενὴς
1688 4089 1782 4142 καὶ
1803 4091 1943 4158 ἀγα-

365 4188 542 4261 πητδς
575 4186 670 4241 τοῦ
700 4185 936 4257 Πατρός.

2051 3178 2139 3223 tur
2178 3169 2324 3226 illius
2368 3172 2434 3228 de
2475 3175 2656 3244 scipso
2693 3180 3060 3245 generationis
3092 3185 3283 3240 modus
3331 3195 3386 3240 et
3429 3187 3625 3241 intelli-

2049 3260 2229 3329 gentia
2267 3277 2284 3312 :
2321 3274 2420 3316 nec
2447 3264 2802 3343 disquircndo
2828 3270 3098 3338 quispiam
3129 3276 3509 3344 progrediatur
3543 3279 3626 3331 nl-
3654 3328 3665 3342 ,

2049 3350 2248 3418 terius,
2283 3352 2336 3404 in
2380 3361 2574 3408 natura
2608 3365 2663 3410 et
2691 3357 2995 3414 substantia
3036 3362 3405 3420 inenarrabili.
3451 3368 3624 3436 Ipsius

2047 3448 2228 3494 autem
2261 3442 2327 3496 de
2379 3444 2558 3512 seipso
2589 3444 2838 3501 doctrina
2884 3449 3224 3508 solummodo
3262 3471 3356 3523 per
3391 3459 3620 3526 gratiam

2045 3547 2168 3601 qua
2194 3548 2258 3588 ex
2292 3533 2403 3591 fide
2425 3548 2508 3592 est
2532 3539 2811 3608 obsignata
2857 3553 3072 3598 maneat
3103 3561 3262 3614 :qua:
3292 3550 3474 3604 omnia
3499 3551 3625 3619 qui-

2047 3625 2168 3679 dem
2209 3625 2307 3693 ipsi
2349 3630 2546 3684 tradita
2595 3647 2626 3684 a
2677 3631 2840 3688 Patre
2876 3647 2980 3688 suo
3013 3635 3299 3692 manifeste
3331 3639 3621 3694 admodum.

2049 3732 2146 3772 nos
2177 3719 2353 3775 docet.
2384 3721 2539 3777 Dedit
2579 3738 2712 3793 ergo
2738 3723 2879 3780 Deus
2913 3735 3076 3795 atque
3107 3729 3328 3785 tradidit
3358 3730 3624 3798 illi',hau‘c

2048 3809 2396 3867 traditionem
2447 3829 2624 3881 suam,
2654 3814 2722 3872 ad
2761 3818 3196 3874 emendationem
3221 3831 3276 3875 et
3315 3822 3618 3890 profectum

2049 3903 2443 3971 universitatis,
2468 3917 2726 3977 tanquam
2762 3909 3064 3974 Servatori,
3092 3911 3322 3975 medico,
3349 3915 3625 3983 guberna-

2051 3996 2152 4051 tori
2173 3998 2437 4053 omnium.
2473 4006 2533 4064 >3
2566 4000 2736 4057 Filius
2756 4016 2822 4057 ea
2853 4003 3081 4074 recepit,
3105 4012 3160 4060 et
3191 4016 3449 4078 tanquam
3485 4008 3624 4063 fidus

2048 4089 2317 4161 quispiam
2340 4091 2569 4164 depositi
2595 4106 2778 4151 custos
2799 4096 3014 4166 {donum
3058 4097 3186 4154 illud
3220 4102 3360 4170 apud
3389 4115 3449 4156 se
3479 4102 3624 4155 deti-

2047 4183 2196 4251 nuit,
2237 4198 2344 4240 non
2391 4195 2452 4240 ut
2479 4187 2712 4244 Verbum
2775 4189 3138 4246 insubsistens
3188 4199 3246 4246 et
3309 4193 3614 4249 substantia

365 4296 582 4346 carens,
609 4278 705 4334 sed
738 4286 992 4346 tanquam
1021 4275 1087 4340 is,
1146 4273 1238 4342 qui
1264 4287 1390 4330 vere
1411 4287 1534 4328 cum
1583 4273 1657 4328 sit
1691 4271 1897 4336 Filius,
1929 4273 2237 4344 unigenitus
2273 4286 2331 4332 et
2373 4277 2601 4336 dilectus
2638 4280 2807 4347 Patri,
2845 4282 2915 4337 ad
2946 4283 3090 4349 base,
3121 4283 3468 4353 semetipsum
3505 4287 3621 4355 ipse

365 4371 666 4428 nominavit
690 4383 882 4441 panem
909 4369 1050 4432 vitae,
1075 4367 1322 4436 inquiens
1354 4382 1370 4420 :

438 4467 508 4531 ζ’.
543 4467 664 4520 Ἔτι
708 4465 845 4537 πρὸς
885 4463 1092 4527 τούτοις
1125 4464 1221 4516 καὶ
1260 4462 1422 4532 ἄρτον
1467 4459 1564 4530 τῆς
1607 4459 1749 4530 ζωῆς
1783 4459 1941 4523 αὑτὸς
1973 4464 2018 4519 D

366 4559 561 4614 ἑαυτὸν
579 4556 847 4628 ὠνόμαζε,
869 4555 1040 4624 λέγων
1059 4571 1073 4584 ’
1109 4552 1250 4624 Ἐγώ
1264 4555 1380 4621 ειμι
1395 4555 1428 4606 ό
1444 4549 1621 4619 ἄρτος
1639 4549 1748 4618 τῆς
1765 4550 1933 4617 ζωῆς.

376 4649 521 4721 Ἐγώ
550 4653 670 4720 εἰμι
700 4651 734 4702 ὀ
760 4647 938 4716 ἄρτος
969 4650 1002 4701 ό
1028 4646 1158 4712 ζῶν,
1189 4648 1222 4699 ό
1253 4646 1322 4698 ἐκ
1347 4645 1454 4698 τοῦ
1478 4642 1737 4711 οὐρανοῦ
1764 4658 1942 4695 κατα-

365 4739 498 4807 ϐάς.
545 4739 656 4793 Καὶ
710 4738 858 4800 ὅπως
907 4735 1120 4807 ὑπῆρχε
1171 4732 1298 4798 ζῶν,
1342 4733 1586 4802 διεσάφει
1634 4729 1938 4803 τρανὸτατα

361 4831 658 4904 διαρθρῶν,
685 4833 744 4884 ὲν
774 4824 855 4892 οἷς
889 4845 1040 4900 φησι,
1073 4825 1279 4891 Καθὼς
1309 4823 1627 4879 ἀπέστειλέ
1654 4840 1731 4893 με
1771 4827 1803 4876 ό
1831 4821 1942 4883 ζῶν

362 4923 590 4992 Πατὴρ,
629 4921 793 4990 κάγὼ
821 4919 894 4980 ζῶ
929 4918 1026 4972 διὰ
1048 4918 1156 4971 τὸν
1185 4916 1434 4984 Πατέρα.
1469 4916 1579 4968 Καὶ
1617 4916 1679 4967 '0
1711 4915 1944 4983 τρώγων

355 5033 456 5085 με,
483 5014 760 5080 κάκεῖνος
786 5010 952 5078 ζήσει
981 5009 1054 5062 δι’
1083 5007 1204 5077 ἐμέ.
1239 5005 1409 5059 Τοῦτο
1439 5005 1495 5058 δὲ
1519 5005 1614 5059 καὶ
1645 5007 1704 5058 ἐν
1736 5005 1944 5075 ἑτέροις

361 5106 603 5171 ἐδίδαξεν
635 5103 804 5159 εἰπών
822 5120 837 5134 ο
874 5103 1098 5167 Ὥσπερ
1128 5099 1236 5168 γὰρ
1261 5101 1293 5151 ό
1312 5096 1516 5164 Πατὴρ
1540 5095 1694 5164 ζωὴν·
1719 5097 1842 5164 ἔχει
1873 5096 1945 5148 ἐν

359 5197 574 5265 ἐαυτῷ,
607 5197 762 5251 οὕτω
796 5195 893 5248 καὶ
941 5193 1023 5259 τῷ
1072 5191 1186 5256 Υἱῷ
1215 5191 1293 5260 (5)
1323 5189 1544 5243 ἔδωκεν
1587 5189 1750 5258 ἔχειν
1789 5188 1942 5256 {inin-

439 5343 500 5400 ἧς
539 5336 633 5390 Ed.
658 5331 828 5389 Paris.
855 5345 976 5399 pag.
992 5327 1198 5400 (88,8797.

2119 4463 2171 4515 7.
2218 4463 2326 4532 Ego
2354 4482 2468 4519 sum
2494 4467 2644 4534 panis
2680 4468 2818 4521 vitm.
2859 4468 2970 4539 Ego
2997 4486 3111 4524 sum
3140 4471 3288 4534 panis
3333 4472 3422 4524 ille
3453 4472 3618 4528 vivus.

2043 4557 2135 4625 qui
2177 4559 2242 4611 de
2265 4560 2392 4611 εωιο
2430 4559 2673 4614 descendi
2698 4561 2764 4614 ⁸⁸.
2793 4559 3035 4626 Qualiter
3071 4570 3252 4616 autem
3296 4568 3450 4618 vivus
3477 4566 3621 4619 exsi-

2045 4646 2243 4712 stebat,
2271 4649 2610 4716 apertissime
2650 4649 2944 4705 declaravit
2995 4651 3269 4719 inquiens,
3304 4652 3432 4706 dum
3475 4654 3618 4709 ποετ.

2048 4745 2179 4801 mat,
2209 4737 2659 4802 Quemadmodum
2698 4742 2840 4792 misit
2880 4759 2959 4794 me
3001 4743 3175 4796 vivens
3226 4741 3403 4806 Pater,
3448 4754 3498 4799 et
3525 4762 3618 4814 ego

2049 4827 2160 4880 rivo
2193 4844 2287 4895 per
2305 4826 2522 4883 Patrem
2549 4831 2618 4886 ”.
2640 4831 2704 4886 Et
2735 4850 2750 4886 :
2779 4831 2884 4897 Qui
2916 4851 2998 4887 me
3019 4835 3264 4903 comedit,
3299 4837 3386 4890 ille
3410 4850 3620 4907 propter

2048 4934 2130 4972 me
2180 4920 2305 4974 vivet
2331 4920 2368 4972 '.
2416 4919 2528 4976 Hoc
2557 4923 2730 4992 ipsum
2761 4924 2888 4978 alibi
2942 4925 3185 4990 edocuit,
3224 4927 3512 4997 inquiens:
3549 4927 3617 4982 Et

2048 5011 2483 5074 quemadmodum
2535 5012 2698 5068 Pater
2731 5017 2890 5070 vitant
2936 5017 3088 5072 habet
3127 5020 3180 5072 in
3213 5021 3504 5084 semetipso,
3541 5022 3616 5074 ita
3654 5081 3661 5088 ,

2049 5111 2096 5153 et
2125 5099 2270 5154 Filio
2301 5103 2449 5156 dedit
2496 5103 2686 5159 habere
2715 5108 2873 5159 vitam
2903 5109 2957 5161 in
2999 5110 3334 5178 semetipso’.
3367 5109 3494 5164 Erat
3518 5110 3617 5178 igi-

2053 5202 2138 5244 tur
2171 5193 2328 5260 panis
2367 5195 2540 5248 vita:
2583 5204 2641 5248 et
2677 5196 2730 5249 in
2778 5197 2919 5252 coelo
2967 5197 3312 5264 subsistebat,
3344 5198 3617 5269 angelicas

432 5393 488 5441 ’ἶ
507 5405 699 5460 Matth.
729 5417 807 5467 ιι,
833 5393 954 5455 27.-
998 5399 1042 5430 "
1067 5399 1197 5453 ibid.
1272 5395 1316 5426 ”
1339 5393 1493 5448 Joan.
1517 5409 1590 5457 νι,
1618 5393 1711 5458 35,
1736 5393 1828 5450 41.
1903 5397 1948 5429 ³³

2057 5394 2108 5447 ιι.
2140 5393 2228 5447 ss.
2283 5394 2320 5423 -ε
2358 5394 2490 5448 ibid.
2566 5395 2586 5425 ²
2613 5393 2768 5448 Joan.
2797 5411 2850 5462 v,
2885 5395 2975 5450 εδ.

432 5582 545 5655 (97)
582 5581 764 5655 Vulgo
789 5576 1114 5648 πιστεύομεν
1162 5584 1215 5630 et
1272 5575 1395 5629 dein
1439 5573 1724 5644 ὑπάρξεως
1759 5575 1930 5629 ἀπάν.

500 5649 551 5726 ςενι
574 5649 917 5726 asceam
981 5717 995 5726 _
1051 5710 1116 5726 ..
1175 5714 1202 5726 -

433 5725 548 5791 (98)
579 5721 750 5788 Vulgo
774 5719 939 5791 “eet
970 5716 1078 5770 ἀπὸ
1110 5716 1203 5769 τοῦ
1230 5734 1288 5769 π.

435 5783 548 5867 (99)
573 5783 744 5861 Vulgo
770 5787 1026 5857 γινώσκει
1060 5798 1113 5840 et
1142 5801 1263 5839 mox
1288 5783 1682 5855 παραδιδόσθω.

689 5884 961 5946 Pauor”
1007 5880 1125 5940 Gtt.
1175 5879 1223 5940 Χ
1243 5879 1408 5940 XIV.

2111 5575 2188 5650 (ἢ)
2211 5575 2381 5650 Ynlgo
2406 5591 2516 5650 om.
2536 5576 2700 5650 αὑτοῦ
2729 5587 2782 5631 et
2811 5591 2931 5650 mox
2958 5579 3360 5650 παραδίδοσθαι.

2111 5646 2188 5716 (2)
2227 5644 2394 5715 Vulgo
2428 5647 2604 5715 ὲπείχ.
2635 5661 2687 5701 et
2733 5663 2851 5702 mox
2881 5644 3047 5719 ἄρτον
3073 5649 3171 5717 τῆς
3220 5649 3270 5712 ζ.
3300 5663 3355 5705 et
3403 5651 3615 5724 τρανῶ-

2041 5733 2199 5769 τατα.

2113 5784 2189 5856 (ὖ)
2223 5783 2394 5856 Vulgo
2417 5787 2666 5842 δέδωκεν.

3219 5884 3297 5942 28
