4088 6388
431 316 534 369 875

1111 308 1372 364 EUSEBH
1412 306 1878 369 CﬁSARIENSlS
1915 304 2063 358 OPP.
2107 303 2282 358 PARS
2319 303 2409 358 IV.
2446 335 2515 344 -—-
2555 302 2973 358 DOGMATICA.

3583 307 3686 358 876

429 435 658 487 virtutes
682 431 915 501 irrigans
941 439 1106 497 atque
1138 427 1406 490 nutriens,
1437 439 1533 493 per
1570 440 1680 479 sua:
1710 425 1998 478 divinitati:

2109 423 2178 474 ἐν
2201 420 2411 485 ἐαυτῷ.
2444 424 2566 492 ’Ἆρ’
2595 417 2688 475 οὖν
2718 421 2812 474 καὶ
2838 421 2998 492 ἄρτος
3025 417 3090 492 ’ἦν
3111 422 3254 492 ζωῆς
3275 439 3288 452 ·
3321 424 3412 474 καὶ
3440 423 3689 497 ὑπῆρχεν

431 533 773 592 potestatem.
805 521 930 575 Haec
967 527 1090 572 erat
1113 516 1223 584 ille,
1262 515 1578 584 priusquam
1610 516 1660 569 in
1684 525 1881 570 terram
1913 517 2004 570 de-

431 615 715 669 scenderet
747 610 957 677 ;Filius
985 619 1124 674 erat,
1152 610 1319 662 vitam
1353 611 1405 663 in
1457 609 1635 677 seipso
1677 609 2002 662 continens:

432 708 498 760 ad
528 721 651 760 eum
678 705 895 758 modum
927 717 1034 772 quo
1067 703 1120 756 in
1154 715 1213 756 se
1248 701 1478 756 habebat
1499 701 1665 755 vitam
1696 700 1876 756 Pater.
1906 701 2006 753 Pa-

430 801 528 853 tris
554 798 697 852 enim
729 797 812 850 sui
859 795 1030 848 vitam
1075 804 1128 848 et
1157 794 1356 848 divina:
1400 808 1512 848 suae
1551 793 1676 848 vita
1709 793 1851 862 quod
1882 809 2006 862 ιιιοι

427 891 601 959 prium
667 888 844 942 fuerat
891 895 1056 956 atque
1092 887 1364 954 peculiare
1399 885 1504 956 (ob
1534 886 1676 956 quod
1714 886 1861 940 solus
1910 886 2006 940 ha-

426 981 556 1036 bere
600 978 803 1033 dicitur
834 977 1320 1039 immortalitatem,
1361 977 1816 1045 quemadmodum
1853 977 2004 1030 locu-

427 1083 514 1125 tus
577 1082 659 1125 est
704 1069 920 1124 divinus
976 1068 1494 1138 Apostolus)uetno
1552 1079 1750 1137 praeter
1809 1066 2004 1122 Filium

424 1157 703 1232 possidere
750 1160 950 1230 poterit
987 1160 1116 1229 :qui
1159 1169 1216 1215 et.
1254 1160 1432 1232 imago
1471 1161 1558 1214 sui
1607 1159 1787 1216 Patris
1829 1161 1922 1225 sit,
1952 1170 2008 1214 et

427 1255 602 1309 factus
629 1268 845 1323 quoque
873 1253 940 1307 ad
999 1252 1292 1322 imaginem
1336 1251 1536 1307 Patris.
1569 1251 1712 1307 Ante
1751 1268 1880 1307 vero
1924 1254 2007 1306 di-

425 1356 566 1400 ctam
624 1345 712 1400 ille
758 1347 922 1400 vitam
956 1343 1220 1413 possidet,
1261 1358 1368 1398 non
1423 1344 1542 1398 sine
1571 1344 1862 1413 principio,
1900 1359 2006 1398 non

427 1437 746 1506 ingenitam,
787 1452 938 1492 suam
988 1435 1290 1504 propriam,
1323 1436 1472 1491 velut
1499 1435 1677 1490 Patris
1707 1437 2007 1505 possessio-

425 1541 570 1590 nem,
594 1527 686 1581 sed
711 1540 870 1595 quam
897 1525 1106 1593 accepit
1128 1540 1158 1578 a
1190 1524 1371 1579 Patre.
1423 1526 1501 1579 lta
1523 1525 1670 1579 enim
1701 1526 1798 1590 ait,
1817 1524 1884 1578 Et
1913 1524 2009 1578 Fi-

2107 517 2165 566 ἐν
2195 513 2273 584 τῷ
2299 513 2534 584 οὐρανῷ,
2569 511 2667 576 τὰς
2699 511 2996 581 ἀγγελικάς
3022 513 3277 583 δυνάμεις
3309 514 3558 584 ἐπάρδων
3593 516 3685 567 καὶ

2104 605 2319 675 τρέφων
2347 607 2412 673 τῇ
2439 603 2539 672 τῆς
2568 602 2819 674 θεότητος
2844 601 3009 655 αὐτοῦ
3037 603 3282 672 δυνάμει.
3316 604 3425 654 Καὶ
3450 602 3690 655 τοσαῦτα

2104 693 2194 766 ἦν,
2232 697 2359 767 πρὶν
2409 696 2503 749 ἐπὶ
2537 696 2640 767 γῆς
2673 695 2864 748 ὲλθείψ
2921 695 3046 757 Υἱός
3089 711 3149 746 τε
3179 692 3246 765 ἦν
3281 693 3425 766 ζωὴν
3454 693 3594 764 ἔχων
3628 697 3688 746 ὲν

2105 788 2286 859 ἑαυτῷ
2332 787 2535 858 ὁμοίως
2562 788 2641 858 τῷ
2673 789 2849 861 Πατρὶ
2883 788 3031 860 ζωὴν
3057 787 3230 858 ἔχοντι
3283 790 3341 839 ὲν
3375 787 3577 855 ἑαυτῷ.
3613 786 3688 840 Τὸ

2105 877 2216 948 γὰρ
2247 877 2523 949 ἐξαίρετον
2554 878 2648 932 καὶ
2680 878 2880 943 ωιάζον
2909 879 3007 949 τῆς
3036 877 3131 930 τοῦ
3148 877 3361 950 Πατρός
3384 878 3683 946 άγεννήτου

2105 974 2202 1026 καὶ
2235 973 2420 1045 θεῖκῆς
2448 971 2614 1043 ζωῆς,
2641 974 2709 1028 δι’
2742 974 2810 1045 ἢν
2841 975 3000 1045 μόνος
3041 973 3185 1043 ἐχειν
3219 972 3517 1026 ἀθανασίαν
3547 971 3689 1024 κατὰ

2104 1063 2196 1116 τὸν
2229 1063 2370 1118 θεῖον
2415 1064 2735 1117 Ἀπόστολον
2756 1063 2992 1134 εἴρηται,
3032 1064 3191 1135 μόνος
3221 1063 3287 1117 ἂν
3315 1062 3426 1133 ἔχοι
3455 1064 3485 1114 6
3517 1062 3644 1126 Υἱός
3667 1079 3682 1092 ο

2106 1154 2202 1207 ἆτε
2235 1151 2397 1206 εἰκὼν
2446 1152 2540 1205 τοῦ
2575 1153 2788 1224 Πατρὸς
2837 1155 2933 1206 καὶ
2982 1153 3120 1206 κατὰ
3163 1153 3321 1206 τοῦτο
3379 1153 3684 1223 τυγχάνων.

2112 1246 2266 1314 Ἔχει
2310 1245 2368 1298 δὲ
2411 1243 2509 1315 τὴν
2558 1245 2853 1316 εἰρημένην
2902 1245 3071 1316 ζωὴν,
3114 1246 3211 1298 οὐκ
3262 1245 3516 1316 ἄναρχον,
3562 1245 3687 1298 οὐδὲ

2106 1337 2421 1405 ἀγέννητον,
2457 1336 2578 1389 οὐδὲ
2624 1336 2921 1406 ἰδιόκτητον
2949 1337 3150 1406 ὁμοίως
3188 1335 3267 1406 τῷ
3314 1337 3507 1408 Πατρὶ,
3550 1335 3687 1388 ἀλλὰ

2108 1427 2260 1495 παρὰ
2297 1427 2390 1480 τοῦ
2431 1428 2648 1499 Πατρὸςν
2686 1427 2886 1481 λαϐὼν.
2922 1425 3078 1481 Οὓτω
3117 1429 3225 1500 γάρ
3254 1445 3416 1498 φησι·
3453 1429 3562 1482 Καὶ
3606 1427 3689 1508 τῷ

2117 1519 2226 1584 Υλῷ
2249 1520 2431 1574 ἔδωκε
2459 1519 2613 1587 ζωὴν
2636 1519 2705 1572 ἐν
2740 1518 2931 1584 ἐαυτῷ
2968 1519 3134 1589 ἔχειν
3159 1519 3255 1590 (4),
3286 1520 3479 1587 καθὼς
3511 1524 3543 1574 ό
3570 1523 3689 1574 Πα-

424 1620 496 1672 lio
529 1620 675 1673 dedit
713 1620 876 1672 vitam
909 1617 1100 1670 habere
1132 1617 1188 1669 in
1233 1617 1532 1684 semetipso,
1565 1616 1998 1686 quemadmodum

2107 1610 2218 1678 τὴρ
2244 1609 2395 1678 ζωὴν
2429 1610 2556 1679 ἔχει
2583 1612 2653 1664 ἐν
2669 1609 2879 1676 ἐαυτῷ.
2916 1610 3124 1664 Οὐκοῦν
3149 1611 3177 1663 6
3206 1611 3304 1680 μὲν
3332 1611 3552 1675 ἔδωκεν,
3573 1613 3601 1664 6
3627 1611 3684 1662 δὲ

423 1706 590 1762 Pater
608 1708 768 1761 habet
802 1707 982 1770 vitam,
1018 1707 1076 1759 iu
1106 1707 1296 1776 seipse.
1327 1704 1422 1761 Ille
1449 1721 1576 1776 ergo
1605 1707 1772 1772 dedit,
1801 1706 1998 1774 accepit

2110 1701 2318 1772 εἴληφε.
2353 1702 2464 1756 Καὶ
2517 1703 2675 1772 μόνος
2726 1701 2870 1755 τοῦτ’
2909 1701 3102 1772 εἴληφε
3143 1701 3205 1754 τὸ
3247 1701 3437 1773 γέρας,
3486 1703 3561 1766 ὡς
3608 1703 3688 1774 μὴ

424 1800 553 1854 iste.
584 1799 854 1869 Solusque
879 1799 1019 1855 hanc
1042 1798 1206 1852 habet
1233 1798 1336 1853 iste
1357 1798 1868 1868 prmrogativam,ut
1897 1812 1998 1851 non

2105 1791 2303 1856 ἔξωθέν
2349 1793 2512 1846 ποθεν
2550 1794 2701 1864 αὐτῷ
2749 1792 3068 1866 πορίζεσθαι
3110 1794 3310 1864 ὁμοίως
3343 1796 3454 1857 τοῖς
3482 1794 3684 1858 λοιποῖς

425 1909 454 1944 e
487 1891 622 1948 foris
666 1891 888 1946 aliunde
922 1891 988 1946 ad
1041 1890 1196 1945 illum
1245 1891 1545 1945 accesserit
1587 1891 1718 1952 vita,
1746 1893 1998 1960 quemad‘

2109 1883 2242 1947 ζῶσι
2271 1885 2370 1956 τὴν
2395 1884 2561 1957 ζωὴν,
2601 1886 2716 1940 ἁλλ’
2747 1889 2810 1939 ὲν
2833 1885 3012 1957 ἑαυτῷ
3043 1884 3395 1957 πηγάζουσαν
3422 1885 3565 1956 ἔχειν
3589 1889 3688 1940 αὐς

427 1982 646 2040 modum
687 1981 912 2038 caeteris
932 1981 1202 2036 creaturis
1232 1981 1494 2036 accedere
1533 1978 1689 2044 solet,
1711 1981 1806 2034 sed
1837 1980 1891 2034 in
1922 1995 1998 2033 se-

2105 1971 2224 2042 τὴν,
2264 1973 2406 2026 κατὰ
2452 1975 2551 2044 τὴν
2597 1977 2658 2028 ὲν
2689 1975 2767 2045 τῷ
2800 1976 2994 2046 Πατρί.
3025 1976 3116 2029 Διὸ
3149 1975 3327 2030 πάντα
3361 1976 3459 2046 μὲν
3487 1977 3555 2030 τὰ
3585 1978 3686 2046 τῆς

425 2073 545 2141 ipso
575 2072 964 2127 scaturieutem
994 2070 1137 2126 illaut
1169 2079 1368 2137 teneat,
1400 2072 1695 2125 secundum
1737 2073 2006 2126 conditio-

423 2180 547 2218 nem
575 2163 689 2232 ejus
711 2180 832 2235 quae
866 2166 919 2218 in
940 2164 1102 2220 Patre
1141 2173 1246 2220 est.
1279 2164 1574 2231 Quocirca,
1609 2179 1730 2232 qum
1774 2165 2000 2234 partici-

425 2269 558 2330 pant
586 2261 656 2314 de
709 2259 818 2312 vita
869 2259 1074 2324 omnia,
1114 2258 1300 2312 vivunt
1348 2258 1438 2312 illa
1481 2258 1549 2312 de
1599 2257 1720 2312 Filii
1759 2257 2006 2328 largitate

421 2360 827 2422 supererogata,
870 2351 1018 2406 solus
1069 2359 1248 2406 autem
1291 2351 1409 2421 ipse
1438 2352 1601 2406 vitam
1637 2351 1796 2406 habet
1835 2353 1889 2406 in
1918 2366 2006 2407 se-

422 2447 540 2516 ipso
565 2446 972 2510 scaturieutem,
1009 2441 1171 2498 Patre
1208 2443 1354 2498 illam
1385 2444 1670 2514 largiente,
1705 2446 1776 2498 ad
1814 2458 2002 2500 eorum

422 2553 578 2594 usum
608 2545 664 2594 et
702 2537 1054 2603 fruitionem,
1085 2538 1178 2606 qui
1213 2536 1467 2606 deinceps
1507 2545 1664 2591 erant
1699 2538 1803 2590 vita
1829 2535 2002 2590 viviti-

421 2630 602 2685 candi.
633 2629 691 2686 Id
715 2629 859 2700 quod
902 2631 1130 2700 ipsemet
1167 2637 1399 2682 testatur
1426 2629 1700 2697 inquiens,
1737 2629 2004 2694 Quemad-

421 2722 638 2776 modum.
651 2736 736 2774 me
760 2720 903 2774 misit
930 2720 1110 2773 vivent.
1126 2716 1305 2782 Pater,
1325 2729 1376 2773 et
1401 2733 1494 2788 ego
1523 2721 1636 2772 vivo
1661 2731 1872 2789 propter
1895 2719 2002 2774 Pa-

421 2823 572 2864 trem.
605 2809 671 2865 Et
699 2827 712 2864 :
741 2808 845 2875 Qui
871 2809 1117 2870 comedit,
1140 2808 1232 2861 ille
1261 2819 1472 2876 propter
1491 2824 1572 2861 me
1597 2809 1745 2862 vivet.
1789 2807 1892 2862 Hic
1924 2819 1997 2862 est

415 2896 597 2963 panis,
628 2896 717 2965 qui
741 2895 804 2948 de
839 2895 967 2950 caelo
992 2896 1314 2954 descendit'.
1338 2895 1500 2950 Vides
1529 2906 1730 2971 autem,
1762 2908 1824 2951 ut
1845 2899 2000 2967 panis

419 2996 542 3042 erat.
584 2988 731 3054 vitae,
762 2987 928 3042 etiam
970 2986 1098 3042 dum
1147 2988 1322 3041 adhuc
1352 2987 1406 3042 in
1438 2989 1593 3044 cmlis
1633 2999 1796 3045 esset.
1827 2989 1998 3054 >I<t0b

420 3095 584 3148 quam
615 3079 788 3149 ipsam
827 3093 1051 3134 causam
1080 3078 1276 3149 legitur
1305 3079 1500 3134 alicubi
1537 3080 1758 3146 dictum,
1796 3081 1996 3137 Panem

2107 2062 2253 2134 ζωῆς
2287 2065 2488 2136 μέτοχα
2523 2066 2582 2134 ἐξ
2619 2068 2977 2140 ἐπιχορηγίας
3002 2067 3095 2122 τοῦ
3133 2067 3262 2121 Υἱοῦ
3293 2066 3359 2138 ζῇ
3381 2085 3394 2108 ν
3434 2068 3591 2139 μόνος
3624 2069 3686 2121 δὲ

2105 2156 2266 2217 αὐτὸς
2293 2158 2647 2227 πηγάζουσαν
2681 2159 2825 2230 ζωὴν
2854 2159 2966 2229 ἔχει
3011 2161 3069 2212 ὲν
3103 2158 3301 2228 ἐαυτῷ,
3341 2159 3435 2212 τοῦ
3472 2161 3686 2234 Πατρὸς

2105 2247 2256 2317 αὐτῷ
2281 2248 2437 2301 τοῦτο
2464 2249 2853 2320 δωρησαμένου
2886 2253 2965 2313 εἰς
2993 2251 3292 2305 ἀπόλαυσιν
3324 2252 3433 2306 τῶν
3466 2252 3686 2322 μελλόν-

2102 2356 2210 2393 των
2222 2341 2289 2393 δι’
2305 2341 2468 2398 αὐτοῦ
2482 2339 2882 2404 ζωοποιεῖσθαι.
2911 2344 2975 2396 Ὃ
2990 2343 3053 2412 δὴ
3075 2342 3152 2412 (5)
3168 2344 3260 2396 καὶ
3273 2344 3432 2408 αὐτὸς
3443 2345 3682 2398 διδάσκει

2103 2430 2273 2499 λέγων
2292 2449 2309 2462 ο
2340 2433 2542 2497 Καθὼς
2575 2432 2900 2489 ἀπέστειλέ
2919 2451 2997 2504 με
3045 2438 3080 2488 ό
3121 2434 3233 2496 ζῶν
3269 2437 3492 2505 Πατὴρ,
3523 2436 3688 2507 κάγὼ

2103 2521 2175 2582 ζῶ
2200 2523 2299 2579 διὰ
2327 2525 2435 2579 τὸν
2458 2524 2712 2594 Πατέρα.
2759 2527 2870 2579 Καί
2888 2543 2900 2557 ’
2941 2527 3002 2580 '0
3024 2527 3258 2597 τρώγων
3280 2545 3377 2597 με,
3407 2529 3686 2596 κάκεῖνος

2102 2613 2264 2682 ζήσει
2292 2615 2366 2670 δι’
2394 2617 2519 2686 ἐμέ.
2544 2615 2734 2685 Οὗτός
2765 2620 2936 2674 ἐστιν
2953 2623 2985 2674 ό
3013 2618 3192 2688 ἄρτος
3225 2623 3257 2673 ό
3286 2620 3355 2674 ἐκ
3376 2621 3480 2675 τοῦ
3509 2624 3686 2689 οὐρα-

2100 2708 2212 2761 νοῦ
2241 2709 2518 2775 καταϐάς.
2563 2710 2723 2782 Ὁρᾷς
2749 2711 2896 2775 ὅπως
2931 2712 3026 2764 καὶ
3059 2713 3118 2764 ὲν
3153 2710 3367 2781 οὐρανῷ
3397 2711 3682 2783 ὑπάρχων,

2100 2798 2263 2870 ἄρτος
2292 2795 2360 2870 ἦν
2389 2797 2554 2871 ζωῆς.
2572 2801 2664 2854 Διὸ
2692 2801 2938 2855 λέλεκταί
3002 2819 3102 2856 που
3124 2818 3139 2831 ⁸
3165 2803 3370 2869 Ἄρτον
3415 2802 3684 2872 ἀγγέλων

2099 2891 2318 2960 ἔφαγεν
2330 2895 2362 2946 ὁ
2374 2891 2700 2961 ἄνθρωπος.
2715 2893 2824 2947 Καὶ
2845 2894 2974 2965 πρὶν
2991 2892 3326 2947 ἀπεστάλθαι
3340 2895 3448 2966 ἄρα
3473 2894 3684 2948 ὑπὸτοῦ

2104 2983 2336 3054 Πατρὸς,
2365 2985 2422 3035 ὲν
2467 2983 2678 3055 οὐρανῷ
2704 2980 2772 3055 ἦν
2805 2983 2902 3056 (6),
2935 2985 3031 3038 καὶ
3071 2982 3164 3056 ἔζη
3205 2984 3290 3038 διὰ
3332 2985 3422 3040 τὸν
3462 2987 3684 3059 Πατέρα

2099 3077 2197 3147 οὐχ
2221 3075 2479 3145 ὡςΛόγος
2509 3077 2970 3148 σημαντικὸς,οὐδ⁹
2994 3076 3070 3140 ὡς
3094 3076 3152 3130 ἓν
3173 3078 3268 3131 κα).
3287 3079 3481 3132 ταύτὸν
3505 3081 3682 3150 ὑπάρ-

420 3167 744 3238 αιιςειονιιηι,
771 3168 1071 3225 comedebat
1096 3168 1251 3222 homo
1280 3170 1324 3222 δ.
1353 3168 1675 3240 Priusquam
1706 3187 1836 3242 ergo
1869 3174 1995 3227 mit-

2100 3185 2209 3238 χων
2239 3167 2317 3238 τῷ
2343 3168 2481 3239 Θεῷ,
2509 3169 2622 3222 ἀλλ’
2648 3169 2724 3233 ὡς
2751 3170 2998 3239 ὑφεστὼς
3039 3171 3134 3224 καὶ
3165 3170 3308 3240 ζωὴν
3339 3171 3474 3224 ἰδίαν
3513 3171 3678 3241 ἔχων,

421 3267 645 3323 teretur,
675 3258 888 3314 vivebat
922 3259 975 3313 in
1031 3259 1205 3324 creto,
1235 3268 1291 3314 et
1328 3275 1424 3331 per
1460 3261 1677 3318 Patrem
1727 3264 1945 3321 vivebat
1977 3285 1994 3322 :

421 3366 526 3407 nou
560 3358 620 3406 ut.
640 3350 872 3407 Verbum
899 3352 1346 3420 signiﬁeativum;
1391 3369 1497 3408 nou
1528 3363 1585 3407 ut
1631 3371 1795 3410 unum
1835 3367 1998 3428 atque

422 3445 562 3498 idem
605 3458 727 3499 eum
761 3443 872 3496 Deo
906 3445 1197 3511 exsislens,
1226 3445 1326 3500 sed
1363 3453 1621 3515 tanquam
1656 3448 1702 3502 is
1743 3447 1834 3516 qui
1864 3448 1995 3504 sub-

422 3535 659 3598 sisteret.
689 3545 746 3589 et
788 3533 952 3586 vitam
1003 3533 1106 3588 sibi
1150 3534 1421 3604 propriam
1461 3537 1770 3604 possidebat
1803 3556 1815 3591 :
1849 3539 1994 3593 illam

424 3625 648 3690 scilicet,
678 3639 841 3694 quam
873 3623 1032 3681 Pater
1054 3623 1319 3695 elargitus
1347 3625 1420 3679 illi
1445 3625 1644 3683 fuerat.
1669 3627 1998 3698 Progressus

421 3720 620 3780 denuo,
651 3715 1028 3771 excellentiam
1074 3727 1316 3786 paternae
1345 3717 1529 3785 gloria:
1567 3718 1692 3772 dum
1725 3719 1992 3784 insinuat,

422 3807 499 3860 ait
526 3822 542 3862 :
587 3807 1040 3872 Quemadmodum
1073 3823 1155 3866 me
1181 3805 1346 3863 Pater
1376 3810 1574 3879 docuit,
1617 3813 1719 3865 ista
1748 3812 1934 3880 loquor
1949 3815 1992 3868 ⁵.

423 3896 510 3963 Et,
552 3896 657 3962 Qui
691 3914 770 3952 me
799 3899 965 3962 misit,
997 3901 1042 3956 is
1069 3915 1272 3954 mecum
1300 3909 1376 3955 est
1398 3914 1419 3953 :
1453 3917 1557 3956 non
1589 3920 1671 3960 me
1691 3905 1888 3960 dimisit
1916 3923 1998 3960 so-

423 3991 554 4055 lum,
579 3993 829 4060 quoniam
857 4008 948 4061 ego
965 3991 1174 4060 ubique,
1190 4009 1308 4062 quae
1327 4005 1447 4048 sunt
1466 3995 1570 4063 ipsi
1596 3997 1994 4066 complaeentia,

424 4082 562 4149 facio
579 4082 620 4135 '.
651 4080 810 4148 Omni
851 4083 1007 4142 modo
1033 4084 1120 4143 hic
1145 4085 1272 4143 mihi
1303 4086 1560 4142 observes
1589 4087 1771 4151 velim,
1796 4089 1926 4158 quid
1943 4098 1997 4144 et

423 4173 714 4242 quomodo,
751 4174 965 4244 ubique,
999 4174 1355 4234 dicatur.Non
1381 4177 1552 4242 enim,
1569 4175 1995 4242 Nuneaiudum

425 4263 476 4318 in
528 4264 688 4319 terris
737 4278 832 4334 per
868 4277 1095 4324 carnem
1126 4279 1246 4327 cum
1286 4266 1597 4322 hominibus
1627 4283 1838 4336 versor,
1877 4283 1996 4338 quae

422 4353 566 4408 Patri
598 4363 720 4408 sunt
743 4356 1158 4425 eomplacentia,
1189 4354 1331 4410 facio
1364 4358 1497 4412 :sed
1540 4372 1753 4427 semper
1790 4369 1844 4414 et
1875 4361 1994 4414 ubl-

2096 3261 2163 3331 ῆν
2208 3263 2238 3314 6
2284 3261 2473 3334 Πατὴρ
2503 3263 2653 3333 αὐτῷ
2696 3263 2914 3317 δέδωκε.
2951 3264 3062 3318 Καὶ
3091 3264 3299 3335 προῖὼν
3340 3265 3398 3318 δὲ
3447 3264 3572 3335 ἑξῆς
3617 3265 3682 3318 τὸ

2098 3352 2361 3424 ὑπερέχον
2413 3354 2514 3425 τῆς
2575 3353 2667 3409 τοῦ
2705 3355 2918 3428 Πατρὸς
2965 3355 3124 3427 δόξης
3171 3355 3442 3428 παριστὰς
3488 3355 3674 3425 ἔλεγεο

2095 3443 2300 3511 Καθὼς
2336 3443 2574 3510 salaces
2600 3445 2936 3514 μεΠατὴρ,
2985 3445 3175 3501 ταῦτα
3193 3443 3389 3504 λαλῶ.
3423 3446 3566 3505 ,Καλο
3614 3446 3676 3504 '0

2095 3535 2335 3605 πέμψας
2364 3553 2441 3606 με
2459 3537 2587 3606 μετ’
2615 3537 2761 3606 ἐμοῦ
2786 3538 2975 3591 ἐστιν.
3000 3541 3121 3593 Οὐκ
3145 3538 3340 3608 ἀφῆκέ
3357 3557 3434 3608 με
3458 3542 3670 3608 μόνον,

2096 3627 2184 3682 ὅτι
2210 3629 2326 3698 ἐγὼ
2345 3629 2419 3684 τὰ
2453 3629 2678 3698 ἀρεστὰ
2717 3628 2876 3695 αὐτῷ
2919 3631 3068 3685 ποιῶ
3101 3631 3378 3698 πάντρτε.
3408 3633 3574 3703 Τήρει
3610 3633 3671 3685 δὲ

2095 3721 2358 3792 ἀκριϐῶς,
2375 3722 2522 3783 ὅπως
2538 3722 2752 3793 εῑρηται
2780 3725 3052 3778 πάντοτε.
3070 3725 3144 3777 Οὐ
3172 3724 3301 3794 γὰρ,
3327 3723 3464 3791 Νῦν,
3480 3725 3668 3796 φησὶν,

2095 3811 2182 3864 ὅτε
2215 3812 2307 3864 ἐπὶ
2343 3812 2445 3882 γῆς
2473 3811 2778 3884 ἀνθρώποις
2809 3813 2899 3866 διὰ
2941 3815 3140 3884 σαρκὸς
3169 3815 3365 3884 ὁμιλῷ,
3436 3817 3503 3869 τὰ
3545 3817 3675 3887 ἁρε-

2098 3902 2288 3974 στὰτῷ
2319 3903 2395 3974 (7)
2416 3905 2592 3976 Πατρὶ
2639 3905 3064 3978 διαπράττομαι,
3107 3906 3242 3960 ἀλλὰ
3280 3909 3381 3960 καὶ
3419 3909 3677 3963 πάντοτε.

2096 3993 2204 4045 Καὶ
2235 3991 2406 4046 ταῦτα
2445 3993 2501 4046 δὲ
2552 3994 2733 4049 λαλεῖν
2775 3997 3136 4069 μαρτύρεται,
3191 3997 3361 4068 άπερ,
3399 3997 3476 4061 ὡς
3523 3997 3677 4068 παρά

2093 4083 2448 4151 διδασκάλου,
2481 4087 2632 4158 παρὰ
2669 4086 2766 4142 τοῦ
2817 4089 3028 4160 Πατρὸς
3089 4089 3440 4160 μεμάθηκενο
3481 4085 3680 4143 οὐκοῦν

2095 4175 2189 4226 καὶ
2223 4174 2539 4230 διδάσκαλον
2569 4177 2933 4250 ἐπιγράφεται
2960 4180 3052 4234 τὸν
3081 4182 3326 4253 Πατέρα,
3367 4182 3551 4253 ἕτερος
3574 4181 3673 4246 ὢν,

2093 4267 2312 4340 δηλαδὴ,
2365 4270 2494 4340 παρ’
2543 4271 2728 4335 αὐτὸν,
2784 4272 2837 4324 ei
2854 4289 2919 4342 γε
2945 4275 3051 4337 πᾶς
3090 4275 3197 4345 ὅτῳ
3237 4272 3676 4344 μαθητευόμενος

2093 4361 2278 4432 ἕτερος
2304 4363 2558 4434 τυγχάνει
2586 4364 2679 4416 τοῦ
2705 4365 3061 4429 διδάσκοντος.
3095 4368 3158 4419 Ei
3200 4367 3244 4418 δ’
3272 4367 3334 4420 ὲν
3355 4365 3434 4435 τῷ
3458 4365 3576 4434 Θεῷ
3603 4360 3678 4435 ἦν

422 4453 543 4506 que.
581 4439 705 4497 Haec
730 4452 912 4496 autem
949 4443 1023 4497 ita
1054 4457 1113 4499 se
1139 4443 1376 4498 locutum
1405 4453 1655 4512 testatur,
1683 4457 1740 4502 ut
1777 4449 1869 4518 qui
1903 4449 1991 4504 illa

2100 4453 2338 4523 όΛόγος,
2387 4453 2454 4508 δι’
2483 4455 2542 4508 δν
2583 4457 2677 4509 καὶ
2713 4455 2931 4525 λογικὸς
2970 4457 3036 4512 ἂν
3063 4459 3254 4529 ῥηθείη
3289 4457 3399 4512 τῶν
3423 4458 3516 4511 τοῦ
3557 4458 3674 4512 Ha.-

422 4539 702 4599 acceperat
729 4545 757 4582 a
785 4527 947 4584 Patre
968 4545 1088 4585 suo.
1120 4529 1382 4599 Quocirca
1407 4536 1679 4591 doctorem
1709 4551 1864 4593 suum
1903 4538 1990 4592 in—

422 4619 608 4674 scribit
641 4618 879 4686 Patrem,
909 4621 1047 4677 alius
1076 4623 1145 4677 ab
1173 4637 1239 4678 eo
1281 4625 1466 4694 procul
1490 4627 1656 4682 dubio
1683 4629 1988 4686 exsistens:

422 4711 686 4780 siquidem
720 4712 894 4768 omnis
917 4715 1008 4782 qui
1038 4715 1105 4769 ab
1133 4715 1240 4770 alio
1259 4717 1808 4782 edocetur,diversus
1837 4723 1994 4792 plane

422 4805 491 4857 ab
519 4802 609 4858 illo
632 4805 866 4870 exsistit,
891 4807 981 4875 qui
1022 4807 1200 4862 docet.
1237 4809 1390 4877 Quod
1433 4811 1477 4865 si
1520 4811 1574 4866 in
1607 4811 1718 4867 Deo
1754 4812 1990 4869 Verbum

422 4904 537 4948 erat
569 4896 812 4965 (propter
859 4897 1003 4981 quod
1038 4897 1246 4966 logicus
1283 4901 1494 4957 dicatur
1534 4903 1665 4974 ille),
1706 4905 1992 4975 cogitatio-

425 5001 550 5039 num
585 4986 669 5040 sui
707 4985 882 5040 Patris
913 4995 966 5040 et
994 5001 1254 5044 sensuum
1301 4995 1674 5048 tantummodo
1717 4993 1990 5063 signiﬁca-

425 5075 591 5130 tivutn
623 5093 639 5130 :
669 5075 764 5146 qui
817 5085 993 5146 potest
1044 5076 1184 5145 ﬁeri,
1227 5089 1286 5134 ut
1331 5080 1403 5135 sit
1452 5079 1569 5151 ipse
1607 5083 1866 5151 magister
1904 5085 1987 5139 sui

426 5163 591 5232 ipsius
637 5164 1002 5222 informator?
1030 5165 1329 5234 Quomodo,
1361 5183 1480 5226 cum
1527 5187 1556 5226 a
1596 5171 1708 5227 Deo
1731 5173 1802 5229 sit
1842 5174 1988 5230 inse-

505 5308 564 5375 ἦέ
593 5302 688 5356 Ed.
721 5302 898 5360 Paris.
926 5321 1050 5375 pag.
1085 5306 1175 5361 90.

2094 4546 2222 4618 τρδς
2266 4547 2553 4620 νοημάτων
2604 4552 2939 4620 σημαντικός
2985 4569 3070 4615 τις
3108 4551 3215 4606 ὧν·
3255 4549 3373 4611 πῶς
3407 4549 3474 4604 ἂν
3509 4547 3674 4611 αὐτὸς

2097 4637 2288 4691 ἑαυτοῦ
2317 4638 2525 4707 γένοιτο
2547 4639 2865 4705 διδάσκαλος
2888 4658 2902 4706 ;
2934 4643 3057 4706 Πῶς
3083 4643 3126 4696 δ’
3153 4641 3454 4713 άχώριστος
3475 4639 3549 4693 ὢν
3573 4637 3677 4692 τοῦ

2095 4728 2250 4795 Θεοῦ,
2276 4730 2466 4784 ἑαυτὸν
2489 4731 2672 4800 ἔλεγεν
2697 4733 3066 4797 άπεστάλθαι;
3092 4734 3216 4797 Πῶς
3241 4733 3318 4797 δὲ,
3340 4733 3397 4786 ἒν
3419 4731 3671 4786 καὶ-ταύ-

2094 4820 2187 4874 τὸν
2235 4821 2494 4893 ὑπάρχων
2533 4823 2613 4894 τῷ
2663 4826 2804 4897 Θεῷ,
2850 4827 2918 4880 τὰ
2965 4825 3173 4897 ἀρεστὰ
3222 4826 3483 4896 πράττειν
3522 4823 3680 4894 αὐτῷ

2095 4909 2519 4982 διεμαρτύρετος
2565 4915 2628 4967 Εἰ
2661 4915 2719 4968 δὲ
2748 4917 2884 4987 πρὸς
2925 4917 3097 4970 ταῦτα
3141 4915 3289 4984 λέγοι
3329 4914 3673 4986 Μάρκελλος,

2093 4997 2152 5048 ὲν
2193 5000 2264 5068 τῇ,
2293 5001 2458 5069 σαρκὶ
2488 5001 2616 5055 ὄντα
2658 5004 2750 5057 τὸν
2795 5005 2990 5073 Λόγον,
3028 5004 3231 5069 ταύτας
3274 5004 3548 5076 εἰρηκέναι
3572 5005 3673 5066 τὰς

2097 5090 2298 5156 φωνὰς,
2332 5093 2429 5146 καὶ
2461 5094 2514 5147 τι
2535 5096 2693 5150 τοῦτο
2716 5099 2965 5169 φήσομεν
2992 5099 3129 5170 πρὸς
3154 5098 3246 5151 τὸν
3291 5097 3365 5168 μὴ
3385 5097 3672 5168 ὁμολογεῖν

2095 5181 2187 5233 τὸν
2239 5182 2365 5236 Υὲὸν
2407 5185 2480 5256 (8)
2541 5188 2705 5241 αὐτὸν
2763 5185 2922 5255 εἶναι,
2950 5190 3087 5244 ἀλλὰ
3119 5191 3290 5257 Λόγον
3324 5189 3515 5260 μόνον;
3547 5187 3670 5249 Πῶς

497 5371 689 5426 ’Joan.
721 5389 793 5440 vn,
852 5371 943 5441 58,
965 5371 1054 5431 59.
1131 5381 1153 5406 ⁸
1179 5377 1321 5431 Psal.
1349 5395 1552 5446 Lxxvu,
1575 5381 1679 5446 25';
1711 5382 1753 5435 ll
1789 5383 1944 5439 Esdr.
1975 5400 2048 5452 Ix,
2086 5388 2171 5441 ls‘i.
2247 5390 2268 5420 ⁵
2302 5388 2458 5445 Joan.
2495 5408 2612 5456 vui,
2642 5394 2736 5450 28.
2809 5395 2985 5451 ‘ibid.
3010 5395 3102 5451 29.

499 5509 574 5582 (4)
603 5509 772 5583 Vulgo
801 5515 858 5566 ὲν
876 5515 1052 5586 ἐαυτῷ
1072 5515 1251 5587 Exeat;
1291 5534 1452 5589 supra
1478 5522 1636 5590 vulgo
1681 5524 1821 5576 κατὰ
1869 5523 1993 5578 τοῦ-

427 5597 538 5636 τον.

497 5650 575 5723 (ξ)
601 5649 773 5723 Video
789 5653 872 5723 δέ.

501 5719 576 5791 (6i
606 5719 725 5774 lissi
751 5722 882 5789 ἔξην
904 5741 918 5789 ;
942 5741 1063 5781 mox
1086 5730 1246 5798 vulgo
1268 5727 1374 5783 οὐδ’
1392 5729 1467 5794 ὡς
1483 5741 1532 5786 et
1555 5731 1681 5800 ἑξῆς
1699 5733 1986 5805 ὑπεροχήν,

2097 5537 2149 5581 et
2184 5527 2318 5581 inira
2349 5530 2430 5582 ὅτι
2457 5531 2566 5584 ἐπί.

2276 5597 2443 5673 Χιιμεο
2463 5603 2610 5673 αὐτῷ
2639 5602 2741 5673 τῷ.

2170 5668 2244 5738 (8)
2276 5667 2442 5739 Vulgo
2474 5673 2566 5726 τὸν
2583 5667 2670 5745 ’μὴ
2687 5667 2848 5743 ’ὁμολ
2888 5675 2979 5727 τὸν
3009 5675 3153 5729 Υξόν.
