4088 6376
362 320 465 374 877

1312 324 1398 377 ΠΕ
1433 324 1975 379 ECCLESIASTICA
2015 325 2409 380 TllEOLOGlA
2448 326 2575 379 LIB.
2612 328 2653 379 l.

3509 333 3610 387 R72

362 434 407 486 δ’
436 436 494 486 ἐν
533 437 599 505 τῇ
638 439 799 507 σαρκὶ
838 434 926 508 ἦν,
960 441 1047 493 ὅτε
1084 441 1254 494 ταῦτα
1294 440 1509 509 ἕλεγεν;
1538 437 1684 513 τΛρά
1717 458 1780 509 γε
1814 441 1939 503 ζῶν,

2050 443 2326 508 parabilis,
2373 444 2593 495 missum
2644 442 2845 497 fatetur
2902 447 3251 515 semetipsum
3288 447 3616 514 90minqu

362 524 459 577 καὶ
493 525 757 591 ὑφεστὼς,
793 531 887 582 καὶ
922 531 1015 583 τοῦ
1049 532 1259 603 Πατρός
1305 532 1565 602 ὑπάρχων
1601 534 1787 596 ἐκτός;
1835 534 1944 585 Καὶ

361 614 446 677 τίς
474 610 541 683 ἦν
572 617 600 666 ὁ
632 617 820 687 Πατὴρ
864 620 1001 683 τότε,
1039 622 1112 691 μὴ
1154 623 1246 675 τὸν
1278 624 1473 675 οἰκεῖον
1514 622 1845 692 κεκτημένος
1885 625 1944 676 ἐν

360 705 541 777 ἑαυτῷ
572 710 763 777 Λόγον,
795 711 908 764 ἀλλ’
945 713 1190 781 ὑφεστὼς
1217 716 1345 769 ἀνευ
1388 716 1591 782 Λόγου;
1638 715 1863 767 ὲνοικῶν
1887 716 1942 768 δὲ

361 803 422 854 ὲν
452 804 515 872 τῇ
565 805 727 874 σαρκὶ
766 808 795 859 6
836 808 1026 876 Λόγος,
1058 809 1134 861 ὅτ’
1166 810 1258 862 ἐπὶ
1300 810 1403 879 γῆς
1444 812 1681 865 ἐποιεῖτο
1702 811 1799 874 τὰς
1830 811 1943 863 δια-

358 895 573 967 τριϐὰς,
595 896 643 948 εἰ
669 897 767 967 μὲν
790 898 884 950 τοῦ
906 900 1117 970 Πατρὶς
1137 901 1294 964 ἐκτὸς
1311 897 1398 971 ἦν,
1419 902 1527 966 ζῶν
1552 902 1647 955 καὶ
1672 902 1939 972 ὑφεστὼς,

359 988 456 1038 καὶ
493 988 593 1056 τὴν
640 987 819 1059 σάρκα
860 988 1025 1042 κινῶν
1071 990 1249 1060 ψυχῆς
1298 991 1473 1063 δίκην,
1507 993 1692 1061 ἕτερος
1740 993 1941 1064 δηλαδὴ

360 1078 511 1150 παρὰ
538 1078 629 1133 τὸν
658 1080 895 1153 Πατέρα,
938 1084 1033 1136 καὶ⁸
1067 1082 1159 1135 δύο
1190 1083 1352 1136 πάλιν
1393 1084 1740 1147 ὑποστάσεις,
1779 1084 1942 1147 αὑτός

356 1187 419 1223 τε
447 1171 538 1224 καὶ
566 1172 594 1222 6
617 1172 837 1243 Πατὴρ,
869 1174 1136 1245 ὑπῆρχον.
1164 1175 1402 1237 Μάταιός
1425 1192 1483 1227 τε
1512 1177 1617 1237 πᾶς
1638 1178 1665 1228 ὁ
1685 1176 1939 1246 Μαρκέλ-

358 1260 453 1313 λου
504 1261 821 1333 πεφώραται
878 1264 1071 1327 πόνος,
1120 1264 1349 1336 οὑσιώδη
1393 1266 1566 1334 Λόγον
1616 1266 1793 1330 ζῶντα
1846 1267 1943 1319 καὶ

361 1353 672 1421 ὑφεστῶτα,
713 1356 800 1407 τὸν
836 1356 1161 1431 ὲντῇξσαρκὶ
1198 1360 1486 1427 γενόμενον
1508 1358 1842 1429 ὁριζομένου.
1878 1360 1941 1410 Εἰ

355 1445 401 1497 δ’
423 1447 577 1507 ἐκτὸς
621 1447 833 1518 ὑπῆρχε
874 1448 969 1503 τοῦ
1003 1450 1138 1504 Θεοῦ
1183 1451 1260 1522 (9)
1283 1454 1311 1505 6
1350 1454 1408 1504 ὲν
1446 1451 1523 1521 τῷ
1553 1450 1767 1521 σώματι
1800 1469 1939 1504 κατ-

350 1538 521 1589 οικῶν
578 1537 777 1605 Λόγος,
816 1539 1017 1610 ἥνωται
1053 1541 1110 1593 δὲ
1154 1543 1248 1594 καὶ
1287 1544 1526 1613 συνῆπτο
1570 1541 1649 1612 τῷ
1680 1542 1819 1612 Θεῷ,
1866 1542 1941 1605 ὡς

355 1628 415 1679 ἓν
440 1629 532 1681 καὶ
556 1630 749 1682 ταὺτὸν
778 1626 916 1683 εἷναί
943 1648 1000 1683 τε
1031 1632 1179 1702 αὑτῷ
1200 1632 1259 1697 ἐξ
1285 1634 1531 1705 ἀνάγκης
1556 1632 1743 1696 δώσει,
1771 1633 1804 1702 ἢ
1839 1633 1940 1685 αὑ-

354 1718 446 1773 τὸν
484 1715 622 1773 εἶναι
653 1720 745 1773 τὸν
786 1722 1003 1793 Πατέρα
1040 1724 1098 1776 ὲν
1128 1727 1193 1794 τῇ
1233 1726 1477 1795 σαρκὶ,ἢ
1523 1724 1637 1795 (10)
1675 1724 1767 1776 τὸν
1810 1724 1937 1776 Υξὸν

357 1812 643 1879 ὑφεστῶτα
670 1813 790 1866 καθ’
823 1816 1016 1868 ἑαυτὸν
1043 1816 1137 1869 καὶ
1166 1817 1491 1888 ἐνεργοῦντα
1514 1820 1572 1870 ὲν
1598 1816 1677 1887 τῷ
1700 1816 1932 1887 σώματι,

354 1903 590 1974 ἦψυχὴν
633 1905 941 1976 ἀνθρώπου,
989 1907 1098 1977 ῆεὶ
1146 1909 1312 1978 μηδὲν
1355 1908 1579 1971 τούτων,
1630 1909 1933 1979 αὐτόματον

354 1996 616 2048 κινεῖσθαι
654 1996 752 2067 τὴν
797 1998 995 2069 σάρκα,
1039 1999 1245 2070 ἄψυχον
1288 1995 1453 2054 οὖσαν
1499 2002 1595 2054 καὶ
1625 2001 1838 2069 ἄλογον.
1873 2002 1934 2053 Εἰ

352 2086 456 2155 μὲν
485 2083 576 2140 οὖν
620 2089 712 2141 τὸν
742 2090 961 2161 Πατέρα
1005 2091 1175 2158 λέγοι,
1226 2091 1378 2143 ἔσται
1428 2093 1456 2145 6
1505 2093 1696 2163 Πατὴρ
1722 2094 1870 2163 αὑτῷ
1908 2097 1935 2145 6

353 2178 633 2248 γεννηθεὶς
676 2182 771 2233 καὶ
810 2180 997 2233 παθὼν
1034 2183 1127 2233 καὶ
1159 2184 1268 2235 πᾶν
1309 2182 1470 2254 ἔργον
1508 2184 1935 2256 άνθρωποπαθὲς

352 2268 669 2339 ὑπομείνας,
684 2270 711 2321 ὃ
733 2269 796 2341 δὴ
818 2270 1188 2343 φθεγξάμενον
1202 2273 1487 2329 Σαϐέλλιον
1505 2276 1757 2339 ἀσεϐείας
1773 2277 1936 2346 ἐγρά-

352 2359 491 2427 ψατο
524 2360 740 2432 γραφὴν
763 2362 855 2415 τοῦ
889 2363 1023 2415 Θεοῦ
1065 2365 1097 2434 ἡ
1132 2365 1449 2436 Ἐκκλησία.
1491 2368 1553 2420 Εἰ
1590 2368 1647 2419 δὲ
1694 2351 1785 2421 τὸῦ
1820 2369 1933 2418 Πα-

350 2446 486 2517 τέρα
526 2449 701 2517 λέγειν
746 2451 807 2503 οὑ
854 2450 1071 2523 θεμιτὸν
1116 2454 1628 2527 ἐνανθρωπήσαντα,
1671 2458 1761 2511 τὸν
1809 2458 1936 2510 Υἱὸν

351 2539 634 2608 ὁμολογεῖν
677 2542 910 2614 ἀνάγκη,
955 2544 1104 2614 αὑτῷ
1155 2546 1625 2617 μαθητευομένους
1663 2548 1820 2602 τοῦτο
1862 2550 1937 2601 δι-

343 2634 620 2688 δάσκοντι.
662 2638 724 2689 Ei
762 2636 818 2688 δὲ
865 2636 1052 2690 τοῦτον
1095 2639 1310 2709 ἀρνοῖτο
1348 2641 1666 2710 Μάρκελλος
1703 2642 1938 2709 ὑφεστά-

346 2743 460 2789 ναι,
487 2726 603 2796 ῶρα
632 2728 786 2796 ψιλὸν
812 2728 1095 2801 ἄνθρωπον
1138 2730 1301 2783 αὑτὸν
1340 2732 1692 2786 ὑποτίθεσθαι
1717 2734 1782 2785 ἐκ
1830 2733 1934 2784 σώ-

356 2835 526 2887 ματος
558 2820 654 2872 καὶ
687 2819 870 2889 ψυχῆς
917 2822 1245 2887 συνεστῶτα,
1290 2824 1365 2887 ὼς
1408 2824 1573 2895 μηδὲν
1615 2825 1715 2895 τῆς
1752 2826 1937 2894 κοινῆς

353 2908 658 2981 ἀνθρώπων
686 2912 1023 2966 διαλλάττειν
1051 2914 1287 2982 φύσεως.
1335 2917 1495 2971 Ἀλλά
1523 2919 1617 2971 καὶ
1641 2918 1802 2971 τοῦτο
1842 2920 1942 2989 τῆς

2044 548 2163 582 cum
2196 533 2267 583 sit
2304 549 2465 584 unum
2494 544 2654 602 atque
2681 534 2819 587 idem
2853 551 2974 587 eum
3003 537 3127 600 Duo,
3155 552 3213 590 se
3248 538 3355 591 Deo
3381 542 3616 606 complu-

2044 623 2217 674 centiu
2262 626 2522 691 perlicere
2571 627 2859 680 testatur?
2888 629 3043 693 Quod
3077 630 3121 682 si
3174 633 3501 697 respondeat
3550 636 3615 683 ad

2045 712 2156 765 haec
2186 712 2493 779 Marcellus,
2539 713 2773 771 Verbum
2823 734 3045 774 carnem
3096 722 3291 775 factum
3330 724 3444 778 haec
3489 740 3619 793 pro-

2044 804 2356 859 nuntiasse:
2387 816 2441 860 et
2468 808 2595 875 quid
2631 811 2771 864 istud
2805 811 3024 879 inquam
3071 813 3135 864 ad
3166 813 3318 879 illud,
3352 830 3459 868 non
3487 831 3617 869 con-

2046 894 2184 947 Iiteri
2211 909 2334 949 eum
2371 896 2563 952 Filium
2594 914 2731 962 esse,
2757 902 2853 955 sed
2879 902 3055 956 solum
3086 902 3341 958 Verbum.
3375 905 3618 972 Qualiter

2040 1001 2170 1040 vero
2199 986 2252 1040 in
2294 1002 2457 1043 carne
2498 990 2596 1047 fuit
2625 1006 2746 1046 cum
2774 993 2889 1047 haec
2915 994 3326 1065 proloqneretur
3350 996 3375 1049 ?
3407 996 3617 1052 Nnmne

2043 1079 2251 1142 vivens,
2293 1079 2630 1144 subsistens,
2665 1092 2819 1137 extra
2877 1084 3090 1140 Patrem
3143 1087 3520 1140 constitutus?
3555 1088 3619 1142 Et

2041 1170 2184 1237 quis,
2201 1185 2401 1238 quaeso,
2426 1182 2543 1227 erat
2572 1182 2679 1226 tum
2707 1174 2795 1228 ille
2823 1174 3006 1238 Pater,
3034 1176 3123 1244 qui
3147 1192 3303 1230 suum
3328 1178 3379 1230 in
3405 1192 3462 1231 se
3488 1178 3618 1231 Ver-

2043 1262 2166 1312 bum
2196 1268 2325 1314 tunc
2354 1276 2460 1315 non
2485 1262 2838 1331 possidebat?
2866 1266 2960 1319 sed
2983 1266 3102 1319 sine
3146 1279 3246 1319 suo
3284 1264 3457 1321 Verbo
3485 1268 3617 1320 sub-

2042 1350 2269 1405 sistebat
2303 1350 2326 1403 ?
2360 1367 2581 1407 carnem
2627 1368 2758 1409 vero
2806 1355 3043 1411 Verbum
3099 1366 3224 1410 tune
3270 1357 3614 1421 inhabitans,

2042 1458 2164 1495 cum
2207 1444 2257 1497 in
2305 1445 2466 1500 terris
2505 1445 2592 1499 hic
2640 1457 3095 1515 conversaretur,
3144 1449 3411 1518 siquidem
3462 1460 3615 1505 extra

2042 1548 2199 1588 suum
2251 1534 2465 1591 Patrem
2515 1537 2727 1603 fuerat,
2764 1541 2988 1606 vivens,
3024 1544 3345 1606 subsistens,
3396 1557 3616 1597 carnem

2045 1638 2266 1679 movens
2288 1628 2357 1680 ad
2386 1628 2561 1681 instar
2593 1630 2808 1693 animae,
2839 1631 3059 1684 omnino
3085 1643 3203 1686 erat
3241 1632 3382 1685 alius
3404 1648 3433 1685 a
3461 1632 3619 1686 Patre

2044 1730 2162 1779 suo,
2188 1718 2382 1772 et-duze
2404 1728 2514 1772 tum
2538 1719 2880 1790 hypostases,
2920 1723 3032 1791 ipse
3057 1731 3218 1792 atque
3238 1723 3416 1783 Pater,
3444 1724 3621 1777 subst.

1969 1796 2007 1850 Β
2037 1809 2272 1863 stabant.
2299 1809 2658 1866 Frustraneus
2681 1814 2963 1884 eritporro
2986 1813 3223 1868 Marcelli
3250 1815 3400 1869 labor
3423 1816 3619 1877 omnis,

2036 1898 2128 1966 qui
2158 1898 2326 1965 illum,
2364 1905 2505 1969 quod
2547 1902 2598 1956 in
2635 1918 2804 1957 carne
2839 1902 2940 1957 fuit
2971 1904 3330 1959 substantiale
3362 1903 3619 1966 Verbum.

2037 1992 2239 2054 vivum,
2263 2002 2318 2047 et
2350 1995 2651 2049 subsistens
2678 1997 3079 2051 determinavit.
3107 1997 3265 2064 Quod
3304 2000 3345 2049 si
3384 1998 3617 2051 Verbum

2036 2082 2165 2137 illud
2194 2084 2335 2154 quod
2363 2085 2705 2140 inhabitabat
2737 2102 2981 2152 carnem,
3021 2100 3177 2143 extra
3221 2092 3383 2143 Deum
3426 2091 3621 2149 fuerat,

2036 2176 2246 2229 unitum
2301 2189 2431 2229 vero
2481 2176 2584 2230 fuit
2631 2189 2687 2231 et
2724 2178 3034 2248 copulatum
3093 2180 3310 2243 eidem,
3360 2191 3619 2249 tanquam

2040 2270 2100 2327 is
2130 2280 2295 2320 unum
2334 2277 2496 2335 atque
2523 2268 2661 2321 idem
2689 2284 2811 2322 cum
2856 2284 2923 2324 eo
2965 2287 2978 2323 :
3008 2271 3227 2323 omnino
3257 2286 3622 2325 concessurus

2034 2367 2117 2409 est
2142 2355 2214 2409 illi
2243 2357 2635 2424 exsistentiam,
2663 2371 2716 2413 et
2749 2360 2919 2428 ipsum
2943 2376 3155 2429 quoque
3176 2377 3322 2425 esse,
3358 2376 3483 2416 cum
3514 2377 3631 2415 car.

2040 2460 2107 2500 ne
2130 2448 2478 2503 exsistentem
2505 2448 2746 2516 Patrem,
2778 2460 2833 2506 et
2860 2451 3055 2505 Filium
3082 2468 3111 2505 a
3138 2467 3195 2507 se
3212 2463 3271 2507 et
3300 2468 3398 2522 per
3420 2467 3483 2506 se
3506 2455 3630 2507 sub-

2039 2539 2343 2607 sistentem,
2368 2550 2427 2595 et
2461 2542 2513 2594 in
2537 2556 2765 2612 corpore
2786 2554 3095 2614 aperantem
3135 2564 3151 2597 :
3180 2554 3273 2600 aut
3306 2545 3495 2600 saltem
3526 2547 3623 2599 hn-

2042 2645 2254 2684 mauam
2297 2631 2532 2685 animam
2570 2650 2584 2685 :
2619 2634 2663 2687 si
2701 2634 2833 2688 nihil
2882 2635 3119 2702 horum;
3176 2648 3287 2690 tum
3329 2648 3485 2692 certe
3527 2654 3623 2691 sua

2042 2733 2236 2793 sponte
2280 2737 2377 2792 per
2401 2740 2461 2779 se
2490 2725 2694 2781 moveri
2738 2742 2979 2791 carnem,
3026 2728 3260 2782 fateatur
3286 2744 3508 2783 necesse
3542 2743 3627 2783 est

2046 2816 2339 2869 inanimam
2394 2827 2451 2871 et
2504 2818 2868 2873 irrationalem
2915 2839 2928 2871 :
2978 2821 3062 2874 sin
3111 2835 3242 2875 vero
3296 2826 3629 2876 concesserit

2045 2920 2167 2961 esse
2197 2906 2414 2961 Patrem
2445 2924 2460 2961 :
2488 2908 2593 2961 erit
2621 2908 2694 2962 illi
2720 2908 2899 2972 Pater,
2932 2912 3169 2980 genitus,
3196 2925 3412 2980 passus,
3434 2920 3491 2965 et
3513 2928 3631 2966 om-

366 3003 692 3072 Ἐκκλησίας
704 3004 1037 3075 ἀπελήλαται
1053 3006 1111 3059 τὸ
1122 3006 1317 3078 δόγμαο
1334 3008 1363 3061 ὃ
1377 3009 1433 3061 δὲ
1459 3010 1622 3063 πάλαι
1647 3011 1743 3080 μὲν
1756 3009 1939 3063 Ἐϐιω-

2045 2998 2137 3049 nia
2167 2997 2403 3052 humana
2433 3013 2595 3066 opera
2634 2999 2725 3068 qui
2762 3001 2981 3055 subivit.
3023 3000 3183 3068 Quod
3212 3016 3335 3057 cum
3362 3001 3630 3057 Sabellius

353 3097 513 3157 ναῖοι,
542 3096 739 3148 νεωστὶ
762 3096 817 3149 δὲ
851 3100 879 3150 6
902 3099 1250 3168 Σαμοσατεὺς
1290 3099 1383 3153 καὶ
1413 3102 1462 3154 οἱ
1498 3101 1726 3173 ἐπίκλην
1755 3101 1813 3166 ἐξ
1851 3102 1947 3153 αὑ-

2048 3089 2177 3143 olim
2223 3088 2535 3154 allirmavit,
2571 3091 2850 3160 inscripsit
2883 3093 2934 3147 ei
2983 3093 3158 3149 dicam
3205 3093 3496 3164 impietatis
3530 3092 3633 3149 Ec-

352 3182 447 3237 τοῦ
480 3184 771 3239 Παυλιανοὶ
798 3159 1165 3257 φρονήσαντες
1200 3159 1333 3258 (ll),
1376 3159 1693 3259 δυσφήμων⁵
1714 3159 1939 3257 ὑπέμει-

2048 3182 2209 3236 clesia
2264 3181 2381 3236 Dei.
2440 3182 2594 3248 Quod
2628 3184 2673 3238 si
2724 3159 2875 3238 nefas
2918 3185 2985 3237 sit
3025 3185 3228 3244 dicere.
3281 3159 3629 3241 incarnatum

353 3295 451 3331 ναν
472 3277 645 3349 δίκην.
664 3278 728 3330 Τί
750 3278 815 3349 δὴ
838 3274 929 3332 οὑν
954 3278 1201 3333 λείπεται
1226 3280 1364 3350 μετά
1384 3280 1610 3349 ταῦταῆ
1634 3279 1731 3350 τὴν
1761 3279 1940 3350 σάρκα

355 3371 515 3439 μόνον
546 3372 785 3440 εἰσάγειν
808 3372 929 3443 δίχα
958 3373 1159 3436 παντὸς
1195 3375 1404 3427 ὲνοίκου
1441 3373 1550 3429 τῶν
1589 3373 1746 3442 δίκην
1788 3373 1941 3443 παρά

351 3465 467 3527 τοῖς
495 3463 918 3534 θαυματοποιοῖς
964 3465 1271 3535 αὐτόματον
1299 3464 1623 3535 κινουμένην
1645 3480 1658 3529 ;
1684 3464 1795 3516 Καὶ
1824 3464 1939 3527 πῶς

354 3556 387 3624 ἡ
415 3554 571 3625 σάρξ,
595 3556 690 3608 καὶ
723 3555 852 3608 αὑτό
876 3556 999 3609 καθ’
1024 3556 1189 3610 ἑαυτὸ
1219 3557 1281 3610 τὸ
1316 3556 1496 3626 σῶμα,
1525 3555 1645 3625 δίχα
1673 3555 1767 3608 τοῦ
1788 3557 1941 3625 ὲνερ-

352 3644 577 3715 γοῦντος
627 3645 778 3700 εἶπεν
813 3648 923 3719 (l2)
957 3648 1043 3710 ἂν,
1090 3648 1296 3714 Καθὼς
1340 3648 1576 3712 ἐδίδαξέ
1614 3665 1710 3717 με,
1752 3648 1940 3701 ταῦτα

350 3738 561 3803 laid};
591 3738 708 3802 πῶς
730 3740 788 3792 δὲ
804 3742 837 3810 ἡ
872 3739 1027 3810 σὰρξ,
1064 3736 1215 3793 εἶπεν
1240 3739 1306 3793 ἂν
1325 3741 1428 3803 ὅτι,
1461 3740 1607 3808 Ἐγὼ
1628 3741 1699 3793 τὰ
1719 3740 1942 3807 ἀρεστὰ

352 3827 515 3894 αὑτῷ
561 3828 709 3882 ποιῶ
748 3828 1047 3893 mir-tore,-
1083 3830 1209 3893 Πῶς
1243 3830 1301 3883 δὲ
1342 3830 1377 3900 ἡ
1425 3828 1563 3899 σάρξ
1608 3826 1940 3881 ἀπεστάλθαι

354 3919 554 3990 ἑαυτὴν
589 3920 742 3991 παρά
774 3919 869 3972 τοῦ
913 3922 1128 3990 Πατρός
1164 3920 1386 3987 ἕλεγεν;
1428 3915 1577 3992 τΑρα
1626 3919 1683 3972 δὲ
1720 3918 1942 3988 Πατέρα

350 4011 457 4079 τῆς
487 4012 689 4081 σαρκὸς
717 4010 810 4063 τὸν
849 4009 982 4062 Θεὸν
1026 4010 1205 4077 λέγειν
1249 4012 1416 4074 ὅσιον,
1450 4010 1482 4079 ἢ
1520 4009 1721 4079 μᾶλλον
1752 4007 1847 4061 τοῦ
1883 4010 1944 4061 ὲν

351 4104 496 4172 0ιύτῆ
560 4101 945 4165 κατοικοῦντός
967 4118 1025 4153 τε
1058 4103 1155 4154 καὶ
1192 4099 1571 4173 ὲνεργοῦντος;
1615 4102 1711 4164 Τίς
1748 4096 1840 4154 οὖν
1873 4096 1942 4172 ἦν

350 4186 544 4257 οὗτοςς
575 4190 787 4262 Πότερα
833 4194 863 4245 6
896 4193 954 4244 ὲν
978 4191 1055 4262 τῷ
1085 4192 1195 4261 (15)
1224 4191 1342 4262 Θεῷ
1384 4192 1576 4260 Λόγος,
1601 4192 1762 4256 αὑτὸς
1804 4190 1877 4246 ὢν
1912 4194 1942 4244 6

352 4285 489 4348 Θεὸς
526 4283 671 4337 κατὰ
701 4283 1011 4345 Σασέλλιον,
1060 4282 1116 4355 ἢ,
1159 4284 1294 4356 ὅπερ
1336 4285 1483 4337 ὅσιον
1514 4284 1607 4337 καὶ
1636 4284 1832 4354 ἀληθὲς
1856 4284 1941 4335 λέ-

353 4393 495 4444 γειν,
519 4377 547 4429 ό
573 4375 681 4439 ζῶν
705 4376 797 4428 καὶ
822 4374 1069 4443 ὑφεστὼς
1093 4376 1408 4446 Μονογενὴς
1433 4376 1561 4439 Υἱὸς
1582 4375 1673 4428 τοῦ
1696 4376 1852 4429 Θεοῦ.
1879 4377 1941 4428 ΕΞ

2043 3271 2460 3327 fuisse-Patrem
2488 3290 2503 3338 ;
2537 3286 2762 3328 necesse
2795 3284 2879 3327 est
2913 3274 2979 3327 de
3014 3273 3151 3328 Filio
3183 3275 3284 3328 hoc
3312 3273 3634 3343 pronuntie-

2043 3379 2190 3426 mus,
2223 3364 2294 3419 ab
2323 3364 2493 3433 ipsius
2522 3363 2710 3419 schola
2734 3373 2791 3419 et
2822 3364 3132 3432 disciplina,
3162 3364 3254 3434 qui
3297 3366 3398 3420 hoc
3422 3365 3629 3429 docuit,

2042 3454 2288 3523 profecti.
2340 3455 2497 3521 Quod
2553 3456 2599 3509 si
2658 3453 2807 3510 illum
2838 3456 3193 3526 abnegaverit
3243 3456 3629 3513 subsistentem

2040 3545 2351 3613 Marcellus,
2387 3561 2596 3602 merum
2625 3549 2773 3603 illum
2806 3548 3077 3607 hominem
3101 3550 3367 3602 concedat
3391 3558 3607 3617 oportet

2042 3636 2110 3690 de
2146 3650 2374 3706 corpore
2404 3647 2569 3707 atque
2597 3638 2781 3692 anima
2804 3639 3198 3694 constitutum:
3231 3640 3301 3693 ita
3341 3649 3453 3692 uta
3486 3630 3630 3699 coni:

2044 3730 2191 3783 muni
2233 3740 2425 3784 natura
2458 3730 2735 3785 hominum
2774 3732 3084 3786 nullatenus
3137 3733 3375 3786 recedat.
3430 3732 3537 3789 Sed
3562 3744 3620 3787 et

2044 3821 2236 3889 dogma
2266 3822 2370 3877 hoc
2413 3820 2658 3875 Ecclesia
2684 3822 2873 3888 rejecit
2904 3822 3068 3876 etiam
3111 3838 3128 3876 :
3159 3824 3300 3891 quod
3344 3838 3467 3878 cum
3496 3825 3627 3880 olim

2044 3911 2283 3966 Ebiomei
2320 3921 2637 3967 tuerentur:
2687 3922 2871 3969 etnon
2908 3914 2979 3967 ita
3015 3915 3226 3982 pridem
3252 3926 3625 3986 prepugnaret

2045 4003 2455 4069 Samosatenus,
2483 4014 2541 4059 et
2568 4006 2663 4075 qui
2698 4006 2767 4061 ab
2816 4005 2907 4059 illo
2937 4006 3380 4071 denominantur,
3417 4007 3630 4063 Daulia-

2045 4097 2121 4162 ni,
2152 4095 2503 4165 blasphemia
2525 4097 2872 4160 sententiam,
2898 4099 2964 4152 ab
2994 4097 3235 4153 Ecclesia
3264 4098 3427 4153 latam
3458 4100 3513 4154 in
3534 4114 3629 4155 eos

2045 4188 2347 4243 subierunt.
2371 4186 2515 4255 Quid
2551 4202 2682 4258 ergo
2713 4198 2881 4242 restat
2912 4188 3081 4253 aliud,
3112 4204 3275 4260 quam
3314 4202 3376 4243 ut
3404 4204 3625 4246 carnem

2046 4283 2352 4339 inti-educat
2382 4282 2583 4337 nudam
2616 4283 2765 4338 omni
2793 4298 3020 4351 prorsus
3057 4285 3413 4340 habitatore?
3441 4288 3627 4340 admo-

2044 4375 2171 4430 dum
2206 4388 2392 4429 eorum
2434 4389 2721 4444 puparum,
2771 4389 2910 4445 quos
2937 4376 3143 4444 seipsos
3183 4376 3514 4439 motitantes,
3562 4393 3626 4431 a—

351 4464 415 4516 δὲ
445 4462 714 4534 μηδέτερα
750 4463 954 4517 τούτων
980 4464 1149 4532 λέγοι,
1178 4463 1236 4528 se
1272 4466 1521 4535 ἀνάγκης
1573 4466 1939 4537 ὑποστήσεται

2044 4477 2215 4537 gyrtaa
2251 4466 2684 4521 circumducunt.
2717 4465 2783 4519 Et
2808 4480 2917 4534 quo
2947 4474 3108 4534 pacto
3138 4480 3292 4532 caro,
3333 4474 3390 4520 et
3422 4466 3628 4535 ipsum-

360 4556 539 4627 ψυχὴν
578 4555 887 4628 ἀνθρώπου,
926 4558 1018 4609 καὶ
1050 4556 1203 4609 ἔσται
1237 4556 1387 4628 αὑτῷ
1423 4557 1575 4626 ψιλὸς
1604 4558 1887 4629 ἄνθρωπος
1912 4561 1939 4610 ό

2047 4567 2161 4613 met
2180 4573 2275 4628 per
2304 4559 2541 4628 seipsum
2590 4570 2782 4624 corpus
2812 4557 3021 4626 absque
3056 4557 3164 4610 ullo
3202 4558 3520 4627 inoperante
3545 4558 3628 4611 di-

357 4648 613 4718 Χριστός.
657 4650 767 4702 Καὶ
797 4648 978 4701 οὐκέτι
1036 4648 1339 4713 Σαὸἐλλιος,
1386 4650 1683 4713 Παυλιανδς
1727 4650 1772 4703 δ’
1807 4653 1939 4721 ἡμῖν

2044 4650 2208 4716 xerit,
2246 4649 2377 4715 Qui:
2408 4648 2495 4702 ille
2522 4665 2608 4701 me
2653 4648 2855 4713 docuit,
2906 4649 3329 4719 ett-proloquar?
3358 4650 3629 4717 uttme

354 4738 529 4803 ἔσται,
553 4742 582 4793 6
612 4740 732 4803 νέος
774 4739 1144 4811 συγγραφεύς.
1173 4741 1235 4793 Εἰ
1258 4740 1315 4794 δὲ
1353 4742 1447 4795 τὸν
1467 4744 1525 4796 ὲν
1554 4742 1633 4813 τῷ
1662 4742 1780 4814 Θεῷ
1803 4746 1935 4817 φαῖη

2042 4757 2172 4795 caro
2199 4738 2419 4803 dixerit,
2470 4739 2581 4808 Ego
2622 4757 2839 4806 semper,
2882 4750 2929 4792 et
2955 4740 3146 4810 ubique
3175 4756 3236 4794 ea
3265 4755 3475 4807 oneror,
3510 4755 3628 4809 quae

354 4831 528 4899 Λόγον
559 4832 835 4901 ἐνοικῆσαι
861 4834 928 4903 τῇ
955 4833 1137 4903 σαρκὶ,
1164 4832 1323 4886 οὐδὲν
1338 4830 1523 4904 ἕτερον
1542 4835 1673 4889 ὄντα
1692 4835 1725 4907 ἢ
1744 4835 1934 4904 Λόγον,

2041 4840 2161 4883 sunt
2187 4829 2266 4882 illi
2301 4828 2720 4897 complaccntia?
2748 4828 2867 4896 Quo
2926 4839 3101 4898 pacto,
3137 4845 3197 4883 se
3242 4844 3375 4885 cam
3406 4829 3626 4884 missam

354 4924 452 4977 καὶ
480 4925 653 4994 Λόγον
682 4925 1017 4996 σημαντικὸν
1048 4925 1080 4996 ἦ
1105 4925 1456 4997 ἐνεργητικόν
1474 4943 1485 4954 ·
1513 4927 1609 4979 καὶ
1646 4928 1761 4991 πῶς
1783 4920 1936 4991 οὗτος

2044 4923 2237 4979 dixerit
2271 4936 2300 4975 a
2338 4922 2534 4989 patre?
2576 4924 2732 4976 Anne
2781 4924 2965 4976 carnis
2990 4932 3198 4991 patrem
3228 4924 3409 4977 dicere
3434 4922 3621 4986 Deum,

353 5010 513 5071 εἶπεν
534 5018 600 5071 ἂν
619 5016 717 5087 ζῇν
743 5016 1045 5081 ιδιάζουσαν
1068 5016 1213 5087 ζωὴν
1235 5014 1389 5085 παρά
1422 5016 1515 5069 τὸν
1538 5017 1759 5087 Πατέρα
1779 5034 1793 5081 ;
1824 5017 1933 5071 Ποῦ

2040 5025 2286 5069 sanctum
2314 5012 2443 5082 est?
2477 5021 2573 5067 aut
2599 5013 2776 5082 potius
2805 5012 2945 5081 ejus,
2969 5015 3061 5085 qui
3088 5030 3307 5069 carnem
3344 5013 3546 5069 insidet
3571 5029 3627 5069 et

351 5106 414 5159 δὲ
439 5108 602 5170 αὐτὸς
622 5106 927 5159 ἀπέσταλτο
952 5105 1293 5173 συνημμένος
1320 5105 1414 5157 καὶ
1437 5106 1712 5175 ἡνωμένος
1739 5106 1825 5157 ἀεὶ
1859 5108 1934 5176 τῷ

2044 5106 2345 5161 inhabitet?
2374 5104 2506 5170 Quis
2539 5106 2755 5159 tandem
2802 5108 2889 5161 ille
2920 5107 3119 5161 fuerit?
3149 5107 3357 5162 Nmnne
3393 5107 3623 5161 Verbum

435 5313 493 5370 >Ῑ<
534 5306 631 5360 Ed.
657 5306 831 5361 Paris.
859 5321 979 5376 pag.
1011 5305 1102 5358 9L

430 5489 509 5561 (9)
552 5491 757 5565 ‘Exgtbc
807 5490 1060 5565 ὑπάρχει
1106 5491 1205 5545 τοῦ
1259 5491 1427 5565 Θεοῦ.
1480 5492 1692 5565 Potius
1727 5494 1939 5565 ὑπῆρχε

2056 5492 2235 5565 Δ,(11)
2262 5490 2581 5565 ᾼυσφημίας
2612 5489 2681 5543 ιι.
2715 5492 2767 5545 in
2811 5506 2997 5556 com;
3042 5506 3165 5545 mox
3200 5494 3357 5560 vulgo
3386 5494 3438 5545 τί
3476 5494 3533 5546 δέ
3565 5505 3624 5547 et

358 5558 464 5631 [sic
486 5558 694 5636 eodm}.
729 5558 1044 5636 utili/undi,
1076 5572 1133 5616 et
1160 5562 1450 5633 συνῆπται.
1477 5563 1546 5617 Μ.
1574 5562 1762 5619 -Μοι
1786 5558 1939 5636 νίιὰξο

2049 5558 2339 5636 δίκηνζτῂν
2358 5576 2414 5611 π.

364 5615 908 5700 eameam...
1030 5615 1041 5624 -
1123 5615 1126 5616 ί
1278 5615 1289 5633 -
1535 5615 1544 5617 τ

2125 5615 2238 5699 (ξε)
2274 5615 2375 5699 Πρ.
2418 5631 2661 5692 εἷπειεν;
2696 5648 2816 5685 mox
2851 5632 3010 5700 volgo
3034 5630 3102 5686 ἂν
3131 5629 3240 5699 ἐγὼ
3271 5634 3359 5688 τά.

433 5700 545 5775 (ιρι
578 5698 808 5775 γιιιεοῇ
848 5704 1017 5767 deest,
1052 5713 1106 5759 et
1130 5719 1253 5760 mox
1279 5703 1435 5773 vulgo
1461 5703 1545 5756 ἃδε
1570 5704 1757 5773 φθεγξ.
1784 5717 1833 5760 ei
1866 5704 1939 5759 in-

2065 5773 2075 5775 !
2128 5698 2438 5775 (liiV’ulgo
2484 5703 2711 5773 θηκτῷ,
2749 5715 2802 5758 et
2856 5698 2992 5756 infra
3036 5698 3193 5773 vulgo
3226 5707 3622 5775 συνημμένοςῆ

364 5772 441 5823 ira
470 5771 663 5840 δόγμα·
695 5770 722 5822 ὂ
750 5770 824 5824 δέ.
1376 5770 1393 5773 ⁷
1582 5770 1591 5773 ⁷
1685 5770 1694 5773 ’
2053 5770 2341 5838 ἡνομὲνος.
