4082 6398
408 333 512 387 879
1110 328 1371 385 EL’SEBII
1411 325 1889 382 CESAllIE-NSIS
1925 324 2076 384 OPP.
2121 323 2298 382 PARS
2338 324 2428 385 IV.
2467 355 2536 366 —
2577 323 2998 382 DOGMATICA.
3561 318 3670 375 880

411 450 540 505 illud
562 451 706 520 quod
737 451 786 505 in
826 450 933 504 Deo
962 450 1157 513 fuerat,
1184 451 1411 519 ipsemet
1439 451 1578 503 idem
1610 449 1772 513 Deus,
1806 458 1863 502 ut
1890 448 1988 502 Sa-

2101 446 2242 519 Βεῷ;
2270 447 2391 509 Πῶς
2415 445 2730 499 διδάσκαλον
2752 442 2916 497 αὑτοῦ
2944 456 3108 510 φησιν
3132 433 3270 492 εἶναι
3297 437 3388 491 τὸν
3416 436 3669 508 Πατέρα;

411 542 576 596 bellio
613 543 806 610 placuit
837 542 975 593 ?aut
1006 541 1183 608 potius
1229 538 1390 610 (quod
1418 555 1538 594 cum
1573 541 1859 594 sanctitate
1880 550 1985 594 stat

2101 538 2211 602 Πῶς
2234 540 2290 592 δὲ
2312 539 2378 591 τὰ
2403 537 2609 608 ἀρεστά
2647 535 2726 606 τῷ
2770 536 2946 604 Ila-:91
2970 534 3202 586 πάντοτε
3243 531 3505 602 πράττειν
3547 531 3675 582 ἑαυ-

412 645 464 684 et
501 632 746 697 veritate)
781 631 966 683 vivens
1015 638 1070 682 et
1104 627 1410 684 subsistens
1453 630 1765 699 unigenitus
1818 629 1987 684 Filius

418 726 510 782 Dei
534 725 556 774 τ·
584 725 734 789 Quod
764 723 808 776 si
846 721 976 775 nihil
1012 722 1204 776 horum
1239 721 1338 791 ipsi
1377 721 1646 787 arriserit,
1675 721 1988 776 omnimodo

415 817 704 870 substituet
739 813 827 868 hic
849 814 1136 867 humanam
1162 813 1436 878 animam;
1466 822 1625 882 atque
1653 814 1726 866 ita
1778 813 1884 867 erit
1913 813 1987 868 illi

417 907 592 960 nudus
622 906 784 958 homo
819 903 1084 957 Christus.
1119 901 1230 956 Nec
1259 902 1488 956 ulterius
1525 903 1685 956 nobis
1724 901 1990 957 Sabellius

415 996 672 1066 prodibit,
698 995 792 1050 sed
829 995 895 1049 de
919 1005 1064 1049 secta
1090 992 1498 1058 Paulianorum,
1527 1009 1698 1048 novus
1729 995 1986 1063 scriptor.

414 1089 566 1154 Quod
599 1089 643 1141 si
696 1087 928 1142 Verbum
985 1086 1111 1140 illud
1145 1085 1347 1140 dixerit
1389 1085 1662 1140 hominem
1720 1087 1988 1152 habitare,

416 1178 556 1246 quod
596 1178 648 1230 in
682 1176 791 1231 Deo
849 1175 973 1243 fuit,
1019 1177 1150 1230 nihil
1183 1175 1330 1230 aliud
1387 1177 1584 1245 ipsum,
1617 1178 1716 1232 nisi
1756 1175 1987 1233 Verbum

418 1270 704 1333 exsistens,
738 1279 791 1324 et
813 1267 1043 1322 Verbum
1076 1267 1492 1338 signiﬁcativum
1527 1269 1610 1325 vel
1631 1271 1986 1340 operativum,

417 1376 522 1428 quo
550 1370 706 1430 pacto
723 1361 827 1415 hoc
845 1360 1073 1423 dicatur,
1103 1362 1264 1413 vitam
1293 1359 1562 1430 propriam
1587 1371 1641 1416 et
1666 1361 1991 1430 peculiarem

417 1450 602 1504 vivere
649 1449 950 1518 seiunctam
985 1465 1014 1502 a
1047 1447 1240 1503 Patre?
1272 1448 1391 1516 Quo
1424 1450 1622 1504 missus
1661 1451 1762 1504 fuit
1789 1451 1876 1506 ille
1902 1451 1993 1522 qui

420 1542 637 1610 quidem
691 1541 940 1596 (-ounitus
966 1555 1201 1610 semper,
1229 1549 1285 1593 et
1323 1541 1601 1611 copulatus
1637 1541 1784 1597 Patri
1818 1543 1996 1597 consi—

420 1633 636 1688 stebat?
661 1632 778 1698 Quo
807 1643 964 1701 pacto
985 1644 1367 1701 praceptorem
1394 1648 1548 1687 suum
1572 1632 1799 1687 afﬁrmat
1825 1633 1994 1688 Deum

421 1722 680 1778 Patrem?
710 1739 816 1791 quo
847 1735 1010 1792 pacto
1056 1739 1115 1778 se
1145 1738 1360 1791 semper
1401 1732 1456 1778 et
1505 1731 1564 1788 83
1603 1725 1801 1795 ubique
1848 1725 1994 1780 Patri

2085 633 2176 685 τὸν
2199 631 2418 698 Ελεγενς
2467 622 2628 682 αὗται
2669 629 2778 699 γὰρ
2835 626 3133 698 διαρρήδην
3175 623 3306 677 Υἱοῦ
3361 623 3679 694 ὑφεστῶτος

2088 725 2180 777 καὶ
2204 723 2402 787 ζῶντος
2431 723 2449 790 (
2459 722 2543 789 14)
2566 716 2676 774 εἷεν
2701 720 2767 773 ἂν
2791 719 2989 788 φωναὶ,
3008 718 3102 770 καὶ
3124 717 3192 770 δι’
3217 716 3338 770 ὅλου
3361 715 3418 768 δὲ
3440 715 3552 786 (15)
3579 715 3676 768 τοῦ

2087 815 2416 884 Εὐαγγελίου
2453 814 2483 866 6
2519 813 2809 884 εὐχόμενος
2849 810 2928 882 τῷ
2965 811 3158 881 Πατρὶ,
3196 809 3431 875 δοξάζων
3452 809 3541 862 τὸν
3565 809 3686 862 Ila-

2087 905 2221 975 τέρα
2243 907 2271 956 6
2299 903 2448 974 παρά
2483 901 2578 956 τοῦ
2612 901 2824 972 Πατρός
2845 899 3172 969 ὼξασθῆναι
3196 897 3383 962 ἀξιῶν,
3407 897 3459 950 τί
3489 899 3682 967 ἕτερον

2089 995 2124 1066 ἢ
2153 993 2439 1064 ὑφεστῶτα
2467 993 2658 1046 ἑαυτὸν
2679 991 2938 1054 δείκνυσι,
2989 990 3084 1043 καὶ
3126 989 3361 1060 μάλιστα
3397 991 3486 1043 ὅτε
3519 989 3676 1058 φησὶ,

2091 1088 2207 1140 Δύο
2253 1083 2578 1152 ἀνθρώπων
2613 1085 2652 1150 ἡ
2686 1083 2982 1151 μαρτυρία
3025 1079 3260 1148 ἀληθής
3300 1080 3491 1134 ἐστιν.
3531 1077 3682 1147 Ἔτώ

2091 1183 2205 1249 ειμι
2237 1181 2270 1232 ό
2309 1174 2627 1246 μαρτυρῶν
2655 1174 2790 1242 περὶ
2825 1173 3115 1244 ἐμαυτοῦ’
3150 1173 3265 1227 καί·
3322 1172 3386 1225 '0
3434 1173 3682 1240 πέμψας

2088 1289 2164 1340 με
2194 1270 2397 1338 Πατὴρ
2423 1267 2714 1338 μαρτυρεῖ
2737 1267 2868 1336 περὶ
2897 1266 3064 1336 ἐμοῦ.
3092 1264 3192 1318 Διά
3221 1263 3492 1318 τοσούτων
3516 1262 3680 1326 αὐτὸς

2093 1365 2123 1415 6
2172 1362 2361 1432 Σωτὴρ
2404 1359 2584 1423 ζῶντα
2643 1359 2834 1412 ἑαυτὸν
2876 1360 3254 1431 παραστήσας,
3293 1354 3533 1426 οὐδαμοῦ
3581 1355 3682 1425 μὲν

2095 1454 2290 1522 Λόγον
2312 1450 2502 1504 ἑαυτὸν
2525 1448 2831 1518 ὠνόμασεν,
2856 1446 2986 1499 Υἰὺν
3008 1446 3086 1511 δὲ,
3111 1446 3205 1498 καὶ
3229 1443 3364 1513 φῶς,
3391 1442 3484 1496 καὶ
3507 1443 3684 1495 Μονο-

2095 1547 2252 1614 γενῆ,
2275 1543 2370 1596 καὶ
2394 1543 2558 1614 ἀρτον
2582 1541 2727 1612 ζωῆς
2755 1539 2884 1610 (16).
2935 1537 3069 1610 [Καὶ
3093 1537 3274 1591 πάντα
3297 1536 3475 1604 λόγον,
3504 1533 3538 1604 ἢ
3574 1533 3682 1586 Λό-

2097 1635 2238 1706 γον,]
2283 1635 2392 1690 Καὶ
2434 1633 2591 1702 λόγον
2639 1632 2737 1702 μὲν
2772 1631 2916 1702 ἔχειν
2965 1630 3203 1684 διδάσκει
3251 1627 3497 1697 φάσκων,
3540 1623 3684 1678 Ἐάν

2098 1743 2187 1791 τις
2215 1724 2416 1794 ἀγαπᾷ
2441 1741 2538 1795 με,
2577 1723 2684 1776 τὸν
2711 1725 2906 1792 Λόγον
2934 1739 3052 1791 μου
3085 1719 3364 1788 τηρήσει·
3400 1715 3592 1770 ἑαυτὸν
3621 1715 3682 1768 δὲ

422 1830 521 1869 suo
550 1813 936 1890 complacentia
973 1814 1170 1870 fecisse
1202 1815 1377 1868 dicet?
1416 1813 1552 1868 Sunt
1594 1817 1737 1870 enim
1787 1817 1867 1871 hs:
1897 1832 1994 1870 vo-

2101 1817 2266 1886 Λόγον
2300 1813 2438 1870 εἶναι
2475 1815 2535 1868 οῦ
2569 1832 2753 1885 φησιν.
2790 1814 2912 1878 Πῶς
2954 1808 3046 1866 οὖν
3083 1811 3218 1884 μετά
3261 1810 3436 1864 ταῦτα
3481 1808 3679 1865 πάντα.

423 1925 518 1964 ces
556 1910 689 1964 satis
723 1909 884 1962 clara:
915 1915 968 1962 et
1003 1907 1304 1961 manifestae
1333 1905 1426 1960 filii
1472 1907 1613 1960 illius
1644 1907 1748 1960 vivi
1783 1917 1837 1963 et
1864 1908 1998 1963 sub-

425 2001 688 2062 sistentis,
725 1999 816 2070 qui
849 1999 1045 2068 uhique
1094 2009 1240 2052 certe
1276 2014 1373 2068 per
1427 1998 1776 2068 Evangelium
1801 2000 1994 2069 depre-

424 2103 583 2146 catur
625 2091 865 2158 Patrem,
925 2101 982 2145 et
1017 2105 1044 2143 a
1077 2090 1260 2152 Patre.
1313 2099 1372 2144 ut
1422 2105 1481 2144 se
1510 2089 1794 2160 glorificet,
1840 2093 1992 2160 petit.

425 2185 554 2250 Quae
605 2182 824 2253 quidem
895 2181 1098 2249 omnia,
1155 2182 1284 2252 quid
1354 2181 1496 2235 aliud
1555 2181 1772 2246 docent,
1831 2197 1993 2252 quam

425 2277 598 2345 ipsum
649 2290 834 2330 revera
866 2274 1213 2329 substitisse?
1257 2272 1529 2344 imprimis
1559 2271 1646 2326 ubi
1694 2274 1768 2327 ait
1804 2273 1997 2328 :Duo-

425 2386 538 2423 rum
578 2369 843 2422 hominum
883 2367 1232 2420 testimonium
1261 2381 1439 2420 rerum
1465 2374 1560 2418 est.
1608 2363 1716 2435 Ego
1745 2381 1882 2431 sum,
1909 2368 1997 2435 qui

424 2459 776 2514 testimonium
822 2458 1066 2526 perhibeo
1098 2457 1434 2524 mihimetipsi
1487 2470 1506 2508 :
1535 2465 1580 2508 et
1628 2457 1715 2525 qui
1749 2456 1892 2509 misit
1917 2472 1999 2510 me

425 2550 609 2613 Pater,
633 2549 696 2602 de
716 2564 796 2602 me
823 2549 867 2601 is
891 2549 1120 2616 perhibet
1145 2547 1497 2600 testimonium
1517 2546 1560 2598 τ.
1591 2545 1692 2599 Tot
1715 2545 1848 2600 locis
1874 2559 1996 2600 cum

424 2655 486 2696 se
517 2640 696 2694 vivum
729 2637 1103 2707 praedicaverit
1131 2637 1409 2704 Servator,
1443 2650 1708 2706 nusquam
1730 2649 1788 2690 se
1818 2643 1996 2689 tamen

437 2730 660 2788 Verbum
697 2730 1013 2793 nominavit,
1059 2728 1151 2782 sed
1193 2726 1409 2792 Filium,
1462 2737 1517 2781 et
1551 2726 1748 2790 lucem,
1795 2736 1849 2780 et
1882 2727 1999 2780 uni.

427 2823 690 2894 genitum,
713 2830 768 2876 et
801 2835 992 2890 panem
1019 2823 1161 2873 vitae.
1207 2815 1378 2871 Verba
1412 2826 1593 2872 autem
1623 2831 1718 2871 sua
1757 2824 1813 2871 et
1837 2817 1999 2871 verba

427 2929 488 2968 se
524 2913 724 2967 habere
756 2911 970 2981 quidem
1023 2909 1204 2974 docet,
1257 2906 1349 2961 ubi
1379 2907 1474 2972 ait,
1511 2905 1572 2961 Si
1617 2906 1733 2976 quis
1776 2901 2000 2960 Verbum

428 3018 601 3056 meum
648 2999 1025 3055 custodiven't'
1053 3014 1068 3051 :
1100 3007 1154 3052 at
1180 2997 1552 3066 semetipsum,
1590 2996 1824 3052 Verbum
1873 3011 2002 3050 nus-

428 3108 590 3164 quam
636 3092 899 3147 nominat.
941 3090 1006 3144 Et
1039 3097 1184 3145 certe
1217 3088 1641 3144 erubescendum
1679 3087 1753 3142 illi
1803 3087 1995 3155 fuerat,

427 3185 543 3254 qui,
573 3183 722 3238 hisce
761 3183 1011 3238 omnibus
1041 3195 1148 3234 non
1180 3179 1540 3248 obstantibus,
1587 3178 1820 3235 Verbum
1853 3179 2000 3234 illum

427 3285 482 3329 et
512 3273 644 3329 nihil
687 3272 830 3328 aliud
855 3273 959 3327 nisi
999 3271 1236 3326 Verbum
1284 3271 1605 3340 designavit.
1627 3270 1849 3327 Audisis
1873 3287 2003 3344 ergo

427 3383 547 3436 quae
579 3365 820 3434 scripsit,
856 3364 1011 3419 dixit.
1042 3364 1132 3437 [Β.
1174 3361 1468 3435 XXXVIIJ
1507 3383 1527 3416 ι
1555 3363 1706 3419 Adeo
1740 3371 1800 3419 ut
1823 3364 2003 3418 omni-

433 3458 638 3512 :modo
684 3455 1034 3510 manifestum
1097 3456 1282 3519 fuerit,
1356 3454 1560 3509 nullum
1615 3453 1758 3510 aliud
1808 3469 2002 3509 nomen

435 3567 453 3600 ι
482 3549 642 3604 Verbi
669 3549 956 3605 aeternitati
984 3562 1282 3618 congruere
1305 3555 1499 3618 praeter
1523 3548 1624 3602 hoc
1647 3547 1842 3616 ipsum,
1866 3545 2007 3616 quod

433 3660 453 3693 ι
477 3640 854 3697 sanctissimus
883 3639 976 3694 Dei
1029 3639 1325 3708 discipulus
1374 3648 1432 3694 et
1466 3641 1745 3708 apostolus
1771 3636 2008 3693 Joannes

433 3751 453 3784 ι
483 3734 533 3787 in
563 3733 836 3804 principio
884 3731 1161 3802 Evangelii
1208 3730 1530 3785 nominavit.
1571 3748 1590 3783 ι
1618 3728 1684 3784 Et
1725 3729 2004 3784 secundo:

432 3844 454 3876 ‹
488 3824 556 3881 Ut
585 3825 915 3891 ostenderet,
969 3822 1110 3891 quod
1155 3822 1422 3877 sinovum
1474 3835 1670 3876 nomen
1709 3819 1925 3889 aliquod
1951 3828 2007 3875 et

433 3931 453 3967 ι
485 3931 659 3985 nuper
688 3915 873 3970 datum
901 3913 950 3968 ei
987 3912 1360 3978 conveniebat,
1390 3925 1420 3965 a
1441 3925 1583 3968 novo
1608 3920 1664 3964 et
1695 3923 1866 3981 nuper
1892 3919 2004 3965 tra-

435 4025 456 4058 ι
483 4008 596 4063 dito
632 4016 977 4073 testamento,
1009 4006 1113 4060 hoc
1148 4015 1265 4059 erat
1310 4005 1485 4075 ipsum
1516 4019 1812 4074 congruum
1842 4004 1915 4058 illi
1951 4004 2006 4059 in

433 4118 454 4151 ι
477 4114 642 4155 carne
673 4097 1081 4167 dispensationi.
1111 4115 1130 4148 ι
1166 4096 1233 4150 Et
1253 4095 1412 4150 tertio
1431 4113 1446 4151 :
1465 4114 1484 4146 ι
1510 4093 1796 4162 Quocirca,
1825 4096 2007 4166 prius-

434 4215 454 4243 .
476 4205 640 4260 quam
675 4189 1046 4254 descenderet,
1075 4198 1130 4243 et
1155 4188 1222 4242 de
1246 4185 1470 4258 Virgine
1497 4195 1836 4241 nasceretur.
1866 4185 2005 4242 Ver-

433 4301 456 4333 ι
472 4282 600 4335 bum
618 4290 737 4335 erat
759 4289 961 4334 tantum
971 4279 1150 4344 modo.
1175 4276 1313 4344 Quid
1335 4276 1478 4331 enim
1498 4285 1642 4332 esset
1661 4276 1803 4331 aliud
1826 4276 2006 4348 prius-

2096 1909 2196 1962 οὐκ
2231 1908 2456 1979 ἐρυθριᾷ
2483 1909 2511 1960 6
2542 1907 2702 1978 μόνον
2745 1905 2936 1973 Λόγον,
2978 1904 3072 1957 καὶ
3115 1904 3266 1956 οὐδὲν
3307 1903 3494 1974 ἓτερον
3541 1897 3686 1954 εἶναι

2098 2000 2259 2053 αὑτὸν
2288 1998 2741 2070 ἁποφηνάμενος;
2779 1996 3110 2049 Ἐπάκουσον
3125 1994 3255 2061 γοῦν
3276 1995 3423 2057 ὅπως
3451 1992 3678 2064 ἔγραφε,

2098 2091 2290 2159 λέγων,
2329 2111 2347 2140 ι
2375 2090 2539 2142 Ὥστε
2581 2077 2914 2156 πανταχόθεν
2949 2085 3106 2156 δῆλόν
3149 2086 3267 2137 ἐστι
3301 2083 3463 2154 μηδὲν
3495 2082 3684 2149 ἕτερον

2105 2201 2122 2232 ι
2151 2185 2215 2252 τῇ
2255 2181 2514 2251 ἀῖδιότητι
2546 2179 2638 2232 τοῦ
2669 2179 2848 2247 Λόγου
2879 2175 3170 2248 ἁρμόττειν
3215 2174 3406 2244 δνομα,
3439 2174 3472 2245 ἢ
3509 2173 3678 2235 τοῦθ’,

2107 2293 2124 2324 ι
2149 2274 2284 2344 ὅπερ
2303 2274 2330 2325 6
2354 2270 2658 2340 ἀγιώτατος
2677 2269 2773 2324 τοῦ
2796 2268 2931 2323 Θεοῦ
2963 2267 3210 2340 μαθητὴς
3242 2269 3338 2320 καὶ
3388 2265 3686 2328 ἀπόστολος

2106 2386 2122 2416 ι
2167 2365 2438 2435 Ἰωάννης,
2464 2365 2522 2416 ὲν
2555 2365 2697 2434 ἀρχῇ
2731 2361 2826 2415 τοῦ
2858 2361 3185 2430 Εὑαγγελίου
3216 2356 3519 2430 εἷπενῌἸ).
3547 2357 3686 2431 [Καὶ

2107 2479 2124 2509 ‹
2147 2455 2354 2527 πάλιν·]
2377 2458 2490 2509 Ἵνα
2511 2456 2662 2528 δείξῃ
2681 2457 2763 2508 ὅτι
2777 2454 3087 2524 εἴτιικαινδν
3107 2452 3200 2506 καὶ
3213 2451 3472 2522 νεώτερον
3488 2451 3682 2522 ὄνομα,

2109 2567 2128 2600 ι
2149 2547 2292 2600 τοῦτ’
2327 2547 2435 2600 ἀπὸ
2462 2546 2564 2616 τῆς
2604 2548 2796 2616 καινῆς
2827 2543 2982 2613 αὐτῷ
3014 2544 3109 2598 καὶ
3148 2544 3275 2607 νέας
3305 2543 3515 2614 ὑπῆρξε
3543 2541 3683 2596 κατά

2108 2659 2125 2690 ι
2153 2639 2332 2710 σάρκα
2359 2637 2688 2708 οἰκονομίας.
2708 2635 2843 2708 [Καὶ
2858 2632 3060 2708 αὖθιςο]
3083 2634 3293 2689 Οὐκοῦν
3325 2634 3430 2706 πρὸ
3461 2633 3561 2704 μὲν
3586 2631 3687 2685 τοῦ

2109 2753 2128 2786 t
2158 2731 2455 2792 κατελθεῖν,
2471 2731 2564 2785 καὶ
2591 2731 2680 2784 διὰ
2700 2732 2796 2802 τῆς
2829 2730 3101 2802 Παρθένου
3125 2729 3404 2800 τεχθῆναι,
3420 2728 3589 2796 Λόγος
3616 2723 3691 2798 ἦν

2109 2845 2128 2876 ι
2156 2828 2334 2896 μόνον.
2377 2825 2532 2878 Ἐπεὶ
2557 2824 2608 2878 τι
2638 2824 2826 2895 ἕτερον
2855 2819 2946 2894 ἦν,
2973 2823 3078 2894 πρὸ
3102 2821 3193 2875 τοῦ
3222 2821 3319 2891 τὴν
3339 2819 3687 2892 ἀνθρωπίνην

2109 2939 2129 2971 ‹
2151 2917 2438 2972 ἀναλαϐεῖν
2469 2916 2668 2986 σάρκα,
2685 2916 2746 2968 τὸ
2777 2915 3042 2984 κατῆλθον
3065 2915 3151 2966 ἐπ’
3178 2913 3419 2983 ἐσχάτων
3447 2911 3553 2964 τῶν
3577 2910 3689 2981 (18)

2109 3027 2128 3060 ι
2159 3007 2378 3078 ἡμερῶν
2397 3023 2410 3071 ;
2430 3005 2505 3068 ὼς
2533 3007 2627 3060 καὶ
2654 3006 2818 3068 αὐτὸς
2843 3005 3108 3076 γέγραφε.
3127 3003 3238 3056 Καὶ
3256 3003 3318 3055 τὸ
3345 3000 3602 3071 γεννηθὲν
3623 3001 3687 3052 ὲκ

2110 3112 2128 3144 ς
2163 3094 2260 3164 τῆς
2288 3092 2564 3164 Παρθένου
2593 3092 2744 3145 οὐδὲν
2771 3092 2958 3163 ἕτερον
2980 3087 3050 3162 ἦν
3079 3092 3112 3163 ἦ
3149 3091 3340 3158 Λόγος.
3372 3108 3390 3142 ι
3439 3087 3688 3143 Τοσαῦτα

2107 3183 2412 3256 Μαρκέλλῳ
2451 3185 2625 3236 εἰπεῖν
2673 3182 2767 3235 καὶ
2803 3180 3184 3253 ἀποφήνασθαι
3224 3181 3476 3252 πάρεστι,
3501 3177 3588 3232 διὰ
3627 3178 3692 3231 τὸ

2112 3277 2186 3348 μὴ
2213 3275 2495 3347 ὁμολογεῖν
2523 3276 2614 3329 τὸν
2655 3275 2782 3328 Υῑὸν
2819 3274 2914 3328 τοῦ
2952 3273 3109 3337 Θεοῦ,
3143 3273 3279 3345 πρὸς
3305 3273 3364 3326 6v
3393 3268 3545 3325 εἶπεν
3574 3270 3639 3324 ἀν
3659 3273 3692 3323 6

2107 3365 2515 3437 Εὐαγγελιστὴς
2572 3366 2711 3436 μέγα
2747 3363 3068 3434 ὲπιϐοήσας.
3109 3361 3174 3416 Τί
3208 3363 3344 3433 φῂς,
3398 3360 3686 3431 ἀνθρωπε;

2109 3461 2183 3513 Ub
2210 3460 2406 3528 Λόγον
2456 3458 2616 3512 αὑτὸν
2655 3458 2790 3527 ἔφην
2828 3457 2987 3526 μόνον
3013 3496 3027 3517 ,
3076 3453 3236 3508 ἀλλὰ
3279 3452 3378 3508 καὶ
3410 3451 3560 3506 Θεὸν
3586 3449 3686 3504 καὶ

2108 3548 2234 3620 φῶς
2258 3549 2324 3602 τὸ
2355 3547 2606 3618 φωτίζον
2647 3547 2845 3601 πάντα
2891 3545 3205 3615 ἄνθρωπον
3243 3544 3571 3613 ἐρχόμενον
3593 3541 3686 3604 εὶς

2105 3639 2215 3693 τὸν
2247 3639 2500 3708 κόσμον,
2531 3639 2629 3692 καὶ
2659 3637 2970 3708 Μονογενῆ
3008 3636 3144 3692 nor
3169 3635 3277 3690 τὸν
3297 3636 3384 3698 εἰς
3414 3631 3521 3686 τὸν
3542 3632 3683 3684 κόλ-

2106 3749 2227 3788 πον
2256 3732 2361 3786 τοῦ
2404 3731 2654 3798 Πατρός.
2675 3732 2766 3802 Μὴ
2786 3731 2850 3801 δὴ
2886 3732 3042 3802 μόνον
3068 3724 3158 3783 οῦν
3179 3724 3578 3794 συκοφαντείτω
3599 3738 3682 3784 τις

2107 3823 2198 3877 τδν
2214 3823 2462 3892 θεολόγον
2481 3823 2616 3894 (19),
2637 3823 2751 3876 ἀλλ’
2777 3824 2848 3876 ἀκ
2857 3823 3020 3894 ριόὤς
3046 3821 3284 3875 ὲπαῖέτω
3307 3817 3686 3881 αὑτοῦ,όποὶον

2107 3915 2336 3968 ὑπέθετο
2364 3915 2556 3984 Λόγον,
2573 3914 2725 3986 παρὰ
2756 3916 2923 3978 πόδας
2947 3913 3208 3982 συνάψας,
3251 3910 3361 3966 Καὶ
3387 3908 3532 3974 Θεὸς
3554 3903 3634 3976 ἦν
3654 3909 3690 3960 ό

2109 4013 2300 4082 Λόγος
2318 4027 2333 4042 ο
2359 4010 2452 4064 καὶ
2474 4007 2783 4081 προστιθεὶς
2808 4007 2890 4070 τὸ,
2909 4004 3113 4059 Πάντα
3129 4003 3206 4056 δι’
3220 3999 3407 4056 αὐτοῦ
3429 3996 3686 4067 ἐγένετο.

2108 4100 2266 4154 Κατὰ
2300 4100 2358 4154 δὲ
2410 4099 2572 4154 αὑτὸν
2618 4097 2710 4151 τὸν
2759 4095 2869 4149 τῶν
2907 4094 3043 4149 ὅλων
3085 4093 3321 4164 Σωτῆρα
3367 4088 3490 4142 οὐδὲ
3539 4085 3692 4150 ἅπαξ

2109 4192 2425 4263 ὠνόμασται
2455 4191 2646 4258 Λόγος,
2697 4185 2835 4241 ἀλλὰ
2866 4185 2998 4250 Υἱὸς
3028 4183 3186 4247 Θεοῦ,
3221 4181 3316 4236 καὶ
3352 4176 3688 4246 Μονογενὴς,

2109 4283 2206 4338 καὶ
2240 4283 2376 4354 φῶς,
2421 4283 2518 4338 καὶ
2559 4281 2694 4354 ζωὴ,
2741 4281 2836 4334 καὶ
2867 4277 3113 4351 ἀλήθεια,
3148 4277 3244 4330 καὶ
3275 4273 3455 4329 πάντα
3490 4268 3695 4342 μᾶλλον

434 4388 636 4442 «τιθείη
693 4388 915 4430 carnem
990 4371 1284 4426 humanam
1359 4370 1692 4434 assumebat,
1750 4369 1818 4436 is,
1886 4371 2002 4438 qui,
2036 4363 2142 4444 Βῆ
2179 4374 2369 4443 Λόγος.

435 4468 624 4536 equod
665 4465 732 4522 ab
771 4467 888 4536 ipso
933 4465 1196 4534 scriptum
1259 4470 1364 4530 est,
1429 4461 1713 4518 descendit
1750 4463 1804 4516 in
1879 4463 2193 4521 novissimis
2249 4466 2620 4537 temporibus?
2669 4476 2817 4520 certe
2871 4471 3030 4518 natus
3064 4461 3131 4517 de
3187 4457 3409 4527 Virgine
3457 4455 3592 4510 nihil
3634 4470 3694 4508 a-

435 4580 454 4611 ι
481 4561 589 4615 liud
617 4568 754 4613 erat.
787 4576 807 4610 ι
837 4558 962 4613 Haec
996 4555 1156 4612 facile
1176 4554 1277 4610 fuit
1341 4555 1577 4610 sciscere
1613 4563 1666 4608 et
1727 4555 1935 4609 sentire
1991 4554 2270 4622 Marcello,
2325 4568 2611 4629 propterea
2667 4557 2809 4627 quod
2834 4554 3031 4609 Filium
3080 4551 3174 4608 Dei
3211 4565 3316 4604 non
3351 4547 3690 4616 profiteatur,

430 4655 497 4708 ad
530 4666 689 4720 quem
721 4665 816 4704 sua
867 4647 1136 4704 referebat
1183 4646 1534 4716 evangelista.
1584 4645 1724 4714 Quid
1775 4648 1876 4711 ais,
1942 4648 2017 4702 mi
2056 4648 2262 4704 homo?
2328 4649 2444 4705 Non
2491 4649 2641 4704 illum
2701 4646 3042 4703 solummodo
3085 4637 3390 4698 nominavit
3436 4633 3686 4704 Verbum,

428 4743 519 4798 sed
544 4750 593 4796 et
628 4739 835 4794 Deum:
865 4741 955 4792 sed
981 4743 1170 4804 lucem,
1196 4737 1588 4792 illuminantem
1648 4752 1852 4790 omnem
1891 4737 2154 4792 hominem
2199 4741 2254 4794 in
2323 4741 2460 4795 hunc
2529 4739 2787 4794 mundum
2850 4739 3138 4794 venientem
3178 4755 3198 4793 :
3235 4740 3329 4792 sed
3363 4736 3690 4808 unigenitum

433 4833 654 4896 Filium,
693 4830 782 4900 qui
819 4829 918 4899 fuit
956 4831 1011 4883 in
1049 4832 1172 4884 sinu
1210 4827 1390 4884 Patris
1413 4832 1454 4884 '.
1498 4827 1670 4885 Nemo
1727 4830 1932 4885 idcirco
1955 4830 2026 4885 de
2062 4831 2190 4886 hinc
2238 4834 2544 4904 theologum
2613 4842 2667 4888 et
2713 4834 3111 4904 evangelistam.
3143 4831 3528 4892 calumnietur,
3590 4828 3690 4881 sed

430 4941 554 4981 cum
604 4922 958 4978 accuratione
995 4920 1144 4974 illum
1196 4919 1400 4982 audiat,
1451 4921 1744 4989 qualenam
1779 4919 2018 4974 Verbum
2058 4921 2400 4992 designabat,
2462 4939 2586 4979 cum
2615 4924 2798 4978 statim
2828 4922 3094 4989 intulerit,
3125 4920 3191 4975 Et
3229 4919 3371 4975 Deus
3395 4928 3511 4974 erat
3565 4914 3694 4970 Ver-

431 5021 575 5073 bum.
631 5015 730 5072 Cui
781 5025 836 5070 et
875 5013 1075 5084 adjecit
1115 5012 1267 5078 illttd,
1321 5011 1512 5069 Omnia
1549 5031 1643 5084 per
1676 5013 1831 5068 illum
1868 5015 2010 5084 facta
2046 5017 2261 5071 sunt".
2315 5019 2387 5074 At
2435 5019 2506 5074 ab
2556 5019 2792 5090 ipsomet
2849 5019 3144 5074 Senatore
3208 5013 3598 5077 universitatis,
3629 5026 3698 5066 ne

505 5163 564 5222 ᾗ
600 5157 699 5210 Ed.
739 5154 916 5208 Paris.
945 5167 1066 5221 pag.
1095 5151 1188 5222 9.3..

501 5216 707 5282 ’"Joan.
731 5241 851 5292 VIII,
890 5216 978 5290 17,
1009 5216 1093 5277 18.
1169 5221 1190 5252 ⁸
1226 5219 1357 5274 ibid.
1389 5219 1479 5285 5|,
1502 5217 1592 5274 52.
1667 5221 1688 5250 ’
1717 5217 1874 5274 Joan.
1914 5235 1952 5282 l,

2101 5220 2138 5282 l,
2182 5217 2269 5272 18.
2348 5217 2392 5248 "
2416 5216 2548 5272 ibid.
2575 5218 2630 5272 5.

500 5367 614 5437 (M)
637 5365 805 5437 Vulgo
831 5363 1028 5437 ζῶντος
1062 5363 1158 5415 καὶ
1192 5361 1382 5437 ὑφεστ.

498 5431 610 5505 (15)
637 5431 812 5500 Vulgo
840 5436 926 5505 ἄν,
955 5446 1010 5489 et
1045 5449 1168 5505 mox
1197 5431 1428 5505 οὐδαμῆ.

501 5496 608 5575 {liii
664 5496 773 5559 Καῖ
840 5496 1035 5556 πάντα
1079 5496 1995 5575 λόγον-,λ’ἦλόγονὶᾳξεηίςηιαςτι

430 5568 554 5631 sunt
581 5568 705 5654 ista,
743 5576 880 5654 forte
909 5568 1212 5654 legendum,
1237 5572 1332 5654 καὶ
1352 5568 1638 5654 «τξανταχρῦ
1654 5568 1809 5654 λόγον
1836 5570 1995 5654 στρε-

432 5663 567 5714 φων,
603 5645 697 5698 καὶ
729 5645 927 5709 πάντα,
1029 5641 1124 5696 καὶ
1156 5642 1316 5714 αὑτὸν
1352 5639 1634 5714 λόγονμμεν
1666 5639 1809 5708 ἔχειν
1846 5639 1994 5714 6:631-

433 5709 578 5768 σκων
608 5716 823 5780 φάσκει.
856 5709 1060 5766 Settsus
1083 5712 1273 5777 opinor
1300 5721 1382 5764 est
1413 5709 1637 5780 abistis
1674 5724 1778 5780 non
1805 5710 1990 5780 admo-

430 5789 554 5839 dum
582 5776 841 5838 tliversus.
863 5780 1006 5836 M.—
1023 5776 1156 5854 [non
1177 5781 1352 5835 πάντα
1386 5779 1584 5851 μᾶλλον
1601 5778 1634 5850 ἢ
1653 5779 1822 5846 Λόγον
1861 5776 1904 5830 lt
1927 5779 1998 5829 cl.

2105 5374 2160 5429 p.
2187 5356 2258 5429 92
2289 5354 2374 5428 D].
2408 5385 2478 5398 -—
2509 5357 2626 5429 Mox
2663 5356 2823 5423 vulgo
2851 5355 3080 5429 ἔγραψε.

2180 5428 2293 5498 (17)
2314 5416 2720 5498 ΑΕὐαγγ-ελίουᾼ
2735 5416 2946 5498 sinsin.
2974 5416 3118 5498 [lege
3140 5416 3316 5498 εἶπεν.
3336 5421 3426 5498 ῌΜ.

2174 5494 2284 5568 (18)
2313 5494 2483 5568 Vulgo
2502 5494 2628 5552 'om.
2657 5495 2786 5548 τῶν.
2817 5496 2938 5568 Mox
2963 5494 3126 5568 vulgo
3160 5494 3402 5568 uatqu
3423 5509 3481 5568 τ.
3530 5507 3588 5568 φ.
3625 5503 3690 5540 π.

2100 5562 2596 5639 ἄνθρ.’ὲρχ.ἐίςτ.
2627 5584 2682 5618 κ.
2717 5568 2810 5639 καὶ
2833 5566 2966 5639 Θεὸν
2997 5562 3095 5639 καὶ
3135 5582 3194 5639 μ.
3388 5562 3480 5639 τὸν
3512 5562 3592 5624 εις
3635 5577 3696 5610 κ.

2100 5582 2196 5622 avo
2241 5607 2255 5620 .
2283 5582 2404 5639 ερχ.
2449 5582 2528 5629 εις
2546 5584 2596 5619 τ.
2627 5584 2682 5618 κ.
2717 5582 2810 5618 και
2833 5582 2966 5620 θεον
2997 5583 3095 5619 και
3179 5603 3194 5618 .
3242 5582 3262 5616 ι
3283 5582 3360 5616 ιον
3388 5582 3480 5615 τον

2096 5656 2144 5691 τ.
2173 5585 2262 5702 TK,
2299 5639 2391 5692 καὶ
2421 5639 2482 5692 οὐ
2509 5637 2662 5708 λόγον
2699 5636 2856 5707 μόνον
2886 5637 2988 5708 ἔφη
3020 5582 3204 5708 αὐτόν
3239 5636 3332 5708 Μὴ
3346 5629 3474 5700 ξοῦν.
3504 5705 3506 5707 φ

2170 5710 2284 5780 (19)
2317 5710 2486 5778 Vulgo
2502 5705 2758 5776 θεολόγον
2788 5708 2881 5762 καὶ
2907 5705 3322 5776 εὐαγγελιστήν.
