4082 6380
386 420 487 474 881

1343 412 1429 464 DE
1464 409 2001 465 ECCLESIASTICA
2044 406 2437 463 ‘fllEOLOGlA
2462 406 2609 461 ,ιλιι
2650 404 2693 459 1.

3543 400 3650 457 832

389 535 575 601 semeh
600 534 813 605 quidem
852 519 1085 588 Verbum
1124 532 1458 596 nominatur,
1490 532 1586 587 sed
1643 530 1813 585 Filius
1856 530 1969 596 Dei,
2008 528 2104 583 sed
2136 529 2465 599 unigenitus.
2508 526 2603 582 sed
2632 525 2745 589 lux,
2810 522 2905 579 sed
2949 521 3083 587 vita,
3140 520 3234 576 sed
3268 520 3467 574 veritas
3502 536 3517 571 :
3553 510 3647 575 sed

388 630 568 684 omnia
600 628 777 697 potius
805 642 968 697 quam
997 627 1253 681 Verbum.

460 726 531 791 η’.
566 718 717 775 Εἰδὲ
748 716 1081 787 λέγοιταῦτα
1113 719 1176 770 ὲκ
1209 716 1310 787 τῆς
1335 716 1543 787 Καινῆς
1573 716 1850 787 Διαθήκης
1881 716 1960 767 εἰ-

2134 710 2187 765 8.
2218 708 2369 775 Quod
2388 707 2431 762 si
2448 706 2537 762 hic
2557 712 2811 775 opponat,
2830 705 2930 759 has
2954 701 3019 758 ile
3051 699 3199 755 Novo
3214 697 3559 753 Testamento
3585 703 3643 760 ᾖς

388 808 611 881 ρῆσθαι,
637 807 956 879 λεχθήσεται
980 807 1148 877 αὐτῷ,
1179 808 1262 860 ὅτι
1293 806 1389 860 καὶ
1418 806 1502 869 τὸ,
1552 807 1653 860 Ἐν
1670 804 1827 873 ἀρχῇ
1843 801 1969 875 ἦνὸ

392 902 602 969 Λόγος,
628 899 733 953 οὐδ’
766 899 1028 971 ἑτέρωθεν
1055 894 1122 971 ἦν
1147 898 1180 969 ἦ
1210 897 1271 962 ἐξ
1302 898 1490 968 αὐτῆς.
1524 899 1619 951 Ἓν
1644 896 1753 967 (20)
1787 896 1851 967 δὴ
1877 892 1969 951 οὖν

392 990 486 1041 καὶ
514 988 575 1040 τὸ
606 986 738 1042 αὐτὸ
775 986 1124 1055 Εὐαγγέλιον,
1152 988 1183 1039 6
1215 984 1375 1049 αὐτός
1413 1002 1471 1037 τε
1503 981 1912 1053 εὐαγγελιστὴς,
1942 983 1970 1035 6

389 1080 565 1147 Λόγον
606 1080 768 1133 αὑτὸν
797 1079 986 1145 εἰπὼν,
1020 1079 1115 1131 καὶ
1146 1078 1213 1131 τὰ
1245 1078 1405 1130 λοιπὰ
1435 1079 1611 1131 πάντα
1643 1074 1772 1145 περὶ
1805 1072 1969 1127 αὑτοῦ

390 1172 790 1242 συνεγράψατο.
851 1171 961 1225 Καὶ
1021 1169 1230 1233 Παῦλος
1279 1170 1337 1223 δὲ
1391 1172 1419 1224 6
1466 1169 1607 1231 θεῖος
1650 1166 1972 1230 Ἀπόστολος

393 1262 590 1330 λέγων’

464 1439 529 1493 0'.
565 1438 727 1509 Ἡμῖν
753 1432 841 1505 εἷς
873 1438 1016 1507 Θεὸς
1039 1442 1071 1494 ό
1094 1439 1318 1507 Πατὴρ,
1336 1438 1408 1503 ἐξ
1432 1433 1503 1494 οὗ
1534 1438 1605 1491 τὰ
1625 1437 1842 1501 πάντα,
1873 1436 1971 1489 καὶ

391 1525 482 1598 εἷς
505 1530 721 1599 Κύριος
754 1531 995 1599 Ἰησοῦς
1020 1532 1296 1600 Χριστὸς,
1323 1530 1397 1584 δι’
1428 1527 1500 1586 οὗ
1534 1530 1607 1584 τὰ
1633 1528 1849 1595 πάντα,
1881 1527 1975 1598 δῆ-

393 1623 485 1686 λός
518 1623 633 1675 ἐστι
671 1622 764 1675 τὸν
798 1623 904 1695 πρὸ
933 1624 1031 1694 τῆς
1062 1624 1327 1694 ὲνσάρκου
1368 1623 1671 1695 παρουσίας
1721 1621 1848 1675 Υιὸν
1880 1619 1975 1673 τοῦ

394 1713 554 1777 Θεοῦ,
596 1713 662 1766 δι’
706 1706 768 1767 οὗ
801 1713 870 1767 τὰ
903 1714 1080 1768 πάντα
1114 1715 1349 1784 ἐγένετο,
1379 1716 1440 1768 οὐ
1472 1714 1644 1782 Λόγον
1673 1712 1973 1782 ὀνομάζων,

392 1804 532 1858 ἀλλὰ
550 1804 752 1875 Κύριον
786 1804 991 1876 Ἰησοῦν
1028 1806 1119 1859 καὶ
1140 1806 1395 1876 Χριστόν.
1427 1804 1565 1857 Ἀλλ’
1593 1803 1706 1874 (2i)
1736 1805 1787 1855 εἰ
1834 1800 1975 1856 κατὰ

396 1896 715 1968 Μάρκελλον
742 1892 820 1960 εἷς
848 1898 941 1951 καὶ
969 1900 998 1950 6
1023 1897 1181 1960 αὐτὸς
1208 1893 1275 1968 ἦν
1307 1898 1335 1950 6
1370 1896 1523 1959 Θεὸς,
1559 1896 1652 1949 καὶ
1681 1896 1708 1947 ὁ
1743 1898 1800 1949 ὲν
1830 1894 1977 1965 αὐτῷ

398 1988 569 2056 Λόγος
591 1988 723 2059 (2‘2),
753 1991 987 2061 ἐπήρκει
1013 1989 1092 2059 τῷ
1120 1988 1427 2059 Ἀποστόλῳ
1456 1989 1619 2057 φάναι
1640 2005 1654 2019 ο
1693 1986 1865 2055 Ἡμῖν
1889 1982 1977 2052 εἷς

2070 807 2384 871 desumptas
2411 813 2534 855 esse
2582 795 3042 857 nomenclaturas,
3091 791 3382 847 dicendum
3432 789 3509 842 illi
3545 799 3650 851 est,

2072 895 2216 966 quod
2254 903 2309 947 et
2334 891 2465 945 illud
2499 888 2889 949 testimonium,
2951 877 3019 938 In
3054 882 3315 951 principio
3361 890 3475 935 erat
3520 871 3654 932 Ver—

2071 986 2191 1039 bum
2216 984 2281 1049 “,
2317 997 2423 1037 non
2452 988 2538 1035 est
2567 980 2904 1045 deSumptum
2933 972 3166 1039 aliunde,
3196 981 3255 1027 ut
3288 985 3455 1025 unum
3490 976 3654 1036 atque

2072 1078 2215 1132 idem
2240 1073 2608 1145 Evangelium,
2636 1079 2798 1138 atque
2818 1070 3044 1137 ipsemet
3064 1064 3415 1134 evangelista,
3438 1063 3530 1133 qui
3558 1077 3655 1115 no-

2072 1165 2300 1222 minavit
2332 1164 2501 1224 illum.
2532 1161 2794 1225 Verbum,
2833 1159 2921 1213 illa
2962 1151 3156 1212 cmtera
3200 1156 3267 1209 de
3298 1153 3485 1207 eodem
3513 1151 3654 1206 scri-

2074 1257 2179 1327 ptis
2225 1251 2584 1310 mandaverit.
2634 1250 2740 1306 Sed
2771 1258 2827 1303 et
2874 1248 3088 1303 divinus
3139 1244 3425 1315 Apostolus
3454 1241 3654 1297 Paulus

2073 1347 2231 1408 dixit,

2144 1439 2199 1493 9.
2230 1436 2375 1492 Unus
2417 1437 2557 1490 Deus
2621 1434 2780 1501 Pater
2813 1449 2841 1487 e
2881 1448 2985 1501 quo
3038 1438 3159 1484 sunt
3189 1428 3386 1493 omnia,
3430 1437 3483 1481 et
3516 1442 3655 1480 unus

2074 1530 2331 1586 Dominus
2363 1527 2519 1583 Iesus
2554 1525 2819 1589 Christus,
2876 1539 2967 1594 per
3002 1537 3152 1592 quem
3216 1528 3335 1573 sunt
3376 1517 3551 1572 omnia
3577 1518 3654 1584 i';

2075 1622 2212 1678 satis
2235 1624 2401 1682 clare,
2436 1616 2541 1671 Dei.
2563 1614 2782 1682 Filium,
2806 1628 2901 1683 per
2933 1626 3090 1682 quem
3119 1610 3300 1665 omnia
3329 1607 3472 1662 facta
3503 1615 3633 1662 sunt

2076 1714 2240 1769 etiam
2290 1718 2417 1764 ante
2473 1708 2644 1777 ipsius
2699 1707 2752 1759 in
2786 1719 2953 1760 carne
3008 1704 3324 1761 adventum,
3360 1714 3465 1754 non
3502 1712 3636 1753 voca

2078 1803 2337 1868 Verbum,
2362 1800 2455 1857 sed
2485 1799 2772 1854 Duminttm
2824 1796 3005 1850 Jesnm
3035 1793 3331 1850 Christum.
3389 1790 3543 1858 Quod
3590 1789 3659 1853 si,

2078 1891 2533 1965 quemadmodum
2570 1886 2824 1943 Marcello
2856 1885 3052 1955 placet,
3092 1884 3235 1938 idem
3262 1892 3383 1937 erat
3408 1891 3463 1936 et
3492 1880 3657 1944 Deus,

2079 1985 2207 2040 etin
2239 1984 2351 2038 Deo
2374 1982 2636 2045 Verbum,
2660 1978 2966 2034 suffecisset
2993 1973 3252 2045 Apostolo
3274 1971 3402 2026 illud
3436 1971 3662 2033 dixisse,

401 2054 546 2143 Θεός
638 2054 877 2146 Πατὴρ,
897 2078 966 2142 ἐξ
999 2054 1075 2133 οὗ
1101 2079 1173 2131 τὰ
1204 2054 1419 2131 πάντα..
1452 2054 1674 2148 Πλήρης
1701 2054 1809 2147 γάρ
1844 2072 1913 2148 ἦν
1946 2078 1979 2148 ἡ

2088 2076 2254 2131 Nobis
2295 2091 2429 2130 unus
2461 2072 2601 2130 Deus
2634 2071 2819 2135 Pater,
2853 2086 2881 2125 e
2933 2084 3033 2139 quo
3060 2077 3184 2121 sunt
3223 2067 3419 2120 omnia.
3458 2063 3664 2118 Sensus

397 2168 625 2232 διάνοια,
664 2170 759 2221 καὶ
790 2172 817 2222 6
855 2169 1025 2237 Λόγος
1069 2168 1382 2239 αὐτοτελὴς,
1418 2170 1509 2221 τὸν
1552 2170 1684 2221 Θεὸν
1733 2168 1984 2239 εἰσηγού-

399 2274 561 2327 μενος
607 2257 833 2329 ποιητὴν
864 2258 971 2311 τῶν
1004 2259 1160 2313 ὅλων.
1218 2259 1377 2312 Ἀλλὰ
1402 2260 1559 2313 τοῦτο
1588 2259 1681 2313 καὶ
1732 2259 1984 2322 Ἰουδαῖος

400 2348 466 2401 ἄν
498 2364 582 2413 τις
622 2349 785 2401 εῐποι.
838 2351 897 2403 '0
938 2350 995 2403 δὲ
1038 2351 1136 2422 τῆς
1151 2352 1475 2422 Ἐκκλησίας
1522 2350 1699 2423 κῆρυξ
1734 2352 1869 2422 πρὸς
1903 2352 1983 2423 τῷ

402 2440 653 2511 προτέρῳ
685 2434 777 2494 καὶ
805 2442 865 2495 τὸ
896 2440 1147 2513 δεύτερον
1183 2444 1257 2515 μὴ
1287 2445 1501 2513 ἀγνοεῖν
1533 2444 1793 2499 διδάσκει.
1831 2445 1895 2497 Τί
1924 2445 1983 2497 δὲ

400 2526 470 2601 ἦν
511 2532 701 2600 τοῦτο;
727 2533 839 2587 Kal
883 2528 973 2599 εἷς
1018 2535 1232 2603 Κύριος
1277 2534 1514 2605 Ἰησοῦς
1553 2536 1825 2604 Χριστός.
1889 2536 1983 2588 Διὸ

403 2621 724 2693 προστίθησι
761 2624 823 2676 τὸ
872 2622 1118 2694 δεύτερον
1156 2623 1282 2695 ἑξῆς
1325 2624 1518 2692 λέγων,
1550 2624 1693 2694 ἡμῖν
1716 2642 1731 2656 ·
1770 2627 1818 2678 εἰ
1851 2624 1982 2696 γὰρ,

404 2713 499 2765 καὶ
527 2712 604 2783 μὴ
629 2713 813 2772 πᾶσιν.
842 2713 957 2765 ἀλλ’
987 2713 1151 2782 ἡμῖν,
1180 2715 1363 2785 φησὶν,
1391 2709 1479 2781 εἷς
1507 2716 1719 2783 Κύριος
1755 2714 1985 2783 Ἰησοῦς

403 2804 678 2870 Χριστός.
727 2802 827 2856 Διὰ
860 2803 911 2856 τί
951 2803 1007 2857 δὲ
1056 2805 1193 2874 μετὰ
1225 2804 1316 2858 τὸν
1354 2804 1463 2858 ἕνα
1502 2804 1650 2860 Θεὸν
1697 2806 1791 2859 καὶ
1830 2800 1987 2869 οὗτος

404 2894 550 2963 ἡμῖν
600 2888 687 2960 εἷς
730 2896 947 2962 Κύριος
988 2897 1335 2967 παρίστησιν,
1371 2896 1659 2965 ἐπιλέγων,
1701 2897 1777 2951 δι’
1809 2894 1881 2954 οὗ
1913 2899 1986 2953 τὰ

400 2983 601 3038 πάντα
620 3001 639 3065 ,'
656 2985 869 3055 Ἐπειδὴ
886 2985 991 3057 γὰρ
1007 2987 1079 3040 τὰ
1098 2985 1295 3041 πάντα
1320 2986 1391 3040 δι’
1409 2989 1595 3043 αὑτοῦ
1621 2988 1875 3060 ἐγένετο,
1906 2994 1986 3046 el-

407 3076 581 3140 κότως
619 3078 770 3147 ἡμῖν,
818 3080 931 3141 τοῖς
966 3078 1110 3133 τοῦτ’
1144 3079 1550 3150 ἐπισταμένοις,
1595 3081 1802 3154 Κύριος
1846 3077 1987 3138 εἶναι

404 3164 512 3218 τῶν
540 3164 676 3219 ὅλων
722 3167 862 3237 μετά
895 3167 987 3221 τὸν
1035 3168 1131 3221 ἐπὶ
1171 3169 1388 3224 πάντων
1429 3171 1560 3226 Θεὸν
1607 3174 1983 3231 πεπίστευται.

408 3260 531 3311 Ὅτι
567 3257 623 3310 δὲ
650 3260 710 3312 οὐ
742 3260 869 3329 περὶ
895 3259 995 3328 τῆς
1028 3259 1230 3329 σαρκὸς
1265 3260 1416 3314 ταῦτ’
1452 3262 1563 3333 (25)
1610 3263 1817 3333 ἔλεγεν,
1846 3265 1985 3321 ἀλλὰ

406 3352 535 3422 περ).
564 3351 658 3403 τοῦ
690 3350 826 3405 Θεοῦ
855 3352 1050 3421 Λόγου,
1087 3352 1244 3422 δῆλός
1274 3354 1422 3406 ἐστιν
1450 3356 1516 3406 ὲκ
1541 3354 1636 3407 τοῦ
1676 3357 1979 3428 ἐπιφέρειν,

404 3442 480 3496 δι’
523 3438 595 3498 οὗ
621 3442 694 3495 τὰ
735 3442 951 3497 πάντα.
979 3474 1051 3481 -
1078 3442 1249 3511 Ἡμῖν
1288 3443 1421 3513 γὰρ,
1454 3445 1639 3515 φησὶν,
1668 3440 1757 3513 εἷς
1788 3447 1933 3514 Θεὸς
1951 3451 1983 3502 ό

402 3532 651 3603 Πατὴρ,
677 3534 746 3597 ἐξ
780 3529 851 3589 οὗ
880 3534 952 3587 τὰ
988 3533 1205 3601 πάντα,
1248 3535 1349 3589 καὶ
1378 3530 1466 3601 εἷς
1492 3536 1706 3605 Κύριος
1758 3537 1985 3605 Ἰησοῦς

405 3626 678 3694 Χριστὸς,
717 3625 789 3679 δι’
829 3621 900 3681 οὗ
935 3626 1006 3680 τὰ
1033 3625 1254 3681 πάντα.
1285 3629 1350 3682 Ὃ
1377 3628 1441 3698 δὴ
1466 3628 1575 3699 (24)
1604 3629 1699 3682 καὶ
1731 3631 1859 3703 περὶ
1890 3631 1983 3685 τοῦ

407 3718 604 3787 φωτὸς,
646 3720 739 3771 καὶ
772 3719 899 3789 περὶ
935 3718 1029 3772 τοῦ
1063 3719 1342 3792 περιόντος
1382 3721 1554 3789 Λόγου
1599 3722 1710 3794 (25)
1749 3724 1983 3795 εἴρηται.

407 3810 577 3873 Αὐτὸς
609 3804 701 3862 οὖν
726 3804 793 3881 ἦν
834 3809 1042 3880 Ἰησοῦς
1074 3809 1305 3882 Χριστὸς
1346 3812 1407 3864 τὸ
1453 3812 1566 3881 φῶς
1591 3814 1685 3866 καὶ
1733 3817 1761 3868 6
1791 3815 1981 3884 Λόγος,

405 3902 475 3954 δι’
512 3894 572 3954 οῦ
600 3901 669 3955 τὰ
694 3901 871 3955 πάντα
898 3901 1141 3970 γέγονεν,
1172 3902 1286 3955 ἀλλ’
1316 3904 1415 3975 οὐχ
1443 3906 1476 3973 ἡ
1505 3903 1660 3975 σάρξ.
1688 3906 1762 3958 Οὐ
1789 3907 1897 3977 γὰρ
1919 3906 1985 3961 ἂν

406 3994 537 4063 περὶ
568 3992 668 4062 τῆς
709 3993 910 4063 σαρκὸς
940 3994 1324 4066 ἀσυναρτήτως
1365 3994 1476 4064 (26)
1516 3995 1687 4060 οὕτως
1722 3995 1875 4053 εἶπεν
1918 3999 1986 4054 ἂν

408 4087 487 4151 τὸ,
506 4085 579 4139 δι’
614 4082 685 4142 οὗ
719 4085 792 4139 τὰ
818 4084 1033 4141 πάντα.

475 4175 598 4231 οἶδὲ
649 4178 706 4231 δὲ
760 4178 851 4231 τὸν
888 4179 987 4248 τῆς
1022 4178 1225 4249 σαρκὸς
1267 4182 1690 4254 προϋπάρχοντα
1721 4182 1814 4236 τοῦ
1847 4182 1985 4236 Θεοῦ

409 4268 537 4321 Υἰὸν
576 4268 809 4340 Χριστὸν
848 4268 1133 4338 ὀνομάζειν
1177 4271 1206 4321 ὀ
1252 4271 1413 4333 αὐτὸς
1460 4271 1688 4336 Παῦλος,
1738 4274 1879 4328 κατὰ
1921 4274 1987 4327 τὸ

406 4360 559 4424 αὐτὸ,
582 4360 815 4429 Πέτραν
842 4361 1005 4414 αὑτὸν
1052 4360 1362 4427 ἀποκαλῶν,
1397 4363 1463 4416 δι’
1510 4357 1585 4418 ὧν
1616 4365 1817 4435 γράφει
1856 4368 1985 4437 περὶ

405 4452 514 4505 τῶν
542 4455 599 4505 ὲν
620 4454 685 4523 τῇ
712 4453 905 4523 ἐρήμῳ
927 4452 1418 4524 συνδιατριψάντων
1429 4455 1508 4525 τῷ
1523 4458 1760 4519 Μωῦσεῖ,
1786 4457 1980 4526 λέγων,

411 4545 666 4598 "Eata-or
694 4542 803 4612 γὰρ
821 4544 888 4596 ἐκ
920 4543 1323 4614 πνευματικῆς
1364 4546 1822 4615 ἀκολουθούσης
1875 4549 1980 4602 πέ-

406 4652 569 4702 τρας,
608 4634 646 4700 ἠ
681 4634 749 4687 δὲ
769 4634 953 4703 πέτρα
977 4632 1056 4705 ἦν
1090 4639 1122 4688 ό
1153 4638 1425 4705 Χριστός.
1457 4640 1566 4691 Καὶ
1593 4641 1983 4711 ὲπισφραγίζε-

2083 2168 2284 2223 etenim
2331 2166 2499 2244 plene.
2532 2162 2817 2219 constabat
2862 2179 2875 2213 :
2912 2169 2967 2213 et
3014 2174 3195 2214 sermo
3225 2156 3494 2226 perlectus
3523 2165 3663 2245 erat,

2083 2277 2191 2330 quo
2215 2259 2357 2314 Deus
2386 2243 2625 2313 universi
2669 2253 2920 2310 conditor
2949 2250 3268 2321 ponebatur.
3318 2246 3422 2301 Sed
3464 2243 3664 2300 vel—lu-

2085 2354 2234 2408 dazus
2264 2354 2337 2406 ita
2372 2348 2683 2404 allirmaret.
2723 2343 2978 2400 Ecclesiae
3027 2355 3157 2412 ergo
3194 2353 3394 2410 praeco,
3441 2338 3507 2391 ad
3533 2337 3664 2391 illud

2084 2445 2257 2516 prius,
2280 2443 2383 2497 hoc
2414 2441 2648 2509 positum
2692 2438 2745 2491 in
2777 2432 3032 2490 secundis
3054 2447 3152 2486 nos
3185 2431 3359 2486 noluit
3388 2430 3661 2498 ignorare.

2087 2537 2365 2602 Quodnam
2407 2549 2539 2588 vero
2570 2530 2739 2587 illud?
2768 2528 2839 2583 Et
2870 2542 3007 2581 unus
3032 2524 3291 2579 Dominus
3318 2522 3476 2577 Jesus
3510 2518 3666 2574 Chri-

2085 2641 2216 2685 stus.
2258 2616 2567 2695 Quocirca,”
2586 2624 2641 2679 in
2666 2621 2919 2677 secundis
2968 2618 3151 2688 posuit
3195 2613 3352 2679 illud,
3380 2614 3530 2667 nobis
3560 2613 3667 2667 lto'c

2086 2738 2274 2789 sensu,
2318 2729 2399 2784 ut,
2453 2734 2560 2773 non
2611 2717 2685 2771 sit
2709 2714 2996 2778 omnibus,
3036 2720 3093 2766 at
3143 2710 3293 2763 nobis
3342 2717 3524 2761 tamen
3556 2716 3662 2770 est,

2088 2830 2224 2867 unus
2264 2812 2522 2867 Dominus
2551 2808 2709 2863 Jesus
2744 2806 3008 2859 Christus.
3040 2802 3308 2868 Quorsum
3341 2812 3474 2853 vero
3514 2806 3666 2866 post-

2088 2920 2248 2975 quam
2279 2902 2543 2965 edixerat,
2590 2884 2725 2953 un°us
2753 2896 2916 2963 Deus,
2954 2902 3008 2950 et
3044 2908 3209 2947 unum
3244 2904 3458 2960 quoque
3479 2887 3667 2941 Domi—

2088 3011 2212 3050 num
2245 2991 2442 3062 adjecit
2488 2990 2628 3046 idem
2675 2988 2944 3059 inquiens,
2992 3001 3085 3055 per
3108 3000 3261 3053 quem
3295 2992 3416 3035 sunt
3452 2980 3667 3033 omnia?

2087 3088 2245 3143 Certe
2272 3084 2397 3154 quia
2422 3098 2513 3153 per
2536 3081 2685 3135 illum
2712 3079 2890 3134 omnia
2936 3076 3081 3146 facta
3107 3075 3341 3145 fuerant,
3372 3087 3479 3128 non
3523 3069 3667 3138 inju-

2089 3180 2190 3245 ria,
2228 3184 2348 3247 post
2374 3175 2541 3230 Deum
2578 3171 2727 3226 illum
2751 3169 3150 3230 universorum,
3188 3180 3218 3218 a
3242 3162 3419 3228 nobis,
3446 3160 3536 3229 qui
3564 3158 3668 3213 hoc

2086 3269 2253 3340 probe
2275 3264 2602 3325 noverimus,
2635 3260 2897 3315 Dominus
2922 3258 3297 3313 universorum
3322 3259 3664 3323 agnoscetur.

2087 3359 2312 3415 Constat
2358 3369 2489 3411 vero
2528 3354 2663 3417 lucc,
2701 3367 2803 3407 non
2833 3353 2898 3405 de
2937 3363 3100 3403 carne
3130 3346 3331 3402 dixisse
3373 3343 3543 3407 illum,
3568 3345 3666 3396 sed

2086 3452 2153 3505 de
2186 3449 2279 3505 Dei
2321 3448 2508 3512 verbo,
2534 3456 2822 3515 propterea
2855 3441 2995 3511 quod
3030 3437 3350 3500 subinlerat,
3390 3450 3481 3505 per
3512 3448 3667 3505 quem

2085 3551 2206 3597 sunt
2238 3539 2436 3592 omnia.
2468 3565 2539 3576 ——
2572 3534 2765 3600 Nobis,
2804 3533 3074 3603 inquiens,
3128 3545 3267 3584 unus
3300 3528 3437 3583 Deus
3481 3525 3662 3589 Pater,

2085 3651 2112 3689 e
2139 3649 2243 3699 quo
2274 3639 2399 3686 sunt
2426 3629 2623 3692 omnia,
2657 3636 2706 3681 et
2738 3642 2872 3679 unus
2914 3623 3172 3679 Dominus
3208 3620 3368 3675 Jesus
3398 3619 3664 3681 Christus,

2084 3741 2177 3793 per
2199 3738 2353 3795 quem
2402 3730 2525 3776 sunt
2569 3719 2769 3773 onmia.
2802 3718 2957 3783 Quod
3002 3717 3178 3783 ipsum
3228 3714 3293 3769 de
3331 3713 3471 3776 luce,
3515 3720 3571 3764 et
3600 3711 3667 3763 de

2084 3816 2271 3882 verbo,
2306 3814 2449 3885 quod
2472 3812 2749 3878 circumit,
2778 3811 2960 3865 omnia
3001 3808 3205 3864 dictum
3237 3816 3341 3863 est.
3386 3805 3516 3860 Erat
3544 3804 3666 3857 ideo

2086 3912 2198 3980 ipse
2220 3906 2378 3964 Jesus
2406 3905 2655 3962 Christus
2694 3903 2809 3968 lux,
2848 3912 2906 3957 et
2935 3900 3194 3965 Verbum,
3219 3914 3316 3967 per
3335 3911 3499 3968 quem
3536 3904 3667 3949 sunt

2084 4000 2284 4067 omnia,
2322 4012 2430 4054 non
2456 4006 2633 4052 autem
2664 4009 2812 4050 caro.
2838 3992 3021 4064 Neque
3042 3992 3187 4048 enim
3210 3989 3283 4044 ita
3311 3988 3663 4045 indistinctim

2085 4095 2152 4147 de
2209 4105 2375 4146 carne
2420 4090 2648 4154 diceret,
2705 4104 2796 4159 per
2824 4102 2977 4156 quem
3004 4093 3124 4139 sunt
3156 4083 3354 4137 omnia.

2157 4180 2263 4237 Sed
2284 4195 2386 4236 nec
2410 4179 2501 4236 Dei
2516 4177 2710 4233 Filium
2738 4186 2865 4231 ante
2892 4188 3112 4231 carnem
3135 4173 3488 4228 exsistentem
3506 4168 3665 4224 Chri-

2085 4281 2226 4329 stum
2244 4272 2579 4328 nominasset
2606 4270 2745 4325 idem
2770 4266 2987 4333 Paulus,
3034 4264 3099 4319 ad
3139 4263 3387 4317 eumdem
3420 4262 3662 4324 modum,

2085 4366 2173 4421 ubi
2200 4379 2321 4420 eum
2339 4362 2792 4434 appellatpetram
2819 4361 2870 4412 in
2899 4360 3088 4414 eodem
3106 4358 3246 4418 loco,
3284 4355 3351 4407 de
3368 4352 3564 4423 p0pulo
3594 4352 3665 4406 lo-

2084 4471 2256 4528 quens
2272 4457 2361 4525 qui
2380 4469 2501 4510 cum
2518 4453 2700 4524 Moyse
2716 4454 2770 4506 in
2785 4452 3001 4506 deserto
3014 4448 3334 4504 versabantu
3345 4462 3390 4500 r.
3408 4443 3663 4498 Bibebant

2083 4550 2147 4602 de
2164 4548 2431 4617 spirituali
2462 4546 2696 4613 sequenti
2723 4561 2809 4599 eos
2837 4554 3025 4611 petra;
3048 4551 3194 4612 petra
3228 4550 3404 4594 autem
3427 4538 3520 4593 illa
3550 4547 3664 4590 erat

2084 4640 2323 4696 Christus
2349 4640 2412 4692 ¹³.
2456 4638 2609 4705 Quod
2655 4638 2828 4707 ipsum
2876 4636 3160 4705 consignat
3197 4634 3337 4689 idem
3364 4631 3544 4687 statim
3575 4629 3663 4681 in-

407 4745 497 4781 ται
522 4728 583 4780 τὸ
611 4727 763 4794 αὐτὸ,
809 4727 927 4796 μεθ’
963 4728 1125 4798 ἔτερα
1167 4728 1411 4798 φάσκων·
1442 4730 1609 4799 Μηδὲ
1640 4732 1979 4800 ἐκπειράζω-

2089 4735 2303 4804 quiens,
2353 4730 2465 4786 Nec
2516 4740 2771 4785 tentemus
2808 4736 2866 4791 ἧς
2911 4726 3181 4781 Christum
3217 4734 3271 4778 ut
3310 4722 3551 4777 nonnulli
3585 4735 3666 4773 eo-

400 4836 517 4888 μεν
539 4820 645 4872 τὸν
669 4819 946 4887 Χριστὸν,
983 4820 1173 4885 καθώς
1203 4836 1361 4887 τινες
1397 4821 1595 4877 αὐτῶν
1624 4824 1972 4893 ἐπείρασαν,

404 4912 506 4964 καὶ
543 4912 660 4966 ὑπὸ
700 4910 817 4963 τῶν
866 4910 1062 4979 ὄφεων
1108 4910 1442 4969 ἀπώλοντο.
1495 4916 1606 4967 Καὶ
1650 4915 1731 4969 ἔτι
1777 4916 1975 4986 μᾶλλον

404 5002 549 5055 τοῦτ’
581 5002 710 5055 αὐτὸ
741 5002 946 5071 βεϐαιοῖ
974 5001 1161 5069 λέγων·
1188 5002 1393 5056 Πίστει
1416 5004 1874 5075 Μωῢσῆςμέγας
1886 5025 1978 5077 γε·

405 5093 679 5159 νόμενος,
720 5088 1028 5157 ἠρνήσατο
1059 5090 1337 5159 λέγεσθαι
1370 5092 1502 5159 υἱὸς
1539 5096 1830 5164 θυγατρὸς
1863 5100 1975 5149 Φα-

398 5180 543 5249 ραώ·
572 5179 813 5249 μείζονα
838 5180 1102 5235 πλοῦτον
1130 5182 1510 5251 ἡγησάμενος
1530 5186 1649 5238 τῶν
1673 5188 1974 5256 Αἰγύπτου

405 5272 723 5341 θησαιερῶν
755 5274 860 5327 τὸν
884 5273 1224 5343 ὀνειδισμὸν
1258 5277 1362 5330 τοῦ
1399 5278 1674 5347 Χριστοῦ.
1719 5282 1973 5352 Ἐναργέ-

480 5418 538 5474 ›Ῑ‹
566 5413 661 5466 Ed.
696 5411 868 5466 Paris.
909 5428 1029 5481 pag.
1060 5412 1241 5475 93,94.

481 5484 519 5512 “
550 5482 704 5536 Joan.
735 5498 773 5545 ι,
812 5483 861 5534 l.

477 5643 589 5713 (20)
613 5642 785 5714 Vulgo
807 5644 884 5698 δέ.

484 5717 592 5777 εει)
620 5713 788 5783 Vulgo
814 5731 921 5767 um.
958 5715 1091 5768 ἀλλ’.

482 5786 592 5855 (22)
624 5783 793 5851 Vulgo
826 5786 1057 5855 ὑπήρχει

486 5854 593 5923 (εὖ)
624 5855 791 5923 Vulgo
822 5855 982 5909 τοῦθ’.

2084 4843 2199 4879 rum
2225 4832 2555 4878 tentaverunt
2597 4834 2643 4876 et
2680 4840 2713 4876 a
2747 4821 3068 4891 serpentibus
3100 4818 3256 4871 occisi
3291 4826 3409 4870 sunt
3440 4814 3503 4868 ιθ.
3550 4812 3657 4866 Sed

2083 4918 2369 4973 conﬁrmat
2414 4916 2540 4970 illud
2592 4918 2765 4985 ipsum
2830 4915 2919 4969 ubi
2972 4913 3065 4973 ait,
3114 4910 3222 4965 Per
3263 4909 3423 4977 ﬁdem
3454 4906 3663 4975 Moyses

2082 5008 2335 5077 grandior
2372 5008 2567 5076 factus,
2610 5006 2816 5075 negavit
2844 5022 2898 5059 se
2931 5020 3038 5058 esse
3060 5002 3229 5071 ﬁlium
3263 4999 3391 5067 filiae
3417 4996 3665 5050 Pharao-

2085 5103 2183 5154 nis.
2237 5098 2470 5167 Majores
2504 5100 2717 5152 divitias
2761 5097 3031 5151 aestimans
3075 5095 3334 5148 thesauris
3370 5088 3659 5160 /Egyptie-

2084 5208 2197 5244 rum
2230 5191 2600 5258 improperium
2639 5188 2836 5242 Christi
2862 5188 2926 5244 ’⁸.
2971 5185 3078 5241 Sed
3101 5195 3155 5239 et
3179 5184 3319 5238 idem
3352 5184 3523 5252 ipsum
3556 5180 3657 5235 ad-

2082 5281 2189 5338 huc
2216 5282 2483 5337 elﬁcacius
2539 5282 2777 5336 insinuat
2809 5279 2898 5333 ubi
2939 5279 3053 5333 ait:
3095 5276 3205 5333 Hoc
3231 5277 3366 5329 idem
3395 5278 3654 5330 sentiatur

940 5482 1017 5533 "l
1041 5484 1162 5538 Cor.
1192 5501 1307 5548 VIII,
1341 5484 1390 5538 6.
1472 5483 1559 5539 "l
1595 5483 1719 5538 Cor.
1753 5500 1806 5550 Χ,
1835 5486 1889 5539 4.
1968 5485 2012 5517 ’³
2046 5486 2171 5541 ibid.
2199 5489 2252 5544 9.
2333 5488 2561 5544 "Hebr.
2602 5489 2789 5551 xr,2l,
2821 5489 2910 5541 ‘26.

2155 5652 2267 5787 (94%
2302 5651 2473 5722 Vulgo
2499 5653 2526 5704 ὃ
2548 5653 2624 5705 δέ.

2155 5720 2242 5779 (25
2294 5724 2610 5787 Περιόντος

2154 5711 2263 5787 (25)
2294 5711 2610 5792 Περῖὀντος
2637 5723 2839 5788 λόγου.
2874 5720 3035 5778 Forte
3069 5718 3345 5792 προόντος.
3378 5711 3453 5772 Μ,

2156 5792 2267 5860 (26)
2296 5790 2462 5865 Vulgo
2496 5794 2558 5846 ἁσ
2578 5796 2880 5865 mapali-:0);
