4082 6386
376 419 480 471 883

1310 413 1397 465 ΟΕ
1440 407 1973 466 ECL‘LESIASTICA
2014 399 2404 457 'lllEOLOGIA
2440 398 2566 450 LIB.
2610 396 2649 449 Ι.
3514 386 3616 438 88:3

378 533 585 601 μάζων,
622 530 825 602 μεταξὺ
867 530 956 582 τὸν
999 527 1220 600 μεσίτην
1267 527 1497 595 εἰσάγει,
1542 525 1734 593 λέγων·
1786 524 1848 575 '0
1885 521 1952 574 δὲ

2083 534 2198 580 em,
2232 516 2318 569 ubi
2361 514 2453 575 ait,
2486 512 2588 565 Sed
2622 508 2878 562 mediator
2902 505 3056 557 unius
3099 519 3198 555 non
3226 510 3323 554 est.
3354 498 3619 551 Eratideo

370 623 625 689 μεσίτης
650 622 786 687 ἑνός
806 622 915 674 οὐκ
943 622 1134 674 ἐστιν.
1165 614 1270 670 Ἦν
1297 618 1403 689 ἄρα
1426 618 1520 670 καὶ
1542 616 1648 687 πρὸ
1670 616 1767 685 τῆς
1798 617 1947 667 ὲναν-

378 715 711 785 θρωπήσεως
755 713 896 765 κατὰ
922 713 1043 774 τοὺς
1071 710 1346 773 Μωῦσὲως
1381 709 1603 779 χρόνους
1655 706 1949 778 μεσιτεύων

377 807 447 877 τῇ
471 803 778 874 νομοθεσίᾳ.
798 820 823 835 ν

453 893 536 962 ιβ’.
580 895 688 946 Καὶ
730 892 989 963 ἀρχιερέα
1036 892 1093 946 δὲ
1142 892 1302 944 αὑτὸν
1344 893 1371 943 ὁ
1418 890 1581 952 αὐτὸς
1638 886 1952 949 Ἀπόστολος

383 985 647 1039 ἀποκαλεῖ
674 985 863 1053 λέγων·
877 987 1154 1053 Ἔχοντες
1173 980 1285 1038 οὖν
1302 981 1576 1051 ἀρχιερέα
1597 979 1807 1050 μέγαν,
1835 978 1952 1031 διε-

2058 619 2182 663 ante
2205 606 2631 660 incarnationem
2651 614 2801 654 suam
2841 613 2935 663 per
2955 605 3166 649 aatatem
3195 590 3394 660 Moysis
3414 587 3621 642 media-

2057 701 2191 755 toris
2217 697 2432 751 furiatus
2465 706 2686 747 munere
2721 690 2773 743 in
2804 686 3024 743 ferendo
3053 684 3248 753 legem.

2130 874 2217 927 12.
2249 872 2353 927 Sed
2384 878 2439 924 et
2469 868 2775 937 pontiﬁcem
2810 822 2970 920 iocat
3002 862 3254 918 eumdem
3308 860 3447 911 idem
3480 857 3623 924 Apo-

2058 966 2251 1021 atolus.
2320 962 2591 1016 Habentes
2642 960 2799 1029 igitur
2846 956 3139 1025 pontiﬁcem
3198 966 3479 1021 maguum,
3534 951 3624 1017 qui
3726 988 3729 993 ι

383 1080 690 1144 ,ιηλυθότα
720 1045 859 1142 τοὺς
888 1045 1200 1144 ούρανοῦς,
1256 1045 1497 1141 Ἰησοῦκ
1528 1045 1634 1126 to}
1683 1045 1819 1125 Ῡίόν
1849 1070 1954 1124 τοῦ

2079 1058 2213 1113 τωίοε
2234 1055 2542 1127 penetravit,
2576 1050 2760 1106 Iesum
2793 1046 2990 1101 Filium
3020 1046 3116 1100 Dei
3145 1045 3208 1097 ιο.

383 1167 555 1223 Θεοῦ.

457 1267 546 1327 ιγ’.
588 1262 662 1312 Οὐ
712 1260 815 1331 μὴν
864 1261 999 1315 ἀλλὰ
1056 1262 1149 1315 καὶ
1196 1260 1561 1327 ἀπαύγασμα
1605 1256 1715 1325 τῆς
1748 1256 1952 1323 δόξης,

384 1352 481 1404 καὶ
512 1352 857 1424 χαρακτῆρα
886 1355 990 1407 τοῦ
1022 1355 1170 1409 Θεοῦ
1204 1355 1299 1408 καὶ
1333 1352 1489 1416 Υἱὸν,
1520 1353 1615 1405 καὶ
1662 1351 1955 1416 κληρονό-

378 1460 516 1510 μον,
538 1442 628 1495 τὸν
660 1444 820 1496 αὐτὸν
845 1439 972 1507 οἶδε,
1006 1442 1197 1511 λέγων,
1234 1441 1343 1494 Ea’
1369 1439 1643 1509 ἐσχάτων
1676 1437 1796 1491 τῶν
1820 1438 1959 1505 ἠμε-

376 1532 508 1600 ρῶν
526 1535 748 1587 τούτων
763 1534 1072 1601 ἐλάλησεν
1093 1534 1239 1602 ἡμῖν
1257 1535 1327 1586 ἐν
1360 1532 1492 1597 Υὶῷ,
1521 1532 1595 1585 ὃν
1610 1532 1789 1598 ἔθηκε
1815 1533 1958 1596 κλη-

379 1624 644 1691 ρονόμον
659 1623 920 1691 πάντων,
948 1624 1023 1676 δι’
1051 1621 1123 1680 οὗ
1150 1625 1248 1678 καὶ
1273 1624 1522 1691 ἐποίησε
1552 1621 1693 1686 τοὺς
1719 1618 1957 1685 αἰῶνας,

386 1711 453 1777 ὃς
487 1712 571 1765 ῶν
607 1715 971 1783 ἀπαύγασμα
1002 1714 1109 1782 τῆς
1149 1715 1335 1782 δόξης
1368 1714 1468 1768 καὶ
1514 1711 1814 1782 χαρακτὴρ
1852 1709 1961 1777 τῆς

388 1802 781 1869 ὑποστάσεως
809 1804 1017 1859 αὐτοῦ.
1053 1806 1161 1857 Καὶ
1209 1804 1439 1857 ἐνταῦθα
1480 1804 1666 1875 ὥσπερ
1708 1801 1963 1873 ἀνωτέρω

2134 1239 2221 1293 15.
2256 1235 2482 1303 Insuper
2532 1230 2863 1300 splendorem
2914 1226 3132 1299 gloriae,
3175 1232 3231 1278 et
3272 1222 3626 1276 characterem

2065 1325 2162 1379 Dei
2191 1333 2245 1377 et
2271 1321 2490 1386 Filium,
2551 1326 2605 1373 et
2637 1316 2896 1371 heredem
2933 1313 3189 1368 eumdem
3223 1319 3400 1374 vocat,
3444 1307 3512 1362 In
3544 1324 3630 1359 no-

2063 1415 2283 1470 vissimis
2312 1414 2448 1466 hisce
2479 1412 2656 1465 diebus
2688 1408 2894 1461 locutus
2917 1418 2991 1460 est
3024 1405 3170 1459 nobis
3222 1406 3279 1456 in
3326 1400 3469 1455 Filio
3510 1416 3629 1463 suo,

2063 1522 2215 1575 quem
2260 1502 2528 1557 constituit
2579 1498 2839 1553 hazredem
2886 1497 3117 1551 omnium
3148 1509 3165 1547 :
3196 1509 3288 1563 per
3311 1508 3477 1561 quem
3510 1489 3630 1558 fecit

2066 1608 2112 1651 et
2138 1596 2378 1657 sarcula;
2409 1592 2500 1663 qui
2533 1607 2654 1645 cum
2691 1599 2821 1644 esset
2860 1586 3105 1657 splendor
3131 1585 3339 1656 glorior,
3368 1593 3416 1636 et
3438 1583 3632 1635 chara-

2067 1696 2177 1741 cter
2200 1685 2507 1741 substantia
2532 1682 2646 1751 ejus
2671 1681 2739 1734 ³⁸.
2776 1678 2876 1734 Hic
2911 1679 2985 1732 uti
3025 1687 3081 1731 et
3127 1674 3379 1745 superius
3428 1673 3632 1727 dictum

2066 1788 2155 1835 est
2184 1778 2249 1832 de
2282 1775 2481 1841 Verbo,
2517 1771 2663 1843 quod
2682 1770 2868 1825 omnia
2892 1784 2987 1837 per
3011 1769 3185 1838 ipsum
3207 1764 3352 1820 facta
3382 1764 3511 1817 sint.
3544 1759 3637 1832 [Et

397 1892 615 1961 ἐλέγετο
649 1857 777 1966 περὶ
819 1857 913 1948 τοῦ
959 1857 1157 1965 λόγου,
1201 1897 1263 1949 τὸ
1293 1896 1430 1968 (55),
1460 1857 1646 1950 ’πάντα⁵
1688 1895 1754 1948 δι’
1805 1857 1967 1946 αὑτοῦ

2079 1872 2136 1927 de
2166 1871 2287 1925 luce
2324 1883 2444 1936 quia:
2473 1866 2527 1921 in
2567 1864 2768 1920 mundo
2812 1864 2915 1917 fuit
2950 1877 2966 1915 :
2998 1868 3055 1917 et
3081 1860 3310 1915 mundus
3341 1872 3437 1928 per
3467 1857 3638 1925 ipsam

399 1983 614 2051 ἐγένετο
631 1985 763 2056 (56).
796 1987 891 2041 καὶ
917 1990 1046 2057 περὶ
1065 1988 1159 2041 τοῦ
1193 1989 1370 2056 φωτὸς
1384 1989 1466 2053 τὸ,
1494 1989 1552 2040 ὲν
1579 1986 1658 2056 τῷ
1685 1985 1875 2055 κόσμῳ
1901 1981 1968 2053 ἧν

388 2076 484 2128 καὶ
535 2078 564 2130 ὁ
609 2079 812 2148 κόσμος
855 2080 921 2132 δι’
967 2080 1130 2133 αὑτοῦ
1175 2080 1413 2147 ἐγένετο,
1445 2080 1538 2132 καὶ
1599 2079 1727 2149 περὶ
1795 2076 1968 2147 Ἰησοῦ

389 2169 650 2237 Χριστοῦ,
679 2170 761 2231 τὸ.
806 2170 976 2239 Ἡμῖν
1001 2165 1090 2235 εἷς
1108 2172 1325 2238 Κύριος
1338 2171 1570 2238 Ἰησοῦς
1594 2169 1869 2238 Χριστὸς,
1895 2168 1968 2220 δι’

387 2255 462 2313 οὗ
494 2260 565 2312 τὰ
587 2257 802 2321 πάντα,
836 2260 934 2315 θέα
956 2300 969 2321 ,
994 2262 1143 2324 ὅπως
1172 2263 1300 2333 περὶ
1324 2261 1418 2315 τοῦ
1462 2260 1628 2315 αὐτοῦ
1663 2261 1863 2331 ὁμοίως
1893 2260 1971 2312 εῖ-

394 2367 554 2421 ρηται
592 2349 672 2414 τὸ,
726 2350 800 2404 δι’
848 2346 920 2407 οὗ
951 2351 1062 2423 (⁸57)
1108 2353 1207 2406 καὶ
1250 2354 1503 2421 ἐποίησε
1538 2352 1680 2419 τοὺς
1728 2351 1969 2419 αἰῶνας.

406 2440 727 2509 Ἐπιστῆσαι
756 2440 817 2494 δὲ
854 2440 966 2513 (58)
997 2442 1090 2496 τὸν
1129 2441 1253 2496 νοῦν
1281 2443 1339 2497 ὲν
1370 2442 1579 2506 τούτοις
1606 2442 1775 2508 ἀξιον,
1822 2445 1971 2506 ὅπως

390 2532 707 2602 ὠνόμασται
738 2532 1099 2603 ἀπαύγασμα.
1148 2528 1316 2604 Οἶμαι
1353 2536 1460 2605 γὰρ
1487 2534 1585 2605 τῆς
1625 2538 1690 2588 ὲκ
1721 2533 1814 2589 τοῦ
1862 2536 1977 2589 Πα-

394 2624 523 2695 τρὸς
552 2622 647 2677 τοῦ
682 2624 812 2677 Υἱοῦ
839 2627 1144 2695 γεννήσεως
1172 2627 1574 2699 παραστατικὸν
1602 2623 1739 2681 εἶναι
1768 2628 1860 2681 τὸν
1887 2628 1974 2682 λό-

397 2730 511 2780 γον.
578 2714 847 2777 Πολλάκις
908 2714 1019 2786 γὰρ
1072 2718 1462 2788 ὠνομασμένοι)
1515 2716 1667 2783 Υἱοῦ,
1733 2719 1827 2772 καὶ
1877 2718 1972 2771 τοῦ

394 2803 532 2856 Θεοῦ
565 2805 775 2875 Πατρὸς
797 2807 1230 2876 χρηματίσαντος
1256 2808 1389 2879 (59),
1417 2808 1541 2860 ἐπεὶ
1569 2809 1666 2873 τὰς
1687 2809 1795 2861 τῶν
1824 2810 1977 2873 ζώων

398 2896 644 2962 γενέσεις
674 2897 913 2951 τοιοῦτόν
941 2916 1063 2953 τινα
1088 2901 1290 2971 τρόπον
1323 2900 1698 2971 ὲπιλάϐοιμεν,
1737 2902 1844 2956 ὑπὸ
1883 2902 1977 2955 τοῦ

396 2988 535 3040 Θεοῦ
581 2989 1022 3062 θεοπρεπεστέρᾳ
1070 2993 1331 3063 κέχρηται
1364 2992 1532 3045 εἰκόνι
1560 2996 1589 3046 ὁ
1634 2994 1974 3060 Ἀπόστολος,

400 3080 530 3149 περὶ
554 3079 653 3149 μὲν
669 3079 762 3132 τοῦ
791 3080 1022 3151 Πατρὺς,
1059 3080 1247 3146 εἰπὼν,
1281 3079 1410 3147 Φῶς
1432 3081 1612 3137 οἰκῶν
1630 3084 1975 3151 ἀπρόσιτον

402 3168 492 3220 τὸν
522 3166 581 3221 δὲ
614 3167 761 3269 ϊὶὸν,
787 3169 1131 3269 ἀπαύγασμα
1160 3170 1252 3224 τοῦ
1286 3172 1554 3244 πατρικοῦ
1595 3172 1770 3242 φωτὸς
1794 3174 1981 3245 ὁρισά-
2005 3210 2047 3269 C

407 3275 588 3327 μενος,
622 3258 762 3312 ὥστε
793 3256 932 3313 εἶναι
957 3261 1017 3312 τὸ
1047 3261 1387 3333 ἀπαύγασμα
1430 3262 1678 3334 γέννημα
1708 3265 1799 3317 τοῦ
1830 3265 1980 3337 πρώ-

401 3367 496 3405 του
533 3352 730 3422 φωτὸς,
765 3352 827 3403 οὐ
854 3351 991 3406 κατὰ
1021 3354 1118 3423 τὴν
1137 3355 1243 3407 τῶν
1262 3354 1469 3425 θνητῶν
1497 3353 1651 3417 ζώων
1673 3357 1981 3410 ὑποστάντα

406 3446 641 3511 γένεσιν,
672 3445 814 3498 κατά
844 3445 901 3498 δὲ
934 3446 996 3497 τὸ
1016 3445 1186 3516 ῥηθὲν
1223 3445 1591 3516 παράδειγμα.
1626 3446 1864 3508 Εἰκότως
1888 3442 1981 3499 οὖν

402 3536 500 3590 καὶ
541 3534 723 3588 εἰκόνα
781 3533 943 3589 αὑτὸν
977 3534 1073 3586 τοῦ
1107 3531 1240 3585 Θεοῦ
1291 3531 1384 3584 τοῦ
1418 3532 1651 3602 ἀοράτου
1692 3530 1976 3595 ἀποκαλεῖ,

401 3626 495 3680 διὰ
510 3627 572 3679 τὸ
588 3629 649 3680 ὲν
678 3628 857 3697 μορφῇ
881 3624 1013 3677 Θεοῦ
1036 3623 1320 3696 ὑπάρχειν,
1346 3626 1438 3677 καὶ
1456 3623 1542 3676 διὰ
1560 3623 1621 3675 τὸ
1641 3622 1984 3692 ἀπαύγασμα

405 3715 545 3772 εἶναι
570 3720 663 3771 καὶ
695 3721 1017 3789 χαρακτῆρα
1042 3718 1139 3787 τῆς
1169 3714 1538 3778 ὑποστάσεως.

481 3812 560 3866 ιδ’.
602 3811 699 3865 Διά
748 3809 912 3862 ταῦτα
961 3810 1070 3881 γὰρ
1116 3809 1245 3879 περὶ
1292 3807 1456 3861 αὑτοῦ
1508 3806 1734 3878 γράφων
1776 3805 1979 3874 ἐλεγενσ

412 3906 516 3969 Ὃς
541 3905 711 3957 ἐστιν
738 3903 915 3955 εἰκὼν
945 3900 1051 3954 τοῦ
1076 3901 1230 3954 Θεοῦ
1257 3900 1360 3954 τοῦ
1389 3899 1667 3968 ἀοράτου,
1692 3899 1987 3966 Πρωτότο-

409 4014 517 4061 xor;
560 3994 762 4061 πάσης
812 3994 1079 4057 κτίσεως.
1121 3993 1251 4045 Ὅτι
1302 3993 1371 4045 ἐν
1408 3988 1566 4055 αὐτῷ
1614 3990 1864 4058 ἐκτίσθη
1916 3988 1988 4041 τὰ

411 4090 627 4152 πάντα,
661 4087 733 4141 τὰ
766 4087 836 4139 ἐν
867 4085 1143 4153 οὐρανοῖς
1175 4085 1275 4139 καὶ
1304 4085 1376 4138 τὰ
1412 4084 1513 4137 ἐπὶ
1553 4081 1657 4151 τῆς
1696 4080 1831 4150 γῆς,
1865 4080 1988 4134 εἴτε

410 4182 652 4247 ἀόρατα,
684 4180 805 4233 εἴτε
837 4178 1057 4246 θρόνοι,
1084 4175 1204 4230 alte
1248 4176 1610 4243 κυριότητες,
1633 4171 1755 4224 εἴτε
1785 4168 1984 4237 ἀρχαὶ,

410 4275 531 4327 εἴτε
556 4273 860 4338 ἐξουσίαν
902 4272 973 4325 τὰ
1020 4269 1213 4325 πάντα
1247 4268 1320 4320 δι’
1359 4266 1568 4331 αὑτοῦ,
1616 4264 1716 4319 καὶ
1761 4267 1848 4330 εὶς
1870 4265 1990 4333 [αὐ-

412 4365 519 4417 cor
537 4365 820 4427 ἔκτισται,
864 4363 1078 4433 (40)καί
1102 4362 1284 4426 αὐτός
1305 4360 1439 4413 ἐστι
1465 4356 1579 4427 πρὸ
1606 4355 1865 4419 πάντων,
1892 4354 1991 4408 καὶ

413 4454 609 4510 πάντα
636 4457 706 4509 ἐν
745 4455 907 4521 αὐτῷ
937 4453 1299 4519 συνέστηκε.
1334 4450 1522 4505 Ταῦτα
1568 4449 1677 4520 γὰρ
1716 4448 1844 4519 περὶ
1894 4449 1989 4518 τῆς

2070 1960 2249 2015 factus
2290 1957 2436 2026 luit.]
2474 1957 2538 2011 Et
2571 1960 2637 2012 de
2665 1956 2791 2012 lesu
2824 1954 3064 2019 Christo,
3100 1950 3266 2005 Nobis
3289 1964 3425 2002 unus
3456 1945 3641 1999 Domi-

2071 2071 2166 2109 nus
2199 2055 2355 2109 Jesus
2401 2053 2647 2108 Christus
2693 2068 2786 2119 per
2824 2066 2981 2120 quem
3021 2049 3198 2103 omnia
3229 2048 3297 2099 ".
3348 2044 3424 2099 De
3450 2044 3641 2098 eodem

2069 2148 2291 2211 videsis,
2323 2145 2775 2215 quemadmodum
2810 2143 3032 2207 dicitur,
3076 2155 3169 2208 per
3210 2153 3361 2209 quem
3418 2137 3538 2206 fecit
3592 2145 3640 2188 et

2069 2241 2285 2297 stecula.
2312 2241 2414 2297 Hic
2444 2255 2573 2296 vero
2605 2253 2784 2309 operte
2813 2238 3045 2309 pretium
3084 2243 3181 2289 est
3215 2236 3497 2288 advertere
3525 2229 3645 2283 ani-

2072 2349 2215 2389 mum
2258 2333 2327 2387 ad
2368 2332 2419 2387 id
2464 2330 2605 2401 quod
2636 2331 2835 2384 dicitur
2865 2327 3152 2398 splendor;
3189 2326 3261 2379 ita
3291 2324 3435 2379 enim
3460 2330 3645 2376 statuo

2072 2439 2256 2480 vocem
2288 2424 2448 2479 istam
2492 2421 2839 2478 subindicare
2860 2460 2875 2484 ,
2907 2418 3055 2472 illam
3092 2418 3162 2473 de
3194 2415 3361 2469 Patre
3388 2413 3510 2468 Filii
3548 2428 3641 2480 ge-

2074 2516 2433 2571 nerationem.
2470 2512 2605 2568 Cum
2632 2511 2779 2567 enim
2817 2509 2940 2565 Filii
2983 2524 3179 2565 nomen
3228 2506 3426 2575 saepius
3453 2519 3647 2559 occur-

2075 2616 2243 2674 rerat,
2274 2616 2329 2662 et
2363 2604 2524 2660 Pater
2556 2604 2721 2659 etiam
2757 2600 3091 2678 frequentius
3140 2599 3280 2653 Deus
3310 2596 3593 2651 audiverat
3624 2612 3637 2648 :

2076 2713 2141 2751 ne
2174 2695 2390 2751 modum
2409 2694 2550 2750 forte
2577 2694 2809 2764 aliquem
2847 2692 2937 2747 hic
2956 2690 3315 2761 imaginemur
3336 2688 3429 2758 qui
3459 2687 3514 2740 in
3556 2700 3648 2753 ge-

2078 2787 2359 2843 neratione
2409 2801 2590 2841 rerum
2640 2787 3003 2840 animatarum
3036 2779 3313 2845 occurrit,
3355 2775 3648 2846 Apostolus

2077 2879 2488 2937 similitudinem
2522 2876 2846 2932 diviniorem
2893 2872 3134 2939 adhibet,
3164 2870 3254 2925 ubi
3279 2868 3347 2923 de
3377 2868 3486 2922 Deo
3516 2866 3647 2937 agit,

2078 2977 2145 3031 ad
2174 2975 2391 3029 Patrem
2440 2971 2573 3026 illud
2606 2968 2930 3039 applicans,
2967 2964 3229 3020 Habitans
3288 2962 3456 3015 lucem
3498 2960 3648 3012 ina:-

2079 3085 2316 3125 eesum:
2344 3066 2542 3122 Filium
2573 3078 2705 3118 vero
2738 3059 3067 3130 compellans
3096 3054 3441 3126 splendorem
3471 3059 3652 3120 pater-

2082 3177 2162 3216 na.
2187 3161 2353 3225 lucis;
2382 3166 2440 3213 ut
2467 3156 2724 3226 splendor
2769 3152 2837 3208 sit
2869 3152 3026 3222 primi
3075 3149 3218 3204 illius
3258 3146 3478 3201 luminis
3504 3144 3653 3214 geni-

2082 3262 2204 3307 tura
2230 3270 2244 3307 :
2275 3250 2470 3304 nonad
2500 3248 2718 3301 modum
2748 3243 3021 3299 creaturis
3055 3239 3377 3296 mortalibus
3424 3250 3654 3302 usurpa-

2083 3354 2194 3397 tum
2231 3340 2525 3403 exsisteus,
2558 3339 2684 3392 dum
2712 3343 3068 3406 generantur,
3110 3346 3299 3385 verum
3334 3323 3490 3398 juxta
3521 3326 3653 3381 alla—

2083 3442 2190 3488 tam
2226 3429 2657 3487 similitudinem.
2686 3426 2881 3482 Merito
2901 3440 3025 3480 eum
3060 3424 3249 3494 igitur,
3280 3433 3336 3477 et
3361 3422 3651 3491 imaginem

2083 3525 2319 3596 appellat
2349 3522 2641 3578 invisibilis
2661 3526 2720 3584 >I<
2758 3520 2853 3574 Dei
2887 3538 2901 3573 :
2934 3526 3224 3589 propterea
3250 3516 3395 3585 quod
3418 3514 3654 3570 οιείειου

2084 3630 2187 3684 ret,
2220 3619 2274 3672 in
2303 3617 2477 3672 forma
2500 3615 2595 3669 Dei
2624 3632 2638 3667 :
2674 3624 2731 3667 et
2753 3612 2879 3683 quia
2906 3619 3027 3667 erat
3057 3608 3314 3678 splendor
3359 3617 3415 3661 et
3451 3608 3650 3662 chara-

2083 3719 2200 3765 cter
2220 3708 2557 3763 substantiae.

2156 3802 2242 3857 ﬂ.
2274 3801 2427 3856 Hanc
2452 3799 2524 3854 ob
2551 3812 2769 3853 causam
2800 3797 2866 3850 de
2906 3795 2998 3848 illo
3021 3793 3269 3849 scribens
3295 3790 3370 3843 ait
3402 3807 3416 3843 :
3447 3788 3549 3853 Qui
3578 3798 3654 3841 ut

2085 3900 2257 3966 imago
2293 3895 2387 3948 Dei
2421 3890 2708 3947 invisibilis
2755 3906 2774 3943 :
2812 3888 3191 3958 primogenitus
3231 3884 3397 3937 omnis
3446 3880 3656 3935 creatub‘

2084 4011 2182 4050 rae.
2210 3992 2474 4058 Quoniam
2503 3991 2558 4043 in
2591 3989 2705 4056 ipso
2743 3995 2924 4040 creata
2960 3993 3080 4038 sunt
3116 3982 3326 4043 omnia,
3377 3994 3494 4048 qute
3534 3990 3654 4031 sunt

2089 4087 2143 4139 in
2175 4083 2322 4147 caelo,
2356 4092 2403 4135 et
2439 4096 2556 4151 quae
2587 4094 2744 4147 super
2790 4088 3009 4141 terram,
3037 4077 3145 4129 sive
3183 4072 3428 4135 visibllia,
3458 4088 3551 4125 seu
3584 4073 3659 4124 in-

2086 4174 2347 4238 uisibilia;
2387 4174 2493 4227 sive
2528 4170 2743 4232 throni,
2780 4183 2871 4220 seu
2904 4164 3291 4220 dominationes
3323 4179 3343 4215 :
3372 4163 3477 4215 sive
3511 4163 3658 4229 prin-

2089 4267 2316 4333 cipatus,
2354 4279 2446 4318 seu
2483 4271 2762 4331 potestates
2790 4274 2807 4312 :
2842 4257 3019 4315 omnia
3038 4271 3131 4325 per
3159 4257 3354 4325 ipsum,
3388 4263 3437 4308 et
3468 4257 3522 4307 in
3547 4257 3656 4323 ipso

2091 4361 2303 4415 condita
2339 4366 2482 4422 sunt,
2511 4365 2560 4409 et
2590 4356 2700 4420 ipse
2740 4362 2860 4404 ante
2898 4357 2973 4402 est
3013 4348 3214 4410 omnia,
3248 4355 3299 4399 et
3330 4348 3384 4398 in
3413 4347 3523 4411 ipso
3544 4360 3656 4396 om—

2092 4453 2185 4505 nia
2220 4450 2506 4504 subsistunt
2537 4447 2605 4498 υ.
2640 4444 2763 4498 Haec
2800 4442 2979 4496 onmia
3007 4480 3023 4506 ,
3059 4439 3185 4492 licet
3219 4450 3377 4492 secus
3406 4433 3661 4489 Marcello

414 4549 665 4619 θεότητος
688 4547 784 4601 τοῦ
810 4548 940 4601 Υἱοῦ
962 4546 1056 4599 τοῦ
1081 4544 1237 4608 Θεοῦ,
1267 4544 1371 4598 κᾶν
1398 4544 1471 4615 μὴ
1498 4539 1803 4612 Μαρκέλλῳ
1832 4540 1976 4610 δοκῇ,

2092 4544 2362 4604 videatur,
2391 4541 2456 4593 de
2478 4538 2596 4593 Filii
2613 4536 2897 4589 divinitate
2914 4533 3185 4587 dicuntur.
3214 4527 3399 4597 Neque
3414 4528 3558 4582 enim
3586 4538 3666 4582 tot

414 4637 651 4712 εἴρηται.
685 4636 763 4692 Οὐ
792 4637 900 4706 γὰρ
944 4636 1074 4707 περὶ
1102 4638 1200 4705 τῆς
1240 4632 1441 4703 σαρκὸς
1469 4626 1619 4684 εἶπεν
1652 4630 1718 4683 ἂν
1751 4627 1987 4681 τοσαῦτα

413 4734 445 4782 ὁ
472 4729 612 4793 θεῖος
647 4728 986 4789 Ἀπόστολος.
1007 4727 1205 4797 Μωρὸν
1229 4725 1339 4796 γὰρ
1361 4722 1519 4777 τοῦτο
1534 4724 1627 4775 καὶ
1649 4720 1981 4791 ἀδιανόητον,

421 4820 555 4889 πρὸς
591 4818 669 4888 τῷ
714 4819 808 4870 καὶ
857 4816 1228 4887 ἀσυνάρτητον
1260 4812 1400 4869 εἶναι
1431 4813 1544 4883 (H)
1592 4813 1690 4882 τῆς
1732 4810 1984 4882 φράσεως

418 4910 516 4979 τὴν
552 4909 868 4980 ἑρμηνείαν.
914 4906 1037 4970 Πῶς
1078 4908 1187 4975 γὰρ
1229 4906 1356 4973 περὶ
1393 4905 1491 4974 τῆς
1541 4903 1739 4974 σαρκὸς
1778 4898 1984 4971 ἥρμοζε

498 5069 555 5124 >14
591 5064 688 5117 Ed.
718 5063 892 5120 Paris.
930 5077 1051 5131 pag.
1088 5062 1175 5115 96.

2091 4638 2147 4683 et
2174 4627 2299 4681 talia
2317 4626 2544 4681 dixisset
2592 4624 2658 4679 de
2692 4636 2855 4677 carne
2899 4621 3212 4688 Apostolus.
3255 4616 3493 4673 Stultum
3512 4618 3659 4671 enim

2091 4720 2234 4775 foret
2286 4733 2460 4788 neque
2508 4716 2749 4787 cogitatu
2783 4712 2982 4777 facile,
3016 4721 3076 4766 ut
3127 4727 3196 4767 ne
3245 4711 3424 4765 dicam
3471 4710 3662 4764 incon-

2091 4824 2301 4879 gruum,
2327 4807 2470 4879 quod
2500 4809 2568 4861 ad
2594 4806 2886 4862 dictionem
2920 4804 3115 4858 attinet
3140 4813 3199 4859 et
3237 4804 3472 4858 nominis
3495 4804 3664 4857 inter-

2091 4902 2472 4970 pretationem.
2506 4898 2609 4966 Qui
2648 4901 2794 4954 enim
2825 4907 3191 4966 congruenter
3232 4897 3298 4952 de
3337 4911 3500 4951 carne
3554 4896 3664 4950 dici

495 5135 536 5164 ¹⁹
577 5132 737 5188 Hebr.
774 5124 957 5199 ιν,1ι’.
1001 5124 1078 5163 ’ίο
1111 5131 1270 5186 llebr.
1293 5146 1332 5196 I,
1365 5131 1478 5184 1'5.
1568 5130 1609 5160 ¹¹
1642 5127 1661 5181 l
1692 5129 1817 5183 Cor.
1849 5141 1969 5191 vm,

2137 5127 2179 5157 ι’
2208 5124 2413 5178 Coloss.
2449 5140 2488 5189 ι,
2533 5124 2723 5179 15-17.

427 5268 629 5331 nescio,
660 5267 801 5321 forte
824 5282 916 5330 an,
939 5266 1087 5328 ἔνθα,
1124 5275 1176 5317 ιιι
1206 5266 1295 5326 sit,
1324 5264 1411 5315 ulti
1442 5262 1606 5315 Deum
1646 5262 1908 5324 nominat,
1935 5270 1987 5315 et

422 5339 644 5405 angelos
681 5347 967 5405 memorat,
1026 5334 1419 5405 intermedium
1466 5333 1669 5385 inducit
1724 5332 1986 5405 mediato-

430 5401 636 5460 ι·θιιι.Μ.
667 5436 739 5447 —
765 5404 968 5472 Scripsi
1001 5421 1121 5458 cum
1149 5405 1308 5457 codd.
1354 5402 1531 5466 ἱδίως;
1558 5416 1680 5456 mox
1715 5401 1869 5469 vulgo
1900 5401 1990 5453 ἐπὶ

428 5476 653 5545 ἐσχάτου
670 5485 732 5545 et
755 5475 944 5545 ὥσπερ
980 5475 1071 5526 καὶ
1094 5474 1368 5544 ἀνωτέρω.

499 5546 615 5613 (55)
640 5544 808 5613 Vulgo
834 5544 919 5596 ὅτι
941 5545 1027 5597 τά.

501 5612 615 5682 (515)
652 5612 823 5683 Vulgo
852 5613 942 5683 καὶ
969 5612 1133 5666 αὑτοῦ
1166 5614 1383 5680 ἐγένετο
1406 5628 1513 5667 om.

502 5685 612 5754 (δῖ)
646 5684 746 5754 Mp.
766 5682 960 5736 αὑτοῦ.

505 5751 615 5819 (38)
651 5751 1012 5817 Ἐπιστήσας
1053 5751 1138 5806 δέ.
1174 5752 1407 5820 Legem].
1446 5753 1731 5823 ἐπιστῆσαι
1775 5752 1852 5804 δέ.
1899 5752 1964 5805 Μ.

509 5826 621 5893 (59)
650 5825 753 5878 Kal
788 5823 933 5891 πρὸς
965 5825 1462 5894 χρηματίσαντος.
1495 5823 1657 5877 Error
1690 5840 1753 5876 ex
1808 5824 1997 5878 abbre-

2097 5262 2237 5312 viata
2292 5258 2559 5326 scriptura
2619 5260 2753 5329 πρός
2805 5271 2956 5315 ortus
3007 5269 3132 5314 est:
3194 5258 3485 5329 legendum
3517 5258 3663 5329 enirn

2095 5330 2309 5398 Πατρὸς
2358 5326 2813 5452 ἔρηματίσαντος,
2849 5333 2935 5384 ⁶ιῖνα
2996 5331 3069 5400 μὴ
3128 5329 3220 5381 ἐπὶ
3252 5326 3359 5389 τὰς
3386 5337 3438 5380 et
3465 5326 3666 5381 ὑπολά-

2097 5400 2306 5452 ϐοιμεν.
2330 5398 2357 5451 ll
2387 5399 2768 5452 .-—-Emendavi
2788 5403 2962 5452 locum
2984 5415 3047 5452 ex
3064 5399 3217 5452 codd.
3232 5439 3246 5452 .
3265 5398 3353 5452 ubi
3374 5396 3528 5452 vulgo
3544 5398 3666 5450 τινὰ

2097 5396 2306 5470 δοιμεν.
2330 5396 2768 5470 Mli-Emendavi
2788 5403 2962 5455 locum
2984 5396 3217 5470 éx'codd.
3232 5439 3246 5456 .
3265 5398 3353 5452 ubi
3374 5396 3528 5470 volgo
3544 5398 3666 5470 τινὰ

2098 5466 2222 5524 ante
2245 5472 2444 5540 τρόπον
2475 5468 2627 5540 deest
2650 5478 2704 5523 et
2734 5471 2992 5540 scribitur
3014 5466 3365 5521 ὲπιλάΰοιαεν
3391 5468 3515 5520 ὑπό.
3542 5466 3661 5521 Mox

2096 5542 2256 5612 vulgo
2284 5538 2409 5612 περὶ
2430 5539 2529 5612 τοῦ
2560 5540 2655 5612 μέν
2679 5551 2742 5612 et
2758 5538 3085 5612 ὁριζόμενος.

2175 5610 2283 5676 (40)
2317 5607 2484 5681 Vulgo
2517 5607 2737 5681 ἐκτίσθη
2760 5607 2813 5665 et
2835 5607 2954 5681 ιιιοχ
2987 5609 3132 5681 δοκεῖ
3155 5618 3215 5681 et
3231 5607 3473 5681 apage.

2175 5681 2286 5753 (Η)
2346 5679 2461 5748 Τῆς
2508 5677 2781 5753 φράσεως
2837 5678 2955 5753 τὴν·Δ
3004 5680 3331 5753 ἁρμογίαν..
3376 5677 3449 5730 ltu
3492 5678 3670 5753 potius

2105 5747 2777 5822 quinn'épmvaiav.Nam
2813 5750 3071 5819 sequitur,
3110 5749 3225 5811 πῶς
3275 5748 3382 5818 γὰρ
3423 5747 3547 5818 περὶ
3576 5747 3674 5814 τῆς

2110 5822 2306 5891 cum;
2326 5820 2562 5891 ἥρμοσε.
2594 5820 2664 5875 Μ.
