4082 6392
293 423 395 480 889

1279 409 1366 463 DE
1403 400 1942 461 ECCLESIASTICA
1975 399 2375 455 THEOLOGIA
2411 399 2540 455 LIB.
2583 399 2624 455 1.

3448 397 3556 456 9‘30

294 544 388 599 καὶ
412 542 450 608 ἡ
479 541 764 606 ἀλήθεια,
806 535 902 588 καὶ
939 535 976 602 ὴ
1019 531 1152 600 ζωή.
1201 531 1310 594 Διὸ,
1345 527 1508 580 πάλιν
1551 521 1810 578 ἱκετεύων
1844 520 1874 572 ὁ
1902 567 1908 582 ,

1981 515 2124 571 circa
2177 515 2345 570 Deum
2399 513 2733 584 compellans
2784 512 3008 582 supplex
3046 513 3101 566 in
3143 510 3387 565 oratione
3426 509 3560 566 Pro-

291 634 578 707 Προφήτης
637 631 694 682 ὲν
745 628 876 698 εὐχῇ
921 626 1056 697 πρὸς
1095 624 1187 676 τὸν
1216 621 1347 675 Θεὸν
1394 619 1561 687 λέγει,
1615 615 1871 680 Ἐξαπό-

288 728 532 781 στειλον
557 721 626 775 τὸ
670 718 796 789 φῶς
825 732 964 781 σου,
997 714 1100 769 καὶ
1127 713 1244 782 τὴν
1279 709 1568 778 ἀλήθειάν
1595 723 1730 762 σουο
1761 707 1868 760 αὐ-

290 816 359 872 τὰ
389 831 465 885 με
489 811 799 881 ὁδηγήσει.

359 914 444 976 ιη’.
489 904 773 976 ’Δλήθειαν
812 901 869 956 δὲ
894 899 1056 954 αὐτὸν
1093 897 1189 952 καὶ
1245 895 1357 967 (48)
1395 889 1698 963 Ζοροϐάϐελ
1723 889 1870 942 ἀνει-

289 1000 423 1064 πὼν,
465 998 800 1069 νικητηρίων
845 991 1073 1065 ἠξιώθη,
1107 993 1197 1044 ὅτε
1226 987 1319 1042 ἐπὶ
1342 985 1436 1040 τοῦ
1467 981 1693 1055 Περσῶν
1719 979 1869 1050 βασι-

287 1089 420 1152 λέως
465 1088 879 1158 ἀναγέγραπται
907 1079 1165 1155 εἰρηκώς·
1205 1078 1317 1134 Καὶ
1345 1078 1384 1146 ἠ
1414 1072 1664 1141 ἀλήθεια
1677 1069 1867 1140 μένει,

288 1183 382 1237 καί
409 1183 610 1252 ἰσχύει
635 1183 723 1246 εὶς
751 1182 858 1233 τὸν
894 1175 1100 1233 αίῶνα.
1136 1173 1247 1228 Καὶ
1280 1170 1368 1240 ζῇ,
1398 1169 1497 1224 καί
1535 1164 1741 1236 κρατεῖ
1781 1165 1871 1227 εὶς

287 1277 393 1330 τὸν
421 1274 612 1328 αἰῶνα
652 1272 760 1326 τοῦ
810 1270 1045 1336 αίὼνος.
1094 1268 1202 1322 Καὶ
1234 1268 1344 1320 οὐκ
1391 1264 1524 1318 ἐστι
1551 1259 1686 1327 παρ’
1715 1253 1870 1324 αὺτῇ

289 1368 496 1424 λαϐεῖν
531 1369 844 1437 πρόσωπα·
877 1363 1040 1420 ἀλλὰ
1067 1362 1140 1417 τὰ
1157 1361 1358 1415 δίκαια
1377 1355 1554 1422 ποιεῖ,
1576 1354 1693 1409 ἀπὸ
1718 1351 1870 1406 πάν-

289 1481 406 1518 των
434 1460 558 1517 τῶν
591 1461 816 1516 ἀδίκων
850 1459 949 1514 καὶ
987 1453 1268 1523 πονηρῶν
1303 1451 1607 1519 ἀπέχεται.
1631 1440 1726 1506 Οἷς
1753 1447 1872 1498 ὲπι-

287 1557 453 1626 λέγει·
489 1556 601 1611 Καὶ
635 1552 830 1622 αὐτῆς
855 1553 895 1620 ἡ
921 1548 1121 1619 ίσχὺς,
1163 1546 1261 1600 καὶ
1294 1543 1362 1598 τὸ
1396 1541 1742 1608 βασίλειον,
1770 1536 1870 1590 καὶ

289 1654 325 1718 ἡ
352 1649 420 1713 ἐξ
424 1648 628 1710 ουσία,
645 1645 744 1699 καί
763 1647 800 1713 ἡ
819 1641 1210 1713 μεγαλωσύνη
1235 1636 1476 1690 πάντων
1488 1632 1610 1688 τῶν
1622 1631 1869 1687 αἰώνων.

288 1733 396 1814 Ζῇν
425 1742 534 1812 γὰρ
566 1737 735 1793 εἰπὼν
760 1736 856 1808 τὴν
883 1733 1156 1806 ἀλήθειαν,
1190 1730 1285 1785 καὶ
1311 1729 1468 1798 νικᾷν
1506 1726 1600 1781 καὶ
1629 1727 1872 1797 κρατεῖν,

287 1829 744 1902 ἑμφαντικὼτατα
790 1826 1133 1897 παρέστησεν
1181 1822 1352 1893 αὐτῆς
1402 1819 1502 1892 τήν
1547 1819 1868 1873 ὑπόστασιν.

1976 609 2139 677 pheta
2178 607 2440 683 loquitur,
2472 605 2672 661 Emitte
2721 605 2900 659 lumen
2945 615 3144 670 tuum,
3187 613 3239 658 et
3284 605 3555 658 veritatem

1975 713 2144 768 tuam,
2183 699 2278 755 illa
2309 715 2392 755 me
2421 699 2677 755 deducent
2711 700 2778 753 ³¹.

2047 878 2136 936 18.
2173 877 2470 934 Veritatem
2510 879 2738 950 insuper
2761 892 2887 934 eum
2922 893 3046 933 cum
3077 885 3296 932 vocaret
3319 874 3557 931 Zoroba-

1975 969 2062 1025 bel
2090 1009 2107 1035 ,
2154 971 2399 1025 victoria:
2429 969 2672 1025 lauream
2713 969 2881 1035 tulit,
2916 970 3010 1041 qui
3048 983 3233 1024 coram
3265 967 3555 1022 Persarum

1976 1075 2129 1131 rege,
2161 1073 2502 1116 memoratur
2519 1061 2750 1127 dixisse,
2792 1060 2994 1116 Veritas
3031 1070 3204 1114 manet
3235 1069 3286 1113 et
3308 1059 3556 1130 prwualet

1975 1151 2034 1205 in
2072 1161 2350 1207 wternum.
2407 1150 2549 1206 Viuit
2592 1162 2645 1208 et
2680 1164 2960 1222 exsuperat
3005 1154 3061 1207 in
3097 1151 3294 1208 secula
3336 1150 3558 1206 swculo-

1977 1243 2318 1314 rum.Nequc
2347 1254 2422 1298 est
2442 1245 2587 1310 apud
2606 1245 2757 1300 illam
2796 1255 3060 1314 respectus
3085 1245 3555 1315 personarum,sed

1969 1335 2239 1405 justitiam
2271 1335 2424 1404 facit,
2463 1337 2530 1389 ab
2578 1337 2778 1407 iniquis
2824 1337 3068 1391 omnibus
3095 1346 3147 1390 et
3176 1335 3355 1406 impiis
3391 1336 3560 1389 absti-

1979 1436 2082 1480 net.
2105 1427 2186 1482 Ad
2206 1441 2327 1496 qua:
2353 1427 2597 1483 annectit
2628 1445 2643 1483 :
2678 1425 2856 1497 Ipsius
2885 1438 3061 1482 autem
3091 1428 3188 1494 vis,
3203 1437 3252 1480 et
3287 1425 3557 1496 regalitas,

1977 1527 2027 1574 et
2075 1528 2302 1587 potestas
2328 1563 2343 1586 ,
2372 1529 2421 1574 et
2455 1519 2854 1590 magnificentia
2885 1530 2962 1574 est
2998 1535 3091 1589 per
3127 1520 3304 1574 omnia
3334 1519 3554 1572 stecula.

1979 1607 2082 1676 Qui
2131 1609 2277 1664 enim
2312 1610 2496 1666 vivere
2558 1610 2850 1666 veritatem
2903 1611 3079 1676 dixit,
3114 1620 3170 1666 et
3233 1610 3454 1664 vincere
3503 1617 3558 1661 et

1979 1715 2310 1771 exsuperare
2354 1719 2370 1759 :
2421 1701 2828 1757 evidentissime
2891 1702 3129 1758 ostendit
3182 1700 3557 1756 exsistentiam

1979 1791 2116 1861 ejus.
2158 1792 2228 1848 Et
2277 1801 2698 1864 consequenter,
2749 1809 2809 1849 se
2855 1793 3115 1849 Servator
3163 1794 3334 1863 ipsam
3377 1791 3561 1862 appel-

405 1883 735 1985 deoitobew;
767 1883 1060 1980 xui-abso;
1086 1917 1116 1970 ὁ
1155 1883 1347 1984 Σωτὴρ
1378 1883 1636 1983 ἀλήθειαν
1683 1907 1874 1962 ἑαυτὸν
1903 1887 1908 1941 ί

1981 1885 2050 1939 lat
2106 1887 2424 1953 veritatem,
2464 1894 2520 1943 et
2545 1887 2804 1958 obsignat
2838 1886 3211 1943 testimonium
3249 1883 3563 1940 Zorobabe-

284 2015 570 2086 ὀνομάζων
613 2013 713 2084 τὴν
757 2011 853 2064 τοῦ
903 2006 1208 2080 Ζοροϐάϐελ
1254 2003 1560 2076 μαρτυρίαν
1604 2004 1876 2070 ὲπεσφραο

324 2119 485 2165 ιςετο.

281 2118 585 2245 Ὺιῖθίοίίαὶ
615 2186 860 2258 ποταμὸν
885 2186 941 2238 δὲ
975 2184 1137 2238 αὐτὸν
1165 2183 1446 2253 ὠνόμασεν
1483 2184 1512 2236 ὁ
1544 2180 1734 2236 είπών·
1766 2180 1876 2235 Τοῦ

276 2281 557 2351 ποταμοῦ
607 2278 679 2333 τὰ
724 2277 1035 2346 όρμήματα
1077 2276 1474 2346 εὐφραίνουσι
1521 2274 1636 2342 τὴν
1693 2276 1876 2328 πόλιν

276 2375 386 2432 τοῦ
419 2372 598 2428 Θεοῦ.
627 2371 768 2439 Ἤδη
794 2369 850 2422 δὲ
881 2370 976 2422 καὶ⁵
1017 2367 1145 2438 ὅρος
1187 2369 1481 2438 προσεῖπεν
1513 2367 1542 2418 ὁ
1567 2367 1769 2436 φήσας·
1804 2364 1874 2418 Τὸ

279 2468 418 2534 ὄρος
443 2466 476 2520 ὃ
533 2464 878 2533 ηὐδόκησεν
912 2465 944 2516 ό
963 2460 1141 2526 Θεὸς,
1172 2459 1470 2515 κατοικεῖν
1499 2461 1766 2528 ἐναὺτῷ.

354 2564 424 2611 κ’.
463 2557 559 2610 Διὸ
596 2556 690 2608 καὶ
727 2553 880 2624 παρὰ
927 2550 1008 2622 τῷ
1057 2550 1276 2621 Δανιήλ⁶
1334 2551 1429 2617 Ἐξ
1475 2551 1653 2621 ὄρους
1705 2554 1876 2619 λίθος

281 2649 528 2718 τμηθεὶς
555 2647 700 2700 ἄνευ
725 2645 958 2716 χειρῶν.
987 2646 1096 2698 Καὶ
1143 2643 1326 2709 πάλιν,
1373 2645 1402 2698 ὁ
1454 2645 1616 2708 αὐτὸς
1663 2647 1874 2700 ἀποκα-

289 2745 614 2812 θιστάμενος
645 2741 725 2800 είς
763 2741 888 2812 ὅρος
925 2737 1151 2810 ὑψηλὸν,
1190 2739 1418 2810 ἑωρᾶτο·
1453 2738 1548 2791 τοῦ
1591 2740 1687 2810 μὲν
1717 2740 1878 2810 ὅρους

287 2838 385 2907 τὴν
417 2833 758 2906 προῦπαρξιν
779 2833 877 2904 τῆς
904 2830 1156 2902 θεότητος
1184 2829 1348 2884 αὑτοῦ
1385 2830 1760 2900 σημαίνοντος,
1781 2830 1877 2884 τοῦ

289 2933 344 2985 δὲ
385 2929 558 2991 λίθου,
589 2928 688 2997 τὴν
729 2921 1284 2998 ἀνθρωπότητα(49).

360 3067 465 3114 κα’.
495 3060 608 3114 Καὶ
622 3057 968 3131 δικαιοσύνην
992 3057 1049 3110 δὲ
1076 3058 1236 3113 αὐτὸν
1259 3057 1506 3112 ἐκάλουν·
1537 3059 1612 3122 ὡς
1632 3061 1660 3113 ὁ
1681 3057 1879 3127 λέγων’

297 3155 390 3221 Τίς
441 3152 715 3223 ἐξήγειρε
763 3152 882 3207 ἀπὸ
919 3150 1233 3206 ἀνατολῶν
1287 3151 1704 3217 δικαιοσύνην.
1743 3153 1876 3215 Καὶ,

291 3248 440 3318 ἥλιον
468 3245 842 3316 δικαιοσύνης,
875 3244 951 3308 ὡς
973 3247 1002 3297 ὁ
1026 3243 1214 3296 είπιίιν·
1241 3243 1370 3311 Τοῖς
1394 3243 1462 3298 δὲ
1489 3244 1882 3314 φοϐουμένοις

287 3357 362 3407 με
385 3335 671 3392 ἀνατελεῖ
691 3335 862 3402 ἣλιος
891 3334 1301 3403 δικαιοσύνης,
1324 3333 1424 3387 καὶ
1453 3333 1616 3400 ἴασις
1640 3335 1711 3388 ἐν
1749 3335 1881 3401 ταῖς

293 3432 582 3502 πτέρυξιν
601 3429 810 3484 αὐτοῦ.
832 3429 943 3482 Καὶ
955 3428 1133 3494 ἄλλος,
1159 3429 1432 3492 Δύσεται,
1459 3429 1644 3498 φησὶν,
1660 3431 1693 3482 ὁ
1709 3428 1882 3496 ἣλιος

295 3525 390 3578 ἐπὶ
443 3521 592 3589 τοὺς
641 3520 952 3591 προφήτας
1000 3519 1143 3586 τοὺς
1193 3517 1552 3586 πλανῶντας
1590 3519 1699 3572 τὸν
1727 3521 1882 3574 λαόν

291 3635 426 3686 μουο
479 3615 546 3668 οὐ
587 3614 696 3686 γὰρ
745 3613 809 3684 δὴ
827 3613 1000 3668 ταῦτα
1049 3611 1128 3683 τῷ
1182 3611 1427 3684 αἰσθητῷ
1465 3609 1766 3684 ὲφαρμόζοι
1812 3613 1884 3668 ἂν

297 3707 448 3780 ἡλίῳ,
481 3704 622 3760 ἀλλὰ
644 3704 709 3775 δὴ
740 3704 851 3776 (50)
873 3702 952 3774 τῷ
984 3704 1237 3776 ὲνσάρκῳ
1270 3705 1449 3778 Λόγῳ.

248 3924 254 3932 -
365 3889 467 3943 κδ’.
500 3887 614 3942 Καὶ
647 3887 840 3957 σοφίαν
890 3886 948 3940 δὲ
999 3886 1160 3940 αὐτὸν
1187 3884 1445 3957 ὀνομάζει
1483 3887 1734 3958 Σολομὼν
1791 3889 1885 3942 ἐπὶ

299 3980 629 4054 Παροιμίαις
683 3980 880 4048 λέγων’
934 3980 996 4034 Ἡ
1037 3980 1226 4047 σοφία
1275 3978 1663 4049 ᾠκοδόμησεν
1697 3981 1886 4052 ἑαυτῇ

297 4068 480 4136 οἷκον,
509 4071 608 4124 καὶ
654 4069 946 4139 ὑπήρεισε
991 4070 1258 4136 στύλους
1288 4068 1460 4134 ἑπτὰ,
1493 4069 1683 4124 καὶτὰ
1736 4070 1883 4144 ἑξῆς.

299 4165 408 4218 Καὶ
428 4165 514 4217 ὃτι
546 4162 878 4234 προκόσμιος
905 4157 974 4232 ἦν
1013 4162 1047 4232 ὴ
1078 4160 1241 4231 σοφία
1265 4159 1416 4225 ζῶσα
1448 4160 1543 4214 καὶ
1573 4162 1884 4232 ὑφεστῶσα,

300 4255 458 4320 αὐτὸς
484 4253 763 4308 ἐδίδασκεν
793 4255 856 4306 ὲκ
890 4251 1185 4324 προσώπου
1230 4253 1401 4325 αὐτῆς
1426 4254 1632 4320 ταύτας
1659 4255 1888 4326 προέμε-

296 4361 382 4410 νος
413 4348 517 4409 τὰς
555 4346 755 4414 φωνάς’
808 4345 958 4415 Ἐγὼ
991 4346 1031 4414 ἡ
1062 4345 1254 4414 σοφία
1281 4345 1720 4414 κατεσκήνωσα
1732 4349 1889 4413 ,βου-

297 4439 434 4508 λὴν,
465 4438 570 4493 καί
599 4437 850 4508 γνῶσιν,
902 4438 1003 4491 καὶ
1038 4438 1300 4492 ἔννοιαν.
1342 4440 1490 4509 Ἐγὼ
1529 4441 1893 4496 ἑπεκαλεσά-

1975 1977 2061 2034 lis.

2047 2155 2133 2212 19.
2158 2155 2408 2212 Fluvium
2442 2155 2738 2227 appellavit
2766 2170 2919 2221 eum,
2943 2155 2993 2209 is
3022 2155 3116 2226 qui
3153 2154 3317 2222 dixit,
3344 2151 3559 2207 Flumi-

1975 2249 2057 2302 nis
2084 2249 2308 2316 impetus
2336 2246 2572 2315 lwtiﬁcat
2600 2249 2867 2301 ciuitatem
2897 2245 2994 2300 Dei
3017 2247 3084 2300 ³³.
3125 2244 3358 2299 Montem
3384 2243 3558 2298 nomi-

1977 2341 2127 2395 navit
2151 2339 2373 2409 insuper
2402 2339 2495 2410 qui
2520 2339 2662 2394 dixit
2687 2357 2700 2393 :
2729 2336 2961 2392 Montem
2993 2338 3080 2392 cui
3106 2337 3373 2392 benedixit
3392 2334 3559 2402 Deus,

1977 2444 2032 2487 ut
2062 2434 2117 2486 in
2147 2432 2236 2486 illo
2265 2433 2524 2486 habitaret
2544 2430 2613 2484 ³³.

2052 2529 2111 2587 >14
2151 2522 2242 2579 20.
2281 2522 2437 2578 Unde
2476 2521 2617 2592 apud
2661 2519 2942 2578 Danielem
2989 2523 3057 2577 de
3097 2531 3280 2579 monte
3316 2524 3512 2595 legitur
3544 2541 3560 2576 :

1980 2615 2204 2671 Excisus
2239 2616 2373 2686 lapis
2420 2617 2536 2670 sine
2564 2615 2808 2671 manibus
2845 2615 2910 2671 “.
2943 2616 3090 2672 ldem
3131 2617 3348 2674 demum
3383 2619 3436 2672 in
3463 2632 3560 2671 ex-

1978 2707 2186 2762 celsum
2217 2716 2458 2762 montem
2485 2710 2574 2765 ubi
2607 2716 2913 2766 recesserat
2942 2708 3246 2765 videbatur.
3268 2709 3374 2765 Per
3404 2725 3563 2764 mon-

1982 2808 2090 2855 tem
2121 2800 2446 2873 intelligitur
2475 2803 2734 2860 divinitas
2777 2804 3183 2874 praaexsistens,
3206 2818 3303 2874 per
3331 2803 3559 2874 lapidem

1979 2907 2108 2947 vero
2135 2893 2374 2948 humana
2405 2904 2630 2950 natura.

2049 3083 2140 3141 21.
2170 3084 2277 3142 Sed
2305 3093 2362 3142 et
2387 3085 2539 3142 illum
2584 3084 2856 3158 justitiam
2891 3089 3236 3160 appellarunt
3265 3099 3365 3147 :ut
3399 3093 3444 3148 is
3472 3098 3562 3162 qui

1983 3173 2122 3230 dixit
2151 3192 2166 3229 :
2200 3174 2490 3232 Exsuscita
2534 3179 2803 3246 iustitiam
2849 3181 2915 3234 ab
2953 3180 3173 3237 Oriente
3204 3182 3273 3246 ³⁸,
3311 3190 3367 3238 et
3400 3184 3562 3238 etiam

1977 3266 2201 3336 justitia:
2233 3267 2405 3323 solem
2436 3287 2450 3324 :
2481 3278 2542 3324 ut
2582 3271 2630 3325 is
2671 3271 2762 3340 qui
2789 3271 2930 3327 dixit
2971 3290 2988 3329 :
3034 3272 3359 3328 Timentibus
3389 3286 3563 3330 autem

1981 3375 2083 3424 me,
2114 3361 2388 3415 exorietur
2408 3363 2488 3416 sol
2503 3363 2734 3431 justitia:
2757 3380 2778 3418 .'
2817 3375 2866 3419 et
2891 3367 3102 3420 sanatio
3125 3367 3180 3420 in
3207 3367 3311 3420 alis
3343 3368 3459 3438 ejus
3475 3369 3523 3402 ³⁸
3547 3387 3562 3422 :

1980 3459 2038 3504 et
2059 3449 2200 3507 alius
2227 3453 2325 3519 ait,
2359 3452 2573 3508 Occidet
2611 3453 2692 3509 sol
2721 3472 2880 3524 super
2910 3458 3194 3528 prophetas
3216 3501 3230 3525 ,
3259 3459 3351 3529 qui
3384 3476 3566 3514 errare

1982 3541 2186 3610 faciunt
2230 3545 2482 3613 populum
2529 3562 2701 3601 meum
2733 3547 2798 3602 ".
2837 3547 2965 3605 Haec
3012 3565 3118 3606 non
3151 3559 3466 3621 competunt
3489 3553 3568 3604 vi-

1982 3632 2131 3688 sibili
2179 3633 2308 3691 buic
2343 3636 2489 3705 soli,
2527 3639 2625 3694 sed
2675 3639 2837 3694 alteri
2867 3679 2884 3705 ,
2913 3655 3111 3711 nempe
3151 3639 3333 3696 Verbo
3386 3642 3566 3696 incar-

1983 3733 2134 3781 nato.

2055 3898 2145 3952 22.
2180 3899 2460 3970 Sapientia
2489 3903 2620 3972 quin
2643 3905 2808 3960 etiam
2839 3904 3060 3973 dicitur,
3087 3904 3342 3961 Salomon
3366 3906 3420 3960 in
3435 3904 3567 3960 Pro-

1985 3992 2192 4046 verbiis
2232 3995 2312 4047 ait
2361 4010 2377 4047 :
2436 3992 2714 4065 Sapientia
2763 3998 2866 4052 sibi
2907 3999 3122 4053 domum
3161 3999 3468 4068 wdiﬁcavit,
3515 4007 3566 4052 et

1985 4083 2258 4138 substituit
2296 4085 2572 4141 columnas
2619 4098 2817 4158 septem
2851 4089 2918 4155 ³⁸,
2960 4099 3015 4143 et
3069 4104 3194 4159 quae
3240 4098 3565 4157 sequuntur.

1987 4174 2252 4244 Quodque
2297 4185 2430 4231 ante
2468 4177 2890 4234 mundumerat
2939 4181 3042 4235 ista
3076 4179 3266 4233 vivens
3301 4177 3567 4247 sapientia

1987 4275 2045 4322 et
2072 4265 2401 4333 subsistens,
2429 4269 2589 4326 docet
2620 4269 2762 4326 idem
2787 4272 2929 4334 1,.ubi
2962 4280 3221 4340 tanquam
3255 4285 3323 4326 ex
3361 4283 3458 4323 ore
3489 4269 3571 4336 ip-

1988 4359 2105 4415 sius
2146 4361 2441 4430 Sapientia
2491 4363 2622 4419 istas
2672 4363 2858 4419 emisit
2893 4377 3060 4418 voces
3098 4381 3112 4418 :
3149 4359 3263 4432 Ego
3309 4361 3570 4430 sapientia

1989 4448 2224 4510 habitari
2252 4453 2567 4521 consilium,
2616 4463 2668 4508 et
2718 4454 3017 4520 scientiam,
3075 4463 3125 4508 et
3169 4453 3567 4524 cogitationem.

293 4543 435 4594 μην.
471 4524 589 4581 Εἶθ’
611 4526 739 4598 ἑξῆς
763 4527 1052 4596 ἐπιλέγων,
1079 4528 1157 4581 Δι’
1171 4527 1320 4598 ἐμοῦ
1338 4528 1451 4601 (51)
1482 4531 1887 4595 βασιλεύουσι

1993 4538 2107 4610 Ego
2134 4543 2372 4600 invocavi
2404 4545 2450 4578 "
2484 4567 2496 4602 :
2528 4555 2585 4602 et
2609 4546 2696 4602 bis
2732 4549 3014 4616 sequentia
3044 4547 3290 4618 adjungit
3313 4559 3328 4598 :
3353 4543 3461 4598 Per
3489 4560 3572 4599 me

293 4617 596 4686 βασιλεῖς,
618 4619 716 4673 καί
744 4622 802 4673 ol
825 4619 1122 4674 δυνάσται
1149 4617 1448 4690 γράφουσι
1467 4620 1880 4694 δικαιοσύνην,

298 4707 370 4761 δι’
399 4709 548 4780 ἐμοῦ
574 4710 929 4782 μεγιστᾶνες
962 4712 1430 4782 μεγαλύνονται,
1479 4714 1581 4769 καὶ
1605 4717 1886 4786 τύραννοι

298 4799 370 4853 δι’
399 4801 547 4871 ἐμοῦ
576 4802 922 4870 κρατοῦσιν.

375 4968 433 5024 »Β
469 4963 566 5016 Ed.
601 4961 784 5018 Paris.
814 4975 936 5029 pag.
966 4962 1054 5014 98.

372 5033 412 5064 ³⁸
463 5032 606 5086 Psal.
661 5048 790 5098 XLII,
824 5033 878 5086 5.
981 5032 1024 5063 ³³
1071 5031 1213 5087 Psal.
1247 5035 1454 5098 x1.v,5.

1565 5039 1611 5069 ³³
1643 5039 1788 5119 P‘sal.
1834 5058 2002 5108 van,
2043 5043 2131 5119 ιζι.
2189 5046 2253 5119 _'_‘
2288 5046 2532 5119 Damst,
2561 5047 2670 5119 34.”
2729 5050 2900 5107 “lsa.
2945 5067 3056 5119 xu,
3107 5051 3162 5106 2.

1996 4647 2142 4702 reges
2165 4647 2386 4705 regnant
2415 4676 2432 4702 ,
2480 4648 2527 4691 et
2562 4638 2859 4694 conditores
2893 4638 3066 4708 legum
3083 4639 3234 4708 justo
3257 4636 3570 4698 decernunt;

1987 4741 2081 4794 per
2115 4743 2196 4781 me
2225 4730 2492 4799 principes
2534 4733 2812 4803 imperant,
2845 4741 2896 4786 et
2916 4742 3151 4801 potentes
3182 4731 3466 4786 decernunt
3483 4729 3572 4795 ju-

1991 4818 2193 4873 stitiam
2221 4821 2290 4878 ³⁸.

3261 5049 3306 5081 ³⁸
3337 5047 3567 5103 Malacll.

303 5115 379 5165 ιν,
422 5104 478 5156 ‘2.
555 5103 598 5134 ³⁷
639 5102 804 5158 Micb.
839 5117 940 5168 ιιι,
967 5101 1022 5157 6.
1116 5103 1159 5134 ³⁸
1207 5103 1367 5158 Prov.
1402 5123 1476 5173 ιιι,
1522 5109 1574 5162 1.
1651 5110 1908 5169 ³⁹Ριοον.ι

1981 5101 2010 5178 ι’,
2043 5113 2132 5182 ιε,
2181 5115 2270 5170 ιι.
2353 5115 2400 5148 ιο
2441 5101 2572 5173 ibid.
2607 5101 2812 5188 iam;

308 5263 696 5385 Πέέἓὲννιιιεο
726 5265 1038 5337 Ζοροϐάϐηλ
1068 5275 1122 5320 et
1159 5265 1339 5333 infra;
1379 5284 1504 5324 mox
1562 5273 1722 5343 vulgo
1774 5276 1885 5331 τῶν

358 5350 547 5404 ερσων.

378 5405 487 5479 (ιο)
522 5403 630 5479 Τοῦ
650 5404 717 5458 δὲ
746 5405 854 5479 τοῦ
875 5406 1070 5467 λίθου,
1091 5405 1205 5475 τὴν
1231 5407 1673 5479 ἀνθρωπότητα.
1711 5413 1884 5472 Locus

309 5486 393 5551 est
434 5476 634 5551 paniel
690 5493 750 5530 ιι.
816 5477 1010 5551 Quem‘
1045 5479 1216 5532 locum
1242 5476 1435 5551 "varie
1493 5476 1880 5551 exposuerunt.

309 5543 556 5624 Plerique
575 5561 688 5624 per
723 5547 1209 5624 montem,_beatam
1241 5549 1518 5624 Virginem
1536 5543 1837 5624 intelligunt
1865 5573 1876 5609 :

310 5615 376 5692 de
399 5633 502 5692 qua
545 5615 663 5672 sine
685 5619 952 5692 manibus,
991 5619 1092 5692 hoc
1138 5628 1249 5692 est,
1281 5615 1585 5692 int—crvento
1618 5615 1880 5692 humano,

311 5687 565 5762 Christus
587 5689 1056 5762 processit,a_tque
1083 5690 1156 5762 ita
1189 5689 1254 5743 de
1288 5689 1522 5745 humana
1558 5693 1672 5747 sola
1707 5687 1872 5762 gena;

315 5757 518 5834 ratione
555 5757 1224 5834 intelligunt.Ambrosius
1277 5763 1425 5830 lc-git,
1466 5757 1734 5826 montem:
1785 5781 1881 5834 pro

314 5822 505 5892 lapide,
539 5837 594 5881 ut
657 5822 812 5884 mons
870 5828 1080 5900 dicatur
1118 5830 1182 5884 de
1237 5822 1422 5888 monte
1452 5822 1882 5900 excisus,'ct'dc

1987 5289 2187 5335 aeterna
2218 5282 2567 5350 generatione
2598 5281 2717 5337 Filii
2740 5299 2770 5338 e
2791 5283 2972 5347 Patre,
3008 5282 3274 5352 intelligit.
3305 5280 3571 5352 Eusebius

1987 5366 2164 5415 suam,
2183 5361 2236 5407 et
2255 5367 2445 5406 novam
2485 5353 2750 5408 rationem
2777 5355 2949 5408 inivit.
2975 5351 3307 5408 M.-——Delevi
3328 5351 3422 5405 τοῦ
3445 5362 3571 5406 ante

1989 5419 2137 5475 λίθου
2174 5432 2229 5475 et
2266 5438 2390 5476 ntox
2433 5423 2498 5478 ἄν
2531 5423 2688 5493 vulgo
2745 5433 2866 5492 post
2913 5423 3090 5477 ταῦτα
3135 5423 3368 5492 positum
3408 5422 3571 5492 re‘jeci

1988 5502 2112 5562 post
2138 5494 2343 5562 ἐφαρμτ

2061 5561 2173 5632 (50)
2218 5561 2300 5633 Ὶξῷ
2321 5561 2392 5614 ἐν
2437 5563 2616 5632 σαρκί
2649 5564 2829 5630 λόγῳ.
2867 5562 3060 5624 Aliter.
3099 5563 3390 5633 ἐνσαρκίῳ,
3433 5561 3572 5633 forte

1987 5630 2407 5703 ὲνσαρκωθέντι.
2442 5630 2633 5687 omnia
2672 5634 2794 5698 ista,
2831 5633 3070 5688 Christus
3116 5630 3570 5703 in_similitudine,

1987 5701 2185 5772 non—in
2216 5704 2557 5770 proprietate,
2590 5703 3038 5772 aitAugustiuus,
3075 5703 3125 5756 in
3173 5701 3316 5756 Psal'.
3347 5719 3461 5757 cm.
3497 5701 3569 5755 Μ.

1991 5799 2046 5810 -
2087 5771 2288 5844 §cripsi
2321 5773 2604 5844 évca'tpxtp;
2643 5771 2954 5844 IIIOXWVlligt)
2977 5773 3318 5844 προιέμενος.

2063 5841 2174 5910 (Pii)
2240 5841 2646 5898 Βασιλεύειὶωί
2682 5841 2984 5911 ,ξλιισιᾶεἱᾳ
3026 5841 3217 5899 νΙιιιίιιι
3266 5845 3572 5898 l‘rovcrlnts
