4082 6394
297 437 402 491 895

1262 431 1348 485 DE
1391 428 1924 485 ECCLESIASTICA
1978 428 2374 482 THEOLOCIA
2415 427 2544 483 LIB.
2582 427 2622 482 1.

3445 429 3549 483 894

291 547 425 606 τοῦ,
461 540 556 611 οἷς
582 546 928 612 ἐθέλησενέ
948 545 1089 610 Θεύς
1122 545 1427 613 γνωρίσαι,
1460 543 1598 608 τίςό
1619 542 1882 606 πλοῦτος

1994 559 2109 613 φησι
2151 541 2310 596 voluit
2368 541 2505 594 Deus
2562 555 2888 608 cognoscere,
2932 554 3172 607 quasnam
3215 540 3318 591 sint
3351 540 3552 592 diuitiw

290 633 401 702 τῆς
420 635 612 704 δόξης
627 635 732 690 τοῦ
737 639 1073 705 μυστηρίου
1090 637 1300 690 τούτου
1317 635 1385 687 ἐν
1398 633 1522 697 τοῖς
1535 633 1796 691 ἔθνεσιν,
1816 631 1882 698 ὅς

289 729 423 780 ἐστι
443 728 700 796 Χριστὸς
713 729 782 781 ἑνν
797 727 955 797 ὑμῖν,
977 729 1012 794 ἡ
1030 727 1204 792 ἐλπὶς
1216 725 1326 794 τῆς
1339 724 1542 790 δόξης.
1560 725 1722 793 Ὁρᾷς
1737 724 1884 785 ὅπως

295 819 602 890 μυστήριον
646 815 714 889 ἦν
770 819 1261 890 ἀποκεκρυμμένον
1326 816 1608 888 πρότερον,
1669 815 1785 866 νυνὶ
1827 813 1882 866 δὲ

291 912 639 980 φανερωοὲν,
668 915 696 964 ὁ
730 912 856 974 Υἱὸς
881 910 974 964 τοῦ
1005 910 1158 965 Θεοῦ.
1187 909 1385 980 Διόπερ
1416 909 1465 960 oi
1503 909 1599 978 μὲν
1632 905 1722 960 τοῦ
1748 904 1881 957 Θεοῦ

290 1004 578 1073 προφῆται
617 1003 692 1074 τῷ
735 1003 1054 1075 προφητικῷ
1100 1002 1372 1072 πνεύματι
1409 999 1681 1071 μυστικῶς
1723 997 1883 1050 αὐτὸν

289 1098 638 1166 ἐθεολόγουν.
682 1098 754 1151 Τὸ
785 1097 842 1151 δὲ
887 1096 1089 1167 πλῆθος
1135 1095 1228 1148 τοῦ
1273 1094 1538 1149 Ἰουδαίων
1589 1091 1774 1153 ἔθνους
1826 1093 1882 1142 ὲν

289 1190 490 1260 ἀγνοίξι
530 1190 795 1261 ἐτύγχανε
837 1188 930 1242 τοῦ
980 1187 1360 1260 κεκρυμμένου
1411 1184 1727 1257 μυστηρίου·
1763 1181 1882 1234 ὅθεν

288 1282 422 1334 Θεὸν
471 1282 576 1352 μὲν
609 1283 914 1336 ἐδιδάσκετο
942 1280 1037 1333 ἕνα
1080 1281 1297 1344 εἰδέναι,
1327 1279 1416 1332 διὰ
1440 1278 1498 1330 τὸ
1536 1279 1601 1347 τῇ
1636 1273 1884 1344 πολυοέῳ

288 1373 475 1446 πλάνῃ
511 1374 754 1444 συνεχῶς
790 1372 1186 1444 ὑποσύρεσθαιγ·
1244 1371 1464 1441 Πατέρα
1508 1369 1562 1422 δὲ
1612 1368 1740 1420 ὄντα
1792 1365 1884 1418 τόν

288 1465 424 1519 Θεὸν
457 1465 593 1518 Υἱοῦ
619 1465 712 1519 τοῦ
738 1464 1074 1533 Μονογενοῦς
1107 1464 1310 1534 ἠγνόει·
1337 1462 1494 1514 τοῦτο
1521 1459 1629 1530 γὰρ
1658 1458 1885 1526 ἐφυλάτ-

286 1575 414 1611 τετο
476 1561 547 1630 τῇ
627 1558 687 1622 ἐξ
715 1556 883 1610 ἐθνῶν
925 1554 1219 1626 Ἐκκλησία
1263 1553 1325 1605 τὸ
1381 1551 1701 1622 μυστήριον,
1763 1546 1883 1600 κατ’

288 1649 579 1721 ἐξαίρετον
635 1649 791 1721 χάριν
839 1650 974 1719 αὐτῇ
1022 1646 1415 1717 δεδωρημένον.
1462 1643 1547 1695 Ἐν
1573 1640 1722 1710 αύτῷ
1776 1641 1884 1710 γάρ

288 1740 420 1803 εἰσι,
455 1738 600 1791 κατὰ
643 1737 733 1790 τὸν
771 1735 1110 1800 Ἀπόστολον,
1143 1735 1344 1797 πάντες
1385 1733 1434 1785 οἱ
1477 1729 1738 1801 θησαυροὶ
1785 1732 1884 1799 τῆς
1923 1806 1931 1815 1

290 1829 492 1898 σοφίας
549 1831 644 1883 καὶ
672 1829 926 1898 γνώσεως
960 1829 1284 1899 ἀπόκρυφοι.
1331 1824 1488 1878 Ἀλλά
1525 1821 1632 1894 γάρ
1682 1823 1771 1876 διὰ
1798 1840 1884 1874 το-

290 1921 506 1974 σούτων
528 1925 556 1976 ό
580 1922 674 1975 τοῦ
704 1921 837 1975 Θεοῦ
887 1921 1077 1989 Λόγος,
1104 1921 1132 1972 ὁ
1170 1921 1228 1972 ὲν
1257 1919 1400 1990 ἀρχῇ
1440 1918 1577 1990 πρὸς
1615 1914 1707 1969 τὸν
1729 1915 1882 1979 Θεὸν,

286 2011 349 2062 ού
408 2011 575 2080 μόνον
619 2011 789 2078 Λόγος
836 2008 1192 2078 κεκλημένος,
1230 2008 1305 2070 ὡς
1339 2005 1658 2077 Μάρκελλος
1689 2002 1883 2066 οἴεται,

283 2101 612 2172 ἀπεδείχθη,
651 2101 786 2154 ἀλλὰ
819 2101 912 2152 καὶ
945 2099 1088 2161 Υἱὸς,
1123 2100 1216 2150 καὶ
1241 2097 1574 2167 Μονογενὴς,
1608 2095 1702 2147 καὶ
1748 2092 1882 2163 φῶς,

284 2193 384 2244 καὶ
417 2193 610 2260 ἄρτος,
643 2188 982 2259 καὶἸησοῦς,
1009 2189 1103 2240 καὶ
1129 2188 1382 2254 Χριστὸς,
1413 2187 1509 2239 καὶ
1536 2185 1759 2256 Κύριος,
1793 2184 1886 2237 καὶ

280 2285 609 2354 ἀρχιερεὺς,
634 2282 728 2334 καὶ
749 2280 1110 2352 ἀπαύγασμα,
1135 2279 1229 2332 καὶ
1250 2279 1560 2350 χαρακτὴρ,
1584 2277 1678 2330 καὶ
1700 2275 1883 2338 εἰκὼν,

281 2374 382 2425 καὶ
411 2371 772 2440 Πρωτότοκος
812 2372 993 2443 πάσης
1025 2373 1276 2436 κτίσεως,
1306 2371 1402 2425 καὶ
1434 2370 1585 2443 πηγὴ
1605 2369 1768 2441 ζωῆς,
1793 2369 1888 2422 καὶ⁸

283 2463 554 2534 ἀλήθεια,
583 2465 676 2516 καὶ
703 2463 965 2534 ποταμὸς,
1015 2464 1110 2518 καὶ
1141 2462 1478 2534 δικαιοσύνη,
1514 2462 1607 2516 καὶ
1633 2463 1782 2532 ἥλιος
1812 2462 1889 2514 δι-

286 2555 619 2625 καιοσύνης,
668 2555 762 2608 καὶ
804 2554 986 2623 σοφία,
1017 2555 1112 2608 καὶ
1143 2553 1298 2620 ξύλον
1340 2555 1503 2625 ζωῆς,
1539 2554 1631 2608 καὶ
1663 2553 1886 2622 Κύριος,

290 2647 389 2699 καὶ
419 2644 578 2708 Θεὸς,
615 2646 710 2698 καὶ
760 2644 1088 2715 ’Λγαπητὸς,
1125 2645 1219 2696 καὶ
1253 2645 1450 2714 ἱερεὺς,
1495 2644 1592 2696 καὶ
1629 2642 1886 2714 βραχίων,

296 2737 415 2806 (55)
465 2736 562 2788 καὶ
601 2737 885 2806 σωτήριον,
925 2737 1020 2789 καὶ
1051 2736 1226 2790 πάντα
1259 2734 1451 2798 ταῦτα,
1522 2733 1596 2786 ὣν
1625 2734 1718 2788 καὶ
1759 2748 1892 2805 προσ

295 2831 571 2900 ῡπάρχων
600 2829 701 2896 τῆς
725 2829 946 2899 σαρκὸς,
968 2829 1296 2898 ὠνομάζετο·
1327 2828 1402 2891 ὡς
1419 2829 1474 2880 αἱ
1505 2827 1893 2898 παρατεθεῖσαι

297 2923 521 2993 Γραφαὶ
566 2921 920 2990 δεδηλώκασι.
970 2921 1088 2974 Τίνι
1113 2919 1291 2973 τοίνυν
1319 2919 1488 2989 λόγῳ,
1510 2918 1683 2971 ταῦτα
1714 2917 1895 2972 πάντα

299 3017 504 3087 παρεὶς
538 3012 874 3084 Μάρκελλος,
898 3013 990 3065 ἐπὶ
1026 3012 1186 3083 μόνου
1221 3010 1314 3064 τοῦ
1342 3012 1516 3078 Λόγου
1542 3010 1782 3074 ἵσταταις
1829 3009 1891 3062 ού

297 3101 594 3156 διαϐαίνων
632 3102 731 3173 μὲν
763 3101 856 3154 καὶ
897 3102 992 3154 ἐπὶ
1023 3100 1122 3164 τὰς
1150 3099 1342 3164 λοιπὰς
1366 3101 1703 3171 ἐπωνυμίας,
1735 3099 1893 3170 μόνον

1984 636 2216 704 mysterii
2242 635 2394 687 istius
2425 635 2476 684 in
2504 632 2764 701 gentibus,
2796 629 2887 699 qui
2927 640 3001 684 est
3037 629 3279 683 Christus
3307 631 3359 681 in
3388 631 3550 690 vobis,

1981 744 2097 796 spes
2135 728 2318 796 gloria?
2340 726 2454 795 ejus
2485 725 2550 776 “.
2593 722 2752 776 Vides
2798 732 2857 776 ut
2883 721 3257 776 absconditum
3300 721 3404 774 hoc
3430 733 3552 789 my-

1983 820 2206 876 sterium
2247 819 2425 872 fuerat
2459 817 2605 887 prius
2634 856 2651 881 ,
2684 830 2826 869 nunc
2863 822 3040 867 autem
3069 811 3366 866 revelatum
3403 830 3416 865 :
3461 811 3552 864 Fi-

1981 912 2086 966 lius
2121 910 2238 966 Dei.
2295 909 2631 976 Quapropter
2684 908 2962 976 prophetae
3015 905 3106 958 Dei
3159 903 3445 974 mysticum
3497 904 3550 955 in

1983 1005 2203 1059 modum
2263 999 2582 1073 prophetico
2631 996 2837 1067 Spiritu
2886 1013 3010 1052 eum
3067 996 3428 1059 deiﬁcarnnt;
3457 993 3552 1048 Ju-

1981 1098 2222 1153 daeorum
2269 1104 2448 1148 autem
2471 1091 2647 1146 omnis
2675 1089 2967 1144 multitudo
2989 1089 3042 1144 in
3068 1089 3368 1159 ignorantia
3395 1087 3551 1140 istius

1984 1187 2228 1261 mysterii
2280 1185 2668 1258 persistehant.
2729 1183 2898 1238 Deum
2935 1180 3153 1250 quidem
3184 1194 3350 1233 unum
3382 1192 3550 1247 agno-

1983 1292 2133 1336 scere
2163 1279 2362 1343 edocti,
2384 1293 2450 1332 eo
2482 1275 2624 1345 quod
2683 1274 2736 1328 in
2771 1287 2994 1328 errores
3025 1271 3090 1325 de
3129 1271 3351 1324 deorum
3403 1267 3552 1322 mul-

1986 1369 2216 1424 titudine
2245 1369 2438 1436 saepius
2463 1363 2955 1421 abstrahebantur:
2983 1359 3201 1414 Patrem
3228 1373 3358 1412 vero
3382 1358 3550 1412 Deum

1983 1459 2243 1528 nnigeniti
2275 1458 2358 1511 sui
2383 1455 2501 1510 Filii
2537 1455 2881 1524 ignorabant.
2931 1451 3068 1507 Nam
3107 1450 3212 1506 hoc
3261 1450 3328 1503 de
3373 1449 3552 1518 genti-

1985 1550 2089 1605 bus
2135 1548 2397 1603 Ecclesia:
2442 1546 2824 1601 reservabatur
2872 1542 3191 1613 mysterium
3219 1580 3236 1604 ,
3295 1549 3550 1608 tanquam

1989 1637 2167 1710 gratia
2204 1636 2450 1706 quadam
2484 1634 2783 1695 excellens,
2809 1631 2908 1700 ipsi
2942 1628 3322 1701 impertienda.
3376 1635 3435 1690 rh
3492 1624 3548 1679 In

1987 1733 2103 1800 ipso
2134 1727 2278 1784 enim
2313 1736 2460 1792 sunt,
2499 1725 2640 1794 quod
2658 1723 2949 1792 Apostolus
2977 1723 3231 1778 observat
3257 1719 3329 1784 ⁸⁸,
3362 1731 3554 1771 omnes

1990 1823 2232 1878 thesauri
2258 1817 2562 1874 absconditi
2583 1814 2932 1884 cognitionis.
2994 1811 3280 1865 Enimvero
3317 1817 3395 1861 tot
3440 1807 3553 1872 jam

1988 1913 2338 1978 testimoniis,
2369 1910 2465 1966 Dei
2495 1908 2625 1964 illud
2665 1906 2901 1962 Verbum
2927 1902 3070 1974 quod
3123 1901 3178 1954 in
3229 1899 3386 1955 initio
3435 1904 3559 1952 erat

1986 2001 2127 2068 apud
2157 1999 2350 2060 Deum.
2376 2013 2483 2053 non
2524 1997 2686 2051 modo
2730 1994 2870 2064 quod
2926 1990 3210 2046 Marcellus
3261 1988 3515 2057 Opinatnr
3540 2025 3558 2049 ,

1990 2093 2221 2148 Verbum
2241 2091 2446 2146 dictum
2469 2094 2573 2151 est.
2610 2091 2704 2143 sed
2736 2097 2790 2141 et
2815 2085 3004 2150 Filius,
3039 2093 3092 2139 et
3127 2080 3469 2151 Unigenitus,
3501 2087 3560 2131 et

1987 2186 2100 2249 lux,
2120 2193 2174 2238 et
2201 2182 2376 2253 panis,
2407 2190 2462 2237 et
2489 2179 2670 2245 Jesus,
2698 2189 2754 2234 et
2775 2178 3044 2241 Christus,
3077 2183 3133 2229 et
3171 2171 3454 2233 Dominus,
3503 2178 3559 2221 et

1985 2275 2253 2339 Pontifex,
2303 2282 2356 2328 et
2392 2273 2669 2342 splendor,
2699 2279 2752 2325 et
2793 2269 3098 2329 character,
3147 2271 3202 2318 et
3251 2261 3452 2332 imago,
3504 2270 3561 2312 et

1989 2354 2388 2436 Primogenitus
2429 2364 2607 2420 omnis
2645 2370 2945 2416 creaturae:
2984 2365 3041 2412 et
3072 2355 3193 2410 fons
3216 2354 3362 2418 vitae,
3396 2360 3447 2407 et
3475 2365 3560 2404 ve-

1989 2462 2141 2522 ritas,
2166 2468 2221 2514 et
2242 2460 2461 2523 ﬂumen,
2505 2465 2562 2511 et
2588 2455 2825 2525 iustitia,
2856 2461 2911 2507 et
2959 2450 3043 2508 sol
3095 2448 3339 2518 justitize,
3379 2455 3434 2500 et
3477 2459 3560 2499 sa-

1990 2553 2215 2622 pientia,
2240 2561 2295 2607 et
2319 2552 2527 2620 lignum
2549 2549 2696 2614 vitze,
2729 2557 2786 2602 et
2815 2545 3094 2609 Dominus,
3121 2550 3178 2598 et
3213 2541 3378 2601 Deus,
3401 2545 3457 2592 et
3479 2535 3562 2589 di-

1989 2642 2182 2705 lectus,
2213 2649 2268 2695 et
2295 2639 2584 2700 Sacerdos,
2620 2646 2677 2692 et
2715 2635 3024 2698 brachium,
3054 2641 3110 2688 et
3156 2629 3396 2686 salutare
3437 2649 3447 2682 :
3504 2634 3561 2680 et

1990 2733 2142 2788 hisce
2171 2727 2668 2800 quidem—omnibus
2683 2725 3057 2796 appellabatur
3082 2719 3412 2783 nominibus,
3438 2730 3558 2770 cum

1990 2825 2303 2889 exsisteret,
2325 2831 2376 2877 et
2409 2819 2811 2892 praeexsisteret
2841 2825 2966 2870 ante
2998 2827 3218 2868 carnem
3247 2817 3515 2877 sumptam
3542 2820 3568 2872 ;_

1993 2925 2051 2970 ut
2072 2931 2102 2970 e
2123 2914 2346 2984 prolatis
2368 2914 2457 2968 hic
2492 2911 2796 2980 Scripturis
2821 2917 3100 2963 ostensum
3129 2912 3233 2960 eat.
3268 2901 3399 2967 Quae
3420 2899 3563 2952 ratio

1992 3004 2304 3060 Marcellum
2334 3003 2427 3057 hic
2458 3000 2772 3064 commovit,
2802 3006 2860 3050 ut
2885 2995 3001 3050 istis
3045 2992 3316 3048 universis
3338 2997 3564 3058 praeter-

1993 3097 2198 3160 missis,
2227 3096 2282 3150 in
2313 3093 2428 3148 solo
2449 3092 2627 3148 Verbo
2660 3086 2960 3145 resideret?
2997 3084 3181 3154 Neque
3204 3081 3350 3138 enim
3386 3091 3566 3132 trans-

298 3195 356 3248 δὲ
408 3194 588 3262 Λόγον
633 3168 796 3247 αὑτὸν
850 3190 990 3246 εἶναι
1026 3194 1250 3263 φάσκων
1286 3192 1378 3245 τοῦ
1407 3168 1566 3246 Θεοῦ·
1594 3193 1686 3246 καὶ
1736 3168 1893 3261 λόγον

1997 3189 2095 3243 ivit
2123 3188 2188 3241 ad
2241 3193 2470 3242 ceteras
2519 3180 2981 3244 nomenclaturas,
3018 3171 3356 3230 solummodo
3413 3168 3562 3222 illum

1997 3281 2027 3286 -
2075 3281 2087 3286 -
2124 3279 2167 3286 -·
2235 3279 2247 3286 ·
2572 3284 2578 3286 μ
2629 3283 2638 3286 -
2689 3274 2724 3286 ο-
2833 3280 2845 3286 ι
2887 3270 3107 3286 "-4"---
3143 3263 3354 3286 _--:.s-....
3393 3259 3531 3286 -:-_:

304 3287 668 3356 σημαντικὸν,
715 3285 843 3339 ποτὲ
879 3285 978 3355 μὲν
1007 3282 1346 3355 ἡσυχάζοντα
1382 3285 1438 3336 ὲν
1464 3282 1538 3354 τῷ
1572 3283 1710 3355 Θεῷ,
1764 3284 1893 3336 ποτε

1997 3281 2089 3336 Dei
2124 3279 2359 3333 Verbum
2385 3290 2506 3332 esse
2535 3274 2761 3337 statuit;
2795 3280 2852 3325 et
2884 3270 3110 3322 verbum
3137 3263 3355 3332 quidem
3392 3259 3566 3329 signi-

302 3377 358 3431 δὲ
388 3377 647 3448 ἐνεργείᾳ
693 3377 828 3450 μόνῃ
862 3376 1126 3430 λαλοῦντα
1165 3377 1199 3446 ῆ
1237 3375 1575 3446 πράττοντα;
1610 3371 1794 3427 ’Ἥδιά
1832 3373 1894 3426 τὸ

304 3469 689 3532 Σαδελλιάζειν
722 3469 1002 3541 ἄντικρυς,
1033 3469 1127 3522 καὶ
1153 3468 1227 3540 μὴ
1255 3467 1530 3521 πιστεύειν
1557 3469 1637 3532 εἰς
1662 3468 1753 3520 τὸν
1767 3468 1895 3520 Υἱὸν

303 3561 395 3615 τοῦ
421 3560 586 3625 Θεοῦ,
623 3561 756 3632 μηδὲ
778 3561 1061 3631 γνωρίζειν
1094 3560 1154 3612 τὸ
1183 3561 1478 3630 μυστήριον
1515 3558 1576 3610 τὸ
1611 3557 1895 3629 προϋπάρ-

305 3671 398 3722 γον
431 3653 538 3726 μὲν
575 3653 761 3716 πάλαι,
825 3653 960 3723 μόνῃ
997 3651 1055 3704 δὲ
1105 3654 1171 3721 τῇ
1206 3650 1502 3721 Ἐκκλησία
1536 3649 1630 3702 τοῦ
1661 3647 1893 3720 Χριστοῦ

308 3746 396 3798 {ti
448 3747 555 3816 τῆς
607 3745 770 3799 αὑτοῦ
805 3743 1118 3817 φανερωθὲν
1150 3743 1389 3814 χάριτος.
1434 3744 1498 3796 Εἰ
1530 3743 1585 3795 δὲ
1622 3742 1766 3810 λέγοι
1798 3759 1899 3810 μυο

313 3840 535 3910 στήριον
589 3833 728 3890 εἶναι
777 3836 1155 3906 ἀγνοούμενον,
1207 3835 1268 3888 τὸ
1445 3833 1616 3904 Λόγον
1664 3832 1806 3902 ἔχειν
1840 3834 1898 3886 ὲν

313 3931 490 4003 ἐαυτῷ
521 3929 612 3984 τὸν
638 3930 790 3991 Θεὸν,
819 3927 1116 4000 κεχρῆσθαι
1133 3927 1294 3997 λόγῳ,
1311 3926 1467 3979 τοῦτο
1493 3924 1599 3996 γὰρ
1616 3924 1763 3995 αὐτῷ
1779 3926 1899 3978 Μα-

317 4023 533 4092 ρκέλλῳ
564 4021 710 4075 δοκεί
733 4021 878 4089 (57),
916 4017 1104 4071 τοῦτον
1128 4017 1389 4088 γράφοντι
1413 4016 1502 4069 τὸν
1524 4016 1742 4087 τρόπον·
1778 4033 1796 4067 ι
1833 4015 1898 4067 Τί

319 4132 339 4164 ι
375 4115 486 4186 γὰρ
519 4113 706 4184 ἕτερον
753 4108 821 4183 ἦν
861 4109 1352 4179 ἀποκεκρυμμένον
1389 4110 1718 4181 μυστήριον,
1759 4109 1900 4162 κατά

322 4225 341 4255 ‹
370 4206 462 4258 τὸν
492 4204 700 4273 Λόγον;
727 4203 898 4266 οὕτως
925 4202 982 4255 δὲ
1009 4198 1077 4274 ἦν
1102 4200 1592 4270 ἀποκεκρυμμένον
1617 4201 1674 4253 ὲν
1687 4199 1764 4270 τῷ
1783 4199 1902 4270 Θεῷ

323 4314 341 4345 ι
374 4295 536 4348 τοῦτο
588 4293 852 4365 πρότερον
904 4292 965 4345 τὸ
1003 4291 1321 4362 μυστήριον,
1363 4287 1502 4342 ὥστε
1548 4288 1751 4359 μηδένα
1804 4287 1898 4342 τοῦ

324 4406 342 4436 ι
377 4385 645 4458 προτέρου
666 4383 797 4437 λαοῦ
837 4382 1022 4452 σαφῶς
1046 4382 1115 4435 τὰ
1130 4381 1271 4436 κατά
1297 4381 1386 4433 τὸν
1412 4379 1581 4448 Λόγον
1614 4379 1829 4432 εἰδέναι·
1877 4397 1896 4430 ι

321 4481 368 4531 εἰ
393 4479 456 4550 δὴ
477 4474 572 4532 οὖν
599 4477 756 4529 τοῦτο
791 4476 962 4544 λέγοι,
1001 4473 1336 4545 μανθανέτω,
1383 4473 1462 4524 ὅτι
1492 4469 1586 4524 καὶ
1616 4471 1724 4532 πᾶς
1769 4470 1901 4521 Ἰου-

1994 3370 2295 3432 licativum,
2325 3365 2596 3421 interdum
2625 3363 2680 3416 in
2702 3362 2811 3415 Deo
2842 3356 3259 3426 conquiescens,
3292 3349 3564 3405 interdum

1993 3477 2053 3517 re
2081 3469 2136 3517 et
2171 3473 2268 3514 ore
2297 3457 2590 3528 prolatum,
2617 3452 2702 3507 vel
2738 3451 2904 3508 etiam
2947 3461 3199 3518 operans.
3229 3442 3390 3500 Certe
3433 3455 3565 3510 pro-

1993 3563 2174 3620 pterea
2206 3548 2348 3620 quod
2380 3545 2851 3605 Sabellianizaret,
2887 3538 3063 3593 necin
3093 3536 3185 3591 Dei
3214 3533 3406 3589 Filium
3442 3545 3566 3585 cre-

1993 3641 2171 3703 deret,
2219 3652 2319 3694 nec
2347 3643 2666 3705 agnosceret
2697 3631 3012 3702 mysterium
3067 3625 3218 3689 illud,
3253 3623 3394 3693 quod
3451 3623 3567 3692 qui-

1995 3732 2116 3788 dem
2145 3728 2556 3800 prseexsistebat
2588 3724 2716 3781 olim
2767 3740 2781 3776 :
2842 3731 2897 3775 at
2931 3717 3262 3774 soli‘Christi
3313 3713 3566 3768 Ecclesia:

1995 3839 2091 3896 per
2125 3822 2294 3892 ἱρεῖὼ
2324 3818 2548 3889 gratiam
2585 3814 2884 3870 revelatum
2910 3820 3012 3866 est.
3039 3809 3190 3876 Quod
3216 3807 3260 3861 si
3283 3805 3426 3860 dicat
3454 3819 3569 3875 my-

1997 3895 2222 3970 sterium
2250 3911 2381 3966 illud
2409 3909 2740 3980 incognitum
2776 3919 2918 3972 esse,
2955 3905 3118 3958 Deum
3151 3915 3272 3953 cum
3295 3899 3348 3952 in
3376 3911 3435 3950 se
3465 3895 3567 3948 ha-

1997 4008 2151 4062 beret
2185 4004 2449 4066 Verbum,
2479 3999 2644 4054 verbo
2676 3997 2768 4054 illo
2799 4010 2981 4060 usum,
3008 3993 3110 4047 hoc
3134 3989 3399 4058 siquidem
3426 3984 3569 4038 Mar-

1998 4098 2137 4153 cello
2165 4096 2379 4149 videtur
2421 4094 2496 4147 ita
2549 4105 2690 4152 esse,
2721 4104 2843 4144 cum
2873 4087 2952 4141 sic
2985 4083 3266 4154 scripserit
3297 4099 3310 4134 :
3352 4099 3370 4131 ε
3430 4077 3570 4144 Quid

2006 4207 2026 4242 ι
2061 4187 2206 4241 aliud
2239 4186 2417 4240 fuerat
2447 4181 2764 4254 mysterium
2804 4178 2938 4234 illud
2979 4174 3380 4235 absconditum,
3405 4184 3572 4238 quam

2007 4300 2028 4333 ι
2055 4278 2295 4333 Verbum
2321 4275 2345 4329 τ
2373 4275 2448 4328 Ita
2483 4282 2662 4328 autem
2690 4271 2742 4325 in
2765 4270 2875 4324 Deo
2891 4267 3042 4330 olim,
3063 4274 3183 4320 erat
3207 4265 3311 4318 hoc
3339 4263 3571 4315 abscon-

2006 4388 2026 4423 ι
2057 4370 2228 4422 ditum
2279 4365 2622 4436 mysterium;
2666 4369 2727 4414 ut
2777 4373 2932 4412 nemo
2963 4356 3101 4426 apud
3147 4353 3387 4423 priorem
3417 4349 3573 4402 illum

2007 4481 2027 4514 ι
2060 4459 2315 4530 populum
2352 4455 2680 4524 intelligeret
2742 4450 2908 4514 clare,
2958 4461 3080 4516 qua:
3130 4442 3447 4512 spectabant
3501 4439 3573 4530 ait

319 4529 636 4624 δαίωνπῶν
684 4567 774 4620 τὸν
823 4529 1054 4638 Χριστὸν
1093 4563 1187 4618 τοῦ
1223 4529 1356 4616 Θεοῦ
1407 4563 1481 4634 μὴ
1514 4529 1893 4632 ἐπεγνωκότων

2012 4570 2033 4604 ι
2069 4529 2328 4604 Verbum.
2363 4565 2382 4598 ι
2417 4544 2475 4598 Si
2506 4547 2606 4597 hoc
2635 4539 2894 4611 posuerit,
2929 4538 3105 4591 discat
3147 4539 3379 4604 oportet,
3426 4529 3574 4599 quod

321 4663 704 4732 ὁμολογήσειεν
746 4657 810 4712 ἂν
844 4658 934 4710 τὸν
985 4657 1156 4725 Λόγον
1209 4656 1352 4724 ἔχειν
1394 4654 1484 4707 τὸν
1528 4652 1682 4718 Θεὸν,
1705 4652 1798 4705 καὶ
1829 4651 1903 4722 μὴ

324 4752 462 4809 εἶναι
489 4754 702 4822 ἄλογον.
722 4751 892 4805 Τοῦτο
928 4749 985 4802 δὲ
1014 4750 1109 4803 καὶ
1134 4747 1422 4810 Σαϐέλλιος
1449 4747 1630 4810 αὐτὸς,
1671 4746 1766 4799 καὶ
1795 4747 1903 4808 πᾶς

327 4845 530 4916 Ἕλλην
575 4861 636 4897 τε
667 4844 761 4896 καὶ
802 4840 1094 4912 βάρϐαρος,
1130 4839 1158 4891 ὁ
1186 4838 1318 4890 Θεὸν
1349 4832 1488 4889 εἶναι
1514 4837 1900 4906 ὑφιστάμενος,

327 4935 742 5006 ἀναμφιλέκτως
765 4935 1005 5004 φήσειεν·
1033 4932 1186 5001 ’Ἅμα
1213 4927 1322 5000 γάρ
1341 4927 1418 4998 τῷ
1440 4929 1570 4982 Θεὸν
1600 4930 1792 4990 εἰπεῖν,
1809 4926 1906 4979 καὶ

332 5027 491 5095 σοφὸν
525 5027 686 5080 αὑτὸν
715 5028 844 5087 νοεῖ,
893 5023 987 5077 καὶ⁵
1018 5020 1252 5090 λογικὸν,
1288 5019 1381 5072 καὶ
1425 5018 1668 5082 δυνατὸν,
1701 5017 1795 5070 καὶ
1825 5016 1904 5068 δί-

331 5135 505 5184 καιον,
537 5119 632 5171 καὶ
674 5115 899 5187 ἀγαθόν.
935 5117 1092 5168 Ποῖον
1126 5108 1219 5167 οὖν
1259 5113 1557 5183 μυστήριον
1585 5107 1652 5182 ἦν
1700 5112 1902 5164 ἀποκε-

332 5211 644 5280 κρυμμένον
669 5209 730 5261 τὸ
777 5211 890 5270 τοῖς
943 5207 1106 5260 πᾶσιν
1160 5203 1614 5274 ὁμολογούμενον;
1654 5204 1750 5266 Τίς
1798 5201 1908 5274 γὰρ

333 5300 429 5352 ούκ
477 5300 544 5351 ἂν
600 5297 744 5350 εἴποι
799 5299 856 5350 ὲν
901 5295 978 5366 τῷ
1033 5293 1152 5364 Θεῷ
1203 5291 1393 5361 σοφίαν
1448 5288 1605 5356 εἶναι,
1665 5291 1757 5344 καὶ
1814 5291 1908 5343 δύ-

443 5460 501 5517 ›Ι‹
539 5453 636 5506 Ed.
672 5452 838 5506 Paris.
875 5467 996 5514 pne.
1037 5449 1160 5504 100.

441 5525 719 5578 “Coloss.
758 5540 796 5587 ι,
826 5521 1013 5575 25-27.
1091 5520 1135 5552 ³⁸
1166 5518 1374 5574 Coloss.
1417 5533 1478 5579 Il,
1531 5517 1582 5566 5.

408 5638 518 5704 (55)
543 5639 640 5704 Βρ.
678 5637 770 5690 καὶ
793 5633 1105 5704 δικαιοσύνη
1129 5634 1285 5688 codd.

413 5655 518 5704 (ea)
543 5655 584 5689 ις
628 5679 640 5691 .
678 5655 770 5690 και
793 5655 1105 5704 οικαιοσυνη
1129 5655 1203 5688 (104

413 5707 523 5773 (56)
557 5655 660 5760 Ἱξόν
697 5709 854 5773 vulgo
877 5716 1063 5758 contra
1081 5705 1203 5758 cod.

553 5767 881 5847 Μαρκέλλῳ
905 5773 1086 5847 δοκεῖ.
1111 5771 1548 5847 βθςιίιιδλὲδοκει,
1581 5769 1784 5847 statim,
1825 5767 1903 5819 Ii:-

346 5839 569 5914 gendu'ttt
600 5839 812 5918 opinor,
909 5845 968 5899 τὸ
1001 5843 1141 5898 κατὰ
1167 5843 1254 5897 τὸν
1284 5842 1459 5910 λόγον,
1501 5857 1640 5900 tum.
1672 5839 1912 5907 ἀναμφι-Δ

2005 4644 2312 4700 Ιυόαιοτυπι
2337 4637 2582 4709 quilibet,
2611 4635 2700 4704 qui
2730 4633 3006 4688 Christum
3032 4627 3125 4684 Dei
3157 4641 3266 4708 non
3289 4629 3571 4693 agnoscat,

2005 4737 2242 4791 Verbum
2274 4741 2454 4786 tamen
2500 4726 2700 4781 habere
2749 4725 2918 4778 Deum
2963 4718 3314 4776 confitebitur
3345 4751 3360 4776 ,
3402 4728 3575 4781 neque

2006 4843 2124 4883 esse
2171 4826 2320 4880 illum
2377 4821 2616 4891 alogum.
2652 4817 2766 4872 Hoc
2831 4817 3064 4884 ipsemet
3117 4809 3430 4865 Sabellius:
3470 4804 3576 4858 hoc

2005 4918 2259 4972 ethnicus
2285 4912 2464 4984 quivis
2497 4910 2756 4964 fatebitur
2785 4925 2799 4962 :
2846 4906 2949 4959 hoc
2975 4903 3262 4962 barbarus.
3284 4899 3375 4967 qui
3407 4897 3574 4950 Deum

2008 5012 2274 5081 agnoscit.
2301 5009 2417 5063 sine
2436 5005 2690 5075 scrupulo
2722 5000 3089 5058 confitebitur.
3145 4995 3279 5049 Nam
3311 4995 3413 5047 hoc
3460 4993 3578 5058 ipso

2010 5103 2151 5172 quod
2191 5103 2355 5156 Deum
2382 5096 2764 5158 confiteantur,
2800 5091 3099 5162 sapientem
3127 5085 3453 5150 intelligunt,
3484 5093 3574 5130 ra-

2015 5169 2286 5256 tionalem,
2311 5197 2604 5259 potentem,
2631 5185 2836 5252 justum
2865 5222 2880 5246 ,
2929 5182 3150 5236 bonum.
3197 5175 3262 5229 Et
3307 5169 3577 5240 quodnam

2017 5295 2127 5338 tum
2164 5281 2478 5352 mysterium
2535 5279 2636 5331 hoc
2690 5273 2961 5330 occultum
3007 5270 3206 5330 fuerat,
3263 5262 3406 5332 quod
3457 5267 3579 5314 erat

2009 5629 2205 5698 λέκτῳ,
2242 5638 2294 5678 et
2335 5625 2466 5678 Θεὸν
2504 5624 2692 5678 εἰπεῖν,
2729 5634 2831 5698 non
2856 5615 3003 5698 Θεῷ.
3029 5613 3172 5668 Μ.-
3195 5611 3323 5698 ξΙιῑΞ
3350 5609 3587 5698 ιριιςςιδυ

2011 5675 2558 5767 ἀμφιλέκτώςξΜρ.
2605 5675 3015 5759 ἀναμφιλέκτως
3072 5695 3126 5739 et
3173 5683 3231 5736 τὸ
3284 5679 3398 5750 Θεῷ
3428 5675 3584 5750 [κβ.

2009 5771 2160 5822 Θεόν.
