4082 6396
465 434 572 490 893
1144 430 1413 486 EUSEBH
1453 431 1924 488 CESARIENSIS
1962 433 2112 488 OPP.
2149 433 2332 489 PARS
2370 433 2458 488 IV.
2494 463 2564 474 -—
2605 433 3004 490 DOGMATICA
3610 439 3720 493 896

467 552 611 624 apud
641 563 828 605 omnes
851 549 904 603 in
933 548 1180 603 confesso
1214 549 1446 618 positum
1471 550 1495 602 ?
1541 548 1674 616 Quis
1701 565 1808 605 non
1835 549 2033 605 dixerit

2144 567 2315 620 ναμιν,
2379 550 2471 602 καὶ
2521 549 2685 620 ζωὴν,
2730 550 2823 602 καὶ
2867 549 3001 618 φῶς,
3043 551 3134 603 καὶ
3179 551 3453 622 ἀλήθειαν,
3501 553 3595 606 καὶ
3638 553 3721 606 δι-

469 647 521 698 in
557 645 664 698 Deo
713 640 1035 711 sapientiam
1066 656 1208 703 esse.
1233 651 1286 696 et
1321 643 1641 711 potentiam,
1669 654 1725 697 et
1763 645 1953 710 vitam,
1985 651 2039 697 et

467 732 668 795 lucem,
702 739 758 786 et
787 729 1092 794 veritatem,
1127 739 1181 784 et
1204 730 1496 800 justitiam,
1532 739 1586 785 et
1641 732 1930 796 rationem,
1984 743 2040 787 et

465 821 726 893 quidquid
756 823 956 875 bonum
987 831 1041 877 et
1068 821 1354 876 honestum
1385 822 1510 876 est?
1535 821 1674 889 Quin
1710 822 1888 892 potius
1915 838 2038 877 eum

465 929 606 979 esse,
656 913 840 969 omnia
881 913 983 968 ista
1017 931 1033 968 :
1064 922 1159 968 aut
1187 914 1230 968 si
1266 921 1325 978 ᾗ
1367 914 1496 985 quid
1540 915 1624 970 his
1664 916 1931 985 superius,
1985 923 2042 968 et

467 1003 659 1058 melius
683 1003 979 1070 exstiterit,
1013 1005 1157 1074 quod
1183 1004 1338 1058 nobis
1391 1005 1463 1058 sit
1519 1004 1872 1074 incognitum.
1916 1002 2041 1059 Haec

466 1107 682 1160 natura,
719 1110 748 1148 a
775 1097 950 1164 seipsa
972 1096 1163 1152 edocta
1197 1095 1345 1165 cogit
1371 1109 1811 1166 unumquemque
1833 1097 1900 1152 de
1930 1099 2041 1152 Deo

468 1189 731 1258 proﬁteri.
756 1187 908 1245 Unde
935 1199 990 1244 et
1020 1191 1086 1243 de
1113 1189 1248 1244 Filio
1280 1189 1456 1244 edocti
1484 1204 1674 1244 sumus
1728 1191 1846 1245 haec
1873 1191 2038 1245 etiam

467 1276 704 1344 singula,-
732 1277 1069 1346 unigenitum
1127 1277 1277 1332 illum
1317 1292 1459 1346 esse,
1489 1278 1709 1344 Filium,
1765 1281 2038 1337 hmredem

468 1371 648 1427 Patris
681 1371 787 1437 sui,
816 1372 996 1427 omnia
1022 1375 1390 1444 possidentem
1427 1388 1547 1443 qua:
1574 1375 1810 1444 possidet
1857 1375 2037 1434 Pater.

472 1462 627 1518 Unde
657 1463 856 1518 dicitur
905 1464 1091 1528 fuisse,
1140 1466 1195 1518 in
1227 1465 1398 1533 forma
1430 1464 1546 1528 Dei,
1615 1475 1671 1521 et
1723 1467 1894 1536 imago
1921 1466 2038 1533 Dei,

462 1551 616 1620 juxta
635 1553 873 1608 divinum
891 1555 1228 1624 Apostolum,
1255 1555 1345 1609 ubi
1376 1557 1452 1610 ait
1478 1575 1494 1611 :
1531 1555 1635 1622 Qui
1659 1573 1776 1610 cum
1795 1558 1848 1610 in
1869 1557 2042 1626 forma

469 1643 568 1696 Dei
593 1654 746 1710 esset,
778 1662 881 1700 non
911 1658 984 1702 est
1006 1650 1298 1702 arbitratus
1334 1650 1596 1718 rapinam,
1626 1666 1738 1704 esse
1777 1667 1832 1704 se
1860 1667 2042 1718 wqua-

467 1736 567 1790 lem
589 1735 697 1791 Deo
731 1737 799 1792 ⁸³.
828 1737 893 1792 Et
921 1753 1109 1794 rursus
1141 1757 1158 1796 :
1201 1739 1307 1806 Qui
1335 1751 1408 1795 eat
1431 1742 1604 1811 imago
1632 1741 1731 1796 Dei
1772 1742 1841 1798 “.
1897 1744 2044 1810 Quo-

468 1829 612 1881 circa
641 1831 783 1899 quod
815 1828 959 1884 Deus
983 1840 1106 1885 erat
1153 1831 1378 1900 logicus,
1422 1848 1528 1888 non
1567 1835 1664 1889 fuit
1704 1835 1801 1889 hoc
1848 1846 2042 1906 myste-

471 1917 632 1982 rium,
665 1918 806 1986 quod
836 1935 868 1972 a
898 1918 1090 1973 uacula
1112 1919 1476 1976 absconditum
1515 1923 1714 1992 fuerat,
1750 1936 1800 1980 et
1827 1944 1859 1980 α
1890 1943 2040 1997 gene-

471 2008 786 2063 rationibus.
818 2007 1002 2078 Neque
1058 2010 1188 2064 illud
1242 2027 1386 2067 nunc
1439 2016 1736 2070 revelatum
1793 2017 1991 2073 dicitur
2023 2059 2040 2084 ,

467 2099 611 2167 quod
635 2101 860 2170 singulis
890 2101 1220 2166 hominibus,
1245 2117 1342 2171 per
1367 2105 1616 2160 notiones
1645 2108 1920 2164 naturales
1951 2125 2044 2166 co-

469 2189 834 2256 g-nitissimum
857 2202 963 2246 est.
999 2192 1152 2259 Quod
1191 2196 1236 2250 si
1285 2196 1587 2266 interroget
1619 2198 1909 2268 quispiam,
1973 2199 2040 2253 il-

469 2281 559 2335 lud
609 2281 892 2350 qualenam
949 2285 1102 2338 erat?
1136 2289 1424 2355 respondet
1465 2289 1778 2358 Apostolus,
1813 2290 1900 2346 ubi
1943 2292 2039 2355 ait,

467 2376 534 2428 At
563 2375 774 2429 nuncin
805 2377 1002 2431 sanctis
1029 2377 1420 2446 manifestatum
1443 2390 1518 2434 est
1551 2381 1642 2446 “‘,
1668 2381 1735 2437 iis
1764 2383 2040 2449 nimirum,

467 2467 663 2536 quibus
692 2466 860 2522 voluit
889 2469 992 2526 hoc
1043 2469 1220 2540 ipsum
1250 2470 1390 2528 Deus
1427 2472 1695 2537 revelare,
1744 2489 1866 2544 qua;
1918 2484 2043 2530 sunt

467 2558 670 2614 divitiae
707 2559 914 2629 gloriae,
949 2563 1192 2634 mysterii
1237 2564 1397 2633 huius
1433 2565 1486 2619 in
1547 2566 1802 2637 gentibus
1846 2566 2044 2636 quibus

467 2659 554 2706 est
585 2650 836 2706 Christus
859 2653 911 2706 in
935 2653 1112 2709 nobis.
1148 2654 1397 2711 Christus
1451 2667 1573 2711 erat
1620 2657 1784 2725 igitur
1842 2668 2045 2729 myste-

468 2742 610 2796 rium
645 2743 774 2797 illud
802 2761 815 2798 :
845 2743 1016 2800 Filius
1045 2745 1092 2801 is
1119 2731 1374 2818 nimirum
1413 2746 1528 2801 Dei.
1553 2746 1819 2814 Quocirca
1852 2749 2045 2820 mysti-

468 2849 592 2887 cum
618 2834 673 2888 in
699 2834 937 2900 modum,
965 2835 1115 2890 illum
1161 2836 1292 2891 olim
1320 2838 1702 2894 diversimodis
1725 2839 2044 2908 appellatio-

471 2927 632 2982 nibus
655 2927 933 2998 pmpbetaa
949 2925 1410 2995 gloriﬁcaverunt,
1434 2927 1488 2983 id
1513 2930 1655 2997 quod
1677 2939 1794 2983 erat
1825 2929 2043 2985 inenar-

469 3015 640 3071 rabile
665 3017 1063 3072 a'bscondentes
1092 3035 1108 3074 :
1151 3017 1403 3088 illiusque
1439 3019 1821 3074 revelationem
1859 3021 2044 3090 gratia:

470 3108 640 3178 ipsius
675 3108 726 3162 in
763 3123 952 3162 omnes
982 3106 1365 3175 dill‘undendae,
1413 3111 1568 3179 quasi
1618 3112 1928 3167 thesaurum
1957 3129 2042 3168 re-

2139 640 2450 710 καιοσόνην,
2498 641 2590 692 καὶ
2616 639 2790 708 λόγον,
2838 641 2933 694 καὶ
2972 641 3080 694 πᾶν
3111 642 3140 694 ὃ
3164 659 3216 694 τι
3265 641 3428 696 καλὸν
3451 643 3547 696 καὶ
3583 643 3723 711 ἀγα-

2140 730 2264 794 θόν;
2323 729 2523 800 μᾶλλον
2582 729 2639 782 δὲ
2705 731 2867 784 αὑτὸν
2929 725 3066 784 εἶναι
3125 732 3300 786 πάντα
3357 731 3565 797 ταῦτα,
3623 736 3722 787 καὶ

2139 820 2194 873 εἷ
2208 838 2260 873 τι
2281 820 2483 874 τούτων
2507 819 2776 892 άνώτερόν
2803 839 2861 874 τε
2888 821 2980 875 καὶ
2999 825 3264 894 κρεῖττον,
3281 825 3375 876 καὶ
3392 827 3526 894 ἡμῖν
3541 826 3722 893 ἄγνω-

2141 910 2399 980 στον(58)
2433 927 2448 942 ο
2479 909 2653 964 ταῦτα
2700 912 2807 984 γὰρ
2848 912 3223 978 αὐτοδίδακτος
3253 913 3412 984 φύσις
3437 913 3722 985 ὁμολογεῖν

2141 1002 2388 1074 περὶτοῦ
2414 1001 2548 1056 Θεοῦ
2582 1004 2762 1057 πάντα
2803 1004 3088 1075 ἄνθρωπον
3115 1004 3493 1075 ἐξαναγκάζει.
3527 1007 3723 1060 Ἔνθεν

2141 1097 2235 1148 καὶ
2257 1097 2348 1149 τὸν
2376 1096 2504 1150 Υίδν
2523 1095 2883 1167 διδασκόμεθα
2911 1096 3089 1150 πάντα
3109 1096 3280 1151 ταῦτα
3307 1092 3466 1161 εἶναι,
3492 1099 3586 1152 ἇτε
3608 1099 3724 1152 Μο-

2141 1189 2332 1260 νογενῆ
2359 1189 2504 1254 Υίὸν,
2543 1190 2638 1242 καὶ
2663 1189 2994 1261 κληρονόμον
3034 1190 3161 1243 ὄντα
3203 1189 3297 1244 τοῦ
3342 1191 3574 1262 Πατρὸς,
3624 1191 3725 1245 καὶ

2146 1280 2310 1332 πάντ’
2368 1279 2595 1349 ἔχοντα,
2642 1279 2741 1332 ὅσα
2791 1281 2887 1334 καὶ
2943 1281 2972 1333 ό
3024 1281 3233 1352 Πατήρ.
3271 1279 3362 1333 Διὸ
3402 1280 3472 1333 ἐν
3518 1279 3727 1349 μορφῇ

2144 1367 2289 1423 Θεοῦ
2327 1368 2575 1422 λέλεκται
2629 1369 2773 1440 (59)·
2833 1369 2924 1423 καὶ
2984 1369 3162 1424 εικὼν
3214 1369 3320 1423 τοῦ
3372 1370 3520 1424 Θεοῦ
3583 1369 3722 1442 (60),

2140 1461 2284 1514 κατὰ
2312 1459 2402 1513 τὸν
2423 1459 2566 1514 θεῖον
2606 1460 2947 1527 ’Λπόστολον,
2977 1461 3220 1531 φήσαντα
3239 1500 3251 1512 .
3294 1462 3398 1525 Ὃς
3421 1461 3492 1513 ἐν
3517 1460 3728 1530 μορφῇ

2145 1555 2292 1609 Θεοῦ
2311 1553 2617 1622 ὑπάρχων,
2647 1554 2760 1618 οὐχ
2790 1551 3104 1620 ἁρπαγμὸν
3134 1549 3404 1620 ἡγήσατο
3432 1546 3582 1605 εἶναι
3606 1551 3724 1619 (Gl)

2143 1646 2250 1700 ῑσα
2273 1645 2412 1711 Θεῷ.
2436 1644 2548 1698 Καὶ
2570 1643 2750 1696 πάλιν·
2784 1643 2890 1708 ’⁷ος
2908 1641 3078 1696 ἐστιν
3095 1639 3274 1695 εἰκὼν
3293 1640 3400 1695 τοῦ
3423 1641 3727 1712 Θεοῦ.[οὑκ

2141 1737 2250 1809 ἄρα
2276 1738 2338 1792 τὸ
2370 1734 2586 1805 λογικὸν
2614 1729 2752 1788 εῖναι
2782 1733 2872 1786 τὸν
2897 1733 3029 1786 Θεὸν
3048 1733 3202 1786 τοῦτο
3224 1727 3291 1804 ἦν
3312 1731 3378 1785 τὸ
3389 1731 3729 1802 μυστήριον

2142 1831 2204 1883 τὸ
2214 1827 2743 1897 ἀποκεκρυμμένον
2756 1826 2874 1880 ἀπὸ
2891 1824 3008 1878 τῶν
3021 1824 3250 1878 αἰώνων
3265 1824 3364 1878 καὶ
3377 1823 3492 1878 ἀπὸ
3510 1823 3629 1877 τῶν
3640 1843 3730 1895 γε-

2142 1917 2324 1972 νεῶν·
2358 1916 2478 1970 οὐδὲ
2522 1915 2676 1970 τοῦτο
2715 1915 2809 1969 νῦν
2851 1913 3190 1985 ἐφανερώθη,
3236 1913 3299 1967 τὸ
3347 1917 3604 1984 φυσικαῖς
3635 1916 3727 1968 ὲν-

2142 2011 2316 2074 νοίαις
2369 2012 2536 2063 πᾶσιν
2601 2006 2907 2080 ἀνθρώποις
2970 2006 3333 2077 ἐγνωσμένον.
3396 2006 3558 2060 Ἀλλὰ
3613 2008 3729 2079 γὰρ

2146 2102 2314 2163 ποῖον,
2333 2101 2382 2152 εἰ
2405 2097 2580 2170 ἔροιτό
2607 2114 2711 2160 τις,
2748 2097 3102 2168 ἀποκρίνεται
3133 2098 3161 2149 ὁ
3196 2096 3544 2159 Ἀπόστολος·
3574 2097 3728 2151 Νυνὶ

2143 2192 2210 2245 δὲ
2220 2190 2577 2260 ἐφανερώθη,
2594 2189 2790 2258 λέγων,
2806 2187 2930 2254 τοῖς
2939 2188 3129 2257 ἁγίοις
3142 2187 3350 2251 αὐτοῦ,
3367 2181 3448 2251 οἷς
3463 2186 3730 2258 ἠθέλησεν

2142 2287 2171 2338 ό
2198 2283 2330 2347 Θεὸς
2353 2281 2637 2354 γνωρίσαι,
2667 2281 2748 2345 τίς
2771 2283 2800 2334 ὁ
2823 2279 3052 2343 πλοῦτος
3075 2281 3174 2350 τῆς
3206 2278 3364 2350 δόξης
3397 2278 3491 2332 τοῦ
3518 2295 3728 2348 μυστη-

2148 2374 2262 2446 ρίου
2285 2372 2475 2426 τούτου
2505 2373 2564 2425 ὲν
2589 2373 2702 2435 τοῖς
2730 2371 2958 2434 ἔθνεσιν,
2981 2364 3063 2434 οἷς
3092 2371 3208 2423 ἐστι
3233 2370 3466 2441 Χριστὸς
3492 2371 3550 2423 ὲν
3577 2372 3724 2442 ὑμῖν.

2143 2465 2385 2536 Χριστὸς
2405 2459 2498 2517 οὖν
2527 2459 2595 2534 ἦν
2623 2463 2683 2516 τὺ
2711 2464 3040 2534 μυστήριον·
3071 2462 3228 2534 δῆλον
3258 2463 3303 2516 δ’
3336 2465 3418 2517 ὅτι
3450 2464 3579 2528 Υἱὸς
3612 2466 3728 2536 (6‘2)

2144 2556 2238 2610 τοῦ
2267 2555 2423 2609 Θεοῦ.
2462 2555 2552 2608 Διὸ
2603 2555 2882 2626 μυστικῶς
2929 2555 3196 2626 πρότερον
3225 2555 3501 2628 διαφόροις
3538 2557 3588 2609 oi
3632 2555 3728 2609 τοῦ

2143 2648 2279 2702 Θεοῦ
2310 2647 2586 2719 προφῆται
2613 2646 2776 2700 αὐτὸν
2801 2645 3049 2712 ἐδόξαζον
3081 2647 3422 2718 ὲπηγορίαις,
3453 2647 3514 2701 τὸ
3552 2649 3729 2720 ἀπόρ-

2146 2739 2308 2809 ρητον
2341 2735 2804 2806 ἀποκρύπτοντες,
2836 2735 2934 2790 καὶ
2967 2738 3033 2806 τῇ
3068 2735 3234 2789 αὐτοῦ
3283 2737 3468 2808 χάριτι
3509 2737 3608 2811 τὴν
3647 2740 3728 2801 είς

2147 2829 2358 2892 πάντας
2395 2827 2736 2898 ἀποκάλυψιν
2763 2826 2927 2881 αὑτοῦ
2952 2829 3362 2898 ταμιευόμενοι.
3393 2830 3523 2882 Ὅτε
3549 2829 3730 2882 τοίνυν

2149 2920 2286 2991 μετὰ
2317 2919 2585 2983 τοσαύτας
2605 2917 2716 2972 τῶν
2741 2919 2974 2989 Γραφῶν
3002 2920 3308 2991 μαρτυρίας
3336 2919 3729 2991 διῖσχυρίζεται

2145 3009 2484 3082 Μάρκελλος,
2524 3009 2632 3064 τὸν
2658 3011 2734 3063 ἐν
2757 3008 2915 3078 ἀρχῇ
2949 3011 3165 3080 Λόγον,
3196 3013 3327 3082 πρὶν
3353 3011 3387 3082 ἦ
3421 3013 3520 3082 τὴν
3549 3012 3729 3084 σάρκα

2146 3102 2455 3167 ἀναλαϐεῖν,
2485 3103 2657 3174 μηδὲν
2673 3104 2861 3173 ἕτερον
2890 3098 3026 3156 εῖναι
3050 3104 3082 3175 ἢ
3106 3104 3278 3173 Λόγον
3301 3121 3314 3134 ·
3347 3105 3439 3158 καὶ
3471 3105 3591 3176 μηδ’
3621 3107 3731 3159 ἑτέ-

469 3208 757 3254 servantes
788 3199 1148 3255 reconditum.
1180 3198 1314 3255 Cum
1345 3216 1473 3257 vero
1504 3213 1625 3270 post
1657 3211 1735 3258 tot
1787 3218 1818 3258 e
1870 3207 2041 3260 sacris

2151 3213 2227 3268 ρῳ
2254 3195 2590 3267 χρηματίσαι
2609 3193 2859 3264 ὀνόματι·
2894 3194 3014 3248 τότε
3037 3194 3093 3248 δὲ
3123 3195 3392 3267 διαφόρων
3419 3196 3730 3268 ὲπηγοριῶν

470 3290 775 3362 Scripturis
801 3290 1111 3346 testimonia
1137 3293 1428 3348 contendat
1450 3293 1732 3350 Marcellus
1760 3295 2040 3352 nihilomi-

468 3399 594 3448 nus,
621 3384 774 3451 illud,
802 3382 868 3438 In
892 3387 1152 3455 principio
1203 3389 1338 3440 erat'
1359 3384 1582 3440 Verbum
1603 3387 1674 3453 ⁸⁵,
1707 3388 1840 3443 nihil
1895 3388 2040 3444 aliud

469 3477 731 3543 indicare,
763 3491 923 3546 quam
945 3492 1090 3543 eum,
1115 3478 1429 3548 priusquam
1455 3482 1764 3535 assumebat
1793 3496 2039 3544 carnem,

469 3567 604 3623 nihil
634 3567 780 3622 aliud
834 3583 994 3638 quam
1046 3567 1278 3624 Verbum
1325 3570 1646 3627 exstitisse:
1707 3585 1882 3641 neque
1931 3569 2044 3624 ullo

470 3667 668 3726 praeter
693 3658 822 3714 illud
862 3659 1082 3715 nomine
1109 3660 1436 3730 appellatum
1465 3679 1479 3716 :
1507 3671 1617 3716 tum
1645 3676 1775 3716 vero
1806 3661 2042 3733 primum

471 3764 567 3816 per
589 3750 770 3805 varias
797 3751 1095 3806 indicatum
1129 3755 1601 3818 nomenclaturas,
1653 3752 1869 3836 quando
1907 3751 2043 3806 Ver—

2147 3287 2521 3360 τεωχήκέναι,
2553 3286 2640 3338 ὅτε
2670 3286 2700 3338 ό
2733 3286 2905 3354 Λόγος
2949 3285 3088 3358 σὰρξ
3122 3288 3359 3356 ἐγένετο,
3395 3289 3501 3360 πρὸ
3539 3287 3728 3341 τούτου

2151 3381 2315 3452 μηδὲν
2364 3379 2550 3450 ἕτερον
2603 3377 2732 3431 ὅντα
2781 3379 2814 3448 ἦ
2857 3379 3057 3448 Λόγον⁸
3104 3379 3223 3442 πῶς
3255 3381 3355 3434 οὐκ
3386 3379 3602 3451 ἀμαθὴς
3635 3382 3728 3433 καὶ

2150 3474 2404 3536 ἀσύνετος
2453 3472 2562 3525 τῶν
2613 3471 2773 3525 θείων
2821 3473 3084 3544 ἐλέγχοιτ’
3130 3473 3197 3526 ἂν
3246 3473 3720 3543 ἁναγνωσμάτωνς

2161 3565 2322 3619 Ἀλλὰ
2382 3564 2511 3636 γὰρ,
2560 3564 2749 3618 τούτου
2799 3565 3112 3631 συστάντος,
3174 3566 3306 3638 φέρε
3361 3566 3561 3630 λοιπὸν,
3608 3565 3720 3617 ῶσ-

2153 3676 2259 3729 περ
2314 3657 2740 3720 ἀναΰεϐιωκότα,
2798 3659 2890 3711 τὸν
2941 3659 3059 3714 νέον
3111 3659 3391 3712 Σαϐέλλιον
3453 3658 3721 3712 ἐποπτεύ-

2153 3768 2232 3804 σω
2239 3767 2356 3821 μεν.

471 3843 597 3897 bum
630 3859 763 3899 caro
797 3844 998 3900 factum
1023 3845 1221 3912 fuerat,
1252 3861 1378 3902 cum
1405 3848 1558 3918 prius
1613 3857 1813 3918 prater
1842 3844 2080 3902 Verbum
2119 3847 2278 3918 plane
2300 3843 2433 3898 nihil
2500 3845 2838 3912 exstitisset;
2881 3855 3028 3904 certe
3073 3862 3296 3918 prorsus
3338 3847 3428 3902 hic
3475 3845 3731 3902 indoctus

469 3937 912 4008 deprehenditur,
944 3948 1000 3993 et
1033 3940 1084 3994 in
1119 3941 1416 4012 Scripturis
1456 3941 1629 3998 sacris
1677 3940 2044 4012 intelligendis
2079 3941 2237 4012 plane
2299 3940 2498 3998 infans.
2533 3938 2648 3997 Hoc
2711 3955 2842 3998 vero
2883 3940 2961 3997 sic
2988 3941 3277 4008 adornata,
3313 3939 3540 4012 agedum
3571 3939 3732 3994 dein-

472 4050 622 4106 ceps,
646 4034 816 4090 veluti
846 4035 1171 4101 redivivum,
1211 4053 1410 4094 novum
1444 4039 1590 4095 hunc
1615 4038 1912 4095 Sabellium
1945 4039 2412 4110 introspiciamus.

548 4200 606 4256 Ψ
645 4194 742 4250 Ed.
777 4192 952 4248 Paris.
989 4208 1112 4265 pag.
1143 4195 1264 4265 lOl.

542 4266 590 4297 ”
618 4265 848 4335 Philipp.
876 4280 937 4332 ll,
967 4265 1022 4320 6.
1068 4263 1144 4296 "l
1174 4264 1337 4321 llehr.
1368 4280 1422 4329 I,.
1441 4265 1495 4320 5.
1565 4263 1630 4296 ’δ’
1652 4263 1862 4322 Coloss.
1893 4279 1932 4330 ι,
1961 4263 2041 4320 26.

2144 4267 2175 4298 ί³
2198 4263 2357 4320 Joan.
2383 4281 2426 4329 t,
2454 4265 2506 4318 l.

538 4445 655 4517 (58)
678 4445 848 4515 Vulgo
879 4446 1002 4514 ἄγν.
1042 4446 1149 4516 εἴη.

537 4517 650 4585 (59)
682 4517 856 4585 Vulgo
896 4517 1134 4583 λέγεται.

545 4586 657 4658 (θο)
682 4586 880 4658 βικὼν
909 4587 1014 4658 τοῦ
1044 4586 1214 4643 Θεοῦ.
1249 4586 1400 4643 Adde
1425 4586 1681 4658 ἀοράτου,
1709 4585 1781 4640 Μ.

546 4655 660 4730 (6i)
681 4657 852 4730 Vulgo
879 4659 940 4712 τὸ
963 4655 1122 4713 εἶναι.

2143 4447 2574 4582 ῘΥἱὲῗΞέοῦηάἷΕ
2589 4448 2995 4585 ,δηέιξιὶιέιῇξίε
3005 4447 3740 4587 Ιεδὲὲξξιιξῗέ,κοαιξῗιῗ

2155 4590 2290 4643 situs
2323 4589 2436 4662 tilio
2468 4589 2725 4646 hominis.
2745 4587 2815 4645 Μ.
2840 4590 3045 4648 -Μοχ
3083 4592 3241 4662 vulgo
3274 4588 3531 4656 ἐδόξασαν
3558 4600 3611 4644 et
3632 4606 3736 4642 τα-

2157 4657 2453 4731 μιευμένοι.

3953 6357 4062 6374 -ᾘ

3987 6383 4062 6396 -ι
