4082 6384
296 308 395 363 901

1284 313 1369 367 DE
1409 312 1947 369 ECCLESIASTICA
1980 310 2391 367 TIIEOLOGIA.
2426 309 2551 364 LIB.
2594 310 2655 364 ll.

3437 314 3542 367 902

297 425 594 478 ὑπόστασιν
622 423 716 478 τοῦ
748 424 875 479 Υἱοῦ
909 430 1085 499 γυμνῇ
1116 432 1181 499 τῇ
1210 430 1438 500 κεφαλῇ,
1465 431 1599 501 πρὸς
1630 431 1729 500 τῆς
1765 430 1862 483 τῶιΙ

1978 428 2109 482 nihil
2140 442 2361 497 prorsus
2405 425 2682 479 exstitisse
2720 435 2915 493 praeter
2949 426 3115 480 Deum
3147 426 3322 479 docet.
3368 425 3543 483 Verba

293 516 571 587 γεννητῶν
602 516 957 589 δημιουργίας
1003 519 1166 589 μηδὲν
1212 522 1395 590 ἕτερον
1436 516 1572 573 εἶναι
1616 522 1754 590 πλὴν
1778 521 1871 573 τοῦ

1976 532 2152 573 autem
2179 520 2298 589 ejus
2326 520 2440 572 haec
2471 519 2584 585 ipsa
2609 526 2767 570 sunt:
2795 517 2867 588 [Β
2897 516 3029 570 XCII
3058 529 3110 571 et
3147 517 3324 591 XCIII]
3365 539 3382 570 ι
3409 520 3547 575 Con-

293 608 432 663 Θεοῦ
468 610 630 680 μόνου
669 612 1130 681 ἀποφαινόμενος·
1175 614 1373 683 γράφει
1409 612 1452 664 δ’
1489 610 1582 666 οῦν
1604 609 1707 666 ὦδε
1737 614 1862 666 κατᾶ

1980 629 1996 660 ι
2044 624 2247 664 cessam
2279 609 2355 663 illi
2392 609 2639 678 gloriam,
2686 608 2938 662 Asterius
2969 620 3025 661 et
3062 610 3315 678 gloriam,
3344 618 3398 665 et
3433 626 3541 665 non

292 703 440 767 λέξιν
471 703 636 773 ἰΤὴν
661 704 906 758 δοθεῖσαν
931 706 1078 775 αὑτῴ
1102 704 1256 769 δόξαν
1290 705 1566 776 Ἀστέριος
1581 705 1737 770 δόξαν
1752 708 1873 760 ὀνο-

1980 720 1996 750 ε
2042 699 2266 769 gloriam
2308 698 2551 752 nominat
2592 714 2605 750 :
2644 695 2770 750 dum
2825 711 2927 749 non
2966 696 3351 762 reminiscitur,
3398 701 3545 766 quod

299 813 321 844 ι
364 793 548 863 μάζει,
571 803 663 847 καί
692 795 753 847 οὐ
772 795 930 861 δόξαν
954 796 1113 866 μόνον
1131 797 1263 867 (70),
1283 797 1419 852 ἀλλὰ
1434 800 1528 851 καὶ
1544 799 1862 869 προκόσμιοι

1979 810 1997 841 ι
2045 806 2169 845 cum
2206 790 2441 843 nondum
2492 788 2722 842 mundus
2767 797 2909 841 esset
2951 787 3234 853 conditus,
3273 788 3408 843 nihil
3446 804 3547 843 ex—

300 906 320 937 s
361 888 536 954 δόξαν.
554 887 667 940 Οὐκ
680 887 893 952 ἐννοῶν,
922 889 1024 951 ὅτι,
1054 891 1218 961 μήπω
1238 889 1330 943 τοῦ
1344 890 1549 961 κόσμου
1567 892 1869 959 γεγονότος,

298 1000 317 1028 ε
367 980 478 1049 (71)
506 979 855 1052 οὐδὲνὲτερον
896 976 964 1051 ἦν
986 979 1124 1050 πλὴν
1140 980 1274 1033 Θεοῦ
1300 980 1482 1051 μόνου.
1523 1000 1540 1032 ι
1578 981 1689 1032 Καὶ
1720 978 1872 1044 αὖθις

288 1073 355 1126 τὸ
395 1072 527 1127 αὐτὸ
562 1072 773 1142 βεϐαιοῖ
806 1073 1014 1142 λέγων’
1048 1093 1066 1125 ι
1103 1074 1344 1144 Οὐρανὸς
1370 1075 1464 1128 καὶ
1478 1072 1550 1143 γῆ
1565 1074 1657 1127 καὶ
1693 1072 1872 1126 πάντα

294 1186 314 1216 ι
355 1167 423 1219 τὰ
460 1168 517 1218 ὲν
549 1167 798 1236 οὐρανοῖς
842 1167 936 1218 καὶ¹
967 1167 1059 1219 ἐπὶ
1078 1166 1179 1236 τῆς
1202 1166 1303 1236 γῆς
1325 1167 1475 1231 ὄντα,
1492 1166 1595 1220 ὑπὸ
1613 1165 1711 1220 τοῦ
1736 1166 1870 1218 Θεοῦ

292 1278 314 1307 ι
354 1258 663 1328 γεγένηται.
690 1259 750 1311 Εἰ
775 1258 954 1310 τοίνυν
980 1257 1138 1311 τοῦτο
1170 1258 1435 1324 πιστεύοι,
1472 1260 1683 1330 ἀνάγκη
1709 1259 1871 1312 αὑτὸν

293 1368 314 1399 ‹
359 1352 577 1402 κάκεῖνο
624 1348 1021 1419 συνομολογεῖν,
1070 1350 1151 1402 ὅτι
1212 1349 1350 1421 πλὴν
1387 1350 1521 1404 Θεοῦ
1564 1352 1716 1404 οὐδὲν
1758 1351 1872 1403 ἓτε-

295 1461 314 1489 ι
358 1458 470 1511 ρον.
509 1459 528 1490 ι

940 1527 1096 1579 ΚΕΦ.
1150 1526 1226 1581 B’.

402 1620 594 1685 Ὅπως
630 1617 725 1672 καί
745 1615 1079 1677 Ἰουδαΐζων
1106 1617 1180 1687 τῇ
1210 1619 1357 1687 δόξῃ
1378 1620 1761 1691 διελέγχεται.

372 1712 535 1783 Ὁρᾷς
582 1710 830 1763 Ἰουδαῖον
855 1708 966 1778 (72)
996 1710 1272 1780 ἄντικρυς,
1300 1713 1391 1765 τὸν
1439 1714 1715 1785 Μονογενῆ
1743 1714 1869 1769 Υίὸν

282 1804 385 1856 τοῦ
417 1801 574 1867 Θεοῦ,
619 1802 685 1854 δι’
708 1795 768 1855 οὗ
815 1800 885 1854 τὰ
925 1802 1104 1855 πάντα
1130 1803 1374 1871 γέγονεν,
1415 1804 1765 1875 ἀρνούμενον.
1804 1808 1865 1859 Εἰ

284 1896 401 1967 γὰρ
429 1894 567 1966 πλὴν
599 1891 733 1947 Θεοῦ
757 1893 907 1947 οὐδὲν
932 1894 1118 1964 ἕτερον
1151 1890 1219 1965 ἦν
1251 1896 1358 1967 πρὸ
1389 1896 1488 1966 τῆς
1528 1896 1623 1949 τοῦ
1660 1898 1865 1968 κόσμου

284 1989 575 2055 γενέσεως,
606 1989 705 2041 οὐκ
751 1984 819 2059 ἦν
869 1989 976 2059 ἄρα
1018 1990 1047 2041 6
1088 1988 1234 2051 Υἱός.
1279 1990 1388 2041 Kal.
1433 1989 1550 2052 πῶς
1597 1991 1773 2044 πάντα
1800 1991 1865 2043 δι’

283 2078 453 2132 αὑτοῦ
485 2079 698 2146 ἐγένετο
733 2080 827 2132 καὶ
860 2081 1027 2148 χωρίς
1060 2078 1226 2131 αὐτοῦ
1257 2080 1473 2148 ἐγένετο
1503 2082 1624 2134 οὐδὲ
1668 2082 1763 2146 ἓν;
1809 2083 1867 2135 '0

288 2173 389 2241 μὲν
413 2167 505 2225 οῦν
551 2172 817 2233 Ἰουδαῖος,
853 2174 881 2224 6
909 2173 1000 2225 τὸν
1037 2173 1270 2243 Χριστὸν
1302 2172 1395 2225 τοῦ
1434 2173 1568 2229 Θεοῦ
1602 2174 1868 2246 ἀρνούμε-

284 2280 396 2328 νος,
438 2264 545 2333 πρὸ
581 2265 678 2333 τῆς
721 2263 813 2316 τοῦ
849 2263 1054 2334 κόσμου
1090 2264 1354 2332 γενέσεως
1391 2266 1542 2319 οὐδὲν
1572 2261 1683 2319 οἶδε
1726 2266 1867 2338 πλὴν

283 2355 421 2409 Θεοῦ
444 2355 626 2424 μόνου,
648 2355 1166 2425 συμμαρτυροῦντος
1197 2355 1347 2426 αὑτῷ
1378 2356 1699 2427 Μαρκέλλου
1726 2358 1862 2428 (75)·

282 2450 320 2518 ἡ
343 2447 401 2500 δὲ
434 2445 672 2516 Χριστοῦ
690 2446 1006 2516 Ἐκκλησία,
1040 2447 1138 2499 σὺν
1176 2448 1458 2519 παρρησίᾳ
1486 2448 1637 2521 πάσῃ
1665 2450 1865 2519 σεμνύ-

283 2556 440 2591 νεται
470 2538 702 2605 λέγουσα
722 2555 736 2568 ο
772 2539 944 2607 Ἡμῖν
976 2536 1065 2605 εἷς
1107 2539 1250 2607 Θεὸς
1280 2543 1311 2593 ό
1340 2539 1565 2608 Πατὴρ,
1599 2541 1669 2606 ἐξ
1694 2537 1767 2597 οὗ
1793 2541 1867 2596 τὰ

283 2631 517 2684 πὰσντιν
552 2630 651 2683 καὶ
686 2627 773 2695 εἷς
814 2631 1029 2697 Κύριος
1074 2631 1313 2698 Ἰησοῦς
1348 2632 1622 2701 Χριστὸς,
1672 2631 1747 2686 δι’
1791 2628 1863 2689 οὗ

283 2723 361 2775 τὰ
390 2721 602 2775 πάντα.
643 2722 810 2774 Ἐπίιν
849 2721 906 2773 δὲ
947 2721 1100 2793 λέγῃ,
1146 2722 1226 2775 Δι’
1250 2718 1322 2778 οὗ
1355 2724 1429 2777 τὰ
1465 2723 1681 2789 πάντα,
1726 2719 1866 2778 οἶδεν

284 2815 451 2867 αὐτὸν
476 2814 582 2884 πρὸ
610 2814 846 2866 πάντων.
889 2814 1050 2866 ’Ὥστε
1080 2814 1186 2885 πρὸ
1228 2816 1330 2885 τῆς
1356 2814 1448 2869 τοῦ
1478 2816 1685 2887 κόσμου
1714 2817 1866 2885 γενέ-

288 2924 427 2969 σεως
442 2908 471 2958 ὁ
491 2906 665 2973 λέγων
685 2905 832 2957 οὐδὲν
848 2904 1033 2975 ἓτερον
1055 2901 1192 2958 εἶναι
1217 2904 1355 2976 πλὴν
1388 2905 1524 2958 Θεοῦ
1553 2907 1739 2976 μόνου,
1763 2906 1865 2977 τῆς

287 2997 547 3068 ἀληθείας
584 2995 999 3065 καταψεύδεται.
1040 2997 1145 3049 Σὺν
1179 2996 1286 3067 γὰρ
1311 2995 1388 3067 τῷ
1429 2997 1575 3066 μόνῳ
1604 2996 1723 3068 Θεῷ
1770 2999 1863 3052 καὶ

1979 904 1996 933 ι
2041 882 2219 937 stabat
2252 880 2395 935 aliud
2431 890 2625 949 praeter
2655 881 2825 933 solum
2870 880 3055 935 Deum.
3080 899 3098 931 ι
3133 881 3239 935 Sed
3280 891 3334 935 et
3377 882 3546 936 idem-

1977 976 2263 1045 ntetipsum
2326 972 2645 1036 conﬁrmat,
2720 972 2969 1041 inquiens
3037 988 3079 1026 ε’
3118 990 3138 1025 ι
3206 972 3410 1028 Caelum
3491 985 3547 1028 et

1978 1081 1996 1113 ι
2044 1072 2208 1127 terra,
2238 1073 2292 1116 et
2323 1077 2443 1131 quae
2470 1064 2519 1115 in
2553 1062 2704 1115 caelis
2728 1072 2853 1115 sunt
2883 1072 2937 1117 et
2967 1062 3019 1116 in
3052 1071 3198 1116 terra
3231 1064 3481 1119 universa
3514 1079 3544 1116 a

1978 1170 1996 1201 ‹
2046 1155 2153 1207 Deo
2188 1152 2409 1206 fuerunt
2456 1152 2620 1206 facta.
2673 1151 2785 1205 Hoc
2832 1152 2876 1206 si
2917 1153 3140 1217 credat,
3194 1168 3417 1209 necesse
3462 1167 3547 1209 est

1978 1262 1996 1293 ‹
2044 1244 2186 1313 quod
2225 1244 2499 1312 cou5piret
2536 1244 2654 1314 ejus
2686 1243 2869 1313 opinio
2895 1258 3017 1297 cum
3048 1258 3135 1309 ea,
3162 1243 3313 1311 Quod
3348 1258 3548 1313 praeter

1977 1354 1995 1385 ι
2044 1336 2209 1390 Deum
2240 1336 2370 1389 nihil
2399 1344 2537 1389 erat.
2566 1355 2584 1384 ι

2583 1520 2641 1578 ›Ῑ‹
2679 1513 2759 1568 CA
2772 1515 2828 1568 P.
2874 1516 2939 1572 Il.

2042 1607 2195 1671 Quod
2228 1606 2519 1660 Judaizare
2548 1608 2951 1674 deprehenditur
2986 1608 3041 1663 in
3081 1611 3323 1676 opinione
3352 1628 3470 1665 sua.

2043 1695 2204 1751 Vides
2238 1708 2295 1749 ut
2328 1708 2534 1751 tantum
2566 1713 2671 1752 nou
2706 1697 3029 1753 seludaaum
3077 1711 3316 1770 prmstet,
3350 1718 3546 1771 perne-

1903 1781 1941 1834 Β
1970 1805 2103 1856 gatts
2132 1790 2224 1844 Dei
2256 1789 2447 1843 Filium
2481 1791 2839 1861 unigenitum,
2879 1806 2974 1861 per
3014 1806 3174 1861 quem
3203 1795 3381 1850 omnia
3415 1813 3545 1851 coo-

1969 1882 2125 1935 didit.
2180 1882 2455 1951 Siquidem
2512 1893 2706 1951 printer
2756 1883 2925 1937 Deum
2979 1884 3114 1939 nihil
3167 1897 3286 1940 erat
3357 1889 3544 1955 aliud,

1969 1975 2277 2044 priusquam
2333 1976 2563 2030 mundus
2602 1975 3045 2044 producebatur:
3082 1988 3192 2031 tum
3246 1990 3395 2035 certe
3436 1998 3542 2036 non

1968 2074 2085 2119 erat
2114 2064 2312 2131 Filius;
2340 2075 2393 2120 et
2427 2077 2562 2129 tum,
2592 2069 2860 2134 quomodo
2884 2069 3063 2122 omnia
3097 2086 3192 2139 per
3223 2072 3371 2125 illum
3402 2074 3543 2129 facta

1969 2158 2200 2221 fuerant,
2228 2166 2280 2212 et
2313 2157 2431 2211 siue
2460 2172 2525 2211 eo
2571 2158 2773 2211 factum
2803 2169 2885 2213 est
2936 2160 3109 2214 nihil?
3137 2162 3296 2217 Certe
3335 2163 3544 2221 Iudaeus

1967 2250 2056 2318 qui
2087 2249 2362 2304 Christum
2395 2262 2514 2303 esse
2543 2257 2805 2318 pernegat
2832 2250 2921 2303 Dei
2955 2249 3173 2319 Filium,
3204 2262 3329 2308 ante
3354 2258 3541 2310 mundi

1966 2345 2410 2399 constitutionem
2437 2352 2691 2412 agnoscet
2711 2343 2984 2398 exstitisse
3008 2344 3164 2413 plane
3190 2346 3321 2400 nihil
3346 2360 3544 2417 praeter

1967 2436 2136 2490 solum
2169 2435 2334 2490 Deum
2364 2453 2379 2489 :
2415 2438 2504 2490 cui
2545 2436 2793 2504 perhibet
2824 2434 3109 2493 Marcellus
3143 2442 3537 2497 tcstimonimn.

1965 2533 2035 2586 At
2080 2529 2285 2585 Christi
2336 2528 2608 2594 Ecclesia,
2654 2545 2777 2584 cum
2824 2531 2969 2585 omni
3008 2531 3257 2589 libertate
3305 2535 3543 2604 gloriose

1967 2623 2287 2694 proﬁtetur:
2324 2620 2491 2676 Nobis
2524 2638 2661 2675 unus
2709 2620 2848 2675 Deus
2894 2632 2972 2677 est
3008 2621 3190 2690 Pater,
3225 2642 3253 2679 e
3282 2642 3384 2695 quo
3417 2639 3540 2681 sunt

1966 2717 2181 2769 omnia:
2211 2724 2260 2769 et
2291 2730 2427 2767 unus
2464 2714 2720 2767 Dominus
2763 2712 2920 2768 Jesus
2965 2714 3226 2782 Christus,
3268 2736 3360 2786 per
3388 2736 3542 2790 quem

1965 2815 2090 2862 sunt
2124 2807 2299 2859 omnia
2331 2806 2397 2857 “.
2456 2803 2590 2859 Cum
2637 2819 2767 2859 vero
2826 2807 2971 2862 dicat
3008 2823 3021 2858 :
3063 2806 3167 2863 Per
3221 2828 3373 2880 quem
3418 2823 3542 2866 sunt

1966 2901 2166 2963 omnia,
2195 2900 2344 2952 illum
2376 2898 2621 2966 agnoscit
2648 2908 2775 2951 ante
2802 2901 3009 2955 omnia.
3037 2901 3187 2957 Adeo
3214 2912 3273 2957 ut
3302 2905 3394 2974 qui
3429 2915 3545 2958 tue-

1968 3002 2076 3058 tur,
2122 2998 2249 3047 ante
2293 2992 2551 3045 mundum
2598 2990 2914 3054 conditum,
2951 2990 3085 3046 nihil
3132 2994 3351 3049 omnino
3397 2996 3545 3051 aliud

285 3092 317 3141 6
343 3085 651 3156 Μονογενὴς
667 3086 833 3140 αὐτοῦ
851 3087 977 3150 Υἱὸς
998 3082 1066 3158 ἦν
1096 3087 1203 3158 πρὸ
1221 3087 1322 3157 τῆς
1337 3089 1431 3141 τοῦ
1446 3088 1651 3159 κόσμου
1669 3089 1861 3143 συστά-

1970 3083 2137 3138 fuisse
2175 3093 2370 3152 praeter
2412 3082 2616 3145 Deum,
2669 3083 2953 3138 veritatem
3004 3084 3173 3154 ipsam
3230 3088 3540 3143 mentiatur.

289 3195 451 3241 σεως,
480 3178 571 3233 καὶ
598 3177 677 3247 τῷ
720 3178 897 3248 Ilath
928 3178 1112 3248 συνῆν.
1160 3178 1330 3231 Τοῦτο
1368 3177 1471 3250 γὰρ
1504 3178 1708 3245 ἐδίδαξε
1750 3179 1863 3251 (74)

284 3269 383 3322 νῦν
402 3269 496 3324 κα).
522 3270 550 3323 6
580 3269 767 3321 εἰπών·
795 3270 914 3321 Ἐπ’
930 3268 1194 3337 ἐσχάτου
1216 3269 1327 3339 (75)
1351 3268 1717 3338 τῶνήμερῶν
1739 3272 1866 3325 τού-

278 3378 404 3415 των
418 3360 726 3428 ἐλάλησεν
757 3359 904 3429 ἡμῖν
924 3360 994 3413 ἐν
1025 3359 1155 3423 Υὶῷ,
1180 3359 1253 3412 ὃν
1282 3361 1462 3427 ἔθηκε
1485 3362 1865 3429 κληρονόμον

280 3452 551 3518 πάντων,
578 3453 653 3508 δι’
684 3448 756 3507 οὗ
792 3453 890 3506 καὶ
931 3452 1183 3520 ἐποίησε
1218 3451 1361 3517 τοὺς
1387 3450 1631 3517 αἰῶνας.
1667 3454 1777 3505 Καὶ
1805 3454 1864 3505 ἐν

281 3546 614 3617 Παροιμίαις
638 3544 725 3598 διὰ
746 3543 1109 3614 Σολομῶντος,
1128 3543 1289 3605 αὐτὸς
1314 3544 1343 3595 6
1373 3543 1498 3607 Υἱὸς
1524 3542 1653 3614 περὶ
1668 3543 1862 3597 ἑαυτοῦ

280 3634 524 3689 διδάσκει
558 3634 763 3702 λέγων·
834 3633 1043 3688 Ἡνίκα
1084 3631 1363 3699 ἡτοίμαζε
1410 3628 1518 3684 τόν
1564 3629 1861 3697 οὐρανόν,

281 3726 697 3797 συμπαρήμην
735 3723 915 3790 αὐτῷ.
954 3724 1114 3778 Ἀλλὰ
1149 3724 1264 3777 καί·
1288 3721 1480 3788 Αὐτὸς
1504 3721 1585 3791 ἦν
1612 3721 1679 3775 τό
1714 3721 1861 3790 φῶς,

279 3821 375 3874 τὸ⁶
398 3816 651 3890 φωτίζον
681 3817 880 3871 πάντα
913 3816 1229 3883 ἄνθρωπον
1264 3815 1594 3883 ἐρχόμενον
1623 3816 1710 3878 εὶς
1755 3811 1865 3865 τὸν

278 3915 535 3982 κόσμον.
574 3908 813 3980 Ἐπειδὴ·
861 3909 957 3962 Ἐν
1004 3907 1083 3973 τῷ
1447 3907 1545 3961 καὶ
1568 3909 1600 3959 ό
1636 3908 1863 3974 κόσμος

278 4005 355 4057 δι’
372 4002 560 4059 αὐτοῦ
582 4000 836 4073 ἐγένετο.
860 4001 922 4053 Ei
950 4000 1005 4052 δὲ
1035 4000 1064 4052 6
1097 3997 1300 4070 κόσμος
1337 3998 1405 4052 δι’
1428 3996 1594 4051 αὐτοῦ
1624 3996 1859 4065 ἐγένετο,

274 4099 458 4170 δῆλον,
499 4099 574 4161 ὼς
621 4096 940 4168 προϋπῆρχε
982 4093 1076 4146 τοῦ
1118 4093 1347 4163 κόσμου.
1398 4094 1513 4147 Οὐκ
1548 4092 1658 4164 ἄρα
1701 4092 1863 4163 μόνος

274 4191 347 4265 ἦν
368 4195 397 4245 6
428 4193 560 4254 Θεὸς
589 4191 695 4262 πρὸ
721 4190 823 4260 τῆς
858 4188 950 4242 τοῦ
982 4189 1189 4257 κόσμου
1234 4188 1543 4250 συστάσεως
1564 4202 1578 4217 ⁸
1613 4187 1776 4257 συνῆν
1802 4186 1860 4239 δὲ

277 4283 430 4353 αὐτῷ
457 4285 485 4334 6
504 4280 816 4351 Μονογενὴς
859 4278 1024 4333 αὑτοῦ
1053 4278 1202 4343 Υἱὸς,
1234 4279 1314 4339 είς
1344 4276 1403 4328 ὂν
1422 4274 1644 4346 ἀφορῶν
1682 4278 1711 4329 6
1751 4275 1862 4327 Πα-

273 4378 385 4447 τὴρ
430 4376 680 4445 ἔχαιρεν,
714 4374 791 4436 ὡς
827 4373 1064 4427 διδάσκει
1103 4369 1286 4434 αὐτὸς,
1316 4369 1390 4423 ὢν
1421 4369 1534 4439 (76)
1588 4370 1623 4438 ἡ
1675 4367 1855 4436 σοφία,

1970 3174 2086 3230 Una
2113 3175 2311 3230 etenim
2344 3188 2467 3228 cum
2506 3172 2597 3226 illo
2625 3173 2741 3227 solo
2775 3172 2903 3239 Deo,
2946 3180 3002 3228 et
3032 3176 3340 3244 unigenitus
3375 3178 3546 3247 ipsius

1965 3269 2133 3322 Filius
2157 3276 2274 3322 erat
2296 3274 2423 3321 ante
2452 3266 2639 3321 mundi
2666 3266 3078 3335 productionem
3106 3281 3121 3320 :
3149 3278 3204 3321 et
3231 3285 3352 3322 cum
3383 3270 3545 3326 Patre

1964 3357 2413 3411 conversabatur.
2458 3355 2571 3411 [loc
2612 3356 2813 3411 etenim
2843 3357 3061 3409 edocuit
3108 3357 3154 3410 is
3214 3359 3305 3427 qui
3356 3361 3539 3415 dixit:

1964 3448 2031 3503 In
2052 3447 2343 3502 novissimis
2354 3447 2435 3501 his
2456 3448 2656 3511 diebus,
2678 3448 2882 3500 locutus
2905 3458 2980 3499 est
3010 3448 3159 3501 nobis
3181 3450 3235 3502 in
3249 3447 3391 3503 Filio
3421 3467 3539 3516 suo,

1962 3555 2115 3609 quem
2145 3539 2319 3606 posuit
2351 3539 2610 3593 haeredem
2647 3539 2901 3605 omnium,
2948 3556 3040 3609 per
3068 3558 3220 3611 quem
3257 3552 3306 3595 et
3342 3549 3541 3598 saecula

1964 3633 2205 3687 condidit
2222 3633 2287 3686 “.
2316 3633 2381 3687 Et
2412 3634 2465 3686 in
2506 3632 2814 3688 Proverbiis
2845 3648 2940 3702 per
2971 3631 3341 3698 Salomonem,
3369 3635 3539 3690 Filius

1966 3728 2078 3798 ipse
2104 3729 2171 3782 de
2197 3742 2255 3781 se
2277 3727 2480 3790 docuit,
2508 3726 2639 3781 Cum
2672 3737 2883 3797 pararet
2912 3728 3118 3790 caelum,
3153 3729 3365 3781 aderam
3402 3730 3451 3783 ei
3470 3730 3535 3784 “.

1965 3818 2069 3873 Sed
2098 3827 2150 3874 et
2171 3818 2298 3872 Erat
2339 3819 2448 3888 ipse
2481 3818 2593 3885 lux,
2618 3818 2923 3873 illuminans
2947 3836 3147 3873 omnem
3168 3821 3427 3874 hominem
3453 3837 3540 3874 ve-

1964 3912 2187 3965 nientem
2206 3911 2260 3962 in
2280 3909 2416 3961 hunc
2437 3910 2687 3963 mundum
2703 3910 2765 3961 ⁸⁸.
2780 3907 3244 3978 Quandoquidem,
3260 3911 3327 3965 In
3344 3916 3539 3968 mundo

1962 4011 2158 4069 erat,et
2182 4005 2404 4055 mundus
2420 4016 2509 4068 per
2527 4001 2694 4064 ipsum
2718 3999 2893 4069 factus
2924 4001 3023 4069 fuit
3042 3999 3099 4053 “_
3122 4001 3272 4066 Quod
3296 4003 3339 4056 si
3366 4003 3539 4057 factus

1962 4092 2063 4147 fuit
2090 4108 2187 4164 per
2216 4094 2389 4163 ipsum
2426 4094 2679 4155 mundus,
2710 4101 2859 4146 certe
2894 4103 3039 4161 patet
3075 4092 3205 4148 illud
3238 4094 3381 4163 quod
3410 4108 3540 4149 ante

1964 4184 2221 4239 mundum
2259 4181 2434 4236 fuerat
2462 4182 2596 4250 ipse.
2626 4183 2887 4247 Quocirca
2921 4182 3090 4244 solus,
3119 4192 3243 4235 ante
3278 4183 3536 4239 mundum

1962 4275 2235 4329 conditum
2285 4288 2389 4328 non
2434 4283 2550 4327 erat
2599 4273 2737 4328 Deus
2776 4292 2789 4326 :
2836 4276 3261 4328 nouversabatur
3302 4291 3422 4329 cum
3470 4292 3536 4330 eo

1963 4367 2269 4436 unigenitus
2293 4364 2410 4433 ejus
2442 4364 2629 4430 Filius,
2667 4364 2718 4417 in
2746 4378 2906 4433 quem
2934 4379 3056 4417 cum
3089 4363 3253 4419 Pater
3285 4365 3533 4421 intueba-

274 4469 451 4535 λέγων
495 4469 552 4520 ἐν
597 4465 956 4537 Παροιμίαις·
1008 4461 1156 4532 Ἐγὼ
1202 4460 1366 4530 ἤμην
1400 4455 1441 4533 ᾖ
1494 4459 1857 4528 προσέχαιρε

1965 4466 2070 4519 tur,
2102 4456 2404 4525 gaudebat,
2442 4455 2584 4524 quod
2633 4455 2746 4523 ipse
2792 4467 2893 4507 nos
2925 4453 3138 4518 docuit,
3175 4454 3262 4509 illa
3306 4456 3359 4509 in
3398 4455 3532 4510 Pro-

274 4561 408 4615 καθ’
434 4558 683 4628 ἡμέραν.
719 4557 829 4610 Καὶ
870 4556 1032 4618 αὐτὸς
1059 4555 1117 4607 δὲ
1147 4556 1177 4608 6
1214 4554 1363 4618 Υἱὸς,
1411 4555 1533 4617 ταῖς
1561 4552 1856 4623 πατρικαῖς

272 4652 507 4715 ἐννοίαις
556 4650 876 4713 ὲνατενίζων
906 4688 920 4712 ,
986 4646 1327 4718 εὐφροσύνης
1388 4642 1729 4717 ἐπληροῦτο.
1765 4642 1857 4695 Διό

273 4758 464 4813 φησιν’
500 4741 930 4810 Ηὺφραινόμην
957 4738 1024 4791 δὲ
1062 4736 1319 4790 ἐνώπιον
1353 4737 1541 4791 αὐτοῦ
1571 4737 1642 4789 ἐν
1675 4733 1856 4789 παντὶ

270 4831 478 4901 καιρῷ.
530 4830 716 4886 Ταῦτα
751 4830 847 4901 μὲν
882 4831 915 4899 ἡ
948 4828 1186 4900 Χριστοῦ
1203 4827 1499 4898 Ἐκκλησία
1546 4828 1615 4881 τὰ
1656 4825 1856 4897 εὐσεϐῆ

269 4927 372 4981 καὶ
406 4927 524 4980 Θεῖα
555 4925 827 4996 μυστήρια
853 4920 1247 4977 παραλαϐοῦσα
1275 4920 1554 4990 φυλάττει.
1601 4920 1659 4971 '0
1692 4918 1746 4970 δὲ
1771 4917 1859 4970 λέ-

278 5052 341 5109 a4
380 5044 475 5098 Ed.
518 5044 695 5099 Paris.
732 5061 856 5114 pag.
893 5043 1018 5098 10-1.

350 5118 394 5145 ⁵³
435 5115 607 5171 lCor.
632 5109 763 5179 vm',
793 5109 847 5169 6.
961 5115 1005 5144 ⁸³
1044 5111 1212 5166 Hebr.
1264 5126 1315 5175 ι,
1360 5109 1416 5163 2.

271 5188 365 5239 '50.
442 5186 489 5217 “
529 5186 659 5239 ibid.

340 5283 430 5342 (70
483 5282 657 5335 Μόνον
681 5280 767 5334 ἀλ.
796 5299 849 5334 κ.
883 5298 978 5334 πο.
1010 5281 1056 5333 δ.
1093 5278 1252 5343 vulgo
1279 5293 1386 5330 om.

343 5282 453 5420 (71)
490 5351 683 5405 Οὐδὲν
731 5332 940 5419 ἕτερον)
975 5348 1054 5420 ἦν
1106 5348 1275 5417 πλὴν
1319 5365 1384 5401 το

343 5353 453 5423 (71)
490 5353 683 5405 Οὐδὲν
731 5353 935 5419 ἕτερον
975 5353 1054 5420 ἦν
1106 5353 1275 5417 πλὴν
1319 5353 1424 5401 τοῦ
1459 5353 1627 5401 Θεοῦ.
1686 5353 1839 5399 Solus

270 5423 418 5476 lteus
454 5436 571 5475 erat.
612 5434 863 5476 creatura
916 5424 1078 5485 nulla,
1119 5422 1220 5474 hoc
1251 5421 1411 5473 toties
1440 5421 1661 5489 urgebat
1695 5415 1839 5467 Mar-

1531 5108 1576 5139 “
1616 5107 1779 5162 Prov.
1828 5121 1948 5170 vm,
1996 5104 2086 5157 27.

1962 4548 2166 4603 verbiis
2196 4548 2495 4616 Sapientia,
2535 4547 2784 4616 inquiens
2809 4563 2823 4599 :
2860 4546 2971 4616 Ego
3000 4563 3143 4601 eram
3171 4550 3224 4600 in
3254 4563 3357 4617 qua
3402 4564 3537 4617 gau-

1961 4641 2112 4693 debat
2142 4639 2389 4692 continuo
2412 4637 2478 4690 ".
2525 4638 2628 4691 Sed
2671 4648 2728 4691 et
2768 4641 2995 4706 ipsemet
3031 4638 3196 4692 Filius
3226 4640 3537 4708 replebatur

1961 4729 2353 4793 oblectatione,
2398 4729 2522 4781 dum
2556 4730 2608 4781 iu
2660 4736 2910 4796 paternas
2960 4728 3316 4797 cogitationes
3352 4730 3533 4787 intue-

1964 4831 2133 4876 retur.
2162 4818 2424 4884 Quocirca
2453 4820 2615 4882 dixit,
2652 4818 2963 4872 Oblectabar
2997 4833 3172 4872 autem
3203 4837 3380 4874 coram
3414 4823 3535 4886 illo,
3602 4836 3604 4849 ν

1964 4916 2103 4965 omni
2158 4924 2381 4976 tempore
2418 4909 2485 4962 ⁸⁸.
2536 4906 2662 4963 Haec
2719 4921 2843 4964 sunt
2904 4910 2992 4964 illa
3043 4914 3294 4982 mysteria
3345 4926 3534 4967 sacro~

2196 5100 2242 5132 ⁶⁸
2278 5096 2437 5152 Joau.
2481 5113 2531 5163 ι,
2563 5100 2617 5155 9.

2711 5099 2757 5131 ⁸⁸
2796 5102 2925 5158 ibid.
2958 5102 3045 5157 10.
3118 5103 3182 5172 ,⁸⁷
3222 5100 3383 5157 Prov.
3411 5116 3533 5168 vut,

2048 5268 2137 5340 72)
2180 5266 2492 5340 Ἰουδαῖον,
2522 5266 2657 5340 Nam
2705 5264 2876 5323 Judaei
2907 5308 2923 5333 ,
2984 5267 3364 5337 paternitatem
3421 5265 3534 5321 Deo

490 5351 683 5405 Οὐδὲν
731 5334 940 5419 ἕτερον)
975 5348 1054 5420 ἦν
1106 5334 1275 5417 πλὴν
1319 5348 1424 5401 τοῦ
1459 5347 1627 5401 Θεοῦ.
1686 5344 1843 5420 $_olus

1965 5334 2334 5420 ίειεειῐιειξεξηιν
2354 5335 2524 5420 “Pssi-
2555 5334 2630 5420 δίς

2026 5409 2138 5481 (7‘5)
2193 5404 2562 5487 Μαρκέλλῳ..
2606 5405 2742 5459 Tum
2800 5404 3086 5487 legendum
3155 5404 3421 5487 Ἰουδαῖοι,
3476 5416 3533 5487 et

270 5475 464 5559 celius,
490 5475 681 5545 contra
730 5475 1025 5554 Asterium,
1066 5475 1172 5560 'qni
1214 5489 1486 5543 Christum
1506 5475 1841 5560 “creaturam

1965 5475 2750 5560 mppap'rupogmsg,_hi§.ergo
2772 5475 3361 5560 [ςροιιρηΜαρκέλλοψ
3386 5479 3530 5545 quod

271 5557 528 5622 docebat,
559 5565 650 5616 sed
708 5563 891 5615 multis
951 5557 1162 5615 seecuiis
1216 5560 1415 5613 mundo
1458 5557 1840 5625 antiquiorem.

272 5633 560 5696 Eusebius,
611 5633 823 5687 Asterio
856 5631 1174 5702 σύμψηφος,
1216 5629 1846 5702 arreptum_i_nterp_reta-

276 5685 602 5765 turvutfillic's,
637 5685 939 5771 denegata
966 5685 1084 5756 Filii
1125 5685 1444 5771 ‘hypost'asi.
1500 5697 1569 5754 Μ.
1604 5685 1840 5749 -ἰιιΐτιι

271 5777 433 5842 vulgo
460 5774 617 5828 αὑτὸν
661 5774 919 5841 κάκείνῳ.

1952 5545 2081 5608 ουίιί
2111 5545 2184 5604 ῐσ.
2213 5545 2264 5601 in
2292 5547 2401 5618 Mp.
2430 5556 2531 5618 est.
2567 5546 2647 5601 M.
2674 5574 2743 5585 —-
2772 5545 2891 5599 Mox
2928 5548 3086 5617 vulgo
3121 5545 3292 5615 λέγοι.

2026 5621 2140 5691 (⁷4)
2179 5619 2302 5691 Mss-
2343 5617 2513 5691 ἡμᾶςτ

2023 5685 2135 5761 (75)
2179 5688 2344 5755 Vulgo
2365 5685 2625 5761 ’ἐσχάτων
2655 5696 2712 5761 et
2740 5701 2857 5739 mox
2886 5685 3178 5761 réﬂé‘l‘twvil

2021 5756 2133 5833 (76)
2178 5761 2238 5815 Ἠ
2270 5759 2474 5827 σοφία,
2510 5758 2607 5810 καὶ
2636 5757 2849 5826 λόγων.
2880 5759 2970 5812 Sic
3000 5757 3209 5828 legend.
3244 5756 3321 5810 M.
