4082 6396
465 331 571 383 9ος

1138 326 1405 382 EUSEBII
1447 325 1930 381 CESARIENSIS
1969 325 2125 383 OPP.
2168 327 2349 383 PARS
2389 327 2474 382 ιν.
2522 357 2590 367 --
2631 326 3050 382 DOGMATICA.

3629 333 3737 390 HM

469 457 673 510 sancta,
704 459 824 515 qure
854 443 1019 498 semel
1058 452 1277 512 accepta
1321 442 1521 497 Christi
1557 442 1794 497 Ecclesia
1830 443 1917 512 pie
1953 458 2044 496 cu-

2166 464 2287 514 γων,
2322 464 2340 497 ι
2381 448 2550 517 μήπω
2597 445 2690 498 τοῦ
2744 445 2950 514 κόσμου
2999 443 3284 512 γεγονότος
3333 442 3500 514 μηδὲν
3550 442 3742 514 ἕτερον

468 540 654 593 studit.
681 537 728 592 ls
760 551 912 601 vero,
939 535 1029 606 qui
1051 545 1254 600 tuetur,
1274 553 1291 585 ι
1321 543 1446 589 ante
1465 535 1721 589 mundum
1753 537 2050 600 conditum,

468 632 602 685 nihil
620 639 813 698 praeter
835 627 1010 682 solum
1032 627 1198 681 Deum
1217 625 1518 691 exstitisse,
1546 644 1564 678 ›
1596 640 1626 680 e
1653 626 1863 681 duobus
1887 643 2051 680 unum

471 721 776 778 necessario
808 719 1108 784 constituit,
1138 717 1432 774 Sabellium
1475 732 1553 782 se,
1584 717 1666 772 vel
1697 716 1964 772 Judaeum.
1989 723 2048 782 >14

469 813 603 867 Nam
633 813 676 867 si
713 812 780 866 de
805 811 888 866 sui
923 796 1085 866 animi
1122 809 1390 865 sententia
1427 808 1623 864 Filium
1659 820 1842 880 neget,
1875 809 2052 864 solum

471 906 638 960 Deum
669 902 966 974 professus,
1009 900 1228 957 Iudaeus
1276 910 1359 956 est
1405 902 1496 972 qui
1544 900 1821 958 Christum
1859 903 2052 971 rejicit.

475 997 567 1051 Vel
589 998 632 1052 si
665 995 842 1051 Verbo
873 1006 1030 1051 tenus
1060 994 1304 1066 agnoscit
1330 993 1456 1049 Filii
1488 993 1848 1058 vocabulum,
1876 993 2053 1063 ipsum

471 1098 649 1144 autem
682 1087 878 1143 Filium
912 1102 1032 1143 esse
1068 1102 1236 1142 unum
1267 1085 1437 1141 Deum
1479 1085 1648 1152 dicat,
1676 1101 1843 1139 unum
1893 1093 2056 1155 atque

471 1182 743 1249 eumdem,
771 1180 845 1236 ita
873 1188 930 1235 et
959 1178 1173 1233 Patrem
1204 1189 1258 1234 et
1284 1179 1486 1233 Filium
1513 1177 1893 1233 arbitrabitur.
1919 1177 2054 1232 Nam

473 1276 518 1330 si
549 1282 676 1331 ante
702 1274 986 1340 mundum,
1007 1272 1143 1328 nihil
1171 1270 1421 1328 exstabat
1451 1272 1610 1342 plane
1636 1282 1834 1340 praeter
1863 1271 2054 1338 Deum,

474 1370 588 1440 ipse
623 1368 708 1425 vel
751 1367 913 1424 Pater
939 1374 995 1424 et
1027 1366 1196 1423 Filius
1250 1366 1414 1423 simul
1449 1367 1596 1422 erit:
1642 1366 1724 1422 vel
1758 1376 1910 1423 certe
1951 1382 2056 1422 non

472 1461 721 1530 genuerit
758 1460 951 1516 ﬁlium.

1120 1553 1271 1610 CAP.
1316 1552 1405 1609 Ill.

473 1644 748 1710 Quomodo
786 1645 882 1699 Dei
923 1643 1148 1698 Verbum
1191 1647 1245 1698 in
1293 1644 1402 1698 Deo
1441 1643 1717 1708 eminens,
1747 1645 1861 1699 sine
1910 1645 2058 1714 prin-

841 1717 976 1784 cipio
1004 1715 1258 1783 deﬁnivit,
1287 1725 1336 1768 et
1370 1715 1690 1783 ingenitum.

541 1807 649 1862 Sed
698 1806 912 1861 videtur
950 1804 1233 1860 Marcellus
1263 1818 1409 1869 eum,
1439 1805 1530 1873 qui
1567 1805 1619 1858 in
1659 1805 1767 1858 Deo
1800 1815 1922 1859 erat
1956 1804 2057 1859 Lo-
2089 1824 2132 1879 Β

474 1914 600 1968 gon,
636 1898 930 1954 secundum
965 1912 1125 1968 quem
1164 1897 1368 1966 logicos
1416 1895 1756 1966 intelligitur,
1804 1897 2052 1949 eumdem

473 2002 595 2040 esse
635 1993 687 2040 et
717 1986 912 2040 Filium
951 1986 1245 2041 arbitrari:
1277 1995 1340 2040 ut
1376 1986 1451 2040 ita
1485 1985 1601 2054 ipse
1647 1987 1718 2039 sit
1757 1985 1839 2040 sui
1889 1985 2059 2053 ipsius

476 2076 662 2142 Pater,
689 2087 744 2132 et
771 2091 802 2130 e
831 2090 1092 2131 converso
1119 2075 1203 2130 sui
1233 2074 1405 2146 ipsius
1433 2075 1625 2130 Filius.
1656 2077 1875 2131 Audisis
1905 2091 2057 2146 ergo,

473 2184 595 2237 qua:
625 2168 846 2222 totidem
875 2168 1054 2225 verbis
1077 2170 1298 2240 scripsit
1323 2186 1339 2224 :
1370 2167 1442 2242 [Β
1479 2168 1612 2223 XCII
1645 2169 1774 2224 coll.
1801 2185 1855 2240 p.
1889 2170 1959 2225 59
1989 2169 2051 2242 Β]

479 2281 498 2314 ι
540 2263 684 2316 Ante
739 2261 979 2317 universi
1031 2262 1445 2328 conditionem,
1494 2271 1653 2328 erat,
1705 2271 1768 2316 ut
1819 2262 2054 2327 videtur,

478 2372 499 2404 ε
547 2353 704 2423 quies
733 2352 873 2418 alta,
920 2352 975 2407 in
1025 2351 1138 2408 Deo
1183 2353 1361 2409 Verbo
1411 2353 1713 2410 exsistente
1759 2354 1861 2411 τεεί
1915 2353 2060 2408 enim

479 2462 500 2496 ι
547 2443 735 2499 credat
768 2444 1015 2500 Asterius
1053 2442 1222 2499 Deum
1256 2457 1379 2500 esse
1413 2444 1654 2500 universi
1698 2443 2058 2509 conditorem,

480 2553 500 2585 ι
547 2544 692 2588 certe
735 2535 888 2590 nobis
932 2534 1062 2589 illud
1108 2549 1474 2590 concessurus
1500 2543 1620 2600 est,
1653 2533 1802 2590 illum
1847 2549 2063 2604 semper

481 2644 501 2678 ι
548 2628 848 2692 exstitisse,
892 2641 1169 2697 nunquam
1221 2627 1521 2683 exsistendi
1566 2627 1897 2697 principium
1938 2639 2060 2682 sor-

481 2736 500 2768 e
550 2720 726 2783 titnm,
769 2719 953 2772 omnia
1001 2727 1182 2772 autem
1235 2717 1304 2772 ab
1353 2717 1444 2772 illo
1475 2717 1620 2772 facta
1678 2717 1872 2782 fuisse,
1915 2717 2063 2771 etde

481 2829 502 2862 ε
548 2810 718 2864 nihilo
766 2809 974 2864 facta.»
1028 2809 1189 2865 Vides
1227 2818 1291 2864 ut
1339 2809 1510 2864 Deum
1554 2817 1804 2864 statuens
1856 2809 2063 2876 absque

476 2903 623 2955 omni
659 2901 922 2972 principio
953 2898 1193 2956 Verbum
1223 2901 1370 2971 quod
1411 2901 1464 2956 in
1504 2900 1596 2956 illo
1625 2908 1766 2967 erat,
1799 2901 1851 2955 in
1881 2902 2064 2970 quiete

477 2991 709 3053 statuit,
763 2999 890 3045 ante
963 2989 1150 3046 mundi
1227 2990 1612 3054 condituram,
1678 2990 2060 3046 constitutum.

478 3081 666 3153 Pergit
698 3096 880 3152 porro,
924 3090 980 3137 et
1014 3081 1258 3152 adjungit
1303 3099 1318 3135 :
1371 3099 1392 3134 ι
1433 3079 1492 3136 Si
1541 3081 1687 3136 istud
1731 3081 1958 3148 credat,
2009 3091 2064 3136 et

2157 533 2296 590 εἶναι
2336 539 2476 608 πλὴν
2505 535 2641 589 Θεοῦ
2681 537 2866 606 μόνου,
2900 556 2917 586 υ
2956 535 3102 588 δυεῖν
3127 534 3354 605 θάτερον
3382 533 3576 586 ἑαυτὸν
3613 535 3744 587 ὅντα

2157 631 2419 701 παρίστη,
2453 629 2486 699 ἢ
2533 629 2807 690 Ἰουδαῖον,
2837 628 2870 698 ἦ
2900 626 3210 680 Σαδέλλιον.
3245 627 3314 678 Ἢ
3359 625 3468 696 γὰρ
3513 624 3746 678 αὐτόθεν

2156 720 2484 791 ἀρνούμενος
2521 720 2614 772 τὸν
2662 719 2809 782 Υίὸν,
2841 718 2974 770 Θεὸν
3005 717 3063 770 δὲ
3118 717 3278 787 μόνον
3312 716 3568 786 εἰσάγων,
3608 716 3744 770 Ἰου-

2155 813 2304 875 δαῖος
2373 811 2526 864 ἔσται
2574 811 2667 864 τὸν
2713 809 2949 882 Χριστὸν
3003 808 3421 880 ἀρνούμενοςοῆ
3460 809 3623 880 μέχρι
3659 807 3750 861 λό-

2156 921 2252 973 γου
2283 903 2398 976 (77)
2426 903 2524 975 τὴν
2556 903 2651 956 τοῦ
2669 902 2794 956 Υίοῦ
2812 902 3114 974 πρόσρησιν
3144 901 3561 972 ἀποδεχόμενος,
3579 903 3750 956 αὐτὸν

2155 998 2198 1049 δ’
2234 992 2374 1049 εἶναι
2408 995 2636 1066 φάσκων
2671 995 2765 1048 τὸν
2819 995 2919 1049 ἕνα
2961 993 3115 1058 Θεὸν,
3174 994 3300 1047 Υίὸν
3331 993 3466 1064 ὁμοῦ
3500 993 3614 1063 (78)
3650 995 3750 1046 καὶ

2157 1089 2396 1160 Πατέρα,
2425 1088 2517 1141 τὸν
2546 1086 2832 1140 Σαδέλλιον
2855 1085 3236 1140 ἐνανεὼσεται.
3271 1085 3334 1138 Ei
3364 1084 3473 1157 γὰρ
3508 1084 3615 1157 πρὸ
3647 1083 3748 1137 τοῦ

2157 1179 2362 1250 κόσμου
2395 1177 2549 1232 οὐδὲν
2575 1177 2763 1248 ἕτερον
2792 1173 2861 1248 ἦν
2891 1176 3030 1248 πλὴν
3053 1176 3211 1243 Θεοῦ,
3264 1175 3426 1239 αὐτὸς
3451 1175 3602 1229 ἔσται
3633 1175 3747 1228 Πα-

2157 1268 2259 1340 τὴρ
2283 1269 2378 1322 καὶ
2404 1269 2552 1334 Υἱὸς,
2584 1270 2616 1340 ἦ
2645 1269 2764 1322 οὐδὲ
2792 1268 2902 1334 ἕξει
2937 1270 3068 1322 υἱόν.

2831 1541 2986 1593 ΚΕΦ.
3030 1540 3104 1592 Γ’.

2161 1623 2360 1689 Ὅπως
2385 1624 2495 1678 τὸν
2514 1627 2708 1696 Λόγον
2736 1627 2842 1681 τοῦ
2868 1627 3017 1682 Θεοῦ
3044 1629 3113 1682 ἐν
3143 1625 3226 1692 τῷ
3253 1625 3375 1692 Θεῷ
3394 1626 3542 1681 ὄντα
3561 1626 3748 1696 ἄναρ-

2378 1713 2493 1765 χον
2515 1693 2670 1753 εἶναι
2695 1698 2794 1751 καὶ
2834 1698 3169 1767 ἀγέννητον
3206 1697 3462 1766 ὡρίζετο.

2243 1787 2380 1840 Ἀλλ’
2411 1787 2558 1842 ἔοικε
2584 1789 2904 1860 Μάρκελλος
2919 1790 3011 1844 τὸν
3039 1792 3096 1844 ὲν
3128 1789 3280 1855 αύτῷ
3309 1788 3387 1860 τῷ
3415 1788 3536 1861 Θεῷ
3551 1789 3752 1859 Λόγον,

2160 1881 2280 1934 καθ’
2296 1880 2357 1936 ὃν
2373 1882 2587 1951 λογικὸς
2616 1885 2837 1945 νοεῖται,
2853 1882 3040 1936 τοῦτον
3065 1878 3204 1936 εἶναι
3234 1883 3465 1952 φάσκειν
3480 1883 3572 1936 τὸν
3595 1882 3752 1936 Υίόψ

2159 1973 2300 2028 ὥστε
2327 1970 2467 2028 εἶναι
2500 1974 2665 2027 αὐτὸν
2689 1974 2884 2028 ἑαυτοῦ
2919 1974 3140 2046 Πατέρα
3167 1974 3263 2029 καὶ
3286 1971 3353 2028 αὖ
3391 1975 3554 2029 πάλιν
3584 1976 3755 2029 αὑτὸν

2161 2066 2356 2120 ἑαυτοῦ
2384 2067 2533 2122 Υίόν.
2567 2067 2902 2122 Ἐπάκουσον
2927 2067 3058 2136 γοῦν
3095 2065 3202 2120 τῶν
3242 2067 3408 2121 αὑτοῦ
3433 2067 3648 2137 φωνῶν,
3683 2069 3752 2121 δι’

2159 2152 2233 2213 ὧν
2264 2157 2452 2212 τοῦτον
2492 2158 2696 2229 γράφει
2731 2158 2825 2212 τὸν
2869 2159 3069 2230 τρόπον
3096 2175 3109 2190 ο
3149 2177 3165 2208 r
3205 2159 3319 2232 Πρὸ
3360 2159 3470 2231 γὰρ
3513 2160 3615 2230 τῆς
3661 2161 3756 2232 δη-

2166 2267 2185 2300 (
2231 2249 2519 2320 μιουργίας
2561 2249 2783 2319 ἀπάσης
2827 2247 3030 2318 ἡσυχία
3050 2265 3133 2311 τις
3170 2243 3259 2319 ἦν,
3292 2249 3369 2312 ὠς
3396 2248 3566 2315 εἰκὸς,
3597 2249 3756 2312 ὄντος

2167 2360 2185 2392 ι
2222 2343 2280 2395 ὲν
2303 2341 2381 2412 τῷ
2407 2340 2526 2413 Θεῷ
2555 2341 2650 2395 τοῦ
2682 2341 2878 2408 Λόγου.
2901 2341 2964 2394 Εἰ
2993 2340 3101 2412 γὰρ
3130 2342 3362 2414 ποιητὴν
3380 2342 3640 2395 ἁπάντων
3662 2341 3759 2394 τὸν

2169 2453 2187 2485 t
2225 2433 2358 2486 Θεὸν
2423 2433 2701 2504 Ἀστέριος
2755 2433 3120 2487 πεπίστευκεν
3173 2428 3352 2498 εἷναι,
3437 2433 3600 2504 δῆλον
3673 2434 3759 2487 ὅτι

2167 2543 2187 2577 ι
2230 2525 2652 2596 συνομολογήσει
2687 2526 2822 2596 ἡμῖν
2855 2525 2952 2578 καὶ
2985 2525 3168 2588 αὐτὸς,
3201 2525 3292 2579 τὸν
3325 2525 3426 2597 μὲν
3460 2527 3551 2578 ἀεὶ
3573 2526 3760 2596 ὑπάρ-

2169 2634 2188 2667 t
2229 2633 2344 2688 χειν
2362 2657 2377 2682 ,
2417 2617 2552 2686 μηδὲ
2583 2615 2806 2672 πώποτε
2837 2616 3010 2688 ἀρχὴν
3035 2616 3129 2670 τοῦ
3165 2615 3306 2670 εἶναι
3336 2617 3595 2682 λαϐόντα,
3622 2619 3754 2672 τάδε

2170 2725 2188 2759 ι
2227 2706 2555 2777 γεγενῆσθαί
2598 2723 2660 2759 τε
2691 2706 2799 2760 ὑπὸ
2823 2705 3012 2770 αὑτοῦ,
3056 2706 3150 2761 καὶ
3179 2706 3238 2772 ὲξ
3269 2708 3371 2761 οὐκ
3397 2708 3569 2762 ὄντων
3598 2727 3760 2778 γεγε-

2169 2817 2188 2851 (
2229 2798 2443 2870 νῆσθαι.
2476 2817 2496 2850 ι
2546 2799 2708 2872 Ὁρᾷς
2751 2799 2922 2864 ὅπως,
2960 2799 3053 2852 τὸν
3085 2799 3217 2853 Θεὸν
3247 2801 3483 2872 ἄναρχον
3513 2803 3760 2874 ὑποστη-

2166 2891 2424 2962 σάμενος,
2444 2891 2537 2945 τὸν
2563 2891 2737 2960 Λόγον
2760 2892 2818 2944 ὲν
2850 2890 3000 2962 αὑτῷ
3016 2890 3144 2944 ὄντα
3164 2893 3222 2945 ὲν
3251 2893 3456 2964 ἡσυχίᾳ
3477 2890 3621 2950 εἶναι
3651 2898 3763 2968 πρὸ

2164 2983 2264 3054 τῆς
2288 2983 2649 3056 δημιουργίας
2673 2983 2784 3056 (79)
2816 2983 2944 3056 ἔφη,
2980 2984 3074 3038 καὶ
3100 2983 3307 3056 προῖὼν
3330 2985 3461 3055 ἑξῆς
3489 2986 3759 3056 ἐπιλέγει-

2170 3094 2189 3126 t
2228 3076 2291 3129 Et
2317 3075 2498 3129 τοίνυν
2543 3076 2704 3129 τοῦτο
2747 3075 3018 3143 πιστεύει,
3065 3076 3281 3148 ἀνάγκη
3329 3077 3494 3130 αὑτὸν
3538 3079 3764 3132 κάκεῖνο

484 3191 505 3224 ς
553 3173 684 3229 illud
740 3189 956 3245 quoque
1019 3187 1142 3232 eum
1210 3172 1372 3228 fateri
1447 3185 1672 3228 necesse
1732 3181 1853 3240 est,
1923 3175 2062 3244 quod

2176 3186 2195 3219 ι
2235 3167 2636 3240 συνομολογεῖν,
2658 3169 2739 3222 ὅτι
2766 3168 2905 3240 πλὴν
2931 3167 3088 3234 Θεοῦ,
3111 3169 3265 3224 οὐδὲν
3284 3170 3371 3222 ἒτε
3381 3188 3472 3242 ρον
3493 3166 3582 3242 ἦν.
3602 3169 3763 3243 Εἷχεν

483 3283 503 3316 ι
549 3263 706 3332 plane
741 3275 938 3334 prater
973 3264 1146 3319 Deum
1181 3263 1314 3319 nihil
1341 3273 1458 3318 erat
1485 3262 1654 3319 aliud.
1689 3263 2064 3336 Habuitergo,

483 3374 503 3407 ε
557 3347 788 3412 Verbum
841 3357 895 3411 in
971 3355 1132 3412 Patre
1201 3355 1539 3423 subsistens,
1589 3371 1748 3412 suam
1819 3358 2066 3428 peculia-

484 3465 504 3500 ι
553 3462 666 3502 rem
717 3447 965 3518 gloriam.
992 3466 1011 3500 ι
1053 3447 1190 3503 Hine
1213 3447 1506 3518 profectus,
1540 3455 1596 3504 et
1640 3456 1930 3514 aeternum,
1966 3451 2068 3505 hoc

479 3549 564 3594 est
593 3539 888 3610 ingenitum
915 3553 1036 3594 esse
1066 3537 1299 3594 Verbum
1336 3538 1693 3609 pronuntiat:
1724 3536 1818 3609 [Β.
1852 3538 2067 3595 XLVIII

480 3632 608 3689 coll.
638 3648 690 3701 p.
715 3631 786 3686 55
817 3631 882 3704 C]
917 3650 936 3684 ι
964 3631 1132 3686 Audis
1180 3645 1312 3702 ergo
1356 3629 1594 3701 Spiritus
1646 3631 1828 3688 sancti
1865 3647 2068 3688 conso-

486 3744 505 3776 ι
556 3725 825 3791 naritiam,
854 3725 945 3796 qui
989 3739 1090 3795 per
1134 3724 1336 3779 multas
1381 3735 1436 3778 et
1479 3725 1726 3780 diversas
1768 3738 2064 3795 personas,

488 3837 507 3868 ι
557 3817 716 3874 Verbi
750 3818 1044 3874 aeternitati
1078 3817 1450 3872 testimonium
1487 3817 1756 3886 perhibet.
1787 3835 1806 3869 ι
1843 3817 1912 3872 Ει
1943 3833 2067 3872 rur-

484 3925 617 3964 sus:
656 3928 674 3960 ι
707 3909 771 3963 Et
807 3910 879 3965 ob
931 3909 1036 3965 hoc
1086 3909 1264 3979 ipsum
1323 3908 1606 3963 exorditur
1645 3909 1715 3964 ab
1762 3913 2070 3964 aeternitate

491 4019 509 4051 ι
557 3996 740 4063 Verbi,
779 3997 848 4052 In
874 3999 1134 4068 principio
1174 4009 1284 4053 erat
1320 3997 1573 4064 Verbum,
1601 4007 1652 4054 et
1696 3997 1924 4053 Verbum
1955 4009 2068 4054 erat

491 4108 512 4141 ι
560 4091 700 4158 apud
731 4088 921 4156 Deum,
947 4101 995 4144 et
1025 4089 1168 4143 Deus
1210 4101 1320 4144 erat
1369 4089 1597 4144 Verbum
1625 4089 1692 4144 ".
1729 4089 1929 4146 Tribus
1980 4091 2068 4146 hic

491 4200 512 4234 ι
553 4183 824 4238 continuis
856 4183 1181 4238 testimoniis
1213 4198 1343 4238 usus
1370 4183 1731 4238 aeternitatem
1761 4182 1920 4239 Verbi
1953 4182 2069 4237 vult

491 4294 511 4326 ι
557 4275 973 4330 οοηειειὺίιίεε.»
1028 4273 1276 4341 Qualiter
1326 4288 1455 4329 vere
1499 4273 1736 4328 Verbum
1779 4275 2064 4329 counitnm

482 4378 606 4424 crat
636 4368 768 4432 Deo,
793 4377 850 4422 et
877 4382 1002 4422 cum
1035 4366 1128 4421 illo
1153 4381 1256 4419 una
1289 4365 1616 4435 ingenitum,
1653 4374 1868 4420 tueatur
1888 4380 2067 4435 operae

483 4462 717 4531 pretium
753 4469 871 4526 est,
919 4468 978 4514 ut
1027 4457 1196 4529 ipsius
1241 4458 1422 4514 verbis
1469 4457 1710 4527 positum
1760 4456 2063 4512 audiamus.

2175 3280 2194 3312 ι
2235 3257 2330 3315 οὖν
2359 3262 2462 3332 τὴν
2507 3261 2716 3316 οἰκείαν
2742 3261 2899 3327 δόξαν
2924 3264 2953 3316 ὸ
2981 3263 3177 3331 Λόγος,
3209 3262 3286 3317 ὢν
3315 3266 3374 3317 ἐν
3403 3264 3484 3335 τῷ
3508 3266 3704 3337 Πατρί.
3737 3287 3756 3318 ι

2179 3350 2458 3406 Ἐντεῦθεν
2501 3353 2748 3418 είκότως,
2789 3354 2884 3407 καὶ
2943 3353 3134 3422 ἀΐδιον,
3191 3355 3494 3410 τοῦτ’ἓστιν
3538 3358 3762 3430 ἀγέννη-

2165 3461 2280 3510 τον,
2310 3440 2451 3498 εῒναί
2481 3462 2615 3517 φησι
2648 3445 2740 3499 τὸν
2775 3447 2970 3514 Λόγον,
3004 3441 3108 3502 ὧδε
3152 3448 3415 3519 γράφων·
3445 3470 3462 3501 ι
3514 3450 3759 3514 Ἀκούεις

2173 3555 2192 3589 t
2233 3537 2414 3590 τοίνυν
2443 3537 2547 3608 τῆς
2577 3539 2899 3610 συμφωνίας
2928 3539 3021 3593 τοῦ
3062 3540 3221 3608 ἁγίου
3263 3541 3612 3612 Πνεύματος,
3665 3544 3755 3596 διὰ

2174 3646 2194 3679 ι
2232 3628 2440 3682 πολλῶν
2466 3630 2560 3684 καὶ
2585 3630 2861 3702 διαφόρων
2883 3631 3190 3702 προσώπων
3213 3636 3279 3704 τῇ
3300 3633 3392 3687 τοῦ
3416 3635 3590 3702 Λόγου
3611 3651 3755 3706 μαρ-

2174 3739 2194 3773 ι
2233 3722 2501 3794 τυρούσης
2532 3723 2819 3795 ἀΐδιότητι.
2863 3743 2881 3774 ι
2913 3725 3024 3779 Καὶ
3053 3724 3245 3778 πάλινο
3283 3743 3302 3777 ι
3343 3725 3452 3779 Καὶ
3481 3726 3572 3779 διὰ
3597 3726 3759 3780 τοῦτο

2174 3834 2192 3866 t
2239 3814 2466 3886 ἄρχεται
2498 3815 2598 3886 μὲν
2643 3815 2752 3868 ἀπὸ
2795 3816 2897 3886 τῆς
2934 3817 3236 3887 ἀῖδιότητος
3272 3817 3368 3872 τοῦ
3399 3819 3596 3887 Λόγου,
3654 3821 3762 3874 Ἐν

2173 3927 2195 3962 ι
2227 3908 2388 3980 ἀρχῇ
2427 3905 2508 3980 ἦν
2532 3907 2648 3980 (80)
2680 3912 2715 3964 ό
2750 3910 2962 3978 Λόγος,
3001 3910 3199 3979 λέγων,
3245 3911 3344 3964 καὶ
3392 3915 3426 3966 ό
3465 3913 3657 3981 Λόγος
3683 3909 3766 3981 ἦν

2173 4019 2192 4053 ι
2241 4000 2390 4070 πρὸς
2409 4001 2518 4054 τὸν
2538 3999 2707 4065 Θεὸν,
2728 4001 2828 4055 καὶ
2855 4002 3002 4067 Θεὸς
3021 3998 3147 4073 ἦνό
3166 4005 3383 4072 Λόγος·
3401 4003 3578 4075 τρισὶν
3601 4004 3767 4057 ἐπαλ-

2174 4111 2194 4145 e
2239 4093 2418 4164 λήλοις
2435 4093 2760 4167 μαρτυρίαις
2787 4092 3070 4165 χρώμενος
3100 4094 3199 4166 τὴν
3233 4095 3513 4167 ἀῖδιότητα
3543 4097 3638 4150 τοῦ
3656 4097 3772 4150 Λό-

2176 4207 2193 4239 ι
2234 4205 2333 4256 γου
2351 4186 2624 4242 δεικνύναι
2641 4187 2912 4258 βούλεται.
2939 4207 2959 4240 ι
2984 4189 3172 4253 Ὅπως
3188 4188 3246 4242 δὲ
3275 4187 3516 4260 ἡνῶσθαι
3550 4188 3628 4259 τῷ
3644 4188 3766 4261 Θεῷ

2169 4283 2264 4336 καὶ
2279 4282 2675 4352 συναγέννητον
2697 4275 2834 4334 εῖναι
2861 4279 3012 4350 αύτῷ
3030 4279 3122 4333 τὸν
3157 4279 3332 4349 Λόγον
3364 4280 3592 4350 ἔφασκε,
3623 4280 3768 4352 πάρ-

2169 4391 2314 4428 εστιν
2341 4373 2507 4427 αὑτοῦ
2537 4371 2861 4438 ἐπακοῦσαι,
2906 4365 3010 4426 ὧδὲ
3055 4388 3133 4443 πη
3174 4371 3446 4441 λέγοντος·
3472 4389 3493 4424 ι
3526 4371 3640 4443 Τὴν
3667 4373 3764 4442 μὲν

2171 4467 2315 4520 κατά
2337 4467 2518 4539 σάρκα
2562 4466 2877 4537 οἰκονομίαν
2894 4464 2970 4536 τῷ
2990 4464 3262 4537 ἀνθρώπῳ
3291 4465 3569 4535 διαφέρειν
3601 4463 3769 4533 γινώ-

490 4529 512 4605 ὲ
537 4551 999 4621 Dispensationem
1015 4549 1232 4620 quidem
1260 4549 1499 4618 inparue
1529 4547 1671 4604 illius
1693 4548 1760 4603 ad
1796 4548 2062 4604 hominem

2177 4529 2535 4632 σκομενοπὴν
2562 4559 2621 4613 δὲ
2647 4529 2791 4613 κατά
2833 4529 3051 4630 πνεῦμα
3093 4529 3374 4630 ἀῖδιότητα
3395 4529 3646 4629 -ήνῶσθαι
3686 4556 3772 4628 τῷ

487 4651 738 4712 spectare
769 4640 1120 4712 intelligimus
1149 4659 1163 4694 :
1203 4650 1260 4695 at
1291 4655 1441 4706 vero,
1471 4639 1774 4695 secundum
1811 4638 2064 4709 spiritum

487 4732 851 4787 aeternitatem
898 4733 1019 4802 ejus
1091 4732 1300 4787 unitam
1373 4747 1497 4786 cum
1560 4731 1726 4787 Patre
1792 4730 2070 4786 credimus

486 4839 626 4880 esse.
661 4842 683 4876 ι

1131 4913 1288 4971 CAP.
1344 4912 1433 4969 IV.

526 5017 585 5076 ᾗ
630 5008 907 5075 Quomodo
947 5023 1128 5077 unum,
1153 5016 1308 5077 atque
1333 5006 1473 5060 idem
1501 5021 1610 5061 esse
1638 5007 1849 5062 verbum
1878 5015 2034 5076 atque

1094 5076 1267 5131 Deum
1289 5077 1449 5134 dixit.

559 5172 663 5239 Qui
693 5173 760 5226 ad
792 5172 936 5226 hunc
978 5169 1195 5224 modum
1245 5169 1298 5223 in
1341 5169 1452 5223 Deo
1494 5168 1718 5223 verbum
1768 5182 1892 5223 esse
1940 5182 2074 5223 con-

563 5295 622 5352 is
658 5287 755 5342 Ed.
777 5285 952 5342 Paris.
975 5301 1101 5356 pag.
1139 5282 1400 5351 105,“)6.

585 5361 606 5390 ’
645 5356 802 5412 Joan.
831 5374 871 5423 ι,
901 5359 954 5411 l.

563 5453 675 5521 (77)
713 5451 776 5506 Ἠ
796 5451 971 5521 μέχρι
1002 5451 1210 5521 ᾅόγοψ.
1242 5447 1406 5521 Forte
1435 5445 1719 5521 p.6vou._M.

563 5454 652 5515 (77
713 5454 776 5506 Ἠ
796 5454 971 5521 μέχρι
1002 5454 1210 5519 λόγου.
1245 5454 1406 5501 Forte
1435 5454 1614 5515 μόνου.
1647 5454 1719 5500 Μ.

563 5454 675 5592 (78ζ
722 5523 831 5592 καὶ
861 5519 1094 5589 Πατέρα
1143 5518 1557 5592 ﬂaverint-grai.
1597 5517 1916 5592 Eoi-te,_Eva
1979 5517 2072 5592 καὶ

493 5586 665 5645 αὑτὸν
685 5591 988 5661 νομίσεται,
1014 5586 1121 5643 huc
1141 5586 1770 5661 gst_.‘_S_abellii_tuebitur
1796 5589 2067 5661 haeresim.

495 5663 685 5714 Addidi
716 5654 780 5714 ex
817 5663 974 5716 codd.
1005 5661 1096 5713 τὸν
1138 5656 1429 5726 Σαϐελλιον
1463 5654 1536 5709 cf.
1569 5671 1622 5726 p.
1662 5656 1763 5708 107
1811 5656 1850 5709 Ι)
1882 5659 1977 5712 lin.
2011 5656 2069 5709 In

497 5735 601 5800 line
630 5732 839 5797 plenius
887 5731 1081 5800 leges,“
1108 5727 1338 5800 ﬂaz'rtb;
1371 5725 1531 5800 ἔσται
1577 5726 1946 5800 Πατὴρμὸμοῦ
1978 5728 2073 5800 καὶ

495 5795 696 5870 Υίὸς,ἧ
725 5795 1307 5866 ὃλως,οῠθ’ἒξει’Υίὸν,
1335 5797 1382 5851 ei
1411 5797 1511 5852 hoc
1534 5808 1616 5852 est
1644 5795 1973 5853 Jut't‘aismus.
2000 5796 2071 5850 Μ.

2175 4652 2351 4724 Πατρί
2384 4651 2848 4722 πεπιστεύκαμεν.
2891 4669 2910 4704 ι

2829 4921 2986 4974 ΚΕΦ.
3029 4922 3104 4973 Δθ.

2179 5010 2378 5076 Ὅπως
2398 5010 2468 5064 ἓν
2490 5012 2586 5067 καί
2606 5014 2794 5067 αὐτὸν
2819 5009 2974 5137 eiEi-gr
3001 5012 3108 5067 τὸν
3137 5014 3333 5083 Λόγον
3356 5014 3453 5065 καὶ
3485 5011 3593 5065 τὸν
3614 5009 3770 5064 Θεὸν

2890 5124 2903 5136 .
2965 5099 3051 5137 τε.

2890 5099 3051 5153 .4;εγε.

2251 5171 2452 5227 Τοῦτον
2492 5173 2605 5245 (81)
2647 5174 2714 5245 δὴ
2750 5175 2842 5229 τὸν
2873 5175 3073 5246 τρόπον
3107 5177 3165 5229 ἐν
3192 5174 3271 5245 τῷ
3300 5174 3422 5245 Θεῷ
3441 5175 3570 5237 δοὺς
3621 5169 3771 5227 εἶναι

2176 5451 2421 5576 «Ilum
2454 5454 2524 5578 τὰ
2561 5455 2620 5509 δὲ
2659 5473 2782 5524 γεγ.
2821 5455 3100 5511 transtulit
3126 5455 3298 5511 Mont.
3333 5457 3513 5510 omnia
3537 5454 3768 5526 (πάντα)

2178 5536 2245 5576 au
2277 5541 2362 5577 em
2395 5541 2456 5578 es
2489 5566 2502 5578 .

2178 5536 2362 5577 autem
2395 5536 2502 5580 85L

2391 5595 2489 5672 _S_ic_
2512 5594 2659 5672 Mp_.;_
2687 5595 2852 5672 codd1
2869 5606 2945 5672 et_
2962 5598 3123 5666 vulgo
3152 5599 3237 5668 ἐφ’

2248 5661 2581 5740 (§l_l)__Vulgo:
2599 5664 2692 5740 ῘΕν
2715 5666 2858 5740 ἀρχῇ
2886 5661 2980 5740 οὖν
3009 5661 3213 5724 εῖιηωὶ
3244 5661 3332 5722 ἐπ’
3367 5667 3647 5740 ἀλλήλαις.

2247 5731 2536 5804 (διξγυιςδ
2556 5733 2613 5786 δέ
2645 5747 2698 5791 et
2738 5731 2950 5804 ἕνέεῷ.
