4082 6408
462 369 564 427 907

1178 366 1439 423 snsnnn
1479 363 1958 420 CASSARIENSIS
1997 363 2145 420 OPP.
2177 362 2356 417 mus
2397 320 2488 416 IV.‘
2523 389 2593 402 —
2630 359 3048 415 DOGMATICA.

3611 361 3715 419 908

464 489 706 550 exhibet,
740 486 806 540 iis
848 487 936 552 qui
989 497 1082 550 per
1129 481 1302 550 ipsam
1335 479 1728 532 illuminantur.
1769 478 1876 532 Sed
1904 479 2029 532 illud

2135 475 2542 546 φωτιζομένοις.
2601 473 2712 541 (88)
2780 471 2939 523 Ἀλλά
2991 470 3088 540 τὴν
3121 469 3324 540 μονάδα
3377 471 3510 539 φησὶ
3556 471 3716 542 Μάρ-

469 581 610 648 quod
643 579 857 647 ponitur
890 590 919 628 a
951 572 1224 635 Marcello,
1257 571 1540 625 monadem
1583 569 1898 638 Operatione
1949 569 2033 622 di-

471 670 652 731 latari,
683 670 733 720 in
770 665 1086 732 corporibus
1139 662 1316 716 locum
1365 661 1556 723 habet;
1596 670 1650 713 at
1693 659 1758 714 de
1792 660 2034 727 incorpo-

472 777 580 822 rea,
607 755 953 812 inenarrabili
993 763 1047 806 et
1075 751 1331 807 indicibili
1357 750 1659 805 substantia
1701 764 1885 803 verum
1931 765 2034 802 non

469 862 568 906 est.
636 849 820 916 Neque
874 847 1016 901 enim
1083 845 1334 898 dilatatur
1383 843 1437 897 in
1502 840 1796 910 operando,
1863 853 2037 908 neque

468 939 806 994 contrahitur
840 938 891 990 in
927 943 1033 990 non
1063 936 1357 1004 operando,
1381 949 1568 1002 neque
1611 935 1846 987 humano
1886 943 2036 985 more

466 1039 757 1099 operatur,
821 1036 914 1080 aut
955 1028 1193 1080 humano
1242 1037 1392 1080 more
1437 1032 1829 1079 commovetur.
1895 1022 2034 1076 Deus

469 1123 586 1175 ideo
647 1136 768 1174 cum
809 1120 880 1173 sit
923 1118 1149 1173 indivisa
1196 1117 1392 1182 unitas,
1436 1115 1629 1170 Filium
1691 1129 1847 1168 suum
1917 1114 2036 1167 uni-

466 1211 704 1281 genitum
730 1211 796 1264 de
829 1211 1006 1278 seipse
1048 1209 1326 1278 generavit
1358 1225 1373 1274 ;
1408 1224 1513 1262 non
1549 1209 1636 1264 ille
1678 1208 1901 1273 divisus,
1931 1220 2033 1259 non

466 1301 724 1356 alteralns
755 1319 768 1366 ;
810 1316 912 1353 non
943 1301 1350 1354 conversionem
1382 1313 1570 1368 passus
1605 1313 1778 1367 neque
1807 1297 2032 1360 llumm,

470 1401 562 1445 aut
602 1392 761 1446 alicui
802 1391 1074 1460 subjectus
1112 1389 1370 1460 passioni.
1412 1388 1596 1456 Neque
1647 1388 1792 1442 enim
1850 1387 2036 1456 praeei-

462 1484 641 1552 piens.
675 1496 846 1550 neque
876 1482 1171 1549 imperans,
1199 1494 1304 1533 non
1349 1478 1496 1547 leges
1559 1480 1805 1533 scribens
1849 1487 1906 1530 ut
1939 1478 2036 1531 ho-

466 1572 639 1624 mines
679 1570 893 1634 solent;
947 1584 1054 1623 non
1100 1568 1281 1638 lingua
1325 1569 1536 1622 locutus
1585 1577 1679 1621 aut
1728 1567 1885 1621 labiis
1933 1567 2032 1620 ista

463 1670 741 1730 operatur,
773 1675 950 1728 neque
982 1667 1229 1728 respectu
1262 1658 1448 1712 habito
1500 1660 1565 1713 ad
1614 1666 1863 1712 ornatum
1913 1657 2033 1710 uni-

464 1753 628 1818 versi,
679 1751 970 1805 simillimis
1020 1749 1174 1804 nobis
1226 1749 1398 1803 oculis
1437 1749 1675 1803 intuetur
1723 1768 1735 1802 :
1784 1763 1905 1803 cum
1936 1762 2033 1816 per

2139 566 2326 626 κελλος
2378 561 2627 633 ἐνεργείᾳ
2680 558 3073 622 πλατύνεσθαι,
3128 560 3222 611 ἐπὶ
3289 559 3387 627 μὲν
3445 559 3712 628 σωμάτων

2139 655 2320 725 χώραν
2353 653 2486 722 ἔχει,
2523 651 2615 704 ἐπὶ
2650 651 2707 702 δὲ
2746 651 2842 720 τῆς
2873 649 3163 718 ἀσωμάτου
3211 648 3306 701 καὶ
3359 647 3588 702 ἀλέκτου
3621 649 3714 702 καὶ

2139 745 2516 813 ἀνεκφράστου
2545 741 2728 803 οὐσίας
2749 741 2846 793 οὐκ
2864 741 2963 793 έτι.
2996 739 3132 794 Οὐδὲ
3154 738 3262 810 γὰρ
3279 741 3335 792 ὲν
3368 737 3448 807 τῷ
3464 740 3712 808 ἐνεργεῖν

2139 837 2488 897 πλατύνεται,
2522 833 2628 885 οὐδ’
2655 835 2710 885 ὲν
2739 823 2830 902 τῷ
2846 833 2918 902 μὴ
2950 833 3192 901 ἐνεργεῖν
3214 830 3578 882 συστέλλεται’
3602 829 3712 882 οὐδ’

2113 928 2273 1004 .ὃλως
2302 927 2502 996 ὁμοίως
2535 923 2844 994 ἀνθρώποις
2867 925 3098 994 ὲνεργεῖ,
3125 922 3231 974 οὐδ’
3270 921 3472 991 ὁμοίως
3499 919 3713 992 ἀνθρώο

2139 1036 2260 1081 ποις
2287 1020 2546 1070 κινεῖται·
2575 1015 2742 1085 μονὰς
2770 1013 2826 1066 δὲ
2854 1013 2929 1065 ὢν
2955 1014 3257 1084 ἀδιαίρετος
3283 1014 3312 1064 ὁ
3339 1011 3471 1075 Θεὸς
3492 1013 3584 1064 τὸν
3618 1029 3714 1082 μο-

2137 1110 2327 1179 νογενῆ
2343 1107 2506 1161 αὑτοῦ
2523 1107 2649 1159 Υἱὸν
2683 1105 2743 1169 ἐξ
2769 1105 2958 1158 ἑαυτοῦ
2989 1105 3200 1173 ἐγέννα,
3233 1104 3294 1156 ού
3315 1103 3708 1174 διαιρούμενος,

2136 1200 2244 1252 οὐδ’
2266 1198 2569 1259 ἀλλοίωσιν,
2595 1199 2629 1266 ἢ
2658 1196 2883 1268 τροπὴν,
2914 1195 2948 1266 ἢ
2977 1194 3134 1265 ῥοὴν,
3163 1195 3197 1265 ἦ
3223 1211 3274 1246 τι
3305 1195 3474 1256 πάθος
3502 1192 3711 1263 ὑπομέο

2136 1305 2262 1341 νων.
2292 1286 2425 1340 Οὐδὲ
2450 1285 2557 1358 γὰρ
2588 1286 2956 1354 προστάττων,
2990 1283 3110 1336 οὑδὲ
3135 1283 3566 1353 ἐγκελευόμενος,
3589 1282 3712 1336 οὑδὶ

2137 1375 2443 1447 νομοθετῶν
2498 1375 2697 1444 ὁμοίως
2742 1373 3051 1444 ἀνθρώποις
3096 1371 3309 1442 γλώττῃ
3356 1373 3451 1425 καὶ
3507 1371 3716 1441 χείλεσι

2135 1466 2332 1529 λαλῶν,
2366 1464 2538 1519 ταῦτα
2569 1465 2828 1534 πράττειο
2861 1464 2980 1516 οὑδέ
3009 1480 3071 1531 γε
3111 1461 3329 1532 ἀφορῶν
3377 1463 3456 1524 είς
3485 1462 3587 1532 τὴν
3616 1460 3714 1514 τοῦ

2136 1558 2334 1618 παντὸς
2355 1557 2732 1626 διακόσμησιν,
2760 1554 2961 1624 ὁμοίως
2991 1556 3022 1623 ἠ
3033 1557 3122 1623 μίν
3165 1552 3464 1622 ὀφθαλμοῖς
3499 1551 3716 1622 χρώμε-

2134 1665 2222 1710 νος
2260 1647 2371 1716 (89)
2407 1644 2700 1706 ἐνατενίζει
2730 1645 2892 1696 ὅποτε
2927 1645 3020 1697 καὶ
3043 1643 3112 1696 τά
3142 1644 3216 1714 μὴ
3257 1643 3387 1696 ὅντα
3421 1641 3713 1714 προλαϐὼν

2136 1741 2356 1812 ἀρρήτῳ
2373 1739 2465 1791 καὶ
2488 1736 2640 1805 θεῖκῇ
2667 1735 2912 1804 δυνάμει,
2940 1734 3013 1796 ὼς
3034 1734 3133 1804 ἤδη
3162 1734 3292 1787 ὅντα
3314 1734 3408 1786 καὶ
3429 1732 3715 1802 ὑφεστῶτα

465 1843 720 1896 virtutem
773 1857 926 1896 suam
971 1840 1387 1894 inenarrabiiem
1428 1850 1482 1893 et
1520 1841 1755 1894 divinam
1799 1853 1861 1893 ea
1919 1854 2029 1908 qua

2139 1833 2351 1902 θεωρεῖ.
2401 1830 2538 1882 Ἀλλ’
2585 1827 2710 1879 οὐδὲ
2756 1825 2924 1878 ποιῶν
2972 1827 3066 1878 καὶ
3116 1823 3462 1896 δημιουργῶν
3513 1821 3715 1894 ὁμοίως

457 1932 704 1994 nondum
741 1941 865 1986 sunt
919 1932 1177 2000 producta
1206 1931 1550 1999 anticipando
1598 1930 1894 1993 intueatur,
1927 1945 2032 1984 non

465 2036 620 2076 secus
646 2019 945 2091 atquejam
975 2020 1321 2076 subsistentia
1366 2031 1421 2075 et
1465 2022 1747 2090 producta.
1799 2019 1905 2076 Sed
1940 2035 2035 2074 ne-

463 2121 568 2172 que
597 2105 672 2168 is,
705 2115 765 2157 ut
792 2105 932 2173 apud
962 2119 1061 2158 nos
1085 2103 1324 2158 artiﬁces
1357 2103 1566 2169 solent,
1594 2105 1648 2158 in
1680 2105 1956 2173 operando
1981 2113 2034 2158 et

460 2194 696 2248 creando
713 2193 991 2247 materiam
1012 2193 1470 2262 praeexsistentem
1489 2193 1736 2246 manibus
1756 2201 2030 2260 acceptam

462 2282 648 2352 digitis
677 2282 997 2351 compingit,
1047 2281 1143 2336 sed
1191 2295 1288 2350 per
1344 2280 1677 2336 ineffabilem
1734 2281 1930 2336 iterum
1981 2290 2035 2336 et

465 2371 1067 2439 incomprehensibilem
1118 2371 1372 2424 virtutem
1418 2386 1612 2434 suam,
1677 2384 1859 2424 rerum
1909 2384 2033 2438 pro-

464 2463 745 2514 ductarum
773 2461 1015 2515 omnium
1054 2462 1408 2516 substantiam
1451 2461 1517 2514 ad
1547 2459 1679 2516 Esse
1707 2475 1861 2514 suum
1908 2475 2030 2529 per-

463 2552 636 2604 duxit.
677 2553 856 2621 Atque
887 2553 960 2605 ita
998 2552 1214 2621 quidem
1251 2553 1432 2608 omnia
1458 2553 1637 2606 elfecit
1665 2553 1775 2616 ille,
1813 2552 2034 2607 rationi-

2136 1925 2249 1984 τοῖς
2278 1921 2406 1991 παρ’
2443 1921 2575 1990 ἡμῖν
2623 1919 2892 1988 τεχνίταις
2940 1915 3415 1986 προϋποκειμένην
3459 1913 3589 1983 ὓλην
3617 1914 3714 1966 λα-

2138 2010 2246 2063 ϐὼν
2283 2011 2439 2082 χερσὶ
2497 2011 2589 2062 καὶ
2619 2009 2900 2070 δακτύλοις
2931 2007 3270 2060 τεκταίνεται
3315 2005 3456 2075 (90),
3489 2006 3714 2075 ἀρρήτῳ

2135 2103 2192 2154 δὲ
2223 2102 2382 2154 πάλιν
2417 2103 2510 2155 καὶ
2539 2101 2908 2172 ἀκαταλήπτῳ
2940 2099 3164 2169 δυνάμει
3195 2098 3252 2164 ἐξ
3290 2100 3390 2151 οὐκ
3422 2098 3596 2163 ὄντων
3631 2099 3713 2162 Et;

2136 2192 2196 2244 τὸ
2227 2189 2364 2245 εἶναι
2397 2193 2494 2262 τὴν
2527 2192 2634 2245 τῶν
2665 2190 2906 2262 γενητῶν
2954 2191 3208 2244 ἀπάντων
3253 2190 3593 2260 ὑπεστήσατο
3623 2189 3717 2242 εύ-

2139 2282 2277 2336 σίαν.
2308 2283 2444 2353 Ἤδη
2474 2278 2566 2336 οῦν
2593 2283 2768 2335 πάντα
2786 2282 2964 2348 λόγοις
2993 2282 3124 2351 ἡμῖν
3153 2281 3412 2350 ἀρρήτοις
3432 2279 3528 2332 καὶ
3552 2278 3713 2333 ἀσυλ-

2136 2373 2402 2440 λογίστοις
2437 2373 2630 2426 ἐποίει.
2661 2373 2724 2424 Τί
2742 2372 2804 2442 δὴ
2840 2372 2944 2442 χρὴ
2970 2371 3231 2440 ἀγωνιᾷν,
3271 2369 3343 2439 μὴ
3369 2369 3569 2438 ὁμοίοις
3600 2371 3712 2432 τοῖς

2139 2465 2350 2534 θνητοῖς
2367 2464 2522 2529 ζώοις
2547 2465 2716 2527 πάθος
2741 2482 2794 2517 τι
2822 2465 2949 2534 περὶ
2976 2463 3137 2516 αὑτὸν
3159 2462 3404 2532 εἴποιμεν
3429 2461 3713 2530 γεγονέναι

2139 2556 2230 2608 ἐπὶ
2263 2557 2328 2625 τῇ
2361 2555 2455 2608 τοῦ
2489 2554 2619 2608 Υίοῦ
2653 2556 2938 2625 γεννήσεις
2971 2555 3078 2622 (9i)
3119 2555 3185 2623 ἢν
3233 2554 3375 2624 ὑπὲρ
3408 2553 3584 2606 πάντα
3617 2553 3714 2605 καὶ

466 2643 564 2694 bus
595 2650 761 2710 atque
801 2641 975 2695 modis
1007 2642 1469 2696 inscrutabilibus.
1508 2639 1644 2707 Quid
1675 2655 1774 2694 nos
1799 2640 2029 2695 sollicite

2141 2643 2246 2713 πρὸ
2277 2643 2492 2696 πάντων
2516 2643 2746 2714 ὑπέστη,
2778 2644 2836 2696 οὐ
2861 2644 3003 2696 κατά
3035 2661 3086 2696 τι
3118 2643 3226 2696 τῶν
3256 2645 3321 2714 τῇ
3363 2642 3571 2712 θνητῶν
3607 2643 3709 2710 φύς

464 2730 584 2782 ideo
617 2731 954 2793 laboramus,
987 2739 1044 2782 ut
1074 2730 1304 2783 similem
1333 2730 1622 2798 quamdam
1648 2731 1951 2798 passionem
1977 2731 2028 2783 in

2141 2749 2226 2784 σει
2263 2734 2738 2802 συνεγνωσμένων,
2781 2734 2921 2786 κατά
2946 2733 3004 2786 δὲ
3032 2734 3121 2786 τὸν
3151 2733 3299 2804 αὑτῷ
3335 2735 3480 2803 μόνῳ
3510 2749 3711 2802 γνωρι-

464 2818 554 2871 illo
593 2819 982 2888 imaginentur?
1013 2825 1071 2884 ὦ
1120 2818 1176 2872 in
1213 2818 1331 2872 Filii
1363 2819 1445 2872 sui
1487 2819 1868 2887 generatione,
1899 2833 2029 2887 qua-

2138 2821 2362 2892 ζόμενον
2384 2825 2584 2895 τρόπον
2601 2841 2616 2854 ’

465 2913 569 2966 lem
597 2913 650 2966 in
680 2913 894 2967 earteris
950 2913 1357 2966 animantibus:
1389 2928 1550 2981 quam
1624 2912 1712 2966 ille
1761 2913 1979 2980 quidem
2044 2917 2444 2981 generationem
2521 2932 2684 2987 super
2738 2921 2941 2985 omnia,
3001 2928 3053 2972 et
3093 2931 3220 2974 ante
3265 2919 3444 2974 omnia
3491 2919 3711 2980 snbivit,

467 3003 664 3058 nonad
726 3003 944 3056 modum
993 3011 1045 3056 et
1095 3003 1500 3071 proportionem
1545 3003 1786 3058 mortalis
1821 3012 2068 3072 natura;
2111 3007 2204 3062 sed
2259 3007 2411 3076 juxta
2444 3011 2659 3064 modum
2708 3011 2859 3065 illum
2894 3020 3056 3080 atque
3105 3010 3395 3078 rationem,
3426 3026 3547 3081 quae
3593 3021 3712 3065 erat

463 3099 568 3161 ipsi
598 3097 696 3152 soli
735 3096 950 3166 cognita
979 3104 1034 3152 et
1057 3096 1356 3151 intellecta.

1071 3184 1231 3240 CAP.
1265 3184 1377 3240 VII.

501 3299 775 3364 Quomodo
807 3297 1044 3352 Ecclesia
1089 3294 1276 3350 Patris
1323 3297 1575 3364 prwdicat
1615 3298 1990 3352 "tetrarchiam.

532 3475 822 3529 Enimvero
853 3474 1079 3538 vereris,
1112 3475 1185 3528 mi
1212 3473 1396 3539 homo,
1431 3475 1580 3540 illud,
1617 3489 1682 3529 ne
1711 3475 1754 3530 si
1783 3475 1918 3530 duas
1948 3475 2034 3529 l'a-

461 3577 614 3622 teare
643 3566 986 3636 hypostases,
1025 3567 1132 3620 duo
1161 3566 1347 3620 itidem
1380 3566 1642 3637 principia
1687 3567 2034 3622 subintrodu-

460 3673 574 3720 eas,
608 3665 662 3710 et
699 3671 729 3710 a
783 3655 997 3710 deitatis
1056 3656 1131 3709 ita
1190 3655 1409 3709 cxcidas
1465 3656 1802 3710 monarcbia.
1845 3655 2032 3712 Discas

459 3760 608 3815 ergo,
636 3745 780 3814 quod
810 3758 933 3798 cum
978 3759 1123 3799 unus
1167 3744 1240 3798 sit
1277 3744 1395 3798 sine
1446 3744 1712 3814 principio
1758 3744 2032 3812 ingenitus

462 3835 628 3898 Deus,
659 3833 828 3888 Filius
855 3843 1032 3888 autem
1055 3835 1120 3888 de
1151 3833 1246 3889 illo
1274 3843 1665 3904 progeneretur
1694 3851 1708 3888 :
1740 3850 1904 3888 unum
1939 3848 2033 3889 ne-

460 3925 699 3978 cessario
729 3924 1050 3994 principium
1097 3923 1300 3988 fuerit,
1347 3925 1663 3979 monarcbia
1715 3933 1772 3979 et
1805 3939 2029 3994 regnum

460 4031 660 4079 unum;
703 4030 825 4069 cum
857 4015 1158 4068 subseribat
1187 4015 1300 4081 ipse
1328 4013 1495 4068 Filius
1529 4024 1759 4084 paterno
1781 4015 2028 4084 imperio,

461 4115 517 4158 et
554 4105 898 4174 principatui.
939 4102 1115 4172 Caput
1135 4105 1276 4158 enim
1307 4103 1508 4159 Christi
1540 4104 1679 4158 Deus
1707 4112 1814 4170 est,
1844 4119 2032 4159 secun-

453 4199 595 4249 dum
624 4197 938 4264 Apostolum
977 4213 1006 4251 ς’
1030 4197 1123 4252 sed
1151 4195 1354 4251 vereris
1388 4195 1742 4250 vehementer
1768 4210 1834 4251 ne
1864 4209 2027 4265 coga-

458 4295 546 4340 tur
576 4287 622 4340 is
669 4287 776 4342 duo
829 4287 1095 4357 principia
1145 4285 1324 4351 fateri,
1372 4284 1464 4355 qui
1503 4286 1641 4340 duas
1681 4285 2031 4342 conﬁtebitur

449 4377 778 4446 bypostases
822 4377 1002 4432 Patris
1029 4385 1194 4446 atque
1226 4375 1344 4429 Filii
1387 4391 1401 4429 :
1447 4378 1540 4430 sed
1589 4383 1645 4430 et
1685 4375 1828 4430 istud
1858 4375 2028 4438 disce,

447 4471 596 4536 quod
626 4469 909 4538 quiPatris
933 4479 986 4524 et
1016 4469 1136 4524 Filii
1189 4469 1508 4538 hypostases
1539 4466 1675 4520 duas
1697 4507 1710 4532 ,
1739 4466 1871 4520 duos
1901 4481 2029 4522 esse

559 4632 620 4688 ἥδ
662 4627 760 4680 Ed.
799 4626 998 4692 Paris.,
1034 4645 1151 4698 pag.
1186 4627 1314 4681 109.

2791 3187 2948 3241 ΚΕΦ.
2985 3189 3054 3242 Z'.

2141 3293 2336 3358 Ὅπως
2375 3295 2413 3362 ἦ
2467 3296 2794 3362 Ἐκκλησία
2827 3295 2940 3369 τὴιρ
2971 3297 3078 3350 τοῦ
3103 3298 3333 3365 Πατρὸς
3380 3301 3715 3369 μοναρχίαν

2774 3367 3070 3432 κηρύττει.
3531 3367 3540 3368 “
3570 3367 3602 3369 Π
3651 3425 3654 3428 ,

2219 3474 2376 3527 Ἀλλά
2408 3475 2567 3546 φοϐῇ,
2601 3471 2645 3530 ὦ
2677 3477 2951 3548 ἄνθρωπε,
2983 3478 3077 3547 μὴ,
3105 3477 3198 3531 δύο
3229 3479 3554 3543 ὑποστάσεις
3581 3483 3708 3551 ὁμο-

2134 3565 2389 3634 λογήσας,
2417 3565 2510 3618 δύο
2542 3567 2717 3637 ἀρχὰς
2743 3567 3075 3635 είσαγάγοις,
3111 3567 3206 3621 καὶ
3233 3569 3331 3638 τῆς
3374 3573 3707 3640 μοναρχικῆς

2135 3657 2383 3728 θεότητος
2424 3659 2700 3720 ὲκπέσοις.
2746 3658 2999 3712 Μάνθανε
3033 3661 3229 3722 τοίνυν,
3270 3660 3343 3723 ῶς
3394 3662 3513 3724 ἐνὸς
3551 3663 3706 3726 ὄντος

2133 3750 2370 3820 ἀνάρχου
2405 3751 2498 3802 καὶ
2529 3751 2822 3820 ἀγεννήτου
2856 3750 3013 3814 Θεοῦ,
3047 3750 3140 3803 τοῦ
3175 3751 3230 3803 δὲ
3266 3751 3394 3804 Υίοῦ
3440 3753 3499 3816 ἐξ
3540 3754 3705 3807 αὑτοῦ

2133 3841 2550 3910 γεγεννημένου,
2588 3841 2683 3910 μία
2711 3840 2861 3894 ἔσται
2896 3842 3059 3913 ἀρχὴ,
3096 3842 3364 3912 μοναρχία
3395 3859 3454 3894 τε
3486 3844 3580 3896 καὶ
3615 3842 3708 3912 βα-

2136 3930 2306 3983 σιλεία
2341 3931 2437 4001 μία
2457 3970 2471 3994 ,
2501 3933 2623 3983 ἐπεὶ
2657 3931 2750 3985 καὶ
2775 3932 2935 3994 αὑτὸς
2973 3935 3001 3985 ὁ
3035 3933 3162 3994 Υἱὸς
3192 3932 3366 4002 ἀρχὴν
3405 3933 3717 4002 ὲπιγράφε-’

2129 4021 2220 4073 ταὶ
2252 4021 2342 4074 τὸν
2371 4021 2533 4075 αὑτοῦ
2572 4021 2808 4090 Πατέρα.
2854 4022 2963 4092 (92)
2996 4022 3221 4093 Κεφαλὴ
3265 4022 3372 4091 γάρ
3401 4023 3636 4093 Χριστοῦ
3678 4026 3707 4078 δ

2131 4108 2260 4172 Θεὸς
2281 4147 2295 4172 ,
2328 4109 2468 4162 κατά
2504 4110 2594 4162 τὸν
2643 4111 2980 4166 ’Λπὸστολον.
3029 4111 3188 4165 Ἀλλά
3213 4113 3474 4182 ἀγωνιᾷς,
3510 4114 3584 4184 μὴ
3613 4113 3708 4166 δύο

2131 4196 2284 4262 θεοὺς
2331 4199 2541 4271 ἀνάγκη
2699 4199 3100 4271 παραδέξασθαι
3131 4202 3223 4254 τὸν
3254 4202 3347 4254 δύο
3380 4204 3718 4268 ὑποστάσεις·

2131 4292 2344 4363 Πατρὸς
2368 4295 2462 4347 καὶ
2491 4293 2620 4346 Υίοῦ
2648 4291 2786 4347 εἶναι
2817 4291 3201 4363 ὁμολογοῦντα.
3242 4274 3401 4346 ’Ᾰλλὰ
3429 4294 3524 4346 καὶ
3549 4292 3707 4346 τοῦτο
3757 4330 3760 4332 ~

2129 4382 2362 4448 γίνωσκε
2384 4423 2398 4448 ,
2433 4385 2508 4447 ὡς
2541 4385 2568 4436 ὁ
2596 4383 2688 4437 δύο
2721 4385 3044 4447 ὑποστάσεις
3075 4366 3404 4454 Πατρὸςκαὶ
3436 4383 3565 4436 Υίοῦ
3594 4383 3714 4454 (95)

2129 4472 2250 4536 δοὺς
2281 4477 2380 4528 οὐκ
2418 4475 2785 4543 ἀναγκάζεται
2829 4476 2920 4528 δύο
2953 4475 3198 4545 πατέρας
3249 4475 3456 4538 εἰπεῖν,
3508 4477 3568 4528 ού
3610 4475 3706 4530 δύο

527 4785 636 4856 (88)
681 4785 856 4856 Ἀλλὰ
890 4786 1000 4852 τὴν
1025 4785 1276 4854 μονάδα,
1309 4796 1412 4856 etc.
1453 4785 1682 4856 Legend.
1745 4785 1860 4838 ἀλλ’
1900 4787 1928 4838 ὃ
1971 4801 2022 4838 τι

2134 4783 2327 4840 Christi
2363 4787 2695 4856 divinitatem
2747 4786 2950 4850 retulit,
2975 4785 3114 4856 quod
3133 4785 3208 4856 de
3235 4785 3475 4856 homine
3494 4797 3705 4856 assum-

453 4865 540 4909 nul
578 4854 786 4925 ἐπειδή.
827 4855 883 4907 ln
916 4864 979 4907 eo
1011 4859 1153 4922 quod
1181 4859 1258 4907 ait
1301 4854 1606 4921 Marcellus,
1639 4870 1761 4908 nam
1791 4856 2013 4924 alioqui,

455 4925 634 4979 hiulca
658 4935 739 4979 est
761 4925 1048 4978 sententia.
1091 4925 1160 4976 M.

455 5066 496 5118 υ
679 4991 1045 5052 Ἐνατενιζει.
1074 4991 1162 5046 Sac
1201 4993 1564 5047 scribendum.
1588 4993 1657 5048 M.
1683 4993 1812 5064 [Cl'.,
1841 5011 1892 5064 p.
1918 4996 2018 5049 l05

671 5131 928 5203 Ἀρῤήεῳ
975 5129 1043 5183 δὲ
1075 5129 1278 5203 πάλᾳ.
1345 5129 1403 5184 1η
1456 5131 1727 5200 operando
1783 5130 2020 5200 ἀρρητος

446 5211 588 5262 erat,
615 5199 688 5256 uti
717 5199 773 5255 et
805 5205 855 5255 in
879 5201 1162 5254 intuendo.
1197 5199 1263 5251 M.
1307 5259 1310 5265 .

522 5270 633 5340 (9|)
667 5273 770 5325 Ἢν
792 5269 963 5338 ὑπέρ.
995 5269 1179 5325 Potius
1211 5269 1288 5319 ὃν.
1312 5267 1478 5332 Quem
1500 5268 1717 5340 Filium
1743 5269 2016 5335 produxit.

449 5337 578 5391 llec
609 5337 744 5393 Scita
781 5337 916 5393 sunt
937 5351 1124 5393 contra
1163 5340 1417 5404 Ariauos,
1463 5337 1586 5391 vide
1636 5337 1835 5390 Athan.
1893 5353 2017 5407 pag.

451 5408 574 5462 408.
605 5409 728 5462 409.
774 5409 840 5460 Μ.
1799 5427 1804 5432 ·

521 5477 906 5546 (91)](εφαλὴ
967 5478 1076 5546 γὰρ
1131 5473 1384 5546 Χριστοᾷ
1431 5479 1463 5528 ό
1494 5477 1650 5540 Θεός.
1695 5473 1892 5546 Locus
1932 5485 2015 5546 est

447 5544 467 5599 Ι
505 5544 629 5600 Cor.
656 5562 732 5616 ξι,
756 5547 810 5612 5,
847 5544 1108 5599 Ἐνταῦθα
1137 5544 1475 5616 έπιπηδῶσιν
1507 5546 1635 5614 ἡμῖν
1659 5545 1705 5596 οἱ
1727 5545 2009 5616 αἱρετικοὶ,

451 5617 621 5682 inquit
642 5614 1080 5684 Clirysostonius,
1106 5613 1396 5684 ἐλάττωσίν
1424 5613 1557 5684 τινα
1586 5616 1655 5684 ,ὲκ
1705 5613 1812 5666 τῶν
1856 5617 2008 5683 εἰρη-

451 5684 624 5755 μένων
686 5682 1039 5746 ἐπινοοῦντες.
1095 5685 1205 5739 lloc
1251 5683 1382 5738 facit
1440 5682 1720 5747 Eusebius,
1777 5682 1916 5737 dum
1944 5682 2010 5737 ad

2132 4867 2225 4924 pto
2256 4857 2633 4921 usurpabatur.
2652 4854 2907 4923 Regulam
2939 4851 3099 4908 tradit
3131 4854 3281 4924 idem
3304 4853 3434 4924 ibid.
3462 4853 3514 4905 in
3547 4851 3706 4924 Com-

2126 4922 2289 4995 inenl.
2323 4925 2620 4995 adlocum.
2666 4922 2825 4995 Ὀτάν
2869 4940 2922 4995 τι
2967 4925 3220 4995 ταπεινὸν
3272 4923 3512 4995 λέγεται,
3560 4922 3701 4990 μετά

2122 4993 2221 5061 τῆς
2247 4993 2445 5060 σαρκὸς
2474 4993 2623 5056 ὄντος
2655 4993 2840 5057 αὑτοῦ,
2873 4993 2971 5045 οὑκ
3005 4992 3247 5044 εὐτέλεια
3289 4993 3386 5061 τῆς
3425 4991 3700 5060 θεότητος,

2123 5061 2258 5113 ἀλλὰ
2302 5062 2399 5125 τῆς
2452 5062 2762 5125 οἰκονομίας
2817 5060 3112 5125 δεχομένης
3160 5061 3222 5114 τὸ
3266 5060 3477 5125 λεχθέν.
3526 5059 3700 5125 Quam

2126 5078 2258 5113 αΑΑα
2302 5079 2399 5131 της
2452 5078 2762 5132 οικονομιας
2817 5078 3112 5131 οεχομενης
3160 5078 3222 5114 το
3269 5078 3477 5130 Αεχυεν.
3526 5078 3700 5125 uuam

2126 5131 2348 5184 tradidit
2371 5131 2578 5183 Athan.
2610 5131 2660 5183 in
2689 5132 2837 5184 hom.
2866 5137 2932 5184 de
2965 5132 3204 5182 htnnana
3234 5129 3445 5184 Christi
3475 5137 3700 5182 natura.

2127 5199 2267 5251 Ὅσα
2295 5196 2388 5284 οῦν
2426 5199 2624 5284 εἱύστεηλῆ⁵
2646 5201 2865 5284 ῥήματα
3053 5197 3148 5284 τοῦ
3180 5199 3317 5284 Θεοιῦ
3361 5198 3698 5284 εἴρηται...τῇ

2131 5269 2371 5339 πτωχείᾳ
2401 5268 2564 5322 αὑτοῦ
2597 5265 2862 5338 διαῲέρει.
2904 5268 3008 5339 Sed
3040 5269 3237 5336 ubique
3276 5265 3427 5339 hanc
3457 5265 3697 5335 regulam

2129 5337 2292 5392 habet
2321 5337 2517 5405 susque
2545 5340 2718 5406 deque
2745 5337 3011 5406 Eusebius
3042 5355 3054 5390 :
3091 5353 3212 5390 nam
3244 5347 3299 5390 et
3357 5337 3411 5388 in
3445 5348 3700 5406 sequen-

2126 5408 2267 5460 tibus
2302 5404 2478 5460 locum
2511 5404 2658 5460 illum
2687 5404 2844 5460 Joan.
2879 5421 2970 5470 xx,
2996 5405 3082 5463 l7.
3107 5407 3296 5459 eodem
3331 5405 3491 5458 modo
3525 5405 3700 5470 inter;

2159 5484 2366 5546 retatur
2389 5492 2422 5537 :_
2444 5476 2501 5546 ΪΟ
2533 5475 2634 5546 μὲν
2670 5475 2733 5546 δὴ
2763 5469 3016 5546 Θεδςκαὶ
3050 5475 3259 5546 Πατὴρ,
3287 5474 3381 5525 καὶ
3409 5469 3699 5546 αὑτοῦ-τοῦ

2149 5544 2250 5596 έίοῦ
2283 5544 2412 5607 Θεὸς
2435 5542 2828 5612 ὢν,’δείκνυται
2859 5561 2870 5594 :
2909 5545 2978 5597 ita
3003 5544 3148 5597 enim
3173 5542 3383 5612 opinor,
3410 5542 3696 5611 legendum

2652 5610 2671 5626 τ’

2119 5623 2219 5667 est.
2255 5613 2423 5684 ΜΓ-
2448 5612 2588 5684 inira
2623 5612 2703 5684 [ᾖ]
2733 5613 3034 5684 γυιεογοιιι.

2197 5684 2306 5752 (95)
2336 5681 2507 5752 Vulgo
2537 5673 2861 5751 θεοῦξψιυῖι
2890 5683 3030 5735 delet
3059 5682 3096 5733 li
3125 5700 3138 5735 :
3177 5681 3385 5737 correxi
3416 5680 3539 5743 δοὺς
3566 5676 3694 5732 coll.
