4082 6410
437 399 531 452 illi

1111 398 1373 455 EUSEBII
1411 392 1683 457 ΟᾹΞΒΑΕΙ
1692 398 1880 454 ENSIS
1916 397 2003 453 ΟΡ

2111 402 2283 457 PARS
2318 396 2406 456 IV.
2443 434 2509 445 —
2545 394 2968 459 DOCMATICA.

3591 398 3697 456 9η

438 513 1046 577 emlodcscendeutem,
1108 513 1221 569 inec
1272 515 1559 571 docuisse?
1606 516 1745 570 Num
1796 516 2004 571 Patrem

2114 520 2205 570 τὸν
2238 501 2421 572 suum?
2456 517 2685 589 οὐρανοῦ
2729 517 3151 588 κατεληλυθότα,
3196 516 3488 571 καὶταῦτα
3518 517 3702 573 διδάσ-

440 606 652 661 Deumi
682 607 836 660 Anne
866 605 1009 660 Patri
1030 604 1377 673 coujunrluut
1407 606 1684 662 Verbum?
1711 609 1768 663 Si
1797 609 2008 664 Patrem

439 698 673 763 dixerit,
729 696 1024 751 Sabelliutn
1068 697 1303 750 revelate
1363 712 1422 751 se
1469 699 1856 766 exhibentem,
1902 698 2015 768 Ipse

441 811 562 849 eum
599 795 855 849 Servatur
904 794 1190 848 mentitum
1247 796 1575 861 convincet,
1627 797 1899 867 inquiens,
1936 796 2013 852 De

442 887 567 940 raelo
591 887 852 949 descendi,
876 903 976 940 non
1004 897 1057 939 ut
1080 903 1173 955 eqo
1213 903 1380 939 meam
1405 888 1726 941 voluntatem
1761 888 2011 956 facerem,

440 977 531 1029 sed
557 988 610 1028 ut
635 975 955 1029 voluntatem
982 976 1097 1045 ejus
1125 978 1214 1041 qui
1246 977 1384 1029 misit
1412 994 1490 1031 nte
1512 978 1579 1031 ⁷⁷.
1615 978 1703 1046 Ει,
1744 977 1867 1032 Non
1895 995 2015 1047 pos-

440 1083 553 1120 sunt
579 1082 669 1135 ego
700 1066 764 1120 de
790 1068 984 1135 meipso
1009 1067 1296 1136 quidquam
1330 1067 1504 1135 facere
1525 1108 1539 1130 ,
1567 1069 2013 1137 quemadmodum

441 1157 622 1222 audio,
653 1158 727 1209 ita
744 1155 956 1227 judico.
982 1156 1163 1227 Neque
1179 1174 1357 1225 quwro
1371 1174 1465 1227 ego
1485 1158 1802 1212 voluntatem
1822 1174 2011 1225 meam,

441 1249 532 1302 sed
576 1250 889 1301 voluntatem
928 1248 1044 1317 ejus
1073 1251 1162 1318 qui
1203 1248 1346 1303 misit
1385 1264 1466 1301 me
1500 1246 1678 1303 Patris
1696 1249 1767 1307 ⁷⁸.
1798 1249 1864 1303 Et
1899 1246 2012 1302 Pa-

441 1349 519 1391 ter
550 1354 721 1403 meus,
759 1333 931 1407 major
967 1332 1049 1393 m‘e
1090 1350 1163 1393 est
1195 1340 1266 1394 ⁷⁵.
1297 1338 1430 1394 Nam
1462 1349 1608 1393 certe
1640 1347 1899 1395 extrema:
1929 1355 2017 1395 cu-

436 1428 649 1496 jusdam
697 1429 979 1483 dementia:
1007 1441 1151 1485 esset
1200 1431 1314 1485 lnec
1360 1426 1575 1484 Patrem
1625 1431 1870 1497 dixisse,
1898 1432 2013 1486 exi-

433 1520 681 1575 stimare.
708 1521 860 1589 Quod
890 1522 937 1577 si
986 1524 1108 1591 quis
1138 1520 1376 1577 Verbum
1412 1521 1520 1579 Deo
1549 1524 1894 1595 congenitum
1929 1525 2012 1579 di-

438 1619 555 1674 cat,
610 1619 667 1664 et
725 1610 890 1665 animi
960 1611 1076 1678 ejus
1134 1614 1516 1678 sententiam,~
1552 1628 1657 1682 qua
1724 1616 2016 1667 ratiocina-

440 1710 558 1766 tur,
608 1709 664 1756 et
713 1701 989 1756 existimet
1036 1702 1185 1756 illum
1236 1718 1298 1757 ea
1364 1719 1623 1758 enarrare
1670 1719 1793 1774 qua:
1860 1719 2018 1759 erant

441 1790 581 1856 apttd
640 1790 813 1859 ipsum
875 1792 1019 1846 intus
1072 1797 1391 1846 occultata:
1437 1810 1542 1862 quo
1589 1794 1803 1849 tandem
1859 1805 2016 1865 pacto

2120 626 2317 674 κοντα;
2346 609 2553 680 Πότερα
2581 608 2671 662 τὸν
2704 608 2835 661 Θεὸν
2882 608 3062 672 αὑτὸν,
3101 609 3135 679 ἢ
3166 609 3257 661 τὸν
3288 608 3463 679 τούτῳ
3492 621 3705 681 συνημρ

2124 699 2282 770 μένον
2319 701 2525 769 Λόγον;
2568 702 2708 755 Ἀλλ’
2755 705 2803 756 εί
2859 702 3005 770 λέγοι
3051 702 3142 755 τὸν
3184 702 3430 773 Πατέρα,
3476 701 3702 772 γυμνῶς

2121 791 2475 861 ἀνακαλύψας
2527 792 2619 845 τὸν
2670 792 2952 846 Σαόέλλιον
2973 833 2988 857 ,
3035 792 3195 855 αὐτὸς
3232 791 3395 845 αὐτὸν
3434 792 3464 846 ὁ
3508 792 3701 864 Σωτὴρ

2121 881 2448 953 ἐψευσμένον
2493 883 2780 952 ἀπελέγξει
2817 882 3022 951 λέγων’
3070 882 3453 951 Καταὸέϐηκα
3483 883 3552 937 ἐκ
3587 882 3700 937 τοῦ

2120 973 2413 1041 οὐρανοῦ,
2456 975 2569 1042 οὐχ
2615 974 2716 1026 ἵνα
2762 972 2995 1039 ποιήσω
3033 971 3101 1025 τὸ
3143 972 3373 1040 θέλημα
3418 972 3487 1025 τὸ
3529 972 3699 1043 ἐμὸν,

2121 1063 2282 1118 ἀλλά
2311 1063 2376 1131 τὸ
2408 1062 2636 1133 θέλημα
2660 1063 2766 1117 τοῦ
2804 1064 3154 1133 πέμψαντός
3177 1079 3273 1132 με.
3308 1063 3443 1127 Καὶ,
3482 1065 3565 1118 Οὐ
3593 1063 3702 1118 δύ-

2121 1171 2300 1225 ναμαι
2357 1155 2472 1226 ἐγὼ
2520 1155 2622 1209 ἀπ’
2685 1155 2944 1224 ἐμαυτοῦ
3007 1154 3198 1209 ποιεῖν
3251 1153 3450 1208 οὐδέν.
3492 1153 3706 1221 Καθὼς

2121 1248 2353 1312 ἀκούω,
2389 1249 2591 1316 κρίνω.
2620 1247 2727 1300 Kal
2768 1249 2839 1300 οὐ
2872 1245 3018 1313 ζητῶ
3055 1245 3121 1298 τὸ
3150 1244 3377 1314 θέλημα
3420 1246 3485 1300 τὸ
3530 1245 3701 1316 ἐμὸν,

2122 1339 2283 1393 ἀλλὰ
2314 1338 2379 1392 τὸ
2410 1338 2636 1407 θέλημα
2668 1337 2776 1392 τοῦ
2803 1337 3150 1407 πέμψαντός
3184 1353 3282 1406 με.
3313 1336 3446 1401 Καὶ,
3492 1336 3558 1390 '0
3578 1339 3703 1391 Ha-

2124 1428 2231 1496 τήρ
2269 1423 2387 1498 μοι)
2415 1427 2628 1497 μείζων
2660 1427 2780 1497 μοῦ
2820 1427 2973 1480 ἐστι.
3006 1426 3189 1478 Ταῦτα
3219 1425 3328 1497 γὰρ
3364 1425 3571 1478 οἴεσθαι
3608 1426 3704 1479 τὸν

2124 1519 2343 1590 Πατέρα
2378 1518 2605 1586 φάσκειν
2652 1517 2887 1587 ἐσχάτης
2925 1515 2990 1569 ἂν
3034 1516 3115 1585 εἴη
3166 1515 3381 1585 μανίας.
3419 1516 3481 1568 El
3524 1514 3582 1568 δὲ
3610 1516 3703 1568 τὸν

2123 1609 2181 1660 ὲν
2210 1607 2288 1679 τῷ
2314 1607 2432 1678 Θεῷ
2462 1607 2683 1677 συμφυῆ
2713 1607 2884 1674 Λόγον
2920 1605 3052 1675 (99),
3088 1605 3181 1658 καὶ
3210 1604 3306 1676 τὴν
3338 1604 3577 1658 διάνοιαν
3605 1606 3704 1658 αὖε

2123 1699 2238 1764 τοῦ,
2269 1699 2389 1753 καθ’
2415 1700 2481 1770 ἣν
2507 1697 2778 1767 λογίζεται
2806 1699 2900 1750 καὶ
2926 1696 3073 1750 ἔνδον
3103 1698 3159 1749 ὲν
3185 1695 3362 1767 ἑαυτῷ
3385 1696 3701 1759 διανοεῖται,

2124 1792 2193 1845 τὰ
2228 1792 2564 1863 προκείμενα
2607 1789 2860 1854 διεξιέναι
2897 1789 3063 1858 φησί·
3105 1787 3199 1841 καὶ
3232 1786 3350 1850 πῶς
3387 1785 3452 1840 ἂν
3481 1788 3516 1857 ἡ
3548 1785 3706 1839 ἐνθύ-

440 1878 533 1931 Dei
612 1893 763 1935 tuens
841 1891 895 1934 et
968 1882 1219 1951 cogitatio
1286 1885 1363 1936 de
1401 1882 1544 1936 coelo
1618 1884 2004 1938 descendebat?

2123 1901 2287 1955 μησις
2318 1882 2410 1935 τοῦ
2442 1880 2577 1934 Θεοῦ
2600 1898 2612 1910 ·
2637 1881 2786 1950 καὶὴ
2821 1882 2877 1934 ἐν
2910 1879 3057 1949 αὐτῷ
3080 1879 3286 1933 διάνοια
3323 1877 3704 1947 καταϐέϐηκεν

438 1967 720 2033 Quomodo
746 1969 799 2023 in
844 1985 1006 2024 carne
1050 1985 1209 2040 quam
1252 1972 1548 2041 assumpsit
1594 1975 1864 2029 exsisteus
1915 1976 2014 2028 iSta

436 2056 703 2114 enarret?
767 2059 1048 2127 Quomodo
1098 2063 1239 2131 quod
1296 2063 1347 2116 itt
1414 2063 1524 2117 Deo
1579 2073 1695 2119 erat
1756 2062 2013 2131 Verbum,

439 2151 617 2213 «licet.
657 2150 728 2205 Se
758 2154 824 2205 de
864 2152 1002 2208 coelo
1060 2154 1439 2220 descendisse,
1473 2170 1579 2211 non
1623 2166 1682 2209 ut
1736 2171 1887 2210 suam
1915 2171 2013 2211 vo-

438 2241 700 2295 luntatem
731 2242 934 2297 laceret
963 2283 977 2309 ,
1011 2244 1104 2298 sed
1148 2242 1478 2298 voluntatem
1510 2245 1773 2300 mittentis
1800 2246 2013 2315 ipsum?

441 2332 500 2394 vis
536 2334 711 2401 Atque
745 2348 840 2402 per
866 2334 967 2387 ista
991 2335 1208 2404 quidem
1247 2335 1421 2391 Filius
1448 2335 1688 2391 declarat
1717 2336 2008 2401 honorem,

436 2438 545 2491 quo
585 2421 798 2478 Patrem
824 2426 1275 2494 prosequebatur.
1305 2425 1436 2482 Cum
1468 2440 1596 2481 vero
1620 2426 1781 2482 rebus
1811 2428 2010 2496 genitis

435 2513 709 2581 praesidet,
738 2526 858 2584 qua:
884 2530 977 2583 per
1008 2515 1184 2584 ipsum
1217 2524 1347 2570 sunt
1382 2517 1660 2585 productae
1687 2535 1700 2571 :
1750 2528 2007 2587 tanquam

433 2604 535 2673 qui
570 2607 801 2659 exsistat
833 2604 1100 2661 Servatur
1132 2606 1398 2671 omnium,
1444 2605 1709 2663 Dominus
1746 2617 1804 2663 et
1842 2608 2009 2664 Crea-

433 2704 542 2761 tor,
583 2692 801 2761 Omnia,
846 2702 991 2749 ‘tunc
1036 2695 1233 2764 inquit,
1275 2712 1367 2764 per
1396 2698 1565 2765 ipsum
1599 2698 1741 2768 facta
1781 2707 1924 2766 sunt,
1960 2710 2006 2753 et

432 2786 547 2838 sine
585 2788 694 2852 ipso
733 2786 934 2854 factum
968 2794 1045 2838 est
1088 2786 1218 2838 nihil
1241 2787 1309 2841 ‘°.
1352 2785 1492 2841 Tum
1538 2796 1593 2843 et
1623 2788 1789 2855 Deus,
1817 2799 1873 2844 et
1904 2790 2008 2845 Do-

436 2875 638 2939 minus,
668 2887 721 2929 et
752 2876 1030 2938 Servatur,
1073 2887 1128 2931 ct
1164 2873 1280 2931 Rex
1327 2879 1611 2947 prardicari
1648 2881 1868 2950 poterit.
1906 2882 2005 2936 Al-

432 2981 541 3035 quc
580 2962 703 3020 ideo
740 2965 892 3019 illum
932 2966 1162 3021 adorare
1199 2968 1364 3023 veluti
1407 2969 1597 3034 Deum,
1636 2979 1690 3025 et
1716 2971 1917 3036 colere,
1951 2978 2005 3027 et

431 3056 710 3120 verterari,
757 3054 1000 3110 Ecclesia
1044 3057 1216 3125 ipsius
1263 3057 1441 3126 docet,
1484 3060 1597 3127 ipsa
1637 3060 1706 3115 ab
1749 3060 1866 3130 ipso
1903 3061 2005 3117 hoc

430 3147 644 3200 educta.
687 3148 774 3201 Ait
814 3146 975 3217 igitur
999 3146 1257 3201 Servator
1282 3150 1427 3218 ipse:
1463 3148 1646 3220 Neque
1672 3152 1810 3206 enim
1839 3149 2003 3207 Pater

419 3238 631 3305 ⁸γιιιιξςιιι
679 3253 1007 3308 quamquam,
1036 3239 1128 3291 sed
1152 3238 1417 3307 judicium
1456 3256 1606 3295 omne
1648 3243 1793 3296 dedit
1862 3242 2004 3297 Filio

430 3345 546 3390 suo,
588 3338 645 3381 ut
684 3344 861 3382 omnes
892 3328 1143 3382 honorent
1181 3327 1401 3395 Filium,
1429 3331 1875 3400 quemadmodum
1902 3335 1997 3388 Ito-

428 3428 615 3472 norant
660 3415 874 3473 Patrem
901 3418 968 3471 ⁸¹.
1006 3418 1234 3474 Disertis
1283 3421 1463 3477 verbis
1502 3422 1677 3491 ipsum
1726 3424 2003 3480 honorare

420 3509 597 3577 jubet,
641 3525 748 3564 non
781 3518 1042 3580 tanquam
1076 3501 1394 3581 prophetas,
1430 3527 1534 3566 tton
1577 3512 1723 3568 velut
1754 3513 1999 3584 angelos,

427 3612 522 3653 aut
562 3601 769 3671 angelis
795 3601 1004 3655 similes
1034 3611 1356 3670 potestates,
1398 3604 1493 3658 sed
1544 3607 1999 3673 quemadmodum

429 3692 604 3759 ipsum
635 3690 874 3747 Patrem.
908 3690 1024 3746 lloc
1055 3694 1202 3748 enim
1233 3694 1351 3764 ipse
1378 3695 1539 3750 Pater
1573 3696 1648 3750 ita
1688 3696 1880 3761 voluit,
1911 3699 1999 3767 qui

427 3799 588 3839 omne
616 3782 883 3853 judicium
926 3785 1074 3839 dedit
1119 3783 1281 3852 Filio,
1320 3796 1382 3841 ut
1437 3801 1629 3844 omnes
1665 3803 1789 3844 eum
1833 3790 2001 3846 hono-

427 3884 568 3940 rent,
598 3874 1055 3943 quemadmodum
1089 3883 1143 3926 et
1170 3874 1438 3930 honorant
1461 3875 1703 3932 Patrem.
1735 3877 1885 3944 Quod
1920 3879 2002 3947 ip-

416 3980 544 4021 sum
575 3979 699 4018 cum
729 3975 922 4020 exacte
954 3965 1280 4033 intelligeret
1307 3965 1546 4021 Thomas
1584 3976 1809 4022 vocatus
1837 3968 1999 4039 Didy-

422 4070 571 4119 mus,
614 4053 779 4109 veluti
828 4055 920 4124 qui
961 4056 1026 4110 de
1074 4056 1244 4110 choro
1293 4055 1576 4112 duodecim
1609 4057 1998 4129 discipulorum

422 4147 623 4211 fuerat,
656 4145 973 4201 clarissimis
1012 4147 1193 4201 verbis
1224 4162 1347 4202 eum
1400 4156 1456 4203 et
1502 4148 1669 4203 Deum
1705 4158 1759 4206 et
1801 4151 1998 4207 Domi-

422 4251 551 4289 num
579 4236 921 4307 consignavit
951 4235 1240 4306 inquiens;
1271 4237 1530 4293 Dominus
1571 4256 1738 4308 meus,
1772 4251 1818 4295 et
1849 4239 1991 4296 Deus

421 4344 565 4382 meus
587 4327 656 4383 ³⁸.
689 4328 753 4383 Ει
776 4342 873 4383 uos
912 4330 981 4383 ob
1012 4330 1153 4386 hanc
1186 4330 1359 4399 ipsam
1386 4343 1605 4386 causam
1642 4343 1879 4401 oportet,
1902 4333 1995 4389 Fi-

404 4416 552 4470 ‘Iium
587 4432 692 4471 non
719 4433 1099 4487 quemcunque
1138 4419 1325 4484 alium,
1359 4419 1546 4475 divino
1586 4421 1794 4477 honore
1828 4437 1995 4478 vene-

420 4505 561 4571 rari;
610 4508 882 4574 quomodo
932 4507 1141 4561 scilicet
1178 4506 1393 4562 Patrem
1448 4508 1786 4566 honoramus
1820 4529 1834 4578 ;
1871 4528 1990 4566 cum

421 4597 474 4648 in
511 4593 611 4651 h'oc
657 4598 772 4666 ipso
798 4598 979 4654 ‘Pater
1020 4613 1113 4668 per
1155 4596 1356 4654 Filium
1402 4601 1720 4658 honoratur.
1747 4604 1903 4672 Quod
1941 4615 1995 4661 et

420 4688 593 4755 ipsum
624 4688 803 4744 docuit
835 4690 1125 4760 inquiens:
1168 4690 1275 4758 Qui
1316 4693 1536 4747 honorat
1561 4692 1788 4761 Filium,
1829 4698 1995 4752 Itono-

419 4788 501 4831 ται
533 4786 581 4830 et
628 4775 855 4843 Patrem,
883 4781 972 4848 qui
1012 4781 1151 4833 misit
1191 4798 1310 4836 eum
1363 4782 1430 4839 ⁸³.
1484 4782 1656 4840 Veluti
1709 4787 1799 4855 qui
1846 4789 1991 4857 regis

418 4866 708 4936 imaginem
737 4868 802 4921 ad
845 4881 904 4921 se
950 4870 1171 4924 missam
1227 4872 1517 4941 honorant,
1578 4889 1758 4945 regem
1817 4877 1989 4946 ipsum

416 4957 668 5028 imaginis
699 4957 841 5013 illius
870 4960 1147 5029 exemplar
1180 4962 1473 5027 honorant,
1507 4965 1573 5016 ad
1597 4966 1844 5019 eumdem
1876 4981 1990 5019 uto-

418 5050 543 5103 dutn
573 5059 627 5105 et
656 5049 814 5107 Pater
839 5052 1134 5107 honoratus
1183 5054 1394 5109 exsistit
1429 5069 1525 5123 per
1567 5055 1786 5123 Filium,
1816 5059 1892 5111 uti
1934 5067 1991 5114 et

489 5194 548 5250 ᾖ
581 5187 675 5241 Ed.
700 5186 854 5244 Paris
883 5226 897 5250 ,
924 5204 1043 5257 pag.
1079 5188 1203 5242 ill.

2119 1976 2183 2028 ἐκ
2209 1974 2302 2027 τοῦ
2336 1971 2597 2046 οὐρανοῦς
2629 1971 2752 2034 Πῶς
2778 1971 2821 2023 δ’
2857 1974 2913 2024 έν
2941 1973 3005 2040 τῇ
3037 1969 3200 2041 σαρκὶ
3235 1968 3334 2039 (ι),
3444 1967 3704 2038 ἀνείληφα

2117 2060 2403 2133 γενομένη,
2436 2061 2608 2116 ταῦτα
2639 2059 2875 2130 διεξῄει;
2912 2059 3037 2121 Πῶς
3074 2058 3119 2110 δ’
3150 2059 3207 2110 ὲν
3248 2057 3325 2128 τῷ
3369 2054 3489 2127 Θεῷ
3528 2056 3703 2125 Λόγςς

2116 2159 2232 2227 ὲρεί
2270 2154 2733 2224 καταϐεςηκέναι,
2779 2152 2876 2221 οὐχ
2910 2151 2996 2205 ἵνα
3040 2151 3239 2221 ποιήσῃ
3270 2150 3330 2202 τὸ
3361 2147 3573 2220 θέλημα
3603 2150 3705 2203 αἰ-

2113 2246 2229 2310 τοῦ,
2265 2244 2403 2298 ἀλλά
2430 2244 2491 2297 τὸ
2513 2244 2606 2297 τοῦ
2640 2243 2952 2313 πέμψαντος
2991 2243 3190 2302 αὐτόν;
3238 2239 3337 2293 Διά
3364 2241 3569 2293 τούτων
3600 2240 3703 2308 μὲν

2112 2331 2143 2382 ὁ
2167 2326 2295 2393 Υἱὸς
2334 2329 2426 2382 τοῦ
2472 2328 2608 2385 Θεοῦ
2642 2328 2703 2381 τὸ
2739 2326 2875 2402 πρὸς
2916 2329 3006 2382 τὸν
3047 2329 3265 2399 Πατέρα
3313 2327 3476 2390 σέϐας
3504 2327 3702 2380 ἑαυτοῦ

2113 2420 2444 2492 παρίστησιν
2463 2436 2476 2449 ·
2514 2419 2602 2472 ὅτε
2630 2419 2687 2471 δὲ
2717 2418 2823 2471 τῶν
2847 2418 3119 2490 γεννητῶν
3150 2417 3405 2471 ἁπάντων
3436 2416 3702 2487 καθηγεῖ-

2109 2535 2199 2570 ται
2253 2516 2361 2569 τῶν
2406 2515 2473 2568 δι’
2511 2514 2675 2567 αὐτοῦ
2727 2515 3158 2585 γεγεννημένων,
3213 2512 3288 2575 ὡς
3326 2510 3392 2565 ἂν
3442 2510 3701 2564 ἁπάντων

2111 2604 2372 2675 ὑπάρχων
2397 2602 2588 2674 Σωτὴρ
2612 2603 2706 2656 καὶ
2732 2601 2935 2672 Κύριος
2962 2601 3055 2654 καὶ
3084 2600 3145 2671 δη
3155 2601 3414 2672 μιουργός
3472 2599 3699 2669 (Πάντα

2108 2695 2217 2767 γὰρ
2244 2696 2319 2749 δι’
2353 2695 2543 2753 αὑτοῦ
2579 2694 2849 2763 ἐγένετο,
2891 2694 3003 2768 καί.
3026 2692 3204 2764 χωρὶς
3234 2693 3421 2747 αὐτοῦ
3455 2692 3696 2762 ἐγένετο

2108 2785 2252 2840 οὐδὲ
2295 2785 2424 2856 ἐν),
2472 2786 2771 2855 τηνικαῦτα
2824 2785 2916 2838 καὶ
2975 2784 3106 2848 Θεὸς
3150 2786 3243 2838 καλ⁵
3287 2784 3554 2854 δεσπότης
3603 2781 3696 2836 καὶ

2108 2877 2299 2947 Σωτὴρ
2343 2875 2437 2929 καὶ
2482 2875 2733 2945 βασιλεὺς
2775 2874 3157 2945 ἀναγορεύοιτο
3193 2873 3278 2929 ἄν.
3322 2874 3413 2927 Διὸ
3462 2875 3556 2927 καὶ
3603 2875 3693 2926 σέδ

2108 2967 2223 3020 ϐειν
2263 2967 2356 3020 καὶ
2390 2968 2714 3036 προσκυνεῖν
2738 3006 2752 3030 ,
2785 2966 2881 3019 καὶ
2918 2968 3083 3037 τιμᾷν
3117 2964 3301 3031 αὑτὸν,
3337 2963 3425 3020 οἷα
3462 2967 3615 3028 Θεὸν,
3657 2967 3692 3037 ἡ

2120 3057 2414 3127 Ἐκκλησία
2441 3056 2605 3111 αὐτοῦ
2626 3057 2946 3123 δεδίδακται,
2977 3057 3135 3111 τοῦτο
3158 3059 3415 3128 πράττειν
3445 3060 3574 3129 παρ’
3595 3059 3694 3111 αὖ·-

2107 3145 2203 3200 τοῦ
2250 3146 2514 3217 μαθοῦσα.
2555 3147 2717 3215 Λέγει
2771 3147 2815 3201 δ’
2859 3145 2951 3200 οὖν
3002 3146 3166 3209 αὐτὸς
3209 3147 3238 3199 ὁ
3280 3146 3506 3217 Σωτήρ·
3550 3146 3696 3200 οὐδὲ

2110 3238 2219 3310 γὰρ
2258 3243 2290 3292 ὀ
2330 3237 2536 3307 Πατὴρ
2568 3240 2753 3308 κρίνει
2796 3238 3033 3304 οὐδένα,
3074 3236 3236 3291 ἀλλὰ
3282 3237 3397 3306 τὴν
3444 3236 3694 3292 ἅπασαν

2110 3334 2315 3400 κρίσιν
2360 3329 2580 3383 δέδωκε
2632 3330 2713 3396 τῷ
2771 3328 2880 3395 ΥΙῷ
2912 3330 3011 3383 ἵνα
3053 3328 3277 3395 πάντες
3321 3328 3532 3398 τιμῶσι
3584 3328 3693 3381 τὸν

2120 3422 2276 3486 Υἱὸν,
2305 3421 2492 3488 καθὼς
2536 3420 2743 3491 τιμῶσι
2770 3420 2875 3474 τὸν
2902 3421 3151 3489 Πατέρα,
3187 3421 3484 3494 διαρρήδην
3509 3434 3691 3491 παραι

2110 3511 2464 3583 κελευόμενος
2490 3514 2654 3582 τιμᾷν
2685 3512 2843 3565 αὑτὸν
2878 3512 2952 3582 μὴ
2984 3512 3185 3583 ὁμοίως
3215 3516 3328 3575 τοῖς
3360 3512 3689 3583 προφήταις,

2113 3602 2234 3674 μηδ’
2267 3602 2467 3673 ὁμοίως
2499 3603 2573 3671 (‘2;
2606 3602 2879 3670 ἀγγέλοις,
3002 3604 3122 3665 sai;
3151 3602 3353 3657 τούτων
3393 3603 3469 3672 (5)
3503 3603 3693 3670 διατρε-

2110 3692 2332 3767 ροῦσαις
2374 3694 2698 3761 δυνάμεσιν,
2739 3692 2854 3747 ἀλλ’
2883 3692 3031 3763 αὐτῷ
3063 3692 3141 3764 τῷ
3186 3691 3359 3765 Πατρὶ
3395 3692 3694 3763 παραπλη-

2110 3786 2258 3850 σίως.
2307 3784 2478 3838 Τοῦτο
2506 3783 2615 3855 γὰρ
2650 3784 2811 3848 αὐτὸς
2850 3787 2885 3838 ὁ
2910 3785 3101 3857 Πατὴρ
3131 3784 3205 3856 (4)
3240 3782 3540 3855 βουληθεὶς,
3577 3786 3688 3836 πᾶ-

2110 3897 2207 3933 σαν
2244 3879 2343 3950 τὴν
2371 3879 2552 3949 κρίσιν
2585 3879 2781 3932 δέδωκε
2809 3877 2887 3948 τῷ
2921 3877 3055 3948 Υίῷ,
3102 3878 3190 3931 ἵνα
3218 3875 3418 3940 πάντες
3452 3874 3689 3944 τιμῶσιν

2106 3971 2268 4029 αὑτὸν
2299 3965 2482 4033 καθὼς
2512 3971 2710 4041 τιμῶσι
2739 3971 2829 4023 τὸν
2868 3969 3107 4041 Πατέρα.
3157 3970 3225 4020 Ἃ
3256 3967 3321 4039 δὴ
3354 3966 3448 4021 καὶ
3484 3965 3687 4036 Θωμᾶς

2104 4064 2133 4115 ὁ
2154 4061 2384 4132 Δίδυμος
2427 4060 2667 4131 ἀκριϐῶς
2698 4061 3081 4133 ἐπιστάμενος,
3127 4060 3221 4114 ἆτε
3253 4057 3346 4112 τοῦ
3391 4056 3550 4129 χοροῦ
3577 4056 3688 4110 τῶν

2106 4152 2313 4206 δώδεκα
2364 4151 2604 4220 γεγονὼς
2661 4152 2947 4224 μαθητῶν,
3003 4152 3277 4224 λαμπροῖς
3329 4152 3539 4223 ῥήμασι
3590 4150 3688 4204 καὶ

2103 4246 2235 4299 Θεὸν
2278 4243 2437 4297 αὐτὸν
2474 4246 2567 4297 καὶ
2609 4241 2814 4317 Κῦριον
2845 4245 3189 4316 έπεγράφετο
3225 4245 3435 4313 λέγων,
3474 4244 3536 4296 '0
3563 4245 3685 4298 Κύ-

2095 4338 2227 4404 ριός
2250 4355 2390 4405 μου,
2427 4340 2522 4391 καὶ
2549 4341 2581 4390 ό
2609 4338 2751 4402 Θεός
2770 4354 2909 4405 μου.
2940 4335 3030 4389 Διὸ
3067 4337 3131 4407 δὴ
3173 4336 3268 4389 καὶ
3303 4337 3449 4406 ἡμᾶς
3476 4336 3685 4407 προσή-

2103 4446 2188 4504 κει
2231 4430 2389 4501 μόνον
2430 4431 2519 4483 τὸν
2559 4429 2687 4482 Υἰὸν
2725 4429 2818 4482 καὶ
2867 4428 3070 4499 μηδένα
3116 4429 3301 4499 ἕτερον
3349 4428 3502 4499 θεῖκῇ
3546 4431 3682 4499 τιμῇ
3776 4452 3785 4463 ο

2105 4518 2302 4585 σέϐειν,
2343 4518 2523 4581 καθὼς
2570 4518 2818 4590 τιμῶμεν
2857 4516 2951 4571 τὸν
2992 4518 3232 4589 Πατέρα,
3267 4518 3360 4571 καὶ
3399 4520 3456 4570 ὲν
3507 4517 3685 4588 τούτῳ

2102 4608 2196 4661 τοῦ
2225 4608 2437 4679 Πατρὸς
2458 4606 2544 4661 διὰ
2574 4608 2665 4661 τοῦ
2701 4606 2830 4660 Υίοῦ
2857 4607 3163 4677 τιμωμένου
3184 4621 3198 4636 ο
3237 4607 3301 4657 Ὃ
3326 4605 3391 4676 δὴ
3423 4605 3515 4658 καὶ
3548 4606 3684 4658 αὐτὸ

2101 4698 2341 4754 διδάσκει
2379 4698 2549 4766 λέγων
2569 4715 2581 4726 ·
2629 4699 2682 4750 Ὁ
2713 4697 2894 4767 τιμῶν
2924 4696 3032 4749 τὸν
3071 4695 3227 4763 Υἱὸν,
3254 4694 3389 4765 τιμᾷ
3422 4696 3530 4748 τὸν
3557 4699 3681 4748 Πα-

2092 4790 2233 4857 τέρα
2275 4789 2381 4842 τὸν
2409 4788 2729 4859 πέμψαντα
2765 4789 2969 4843 αὐτόν.
3015 4789 3226 4859 Ὥσπερ
3255 4788 3364 4859 γὰρ
3397 4789 3492 4840 καὶ
3521 4786 3680 4855 βασι-

2092 4880 2228 4943 λέως
2256 4878 2742 4950 καταπεμφθεῖσαν
2772 4878 2955 4931 εἰκόνα
2986 4877 3273 4947 τιμῶντες,
3304 4877 3366 4930 τὸ
3396 4877 3680 4946 πρωτότυ-

2094 4985 2192 5023 πον
2231 4970 2328 5039 τῆς
2372 4970 2597 5034 είκόνος,
2623 4969 2790 5022 αὐτὸν
2823 4968 2889 5022 ἂν
2923 4969 3258 5039 τιμήσαιμεν
3289 4968 3382 5020 τὸν
3428 4966 3679 5036 βασιλέα,

2091 5056 2199 5114 τὸν
2225 5062 2389 5116 αὑτὸν
2426 5061 2623 5132 τρόπον
2657 5063 2686 5116 ὁ
2721 5061 2910 5132 Πατὴρ
2951 5060 3016 5114 ἂν
3056 5059 3140 5132 εἴη
3173 5058 3261 5113 διὰ
3304 5060 3398 5113 τοῦ
3430 5059 3564 5112 Υίοῦ
3594 5075 3677 5110 τι-

485 5281 528 5350 ⁷ξ¹
558 5278 712 5333 Joau.
761 5294 835 5350 τι.
861 5278 949 5334 38.
1026 5280 1072 5310 "
1094 5278 1247 5333 Joan.
1285 5294 1337 5344 ν,
1362 5278 1437 5331 30
1510 5279 1555 5309 "
1584 5276 1611 5331 J
1634 5296 1737 5333 tau.
1767 5295 1874 5342 xw,
1907 5280 1995 5336 '28.

2111 5281 2298 5338 'Joau.
2351 5300 2387 5349 ι,
2416 5284 2467 5338 3.
2542 5285 2586 5316 ⁸⁸
2623 5283 2779 5340 Joan.
2812 5301 2863 5348 ν,
2894 5284 2986 5349 22,
3014 5284 3104 5339 23.
3179 5284 3227 5315 ⁸³
3249 5283 3405 5339 Joau.
3452 5300 3545 5350 xx,
3575 5282 3672 5337 28.

411 5349 461 5381 ⁸³
498 5348 657 5406 Joau.
700 5364 752 5415 ν,
786 5349 885 5403 25.

487 5485 729 5557 (99)__Kal
754 5484 870 5553 τὴν
892 5484 1178 5557 διάγοιαν.
1196 5482 1383 5557 Esset,
1414 5484 1555 5539 κατὰ
1574 5484 1670 5557 τὴν
1697 5486 1747 5541 δ.
1792 5486 1864 5544 Μ.

483 5557 558 5627 (ί)
592 5554 759 5627 Vulgo
789 5558 855 5627 ἥν
887 5555 1055 5627 ἀνείλ.
1081 5555 1389 5627 γενόμενος.

510 5624 564 5694 '2)
598 5624 766 5694 Vulgo
792 5624 904 5686 τοῖς
931 5625 1061 5692 ἀγγ.

513 5692 1015 5764 5)Διαφερθύσαις
1064 5692 1376 5764 δυνάμεσι.
1408 5693 1505 5750 Vel
1551 5693 1859 5749 differentes
1916 5695 1984 5751 ab

398 5765 642 5845 lingulis,
682 5765 885 5819 utrovis
914 5766 1092 5833 modo,
1122 5765 1173 5818 in
1205 5765 1408 5820 caelesti
1452 5767 1752 5822 hieran-hia
1788 5766 1980 5821 distin-

2097 5487 2211 5558 guit
2236 5488 2472 5556 angelus,
2504 5498 2555 5542 cl
2589 5498 2896 5558 potestates.
2941 5487 3009 5541 Μ.

2169 5553 2466 5630 (“Vulgo
2502 5553 2603 5629 μου
2657 5558 2901 5630 ληφθείς,
2958 5568 3013 5630 at
3057 5553 3220 5630 Mout.
3264 5554 3380 5630 jam
3421 5556 3573 5630 dedit
3606 5555 3666 5611 in

2385 5624 2551 5699 ‘qttod
2589 5624 2807 5699 scrip-sil
2834 5628 3028 5699 Euseb.
3072 5629 3123 5682 iu
3157 5640 3297 5683 corr.
3337 5624 3409 5678 ἷσ.
3448 5624 3663 5699 προλη-

2180 5732 2204 5761 ν
2231 5729 2255 5750 ε
2321 5738 2353 5769 ν
3220 5746 3223 5749 ,
