4082 6402
360 427 456 482 915

1303 429 1388 484 DE
1429 431 1961 488 L'CL'LESIASTICA
2009 433 2399 490 TllEOLOGlA
2442 434 2568 490 LIB.
2611 430 2674 490 11.

3508 443 3616 500 9H

363 541 624 614 μώμενος,
661 539 734 604 ὡς
767 541 860 594 καὶ
886 541 952 596 δι’
992 541 1157 598 αὑτοῦ
1197 545 1490 618 ὁρώμενος.
1531 551 1592 601 Ὀ
1623 551 1729 622 γάρ
1770 553 1942 622 ἑωρα-

2067 569 2142 604 n-r
2169 555 2339 619 ipsum
2377 556 2543 606 visus.
2585 553 2717 606 Nam
2751 554 2841 622 qui
2893 553 3086 608 Filium
3134 557 3286 622 vidit,
3337 558 3382 613 is
3431 561 3620 628 utique

362 632 468 694 κὼς
496 631 583 682 τὴν
617 629 744 682 Υἱδν
772 630 985 702 ἑώρακε
1019 633 1095 704 (5)
1125 635 1216 687 τὸν
1241 636 1481 706 Πατέρα,
1508 638 1606 708 τὴν
1641 638 1934 708 ἀγέννητον

360 724 602 792 θεᾶτητα,
647 715 758 773 οἷον
806 722 863 774 ὲν
906 724 1102 776 εἰκόνει
1146 725 1240 778 καὶ
1279 727 1587 798 κατόπτρῳ,
1622 730 1680 780 έν
1707 727 1783 798 τῷ
1824 727 1935 796 Υἱῷ

360 809 900 884 χαρακτηριξομένην
953 813 1116 882 δρῶν.
1192 816 1574 885 Ἄπαύγασμα
1637 816 1746 886 γάρ
1807 818 1935 870 ἐστι

359 904 546 976 φωτὸς
568 903 764 957 ἀϊδίου
791 905 890 957 καὶ
929 905 1254 973 εῖσοπτρον
1281 908 1659 975 ἀκηλίδωτον
1687 909 1795 975 τῆς
1829 909 1936 962 τοῦ

363 995 503 1050 Θεοῦ
523 995 846 1073 ἐνεργείας,
878 994 975 1046 καὶ
996 994 1172 1048 εἰκὼν
1192 996 1301 1064 τῆς
1334 999 1699 1066 ἀγαθότητος
1731 999 1933 1052 αὑτοῦ·

361 1091 532 1142 πάντα
571 1087 628 1140 δὲ
667 1086 839 1140 ταῦτα
871 1085 1018 1158 παρὰ
1057 1088 1150 1138 τοῦ
1195 1088 1408 1158 Πατρός
1454 1088 1654 1151 λαϐὼν,
1683 1087 1742 1151 ἐξ
1776 1089 1938 1140 αὑτοῦ

359 1197 416 1232 τε
445 1180 538 1232 καὶ
567 1179 664 1250 τῆς
697 1177 949 1248 θεότητος
982 1177 1082 1248 τὴν
1122 1178 1300 1244 δόξαν,
1343 1180 1417 1241 ὡς
1450 1179 1514 1232 ἂν
1562 1181 1687 1242 Υἱὸς
1723 1181 1940 1249 γνήσιος

359 1275 449 1326 καὶ
493 1272 810 1343 μονογενὴς,
846 1269 1084 1340 εἰληφὼς
1113 1270 1248 1340 ἕχει.
1297 1269 1433 1322 Ἀλλ’
1464 1271 1524 1323 οὑ
1569 1271 1661 1324 καὶ¹
1695 1273 1722 1324 ὁ
1754 1269 1941 1340 Πατὴρ

361 1364 507 1435 παρά
555 1380 700 1426 τινος
745 1363 965 1432 εἴληφε·
1023 1361 1240 1414 πάντων
1272 1361 1314 1413 δ’
1351 1361 1512 1424 αὑτὸς
1555 1363 1630 1415 ῶν
1673 1363 1814 1434 ἀρχὴ
1852 1364 1943 1415 καί

361 1454 508 1524 πηγὴ
539 1453 634 1505 καὶ
666 1453 788 1523 ῥίζα
822 1451 930 1504 τῶν
966 1452 1222 1520 ἀγαθῶν,
1270 1453 1494 1517 εἰκότως
1531 1451 1610 1517 εἷς
1659 1454 1749 1508 καὶ
1785 1455 1944 1524 μόνος

361 1542 740 1614 ἀναγορεύοιτο
771 1542 836 1595 ἂν
867 1542 1019 1606 Θεός.

999 1636 1156 1689 ΚΕΦ.
1220 1637 1300 1689 11’.

373 1726 632 1792 Ὅποίοις
671 1727 904 1796 ῥήμασι
950 1726 1303 1849 Μάρμεέλρς
1361 1728 1594 1796 ἠρνεῖτο
1653 1729 1758 1781 τὸν
1813 1729 1948 1781 ne»

999 1813 1104 1849 του
1183 1815 1308 1849 εου.

999 1813 1104 1849 του
1139 1813 1308 1852 σεου.

446 1909 610 1964 ’Λλλά
640 1909 845 1962 τούτων
873 1909 933 1964 ἐν
958 1909 1151 1980 ἀγνοίᾳ
1181 1909 1466 1980 τυγχάνων
1501 1911 1574 1982 (6‘,
1606 1909 1944 1982 Μάρκελλος,
1980 1896 2020 1950 Β

360 2003 420 2054 οὑ
455 2001 705 2071 βούλεται
743 2001 849 2073 μὲν-
875 1999 1090 2075 ἀληθῶς
1117 2001 1208 2054 τὸν
1233 2003 1361 2054 Υἰὸν
1391 2003 1455 2060 ὲκ
1483 2001 1577 2054 τοῦ
1609 2003 1820 2072 [ἰατρὸς
1856 2018 1947 2068 γεφ

361 2091 676 2163 γεννῆσθαι,
715 2092 789 2155 ὡς
822 2092 947 2145 Υἱὺν
984 2092 1162 2156 ζῶντα
1193 2092 1287 2145 καὶ
1331 2092 1636 2160 ὑφεστῶτα·
1669 2089 1756 2144 οἷα
1789 2093 1844 2144 δὲ
1863 2093 1948 2144 λό-

362 2201 457 2252 γον
491 2185 655 2237 αὑτὸν
687 2184 1020 2254 σημαντικόν
1053 2202 1196 2248 τινος
1227 2186 1259 2253 ἦ
1301 2184 1718 2253 προστακτικὸν,
1756 2183 1948 2252 προελ-

363 2273 475 2330 Οεῖν
501 2271 598 2325 τοῦ
627 2272 762 2326 Θεοῦ
799 2274 1016 2342 φάσκει.
1067 2276 1266 2326 Ἀκουε
1295 2273 1339 2326 δ’
1375 2269 1466 2326 οὑν
1501 2272 1826 2334 ἀκαλύπτως
1855 2273 1947 2325 καὶ

363 2364 521 2419 τοῦτο
553 2363 801 2433 λέγοντος
834 2364 997 2417 αὑτοῦ
1037 2364 1221 2420 ταῖσδε
1258 2367 1377 2427 mi;
1413 2367 1646 2433 φωναῖς·
1690 2383 1707 2413 ί
1744 2364 1815 2414 Τὸ
1852 2365 1948 2432 μὲν

371 2474 389 2505 ι
433 2449 526 2507 οὖν
553 2455 657 2526 πρὸ
686 2454 793 2506 τῶν
825 2455 1034 2507 αἰώνων
1067 2453 1228 2506 αὑτὸν
1254 2451 1617 2522 γεγεννῆσθαι
1647 2452 1816 2521 φῆσαι
1847 2452 1946 2520 (7),

369 2567 388 2598 ι
439 2547 748 2612 ἀκολούθως
782 2547 1061 2618 εἰρηκέναι
1097 2545 1263 2600 δοκεῖ.
1299 2544 1548 2613 Γέννημα
1582 2543 1689 2613 γὰρ
1717 2543 1777 2594 τὸ
1813 2559 1946 2612 προε

369 2659 390 2691 ι
437 2639 591 2692 ελθὺν
639 2638 730 2692 τοῦ
762 2637 1074 2708 ,προεμένου
1115 2635 1321 2704 γίνεται
1367 2633 1600 2704 Πατρὸς,
1636 2633 1862 2703 θάτερον
1904 2633 1948 2687 δῖ

373 2748 390 2778 ι
439 2729 541 2782 οὑκ
574 2727 654 2781 ἔτι
684 2726 852 2796 ὑγιῶς
883 2727 989 2779 οὐδ’
1019 2725 1256 2789 εὐσεϐῶς
1301 2725 1460 2780 αὑτὸν
1496 2722 1946 2794 παραλέλειπται.

372 2839 389 2872 ι
438 2821 512 2874 Τὸ
542 2820 652 2890 γὰρ
683 2821 756 2892 μὴ
787 2821 964 2888 Λόγον.
984 2815 1122 2872 εἶναι
1150 2813 1326 2888 φῆσαί
1350 2817 1440 2870 τὸν
1470 2815 1530 2880 ἐξ
1559 2814 1724 2868 αὑτοῦ
1758 2814 1950 2885 προελ-

374 2929 393 2968 (
437 2910 602 2976 θὰ-ιτα
635 2913 750 2981 (καὶ
799 2911 987 2964 τοῦτον
1016 2905 1154 2964 εἶναι
1186 2910 1277 2961 τὸν
1311 2909 1409 2978 τῆς
1438 2907 1741 2976 γεννήσεως
1776 2905 1952 2975 ἀληθῆ

371 3021 390 3052 ‹
443 3001 703 3072 τρόπον),
756 3001 868 3054 ἀλλ’
913 2999 1128 3070 ἀληθῶς
1162 2999 1289 3051 Υἱὸν
1341 2997 1500 3068 μόνον
1548 2996 1784 3068 έμφασίν
1833 3012 1952 3048 τινα

373 3106 391 3136 ο
440 3089 551 3149 τοῖς
573 3087 858 3140 ἁκούουσιν
881 3087 1226 3158 ἀνθρωπίνης
1237 3085 1412 3155 ὄψεως
1429 3085 1689 3157 παρέχειν
1706 3083 1914 3139 εἴωθεν.
1931 3103 1948 3136 ι

372 3173 484 3230 Εἶθ’
533 3177 614 3231 ὅτι
664 3177 799 3248 μηδὲ
848 3177 1169 3247 γεγέννηται
1226 3179 1290 3230 ὲκ
1326 3176 1419 3230 τοῦ
1463 3176 1692 3248 Πατρός¹
1718 3178 1745 3229 ό
1787 3175 1955 3245 Λόγος

371 3268 642 3338 παριστὰς
694 3263 794 3322 ὦδε
847 3269 994 3338 λέγει
1044 3268 1177 3340 πρὸς
1225 3267 1389 3334 λέξιν.
1444 3285 1461 3320 ι
1514 3268 1570 3320 Ὁ
1604 3267 1780 3320 τοίνυν
1814 3266 1956 3337 ἱερὸς

371 3358 673 3420 ἀπόστολος
700 3358 794 3410 καὶ
827 3358 1074 3430 μαθητὴς
1102 3356 1196 3411 τοῦ
1229 3359 1437 3429 Κυρίου
1475 3357 1756 3428 Ἰωάννης,
1793 3357 1957 3410 ἀῖδιόδ

371 3466 534 3518 τητος
565 3447 726 3502 αὑτοῦ
745 3449 1116 3520 μνημονεύων,
1145 3447 1349 3518 ἀληθὴς
1372 3447 1620 3516 ἐγίγνετο
1651 3446 1742 3500 τοῦ
1785 3447 1956 3515 Λόγου

375 3540 622 3612 μάρτυς·
691 3541 785 3592 Ἐν
829 3536 1093 3609 ἀρχῇςῆιν
1123 3542 1150 3593 ὁ
1183 3541 1391 3608 Λόγος,
1427 3540 1525 3591 καὶ
1568 3542 1600 3592 ό
1649 3539 1840 3606 Λόγος
1884 3535 1960 3607 ἦν

372 3633 525 3700 πρὸς
555 3632 658 3685 τὸν
702 3633 867 3694 Θεὸν,
903 3633 998 3686 καὶ
1032 3632 1174 3698 Θεὸς
1200 3629 1277 3702 ἦν
1311 3635 1343 3684 ὀ
1389 3634 1608 3700 Λόγος·
1667 3630 1815 3683 οὐδὲν
1865 3647 1959 3698 γε-

371 3724 573 3788 νέσεως
618 3724 850 3777 ἐνταῦθα
881 3723 1234 3795 μνημονεύων
1277 3723 1371 3776 τοῦ
1417 3724 1610 3790 Λόγου.
1647 3741 1664 3772 ι
1709 3721 1865 3774 Οὑτω
1896 3721 1963 3794 δὴ

373 3815 466 3870 τὸν
512 3817 637 3870 Υἱὸν
674 3814 766 3869 τοῦ
803 3816 937 3868 Θεοῦ
970 3815 1301 3886 ἀρνούμενος
1327 3815 1418 3868 τὸν
1446 3817 1503 3867 ὲν
1536 3813 1613 3884 τῷ
1641 3813 1760 3883 Θεῷ
1785 3813 1958 3880 Λόγον

375 3907 509 3961 ποτὲ
556 3909 652 3979 μὲν
690 3907 836 3960 ἔνδον
872 3902 1012 3968 εἶναι
1057 3907 1114 3958 ὲν
1158 3904 1237 3976 τῷ
1286 3905 1403 3975 Θεῷ
1451 3905 1674 3974 ἔφασκε,
1730 3904 1858 3956 ποτὲ
1883 3903 1959 3956 ’δὲ

376 3997 626 4069 προϊέναι
661 3997 752 4051 τοῦ
788 3996 920 4050 Θεοὺ
941 4013 953 4027 ·
992 3997 1090 4050 καὶ¹
1119 3997 1306 4058 ἄλλοτε
1341 3997 1501 4049 πάλιν
1535 3993 1959 4066 ἀναδραμεῖσθαι

375 4094 456 4154 εἰς
487 4091 577 4142 τὸν
618 4091 768 4153 Θεὸν,
801 4090 895 4152 καὶ
929 4088 1144 4141 ἔσεσθαι
1177 4089 1234 4141 ἐν
1263 4088 1433 4158 αύτῷ,
1467 4087 1542 4150 ὡς
1573 4089 1666 4148 καὶ
1697 4085 1960 4156 πρότερον

374 4178 475 4252 ἦν,
519 4181 851 4234 Ἑπάκουσον
899 4181 942 4232 δ’
982 4180 1131 4240 ὅπως
1183 4177 1356 4234 ταῦτα
1405 4177 1550 4244 λέγει
1598 4176 1805 4238 τούτοις
1851 4177 1962 4238 τοῖς

379 4275 625 4345 ῥήμασι·
672 4291 690 4322 ι
741 4271 875 4324 Νυνὶ
915 4272 970 4324 δὲ
1003 4270 1243 4332 πιστεύω
1295 4271 1415 4332 ταῖς
1465 4268 1637 4331 θείαις
1695 4269 1960 4338 Γραφαῖς,

382 4383 400 4414 ‹
451 4365 532 4416 ὅτι
574 4357 652 4426 εἷς
682 4364 709 4416 ὁ
739 4363 891 4425 Θεὸς,
923 4362 1016 4415 καὶ
1055 4364 1084 4414 ὁ
1133 4361 1321 4414 τούτου
1366 4360 1536 4427 Λόγος
1581 4357 1820 4428 προῆλθε
1865 4356 1963 4426 μὲν

386 4471 403 4504 ι
453 4451 545 4506 τοὺ
578 4452 808 4524 Πατρὸς,
834 4452 920 4504 ἵνα
946 4452 1123 4504 πάντα
1163 4450 1229 4502 δι’
1262 4448 1425 4502 αὑτοῦ
1463 4449 1705 4519 γένηται·
1743 4447 1880 4515 μετὰ
1908 4445 1963 4498 δὲ

385 4563 403 4593 ε
453 4543 543 4595 τὸν
596 4544 785 4614 καιρὸν
821 4543 916 4612 τῆς
970 4543 1225 4614 κρίσεως,
1273 4540 1368 4596 καὶ
1407 4541 1504 4610 τὴν
1547 4537 1654 4590 τῶν
1705 4537 1962 4594 ἁπάντων

385 4655 404 4683 ί
453 4632 756 4703 διόρθωσιν,
803 4634 895 4685 καὶ
938 4633 1029 4690 τὸν
1079 4631 1387 4702 ἀφανισμὸν
1432 4631 1530 4700 τῆς
1579 4628 1962 4697 ἀντικειμένης

387 4743 404 4773 ι
458 4718 676 4792 ἇπάσης
723 4722 1028 4792 ἐνεργείας,
1078 4722 1195 4776 τότε
1238 4721 1397 4782 αὑτὸς
1445 4719 1848 4787 ὑποταγήσεται
1887 4716 1964 4786 τῷ

389 4834 407 4866 ς
459 4814 784 4878 ὑποτάξαντι
819 4813 966 4882 αὑτῷ
1010 4813 1078 4865 τὰ
1123 4813 1299 4873 πάντα
1347 4811 1466 4880 Θεῷ
1511 4811 1606 4870 καὶ
1652 4809 1854 4880 Πατρί·
1899 4807 1964 4860 ἵν’

391 4926 408 4955 ε
455 4903 624 4967 οὑτως
712 4905 766 4956 ὲν
797 4902 872 4972 τῷ
901 4901 1019 4972 Θεῷ
1056 4905 1084 4954 ὁ
1121 4902 1314 4969 Λόγος,
1354 4900 1542 4971 ὥσπερ
1575 4901 1669 4952 καὶ
1698 4900 1964 4971 πρότερον

391 5016 408 5048 ι
458 4992 526 5067 ἦν
562 4996 669 5067 πρὸ
717 4995 808 5048 τοὺ
837 4995 926 5054 τὸν
966 4994 1166 5064 κόσμον
1203 4991 1372 5045 εἶναι·
1423 4991 1635 5053 οὐδενὸς
1666 4991 1774 5060 γὰρ
1815 4991 1965 5052 ὄντος

393 5109 409 5139 ι
461 5087 724 5158 πρότερον
763 5083 829 5156 ἦν
869 5085 964 5140 τοῦ,
1004 5085 1136 5137 Θεοῦ
1175 5083 1358 5154 μόνου,
1391 5081 1606 5135 πάντων
1643 5081 1698 5134 δὲ
1743 5080 1830 5133 διὰ
1871 5079 1964 5132 τοῦ

393 5201 411 5230 ι
462 5181 634 5246 Λόγου
688 5179 931 5246 γίνεσθαι
988 5176 1308 5248 μελλόντων,
1383 5173 1653 5244 προῆλθεν
1721 5175 1748 5224 ό
1792 5173 1966 5238 Λόγος

393 5292 413 5322 ‹
460 5271 718 5341 δραστικῇ
749 5269 1017 5340 ἐνεργείᾳ,
1049 5269 1219 5335 Λόγος
1260 5265 1353 5318 τοῦ
1391 5264 1603 5334 Πατρὺς
1641 5261 1737 5319 ῶν.
1793 5280 1810 5310 ι
1859 5262 1967 5318 Καὶ

395 5361 553 5413 πάλιν
585 5359 682 5430 τὴν
732 5359 900 5428 αὑτὴν
943 5357 1180 5410 διάνοιαν
1221 5353 1538 5424 λευκότερον
1579 5350 1814 5421 τίθησιν,
1865 5341 1966 5411 ὦδε

469 5480 526 5537 >11
563 5473 658 5526 Etl.
685 5469 884 5534 Paria,
913 5485 1030 5538 pag.
1065 5467 1190 5523 ΗΞ.

465 5564 509 5595 ἰδ
533 5565 660 5632 Sap.
689 5578 808 5627 \‘Itl,
831 5561 919 5614 26.
995 5561 1041 5591 ⁸⁸
1065 5559 1222 5616 Joan.
1262 5575 1300 5627 t,
1328 5560 1376 5613 1.

467 5677 543 5743 (5)
571 5674 742 5745 Vulgo
768 5675 948 5745 xui}.
985 5673 1053 5728 II.

471 5748 550 5813 (6)
586 5743 754 5811 Vul'go
780 5745 808 5795 ό
844 5743 912 5797 Μ.
942 5754 996 5796 et
1029 5744 1297 5813 nioxfczi;
1329 5743 1407 5796 δέ.

582 5807 936 5880 Ἀκὰἶούθως
979 5811 1298 5880 εἱρηκέναι.
1332 5812 1425 5866 (lui
1465 5810 1682 5867 tandem
1708 5809 1808 5867 boc
1839 5807 1967 5864 ἀκό-

2039 654 2093 695 et
2117 643 2325 696 Patrem
2363 644 2519 708 vidit,
2547 645 2674 699 dum
2718 644 2976 700 deitatem
3009 645 3329 715 ingenitam,
3366 649 3528 703 veluti
3564 651 3613 703 in

2039 736 2273 805 imagine
2305 744 2468 804 atque
2495 737 2716 805 speculo
2749 738 2800 792 in
2824 738 2961 793 Filio
2989 741 3496 808 cbaracterisatam,
3532 742 3616 795 in-

2041 835 2238 878 tuetur.
2283 826 2378 878 Est
2408 827 2544 879 enim
2585 828 2832 896 splendor
2863 840 3074 884 (eterna:
3119 831 3251 884 lucis
3281 847 3299 884 :
3343 843 3389 886 et
3437 848 3617 898 specu-

2040 916 2146 967 lum
2202 917 2595 975 mundissimum
2640 922 2958 987 operationis
3023 930 3254 988 paterna:
3291 937 3308 974 :
3349 932 3396 976 et
3438 925 3614 990 imago

2043 1006 2288 1060 bonitatis
2322 1009 2488 1076 ipsius
2526 1010 2592 1063 ".
2624 1011 2748 1066 llmc
2779 1023 2956 1066 autem
2992 1013 3170 1066 omnia
3203 1028 3322 1067 cum
3358 1015 3424 1069 de
3455 1015 3615 1069 l‘atre

2041 1098 2389 1165 suscepisset,
2422 1101 2489 1152 ab
2517 1099 2608 1154 illo
2647 1112 2695 1155 et
2732 1102 2959 1170 gloriam
2990 1104 3309 1170 divinitatis,
3355 1114 3614 1174 tanquam

2049 1189 2211 1244 Filius
2245 1191 2476 1246 dilectus
2520 1201 2573 1246 et
2607 1194 2913 1264 unigenitus
2961 1195 3191 1262 accepit,
3245 1195 3337 1250 sed
3392 1211 3493 1249 non
3543 1196 3615 1248 ita

2047 1279 2206 1334 l-‘ater
2238 1296 2266 1332 a
2313 1297 2584 1351 quoquam
2635 1285 2868 1353 accepit,
2919 1300 3042 1337 cum
3096 1285 3165 1338 sit
3223 1285 3336 1354 ipse
3378 1285 3615 1338 omnimn

2046 1367 2371 1438 principium
2419 1379 2471 1424 et
2520 1369 2638 1425 fons
2669 1379 2721 1425 et
2747 1371 2900 1425 radix
2934 1373 3196 1426 bonorum
3223 1389 3237 1439 ;
3261 1374 3400 1428 unde
3424 1374 3618 1427 merito

2047 1473 2185 1513 unus
2213 1466 2265 1513 ct
2297 1459 2445 1513 solus
2471 1461 2794 1528 przedicatur
2820 1462 2976 1516 Deus.

2616 1672 2672 1728 >14
2725 1664 2874 1720 CAP.
2919 1665 3050 1721 Vill.

2122 1757 2322 1823 Quibus
2359 1759 2520 1812 rei-tris
2559 1757 2841 1810 Marcellus
2877 1758 3147 1826 abnegavit
3186 1755 3390 1818 Filium
3434 1757 3547 1811 Dei.

2123 1868 2247 1923 ll:ec
2277 1885 2397 1924 eum
2435 1869 2644 1937 ignoret
2674 1868 2981 1934 Marcellus,
3009 1883 3124 1924 non
3151 1867 3261 1920 vult
3311 1867 3510 1927 Filium
3557 1866 3622 1921 de

2050 1959 2208 2014 Patre
2238 1974 2423 2015 revera
2457 1969 2660 2023 natum,
2707 1959 2870 2012 veluti
2904 1959 3082 2012 vivum
3106 1968 3158 2012 et
3189 1957 3570 2012 subsistentem
3603 1975 3617 2011 :

2048 2061 2102 2103 at
2137 2052 2202 2106 de
2232 2051 2342 2104 Deo
2369 2065 2648 2117 egressum
2684 2048 2832 2102 illum
2877 2063 2982 2102 non
3014 2048 3170 2101 aliter
3198 2048 3293 2109 ait,
3329 2063 3487 2116 quam
3521 2063 3622 2100 cu-

2043 2142 2213 2209 jusvis
2240 2141 2556 2208 imperativa
2610 2149 2703 2192 aut
2748 2140 3039 2194 indicativa
3091 2155 3205 2198 vox.
3234 2139 3297 2193 de
3335 2139 3451 2207 ipso
3487 2137 3616 2192 exit.

2048 2232 2181 2284 Audi
2219 2245 2347 2286 vero
2383 2231 2556 2298 ipsum
2584 2229 2904 2284 clarissimis
2931 2229 3110 2283 verbis
3147 2231 3248 2282 hoc
3290 2229 3429 2281 idem
3477 2229 3622 2282 aliir-

2050 2332 2285 2377 mantem
2313 2321 2402 2391 [11.
2429 2319 2621 2385 XXXI,
2655 2319 2806 2383 col|.,
2839 2336 2892 2388 p.
2925 2320 2994 2373 56
3047 2317 3131 2389 8.]
3187 2337 3203 2368 ι
3236 2317 3460 2372 Videtur
3493 2334 3620 2386 ergo

2055 2434 2072 2464 ι
2122 2415 2266 2467 hisce
2305 2420 2702 2481 consequenter
2731 2411 3037 2474 dicendum,
3069 2420 3191 2476 ante
3220 2410 3416 2464 saecula
3447 2410 3621 2479 ipsum

2057 2525 2074 2556 ι
2121 2514 2458 2575 generatum.
2507 2503 2638 2557 Nam
2681 2504 2822 2573 quod
2873 2503 2938 2557 de
2994 2502 3152 2556 Patre
3213 2504 3625 2570 prmexsistente

2057 2615 2073 2648 ι
2126 2597 2420 2667 egreditur,
2477 2595 2724 2664 genimeu
2773 2593 2888 2662 ejus
2917 2603 3019 2648 est.
3059 2594 3216 2647 Aliud
3258 2608 3388 2651 vero
3424 2604 3483 2648 ut
3528 2593 3623 2657 sit,

2058 2706 2075 2738 ι
2123 2688 2226 2741 dici
2275 2703 2380 2740 non
2425 2695 2601 2755 potest
2643 2701 2763 2740 cum
2811 2700 2946 2740 sana
2993 2686 3193 2755 pietate
3246 2683 3618 2751 coniunctum.

2059 2796 2077 2827 ι
2126 2777 2258 2830 Nam
2283 2777 2365 2831 vel
2398 2775 2673 2830 aﬂirmare
2701 2791 2804 2830 non
2848 2790 2968 2830 esse
2998 2777 3144 2829 illum
3180 2774 3435 2838 Verbum,
3479 2776 3620 2843 quod

2059 2889 2077 2920 ‹
2125 2884 2188 2924 ex
2217 2885 2282 2924 eo
2309 2869 2586 2939 egreditur
2621 2870 2698 2939 (et
2723 2869 2866 2923 hunc
2896 2868 3068 2937 ipsum
3104 2882 3221 2926 esse
3273 2883 3413 2922 vera!
3459 2882 3624 2936 gene-

2062 2977 2080 3008 ‹
2126 2959 2356 3012 rationis
2384 2957 2658 3026 modum),
2703 2957 2798 3012 sed
2832 2972 2959 3010 vere
2983 2956 3200 3017 Filium,
3232 2971 3332 3011 nec
3363 2967 3623 3025 prmterca

2062 3067 2081 3100 ι
2129 3050 2420 3119 quidquam
2473 3063 2486 3102 :
2535 3047 2847 3102 relationem
2899 3048 3184 3116 quamdam
3239 3047 3464 3100 visionis
3525 3048 3628 3099 ltu-

2063 3161 2080 3192 ι
2132 3157 2302 3196 mana:
2331 3141 2540 3195 videtur
2569 3139 2908 3196 audientibus
2927 3140 3238 3201 exhibere.»
3261 3139 3460 3199 Deinde
3489 3139 3628 3206 quod

1983 3236 2025 3296 ο
2063 3247 2232 3301 neque
2283 3229 2511 3284 Verbum
2567 3230 2630 3284 de
2661 3229 2824 3284 Patre
2873 3243 2970 3282 suo
3015 3239 3303 3296 generetur
3365 3229 3629 3292 insinuat,

2059 3324 2184 3376 dum
2233 3323 2301 3375 ita
2340 3321 2592 3388 loquitur.
2623 3339 2640 3370 ε
2675 3319 2912 3373 Sanctus
2958 3319 3074 3372 ideo
3119 3319 3412 3387 apostoIUs,
3439 3331 3493 3372 et
3531 3321 3632 3372 lio-

2065 3433 2082 3465 ι
2126 3413 2254 3466 mini
2285 3411 2584 3478 discipulus
2637 3410 2911 3474 Joannes,
2966 3411 3089 3468 dum
3147 3411 3467 3464 mternitatis
3515 3410 3630 3478 ejus

2067 3524 2084 3554 ‹
2135 3503 2462 3557 mentionem
2503 3501 2654 3566 facit,
2687 3502 3000 3556 verissimus
3027 3507 3192 3555 verbo
3221 3501 3373 3555 testis
3403 3501 3635 3555 adbibe-

2067 3615 2082 3645 ‹
2135 3605 2241 3659 tur,
2282 3593 2348 3647 In
2382 3594 2660 3662 principio,
2689 3593 2961 3665 inquiens,
2991 3605 3101 3646 erat
3137 3592 3384 3658 Verbum,
3417 3604 3460 3646 et
3510 3592 3636 3645 l'c'r-

2067 3709 2083 3740 ι
2135 3689 2254 3742 bum
2295 3687 2426 3743 illud
2483 3697 2594 3741 erat
2646 3689 2785 3756 apud
2841 3687 3028 3748 Deum,
3071 3697 3115 3739 et
3153 3685 3289 3739 Deus
3342 3697 3450 3761 erat
3507 3685 3634 3738 Ver-

2068 3799 2086 3832 ι
2133 3782 2253 3834 bum
2303 3781 2369 3833 ⁸³.
2400 3779 2670 3844 Nusquam
2715 3779 3082 3846 generationis
3111 3777 3274 3832 Verbi
3318 3779 3477 3832 istbic
3521 3793 3631 3831 me-

2069 3893 2086 3925 ι
2135 3874 2304 3926 minit.
2340 3892 2357 3924 ι
2424 3871 2574 3924 llunc
2604 3873 2668 3924 ad
2705 3873 2917 3924 modum
2953 3869 3146 3923 Filium
3201 3871 3292 3924 Dei
3334 3872 3630 3940 abnegans,

2066 3965 2297 4018 Verbum
2333 3945 2465 4016 vero
2500 3972 2741 4024 statuens
2779 3963 2828 4015 in
2868 3963 2973 4016 Deo
3008 3963 3299 4030 exsistens,
3343 3961 3636 4028 aliquando

2066 4054 2192 4106 illud
2244 4056 2388 4113 intus
2439 4053 2490 4106 in
2531 4054 2636 4108 Deo
2681 4052 2795 4106 vult
2842 4068 2984 4118 esse,
3041 4052 3310 4106 interdum
3343 4052 3419 4104 ait
3451 4066 3481 4105 c
3527 4051 3639 4107 Deo

2063 4146 2265 4214 egredi,
2305 4145 2570 4198 interdum
2609 4143 2674 4196 ad
2715 4144 2880 4198 Deum
2915 4135 3214 4208 recurrere,
3240 4144 3410 4212 ipsum
3438 4145 3635 4198 iterum

2064 4250 2116 4292 et
2150 4239 2200 4292 in
2235 4237 2344 4300 Deo
2389 4236 2534 4290 velut
2571 4245 2726 4289 antea
2778 4235 3032 4288 residere.
3085 4235 3218 4288 Audi
3274 4249 3402 4290 vero
3438 4236 3636 4304 quibus

2066 4331 2243 4384 verbis
2313 4331 2413 4383 hoc
2473 4328 2718 4381 aliirmet.
2783 4327 2892 4398 [Ιῖ.
2951 4325 3080 4393 Vlll,
3127 4326 3250 4381 coll.
3318 4343 3371 4396 p.
3424 4327 3484 4381 41
3547 4325 3627 4398 C]

2071 4442 2109 4474 ι,
2138 4424 2310 4484 Credo
2337 4432 2512 4476 autem
2558 4436 2655 4488 ego
2700 4435 2842 4473 nunc
2881 4419 3182 4487 Scripturis
3219 4417 3438 4483 divinis,
3493 4419 3637 4486 quod

2075 4534 2093 4566 ι
2143 4530 2278 4569 unus
2321 4515 2389 4568 sit
2438 4513 2578 4566 Deus
2624 4511 2930 4565 dicentibus
2967 4549 2982 4574 ,
3025 4519 3079 4562 et
3126 4508 3269 4578 quod
3327 4507 3416 4562 Dei
3482 4509 3641 4573 bujus

2078 4625 2096 4656 ε
2147 4606 2377 4658 Verbum
2409 4601 2672 4672 processit
2706 4601 2770 4654 de
2799 4601 2980 4663 Patre,
3025 4607 3082 4650 ut
3117 4596 3296 4650 omnia
3339 4611 3439 4666 per
3490 4597 3639 4650 illum

2079 4717 2097 4750 ι
2146 4699 2351 4753 fierent.
2390 4698 2454 4750 At
2491 4704 2609 4764 post
2650 4693 2836 4764 judicii
2894 4701 3105 4760 tempus
3151 4689 3532 4753 consummati,
3586 4697 3642 4743 el

2077 4810 2095 4843 ι
2143 4791 2518 4844 universorum
2582 4785 3074 4848 restaurationem,
3152 4793 3205 4839 et
3271 4781 3642 4836 amolitionent

2079 4903 2095 4934 ι
2145 4880 2475 4951 operationis
2510 4877 2908 4949 cuiuscunque:
2960 4875 3024 4928 ad
3063 4875 3370 4944 oppositum
3423 4880 3549 4925 tunc
3589 4876 3645 4926 et

2080 4993 2097 5025 ι
2147 4974 2258 5043 ipse
2305 4971 2618 5040 subjicielur
2651 4967 2911 5044 Deo,,qui
2969 4965 3202 5034 subjecit
3234 4964 3331 5034 ipsi
3369 4963 3645 5025 universa,

2079 5086 2096 5118 ι
2140 5075 2191 5118 ιιι
2220 5064 2470 5134 (ιθίιιίιοῃε
2503 5061 2714 5117 futurus
2751 5061 2820 5114 sit
2866 5059 3045 5112 denuo
3078 5059 3130 5112 in
3169 5056 3275 5121 Deo
3314 5054 3474 5110 Patre
3513 5052 3645 5108 Ver-

2081 5176 2097 5209 ι
2146 5159 2288 5220 bum,
2320 5152 2775 5224 quemadmodum
2814 5150 3010 5215 fuerat,
3064 5148 3373 5221 priusquam
3413 5143 3647 5198 mundus

2079 5268 2098 5300 ς
2146 5249 2488 5304 conderetur.
2524 5244 2657 5298 Nam
2693 5259 2816 5297 eum
2868 5252 3065 5313 pr'etcr
3100 5239 3263 5293 Deum
3312 5235 3443 5289 nihil
3489 5236 3647 5307 plane

2079 5360 2098 5394 ι
2140 5319 2401 5404 exStaret,
2451 5346 2505 5391 et
2557 5350 2650 5406 per
2692 5333 2927 5389 Verbum
2997 5337 3152 5395 erant
3195 5329 3375 5388 omnia
3436 5327 3643 5401 produ-

2081 5661 2303 5719 λουθονῖ
2335 5660 2582 5717 inuitante
2612 5655 2986 5728 generationi?
3042 5660 3188 5707 certe
3223 5651 3376 5708 deest
3422 5650 3646 5720 aliquid.

2080 5736 2208 5799 Quze
2235 5742 2558 5856 qunqptur,
2593 5729 2842 5786 videntur
2885 5731 3134 5794 corrupta
3167 5737 3308 5790 esse,
3356 5736 3454 5778 nec
3499 5739 3528 5775 a
3567 5737 3653 5776 me

2080 5820 2244 5856 sanan
2287 5819 2336 5856 ει.
2383 5829 2394 5852 λ
2438 5839 2448 5853 .

2078 5819 2312 5858 sananua
2325 5841 2336 5857 .
2383 5819 2448 5853 Μ.
