4082 6388
420 406 533 462 ιιιε
600 476 605 480 ν

1097 387 1370 468 mm
1403 409 1875 466 cmssmmsrs
1914 411 2009 465 om

2117 410 2286 466 PARS
2326 412 2411 465 IV.
2453 444 2522 453 —
2562 412 2980 468 DOGHATICA.

3587 416 3693 474 9l0

429 546 449 579 ο
495 532 695 595 cenda,
722 528 985 597 processit
1012 543 1136 582 cum
1178 528 1448 585 ell‘ectuali
1487 527 1727 584 elIicacia
1766 530 1997 584 Verbum

2117 530 2330 601 γράφων
2350 549 2362 560 ·
2408 550 2425 580 ι
2464 531 2578 600 Πρὸ
2617 530 2725 599 γὰρ
2752 528 2846 581 τοῦ
2876 532 2967 583 τὸν
2996 529 3196 600 κόσμον
3234 528 3393 590 εἶναι.
3424 526 3493 601 ἦν
3522 533 3551 584 ὁ
3585 533 3691 585 Λό-

431 641 451 671 s
497 622 642 690 quod
676 620 851 674 Patris
876 630 1016 674 eral.
1048 639 1066 671 ι
1103 622 1274 687 Quam
1318 622 1564 677 eamdem
1605 620 1824 675 demum
1871 635 2000 675 seu-

429 712 653 765 tentiam
710 712 1018 780 expressius
1098 714 1167 764 ita
1211 712 1426 780 posuit:
1466 710 1558 782 [Β.
1604 709 1738 777 LIV,
1771 711 1895 767 coll.
1933 712 1995 764 41

427 803 626 869 1),165
660 802 728 865 Α,
773 802 876 856 164
912 802 1000 874 8.]
1038 820 1056 852 ι
1098 802 1232 857 Cum
1275 805 1510 857 nondum
1576 810 1723 856 esset
1769 802 2005 855 mundus

432 912 450 944 ι
497 893 608 957 hic,
644 891 880 948 Verbum
916 904 1034 948 erat
1064 896 1117 949 in
1150 896 1314 950 Patre
1342 911 1439 949 suo
1471 915 1483 949 :
1524 901 1581 958 ἧς
1622 904 1678 948 at
1724 909 1848 948 eum
1894 893 2003 945 Deo

431 1004 446 1034 ι
494 984 855 1053 complaeeret
901 987 1253 1054 omnipotenti
1297 1002 1484 1043 creare
1527 986 1707 1041 omnia
1752 1001 1878 1055 qua:
1947 986 2002 1039 in

346 1142 357 1147 -
433 1092 451 1123 ι
495 1074 651 1128 etelis
677 1084 838 1129 erant
860 1085 916 1129 et
955 1075 1199 1139 interra,
1245 1077 1311 1129 ad
1344 1077 1527 1130 mundi
1582 1077 2002 1145 productionem

430 1185 447 1215 ι
497 1166 878 1233 requirebatur
922 1167 1169 1235 operatio
1215 1166 1484 1222 elfectiva.
1546 1167 1614 1222 Et
1656 1183 1777 1222 cum
1809 1179 2005 1235 praeter

432 1276 448 1306 ι
501 1256 671 1310 Deum
719 1256 896 1311 solum
948 1272 1053 1311 non
1108 1266 1353 1313 exstaret
1408 1258 1545 1314 alius
1593 1258 1741 1330 (nam
1787 1259 1857 1313 ab
1892 1260 2006 1328 ipso

431 1368 447 1397 ι
497 1348 673 1405 fuisse
704 1350 921 1404 condita
954 1349 1210 1404 universa
1243 1350 1299 1404 in
1334 1351 1589 1405 confesso
1621 1351 1859 1419 ponitur)
1892 1364 2003 1406 tum

432 1458 449 1489 ι
494 1441 797 1509 procedens
820 1437 1058 1493 Verbum
1095 1440 1246 1504 illud,
1276 1440 1421 1508 quod
1458 1440 1607 1510 prius
1657 1440 2005 1496 intellectuali

431 1549 452 1583 ι
502 1531 663 1586 modo
690 1531 835 1589 intus
876 1531 1093 1598 agebat,
1147 1533 1485 1599 cumparavit
1513 1548 1572 1587 se
1602 1540 1663 1587 ut
1696 1533 1879 1587 mundi
1914 1532 2009 1588 lie-

435 1640 453 1670 ι
504 1630 587 1676 ret
621 1622 894 1685 conditor,
929 1640 951 1672 ι
978 1621 1249 1676 subiufert
1273 1632 1455 1675 autem
1498 1632 1617 1690 post
1657 1623 1774 1677 haec
1826 1621 2008 1677 omnia

429 1712 674 1763 demum.
717 1726 737 1761 ι
772 1708 926 1764 Hanc
960 1708 1030 1762 ob
1073 1724 1313 1776 causam,
1375 1724 1481 1763 non
1531 1712 1767 1781 appellat
1810 1726 1868 1765 se
1914 1711 2006 1766 Dei

434 1819 452 1851 s
498 1798 723 1864 Filium,
757 1802 849 1855 sed
880 1802 1079 1869 ubique
1120 1815 1179 1855 se
1212 1811 1367 1856 vocat
1412 1803 1579 1856 filium
1638 1803 1916 1857 hominis:
1950 1813 2008 1856 ut

435 1911 452 1941 ι
499 1905 599 1959 per
628 1892 769 1945 hanc
793 1906 945 1945 suam
975 1891 1368 1946 confessionem
1409 1908 1531 1945 eum
1561 1895 1650 1962 qui
1679 1902 1796 1947 erat
1821 1895 2001 1962 bomo,

436 2003 451 2028 ο
502 1996 600 2051 per
641 1982 1077 2036 communionem
1132 1996 1252 2036 eum
1289 1981 1467 2037 Verbo
1509 1982 1699 2037 Filium
1743 1983 1835 2037 Dei
1885 1999 2004 2039 esse

435 2094 452 2123 ι
502 2074 861 2142 disponeret:
895 2084 948 2128 et
976 2084 1354 2129 consummato
1382 2074 1484 2128 hoc
1531 2090 1631 2129 suo
1674 2090 1863 2145 opere,
1900 2077 2000 2132 ite-

434 2183 455 2215 ο
504 2180 624 2219 rum
666 2164 804 2233 ipse,
844 2164 991 2217 velut
1034 2164 1270 2219 Verbum
1301 2165 1623 2219 aduniretur
1654 2165 1766 2220 Deo
1795 2182 1809 2228 ;
1835 2166 1915 2221 sic
1949 2175 2006 2219 ut

434 2275 452 2306 ι
501 2255 821 2323 adimpleret
857 2255 984 2308 illud
1026 2255 1167 2323 quod
1195 2255 1487 2323 Apostolus
1518 2254 1755 2318 dicebat,
1785 2255 1932 2310 Tunc
1957 2268 2004 2312 et

434 2365 453 2396 s
500 2348 610 2414 ipse
657 2346 965 2414 subjiciatur
1003 2357 1072 2409 et,
1109 2348 1200 2416 qui
1233 2348 1333 2413 ipsi
1374 2348 1555 2399 omnia
1610 2347 1831 2417 subjecit
1872 2348 2002 2412 Deo,

435 2455 451 2485 ι
496 2447 550 2489 ιιι
582 2437 650 2489 sit
687 2434 824 2488 Deus
856 2437 1033 2488 οηιηὶα
1061 2435 1115 2488 in
1139 2437 1378 2488 omnibus
1401 2435 1468 2488 ⁸⁸.
1503 2432 1656 2489 Tunc
1686 2445 1867 2490 autem
1890 2452 2007 2491 om-

433 2528 451 2577 ι
497 2528 585 2581 nia
617 2529 768 2591 ﬂent,
802 2542 921 2596 qua:
950 2527 1101 2596 prius
1128 2525 1366 2579 fuerant.
1395 2545 1413 2579 ι
1448 2525 1574 2581 Haec
1598 2541 1718 2581 cum
1740 2528 1807 2580 de
1831 2526 2007 2581 Verbo

429 2616 717 2673 Marcellus
747 2618 1015 2672 edisserat
1037 2656 1053 2683 ,
1088 2616 1180 2672 illo
1210 2618 1467 2672 nimirum
1500 2626 1723 2687 pmpter
1752 2617 1896 2686 quod
1928 2618 2008 2672 lo-

427 2710 576 2778 gieos
615 2708 757 2763 Deus
797 2708 1015 2774 dicitur,
1057 2708 1109 2762 in
1152 2709 1421 2764 maximas
1468 2709 1664 2763 incidit
1701 2710 2008 2779 angustias,

2110 642 2128 672 ι
2177 638 2272 689 γος
2306 624 2364 675 ἐν
2397 623 2475 692 τῷ
2506 624 2707 694 Πατρί·
2739 624 2828 675 ὅτε
2866 623 2921 675 δὲ
2958 621 3033 694 (8)
3062 625 3090 675 ὁ
3124 623 3524 694 παντοκράτωρ
3557 622 3692 687 Θεὸς

2110 730 2128 762 ι
2178 713 2353 766 πάντα
2387 714 2455 766 τὰ
2497 729 2556 765 τε
2603 715 2660 766 ὲν
2709 715 2956 783 οὐρανοῖς
3006 712 3100 767 καὶ
3145 714 3237 765 ἐπὶ
3286 716 3390 783 γῆς
3426 713 3707 783 προέθετο

2112 820 2130 852 ι
2176 801 2423 869 ποιῆσαι,
2473 802 2753 873 ἐνεργείας
2798 804 2831 872 ἡ
2880 800 2974 854 τοῦ
3013 802 3215 872 κόσμου
3257 802 3471 870 γένεσις
3517 801 3695 854 ἐδεῖτο

2113 911 2132 944 ι
2178 893 2508 964 δραστικῆς,
2554 895 2646 947 καὶ
2690 893 2776 947 διὰ
2807 892 2998 955 τοῦτο,
3037 893 3263 963 μηδενὸς
3304 892 3458 956 ὄντος
3497 892 3692 962 ἐτέρου

2114 1002 2132 1033 ι
2178 983 2319 1054 πλὴν
2350 966 2485 1037 Θεοῦ
2531 984 2753 1055 (πάντα
2782 984 2891 1054 γάρ
2917 982 3254 1054 ὁμολογεῖται
3284 984 3375 1036 ὑπ’
3400 981 3568 1037 αὐτοῦ
3593 998 3693 1050 γε-

2113 1093 2131 1123 ι
2178 1074 2470 1145 γεννῆσθαι
2493 1076 2532 1143 ),
2572 1077 2692 1128 τότε
2725 1077 2754 1129 6
2787 1076 2989 1142 Λόγος,
3012 1072 3291 1146 προελθὼν
3336 1075 3550 1142 ἐγίνετο
3595 1072 3691 1127 τοῦ

2114 1184 2130 1216 ι
2176 1166 2383 1236 κόσμου
2436 1168 2685 1236 ποιητὴς,
2736 1168 2766 1219 ὁ
2818 1165 2911 1219 καὶ
2969 1166 3230 1238 πρότερον
3282 1165 3429 1219 ἔνδον
3482 1161 3708 1235 νοητῶς,¹

2114 1275 2131 1307 ι
2179 1258 2485 1328 ἐτοιμάζων
2515 1258 2697 1315 αὐτόν.
2735 1278 2753 1311 s
2789 1258 2898 1310 Καὶ
2928 1253 3083 1321 αὖθις
3120 1257 3258 1328 μετὰ
3290 1256 3469 1310 πάντα
3499 1254 3693 1323 ἐπιφέ-

2113 1362 2194 1416 ρει
2238 1347 2443 1415 λέγων·
2479 1365 2498 1398 ι
2546 1348 2656 1400 Καὶ
2693 1347 2780 1400 διὰ
2824 1346 2980 1401 τοῦτο
3008 1349 3105 1417 οὐχ
3134 1347 3266 1400 Υἱὸν
3311 1345 3444 1400 Θεοῦ
3496 1344 3706 1398 ἑαυτὸν·

2115 1459 2131 1492 ι
2177 1439 2453 1509 ὀνομάζει,
2498 1439 2635 1492 ἀλλὰ
2672 1439 2948 1509 πανταχοῦ
2999 1439 3125 1491 Υίὸν
3162 1437 3447 1510 ἀνθρώπου
3498 1436 3707 1490 ἑαυτὸν·

2116 1550 2134 1581 ι
2180 1516 2329 1598 λέγει
2354 1548 2367 1560 ’
2403 1531 2490 1583 ἵνα
2529 1530 2618 1583 διὰ
2651 1530 2752 1600 τῆς
2782 1529 3039 1600 τοιαύτης
3086 1529 3379 1599 ὁμολογίας
3408 1528 3559 1581 θέσει
3598 1526 3703 1580 τὸν

2117 1640 2134 1673 ι
2178 1622 2463 1692 ἄνθρωπον
2519 1623 2607 1676 διὰ
2658 1624 2759 1692 τῆς
2811 1622 2948 1693 πρὸς
3001 1620 3161 1675 αὐτὸν
3221 1621 3510 1684 κοινωνίας
3562 1620 3695 1673 Υίὸν

2119 1733 2137 1766 ι
2183 1713 2319 1766 Θεοῦ
2352 1713 2606 1782 γενέσθαι
2641 1713 3073 1786 παρασκευάσῃ·
3125 1712 3219 1766 καὶ
3257 1711 3397 1781 μετὰ
3449 1710 3514 1764 τό
3540 1709 3695 1772 τέλος

2118 1826 2135 1857 ι
2180 1807 2280 1877 τῆς
2318 1804 2569 1877 πράξεως
2614 1802 2799 1869 αὖθις,
2834 1806 2909 1869 ὼς
2963 1805 3165 1873 Λόγος,
3211 1803 3386 1874 ἑνωθῇ
3428 1801 3506 1873 τῷ
3549 1802 3707 1872 Θεῷ,

2113 1916 2130 1946 ι
2179 1895 2401 1965 πληρῶν
2430 1895 2607 1947 ἐκεῖνο
2645 1895 2707 1947 τὸ
2734 1893 2839 1946 ὑπὸ
2866 1893 2958 1946 τοῦ
3014 1892 3333 1946 Ἀποστὸλου
3379 1892 3695 1962 εἰρημένον.

2112 2007 2130 2038 ι
2186 1988 2325 2041 Τότε
2349 1987 2534 2051 αὐτὸς
2560 1984 3002 2055 ὑποταγήσεται
3038 1985 3118 2051 τῷ
3139 1983 3507 2047 ὑποτάξαντι
3534 1981 3698 2047 αὐτῷ

2113 2098 2130 2128 ι
2174 2078 2247 2131 τὰ
2273 2077 2490 2142 πάντα,
2517 2079 2618 2130 ἵνα
2639 2073 2681 2148 ᾖ
2707 2078 2779 2131 τὰ
2809 2078 3005 2131 πάντα
3033 2076 3132 2129 καὶ
3150 2076 3221 2128 ἐν
3243 2073 3438 2130 πᾶσιν
3461 2077 3495 2129 ὀ
3527 2075 3692 2139 Θεός.

2114 2185 2132 2219 ι
2184 2169 2377 2219 Ἔσται
2417 2167 2527 2237 γὰρ
2555 2166 2857 2236 τηνικαῦτα
2893 2165 3039 2219 τοῦθ’
3072 2166 3208 2230 ὅπερ
3250 2164 3517 2235 πρότερον
3542 2159 3636 2235 ἦν.
3672 2181 3693 2214 s

2112 2257 2359 2309 Τοσαῦτα
2404 2256 2725 2326 Μάρκελλος
2773 2257 2900 2327 περὶ
2936 2254 3027 2309 τοῦ
3062 2255 3237 2322 Λόγου
3270 2252 3478 2319 εἰπὼν,
3507 2253 3605 2307 τοῦ
3639 2253 3700 2306 ὲν

2112 2347 2189 2417 τῷ
2230 2346 2371 2417 Θεῷ,
2416 2346 2536 2399 καθ’
2568 2346 2598 2399 ὃ
2627 2344 2858 2417 νοοῦμεν
2906 2346 3067 2400 αὑτὸν
3102 2344 3318 2412 λογικὸν
3350 2339 3522 2407 εἶναι,
3551 2343 3701 2412 δεινῇ

2114 2438 2391 2509 δυσχωρίᾳ
2412 2437 2819 2509 περιπέπτωκε,
2847 2436 3122 2507 τολμήσας
3147 2437 3302 2499 ἐκτὸς
3325 2435 3417 2489 τοῦ
3441 2434 3581 2487 Θεοῦ
3613 2450 3705 2501 γε-

2115 2529 2329 2596 γονέναι
2377 2528 2508 2581 ποτὲ
2565 2529 2731 2598 φάναι
2763 2528 2855 2581 τὸν
2895 2531 2953 2582 ὲν
2995 2527 3145 2598 αὐτῷ
3166 2528 3363 2597 Λόγον,
3398 2527 3497 2581 καὶ
3537 2525 3705 2578 πάλιν

2117 2619 2265 2682 ἐντὸς
2299 2620 2463 2672 αὑτοῦ
2494 2620 2632 2689 μετὰ
2660 2620 2749 2673 τὸν
2781 2621 2971 2691 καιρὸν
3003 2624 3102 2691 τῆς
3141 2620 3392 2691 κρίσεως·
3432 2619 3501 2671 ἶν’
3530 2617 3713 2679 οὕτως

2116 2708 2150 2783 ᾖ
2186 2715 2244 2765 ὲν
2272 2712 2351 2781 τῷ
2377 2712 2496 2783 Θεῷ
2528 2713 2747 2776 ἑνωθεὶς
2781 2708 2949 2783 αὐτῷ,
2976 2713 3166 2783 ὥσπερ
3193 2713 3287 2765 καὶ
3314 2711 3581 2783 πρότερον
3612 2706 3702 2780 ἣν.

429 2815 592 2853 ausus
626 2796 901 2852 afﬁrmare
933 2806 1089 2851 extra
1121 2798 1287 2851 Deum
1330 2799 1665 2866 processisse
1703 2798 1999 2868 aliquando
2038 2803 2132 2868 qui
2184 2802 2237 2856 in
2277 2805 2385 2856 Deo
2423 2813 2544 2858 erat
2578 2803 2739 2872 logon
2780 2822 2791 2855 :
2825 2813 2883 2857 et
2943 2817 3131 2859 rursus
3189 2812 3313 2873 post
3341 2802 3534 2871 iudicii
3564 2809 3705 2856 tem-

429 2907 530 2961 pus
591 2891 761 2945 Deum
793 2891 968 2944 denuo
1041 2891 1462 2960 ingressurum:
1498 2899 1559 2944 ut
1628 2890 1701 2944 ita
1736 2891 1957 2945 demum
2000 2893 2259 2949 adunitus
2300 2895 2410 2950 Deo
2450 2896 2733 2961 subsistat,
2784 2896 3243 2966 quemadmodum
3282 2903 3338 2950 et
3379 2892 3532 2963 prius
3561 2891 3696 2948 sub-

428 2986 666 3041 stiterat.
1218 2990 1223 2993 ’

1076 3076 1230 3131 CAP.
1267 3075 1356 3132 IX.

2782 3079 2941 3132 ΚΕΦ.
2984 3078 3064 3131 Θ’.

537 3170 816 3239 Refutalio
853 3184 1110 3237 peruersa:
1145 3169 1307 3238 hujus
1350 3168 1578 3223 hominis
1612 3170 1903 3223 sementim.

2287 3170 2577 3237 Ἔλεγχος
2610 3166 2721 3235 τῆς
2749 3168 2855 3222 τοῦ
2879 3167 3108 3236 ἀνδρὸς
3144 3164 3525 3230 κακοδοξίας.

498 3265 654 3321 Nunc
716 3266 934 3320 demum
998 3265 1064 3318 ad
1125 3264 1590 3334 interrogationes
1665 3265 2006 3333 respondeat.

2189 3261 2328 3331 Ὦρα
2365 3261 2544 3313 τοίνυν
2594 3259 2869 3329 ἐρωτῶσιν
2898 3260 3028 3328 ἡμῖν
3071 3255 3232 3309 αὑτὸν
3279 3255 3698 3327 ἀποκρίνασθαι.

428 3356 568 3424 Quid
608 3357 675 3411 de
713 3365 960 3424 tempore
987 3355 1312 3410 intermedio
1338 3356 1543 3409 sentire
1575 3355 1858 3419 debemus,
1888 3370 2008 3409 eum

2117 3348 2179 3404 Τί
2210 3348 2301 3406 οὖν
2332 3354 2389 3405 ἐν
2408 3350 2486 3420 τῷ
2516 3350 2717 3421 μεταξὺ
2748 3349 2943 3421 χρόνῳ,
2970 3350 3057 3402 ὅτε
3086 3348 3240 3412 ἐκτὸς
3265 3342 3331 3418 ἦν
3362 3349 3390 3400 ὁ
3413 3348 3584 3416 Λόγος
3608 3343 3705 3400 τοῦ

428 3460 585 3506 extra
622 3449 791 3504 Deum
828 3456 976 3503 esset
1015 3448 1208 3518 logos?
1252 3445 1536 3517 Quomodo
1572 3447 1957 3517 egrediebatur
1990 3446 2009 3501 ’ἑ

2117 3444 2276 3508 Θεοῦ,
2310 3445 2579 3515 προσήκει
2602 3444 2776 3507 νοεῖν;
2807 3440 2932 3503 Πῶς
2962 3440 3020 3493 δὲ
3070 3438 3373 3510 προῆλθεν;
3428 3439 3517 3489 Ἐν
3540 3436 3708 3507 ὁποίᾳ

427 3543 529 3610 Qui
564 3550 737 3597 status
766 3540 860 3595 Dei
899 3540 1073 3594 fuerat
1114 3539 1325 3594 interea
1350 3539 1479 3593 dum
1521 3539 1681 3608 lugon
1711 3541 1763 3593 in
1796 3554 1856 3594 se
1906 3539 2009 3594 sibi

2117 3535 2175 3588 δὲ.
2196 3531 2263 3605 ἦν
2296 3534 2404 3604 ἄρα
2435 3534 2766 3587 καταστάσει
2798 3534 2827 3584 ὁ
2856 3530 3009 3595 Θεὸς,
3038 3532 3112 3601 μὴ
3147 3530 3284 3600 ἔχων
3307 3530 3365 3582 ὲν
3399 3528 3583 3598 ἐαυτῷ
3612 3528 3706 3580 τὸν

425 3635 706 3704 proprium
740 3647 846 3687 non
877 3631 1147 3687 haberet?
1192 3631 1236 3685 si
1272 3631 1416 3707 enim
1462 3638 1584 3699 post
1636 3630 1823 3683 mundi
1876 3644 2011 3683 con-

428 3727 848 3782 summationem
878 3725 932 3780 in
976 3725 1087 3779 Deo
1114 3726 1221 3779 crit
1262 3726 1431 3795 logos.
1476 3723 1552 3777 uti
1603 3721 1756 3792 prius
1810 3722 2010 3791 fuerat,

428 3818 702 3886 quomodo
739 3818 847 3872 erit
882 3814 1063 3887 Logos
1099 3832 1129 3871 e
1161 3818 1271 3870 Deo
1294 3816 1601 3885 egressus?
1644 3816 1874 3869 sienim
1914 3830 2014 3885 per

428 3925 486 3965 se
530 3909 840 3966 subsistens
888 3924 918 3962 a
982 3907 1090 3962 Deo
1150 3919 1271 3962 erat
1309 3909 1468 3972 alius,
1508 3917 1619 3960 tum
1670 3906 2014 3962 l'rustraueus

428 4009 515 4054 est
562 4000 743 4054 omnis
788 3997 1029 4053 Marcelli
1083 3998 1259 4053 labor.
1311 3998 1466 4067 Quod
1520 4000 1566 4053 si
1624 4008 1779 4053 extra
1843 3999 2011 4052 Deum

427 4106 684 4161 egressus
723 4091 894 4161 logos,
939 4100 1268 4147 utuostrum
1323 4091 1657 4161 prolatitium
1708 4092 1846 4146 solet
1886 4107 2012 4146 ver-

430 4184 581 4247 lntm,
637 4193 790 4236 extra
853 4182 1021 4237 Deum
1084 4182 1462 4252 permanebat,
1513 4183 1859 4251 inseparatus
1899 4192 2011 4234 tum

428 4280 579 4328 certe
628 4288 867 4342 semper,
913 4282 969 4327 et
1015 4273 1162 4327 omni
1208 4281 1456 4341 tempore
1514 4272 1680 4326 etiam
1735 4280 1847 4325 tum
1890 4287 2011 4326 cum

427 4364 770 4436 operaretur,
806 4376 925 4420 erat
970 4366 1117 4419 intus
1157 4364 1208 4417 in
1253 4366 1379 4417 Deo.
1418 4368 1476 4426 >3
1504 4364 1657 4429 Quod
1699 4363 1743 4415 si
1783 4364 1887 4426 sic,
1923 4372 2010 4417 ta-

428 4466 551 4505 men
583 4451 844 4514 undeﬁlit,
889 4462 945 4505 ut
978 4453 1030 4504 in
1070 4452 1211 4506 diem
1239 4449 1432 4518 judicii
1465 4450 2018 4519 compcrcudiuctur?

430 4543 506 4595 ait
539 4542 683 4596 enim
717 4552 843 4597 tunc
876 4543 987 4597 Deo
1037 4543 1186 4596 illum
1244 4543 1698 4605 readuniendum,
1731 4550 1785 4595 et
1827 4558 2015 4612 perpe-

435 4643 525 4687 tuo
559 4633 824 4699 futurum,
857 4636 997 4690 sicut
1027 4635 1157 4689 oli‘m
1193 4636 1345 4704 prius
1386 4636 1487 4689 fuit
1517 4655 1528 4689 :
1586 4636 1683 4689 sed
1734 4648 1833 4687 nec
1864 4634 2017 4703 logos

431 4727 524 4794 qui
561 4707 628 4780 de
684 4724 793 4779 Deo
843 4729 1130 4795 processit,
1172 4728 1350 4798 qualis
1389 4738 1507 4782 erat
1558 4728 1729 4796 prius,
1780 4727 2017 4781 exstabit

432 4820 579 4883 talis,
608 4819 811 4899 scd'et'
831 4820 972 4873 Deus
1006 4822 1087 4875 sui
1126 4823 1296 4890 ipsius
1324 4824 1609 4879 dissimilis
1645 4823 1861 4878 futurus
1887 4833 1969 4878 cst
1997 4842 2009 4876 :

432 4921 622 4983 utpote
654 4909 746 4980 qui
776 4909 906 4962 olim
954 4910 1117 4979 logon
1172 4927 1336 4967 suum
1384 4916 1436 4969 in
1484 4931 1544 4970 se
1578 4915 1838 4980 habebat,
1866 4923 1918 4968 et
1961 4915 2013 4968 iu

434 5003 538 5058 line
574 5002 759 5057 mundi
801 5000 1054 5075 eumdem
1084 5014 1477 5072 resumpturus,
1520 5017 1574 5061 et
1598 5009 1814 5061 futurus
1839 5008 2018 5075 qualis

431 5095 558 5148 olim
589 5096 742 5163 prius
769 5088 989 5147 fuerat:
1021 5088 1232 5167 interea
1275 5099 1534 5165 temporis
1570 5098 1914 5153 dissimiliter
1959 5112 2017 5151 se

437 5184 744 5240 habiturus.
796 5183 902 5237 Sed
932 5192 987 5236 et
1023 5182 1177 5253 logos
1206 5184 1270 5236 ad
1304 5187 1551 5240 eumdem
1604 5187 1822 5240 modum
1861 5195 2012 5239 extra

439 5273 603 5330 Deum
636 5276 871 5346 positus,
908 5290 1013 5328 non
1051 5274 1266 5327 futurus
1291 5285 1375 5328 est
1417 5278 1484 5340 is,
1528 5278 1619 5345 qui
1657 5278 1809 5345 prius
1844 5277 2020 5329 fuerat

433 5377 557 5420 ante
606 5367 793 5422 'mundi
848 5360 1395 5419 consummationem.
1457 5366 1682 5435 Ecquid,
1746 5367 1893 5419 hisee
1948 5356 2019 5417 ita

510 5486 567 5542 »Β
598 5481 697 5536 Ed-
723 5479 925 5542 Paris.,
956 5496 1109 5550 pagg.
1148 5480 1266 5545 115,
1304 5482 1419 5536 111.

506 5570 550 5601 ⁸⁸
580 5570 598 5622 1
628 5571 753 5624 Cor.
787 5595 881 5636 xv,
907 5571 998 5625 28.

513 5663 590 5729 (8)
611 5650 794 5733 Vulgo
816 5663 893 5733 τῷ
930 5650 1348 5733 παντοκράτορα
1374 5659 1495 5733 Θεῷ
1521 5667 1575 5712 et
1603 5657 1702 5727 τὴν
1731 5675 1839 5733 πρ.
1863 5658 2021 5733 αὐτδν

442 5728 816 5847 κρινωνὲανᾌι
846 5728 963 5788 loco
990 5728 1242 5800 πράξεως
1276 5728 1338 5785 ll.
1374 5730 1608 5800 κρίσεως
1641 5739 1691 5780 et
1713 5729 1835 5781 dent
1869 5728 2025 5795 vulgu

444 5816 614 5847 αλῖζι)τ
663 5815 725 5847 λν.

444 5816 614 5860 uno);
638 5815 729 5867 ην.

2118 3629 2318 3681 οἰκεῖον
2350 3627 2522 3694 Λόγον
2547 3643 2561 3689 ;
2585 3625 2634 3676 εἰ
2661 3623 2771 3695 γὰρ
2802 3623 2893 3676 ἐπὶ
2929 3622 3007 3693 (9)
3053 3621 3332 3693 συντελείᾳ
3362 3620 3457 3674 τοῦ
3504 3620 3708 3684 παντὸς

2117 3718 2267 3773 ἔσται
2305 3720 2334 3771 ὁ
2376 3718 2547 3785 Λόγος
2569 3718 2630 3770 ὲν
2662 3714 2739 3785 τῷ
2786 3714 2924 3785 Θεῷ,
2958 3714 3148 3786 ὥσπερ
3197 3716 3291 3767 καὶ
3342 3713 3612 3784 πρότερον
3640 3709 3710 3782 ἦν

2117 3812 2224 3884 πρὸ
2257 3810 2350 3865 τοῦ
2376 3827 2572 3881 καιρου
2605 3810 2703 3878 τῆς
2726 3808 3056 3872 συντελείας,
3088 3807 3207 3870 πῶς
3234 3806 3385 3859 ἔσται
3411 3808 3440 3859 ὁ
3468 3805 3645 3872 Λόγος
3678 3804 3709 3856 6

2119 3902 2394 3973 προελθὼν
2411 3901 2503 3955 τοῦ
2527 3899 2663 3953 Θεοῦ
2684 3917 2698 3965 ;
2724 3900 2787 3952 Εἰ
2810 3900 3047 3971 μὲνγὰρ,
3082 3898 3202 3951 καθ’
3228 3897 3415 3950 ἑαυτὸν
3435 3894 3710 3966 ὑφεστὼς,

2117 3997 2304 4065 ἕτερος
2330 3996 2580 4064 ἐγίγνετο
2609 3992 2702 4044 τοῦ
2727 3991 2888 4056 Θεοῦ,
2915 3992 3145 4061 μάταιος
3171 3993 3197 4043 ὁ
3227 3989 3552 4060 Μαρκέλλου
3609 3988 3711 4040 πό-

2118 4102 2208 4148 νος
2232 4101 2243 4114 ·
2276 4087 2325 4138 εί
2350 4085 2428 4148 δὲ,
2463 4082 2556 4137 καὶ
2591 4079 2870 4151 προελθὼν
2887 4079 2980 4132 τοῦ
3008 4079 3168 4141 Θεοῦ,
3213 4078 3349 4132 κατὰ
3382 4078 3472 4130 τὸν
3501 4080 3559 4132 ὲν
3577 4080 3713 4148 ἡμῖν

2121 4177 2453 4248 προφορικὸν
2483 4174 2663 4241 λόγον,
2681 4172 2838 4243 ἔμενε
2866 4170 2962 4223 τοῦ
2993 4170 3207 4242 Πατρὸς
3233 4168 3559 4239 ἀχώριστος,
3576 4170 3709 4223 οῦκ-

2124 4270 2218 4324 οῦν
2260 4271 2346 4322 ἀεὶ
2382 4269 2477 4323 καὶ
2505 4266 2596 4319 διὰ
2631 4265 2828 4328 παντὸς
2848 4260 2916 4335 ἦν
2943 4265 3001 4315 ἐν
3034 4263 3113 4333 τῷ
3145 4261 3286 4331 Θεῷ,
3313 4262 3407 4315 καὶ
3436 4262 3529 4314 ὅτε
3555 4262 3714 4333 ἑνήρη

2122 4380 2228 4431 γει.
2258 4361 2380 4424 Πῶς
2404 4356 2497 4414 οὖν
2522 4360 2602 4421 εἰς
2632 4359 2722 4410 τὸν
2749 4357 2848 4427 τῆς
2881 4356 3116 4426 κρίσεως
3147 4353 3462 4423 ἀναπέμπει
3494 4352 3723 4423 καιρὸν,

2123 4451 2244 4505 τὸτε
2275 4452 2450 4519 λέγων
2482 4450 2646 4503 αὑτὸν
2690 4446 3058 4517 ὲνωθήσεσθαι
3085 4446 3164 4515 τῷ
3203 4444 3342 4515 Θεῷ,
3366 4443 3461 4497 καὶ
3487 4441 3711 4497 ἔσεσθαι

2125 4544 2315 4614 ὥσπερ
2342 4544 2435 4597 καὶ
2470 4543 2734 4613 πρότερον
2770 4536 2874 4609 iw;
2905 4539 2967 4591 Ei
2989 4538 3099 4608 γὰρ
3126 4536 3248 4592 τότε
3278 4537 3430 4589 ἔσται
3466 4536 3581 4606 (10)
3607 4535 3714 4588 ὤσ-

2128 4652 2236 4704 περ
2265 4635 2357 4687 καὶ
2388 4634 2653 4705 πρότερον
2684 4628 2772 4702 ἦν,
2806 4630 2930 4684 οῦτε
2968 4633 2997 4683 ὁ
3020 4629 3211 4698 Λόγος,
3242 4631 3268 4681 6
3311 4626 3591 4699 προελθὼν
3619 4627 3714 4680 τοῦ

2122 4725 2280 4789 Θεοῦ,
2311 4728 2493 4787 ὁποῖος
2523 4720 2590 4794 ἦν
2620 4724 2903 4795 πρότερον,
2933 4719 3185 4792 ὑπάρξει.
3223 4719 3383 4773 Ἀλλά
3412 4712 3507 4773 καὶ
3554 4720 3717 4782 αὐτὸς

2118 4819 2146 4868 ὁ
2181 4815 2312 4877 Θεὸς
2356 4814 2508 4867 ἔσται
2559 4811 2737 4882 ἐαυτῷ
2792 4810 3065 4881 ἀνόμοιος,
3101 4806 3267 4861 πάλαι
3314 4806 3603 4877 μὲν-ἔχων
3658 4808 3718 4858 ὲν

2121 4904 2300 4974 ἑαυτῷ
2320 4904 2409 4957 τὸν
2441 4902 2636 4971 Λόγον,
2670 4902 2765 4955 καὶ
2792 4901 2885 4953 ἐπὶ
2912 4897 3191 4968 συντελείᾳ
3216 4896 3310 4950 τοῦ
3341 4895 3543 4958 παντὸς
3581 4896 3718 4949 ἁπο-

2122 4994 2429 5065 ληψόμενος
2495 4992 2679 5058 αὐτὸν,
2717 4991 2812 5045 καὶ
2868 4989 3153 5058 γινόμενος
3195 4987 3338 5041 τότε.
3383 4987 3497 5056 (11)
3525 4986 3719 5056 ὥσπερ

2125 5087 2220 5140 καὶ
2245 5086 2509 5156 πρότερον
2552 5080 2650 5155 ἦν’
2689 5085 2746 5136 ὲν
2782 5083 2839 5135 δὲ
2871 5080 2949 5151 τῷ
2987 5079 3189 5150 μεταξὺ
3227 5078 3404 5148 χρόνῳ
3447 5075 3719 5146 ἀνομοίως

2127 5179 2395 5249 κείμενος.
2425 5178 2535 5231 Καὶ
2573 5178 2603 5227 ὁ
2635 5174 2807 5243 Λόγος
2848 5175 2904 5226 δὲ
2938 5171 3219 5233 ὡσαύτως,
3250 5169 3408 5231 ἐκτὸς
3440 5168 3535 5221 τοῦ
3578 5166 3717 5220 Θεοῦ

2128 5270 2437 5337 γενόμενος,
2471 5267 2571 5318 οὐκ
2591 5264 2741 5317 ἔσται
2771 5264 2876 5333 πρὸ
2908 5263 3006 5331 τῆς
3037 5260 3343 5322 συντελείας
3370 5258 3461 5311 τοῦ
3491 5257 3725 5319 παντὸς,

2131 5355 2240 5421 οἷος
2267 5354 2334 5427 ἦν
2366 5356 2650 5425 πρότερον.
2696 5353 2805 5405 Καὶ
2842 5352 2935 5413 τίς·
2956 5350 3021 5403 ἂν
3056 5348 3259 5402 τούτων
3290 5347 3721 5416 δυσσεϐέστερος

2208 5656 2282 5723 (τι)
2310 5654 2481 5721 Vulgo
2503 5656 2585 5723 ef,
2604 5668 2750 5723 συντ.
2773 5661 2826 5704 et
2859 5666 2982 5706 mox
3010 5650 3102 5704 ml.
3137 5650 3195 5702 τὸ
3231 5648 3515 5719 πρότερον.

2206 5722 2316 5789 (ill)
2354 5725 2520 5789 Vulgo
2557 5722 2719 5774 ὥστε.

2206 5799 2315 5862 (ll)
2358 5791 2463 5861 Illp.
2488 5790 2559 5842 ἴσ.
2590 5791 2779 5859 ὅσπερ.
