4082 6406
377 362 472 419 91⁸1
574 356 577 358 ’
1010 374 1017 382 ·
1288 354 1374 410 DE
1417 351 1940 411 ECCLESIASTlCA

2048 352 2386 410 llEOLOGlA
2426 353 2553 408 LIB.
2597 352 2661 408 Π.

3525 355 3628 410 918

379 471 562 543 γένοιτ’
595 469 663 522 ἂν
701 467 892 535 λόγος;
927 465 1102 529 Ὄλως
1151 465 1260 536 γάρ
1292 465 1353 518 τὸ
1383 461 1475 536 ἦν,
1523 466 1616 518 καὶ
1675 467 1736 516 τὸ
1781 464 1932 516 ἔσται

2064 467 2270 534 positis,
2318 467 2490 534 magis
2523 465 2742 532 impium
2771 462 2967 532 poterit
3001 464 3164 520 csse?
3195 463 3427 520 Omnino
3460 467 3626 531 enim,

379 563 544 620 καὶτὸ
584 559 886 628 γεγονέναι,
935 559 1063 611 ποτέ
1099 559 1192 611 καὶ
1226 558 1409 621 πάλιν,
1437 558 1672 628 μέλλειν,
1705 557 1944 617 ἔσεσθαι,

376 655 470 724 τῆς
501 653 556 704 ἐν
608 649 786 718 χρόνῳ
819 647 1123 717 μεταϐολῆς
1172 647 1301 700 ὄντα
1341 647 1634 718 δηλωτικὰ,
1693 646 1947 716 ἀλλότρια

377 745 438 799 ἂν
456 743 536 812 εῐη
571 741 670 810 τῆς
695 741 926 810 ἀχρόνου
977 741 1068 792 καὶ
1103 739 1341 808 άνάρχου
1389 739 1483 792 καὶ
1531 740 1824 808 ἀγεννὴτου
1855 739 1948 791 κα).

375 830 722 888 άναλλοιώτου
755 831 960 894 οὑσίας.
993 832 1105 898 Ἐφ’
1126 826 1216 901 ἧς,
1236 831 1295 884 τὸ
1311 827 1450 883 εἶναι
1472 831 1629 901 μόνον
1655 831 1946 900 ἐπιπρέπει

376 926 506 978 νοεῖν
525 941 537 953 ⁸
572 923 667 974 καὶ
696 917 834 976 εἶναι
866 921 1299 992 ἀπαραλλάκτως
1339 923 1425 975 ἀεὶ
1453 923 1562 990 (12)
1583 922 1724 976 κατά
1754 923 1820 976 τὰ
1851 924 1948 974 αῦ-

373 1017 459 1079 τὰ,
498 1014 588 1068 κα)⁷
609 1014 872 1075 ὡσαύτως
892 1013 1138 1084 ἔχουσαν,
1175 1014 1252 1084 μὴ
1282 1013 1627 1084 μειουμένην,
1645 1015 1719 1084 μὴ
1737 1012 1949 1065 συστελ-

375 1106 622 1176 λομένην,
661 1104 735 1175 μὴ
790 1106 1195 1175 ἐκτεινομένην,
1243 1105 1318 1175 μὴ
1362 1105 1790 1175 ἐξαπλουμένην,
1823 1105 1944 1174 μηδ’

372 1195 522 1258 ἐκτός
544 1211 597 1246 τι
620 1196 712 1248 καὶ
740 1196 889 1258 ἐντὸς
915 1197 1115 1264 ἐαυτῆς
1147 1195 1390 1264 ἔχουσαν,
1414 1196 1536 1266 μηδ’
1549 1194 1735 1248 ἄλλοτε
1780 1195 1946 1266 ἀλλην

372 1287 719 1358 γιγνομένην,
773 1288 893 1359 μηδ’
926 1289 1110 1358 ἕτερον
1148 1288 1245 1358 μὲν
1289 1284 1455 1364 οὖσαν
1489 1289 1775 1358 πρότερον,
1828 1287 1944 1341 εἶτα

371 1378 494 1433 ἄλλο
521 1396 578 1431 τι
611 1379 963 1450 γιγνομένην,
994 1381 1089 1433 καὶ
1128 1379 1288 1434 πάλιν
1330 1381 1409 1440 εἰς
1458 1379 1518 1432 τδ
1555 1381 1780 1449 ἀρχαῖον
1812 1381 1947 1434 ἀπο-

372 1467 798 1542 καθισταμένην.
832 1473 898 1523 Ἀ
918 1470 982 1540 δὴ
1012 1470 1330 1540 Μάρκελλος
1355 1470 1556 1540 ἐτόλμα
1597 1470 1943 1524 ὑποτίθεσθαι

373 1559 534 1613 πάλαι
563 1561 662 1630 μέν
696 1560 869 1628 λέγων
919 1556 1057 1613 εἶναι
1093 1561 1182 1612 τὸν
1218 1559 1373 1624 Θεὸν,
1415 1561 1506 1613 καί
1553 1579 1674 1614 τινα
1715 1562 1944 1633 ἡσυχίαν

368 1650 480 1718 ἅμα
511 1649 588 1720 τῷ
621 1650 741 1721 Θεῷ
787 1652 1120 1722 ὑπογράφων
1171 1651 1347 1720 ἐαυτῷ
1381 1653 1499 1704 κατ’
1542 1651 1702 1705 αὑτὸν
1739 1655 1945 1705 ἐκεῖνον

365 1743 452 1796 τὸν
474 1745 581 1797 τῶν
612 1745 788 1798 ἀθέων
827 1746 1163 1816 αἱρεσιωτῶν
1211 1747 1472 1816 ἀρχηγὸν,
1502 1745 1559 1810 ὃς
1593 1745 1658 1798 τὰ
1691 1744 1824 1799 ἄθεα
1855 1744 1943 1797 δο-

366 1831 642 1900 γματίζων
688 1833 1021 1902 ἀπεφαίνετο
1061 1833 1267 1902 λέγων·
1303 1830 1425 1888 Ἦνι
1452 1833 1583 1896 Θεὸς
1631 1833 1726 1886 καὶ
1775 1834 1939 1903 Σιγὴ·

366 1921 501 1989 μετὰ
523 1920 581 1974 δὲ
604 1921 704 1992 τὴν
730 1921 893 1992 Σιγὴν
915 1923 1007 1976 καὶ
1027 1922 1125 1993 τὴν
1143 1923 1401 1993 Ἦσυχίαν
1431 1924 1710 1996 προελθεῖν
1741 1925 1833 1978 τὸν
1848 1925 1946 1978 Λό-

363 2027 455 2078 γον
483 2011 580 2065 τοῦ
624 2013 759 2066 Θεοῦ
808 2016 866 2066 ἐν
917 2014 1058 2085 ἀρχῇ
1114 2015 1212 2084 τῆς
1268 2015 1625 2085 κοσμοποιίας
1677 2015 1940 2086 δραστικῇ

361 2103 611 2174 ἐνεργείᾳ
631 2121 642 2135 ·
680 2105 756 2169 ὼς
790 2105 978 2175 μηκέτ’
1001 2101 1139 2158 εἶναι
1167 2106 1329 2160 αὐτὸν
1363 2101 1472 2170 οἷος
1495 2103 1562 2177 ἦν
1587 2109 1644 2160 ἐν
1669 2108 1942 2162 σιωπῶντι

359 2191 440 2262 τῷ
471 2193 594 2264 Θεῷ
628 2196 893 2267 πρότερον
925 2196 1234 2268 ἡσυχάζων,
1264 2197 1377 2251 ἀλλ’
1398 2200 1641 2269 ἐνεργεῖν
1678 2201 1944 2271 προερχό-

363 2298 521 2349 μενον
556 2283 653 2336 τοῦ
695 2285 856 2342 Θεοῦ.
895 2287 1006 2339 Kal.
1048 2289 1165 2350 πῶς
1189 2287 1296 2359 ἄρα
1337 2288 1564 2359 προῄει;
1592 2289 1816 2352 Πάντως
1843 2307 1942 2344 που

360 2372 499 2426 κατὰ
527 2377 812 2445 προφορὰν
837 2378 1019 2448 φωνῆς
1044 2377 1306 2448 ἐνάρθρου
1329 2397 1342 2411 ο
1377 2378 1749 2449 φθεγγομένου
1782 2381 1944 2450 δηλα-

357 2459 420 2530 ὃὴ
457 2465 551 2516 καὶ
580 2463 872 2529 λαλοῦντος
893 2468 987 2520 τοῦ
1021 2468 1156 2521 Θεοῦ
1183 2469 1386 2538 ὁμοίως
1419 2470 1745 2539 ἀνθρώποις.
1775 2471 1943 2524 Τοῦτο

357 2554 486 2621 γοῦν
509 2558 606 2610 καὶ
640 2558 792 2628 αὐτῷ
834 2559 1011 2613 ἐδόκει
1037 2562 1302 2632 γράφοντι
1335 2561 1525 2618 τοῦτον
1571 2563 1660 2616 τὸν
1708 2564 1938 2634 τρόπον’

359 2661 378 2694 ι
404 2645 620 2718 Ὥσπερ
644 2647 754 2718 γάρ
782 2649 848 2702 τά
880 2651 1143 2718 γεγονότα
1160 2651 1337 2706 πάντα
1361 2653 1467 2706 ὑπὸ
1494 2653 1588 2706 τοῦ
1613 2654 1826 2724 Πατρὸς
1856 2653 1944 2708 διά

357 2754 378 2790 ι
404 2735 498 2789 τοῦ
540 2737 714 2806 Λόγου
749 2740 990 2808 γέγονεν,
1024 2740 1167 2794 οὕτω
1195 2743 1378 2796 καὶτὰ
1407 2743 1671 2814 λεγόμενα
1705 2745 1810 2796 ὑπὸ
1848 2745 1942 2796 τοῦ

359 2845 377 2878 ι
408 2828 626 2898 Πατρδς
676 2829 764 2884 διὰ
815 2830 910 2883 τοῦ
939 2832 1111 2899 Λόγου
1175 2833 1519 2903 σημαίνεται.
1559 2853 1577 2886 t
1610 2836 1721 2890 Kal.
1755 2831 1940 2898 αὖθις·

359 2938 378 2972 ι
410 2919 602 2975 Πάντα
647 2921 754 2992 γὰρ
782 2922 882 2976 ὅσα
906 2922 970 2976 ἂν
996 2925 1026 2978 ό
1051 2924 1241 2995 Πατὴρ
1281 2925 1436 2997 λέγῃ,
1461 2925 1638 2982 ταῦτα
1669 2926 1943 2997 πανταχοῦ

361 3027 384 3064 ι
413 3009 502 3070 διὰ
531 3010 626 3064 τοῦ
646 3013 820 3080 Λόγου
851 3013 1024 3082 λέγων
1057 3015 1326 3084 φαίνεται.
1351 3017 1522 3070 Τοῦτο
1550 3017 1608 3072 δὲ
1636 3018 1794 3088 δῆλόν
1827 3021 1944 3078 ἐστι

364 3119 383 3151 ι
423 3103 520 3155 καὶ
551 3103 644 3172 ἀφ’
673 3102 830 3174 ἡμῶν
856 3103 1056 3169 αὐτῶν,
1089 3106 1190 3166 ὅσα
1223 3107 1395 3178 μικρά
1427 3111 1541 3172 τοῖς
1570 3109 1826 3178 μεγάλοις
1849 3111 1943 3163 καὶ

359 3213 380 3248 ι
421 3193 586 3258 θείοις
623 3196 942 3250 ἀπεικάσαι·
969 3197 1062 3250 καὶ
1089 3200 1252 3268 ἡμεῖς
1281 3199 1390 3270 γὰρ
1415 3200 1591 3258 πάντα
1617 3202 1718 3254 ὅσα
1749 3201 1814 3254 ἂν
1848 3201 1934 3262 θέ-

360 3304 382 3338 t
411 3286 594 3357 λωμεν
614 3288 756 3342 κατὰ
770 3289 831 3342 τὸ
851 3289 1077 3343 δυνατὸν
1094 3290 1273 3358 λέγειν
1295 3308 1355 3343 τε
1377 3292 1470 3344 καὶ
1493 3295 1684 3358 ποιεῖν,
1705 3293 1784 3362 τῷ
1802 3294 1833 3362 ἡ
1842 3311 1940 3363 με-

363 3395 384 3430 t
411 3377 557 3448 τέρῳ
583 3378 841 3449 ποιοῦμεν
867 3380 1211 3452 λόγῳ.»Εῖδὴ
1241 3378 1334 3434 οὖν
1363 3382 1577 3444 οὕτωςὸ
1599 3383 1769 3450 Λόγος
1807 3401 1939 3455 προ-

353 3468 488 3538 ῆλθε
509 3470 602 3523 τοῦ
629 3471 840 3542 Πατρδς
868 3472 1125 3544 δραστικῇ
1153 3475 1423 3545 ἐνεργείᾳ,
1445 3475 1608 3528 πόθεν
1631 3476 1938 3547 Μαρκέλλῳ

355 3559 560 3629 ἐπῆλθε
588 3561 896 3631 περιορίσαι
927 3563 1116 3632 χρόνον
1141 3566 1206 3634 τῇ
1233 3563 1328 3615 τοῦ
1358 3565 1531 3632 Λόγου
1567 3566 1938 3636 ἐνεργείᾳ,τὸν

354 3648 457 3719 τῆς
484 3651 793 3715 συντελείας
816 3652 937 3705 καθ’
971 3653 1029 3704 ὃν
1068 3653 1288 3707 ἔσεσθαι
1323 3655 1522 3724 φάσκει
1554 3656 1644 3709 τὸν
1677 3657 1848 3725 Λόγον
1881 3658 1938 3710 ἐν

353 3741 435 3811 τῷ
469 3741 609 3812 Θεῷ,
638 3742 826 3814 ὥσπερ
857 3745 950 3797 καὶ
981 3747 1245 3818 πρότερον
1286 3743 1386 3816 ἦν;
1427 3747 1697 3818 Πρότερον
1723 3748 1778 3801 δὲ
1805 3751 1940 3820 ἡσυέ

353 3833 590 3904 χάζοντα
626 3834 788 3887 αὑτὸν
824 3835 990 3888 ἐδίδου
1032 3839 1090 3890 ἐν
1121 3838 1396 3891 σιωπῶντι
1429 3838 1508 3909 τῷ
1538 3839 1676 3910 Θεῷ.
1729 3840 1938 3894 Οὐκοῦν

353 3925 450 3982 καὶ
505 3925 646 3995 μετά
687 3925 785 3998 τὴν
821 3929 1128 3982 συντέλειαν
1178 3932 1377 4001 ἡσυχία
1423 3948 1508 3995 τις
1555 3932 1727 3996 ἔσται,
1774 3934 1937 4005 μηδὲν

355 4016 642 4085 μέλλοντος
676 4019 916 4088 ἐνεργεῖν
935 4019 1028 4072 τοῦ
1048 4021 1242 4088 Λόγου.
1279 4022 1441 4075 Ἀλλά
1463 4025 1568 4094 πρὸ
1589 4025 1686 4094 μὲν
1705 4026 1800 4096 τῆς
1831 4026 1938 4080 τῶν

350 4105 598 4177 γενητῶν
633 4107 944 4170 συστάσεως
976 4108 1127 4160 οῦδὲν
1166 4105 1256 4179 ἦν,
1295 4113 1448 4181 φησὶ,
1485 4112 1623 4183 πλὴν
1649 4113 1805 4168 Θεοῦ.
1831 4115 1938 4167 Καὶ

348 4198 476 4251 ἐπεὶ
505 4198 672 4268 μηδὲν
692 4194 780 4269 ἦν,
816 4199 1040 4262 εἰκότως
1066 4199 1241 4269 ἐαυτῷ
1260 4200 1356 4272 τὴν
1373 4203 1603 4273 ἡσυχίαν
1637 4205 1726 4256 ἐτυ
1736 4205 1898 4258 ποῦτο
1921 4223 1940 4242 ’-

349 4288 498 4342 κατά
535 4290 592 4342 δὲ
637 4291 730 4344 τὸν
773 4292 872 4362 τῆς
909 4292 1221 4354 συντελείας
1267 4294 1462 4364 καιρὸν
1505 4297 1704 4367 Δανιὴλ
1737 4299 1765 4350 ὁ
1807 4315 1938 4369 προ-

351 4379 535 4450 φήτης
563 4381 669 4452 πρὸ
702 4381 796 4439 τοῦ
848 4381 1040 4453 θρόνου
1083 4381 1177 4436 τοῦ
1221 4383 1357 4437 Θεοῦ
1401 4386 1671 4457 μυριάδας
1718 4387 1936 4440 ἔσεσθαι

2062 567 2204 622 erat,
2248 559 2376 622 erit,
2409 557 2649 610 futurum
2683 563 2783 619 est,
2822 557 3130 623 aliquando,
3163 557 3380 623 ilertlm,
3415 559 3626 612 Contin-

2051 665 2204 716 gens,
2261 657 2314 703 et
2364 663 2485 719 qua:
2532 659 2659 704 sunt
2693 649 3011 714 mutationis
3062 648 3257 702 indicia
3294 649 3346 702 in
3390 659 3629 717 tempore

2054 741 2236 808 facta‘,
2279 742 2456 796 aliena
2505 750 2633 798 sunt
2676 757 2904 813 prorsus
2951 757 2978 794 a
3031 741 3334 794 substantia
3383 741 3472 796 illa
3511 757 3629 811 qua:

2049 845 2133 886 est
2196 833 2313 886 sine
2375 841 2641 902 tempore,
2701 831 2993 902 principio,
3041 830 3412 900 generatione,
3455 842 3628 884 muta-

2054 926 2216 978 tione.
2257 925 2330 978 De
2363 940 2469 994 qna
2507 923 2684 978 solum
2715 922 2847 978 Esse
2881 922 3224 989 cogitandum
3251 931 3335 976 est
3370 931 3462 987 ;et
3496 921 3629 976 Esse

2053 1017 2273 1084 quidem
2342 1016 2775 1070 immutabiliter.
2817 1015 2991 1082 Quam
3040 1014 3288 1068 eamdem
3337 1023 3393 1068 et
3436 1014 3624 1068 eodem

2049 1109 2208 1164 modo
2245 1123 2305 1164 se
2359 1109 2650 1166 habentem
2699 1109 2960 1165 debemus
2998 1109 3326 1176 cogitatione
3377 1121 3624 1174 compre-

2049 1201 2330 1256 hendere:
2388 1215 2494 1256 non
2536 1201 2899 1267 imminutam,
2946 1217 3053 1259 non
3109 1206 3460 1262 coarctatam,
3518 1213 3622 1250 non

2048 1289 2351 1354 dilatatam,
2389 1305 2496 1345 non
2540 1305 2860 1361 expansam,
2900 1293 3033 1348 nihil
3065 1301 3220 1346 extra
3268 1305 3328 1344 se
3361 1289 3444 1343 vel
3485 1289 3622 1341 intra

2047 1394 2106 1434 se
2143 1380 2548 1447 continentem;
2592 1395 2698 1436 non
2726 1383 2866 1436 hanc
2892 1383 3072 1447 modo,
3101 1380 3259 1436 modo
3304 1378 3448 1432 illam
3469 1390 3624 1431 com-

2049 1478 2370 1538 parantem:
2407 1480 2658 1524 nentram
2687 1480 3116 1538 permanenter:
3150 1469 3242 1524 scil
3287 1469 3556 1521 diversam
3595 1483 3622 1516 a

2048 1575 2109 1613 se
2137 1560 2306 1629 priori
2336 1581 2347 1615 :
2383 1569 2437 1615 et
2479 1575 2668 1616 rursus
2700 1562 2751 1614 in
2785 1571 2988 1616 statum
3032 1560 3182 1616 illum
3212 1558 3443 1626 priorem
3471 1571 3626 1610 revo—

2046 1651 2238 1705 lutam.
2273 1651 2399 1706 llaec
2445 1667 2754 1721 supponere
2781 1661 2966 1706 tamen
3007 1667 3170 1716 ausus
3208 1659 3288 1710 est
3319 1648 3624 1710 Marcellus,

2049 1743 2249 1812 quippe
2280 1743 2370 1812 qui
2402 1743 2533 1798 olim
2586 1743 2662 1796 ait
2709 1742 2879 1796 Deum
2928 1742 3247 1798 exstitisse:
3300 1747 3357 1798 et
3388 1740 3625 1812 quietem

2050 1833 2342 1902 quamdam
2373 1833 2540 1887 altam
2579 1834 2720 1902 apud
2751 1832 2918 1886 Deum
2953 1834 3316 1902 imaginatur:
3351 1835 3416 1887 ad
3449 1832 3628 1887 imita-

2053 1925 2254 1978 tionem
2289 1924 2438 1978 illins
2487 1924 2869 1980 hwresiarcha:
2904 1923 3054 1993 impii
3098 1938 3219 1980 sese
3257 1922 3627 1986 conformans,

2046 2017 2138 2085 qui
2164 2015 2474 2086 blasphema
2513 2015 2819 2072 istiusmodi
2867 2015 3252 2086 dogmatizavit
3284 2035 3297 2070 :
3339 2023 3458 2074 erat
3487 2013 3632 2068 Deus

2046 2115 2102 2162 et
2141 2106 2288 2178 Sige.
2323 2106 2455 2162 Post
2503 2107 2668 2177 Sigeo
2723 2116 2780 2162 et
2819 2106 3125 2179 llesychian
3173 2107 3512 2178 processisse
3555 2108 3632 2161 ait

2046 2198 2252 2268 Logon,
2287 2199 2339 2254 in
2369 2199 2638 2267 principio
2667 2199 3000 2254 conditionis
3038 2200 3243 2266 nmndi,
3275 2215 3396 2254 cum
3432 2214 3629 2269 opera-

2048 2290 2194 2344 tione
2222 2288 2464 2344 eﬂicaci:
2508 2289 2578 2343 ita
2604 2299 2664 2344 ut
2689 2304 2795 2344 non
2826 2298 2991 2356 esset,
3026 2289 3201 2358 qualis
3233 2299 3354 2344 erat
3385 2291 3534 2359 prius
3575 2291 3626 2344 in

2048 2381 2154 2435 Deo
2193 2381 2606 2452 conquiescenti
2639 2381 2932 2449 quiescens
2981 2382 3116 2451 ipse,
3167 2383 3260 2435 sed
3305 2396 3626 2451 progressus

2043 2473 2209 2528 eDeo
2235 2483 2573 2541 operaretur.
2625 2472 2689 2532 Et
2717 2489 2824 2541 quo
2879 2473 3044 2530 modo
3097 2473 3314 2526 tandem
3360 2474 3628 2542 processit

2046 2565 2208 2618 inde?
2230 2562 2464 2618 Omnino
2494 2579 2590 2632 per
2618 2565 2978 2634 prolatimietn
3011 2565 3294 2634 cujusdam
3328 2564 3629 2618 articulatm

2043 2657 2214 2724 uncis,
2256 2665 2582 2724 personante
2624 2655 2880 2710 nimirum
2924 2666 2978 2710 et
3021 2655 3374 2725 proloquente
3403 2657 3512 2711 Deo
3563 2657 3628 2710 ad

2049 2747 2264 2800 modum
2318 2747 2568 2801 humana:
2617 2745 2863 2815 loquelae.
2906 2746 2978 2800 Ita
3021 2746 3166 2799 cnitn
3197 2746 3268 2799 illi
3304 2746 3474 2798 visum
3512 2757 3621 2811 est,

2045 2840 2170 2894 dum
2200 2839 2272 2892 ita
2303 2839 2566 2894 scriberet
2611 2857 2624 2892 :
2680 2837 2772 2909 [Β.
2817 2837 2902 2891 LV
2956 2839 3104 2904 rol|.,
3172 2855 3225 2908 p.
3257 2838 3327 2892 35
3365 2839 3427 2904 Ι),
3469 2838 3534 2892 79
3565 2839 3628 2902 Β,

2047 2927 2153 2983 125
2183 2927 2270 2999 Β).
2321 2947 2338 2979 ι
2383 2928 2847 2995 Quemadmodum
2877 2929 3016 2982 facta
3049 2930 3228 2982 omnia
3265 2944 3292 2981 a
3325 2929 3505 2990 Patre.
3533 2944 3630 2998 per

2052 3036 2070 3080 ι
2122 3016 2356 3074 Verbum
2416 3017 2562 3072 iacta
2603 3027 2769 3072 sunt:
2806 3018 2880 3072 ita
2917 3026 2972 3072 et
3001 3018 3148 3071 dicta
3193 3019 3372 3072 omnia
3399 3033 3426 3070 a
3471 3019 3629 3072 Patre

2052 3127 2072 3160 ι
2119 3123 2215 3178 per
2253 3107 2488 3164 Verbum
2522 3108 2927 3177 signiﬁcantur.
2967 3128 2990 3161 ι.
3018 3107 3083 3164 Et
3114 3111 3310 3164 iterum
3335 3125 3347 3162 :
3375 3109 3466 3180 [Β.
3495 3107 3628 3174 LVI,

2045 3199 2168 3256 coll.
2197 3216 2250 3269 p.
2276 3200 2344 3254 40
2376 3201 2437 3265 Β,
2464 3201 2564 3255 118
2593 3199 2680 3270 IL]
2732 3219 2748 3251 ι
2769 3197 2962 3254 Omnia
2995 3216 3334 3272 qmecunque
3355 3199 3516 3254 Pater
3547 3201 3631 3254 di-

2053 3310 2073 3344 ι
2119 3292 2214 3358 cit,
2234 3306 2294 3345 ea
2315 3305 2530 3359 semper
2551 3300 2605 3344 et
2641 3291 2840 3359 ubique
2864 3306 2959 3358 per
2977 3290 3211 3346 Verbum
3245 3292 3623 3346 declarantur:

2053 3398 2070 3431 ι
2117 3380 2259 3449 quod
2285 3388 2336 3433 et
2358 3394 2388 3432 a
2417 3379 2570 3436 nobis
2605 3379 2736 3448 ipsis
2777 3380 2912 3434 satis
2946 3380 3134 3449 liquet,
3179 3381 3445 3448 siquidem
3477 3380 3631 3435 hisce

2051 3489 2069 3522 ι
2115 3468 2297 3538 parvis
2314 3482 2505 3536 magna
2534 3468 2761 3537 liceatet
2787 3469 2966 3538 divina
2995 3484 3334 3539 comparare.
3365 3469 3626 3525 Nosenim

2051 3581 2070 3612 ι
2115 3576 2176 3615 ea
2193 3560 2375 3628 Olenia
2391 3576 2510 3630 qua:
2527 3562 3060 3631 volumus,quantnm
3075 3561 3292 3630 quidem
3315 3576 3626 3631 possumus,

2051 3671 2070 3704 ι
2117 3663 2172 3708 et
2207 3651 2434 3708 faciams
2469 3661 2524 3706 et
2553 3651 2781 3706 dicimus
2841 3650 3146 3705 ministerio
3191 3651 3340 3705 verbi
3367 3655 3561 3708 nostri.
3603 3671 3620 3705 ι

2051 3744 2298 3822 >I4'Qnod
2329 3743 2372 3797 si
2408 3743 2475 3798 ad
2513 3743 2656 3797 hunc
2684 3741 2902 3796 modum
2937 3755 3034 3810 per
3065 3739 3364 3797 elIicaclam
3398 3757 3633 3813 operan-

2049 3825 2154 3892 tem
2203 3834 2468 3904 processit
2499 3832 2566 3887 de
2618 3826 2781 3885 Patre
2817 3831 3072 3896 Verbum,
3114 3833 3256 3887 unde
3311 3848 3628 3904 progressus

2046 3939 2124 3984 est
2158 3927 2462 3992 Marcellus,
2521 3925 2586 3978 ad
2615 3923 3180 3979 circutnscribendum
3223 3925 3386 3978 Verbi
3433 3940 3628 3992 opera-

2050 4023 2248 4076 tionem
2308 4029 2549 4088 tempore
2621 4017 2853 4086 quodam
2917 4017 3302 4081 determinato,
3368 4018 3626 4072 nimirum

2050 4109 2235 4164 mundi
2271 4105 2783 4162 consummatione?
2818 4103 3044 4170 Quando
3073 4107 3311 4160 futurum
3347 4118 3450 4172 est,
3485 4108 3626 4176 quod

2046 4201 2299 4265 atlirmat,
2347 4209 2404 4253 ut
2461 4199 2691 4254 Verbum
2747 4198 2884 4250 intra
2925 4196 3090 4252 Deum
3129 4200 3409 4261 subsistat,
3439 4209 3631 4269 quent-

2047 4294 2336 4347 admodum
2377 4292 2668 4361 aliquando
2724 4293 3092 4349 subsistebat?
3117 4292 3420 4359 Aliquando
3446 4303 3626 4346 autem

2046 4388 2420 4454 quiescentem
2460 4387 2640 4456 Logon
2671 4389 2840 4454 illum,
2866 4390 2916 4441 in
2947 4387 3252 4458 quiescenti
3281 4385 3441 4438 Patre
3471 4385 3628 4440 nobis

349 4476 601 4541 θεσπίζει
631 4477 837 4546 λέγων’
872 4479 1066 4532 Χίλιαι
1097 4479 1363 4547 χιλιάδες
1382 4481 1803 4549 ἐλειτούργουν
1827 4485 1936 4534 αὑ-

2048 4478 2214 4532 dedit.
2257 4476 2353 4540 Ita,
2381 4489 2443 4532 ut
2473 4479 2706 4544 videtur,
2741 4486 2861 4547 post
2889 4478 3072 4532 mundi
3104 4475 3624 4530 consummationem

348 4569 454 4636 τῷ,
481 4569 577 4622 καὶ
603 4570 806 4640 μύριαι
822 4569 1112 4638 μυριάδες
1145 4569 1256 4638 (15)
1291 4569 1814 4637 παρειστήκεισαν
1840 4571 1938 4640 ἔμ-

348 4664 617 4729 προσθεν
639 4660 846 4718 αὐτοῦ.
875 4661 1082 4724 Πάντες
1107 4663 1277 4732 δήπου
1309 4663 1401 4714 καὶ
1443 4664 1490 4713 οἱ
1520 4660 1625 4715 υἱοὶ
1665 4661 1758 4714 τοῦ
1808 4663 1936 4733 μέλ-

347 4753 532 4817 λοντος
559 4753 753 4816 αἰῶνος
785 4753 903 4804 τότε
943 4752 1186 4804 ἔσονται”
1228 4754 1289 4806 αῖ
1331 4771 1388 4806 τε
1445 4755 1712 4825 μακάριαι
1767 4754 1938 4824 ψυχαὶ

350 4845 727 4916 πατριαρχῶν,
763 4846 856 4898 καὶ
884 4844 1198 4916 προφητῶν,
1227 4846 1320 4898 καὶ
1349 4846 1680 4913 ἀποστόλων,
1714 4846 1846 4915 ἅγιά
1878 4863 1935 4899 τε

348 4937 636 5009 πνεύματα
669 4937 988 5009 μαρτύρωνο
1041 4938 1217 4993 πάντα
1250 4958 1308 4993 τε
1353 4940 1601 5010 πρόϐατα
1633 4939 1726 4992 τοῦ
1752 4940 1934 5009 Σωτῆ-

349 5047 444 5100 ρος
494 5029 671 5101 ἡμῶν,
706 5031 775 5084 τὰ
822 5033 886 5084 ἐκ
933 5032 1118 5098 δεξιῶν
1150 5033 1314 5085 αὑτοῦ
1369 5033 1677 5103 στησόμενά
1725 5049 1783 5084 τε
1841 5033 1934 5084 καὶ

347 5123 720 5186 άκονσὸμενα·
776 5123 953 5178 Δεῦτε
1005 5128 1060 5177 οἱ
1108 5125 1501 5194 εὐλογημένοι
1561 5124 1666 5176 τοῦ
1709 5124 1937 5192 Πατρός

347 5230 493 5280 μου,
523 5214 1021 5282 κληρονομήσατε
1045 5213 1160 5281 τὴν
1195 5214 1650 5283 ἡτοιμασμένην
1673 5214 1814 5282 ὑμῖν
1834 5216 1941 5278 ,βα-

349 5304 592 5357 σιλείαν
621 5305 738 5357 ἀπὸ
761 5305 1097 5374 καταϐολῆς
1116 5305 1228 5376 (14)
1260 5299 1512 5374 κόσμοινᾷ
1533 5305 1814 5357 Τοσούτων
1834 5305 1943 5364 τοί-

426 5415 613 5486 ΨῨΕΙΙ.
649 5414 845 5473 Paris..
875 5431 994 5486 pag.
1056 5417 1176 5470 115.

421 5487 464 5516 ⁸⁷
499 5485 634 5541 Dan.
670 5501 763 5548 VII,
802 5489 887 5538 10.

424 5579 534 5650 (12)
571 5579 742 5644 Vulgo
776 5581 868 5633 καὶ
901 5579 986 5631 τὰ.
1024 5579 1140 5633 Mox
1161 5580 1485 5649 vnlgoili‘est
1510 5581 1582 5650 μὴ
1619 5581 1930 5650 ἐκτεινομέ-

349 5667 469 5716 νην.
501 5649 616 5703 Mox
643 5650 800 5716 vulgo
834 5650 1127 5719 μηδέτερον
1171 5651 1434 5719 μένουσαν
1458 5649 1594 5703 ριἊ
1621 5652 1695 5704 δέ.
1737 5655 1810 5702 Ad
1839 5649 1927 5705 ge-

351 5722 566 5787 quentia
605 5719 674 5772 ('i.
712 5719 944 5772 l‘e:u'-.on
994 5718 1146 5770 Vind.
1174 5718 1368 5787 'lgnru.
1401 5720 1455 5773 εὶ.
1495 5737 1542 5788 p.
1580 5723 1668 5775 5|.

2045 4571 2282 4639 quietem
2332 4571 2547 4634 statuit,
2579 4586 2699 4625 cum
2749 4570 2885 4623 nihil
2937 4569 3170 4624 Verbum
3203 4568 3457 4636 deinceps
3495 4581 3625 4634 ope-

2048 4663 2280 4720 rabitur.
2335 4662 2552 4716 Atcnim
2598 4669 2725 4715 ante
2767 4661 2953 4715 mundi
2989 4659 3456 4725 constitutionem,
3491 4658 3623 4711 nihil

2043 4765 2162 4806 crat
2195 4769 2417 4821 prorsus
2451 4762 2649 4823 printer
2677 4755 2866 4819 Deum,
2900 4752 3126 4822 inquiet.
3161 4750 3226 4806 Et
3256 4754 3472 4822 quando
3502 4751 3623 4820 qui—

2043 4845 2162 4898 dem
2191 4844 2321 4898 nihil
2361 4854 2502 4910 erat,
2525 4847 2647 4914 jure
2693 4847 2892 4900 merito
2922 4845 2997 4899 illi
3027 4845 3268 4914 quietem
3301 4844 3622 4910 assignavit.

2043 4935 2158 4989 Jam
2212 4937 2264 4990 in
2301 4947 2542 5006 tempore
2586 4938 3076 4992 consummationis
3122 4935 3306 4990 Daniel
3362 4936 3623 5005 propheta

2045 5037 2170 5083 ante
2204 5029 2454 5082 thronum
2493 5028 2586 5082 Dei
2627 5013 2940 5083 constitisse
2971 5030 3204 5106 afﬁrmat
3249 5028 3624 5082 innumerabi-

2043 5121 2146 5175 lem
2177 5121 2494 5190 angelorum
2540 5121 2940 5176 multitudinem
2972 5137 2982 5170 :
3021 5120 3193 5174 Millia
3238 5120 3486 5184 millium,
3524 5121 3620 5183 ait,

2047 5213 2424 5266 ministrabant
2470 5213 2594 5267 illi:
2625 5225 2672 5267 et
2709 5214 2879 5267 decies
2933 5213 3125 5265 millies
3178 5222 3394 5264 centena
3453 5211 3621 5262 millia

2053 5305 2366 5358 assistebant
2395 5307 2466 5358 ei.
2497 5301 2772 5358 Iudicium
2817 5305 2972 5366 sedit,
3000 5315 3045 5356 ct
3073 5304 3195 5356 libri
3223 5303 3390 5372 aperti
3421 5303 3622 5359 sunt“.

2112 5582 2219 5649 (15)
2257 5580 2424 5645 Vulgo
2454 5597 2694 5650 προειστ.

2115 5653 2222 5722 (1-1)
2260 5651 2424 5719 Vulgo
2453 5651 2545 5702 τοῦ
2571 5668 2622 5703 κ.
