4082 6390
305 405 402 462 921

1245 403 1332 462 DE
1373 407 1906 464 ECCI.ESIASTICA
1950 409 2351 470 THEOIDGIA
2392 413 2520 470 LIB.
2570 416 2629 472 ll.

3467 412 3573 485 θέε

329 543 345 574 ι
377 521 753 591 ταχρηστικῶς
799 519 1188 594 ὀνομασθέντα,
1225 526 1300 589 ὡς
1345 527 1495 580 αὐτοί
1541 547 1722 598 φασιν,
1775 530 1862 582 ἀλ)

2000 550 2017 580 ι
2065 532 2189 626 prie
2214 533 2445 626 Verbum
2474 537 2706 626 exsistit.
2749 555 2768 590 ›
2797 537 2863 592 Ει
2913 539 3110 597 iterum
3137 559 3153 597 :
3179 542 3271 616 [Β.
3302 545 3570 626 XXXIX]

320 632 336 662 ι
375 612 542 683 ἀληθῆ
573 615 700 664 ὄντα
729 614 919 681 Λόγον.
948 633 966 666 ι
1006 617 1114 668 Καὶ
1145 613 1325 680 αὖθις·
1379 639 1394 668 ι
1426 620 1695 691 Πρότερον
1715 661 1729 685 ,
1761 622 1884 687 ,ὦσ-

316 726 419 778 περ,
443 708 697 770 πολλάκις
738 709 892 778 ἔφην,
937 711 1088 762 οὐδὲν
1114 710 1300 781 ἕτερον
1353 708 1419 782 ἦν
1451 714 1480 783 ἢ
1515 715 1750 782 Λόγος·›
1788 719 1882 769 καὶ

311 798 496 853 πάλιν
539 817 555 847 ι
599 799 712 870 Πρὸ
743 801 836 852 τοῦ
881 801 1180 863 κατελθεῖν,
1221 805 1313 856 καὶ
1339 803 1425 856 διὰ
1472 805 1572 874 τῆς
1605 807 1881 878 Παρθένου

314 910 330 938 ι
368 891 640 960 τεχθῆναι,
686 893 855 961 Λόγος
895 890 962 964 ἦν
1017 895 1214 964 μόνον·
1273 898 1392 949 ἐπεὶ
1451 898 1502 949 τί
1552 898 1738 969 ἕτερον
1789 895 1878 968 ἦν,

314 999 330 1031 σ
376 981 476 1051 πρὸ
499 981 592 1033 τοῦ
620 983 718 1052 τὴν
750 984 1098 1056 ἀνθρωπίνην
1129 987 1418 1041 ἀναλαϐεῖν
1455 989 1631 1060 σάρκα
1663 991 1723 1042 τὸ
1753 1008 1881 1044 κατ-

312 1091 330 1122 ι
357 1071 504 1125 ελθὸν
543 1073 630 1124 ἐπ’
652 1075 895 1143 ἐσχάτων
926 1075 1031 1127 τῶν
1059 1079 1300 1148 ἡμερῶν,
1337 1080 1411 1142 ὡς
1428 1083 1520 1134 καὶ
1540 1082 1698 1145 αὐτὸς
1716 1082 1880 1153 ἔγρα-

313 1183 329 1213 ι
367 1179 463 1232 φε;
492 1163 602 1214 Καὶ
640 1163 701 1214 το
733 1165 987 1234 γεννηθὲν
1012 1168 1075 1218 ἐκ
1105 1169 1200 1237 τῆς
1244 1170 1522 1240 Παρθένου
1577 1171 1729 1224 οὐδὲν
1757 1172 1878 1224 ἓτε-

310 1272 326 1304 t
360 1270 446 1324 ρον
479 1249 548 1323 ἦν
585 1253 831 1322 ἢΛόγος.
880 1274 897 1305 ι
928 1256 1111 1308 Ταῦτα
1146 1259 1448 1330 Μαρκέλλῳ
1469 1261 1678 1328 λέγοντι
1715 1259 1781 1333 ἧν
1812 1264 1878 1317 ἂν

301 1346 502 1398 δίκαιον
563 1345 765 1398 τοιανδὶ
821 1349 1190 1415 προσαγαγεῖν
1252 1349 1464 1403 πεῦσιν.
1528 1352 1635 1402 Καὶ
1711 1353 1877 1406 πόθεν

300 1439 447 1506 ἡμῖν,
478 1429 525 1488 ὦ
551 1433 724 1500 οὗτος,
749 1436 810 1489 τὸ
840 1437 1021 1491 οὐδὲν
1051 1438 1256 1506 ἕτερον
1280 1439 1390 1507 (⁸20)
1428 1443 1744 1513 προστίθης,
1785 1446 1876 1498 καὶ

234 1599 237 1602 _
297 1528 357 1579 τὸ
372 1527 569 1594 μόνον
585 1543 604 1590 ;
631 1527 704 1580 Τὸ
733 1528 829 1596 μὲν
851 1527 978 1599 γὰρ,
1009 1530 1110 1582 Ἐν
1137 1527 1294 1597 ἀρχῇ
1323 1525 1400 1598 ἦν
1421 1534 1453 1582 ό
1483 1533 1690 1600 Λόγος,
1721 1535 1877 1604 ἀκρι-

301 1617 404 1678 ῦῶς
437 1615 712 1688 ἔγνωμεν
769 1618 863 1670 καὶ
903 1619 963 1670 οὐ
1013 1618 1194 1687 μόνον,
1219 1618 1351 1672 ἀλλὰ
1373 1619 1457 1683 τί,
1482 1621 1590 1679 Καὶ
1625 1622 1769 1688 Θεὸς
1798 1620 1876 1692 ἦν

301 1711 332 1758 a’
357 1707 569 1776 Λόγος,
607 1707 700 1760 καὶ
737 1706 864 1774 φῶς
895 1703 973 1776 ἦν
1016 1708 1083 1759 τὸ
1127 1707 1378 1776 φωτίζον
1421 1709 1617 1765 πάντα
1653 1709 1875 1778 ἄνθρωσι

292 1813 406 1850 πον
441 1796 596 1869 [(21)
623 1799 950 1867 ἐρχόμενον
978 1803 1064 1865 εἰς
1098 1803 1204 1854 τὸν
1241 1802 1520 1874 iacio-por],
1561 1803 1655 1856 καὶ
1685 1821 1870 1872 μονο-

1993 639 2009 670 ι
2061 622 2250 675 hiscat
2298 624 2500 678 idcirco
2541 625 2638 680 Dei
2685 627 2917 683 Verbum
2950 633 3256 700 advenisse,
3292 653 3398 693 non
3437 622 3573 698 Ver:-

1990 731 2006 760 ι
2065 713 2188 765 hum
2223 714 2440 782 quidem
2477 717 2878 775 catachrestice
2921 721 3364 795 denominatum,
3393 741 3452 786 ut
3490 706 3566 790 illi

1991 818 2010 850 ι
2060 803 2231 867 aiunt,
2267 805 2360 859 sed
2397 806 2632 861 Verbum
2667 811 2952 868 verissime
2981 815 3269 880 assistens.
3303 839 3323 872 ι
3363 821 3432 876 Ει
3461 825 3564 880 ite-

1983 909 2129 947 rum.
2157 895 2246 966 [Β.
2282 896 2417 950 XLII
2440 899 2580 973 _coll.
2609 916 2662 965 p.
2697 901 2767 957 55
2796 903 2860 976 Β]
2916 923 2936 956 ι
2971 906 3038 961 Ut
3061 909 3172 975 jam
3194 913 3390 980 smpins
3417 930 3444 967 a
3477 932 3564 971 me

1986 1003 2005 1034 ι
2052 988 2284 1053 positum
2325 997 2429 1053 est,
2466 990 2600 1044 nihil
2655 1002 2774 1047 erat
2801 995 2943 1050 aliud
2969 999 3411 1066 quam'Verbum.
3446 1025 3466 1058 ι
3497 1009 3563 1063 Et

1981 1089 2220 1132 rursus:
2259 1098 2276 1128 ι
2309 1078 2633 1150 Priusquam
2687 1085 3062 1154 descenderet,
3121 1100 3177 1146 et
3229 1096 3296 1148 de
3342 1097 3561 1167 Virgine

1986 1185 2006 1216 ι
2057 1178 2398 1232 nasceretur,
2438 1168 2674 1227 Verbum
2706 1183 2824 1229 erat
2868 1177 3042 1231 solum
3081 1194 3096 1230 :
3128 1196 3251 1234 nam
3301 1185 3560 1253 quidille

1985 1274 2006 1306 c
2055 1256 2198 1311 aliud
2249 1269 2481 1328 poterat,
2540 1263 2862 1333 priusquam
2914 1281 3217 1325 assumeret
3265 1273 3556 1332 humanam

1987 1366 2005 1396 ι
2052 1363 2300 1413 carnem,
2325 1352 2418 1420 qui
2447 1352 2729 1407 descendit
2760 1356 2826 1410 ad
2868 1373 2968 1412 nos
3011 1359 3065 1412 in
3100 1361 3410 1419 novissimis
3439 1368 3559 1421 die-

1983 1454 2002 1487 ι
2051 1437 2169 1503 bus,
2194 1457 2212 1490 ι
2233 1449 2290 1492 ιιι
2313 1441 2425 1509 ipse
2470 1441 2747 1510 loquitur?
2768 1446 2854 1510 Et,
2879 1465 2896 1498 ι
2917 1447 3048 1503 Illud
3077 1455 3218 1520 quod
3243 1455 3309 1508 de
3338 1455 3561 1526 Virgine

1984 1546 2003 1578 ι
2054 1531 2402 1596 nascebatur,
2453 1533 2587 1587 nihil
2639 1545 2758 1590 erat
2809 1548 3008 1606 praeter
3065 1539 3316 1599 Verbum.
3351 1563 3368 1596 ι
3431 1534 3557 1603 Haec

1977 1620 2266 1675 aﬂirmanti
2301 1622 2578 1690 Marcello,
2618 1627 2780 1681 talem
2813 1633 3102 1697 quamdam
3133 1635 3558 1707 interrogatiun-

1975 1712 2150 1764 culam
2179 1726 2480 1782 proponere
2512 1730 2617 1769 non
2641 1717 2937 1772 absurdum
2971 1719 3164 1776 fuerit:
3189 1724 3254 1777 Et
3285 1729 3552 1782 undenam

1977 1805 2168 1868 nobis,
2224 1821 2257 1860 o
2293 1807 2433 1861 bone
2492 1813 2550 1870 >14
2586 1817 2666 1874 ιιι,
2725 1809 2828 1864 hoc
2886 1809 3062 1880 ipsum
3113 1814 3241 1867 nihil
3297 1816 3445 1870 aliud
3497 1830 3558 1874 et-

293 1888 468 1958 γενὴς
490 1885 574 1960 ἦν
599 1891 744 1954 Υἱὸς,
799 1893 890 1944 καὶ
913 1893 1020 1945 ὅσα
1049 1893 1394 1947 κατείλεκται
1419 1895 1579 1964 ἕτερα
1601 1912 1614 1960 ;
1655 1896 1775 1948 Ὅτι
1815 1895 1862 1947 δὲ

1974 1896 2142 1949 solum
2172 1899 2468 1967 proponis?
2502 1899 2630 1952 Illud
2665 1908 2814 1955 certe
2845 1922 2858 1956 :
2886 1901 2954 1956 In
2977 1904 3238 1972 principio
3271 1917 3385 1986 erat
3426 1907 3554 1964 νιν.

291 1980 470 2049 Λόγος
497 1975 568 2051 ἦν
593 1983 806 2049 μόνον,
837 1984 931 2035 καὶ
970 1983 1124 2035 οὐδὲν
1157 1984 1399 2054 ἕτερονῆ
1432 1986 1640 2053 Λόγος,
1680 1987 1780 2038 οὐκ
1803 1985 1869 2038 ἂν

289 2069 398 2138 ἔχοι
431 2088 517 2134 τις
542 2073 830 2141 εἰρημένον
857 2074 1154 2138 ἀποδείξαι.
1187 2075 1356 2127 Πόθεν
1377 2071 1468 2126 οὖν
1504 2076 1563 2127 τὸ
1584 2077 1681 2144 τῆς
1698 2093 1867 2147 προσ-

290 2160 465 2230 θήκης
490 2161 787 2232 τόλμλημα;
826 2163 922 2216 Διά
951 2164 1002 2215 τί
1029 2163 1137 2235 γὰρ
1160 2164 1280 2233 οὐχὶ
1310 2165 1511 2233 μᾶλλον
1550 2165 1674 2218 Υἱὸν
1704 2165 1769 2218 ἄν
1784 2182 1867 2227 τις

287 2253 428 2305 εἴποι
456 2253 623 2307 αὐτὸν
672 2254 852 2323 μόνον,
903 2255 995 2306 καὶ
1023 2255 1172 2307 οὐδὲν
1200 2256 1385 2325 ἕτερον
1413 2256 1444 2324 ἢ
1476 2257 1634 2319 Υἱόνς
1687 2257 1783 2310 Διά
1814 2257 1870 2309 τί

284 2347 338 2400 δὲ
373 2349 432 2400 οὐ
469 2347 606 2400 Θεὸν
636 2348 730 2400 καὶ
757 2347 910 2400 οὐδὲν
939 2347 1181 2419 ἕτερονῆ
1223 2349 1352 2401 Θεόν
1381 2365 1395 2414 ;
1431 2349 1518 2402 διὰ
1537 2350 1587 2401 τί
1625 2349 1698 2419 μὴ
1751 2349 1866 2418 φῶς

284 2439 390 2516 τοῦ,
412 2439 644 2509 κόσμου,
678 2442 772 2492 καὶ
792 2440 944 2492 οὐδὲν
979 2440 1165 2511 ἕτερον
1201 2442 1232 2511 ἢ
1272 2440 1469 2506 τοῦτο;
1499 2441 1588 2494 διὰ
1613 2441 1664 2493 τί
1693 2441 1750 2494 δὲ
1789 2441 1864 2512 μὴ

285 2531 448 2603 ζωὴν,
477 2532 573 2583 καὶ
597 2531 749 2583 οὐδὲν
798 2531 1013 2601 ἓτερον;
1057 2533 1151 2584 καὶ
1195 2531 1288 2583 ἐπὶ
1321 2530 1427 2583 τῶν
1465 2532 1863 2603 παραπλησίων

284 2623 394 2694 (22)
423 2623 623 2676 ταύτὸν
653 2624 716 2677 ἄν
747 2640 830 2686 τις
867 2622 1184 2676 δικαιότατα
1218 2622 1284 2676 ἂν
1313 2623 1664 2694 προτείνειεν.
1725 2623 1862 2676 Ἀλλ’

281 2711 470 2785 ὥσπερ
493 2714 559 2767 ἄν
594 2731 700 2777 τις,
726 2715 774 2766 εί
816 2713 974 2766 τοῦτο
1005 2714 1172 2782 λέγοι,
1219 2715 1478 2784 ὲλέγχοιτ⁹
1525 2716 1590 2769 ἂν
1618 2716 1865 2786 ἁμαρτά-

282 2821 387 2857 νων
415 2804 616 2874 (πάντα
656 2804 763 2875 γὰρ
787 2803 998 2875 ἀθρόως
1033 2804 1148 2856 ἐστὶ
1179 2803 1370 2870 ταῦτα,
1402 2799 1480 2868 εἷς
1513 2803 1589 2856 ὢν
1612 2805 1738 2866 Υἱὸς
1768 2804 1865 2857 τοῦ

281 2891 438 2960 Θεοῦ,
460 2897 554 2948 καὶ
583 2892 634 2947 εἴ
659 2913 712 2948 τι
745 2895 952 2948 τούτων
995 2894 1289 2965 ἀνώτερον,
1320 2894 1438 2947 καθ’
1470 2896 1706 2964 ἑκάστην
1743 2893 1862 2947 ἐπί-

284 3003 433 3039 νοιαν
461 2987 571 3040 τῶν
607 2990 663 3040 ὲν
697 2987 846 3058 αὐτῷ
875 2989 1071 3041 θεῖκῶν
1100 2989 1400 3060 ιδυνάμεων
1453 2987 1723 3058 διαφόρων
1771 2989 1866 3041 καὶ

282 3078 393 3132 τῶν
426 3080 738 3150 ὲπηγοριῶν
762 3079 1110 3151 ἠξιωμένος),
1141 3079 1282 3133 οὕτω
1313 3081 1404 3132 καὶ
1438 3081 1530 3132 ἐπὶ
1546 3078 1635 3132 τοῦ
1665 3079 1859 3148 Λόγου,

279 3173 308 3224 6
335 3170 444 3240 φὰς
480 3173 638 3241 μόνον
687 3173 858 3240 Λόγον
908 3174 1069 3226 αὐτὸν
1124 3167 1262 3224 εἶναι
1321 3174 1415 3225 καὶ
1452 3171 1604 3224 οὐδὲν
1652 3171 1857 3242 ἕτερον,

1973 1991 2115 2054 bum,
2147 2002 2400 2046 accurate
2434 1995 2704 2049 novimus.
2761 1995 2869 2052 Sed
2909 2013 3019 2052 non
3061 2001 3192 2053 illud
3230 2002 3429 2066 solum,
3455 2005 3556 2058 sed

1969 2081 2098 2148 quid
2141 2082 2650 2150 quasoiNimirum
2686 2101 2702 2140 :
2734 2095 2790 2140 et
2847 2085 2990 2142 Deus
3039 2100 3152 2144 erat
3219 2090 3464 2158 Verbum,
3497 2104 3555 2148 et

1969 2175 2064 2227 (ua:
2098 2186 2210 2228 erat
2249 2175 2562 2230 illuminnns
2594 2193 2801 2232 omnem
2853 2179 3117 2236 hominem
3165 2183 3452 2236 venientem
3491 2188 3546 2238 in

1967 2263 2106 2316 hunc
2141 2263 2391 2319 mundum
2421 2283 2440 2321 :
2461 2276 2515 2320 et
2542 2276 2658 2321 erat
2691 2272 2994 2338 unigenitus
3035 2271 3213 2326 Filius
3239 2274 3306 2326 ⁹⁰.
3337 2273 3400 2326 Et
3427 2291 3548 2343 qua:

1968 2364 2168 2419 praeter
2205 2355 2307 2408 ista
2337 2356 2442 2410 alia
2481 2356 2794 2413 referuntur
2825 2362 3065 2416 nomina.
3113 2363 3183 2416 At
3235 2365 3379 2431 quod
3415 2363 3548 2417 Ver-

1967 2445 2091 2496 bum
2126 2453 2246 2499 erat
2277 2447 2472 2511 solum,
2509 2462 2683 2516 neque
2721 2451 3016 2520 quidquam
3061 2463 3257 2520 praeter
3299 2453 3548 2516 Verbum,

1966 2550 2125 2589 nemo
2161 2536 2442 2591 hominum
2484 2537 2688 2592 dictum
2745 2553 2868 2594 esse
2912 2549 3090 2609 potest
3142 2541 3544 2597 demonstrare.

1971 2623 2120 2680 Unde
2163 2625 2338 2680 audax
2370 2641 2500 2692 ergo
2544 2627 2674 2680 illud
2706 2629 3156 2692 additamentum,
3195 2630 3380 2686 solius.
3437 2632 3551 2686 Cur

1964 2731 2072 2771 non
2107 2719 2286 2788 potius
2309 2717 2511 2772 Filium
2545 2719 2670 2789 quis
2705 2719 2939 2788 appellet
2967 2733 3090 2774 eum
3136 2721 3336 2788 solum,
3370 2737 3548 2790 neque

1963 2809 2258 2877 quidquam
2307 2819 2504 2877 praeter
2548 2809 2794 2863 Filium?
2829 2810 2938 2864 Cur
2987 2826 3093 2864 non
3145 2811 3336 2876 Deum,
3370 2827 3550 2880 neque

1963 2900 2260 2968 quidquam
2304 2909 2501 2969 praeter
2553 2900 2760 2955 Deum?
2800 2901 2911 2955 Cur
2950 2916 3054 2955 non
3103 2901 3291 2955 mundi
3345 2901 3546 2966 lucem,

1965 3005 2140 3060 neque
2185 2992 2478 3060 quidquam
2529 3007 2726 3062 praeter
2771 2993 2987 3047 lucem?
3027 2992 3138 3048 Cur
3190 3009 3293 3048 non
3334 2993 3543 3058 ,vitam,

1967 3096 2142 3151 neque
2167 3082 2459 3152 quidquam
2493 3092 2699 3151 praeter
2741 3083 2951 3138 vitam?
2978 3083 3262 3150 Quomodo
3289 3085 3455 3137 etiam
3487 3084 3546 3137 in

1964 3173 2202 3234 caeteris,
2239 3187 2337 3227 nec
2367 3173 2645 3227 immerito
2675 3173 2821 3243 loqui
2851 3175 3172 3229 nobislicet.
3213 3173 3320 3230 Sed
3355 3190 3546 3244 quem-

282 3261 616 3331 σφάλλεσθαι
651 3261 717 3314 ἂν
754 3261 968 3345 λέγοιτο
1021 3264 1277 3326 εἰκότως·
1318 3262 1478 3332 μόνου
1512 3263 1622 3331 γὰρ
1650 3260 1742 3313 τοῦ
1773 3262 1862 3314 εὐο

1969 3262 2259 3316 admodum
2311 3263 2358 3317 is
2397 3264 2488 3329 qui
2533 3263 2638 3316 ista
2683 3265 2881 3318 dixerit
2931 3279 3122 3318 errare
3150 3267 3390 3334 graviter
3412 3282 3548 3320 cott-

278 3351 603 3421 αγγελιστοῦ
649 3353 894 3406 Ἰωάννου
946 3357 1141 3423 Λόγον
1186 3354 1352 3406 αὐτὸν
1401 3353 1860 3415 ἀποκαλέσαντος,

279 3445 374 3498 καὶ
405 3444 465 3496 οὐ
491 3444 648 3496 τοῦτο
679 3445 858 3514 μόνον,
880 3444 1015 3497 ἀλλὰ
1037 3445 1132 3498 καὶ
1165 3445 1356 3515 ἕτεραο
1395 3443 1488 3496 τοῦ
1521 3443 1578 3496 δὲ
1610 3444 1862 3512 Σωτῆρος

275 3537 422 3605 φῶς,
457 3538 549 3590 καὶ
576 3536 855 3605 ἀλήθειαν,
883 3538 975 3589 καὶ
1007 3535 1180 3604 ζωὴν,
1229 3537 1323 3589 καὶ
1358 3533 1658 3604 μονογενῆ
1702 3534 1857 3598 Υἱὸν,

276 3629 370 3682 καὶ
402 3627 471 3680 τά
504 3628 666 3681 λοιπά
694 3628 889 3680 ἑαυτὸν
917 3628 1252 3691 ἀνειπόντος,
1285 3628 1479 3694 Λόγον
1511 3626 1564 3679 δὲ
1585 3623 1857 3695 οὐδαμῶς,

276 3720 394 3783 πῶς
422 3720 524 3772 οὐκ
544 3720 744 3772 ἄτοπον
780 3721 893 3790 (25)
921 3721 1013 3772 ἐπὶ
1043 3721 1142 3791 μὲν
1189 3715 1264 3773 ὧν
1291 3721 1453 3783 αὐτὸς
1499 3719 1689 3773 ἑαυτὸν
1727 3719 1860 3772 ὠνό-

279 3827 443 3881 μασε,
480 3813 554 3880 μὴ
583 3810 759 3879 λέγειν
790 3811 847 3863 ἒν
898 3810 1107 3865 τούτων
1141 3807 1281 3864 εἶναι
1328 3812 1423 3864 καὶ
1466 3811 1620 3864 οὐδὲν
1648 3811 1856 3884 ἕτερον,

276 3900 368 3953 ἐπὶ
397 3900 455 3952 δὲ
485 3899 585 3968 τῆς
614 3900 714 3952 τοῦ
741 3900 1132 3968 εὐαγγελιστοῦ
1163 3902 1290 3972 περὶ
1314 3901 1479 3954 αὐτοῦ
1517 3902 1722 3971 φωνῆς,
1760 3902 1860 3972 τῆς

275 3992 471 4060 Λόγον
493 3991 653 4044 αὐτὸν
695 3992 1043 4061 ἀνειπούσης,
1077 3991 1536 4055 διαϐεϐαιοῦσθαι,
1585 3993 1661 4056 ὡς
1709 3993 1857 4046 οὐδὲν

273 4079 460 4152 ἕτερον
496 4077 565 4151 ἦν
596 4082 629 4151 ἢ
660 4083 884 4152 Λόγος;
935 4083 1094 4135 Ἀλλὰ
1139 4084 1232 4136 καὶ
1288 4085 1512 4156 κυρίως,
1550 4085 1706 4154 φησὶ,
1763 4085 1857 4138 καὶ

275 4172 493 4244 ἀληθῶς
517 4173 626 4242 (2i)
659 4174 920 4244 ὑπάρχων
945 4174 1077 4235 Θεός
1101 4191 1113 4203 ·
1165 4175 1224 4226 οὐ
1257 4175 1365 4245 γὰρ
1398 4174 1460 4245 δὴ
1498 4175 1686 4245 ἔτερος
1724 4170 1792 4245 ἦν
1828 4176 1856 4226 6

276 4265 446 4333 Λόγον
469 4264 639 4317 αὐτὸν.
657 4264 914 4328 ἀνειπὼν,
941 4266 1026 4317 ἕτε
1037 4281 1128 4336 ρος
1156 4264 1212 4317 δὲ
1240 4267 1267 4318 6
1307 4265 1438 4317 Θεὸν
1469 4267 1812 4329 ἀποκαλέσας
1838 4283 1850 4296 ο

275 4351 352 4418 εἷς
379 4355 436 4407 δὲ
467 4356 562 4408 καὶ
608 4356 636 4407 ό
686 4355 867 4418 αὐτός.
920 4355 1326 4426 Εὐαγγελιστὴς
1352 4357 1501 4426 [ὁμοῦ
1549 4357 1642 4410 καὶ
1683 4357 1853 4424 Λόγον

275 4449 436 4502 αὐτὸν
459 4448 719 4512 ἐδίδαξεν,
745 4449 912 4502 εἰπών
935 4466 946 4477 ·
968 4450 1074 4503 Καὶ
1117 4449 1262 4514 Θεὸς
1294 4445 1374 4518 ἦν
1405 4453 1436 4502 o'
1478 4450 1671 4518 Λόγος
1691 4465 1703 4478 ·
1739 4452 1766 4502 6
1807 4449 1850 4500 δ’

1953 4462 2115 4517 quam
2186 4463 2316 4502 vero
2373 4447 2596 4502 Verbum
2649 4459 2668 4498 :

1967 3354 2216 3407 vincetur
2257 3353 2722 3421 (quandoquidem
2795 3354 2841 3408 is
2886 3355 2977 3422 qui
3030 3369 3170 3407 unus
3215 3363 3298 3408 est
3347 3363 3402 3409 et
3447 3355 3548 3411 Dei

1965 3441 2158 3507 Filius,
2197 3443 2351 3498 hisce
2393 3444 2651 3498 omnibus
2701 3443 3017 3498 nominibus
3057 3444 3380 3514 appelletur,
3438 3460 3544 3501 nec

1964 3533 2115 3587 hisee
2156 3541 2388 3599 tantum,
2422 3534 2517 3590 sed
2550 3533 2671 3588 aliis
2717 3535 2905 3588 multis
2930 3543 3128 3604 praeter
3156 3535 3259 3588 ista
3295 3544 3351 3589 et
3391 3535 3540 3590 hisce

1963 3623 2133 3693 magis
2173 3624 2372 3679 divinis
2437 3623 2642 3689 forsan,
2694 3634 2856 3694 prout
2895 3625 3264 3678 diversimodo
3296 3626 3538 3680 divinam

1963 3716 2134 3784 ipsius
2164 3724 2486 3785 potestatem
2516 3725 2570 3769 et
2599 3717 2852 3769 virtutem
2898 3716 3402 3785 apprehemlimus).
3461 3715 3536 3770 Ita

1961 3823 2177 3877 quoque
2209 3816 2262 3862 et
2297 3823 2420 3861 eum
2454 3809 2546 3876 qui
2601 3807 2834 3860 Verbum
2886 3807 3035 3862 illum
3085 3807 3256 3861 solum
3309 3808 3544 3878 appella-

1963 3900 2120 3963 verit,
2155 3913 2328 3967 neqne
2351 3898 2494 3952 aliud
2539 3898 2836 3967 quidquam
2881 3906 3078 3967 praeter
3121 3898 3376 3963 Verbum,
3420 3913 3538 3952 om-

1962 3992 2087 4050 uiuo
2129 3991 2238 4043 falli
2293 4004 2514 4045 necesse
2542 3999 2625 4044 est
2647 3999 2698 4042 et
2729 4004 2940 4044 errare.
2964 3989 3097 4043 Cum
3129 3991 3271 4044 enim
3299 3989 3539 4044 Joannes

1957 4081 2294 4150 evangelista
2351 4080 2499 4135 solus
2548 4083 2726 4150 ipsum
2787 4080 3024 4148 appellet
3067 4079 3316 4144 Verbum,
3361 4097 3540 4151 neque

1971 4172 2192 4226 Verbum
2225 4173 2419 4235 solum,
2444 4172 2538 4226 sed
2573 4171 2758 4225 multis
2783 4172 2904 4225 aliis
2932 4172 3243 4226 nominibus
3265 4174 3534 4242 designet;

1957 4279 2191 4335 cumqu
2236 4259 2352 4334 Ipse
2398 4279 2456 4318 se
2487 4262 2770 4326 Servatur,
2809 4259 2977 4316 lucem
3023 4265 3286 4326 nominet,
3321 4275 3374 4318 et
3401 4251 3536 4318 reriL

1957 4366 2140 4419 latent,
2177 4366 2234 4410 et
2291 4357 2469 4420 vitam,
2528 4366 2582 4411 et
2645 4355 2993 4425 unigenitum,
3046 4363 3099 4408 et
3145 4353 3368 4420 Filium,
3398 4370 3530 4409 nus-

2729 4447 3004 4515 quomodo
3068 4460 3173 4498 non
3236 4445 3531 4500 absurdum

275 4544 434 4607 αὐτὸς
465 4544 560 4596 κα)⁸
583 4544 699 4612 φῶς
728 4544 890 4598 αὐτὸν
923 4543 1195 4613 ὠνόμασε.
1238 4542 1337 4594 Διά
1367 4542 1418 4595 τί
1476 4538 1568 4595 οὖν
1620 4541 1694 4612 μὴ
1749 4559 1850 4595 κυ-

1969 4541 2118 4595 έυειιίι
2178 4541 2311 4594 nihil
2344 4540 2559 4610 quidem
2591 4553 2778 4592 eorum
2813 4539 3066 4609 allegare,
3109 4537 3303 4606 quibus
3328 4552 3385 4590 se
3416 4539 3531 4606 ipse

277 4635 403 4705 ρίως
428 4638 522 4689 καὶ
545 4635 759 4706 ἀληθῶς
787 4635 931 4698 Υίὸν,
969 4634 1252 4705 μονογενῆ,
1288 4635 1380 4687 καὶ
1403 4635 1502 4686 ὅσα
1529 4632 1663 4686 ἄλλα
1690 4633 1851 4696 αὐτὸς

1969 4633 2284 4702 insignivit?
2331 4645 2504 4701 neque
2550 4632 2733 4685 dicere
2783 4631 2953 4699 ipsum
3005 4631 3075 4683 ita
3110 4632 3178 4683 ah
3235 4629 3340 4684 illis
3365 4645 3527 4684 voca-

271 4729 299 4780 6
325 4727 589 4796 δεσπότης
612 4728 707 4780 καὶ
734 4727 924 4798 Σωτὴρ
944 4727 1039 4779 τοῦ
1085 4725 1470 4794 εὐαγγελιστοῦ
1505 4726 1632 4798 περὶ
1655 4723 1849 4777 ἑαυτοῦ

278 4817 732 4888 μεμαρτύρηκεν;
776 4819 832 4870 ’0
873 4817 930 4868 δὲ
975 4816 1151 4870 πάντα
1203 4817 1420 4886 παρεὶς,
1468 4815 1626 4885 μόνον
1676 4815 1848 4881 Λόγον

275 4909 433 4962 αὐτὸν
458 4909 660 4980 κυρίως
689 4911 781 4962 καὶ
814 4908 1029 4980 ἀληθῶς
1060 4908 1326 4977 ὑπάρχειν
1366 4908 1519 4978 φησί.
1555 4908 1659 4959 Καὶ
1687 4923 1849 4976 προσ-

275 4999 505 5071 τίθησιν,
538 5001 613 5063 ὡς
639 5001 746 5070 ἀρα
783 5000 940 5071 μόνον
986 4999 1070 5069 εἴη
1101 4999 1291 5067 Λόγος.
1337 4998 1613 5050 Ἐντεῦθεν
1657 4997 1712 5050 δὲ
1743 5015 1836 5050 και

271 5093 532 5146 ταπίπτει
568 5094 662 5144 ἐπὶ
693 5093 790 5164 τὴν
828 5092 922 5146 τοῦ
950 5092 1288 5164 ἀνθρωπείου
1324 5092 1484 5159 λόγου
1530 5090 1841 5160 ὁμοιότητα.

1959 4733 2094 4789 tmn,
2131 4732 2185 4777 et
2210 4723 2357 4777 nullo
2383 4724 2487 4776 alio
2533 4723 2784 4786 nomine;
2817 4721 3069 4775 insistere
3097 4731 3275 4776 autem
3307 4721 3360 4775 in
3397 4737 3532 4776 voce

1959 4814 2071 4878 illa,
2116 4812 2364 4878 Verbum,
2407 4814 2549 4880 quod
2583 4813 2648 4866 de
2701 4813 2818 4881 ipso
2864 4813 3143 4882 usurpavit
3172 4812 3527 4882 owingclista,

1953 4913 2006 4959 et
2031 4913 2348 4960 constanter
2382 4902 2673 4967 aﬂirmare,
2706 4902 2845 4957 nihil
2893 4918 3018 4957 eum
3053 4917 3175 4958 esse
3209 4904 3353 4957 aliud
3393 4919 3531 4973 pra:-

1953 5008 2038 5051 ter
2083 4995 2336 5052 Verbum?
2362 4996 2476 5050 ltno
2500 5010 2650 5058 vero,
2681 4993 2876 5063 inquit,
2913 4993 3132 5065 proprie
3172 5003 3332 5061 atque
3361 4994 3529 5048 veris-

1958 5090 2092 5164 sime
2131 5089 2429 5144 erat-D'eus
2478 5087 2734 5153 Verbum,
2783 5101 2904 5140 nam
2945 5101 3048 5140 non
3085 5094 3201 5139 erat
3239 5084 3328 5138 ille
3363 5085 3524 5149 alius,

272 5191 359 5260 qui
393 5189 628 5246 Verbum
669 5191 842 5260 ipsum
887 5191 1042 5256 dixit,
1070 5191 1208 5244 ali-us
1245 5191 1335 5259 qui
1379 5190 1542 5244 Deum
1587 5188 1906 5256 nominavit,
1948 5189 2045 5246 sed.
2091 5188 2250 5255 idem
2283 5195 2444 5256 atque
2487 5197 2624 5239 unus
2673 5180 3003 5252 evangelista
3041 5197 3056 5236 :
3107 5181 3268 5234 simul
3301 5189 3355 5238 ct
3390 5180 3528 5235 Ver-

341 5331 399 5388 »Β
434 5323 531 5378 Ed.
565 5323 765 5385 Paris.,
799 5341 915 5393 pag.
947 5324 1046 5378 H7

337 5420 383 5451 '°
409 5418 564 5473 Joan.
592 5433 628 5480 i,
657 5418 711 5483 9,
745 5416 828 5470 Η.

273 5527 362 5585 καὶ
388 5532 478 5584 ἐπὶ
509 5530 616 5583 τῶν
644 5527 1058 5600 παραπλησίων,
1091 5529 1282 5582 ταύτὸν
1314 5529 1378 5583 ἄν
1417 5546 1497 5591 τις
1529 5527 1838 5600 δικαιότατα

274 5601 620 5669 προτείνειεν.
654 5597 823 5652 Μξ-
858 5597 996 5669 lnlra
1023 5600 1178 5669 vulgo
1204 5600 1404 5669 ἕγραχε
1425 5612 1471 5653 cl
1503 5597 1732 5658 τοίανδε.
1797 5625 1814 5641 κ

343 5671 450 5741 ((20)
479 5671 655 5741 Vulgo
688 5667 1018 5741 προστιθείς.

343 5740 450 5802 (2|)
477 5739 599 5793 Haec
624 5739 740 5792 om;
756 5740 912 5792 codd.

341 5811 450 5880 (22)
487 5809 650 5881 Vulgo
685 5810 908 5880 ταύτην,
936 5807 1037 5880 Mp.
1071 5810 1300 5864 ταύτων.

2019 5524 2130 5592 (9.5)
2168 5525 2494 5592 Ἐπιμενων
2509 5521 2690 5587 αὐτὸς
2715 5521 2962 5592 ἑαυτόν,
2985 5517 3187 5592 Dividc,
3227 5517 3365 5592 male
3392 5533 3525 5574 cun-

1943 5586 2150 5673 juncta,
2180 5586 2408 5673 ’μὲν
2437 5591 2512 5645 ὢν
2537 5586 2720 5673 αὐτός.
2741 5589 2826 5673 .Μ.
2860 5587 3069 5673 —.|S~ic
3096 5597 3146 5639 et
3181 5586 3364 5673 (Ξένῳ.)

2017 5656 2144 5741 βό)
2180 5656 2484 5741 ’λ’πᾷρχων
2529 5663 2692 5729 Θεός.
2739 5658 2877 5740 ἱέρεα
2907 5656 3143 5741 ¹ὑπῆρχε
3187 5656 3516 5741 Sede—blat-

1945 5726 2395 5856 ccllus'rttlt‘lh‘oe
2422 5736 2619 5798 dicere,
2649 5726 2852 5795 statim,
2907 5726 3157 5795 lcge,6:3t
3208 5727 3301 5783 τοῦ
3350 5727 3518 5798 εὐαγ-

1945 5817 2208 5856 γελιστου.
2240 5841 2251 5856 .
2295 5841 2304 5854 ε

1945 5817 2208 5874 γελιστου.
2240 5817 2304 5857 Μ,
