4082 6388
284 421 392 477 9ἰό-

1194 413 1281 466 DE
1324 410 1860 466 ECCLESIASTICA
1905 410 2299 465 TIII‘IOLOGIA
2338 410 2468 464 LIB.
2511 410 2575 466 II.

3427 418 3540 471 956-

285 539 463 598 κελλος
496 534 594 604 τὴν
629 531 925 584 ὑπόστασιν
955 528 1048 583 τοῦ
1093 528 1413 599 μονογενοῦς
1447 529 1578 580 Υἰοῦ
1604 529 1696 580 τοῦ
1719 528 1851 580 Θεοῦ

1957 538 2100 590 sunt,
2149 536 2197 579 et
2246 527 2516 595 sinejpso
2575 527 2777 594 factum
2830 537 2908 580 est
2953 527 3086 580 nihil
3129 530 3196 581 ".
3245 527 3302 582 In
3357 543 3531 598 eoque

286 628 536 699 ἀναιρῶν,
566 625 655 676 τὸν
688 622 829 674 θεῖον
855 618 1245 689 εύαγγελιστὴν
1273 619 1370 688 τῆς
1402 618 1595 671 ἑαυτοῦ
1624 619 1850 671 κακοδο-

287 722 400 787 ξίας
449 715 799 788 μαρτύρεται,
834 714 910 777 ώς
950 712 1103 766 οὐδὲν
1136 712 1323 780 ἕτερον
1363 711 1522 762 αὑτὸν
1555 710 1854 778 ἐπιστάμε-

287 829 371 865 νον
399 810 430 878 ἢ
455 809 646 874 Λόγον,
687 806 816 858 ποτὲ
849 806 945 874 μὲν
975 800 1322 872 ἐνεργοῦντα,
1341 801 1527 854 ἄλλοτε
1557 800 1613 852 δὲ
1648 798 1852 869 ἡσυχά-

286 902 438 966 ζοντα
459 900 516 950 ὲν
538 897 614 967 τῷ
647 897 787 966 Θεῷ,
818 895 912 948 καὶ
937 893 1095 947 οὐδὲν
1126 893 1310 962 ἕτερον
1333 891 1461 944 ὄντα
1493 891 1526 960 ἦ
1565 890 1723 942 αὐτὸν
1763 889 1852 940 τὸν

285 993 431 1044 Θεόν.

1954 619 2172 680 dicitur,
2227 627 2279 670 ct
2333 617 2473 670 Deus
2523 626 2634 670 erat
2681 615 2923 680 Verbum,
2964 634 3067 670 non
3115 619 3310 673 dividit
3353 619 3529 673 deita-
3613 627 3622 632 ’

1952 718 2076 772 tem,
2133 708 2388 775 quoniam
2433 707 2484 758 in
2540 705 2660 774 ipso
2709 717 2828 759 erat
2869 707 3130 769 Verbum,
3169 716 3226 760 et
3270 707 3386 775 ipse
3411 718 3531 761 erat

1951 799 2004 850 in
2061 797 2254 852 Verbo.
2308 797 2374 850 In
2433 813 2511 849 me
2555 799 2715 860 enim,
2770 798 2968 867 inquit,
3007 798 3188 862 Pater,
3238 809 3285 852 et
3333 815 3425 868 ego
3474 799 3529 852 in

1957 887 2117 942 Patre
2165 889 2232 942 9’.
2288 887 2575 942 lllarcellus
2626 905 2720 957 per
2770 890 2882 944 lucc
2932 899 3006 942 tot
3056 898 3110 942 et
3165 898 3312 942 lanla
3357 871 3530 943 subsi-

1957 980 2209 1032 stentiam
2278 977 2538 1046 unigeniti
2611 978 2702 1033 Dei
2753 978 2872 1032 Filii
2930 979 3121 1033 tollens
3170 989 3361 1034 testem
3417 994 3541 1032 sna:-

288 1079 544 1136 lttereticm
596 1092 881 1148 pravzeque
943 1074 1219 1144 Opinionis
1276 1075 1406 1126 citat
1459 1075 1877 1138 evangelistam,
1923 1071 2074 1139 quasi
2129 1070 2266 1124 nihil
2331 1071 2476 1122 aliud
2507 1071 2595 1124 ille
2627 1073 2888 1125 voluisset
2929 1073 3174 1141 intelligi,
3203 1090 3362 1141 quam
3401 1075 3529 1129 Ver-

286 1175 426 1235 bum,
485 1184 629 1222 nunc
692 1167 1058 1236 operativum,
1103 1165 1390 1230 quiescens
1425 1165 1560 1217 alias
1604 1163 1657 1215 in
1717 1164 1843 1226 Deo,
1885 1178 1981 1215 nec
2010 1161 2302 1231 quidquam
2338 1161 2480 1214 aliud
2508 1161 2780 1216 exsisteus
2809 1178 2968 1229 quam
3000 1164 3188 1218 Deum.

917 1258 1073 1309 ΚΕΦ.
1104 1257 1202 1307 IB'.

286 1353 407 1404 Ὀτι
449 1348 559 1417 μὴ,
605 1349 702 1417 ὡς
729 1346 922 1417 ἐδόκει
962 1342 1312 1417 Μαρκέλλῳ,
1338 1346 1385 1417 Δό
1421 1342 1853 1417 εξνςιγγελιστὴς

429 1413 548 1484 ἑὴν
578 1415 708 1482 περὶ
744 1415 847 1467 τοῦ
887 1415 1079 1481 Λόγου
1109 1414 1425 1480 θεολογίαν
1452 1413 1708 1476 ἐξέθετο.

349 1509 540 1562 Καίτοι
571 1509 598 1559 6
630 1507 803 1576 μέγας
837 1504 1245 1572 εὐαγγελιστὴς,
1285 1503 1399 1572 ἄμα
1447 1504 1539 1556 καὶ
1583 1503 1851 1572 θεολόγος,

282 1601 454 1671 τρίτον
485 1598 544 1648 ὲν
574 1595 752 1664 ταύτῷ
783 1593 1159 1665 μνημονεύσας
1197 1593 1291 1644 τοῦ
1327 1593 1497 1660 Λόγου
1524 1633 1538 1656 ,
1569 1593 1675 1644 οὐδ’
1707 1592 1852 1658 ἅπαξ

281 1689 491 1759 εἴρηκεν
521 1684 682 1736 αὐτὸν
713 1684 844 1736 Θεοῦ
871 1684 1060 1750 Λόγον.
1093 1683 1166 1734 Οὐ
1203 1682 1311 1751 γὰρ
1342 1677 1514 1743 εἶπεν,
1562 1684 1657 1733 Ἐν
1691 1679 1850 1749 ἀρχῇ

2581 1253 2733 1307 CAP.
2788 1253 2901 1306 XII.

1958 1345 2108 1409 Quod
2135 1361 2258 1408 non,
2303 1354 2356 1395 ut
2384 1342 2630 1414 Marcello
2653 1343 2940 1406 videbatur,
2961 1344 3276 1414 theologiam
3297 1345 3362 1399 de
3381 1343 3532 1400 Filio

2404 1413 2726 1480 evangelista
2789 1417 3077 1482 proposuit.

2026 1504 2248 1574 Magnus
2271 1503 2548 1557 enimvero
2583 1504 2910 1573 evangelista
2946 1504 3105 1558 simul
3138 1513 3190 1557 et
3226 1505 3526 1573 theologus,

1958 1605 2039 1649 ter
2065 1611 2187 1648 cum
2222 1594 2382 1648 Verbi
2412 1595 2742 1648 mentionem
2775 1595 2952 1648 hocin
2995 1595 3112 1649 loco
3142 1595 3327 1660 faciat,
3361 1612 3426 1649 ne
3453 1613 3530 1649 sc-

1961 1686 2061 1740 mel
2089 1685 2306 1754 quidem
2352 1684 2584 1753 appellat
2618 1700 2738 1737 eum
2771 1685 2862 1737 Dci
2905 1686 3166 1739 Verbum.
3196 1685 3312 1739 Non
3347 1687 3532 1754 utique

278 1778 352 1849 ἦν
373 1782 404 1832 ό
433 1777 542 1830 τοῦ
567 1777 712 1830 Θεοῦ
749 1779 936 1845 Λόγος
962 1793 974 1805 ·
1008 1775 1124 1828 ἀλλ’
1151 1775 1436 1844 ἀορίστως,
1477 1775 1573 1825 Ἐν
1596 1772 1753 1842 ἀρχῇ
1778 1770 1854 1842 ἦν

1957 1777 2113 1838 dixit,
2150 1775 2214 1828 In
2251 1775 2502 1843 principio
2529 1787 2640 1828 erat
2676 1773 2894 1827 Verbum
2920 1776 3014 1828 Dei
3041 1791 3060 1829 :
3088 1778 3180 1830 sed
3214 1785 3420 1830 tantum
3448 1777 3533 1828 iu-

281 1869 309 1918 ό
338 1866 547 1933 Λόγος·
580 1867 712 1934 ἡμῖν
745 1863 1053 1916 καταλιπὼν
1099 1865 1276 1932 ζητεῖν
1302 1865 1482 1925 ὁποῖος
1510 1858 1577 1932 ἦν
1611 1863 1638 1913 6
1663 1863 1849 1929 Λόγος.

282 1954 380 2007 Kal
406 1952 598 2017 πάλιν,
631 1954 726 2006 καὶ
770 1957 802 2006 ό
838 1956 1028 2021 Λόγος
1054 1950 1132 2022 ἦν
1157 1953 1304 2020 πρὸς
1345 1953 1450 2005 τὸν
1491 1953 1659 2014 Θεὸν,
1710 1949 1853 2013 εἷπε,

278 2045 572 2114 δυνάμενος
598 2045 792 2107 εἰπεῖν,
827 2045 923 2096 καὶ
959 2048 990 2097 ό
1019 2047 1208 2112 Λόγος
1245 2045 1350 2095 τοῦ
1379 2042 1525 2096 Θεοῦ
1563 2040 1639 2111 ἦν
1665 2044 1731 2094 ἐν
1749 2041 1854 2106 ’τῷ

280 2120 414 2198 Θεῖῤ-
444 2134 604 2196 ἀλλὰ,
639 2134 737 2186 καὶ
769 2134 911 2199 Θεὸς
937 2131 1014 2203 ἦν
1041 2138 1072 2186 ό
1090 2136 1298 2202 Λόγος,
1323 2135 1464 2202 οὐχὶ,
1485 2134 1578 2184 καὶ
1605 2133 1751 2185 Θεοῦ
1776 2127 1856 2200 ἦν

276 2227 302 2276 6
321 2225 530 2291 Λόγος,
552 2223 674 2294 ἔφη,
712 2225 796 2276 ἵνα
822 2224 894 2294 μὴ
911 2224 1003 2276 τοῦ
1017 2223 1148 2275 Θεοῦ
1177 2222 1455 2292 ἐνέργειάν
1476 2240 1615 2286 τινα,
1649 2238 1713 2291 σῃ
1724 2239 1854 2291 μαν-

275 2319 428 2386 τικήν
459 2333 610 2380 τινος
651 2317 684 2386 ἢ
740 2317 1026 2386 ποιητικὴν
1071 2312 1207 2367 εἶναι
1259 2315 1420 2368 αὑτὸν
1466 2314 1848 2382 ὑπολάϐοιμεν.

286 2411 342 2462 Ὀ
370 2408 432 2478 δὴ
468 2406 809 2477 Μάρκελλος,
837 2404 1039 2474 οἰηθεὶς
1066 2405 1230 2458 ἀΐδιον
1253 2401 1391 2456 εἶναι
1414 2404 1574 2456 αὑτὸν
1600 2404 1690 2455 τοῦ
1717 2405 1852 2456 Θεοῦ

276 2501 461 2568 Λόγον,
521 2497 664 2549 τοῦτ’
705 2497 854 2548 ἐστιν
905 2495 1233 2562 ἀγέννητον,
1281 2493 1538 2554 πολλάκις
1594 2493 1851 2563 ὡρίσατο,

276 2590 333 2642 ού
366 2586 627 2658 συνορῶν,
680 2587 782 2648 ὅτι,
819 2585 866 2636 εἰ
919 2584 1014 2652 μὲν
1060 2583 1243 2650 ἕτερον
1282 2581 1373 2633 τοῦ
1403 2582 1536 2634 Θεοῦ
1566 2583 1654 2633 τὸν
1685 2583 1852 2650 Λόγον

277 2679 494 2747 φάσκει,
524 2677 615 2729 δύο
646 2675 796 2728 ἔσται
822 2674 987 2737 ἀΐδια,
1014 2675 1041 2724 6
1068 2672 1238 2739 Λόγος
1273 2673 1364 2724 καὶ
1399 2674 1426 2723 6
1455 2672 1606 2735 Θεὸς,
1638 2675 1732 2724 καὶ
1755 2674 1854 2724 οὐκ

275 2769 346 2821 ἔτ’
376 2769 528 2820 ἔσται
563 2766 702 2837 ἀρχὴ
737 2765 832 2834 μία
857 2783 869 2794 ·
921 2767 966 2816 εἰ
1000 2764 1056 2816 δὲ
1089 2764 1146 2817 ἓν
1173 2762 1380 2830 λέγοιτο
1419 2762 1605 2825 ἀΐδιον,
1639 2762 1726 2814 τὸν
1753 2764 1851 2814 αῦ-

273 2858 361 2913 τόν
398 2859 714 2928 ὁριζόμενος
752 2851 887 2907 εἶναι
914 2856 1002 2907 τὸν
1025 2853 1158 2907 Θεὸν
1207 2853 1286 2923 τῷ
1315 2854 1492 2921 Λόγῳ,
1527 2854 1730 2922 γυμνὸν
1763 2853 1853 2905 τὸν

274 2950 558 3003 Σαὸέλλιον
593 2948 936 3020 ὁμολογήσει,
964 2947 1258 3015 υἱοπάτορα
1291 2945 1382 2996 τὸν
1410 2944 1525 3006 ἕνα,
1555 2945 1674 2997 κατ’
1693 2944 1852 2997 αὑτὸν

273 3043 497 3102 ἐκεῖνον,
541 3040 797 3107 εἰσάγων.
843 3039 1034 3090 Ἔσται
1062 3032 1154 3090 οὖν
1198 3038 1225 3087 6
1255 3035 1439 3105 Πατὴρ
1470 3034 1616 3104 αὐτῷ
1659 3052 1851 3105 γεννη-

271 3129 384 3194 Bal;
420 3132 515 3184 καὶ
555 3104 892 3200 (δη-παθὼν
939 3130 1030 3181 καὶ
1077 3127 1251 3191 αὐτὸς,
1288 3104 1438 3178 ἔσται
1488 3127 1516 3177 6
1566 3104 1854 3196 εὐχόμενος
1881 3104 1923 3160 C

271 3215 482 3289 ἑαυτῷ,
519 3220 614 3272 καὶ
647 3217 980 3270 ἀπεστάλθαι
1009 3217 1180 3283 λέγων
1227 3215 1315 3283 ὑφ’
1347 3213 1568 3276 ἑαυτοῦ,
1604 3215 1695 3266 καὶ
1728 3216 1854 3269 Υἰὸν

269 3311 487 3373 ἑαυτοῦ,
514 3309 605 3362 καὶ
635 3308 918 3378 μονογενῆ,
945 3309 1044 3358 οὐκ
1070 3305 1438 3375 ἐπαληθεύων,
1471 3307 1565 3356 σὺν
1601 3307 1855 3376 εἰρωνείᾳ

265 3401 324 3456 ἢ
370 3401 858 3470 καταψευδόμενος.
910 3400 1017 3451 Kal
1059 3397 1143 3460 τίς
1188 3397 1252 3449 ἂν
1293 3399 1478 3467 ἔτερος
1516 3395 1706 3448 τούτου
1745 3396 1853 3462 (5‘2)

267 3492 690 3561 δυσσεϐέστερος
733 3489 928 3556 γένοιτ’
972 3488 1036 3541 ἂν
1084 3487 1275 3554 λόγος
1338 3487 1497 3538 ’Λλλὲι
1541 3486 1649 3557 γὰρ
1697 3488 1856 3556 ἡμεῖς

271 3582 404 3653 φέρε
441 3581 656 3650 ἴδωμεν,
702 3580 883 3630 ὁποῖον
924 3581 1052 3648 ἡμῖν
1080 3579 1106 3629 6
1135 3575 1523 3644 εῦοιγγελιστὴς
1552 3575 1720 3654 Λόγον
1769 3576 1856 3627 εύ-

271 3672 637 3739 αγγελιζεται,
686 3669 941 3739 φάσκων·
989 3668 1092 3720 Ἐν
1125 3664 1283 3734 ἀρχῇ
1327 3662 1404 3734 ἦν
1442 3668 1474 3717 ό
1502 3667 1723 3736 Λόγος,
1759 3665 1855 3721 καὶ

272 3765 306 3817 ὁ
325 3764 518 3832 Λόγος
547 3758 626 3831 ἦν
655 3761 803 3828 πρὸς
828 3764 934 3813 τὸν
960 3759 1126 3819 Θεὸν,
1154 3758 1252 3811 καὶ
1274 3757 1418 3820 Θεὸς
1438 3753 1516 3826 ἦν
1541 3761 1572 3810 ό
1589 3760 1796 3825 Λόγος.

1957 1865 2199 1928 deﬁnite,
2227 1864 2291 1918 In
2318 1865 2582 1934 principio
2614 1876 2724 1918 erat
2757 1863 2979 1918 Verbum
3004 1866 3070 1920 “.
3109 1865 3278 1921 Nobis
3317 1866 3536 1935 reliquit

1957 1958 2260 2025 disquirere
2287 1957 2586 2023 cujusmodi
2628 1957 2754 2010 illud
2776 1967 2893 2008 erat
2923 1955 3178 2011 Verbum.
3215 1956 3424 2012 Rursus
3447 1958 3533 2011 ubi

1956 2048 2112 2110 dixit,
2143 2055 2189 2098 et
2224 2044 2450 2099 Verbum
2477 2056 2589 2098 erat
2615 2047 2756 2112 apud
2795 2045 2956 2098 Deum
2984 2047 3029 2078 °'
3063 2089 3077 2113 ,
3108 2047 3280 2114 potuit
3309 2047 3536 2112 dixisse,

1955 2148 2001 2191 et
2044 2136 2268 2190 Verbum
2317 2135 2413 2189 Dei
2465 2149 2576 2189 erat
2619 2137 2762 2204 apud
2787 2137 2990 2202 Deum;
3022 2138 3136 2201 sed,
3165 2148 3211 2192 et
3257 2138 3418 2205 Deus,
3457 2142 3539 2192 in-

1955 2231 2092 2298 quit,
2121 2240 2231 2282 erat
2263 2226 2486 2281 Verbum
2503 2227 2580 2292 ";
2606 2243 2734 2286 non,
2766 2237 2821 2280 et
2852 2225 3074 2280 Verbum
3103 2229 3194 2280 Dei
3230 2238 3344 2282 erat
3371 2229 3534 2292 Deus,

1957 2331 2022 2370 ne
2066 2333 2161 2370 nos
2221 2317 2656 2370 exlstimaremus
2695 2316 2926 2370 Verbum
2963 2317 3087 2368 illud
3124 2316 3241 2382 Dei,
3267 2319 3540 2386 operatio-

1957 2409 2037 2461 nis
2067 2409 2482 2479 signil‘tcativum
2514 2421 2652 2462 esse.
2698 2408 2802 2462 Sed
2842 2409 3158 2472 Mareellus,
3187 2425 3310 2464 cum
3343 2411 3535 2479 opina-

1958 2509 2106 2552 retur
2141 2511 2402 2552 :eternum
2427 2512 2545 2551 esse
2569 2498 2743 2567 ipsum
2777 2499 2867 2552 Dei
2907 2500 3165 2562 Verbum,
3199 2501 3301 2554 hoc
3334 2511 3418 2556 est
3446 2501 3536 2554 iu-

1955 2589 2217 2657 genitum,
2249 2589 2321 2642 ita
2353 2604 2574 2657 prorsus
2607 2603 2728 2642 eum
2761 2590 3003 2644 deﬁnivit
3035 2609 3048 2644 :
3085 2591 3309 2644 minime
3341 2593 3537 2645 adver—

1957 2687 2097 2742 tens,
2128 2679 2267 2747 quod
2291 2679 2335 2732 si
2378 2679 2608 2732 Verbum
2637 2680 2906 2734 diversum
2939 2681 3065 2749 quid
3110 2697 3136 2733 a
3177 2680 3284 2735 Deo
3314 2690 3536 2742 statuat,

1956 2771 2060 2824 duo
2091 2769 2272 2824 futura
2319 2771 2429 2824 sint
2459 2779 2664 2823 artcrna
2697 2788 2710 2822 :
2750 2770 2849 2823 hoc
2897 2782 2980 2824 est
3017 2771 3154 2824 Deus
3177 2781 3228 2822 et
3256 2772 3488 2826 Verbum
3521 2789 3538 2834 ;

1957 2874 2056 2913 nec
2091 2860 2417 2928 principium
2465 2860 2566 2913 hoc
2604 2871 2759 2928 pacto
2790 2869 3062 2914 statuetur
3096 2861 3336 2914 unicum.
3385 2863 3538 2927 Quod

1955 2953 1998 3006 si
2031 2951 2250 3005 unicum
2281 2952 2495 3006 dicatur
2523 2962 2806 3015 aeternum,
2831 2961 2991 3020 atque
3022 2953 3152 3007 illud
3197 2954 3370 3023 ipsum
3403 2953 3539 3006 deﬁ-

1958 3044 2070 3096 niat
2100 3058 2218 3098 esse
2246 3043 2413 3097 Deum
2447 3059 2565 3098 cum
2593 3059 2689 3097 suo
2722 3043 2921 3107 Verbo,
2954 3044 3156 3097 nudum
3195 3059 3420 3114 prorsus
3444 3041 3546 3096 Sa-

1963 3133 2184 3188 bellium
2232 3135 2577 3190 confitebitur
2610 3153 2687 3200 se,
2716 3137 2831 3206 qui,
2863 3147 2919 3189 ut
2957 3136 3040 3188 ίΙιιτ
3074 3136 3224 3202 fecit,
3255 3151 3418 3189 unum
3450 3133 3512 3188 Fi
3541 3171 3544 3174 λ

1964 3224 2034 3277 lio
2089 3224 2302 3278 Patrem
2342 3238 2397 3278 et
2449 3228 2667 3280 unicum
2720 3229 3004 3280 conﬂuxit.
3057 3227 3364 3280 Secundum
3412 3215 3552 3296 ergo

1963 3315 2158 3381 ipsum,
2189 3316 2294 3368 erit
2332 3316 2482 3370 Patet
2542 3319 2773 3385 genitus,
2815 3330 2868 3370 et
2909 3331 3102 3386 passus
3135 3333 3148 3368 :
3184 3317 3304 3384 ipse
3337 3325 3545 3370 semet-

1966 3403 2068 3471 ipsi
2103 3405 2408 3458 orationem
2453 3405 2638 3459 fundet
2678 3423 2690 3456 :
2725 3407 2948 3460 missum
2997 3420 3055 3460 se
3097 3406 3355 3459 fatebitur
3387 3420 3416 3457 a
3451 3419 3554 3476 se-~

1967 3495 2218 3563 metipso,
2241 3505 2294 3549 et
2318 3495 2511 3550 Filium
2545 3498 2624 3551 sui
2660 3498 2828 3566 ipsius
2858 3522 2868 3553 ;
2899 3508 3064 3567 atque
3095 3499 3170 3552 ita
3206 3496 3542 3552 sitnulatoric

1965 3597 2023 3636 se
2053 3598 2157 3637 non
2191 3600 2400 3653 revera,
2435 3589 2529 3641 sed
2571 3589 2848 3653 mentitus,
2894 3588 3150 3642 fatebitur
3181 3587 3542 3656 unigenitum.

1964 3671 2103 3738 Quid
2128 3674 2231 3730 ltoc
2262 3691 2513 3732 sermone
2537 3678 2706 3746 magis
2737 3679 2958 3748 impium
2983 3679 3275 3748 excogitari
3307 3678 3542 3748 poterit?

1963 3760 2070 3816 Nos
2099 3773 2297 3830 autem,
2341 3782 2458 3837 age,
2488 3770 2898 3822 consideremus
2933 3775 2992 3832 »Β
3035 3768 3192 3836 quale
3229 3768 3382 3821 nobis
3407 3765 3545 3820 νει-σ-

274 3855 397 3911 bum
433 3855 762 3924 evangelista
810 3853 1074 3917 enuntiet,
1101 3853 1187 3906 ubi
1224 3853 1479 3921 loquitur,
1502 3851 1567 3905 In
1592 3851 1862 3921 iprim'ipio
1900 3867 2010 3908 erat
2060 3857 2302 3925 Verbum,
2363 3873 2408 3915 et
2457 3861 2681 3915 Verbum
2731 3861 2840 3916 erat
2881 3865 3021 3932 apud
3057 3863 3240 3926 Deum,
3279 3869 3328 3914 et
3399 3859 3541 3918 De"

273 3963 382 4002 erat
429 3951 670 4003 Verbum.

313 4042 326 4050 ’
920 4043 1076 4094 ΚΕΦ.
1119 4041 1218 4092 1Γ’.

307 4137 598 4208 Ποσαχώς
631 4137 695 4189 τὸ
737 4137 1192 4208 σημαινόμενοτς
1220 4134 1286 4186 ἐκ
1332 4133 1439 4200 τῆς
1475 4131 1580 4184 τοῦ
1625 4134 1820 4201 Λόγου

826 4204 1032 4274 φωνῆς
1064 4203 1304 4256 νοεῖται.

336 4293 417 4348 ,Ἦ
449 4294 547 4365 μὲν
579 4289 673 4346 οῦν
718 4293 807 4344 τὸν
836 4292 992 4359 λόγον
1015 4291 1250 4360 δηλοῦσα
1299 4290 1461 4356 λέξις,
1497 4289 1561 4341 δι’
1610 4289 1850 4359 Έλληνι-

274 4383 375 4451 κῆς
421 4384 668 4454 γλώττης
707 4383 1174 4455 προενηνεγμένη,
1220 4381 1529 4450 πολύσημον
1561 4381 1851 4433 ὑποϐάλλει

2565 4047 2716 4102 CAP.
2781 4047 2918 4102 XIII.

1954 4157 2096 4223 Quot
2123 4161 2291 4214 modis
2319 4159 2669 4229 intelligatur.
2697 4163 2834 4228 quod
2864 4177 2984 4215 voce
3014 4160 3166 4214 Verbi
3189 4161 3540 4232 signiﬁcatur.

2041 4290 2151 4344 Vox
2204 4293 2288 4345 illa
2327 4291 2523 4359 λόγος,
2567 4292 2752 4347 Graeca
2797 4303 2946 4346 certe
2995 4293 3172 4360 lingua
3212 4291 3254 4345 si
3299 4291 3540 4359 profera-

1952 4392 2058 4444 tur,
2095 4383 2298 4435 variam
2340 4399 2369 4436 a
2411 4397 2468 4435 se
2512 4384 2817 4450 suppeditat
2861 4383 3336 4450 signiﬁcationem.
3367 4382 3546 4437 Voca-

273 4475 369 4544 τῆν
389 4475 448 4539 ἐξ
463 4477 633 4546 αὐτῆς
655 4474 907 4544 θεωρίαν.
939 4472 985 4526 α’
1004 4475 1144 4542 (55)·
1160 4473 1433 4541 Κέκληται
1466 4472 1573 4542 γὰρ
1599 4472 1672 4544 [6]
1692 4473 1846 4541 λόγος

1957 4485 2036 4526 tur
2067 4473 2234 4544 logos,
2271 4474 2320 4526 id
2360 4475 2504 4542 quod
2554 4475 2861 4543 disponitur
2917 4477 2968 4529 in
3013 4476 3194 4528 anima
3229 4476 3476 4530 rationali
3519 4491 3542 4527 :.

275 4566 364 4616 καὶ
388 4569 416 4619 6
450 4568 508 4619 ὲν
537 4569 602 4636 τῇ
625 4565 814 4635 λογικῇ
845 4565 990 4634 ψυχῇ
1044 4563 1539 4634 καταϐεϐλημένος,
1573 4563 1694 4617 καθ’
1713 4563 1770 4615 ὃν
1797 4564 1856 4616 τὸ

273 4650 579 4721 λογίζεσθαι
605 4659 735 4725 ἡμῖν
769 4656 1018 4725 πάρεστι.
1047 4654 1112 4723 β’.
1134 4656 1242 4706 Kal
1259 4655 1408 4723 παρὰ
1436 4653 1622 4705 τοῦτον
1645 4654 1852 4724 ἕτερος,

271 4742 300 4792 ὁ
349 4745 438 4798 διὰ
485 4747 730 4817 γλώττης
785 4748 878 4799 καὶ
930 4747 1116 4815 φωνῆς
1159 4746 1423 4817 ἐνάρθρου
1461 4747 1740 4816 σημαίνων
1780 4763 1852 4798 τι.

273 4840 337 4896 γ’.
377 4839 486 4890 Καὶ
524 4838 663 4890 κατὰ
691 4839 867 4908 τρίτον
900 4837 1122 4907 τρόπον,
1160 4841 1186 4889 6
1219 4837 1307 4890 διὰ
1345 4839 1560 4908 γραφῆς
1596 4837 1673 4906 τῷ
1718 4853 1842 4906 γραο

274 4929 362 4992 φεῖ
382 4929 828 5000 συντεταγμένος.
857 4930 918 4981 δ’.
947 4929 1082 4998 Ἤδη
1113 4929 1166 4981 δὲ
1196 4929 1350 4996 λόγον
1378 4928 1648 4998 εἰώθαμεν
1675 4928 1857 4981 καλεῖν

274 5016 365 5067 καὶ
393 5019 486 5071 τόν
513 5021 886 5091 σπερματικὸν
926 5022 957 5090 ἢ
999 5020 1244 5089 φυτικὸν,
1292 5021 1414 5072 καθ’
1446 5020 1503 5072 ὃν
1531 5019 1758 5090 δυνάμει
1790 5018 1858 5072 τά

277 5105 501 5175 μηδέπω
543 5111 716 5178 φύντα
744 5112 1088 5164 ὲναπόκειται
1117 5113 1229 5173 τοῖς
1261 5110 1536 5180 σπέρμασι
1573 5111 1854 5179 μέλλοντα,

273 5192 392 5249 ὅσον
422 5199 574 5253 οὔπω
613 5201 712 5271 τῆς
753 5203 1032 5273 ἐνεργείας
1073 5204 1152 5265 εἰς
1195 5200 1310 5270 φῶς
1359 5201 1626 5273 προϊέναι.
1663 5208 1722 5254 ε’.
1751 5203 1858 5255 Καὶ

278 5288 421 5356 παρὰ
466 5291 639 5346 ταῦτα
701 5293 902 5363 ἑτέρως
955 5292 1208 5345 εἰώθασιν
1241 5290 1524 5361 ὀνομάζειν
1571 5291 1726 5359 λόγον
1764 5293 1854 5344 τὸν

276 5371 686 5452 ἐπιστημονικὸν
732 5383 925 5453 τέχνης
962 5382 1164 5452 τινὸςῆ
1202 5382 1537 5451 ἐπιστήμης,
1587 5381 1680 5433 καὶ
1720 5381 1852 5433 πάν-

349 5517 406 5574 ’14
442 5517 537 5571 Ed.
581 5516 780 5581 Paris,
817 5535 935 5588 pag.
983 5519 1100 5573 I20.

341 5603 386 5635 ”
412 5607 540 5662 ibid.
573 5609 626 5663 5.
701 5611 747 5640 ⁸³
775 5610 927 5664 Joan.
960 5626 1069 5674 xlv,
1106 5613 1187 5664 Η).
1266 5612 1307 5641 ⁹”
1333 5609 1486 5664 Joan.
1526 5625 1565 5672 t,
1599 5611 1647 5662 I.

491 5744 658 5816 Vulgo
689 5747 931 5815 πάσχων.

347 5811 456 5886 (13:!)
486 5811 648 5884 Vulgo
677 5811 870 5884 γένοιτ’
904 5817 967 5869 ἂν
999 5815 1214 5869 δυσσεϐ.

1955 4567 2095 4620 unde
2143 4567 2408 4637 contingit
2466 4565 2807 4620 ratiocinari.
2847 4566 2937 4619 Est
2981 4575 3034 4620 et
3081 4567 3231 4634 logos
3275 4568 3544 4629 secundo,

1953 4657 2092 4725 quod
2124 4656 2396 4725 significat
2439 4654 2666 4723 aliquid,
2697 4671 2791 4724 per
2819 4655 3053 4724 linguam
3093 4664 3147 4707 et
3196 4669 3380 4709 vocem
3411 4657 3542 4708 arti-

1954 4746 2208 4799 culalam.
2229 4745 2438 4810 Tertio,
2467 4746 2609 4814 quod
2656 4745 2978 4812 descripsit,
3004 4754 3058 4799 et
3087 4745 3375 4799 scribendo
3402 4748 3544 4800 εστὶ-ι

1957 4844 2075 4902 ptor
2101 4833 2373 4902 deposuit.
2403 4833 2650 4888 Solemus
2689 4842 2742 4887 el
2771 4833 2931 4901 logon
2975 4833 3246 4902 appellare
3296 4834 3534 4888 semina-

1955 4925 2056 4978 lem
2080 4935 2134 4978 et
2184 4934 2498 4979 nascentem
2549 4924 2885 4980 facultatem.
2920 4925 3225 4979 Secundum
3259 4940 3418 4994 quem
3450 4926 3535 4979 di-

1956 5029 2150 5072 cuntur
2187 5026 2453 5086 potestate
2495 5031 2640 5080 esse.
2676 5018 2730 5070 iu
2757 5017 3064 5071 seminibus
3097 5017 3208 5080 illa,
3244 5031 3365 5085 quae
3399 5031 3536 5068 non--

1955 5109 2080 5161 dum
2105 5117 2260 5162 enata
2307 5117 2456 5171 sunt,
2483 5109 2578 5162 sed
2618 5108 2874 5177 deinceps
2925 5117 3048 5162 actu
3092 5108 3370 5176 proditura
3409 5116 3539 5160 sunt

1956 5202 2010 5254 in
2050 5200 2241 5254 lucem.
2275 5201 2462 5254 Adhuc
2489 5211 2542 5256 et
2573 5200 2679 5252 alin
2703 5201 2887 5263 modo,
2915 5199 3153 5254 solemus
3189 5199 3343 5268 logon
3379 5213 3532 5251 usur-

1957 5307 2110 5358 pare,
2169 5308 2263 5361 pro
2308 5293 2634 5347 intellectiva
2685 5294 2820 5347 artis
2873 5293 3100 5358 alicujus
3150 5301 3241 5344 aut
3293 5291 3535 5345 scientia:

1962 5382 2244 5444 facultate,
2268 5385 2515 5452 quodque
2539 5385 2783 5438 omnium
2809 5394 2870 5438 et
2909 5385 3243 5450 singulorum
3272 5381 3517 5436 istiusmo

1725 5609 1769 5639 ³⁵
1799 5608 1926 5663 ibid.
2000 5607 2197 5671 "ibid.

2017 5746 2125 5811 (5‘5)
2159 5745 2248 5798 Sic
2283 5746 2584 5813 codd.,.qui
2629 5742 2742 5813 mu.
2798 5758 3024 5812 sequens
3067 5743 3119 5805 6,
3157 5741 3242 5795 hic
3286 5748 3345 5796 et
3390 5738 3538 5796 ἰιιῖω

1947 5817 2146 5871 atltlttnt
2175 5830 2428 5868 numctos
2459 5812 2660 5867 omisn
2687 5812 2724 5863 δ’
