4082 6370
373 352 478 414 9'29

1322 351 1418 420 DE,
1443 351 1982 409 ECCLESIASTICA
2019 351 2410 412 THEOLOGIA
2461 355 2586 415 LIB.
2628 359 2693 416 ll.

3543 374 3647 434 S30

371 463 462 516 τὸν
494 461 648 526 Θεὸν,
684 462 778 514 καὶ
803 461 943 527 νοῦν,
976 462 1070 518 καὶ⁵
1105 464 1281 532 λόγον,
1309 467 1403 518 καὶ
1430 465 1644 533 σοφίαν,
1669 466 1764 517 xui.
1789 466 1933 536 ζωὴν

2063 467 2340 536 mi.llujns
2385 480 2564 525 autem
2598 470 2793 525 Filium
2849 473 3206 543 unigenitum,
3256 480 3423 536 veluti
3472 485 3648 545 Patris

370 555 465 608 καὶ
497 554 613 623 φῶς
662 550 821 619 εἶναι,
865 552 1030 610 αὐτοῦ
1076 575 1133 611 τε
1179 556 1272 610 τοῦ
1317 557 1482 611 καλοῦ
1513 558 1606 609 καὶ
1639 556 1845 625 ἀγαθοῦ
1878 560 1959 610 ει-

283 677 286 680 -
370 644 530 695 κόνα·
567 643 669 696 οὐκ
695 639 856 697 αὐτὸν
883 644 1012 699 ὄντα
1038 645 1128 698 τὸν
1161 646 1401 716 Πατέρα,
1436 647 1571 700 ἀλλά
1604 647 1694 699 τὸν
1726 647 1819 699 τοῦ
1844 647 1957 699 Πα-

370 733 498 802 τρὸς
534 735 794 805 μονογενῆ
829 735 958 787 Υἱόν
983 753 998 764 ο
1031 736 1137 788 οὐδ’
1159 736 1319 788 αὑτὸν
1364 737 1493 788 ὄντα
1528 737 1619 788 τὸν
1663 737 1959 805 ἀγέννητον

363 824 462 889 καὶ.
494 824 750 894 ἄναρχον,
796 825 930 879 ἀλλά
978 827 1069 879 τὸν
1114 827 1172 893 ἐξ
1225 828 1390 880 αὐτοῦ
1435 829 1606 896 φύντα
1653 830 1748 881 καὶ
1783 829 1958 899 ἀρχὴν

360 916 811 985 ’ἐπιγραφόμενον
841 916 931 969 τὸν
959 919 1344 988 γεγεννηκότα.
1376 921 1436 971 Εἰ
1461 920 1536 983 δὲ,
1568 919 1775 982 τούτοις
1809 921 1956 972 ἀντι-

367 1003 542 1070 λέγων
567 1004 886 1075 Μάρκελλος
915 1006 1110 1068 ταύτὸν
1139 1005 1278 1061 εἷναί
1311 1009 1422 1080 (xi-0)
1455 1010 1655 1078 φάσκοι
1684 1011 1776 1062 τὸν
1801 1011 1956 1074 Θεὸν,

368 1094 462 1148 καὶ
505 1091 597 1149 τὸν
637 1098 696 1150 ὲν
739 1098 1104 1169 αύτῷΛόγον
1142 1101 1429 1155 ἀσύνθετον
1471 1104 1565 1156 καὶ
1617 1102 1821 1156 ἁπλοῦν
1868 1103 1958 1156 τὸν

366 1184 498 1240 Θεὸν
543 1185 878 1258 ὁριζόμενος,
911 1189 1031 1262 ὥρα
1064 1190 1177 1260 (41)
1222 1192 1359 1262 μήτε
1390 1192 1612 1262 Πατέρα
1655 1193 1793 1262 μήτε
1826 1192 1958 1244 Υἱὸν

363 1277 645 1346 ὁμολογεῖν
689 1280 871 1344 αὐτὸν,
917 1280 1176 1352 ἄντικρυς
1216 1282 1271 1335 δὲ
1305 1283 1396 1336 τὸν
1430 1282 1681 1336 Ἰουδαῖον
1717 1282 1958 1353 προϐάλ-

355 1364 580 1429 λεσθαι,
611 1368 644 1436 ῆ
677 1368 768 1421 τὸν
808 1369 1094 1422 Σαδέλλιον
1136 1372 1377 1440 εἰσάγειν
1402 1413 1418 1437 ,
1448 1373 1667 1442 Πατέρα
1699 1372 1794 1424 καὶ
1827 1371 1954 1423 Υἱὸν

361 1457 450 1511 τὸν
486 1459 647 1512 αὑτὸν
677 1458 815 1513 εἶναι
854 1462 1165 1531 φάσκοντα·
1202 1464 1345 1518 ὥστε
1388 1467 1508 1518 κατ’
1533 1465 1693 1518 αὐτὸν
1734 1464 1816 1526 τὸ,
1860 1465 1956 1516 Ἐν

349 1549 515 1618 ’ἀρχῇ
531 1547 609 1619 ἦν
632 1554 666 1604 ό
680 1553 889 1620 Λόγος,
911 1552 1024 1606 ἴσον
1051 1551 1190 1608 εἶναι
1216 1554 1314 1626 τῷ,
1337 1557 1432 1608 Ἐν
1448 1555 1606 1625 ἀρχῇ
1631 1555 1710 1624 ἦν
1733 1558 1764 1608 ό
1787 1555 1951 1619 Θεός,

357 1640 450 1692 καὶ
475 1639 536 1692 τὸ
559 1680 572 1702 ,
609 1641 717 1700 καὶ.
750 1645 783 1695 ό
815 1645 1008 1712 Λόγος
1038 1641 1119 1714 ἦν
1147 1644 1297 1713 πρὸς
1324 1647 1431 1699 τὸν
1460 1646 1630 1710 Θεὸν,
1668 1649 1780 1698 ῐσον
1811 1640 1952 1697 εἶναι

2067 560 2384 632 imaginem,
2435 578 2502 615 ex
2538 563 2656 630 ipso
2705 573 2906 629 ortum,
2972 569 3194 624 omnino
3235 581 3289 626 et
3326 589 3421 642 per
3463 582 3643 634 omnia

2065 665 2222 717 quam
2249 651 2590 717 simillimum
2623 654 2851 722 genitori
2877 670 2994 722 suo,
3029 668 3083 712 et
3124 660 3297 729 ipsum
3332 667 3476 731 quod
3524 683 3645 722 crc-

2065 740 2155 794 dat
2185 738 2376 804 Deum,
2400 751 2455 794 et
2506 757 2763 810 mentem,
2789 753 2844 799 et
2879 746 3059 815 λόγον,
3095 759 3150 804 et
3180 753 3502 820 sapientiam
3529 796 3546 822 ,
3587 767 3642 811 et

2064 831 2251 894 vitam,
2285 840 2339 883 et
2365 831 2561 897 lucem,
2589 833 2733 889 illius
2771 836 2977 903 pulchri
3015 839 3310 910 imaginem
3347 855 3509 914 atque
3545 849 3643 902 bo-

2064 922 2115 974 ni
2156 939 2170 974 :
2206 937 2312 975 non
2341 931 2522 977 tamen
2556 925 2848 993 ipsummet
2878 929 3176 996 genitorem
3196 972 3210 996 ,
3229 935 3320 988 sed
3352 935 3531 991 Patris
3553 943 3637 992 sui

2061 1007 2257 1062 Filium
2290 1013 2646 1080 unigenitum,
2672 1027 2778 1067 non
2810 1016 2984 1083 ipsum
3013 1019 3230 1086 quidem
3271 1025 3638 1092 unigenitum,

2061 1109 2116 1151 et
2142 1099 2599 1168 it‘nprincipiatum
2635 1119 2647 1154 :
2684 1103 2780 1156 sed
2826 1117 2890 1156 ex
2920 1102 3010 1156 illo
3046 1115 3250 1173 ortum,
3275 1109 3354 1162 sic
3389 1119 3445 1163 ut
3490 1113 3642 1179 prin-

2060 1187 2206 1255 pium
2254 1188 2336 1241 sui
2391 1189 2630 1244 ascribat
2671 1189 2840 1244 Patri.
2891 1192 3043 1259 Quod
3085 1197 3129 1256 si
3174 1197 3322 1252 hisce
3357 1202 3636 1256 contradi-

2058 1276 2228 1330 cendo
2255 1276 2567 1342 Marcellns,
2603 1279 2740 1332 idem
2773 1294 2896 1335 esse
2935 1298 3033 1350 per
3061 1286 3240 1339 omnia
3266 1288 3466 1344 dixerit
3488 1291 3635 1347 illum

2059 1365 2250 1431 Deum,
2283 1376 2336 1422 et
2363 1368 2491 1422 illud
2527 1375 2586 1433 ἧς
2619 1369 2670 1424 in
2711 1385 2778 1425 eo
2820 1373 3056 1428 Verbum
3093 1377 3259 1432 Deum
3308 1381 3638 1452 incomposi-

2061 1465 2171 1510 tum
2206 1457 2475 1513 deﬁniens
2513 1469 2677 1530 atque
2720 1462 3021 1532 simplicem
3055 1482 3073 1531 ς
3106 1467 3288 1522 videat
3325 1486 3395 1526 ne
3431 1473 3512 1526 vel
3543 1474 3638 1528 Pa-

2059 1557 2196 1602 trem
2224 1549 2306 1603 vel
2329 1549 2525 1605 Filium
2561 1566 2683 1604 eum
2707 1567 2964 1623 agnoscat
2995 1572 3010 1608 :
3039 1559 3132 1612 sed
3156 1559 3396 1615 Judmum
3428 1578 3486 1616 se
3510 1579 3638 1632 pro-

2056 1641 2168 1706 dat,
2204 1650 2296 1693 aut
2329 1657 2452 1695 cum
2491 1642 2731 1698 Sabellio
2754 1647 2969 1700 inducat
3001 1649 3214 1704 Patrem
3240 1655 3487 1708 eumdem
3520 1656 3637 1725 pla-

342 1729 451 1799 ίτῷ,
485 1731 582 1782 καὶ
615 1734 648 1784 ό
688 1733 834 1798 Θεὸς
866 1729 944 1803 ἦν
977 1735 1126 1804 πρὸς
1169 1736 1277 1790 τὸν
1315 1736 1483 1802 Θεὸν,
1529 1737 1733 1807 ὁμοίως
1770 1737 1827 1789 δὲ
1857 1734 1933 1788 κα¹

2056 1744 2124 1782 ne
2162 1739 2323 1797 atque
2381 1730 2595 1784 Filium.
2659 1732 2726 1787 Ut
2777 1744 2907 1800 puta
2951 1751 3073 1789 cum
3122 1739 3263 1793 idem
3308 1753 3462 1796 sonet
3491 1746 3634 1813 apud

350 1819 411 1871 τὸ
443 1820 621 1890 τρίτον
655 1823 850 1875 ταύτὸν
901 1818 1040 1878 εἶναι
1071 1826 1170 1896 τῷ,
1198 1828 1293 1880 καὶ
1325 1828 1470 1894 Θεὸς
1505 1823 1586 1898 ἦν
1625 1831 1658 1881 ό
1698 1828 1861 1895 Θεὸς,
1906 1828 1933 1881 ἃ

2047 1818 2214 1883 illum,
2246 1818 2311 1872 In
2327 1822 2586 1888 principio
2625 1831 2736 1875 erat
2785 1821 3012 1878 Verbum
3040 1867 3056 1890 ,
3089 1841 3154 1881 ac
3189 1830 3317 1883 illttd
3339 1869 3354 1893 ,
3384 1830 3446 1883 In
3489 1809 3636 1900 priu-

349 1910 463 1979 ΗΞ)
498 1911 561 1982 δὴ
603 1913 736 1984 πρὸς
762 1914 841 1984 τῷ
874 1917 1236 1988 ἀσυναρτήτῳ
1266 1920 1358 1972 καὶ
1391 1918 1824 1990 παραλογώτατα
1853 1919 1937 1991 εἴη

349 2005 436 2057 ἄν.
474 2005 598 2068 Πῶς
629 2005 686 2058 δὲ
717 2008 811 2060 καὶ
835 2008 896 2061 τὸ
923 2009 1121 2062 πάντα
1152 2011 1228 2063 δι’
1264 2011 1450 2065 αὐτοῦ
1479 2012 1716 2080 ἐγένετο
1755 2011 1937 2082 χώραν

341 2094 478 2160 ἕξει,
522 2096 646 2158 ’ἑνὸς
699 2097 852 2161 ὄντος
909 2099 1003 2151 τοῦ
1065 2101 1463 2170 ὑποκειμένους
1515 2101 1590 2152 Ού
1628 2099 1737 2170 γὰρ
1797 2119 1814 2150 ι
1846 2099 1937 2152 ὑπ’

338 2186 511 2239 ἀὑτοῦ
546 2206 564 2238 ι
600 2189 787 2258 φησιν,
821 2189 928 2241 οὐδ’
960 2207 976 2240 t
999 2189 1058 2253 ἐξ
1089 2190 1251 2244 αὑτοῦ
1278 2211 1296 2241 ι
1341 2190 1408 2242 τά
1455 2190 1630 2242 πάντα
1679 2191 1938 2259 γεγεννῆ-

347 2277 492 2342 σθαι,
530 2278 666 2331 ἀλλὰ
720 2297 737 2329 ι
761 2279 827 2333 δι’
860 2279 1046 2332 αὑτοῦ.
1070 2301 1087 2332 ›
1143 2282 1208 2334 Ἦ
1247 2281 1304 2334 δὲ
1349 2301 1365 2333 ι
1393 2281 1479 2334 διὰ
1503 2301 1520 2333 ι
1572 2281 1828 2350 πρόθεσις
1878 2281 1939 2333 τὸ

350 2369 680 2440 ὑπηρετικὸν
704 2387 769 2440 ση
780 2371 958 2440 μαίνει
976 2389 986 2401 ·
1003 2372 1078 2435 ὡς
1095 2374 1123 2425 6
1137 2373 1297 2435 αὐτὸς
1327 2371 1718 2443 εὐαγγελιστὴς
1733 2370 1936 2442 προῖὼν

345 2459 475 2528 ἑξῆς
522 2462 817 2531 παρίστησι
897 2461 1106 2530 λέγων,
1151 2461 1182 2513 ὁ
1249 2462 1435 2531 νόμος
1483 2460 1581 2514 διὰ
1640 2460 1937 2527 Μωῢσέως

341 2549 540 2617 ἐδόθη,
582 2552 614 2616 ἠ
642 2551 815 2620 χάρις
851 2553 949 2605 καὶ
989 2553 1022 2619 ἡ
1055 2551 1306 2618 ἀλήθεια
1335 2553 1408 2605 δι’
1451 2552 1646 2619 Ἰησοῦ
1675 2553 1934 2620 Χριστοῦ

337 2641 596 2708 ἐγένετο·
631 2641 706 2707 ὡς
739 2644 850 2714 γὰρ
885 2645 914 2694 6
944 2645 1128 2714 νόμος,
1164 2646 1264 2699 οὐκ
1311 2645 1384 2698 ὢν
1428 2644 1788 2716 ἀνθρώπινος,
1825 2625 1934 2698 οὐδ’

340 2733 452 2801 (i3)
500 2729 564 2786 αὗ
608 2733 706 2786 τοῦ
738 2735 1017 2798 Μωῦσέως
1065 2736 1346 2807 ὑπάρχων,
1377 2736 1492 2789 ἀλλ’
1530 2738 1594 2790 ὲκ
1642 2735 1736 2789 τοῦ
1773 2735 1930 2800 Θεοῦ,

337 2823 578 2879 Μωῦσέα
605 2827 847 2880 διάκονον
879 2829 972 2881 καὶ
1017 2828 1295 2900 ὑπηρέτην
1333 2827 1680 2898 ἐπεγράψατο
1724 2829 1821 2898 τῆς
1855 2829 1933 2893 εἰς

334 2916 655 2988 ἀνθρώπους
681 2917 968 2982 ἐκδόσεως,
1003 2921 1096 2972 καὶ
1125 2919 1213 2972 διὰ
1239 2920 1396 2972 τοῦτο
1425 2921 1658 2990 εἴρηται,
1691 2925 1723 2974 ό
1750 2924 1934 2990 νόμος

331 3006 433 3060 διὰ
464 3008 763 3074 Μωῢσέως
803 3009 1004 3076 ἐδόθη,
1040 3010 1180 3064 οὕτω
1219 3014 1312 3064 καὶ
1349 3013 1385 3082 ἡ
1429 3013 1588 3083 χάρις
1642 3014 1708 3066 δι’
1755 3013 1930 3084 Ἰησοῦ

332 3099 570 3171 Χριστοῦ
598 3101 834 3168 ἐγένετο,
865 3101 959 3153 τοῦ
988 3103 1199 3177 Πατρὸς
1232 3103 1400 3173 αὐτὴν
1443 3104 1531 3156 διὰ
1562 3102 1656 3155 τοῦ
1691 3105 1928 3175 Χριστοῦ
1958 3132 1999 3188 c

330 3195 838 3265 κατεργασαμένου.
856 3196 1131 3260 Ὡσαύτως
1154 3192 1249 3250 οὖν
1279 3198 1491 3269 εἴρηται
1515 3200 1606 3251 καὶ
1623 3200 1705 3265 τὸ,
1724 3200 1928 3255 Πάντα

326 3281 405 3334 δι’
440 3283 626 3336 αὑτοῦ
658 3285 930 3351 ἐγένετο·
990 3285 1102 3355 (44)
1151 3287 1339 3357 ἐτέρου
1395 3289 1492 3357 μὲν
1536 3292 1921 3360 πεποιηκότος,

325 3369 496 3424 αὺτοῦ
547 3371 604 3424 δὲ
651 3372 1115 3443 διακονησαμένου
1143 3391 1154 3401 ·
1211 3373 1342 3426 ὥσθ’
1381 3375 1568 3448 ἕτερον
1608 3376 1790 3447 ζητεῖν
1832 3379 1924 3431 τὸν

331 3464 564 3536 ποιητὴν
595 3465 705 3519 τῶν
763 3464 922 3530 ὅλων,
973 3467 1063 3519 τὸν
1105 3467 1194 3520 διὰ
1240 3467 1330 3520 τοῦ
1386 3468 1806 3538 θεολογουμένου
1854 3470 1924 3522 τά

330 3556 511 3610 πάντα
544 3554 1012 3627 ὑποστησάμενον.
1069 3557 1182 3611 Καὶ
1231 3558 1314 3621 τίς
1363 3557 1429 3612 ἂν
1470 3561 1679 3628 γένοιτο
1724 3554 1919 3627 οῦτος;

342 3648 482 3700 Ἀλλ’
512 3649 612 3701 οὐκ
656 3649 722 3702 ἂν
752 3651 862 3720 ἔχοι
892 3652 1084 3704 εἰπεῖν,
1117 3644 1218 3703 Ὦν
1247 3647 1418 3715 οὕτως
1447 3653 1700 3722 ἐχόντων,
1733 3653 1922 3724 ὁμολο-

326 3741 443 3805 γεῖν
484 3739 696 3810 ἀνάγκη
756 3738 847 3792 τὸν
895 3739 1311 3812 θεολογούμενον
1356 3741 1461 3794 ὑπὸ
1493 3741 1588 3794 τοῦ
1633 3744 1919 3812 εὐαγγελι-

329 3827 456 3882 στοῦ
503 3831 576 3900 μὴ
617 3830 708 3882 τὸν
745 3831 837 3882 ἐπὶ
864 3831 1082 3885 πάντων
1113 3828 1251 3886 εἶναι
1283 3832 1448 3899 Θεὸν,
1488 3834 1609 3904 μηδ’
1639 3835 1799 3888 αὑτὸν
1828 3836 1918 3889 τὸν

327 3921 566 3990 Πατέρα,
601 3920 692 3974 τὸν
737 3920 794 3972 δὲ
825 3920 1014 3974 τούτου
1059 3926 1319 3993 μονογενῆ
1352 3924 1480 3976 Υἰὸν
1500 3965 1514 3987 ,
1549 3925 1609 3977 οὐ
1640 3925 1918 3998 συμϐεϐη-

323 4009 458 4062 κότα
482 4009 559 4080 τῷ
575 4010 768 4081 Πατρὶ,
796 4011 928 4076 οὐδ’,
944 4011 1019 4074 ὼς
1043 4013 1100 4064 ὲν
1124 4013 1489 4084 ὑποκειμένῳ,
1516 4015 1572 4066 ὲν
1595 4012 1744 4085 αὐτῷ
1765 4016 1915 4081 ὄντα,

322 4100 445 4153 οὐδὲ
495 4099 552 4152 ἓν
599 4100 694 4152 καὶ
739 4099 936 4171 ταύτὸν
974 4099 1052 4170 τῷ
1099 4100 1216 4172 Θεῷ
1259 4101 1408 4167 ὄντα,
1454 4102 1582 4156 Υἱὸν
1628 4103 1673 4156 δ’
1702 4104 1919 4174 ἀληθῶς

317 4188 473 4254 liv-ca,
510 4189 686 4253 ζῶντα
743 4193 836 4244 καὶ
884 4177 1171 4261 ὑφεστῶτα
1218 4193 1275 4244 ὲν
1327 4194 1470 4265 ἀρχῇ
1517 4211 1575 4247 τε
1615 4194 1765 4260 ὄντα,
1823 4196 1917 4248 καὶ

323 4283 461 4354 πρὸς
483 4283 572 4334 τὸν
596 4280 729 4334 Θεὸν
760 4281 908 4343 ὄντα,
959 4283 1052 4335 καὶ
1078 4283 1208 4337 Θεὸν
1243 4283 1392 4350 ὂντα,
1443 4284 1510 4336 δι’
1542 4278 1603 4337 οὗ
1635 4289 1703 4339 τὰ
1737 4287 1920 4340 πάντα

319 4373 664 4443 δημιουργεῖ.
707 4374 795 4435 Ὠς
837 4371 1014 4443 ὀρθῶς
1041 4372 1150 4443 (45)
1182 4374 1247 4427 ἄν
1283 4390 1404 4426 τινα
1437 4374 1529 4428 ὲπὶ
1560 4375 1622 4429 τὸ
1656 4376 1916 4445 σαφέστε-

2043 1910 2178 1976 cipio
2200 1920 2310 1963 erat
2332 1909 2493 1964 Deus.
2521 1911 2583 1964 Et
2621 1912 2769 1977 illud,
2801 1912 2866 1965 Et
2896 1912 3117 1970 Verbum
3138 1928 3252 1972 erat
3278 1921 3417 1988 apud
3441 1921 3632 1987 Deum,

2043 2001 2362 2069 (rqnivalcat
2409 2002 2505 2068 illi,
2541 1994 2605 2056 Et
2649 2004 2789 2058 Deus
2831 2017 2942 2060 erat
2981 2009 3122 2075 apud
3167 2010 3360 2064 Deum.
3396 2012 3465 2066 Et
3498 2014 3629 2069 illud

2045 2095 2260 2148 tertium
2297 2108 2401 2148 non
2433 2095 2502 2147 sit
2529 2095 2671 2148 aliud
2697 2111 2881 2164 quam,
2911 2097 2976 2150 Et
2997 2098 3139 2153 Deus
3168 2113 3280 2154 erat
3313 2103 3478 2158 Deus.
3500 2105 3630 2170 Quae

2043 2194 2302 2253 prieterea
2341 2185 2485 2254 quod
2535 2187 2846 2242 colnereant
2895 2190 3096 2251 minus.
3125 2191 3197 2244 ab
3225 2194 3372 2246 omni
3414 2195 3631 2248 ratione

2040 2285 2166 2328 sunt
2196 2273 2546 2329 alienissima.
2596 2275 2732 2330 Nam
2761 2293 2996 2346 quonam
3032 2289 3188 2347 pacto
3219 2280 3393 2334 locum
3427 2283 3630 2338 habere

2041 2368 2242 2436 poterit
2273 2367 2420 2430 illud,
2457 2367 2647 2422 Omnia
2677 2387 2769 2437 per
2795 2371 2967 2438 ipsum
2995 2371 3140 2438 facta
3181 2382 3324 2439 sunt,
3359 2390 3481 2427 cum
3511 2375 3630 2427 uni-

2040 2471 2162 2510 cum
2182 2457 2253 2512 sit
2274 2461 2649 2528 suppositum?
2680 2469 2733 2514 et
2767 2459 3050 2530 Scriptura
3106 2462 3320 2530 doceat,
3356 2480 3462 2518 non
3505 2483 3524 2516 l
3558 2467 3627 2519 ab

2040 2546 2156 2601 illo»
2192 2548 2388 2601 nedum
2413 2567 2430 2600 ι
2456 2551 2690 2614 exilio,»
2733 2552 2826 2605 sed
2863 2566 2990 2619 «per
3019 2551 3199 2604 illum»
3236 2553 3416 2608 omnia
3460 2553 3627 2609 fuisse

2039 2636 2207 2691 facta?
2234 2621 2296 2690 Et
2342 2637 2428 2690 illa
2461 2641 2877 2709 praepositioper
2906 2640 3212 2696 ministrale
3243 2642 3374 2712 quid
3411 2643 3624 2712 signiti-

2037 2739 2144 2794 cet,
2184 2731 2635 2799 quemadmodum
2679 2733 2732 2786 in
2785 2733 3146 2802 sequentibus
3201 2735 3358 2790 docet
3392 2752 3626 2808 evange-

2037 2821 2184 2884 lista,
2226 2821 2494 2890 inquiens,
2528 2821 2636 2876 Lex
2658 2840 2749 2884 per
2794 2822 3177 2893 Moysem'data
3206 2835 3282 2878 est
3315 2839 3333 2877 .'
3375 2831 3548 2896 gratia
3572 2839 3620 2882 et

2036 2910 2223 2964 ueritas
2256 2926 2351 2977 per
2376 2910 2554 2964 Iesum
2580 2911 3025 2980 Christumfacta
3053 2923 3129 2966 est
3160 2913 3226 2965 ³⁷.
3258 2915 3621 2979 Quemadmo-

2036 3002 2164 3055 dum
2195 3003 2338 3056 enim
2372 3001 2478 3069 lex,
2526 3016 2630 3055 non
2683 3002 2770 3054 illa
2806 3001 3200 3058 hominum-vel
3245 3003 3445 3074 Moysis
3474 3005 3619 3060 essi-

2035 3101 2205 3157 stens,
2227 3094 2322 3146 sed
2352 3092 2467 3156 Dei,
2495 3093 2580 3146 cui
2619 3093 2866 3147 minister
2886 3101 2941 3147 et
2968 3107 3158 3148 servus
3176 3093 3622 3150 subministrabat

2033 3182 2268 3254 Moyses,
2301 3192 2360 3237 ut
2407 3183 2496 3236 illa
2539 3184 2606 3237 ad
2641 3184 2887 3238 homines
2930 3186 3367 3253 promulgaretur
3406 3203 3421 3241 :
3457 3196 3621 3255 atque

2031 3274 2152 3328 ideo
2171 3275 2370 3328 dictum
2390 3283 2494 3337 est,
2510 3272 2620 3326 Lex
2643 3290 2738 3341 per
2764 3271 2999 3341 Moysen:
3026 3276 3151 3326 data
3169 3276 3292 3342 fuit.
3311 3275 3386 3330 lta
3404 3290 3621 3346 quoque

2027 3374 2084 3420 et
2123 3364 2295 3434 gratia
2329 3365 2453 3417 data
2501 3371 2603 3429 est,
2646 3364 2788 3431 quod
2838 3377 2936 3431 per
2980 3362 3258 3418 Christum
3293 3365 3455 3420 Pater
3495 3383 3618 3422 eam

2027 3463 2306 3523 operatur.
2351 3454 2530 3522 Atque
2563 3455 2630 3507 ad
2679 3454 2840 3507 istum
2878 3454 3097 3508 modum
3152 3456 3388 3521 dicitur,
3421 3454 3617 3511 Omnia

2025 3561 2120 3614 per
2153 3545 2302 3598 illum
2335 3544 2482 3614 facta
2505 3556 2624 3598 sum
2655 3559 2674 3598 :
2702 3551 2887 3611 utpote
2912 3543 2982 3596 ab
3018 3545 3189 3598 altero
3225 3545 3614 3613 producta,cui

2029 3637 2185 3691 alteri
2221 3645 2546 3704 operaturus
2587 3635 2673 3689 hic
2723 3633 3105 3689 subministrat
3137 3650 3152 3688 :
3185 3647 3244 3689 ut
3290 3638 3616 3706 quaerendus

2025 3729 2097 3783 sit
2126 3744 2154 3780 a
2187 3728 2343 3782 nobis
2372 3736 2584 3781 creator
2616 3726 2752 3780 alius
2782 3727 3160 3780 universorum
3184 3768 3199 3792 ,
3230 3728 3322 3795 qtti
3359 3727 3557 3780 dicitur
3581 3746 3612 3782 ει

2027 3813 2278 3882 theologo
2300 3827 2518 3868 creasse
2561 3814 2766 3868 omnia.
2800 3813 2849 3868 ls
2884 3823 3063 3868 autem
3089 3815 3275 3882 ecquis
3310 3814 3450 3871 alius
3487 3831 3611 3871 esse

2022 3902 2280 3972 poterat?
2307 3913 2455 3956 certe
2499 3917 2660 3957 nemo
2705 3903 2925 3957 dixerit.
2955 3903 3085 3969 Quae
3110 3918 3232 3958 cum
3258 3904 3330 3958 ita
3361 3905 3491 3971 sint,
3521 3906 3608 3960 ia-

2025 3995 2124 4050 tcri
2151 4010 2251 4050 nos
2302 4003 2519 4064 oportet
2556 4009 2679 4048 eum
2719 3996 2812 4065 qui
2842 3995 2911 4050 ab
2941 3995 3269 4066 evangelista
3301 3995 3606 4062 deillcatur,

2023 4102 2130 4141 non
2167 4101 2286 4141 esse
2314 4086 2484 4140 Deum
2531 4085 2676 4140 illum
2718 4101 2878 4155 super
2912 4086 3120 4153 omnia,
3153 4101 3330 4156 neque
3366 4086 3604 4154 Patrem,

2021 4176 2114 4231 sed
2151 4175 2296 4230 illius
2326 4175 2525 4230 Filium
2574 4175 2910 4245 unigenitum
2943 4192 2959 4232 :
2994 4192 3100 4230 non
3131 4191 3254 4232 cum
3283 4177 3444 4234 Patre
3479 4181 3598 4249 pari

2020 4282 2179 4340 passu
2211 4267 2578 4322 ambulantem
2610 4283 2624 4319 :
2656 4281 2756 4322 nec
2780 4274 3032 4336 tanquam
3064 4267 3118 4321 in
3150 4268 3432 4336 supposito
3457 4271 3603 4324 exsi-

2018 4369 2248 4415 stentem
2276 4357 2472 4412 unico:
2505 4372 2610 4411 non
2643 4371 2808 4412 unum
2833 4366 2994 4426 atque
3020 4357 3272 4412 eumdem
3306 4373 3432 4414 cum
3463 4359 3595 4426 De'o,

317 4483 416 4537 ρον
432 4465 800 4536 μεταλαϐόντα
821 4466 984 4533 φάναι
1001 4466 1120 4518 ἀντὶ
1146 4465 1260 4529 τοῦ,
1279 4467 1374 4519 Ἑν
1385 4464 1542 4536 ἀρχῇ
1558 4463 1636 4538 ἦν
1652 4469 1685 4521 ό
1700 4470 1910 4536 Λόγος,

2036 4450 2114 4505 ιθά
2155 4449 2346 4503 Filium
2402 4462 2527 4502 vere
2560 4448 2934 4513 exsistentem,
2965 4448 3150 4502 vivum
3179 4447 3594 4504 subsistentem:

318 4535 380 4610 τὸ
474 4560 530 4610 ὲν
561 4558 702 4628 ἀρχῇ
739 4553 806 4628 ἦν
832 4560 860 4610 6
886 4558 1032 4622 Υἱὸς,
1058 4577 1075 4608 i
1112 4558 1205 4610 καὶ
1233 4556 1353 4610 ἀντὶ
1378 4557 1470 4611 τοῦ
1494 4599 1508 4622 ,
1534 4535 1631 4612 καὶ
1657 4558 1687 4612 ὁ
1711 4535 1902 4629 Λόγος

2036 4559 2055 4597 a
2091 4538 2354 4612 principio
2398 4537 2491 4608 qui
2520 4546 2638 4593 erat
2668 4554 2681 4589 :
2717 4546 2770 4592 et
2809 4538 2950 4606 apud
2995 4535 3160 4629 [leum
3189 4545 3327 4629 erat,
3355 4547 3410 4593 et
3453 4539 3596 4594 Deus

314 4645 398 4716 ἦν
425 4648 576 4718 πρὸς
629 4651 734 4702 τὸν
758 4649 925 4712 Θεὸν,
960 4645 1042 4714 τὸ,
1098 4667 1114 4697 ι
1146 4646 1240 4701 καὶ¹
1274 4651 1302 4701 6
1345 4649 1472 4712 Υἱὸς
1519 4642 1586 4720 ἦν
1631 4651 1765 4721 πρὸς
1812 4651 1903 4704 τὸν

317 4741 619 4811 Πατέρα,ι
668 4741 763 4794 καὶ
817 4740 938 4792 ἀντὶ
983 4738 1077 4792 τοῦ
1105 4777 1119 4803 ,
1186 4739 1283 4792 καὶ
1308 4739 1450 4805 Θεὸς
1479 4735 1558 4810 ἦν
1603 4745 1899 4811 ό·Λόγος,

2002 4640 2122 4685 erat
2157 4647 2170 4683 :
2199 4643 2294 4698 per
2317 4641 2478 4694 quem
2506 4626 2694 4681 condit
2729 4625 2999 4680 universa.
3022 4623 3094 4680 Ut
3120 4624 3323 4679 clarius
3351 4634 3597 4694 transpoo

2000 4722 2106 4775 sita
2164 4720 2279 4774 hace
2310 4714 2554 4786 proferre
2599 4717 2722 4786 quis
2763 4715 2954 4786 possit,
2978 4709 3256 4783 :pro-illo,
3288 4713 3358 4770 In
3394 4718 3596 4786 princi-

315 4834 396 4894 τὸ,
460 4853 476 4880 ι
504 4833 596 4884 καὶ
641 4831 773 4894 Θεὸς
829 4827 893 4901 ἦν
943 4835 970 4884 6
1017 4831 1160 4893 Υἱός.
1192 4850 1208 4879 ι
1263 4829 1423 4883 Οὕτω
1469 4832 1513 4882 δ’
1547 4830 1611 4884 ἂν
1641 4833 1899 4904 ἁρμόσειε

2036 4833 2083 4886 io
2111 4842 2224 4885 erat
2275 4829 2521 4891 Verbum,
2547 4845 2565 4880 ι
2602 4828 2658 4882 In
2699 4827 2966 4897 principio
2998 4837 3118 4883 erat
3144 4827 3337 4892 Filius,
3362 4847 3384 4882 ι
3410 4838 3465 4884 et
3495 4845 3592 4899 pro

316 4925 408 4975 καὶ
478 4923 538 4975 τὸ
597 4924 725 4993 ἑξῆς
796 4923 1174 4992 ἐπαγόμενον·
1237 4923 1430 4976 πάντα
1493 4923 1601 4990 γὰρ
1656 4924 1730 4976 δι’
1788 4929 1898 4978 αὺ-

313 5016 442 5079 τοῦ,
474 5015 712 5084 ἐγένετο
749 5016 849 5068 καὶ
893 5016 1072 5084 χωρὶς
1113 5016 1298 5070 αὑτοῦ
1342 5015 1575 5084 ἐγένετο
1624 5015 1767 5069 οὐδὲ
1804 5017 1894 5071 ἓν.

316 5106 552 5170 Εἰκότως
578 5105 861 5177 τοιγαροῦν
889 5108 916 5158 6
936 5107 1074 5168 θεῖος
1107 5107 1495 5175 εὐαγγελιστὴς
1527 5105 1637 5176 (46)
1669 5107 1726 5158 ἐν
1750 5109 1894 5179 ἀρχῇ

312 5197 476 5248 αὑτὸν
523 5197 645 5267 ἔφη,
680 5195 803 5260 δοὺς
831 5196 978 5266 αύτῴ
1007 5197 1180 5266 ἀρχὴν
1202 5235 1216 5260 ,
1249 5196 1403 5267 δῆλον
1431 5196 1486 5249 δὲ
1523 5197 1604 5250 ὅτι
1643 5197 1742 5267 τὴν
1768 5198 1923 5283 γέν-ο

391 5315 449 5370 ὦ
484 5307 582 5362 Ed.
613 5307 810 5372 Paris.,
842 5323 962 5377 pag.
1003 5307 1122 5361 1'22.

287 5382 294 5394 ’
385 5399 606 5455 "Juan.
649 5416 685 5463 ι,
715 5399 799 5452 Π.
1052 5381 1066 5395 ’

386 5491 497 5561 (ιο)
524 5490 692 5561 Vulgo
729 5490 961 5561 φάσκον.

387 5560 496 5632 (’9!)
531 5560 586 5632 ἔξ·
610 5575 757 5632 ςοττε
777 5560 914 5632 Αδραο

385 5627 498 5700 (42)
531 5627 697 5700 vulgo
732 5630 809 5685 δέ.

387 5696 500 5768 (45⁷)
527 5696 692 5766 Vulgo
720 5697 884 5751 αὑτοῦ
914 5696 1028 5751 τοῦ.

385 5767 494 5842 μὶ)
526 5768 760 5836 Ἔτι-(ροντ’
776 5767 894 5836 μὲν
923 5773 1333 5847 πεποιηκότος.
1363 5767 1720 5825 directissime
1746 5769 1887 5825 aria-

2010 4923 2134 4988 illo,
2184 4919 2253 4973 Et
2305 4919 2528 4974 Verbum
2581 4931 2691 4973 erat
2726 4919 2867 4987 apud
2901 4919 3094 4985 Deum,
3132 4937 3150 4972 ι
3185 4929 3239 4975 et
3277 4919 3446 4974 Filius
3473 4931 3592 4974 erat

2009 5013 2149 5080 apud
2189 5011 2401 5064 Patrem
2424 5050 2439 5073 ,
2480 5028 2497 5060 ι
2537 5019 2590 5063 et
2626 5025 2722 5078 pro
2755 5009 2862 5073 illo,
2899 5006 2964 5060 Et
2999 5007 3138 5062 Deus
3164 5018 3274 5062 erat
3327 5006 3584 5074 Verbum,

2009 5119 2028 5152 ι
2060 5112 2114 5156 et
2166 5102 2305 5155 Deus
2357 5109 2477 5154 erat
2508 5099 2697 5155 Filius.
2725 5119 2742 5152 ι
2769 5098 2845 5154 Ita
2885 5099 3038 5159 enim
3072 5113 3312 5168 congrue
3351 5100 3589 5154 cohaere-

2006 5193 2086 5248 bit
2139 5195 2280 5263 quod
2343 5194 2594 5264 adjicitur
2648 5195 2701 5247 in
2760 5191 3110 5262 sequentibus
3150 5189 3387 5245 :Onmia
3447 5193 3584 5245 enim

1995 5492 2297 5555 nizat,cum
2323 5486 2515 5540 Filium
2550 5483 2922 5555 tantummodo
2952 5482 3199 5555 διάκονον
3224 5482 3275 5555 in
3300 5482 3583 5555 creatione

1995 5550 2258 5630 supponat
2295 5575 2314 5630 _:
2343 5556 2648 5630 utiloysen
2683 5555 2736 5607 in
2773 5554 2906 5619 legis
2936 5552 3388 5624 promulgatione.
3426 5550 3498 5605 ιι.

2067 5625 2182 5696 μῦ)
2212 5627 2374 5693 Vulgo
2403 5625 2618 5696 ἀκτῖνα.
2656 5695 2660 5696 γ
2757 5692 2781 5696 _
2898 5691 2920 5696 _
3103 5687 3119 5696 _
3303 5687 3316 5696 _
3462 5687 3476 5696 _
3521 5687 3542 5696 ,Α

2066 5687 2178 5770 (36)
2233 5687 2534 5770 ’Βῆ-ἀρχῇ.
2575 5692 2820 5770 ἀὺτοῦ,
2891 5691 3024 5758 ἔφη.
3103 5687 3340 5770 Legend.
3417 5687 3580 5743 αύτὶν

1995 5760 2128 5822 εἶναι
2157 5760 2278 5836 ἔφη.
2316 5767 2379 5818 ιι.
2401 5760 2486 5805 l1-
2510 5760 2768 5834 itlorrexi
2797 5764 2968 5816 locum
3001 5775 3062 5814 ex
3098 5760 3252 5814 codd.
