4082 6398
346 385 450 442 955

1255 379 1260 384 ’
1315 379 1398 433 DE
1437 378 1972 435 ECCLESIASTICA
2014 379 2403 435 TliEOI.UGlA
2447 381 2574 436 LIB.
2620 381 2673 434 ll.

3505 390 3612 444 974

349 515 488 569 σμου
513 501 609 570 τῆς
628 501 948 570 Ἐκκλησίας
977 501 1287 562 συστάσεως
1313 499 1404 551 τὸν
1425 499 1641 568 Πατέρα
1670 477 1806 551 εἶναι
1842 501 1920 551 κα)

2038 502 2386 566 prehenditur
2436 500 2760 568 judaizare,
2819 489 3086 554 interdum
3145 503 3482 574 transfugere
3543 509 3610 560 ad

347 589 439 641 τὸν
473 587 602 640 Υίδν
646 588 1049 660 ὁμολογούσης*
1086 589 1224 642 κατά
1271 589 1327 640 δὲ
1371 588 1462 640 τὸν
1511 587 1794 639 Σαϐέλλιον
1836 589 1920 638 ἕνα

2038 583 2332 636 Sabelhum
2373 601 2385 636 :
2418 582 2794 649 uti'judaizans
2819 595 2944 637 ante
2973 586 3152 638 mundi
3179 589 3610 656 productionem,

349 680 444 732 καὶ
475 679 565 730 τὸν
585 679 745 732 αὑτὸν
775 675 913 732 εἶναι
935 680 1368 750 ἀποφαινόμενος
1392 679 1520 731 Υίδν
1552 681 1646 731 καὶ
1677 678 1894 748 Πατ-ἐρα
1914 696 1928 710 ·

283 814 288 824 .
349 769 443 822 καί
479 785 605 821 ποτε
639 769 733 839 μὲν
762 769 871 839 (52).)
898 765 963 822 αὖ
990 770 1079 823 τὸν
1129 769 1430 822 ἐνδιάθετον
1475 769 1709 836 εἰσάγων
1737 771 1928 837 Λόγον,

351 860 480 912 ποτὲ
506 861 560 912 δὲ
593 863 940 932 προφορικὸν.
979 863 1040 914 Ei
1067 863 1176 934 γάρ
1211 862 1587 933 προσποιεῖται
1618 862 1819 924 ταύτας
1856 863 1929 932 μὴ

350 946 745 1018 παραδέχεσθαι
792 950 889 1013 τὰς
933 951 1114 1020 φωνὰς
1150 950 1283 1022 (55),
1320 951 1456 1022 πλὴν
1506 952 1568 1022 δὴ
1617 952 1788 1020 Λόγος
1831 953 1929 1023 τὴν

348 1041 412 1090 ἐκ
439 1038 530 1090 τοῦ
559 1057 686 1092 ποτε
713 1041 810 1109 μὲν
837 1040 982 1094 ἔνδον
1004 1042 1165 1094 αὑτὸν
1194 1042 1370 1110 λέγειν
1403 1044 1460 1094 έν
1484 1041 1561 1112 τῷ
1583 1041 1722 1111 Θεῷ,
1742 1040 1928 1095 ἄλλοτε

346 1129 402 1182 δὲ
435 1129 497 1182 δι’
549 1131 828 1201 ἐνεργείας
874 1131 1165 1202 δραπικῆς
1210 1132 1454 1204 προϊέναι
1501 1131 1664 1185 αὑτοῦ
1687 1173 1700 1197 ,
1731 1133 1822 1199 ἀφ’
1853 1125 1928 1186 ὧν

345 1236 405 1270 τε
451 1218 530 1288 τῷ
561 1219 882 1291 ἀνθρωπίνῳ
930 1222 1219 1285 ἀπεικάζει
1246 1223 1406 1276 αὑτὸν
1439 1222 1581 1292 λόγῳ
1604 1239 1618 1253 ⁸
1653 1223 1680 1274 ὃ
1722 1222 1830 1292 (54)
1864 1237 1926 1290 γε

347 1311 456 1381 μὴν
477 1309 624 1374 ’θεῖος
660 1315 1044 1385 εὐαγγελιστὴς
1093 1317 1212 1368 κατ’
1245 1317 1436 1369 οὐδένα
1464 1316 1572 1368 τῶν
1606 1315 1928 1385 ἀποδεδομέ-

343 1417 449 1450 νων
477 1400 713 1469 τρόπων,
749 1402 918 1468 Λόγον
954 1405 1296 1476 ὑπεστήσατο
1322 1407 1411 1459 τὸν
1447 1405 1582 1477 πρὸς
1610 1405 1775 1458 αὑτοῦ
1808 1405 1928 1458 θεο-

336 1489 498 1558 ,λογού
509 1509 665 1560 μενον
683 1533 698 1556 ,
734 1493 846 1544 ἀλλ’
869 1488 980 1546 οἷον
1007 1493 1213 1564 ἔπρεπε
1252 1496 1342 1548 τὸν
1381 1497 1641 1567 μονογενῆ
1671 1497 1798 1549 Υἱὸν
1831 1497 1924 1549 τοῦ

340 1579 476 1631 Θεοῦ
509 1583 668 1645 νοεῖν,
697 1583 868 1650 Λόγον
897 1584 994 1653 μὲν
1027 1584 1176 1647 ὄντα,
1205 1585 1399 1638 καθ’ὃν
1427 1586 1604 1639 πάντα
1626 1585 1768 1656 λόγῳ
1800 1603 1924 1640 συν-

338 1670 624 1739 εστήσατο,
660 1674 754 1723 καὶ
786 1673 954 1742 χωρὶς
995 1672 1169 1740 Λόγου
1200 1673 1306 1726 τῶν
1337 1673 1504 1726 ὅντων
1535 1675 1684 1728 οὐδὲν
1709 1675 1917 1744 γέγονε·

335 1760 470 1814 Θεὸν
502 1761 557 1813 δὲ
599 1763 694 1814 καὶ
728 1764 1024 1832 Μονογενῆ,
1054 1762 1175 1815 καθ’
1202 1762 1230 1814 ὂ
1264 1764 1421 1834 μόνος
1454 1764 1668 1834 ἀληθῶς
1692 1761 1759 1835 ἦν
1790 1766 1921 1829 Υίδς

2034 680 2230 740 praeter
2269 671 2440 725 solum
2479 672 2644 726 Deum
2668 674 2825 727 docet
2853 673 2986 726 nilril
3018 675 3313 730 exstitisse.
3347 676 3479 730 Cum
3506 678 3612 733 Ec-

2033 764 2192 817 clesia
2223 773 2348 816 ante
2377 764 2558 817 mundi
2583 774 2851 828 exortum,
2877 773 2930 818 et
2956 764 3170 819 Patrem
3204 776 3462 836 agnoscat
3485 782 3612 824 ante

2033 855 2247 908 Filium.
2303 853 2522 908 Sabellii
2589 863 2768 924 partes
2820 869 3006 924 agens,
3064 872 3229 908 unum
3259 866 3320 911 et
3353 859 3608 914 eumdem

2032 945 2244 998 Patrem
2273 945 2515 1012 designat
2541 959 2702 1014 atque
2721 946 2937 999 Filium.
2967 947 3236 999 Interdum
3259 948 3610 1006 introducens

2031 1028 2265 1084 Verbum
2302 1032 2604 1086 inuuauens
2640 1052 2654 1088 :
2697 1035 2986 1102 aliquando
3022 1034 3346 1103 prolatitium
3377 1047 3432 1091 et
3460 1053 3612 1092 ema-

2031 1135 2184 1174 naus.
2221 1121 2379 1175 Certe
2402 1123 2569 1176 videri
2605 1124 2714 1176 vult
2746 1125 2842 1178 has
2873 1139 3032 1180 voces
3063 1141 3334 1196 respuere.
3365 1128 3434 1182 At
3462 1131 3607 1182 enim

2029 1213 2155 1278 quid
2207 1211 2351 1265 aliud
2407 1214 2723 1280 assignavit,
2764 1230 2886 1269 cum
2925 1215 3151 1271 Verbum
3188 1217 3316 1272 illud
3377 1218 3521 1274 intus
3556 1221 3607 1273 in

2030 1301 2139 1356 Deo
2171 1318 2312 1356 nunc
2337 1302 2566 1358 aﬂirmet
2594 1322 2606 1358 :
2634 1321 2777 1360 nunc
2804 1321 2900 1376 per
2925 1310 3281 1376 operatricem
3314 1309 3608 1366 efﬁcaciam

2028 1394 2242 1461 prodire
2291 1395 2640 1463 pronuntiet?
2695 1396 2838 1450 unde
2887 1406 2941 1450 et
2995 1413 3114 1451 cum
3168 1401 3404 1455 humano
3437 1403 3609 1458 verbo

2028 1483 2299 1551 componit
2329 1482 2486 1536 illud.
2519 1485 2587 1538 At
2613 1486 2759 1538 enim
2782 1486 2995 1540 divinus
3015 1489 3342 1558 evangelista
3371 1489 3606 1545 Verbum

2027 1589 2056 1626 a
2089 1588 2144 1628 se
2167 1574 2473 1628 deiﬁcatum
2505 1577 2799 1630 secundum
2829 1573 3031 1631 nullum
3062 1580 3286 1633 iet-orum
3324 1582 3605 1636 medorum

2028 1663 2434 1732 intelligendum
2465 1667 2767 1734 proposuit.
2799 1665 2904 1720 Sed
2935 1681 2992 1721 ut
3032 1684 3129 1737 par
3153 1679 3206 1724 et
3235 1686 3447 1738 aequum
3487 1674 3605 1728 fue-

2030 1765 2112 1808 rat
2169 1756 2502 1824 unigenitum
2552 1758 2645 1810 Dei
2667 1759 2867 1812 Filium
2913 1761 3261 1828 intelligendo
3285 1766 3602 1835 concipere.

336 1851 432 1903 τοῦ
461 1851 550 1903 ἐπὶ
580 1853 792 1904 πάντων
827 1851 962 1904 Θεοῦ
989 1868 1001 1880 ·
1041 1851 1167 1915 Υἱὸς
1199 1853 1418 1922 γνήσιος
1447 1853 1635 1917 ὅντως,
1665 1856 1758 1908 καὶ
1786 1856 1920 1922 ἀγα-

2029 1846 2257 1901 Verhum
2286 1861 2408 1901 esse
2432 1848 2632 1913 docuit,
2663 1863 2760 1917 per
2789 1851 2930 1918 quod
2953 1853 3131 1905 omnia
3160 1856 3454 1910 secundum
3480 1872 3606 1912 suas

337 1942 528 2013 πητὸς,
565 1942 643 2012 τῷ
667 1942 829 2016 αὑτοῦ
859 1944 1032 2013 Πατρὶ
1076 1944 1218 1998 κατά
1249 1945 1426 1997 πάντα
1454 1947 1882 2017 ὰφομοιούμενος
1903 1963 1916 1975 ·

331 2033 428 2086 Διὸ
455 2036 548 2087 καὶ
582 2034 714 2097 Θεὸς
755 2031 821 2105 ἦν
854 2035 1090 2105 ἀληθῶς,
1121 2035 1242 2088 καθ’
1268 2036 1294 2088 ὃ
1323 2037 1384 2089 τὸ
1419 2039 1602 2108 νοερὸν
1635 2039 1729 2090 καὶ
1773 2038 1919 2106 λογι-

331 2128 432 2178 κὸν
461 2129 580 2188 ταῖς
625 2127 742 2177 κατ’
769 2126 950 2178 είκόνα
981 2127 1078 2196 τὴν
1108 2125 1269 2178 αὑτοῦ
1302 2129 1698 2197 πεποιημέναις
1723 2130 1919 2199 ψυχαῖς

336 2216 654 2284 ἐναυγάζειν
700 2217 920 2286 φέγγος.
959 2217 1051 2268 Διὸ
1080 2218 1139 2268 οὑ
1182 2217 1398 2270 πάντων
1441 2220 1600 2271 αὑτὸν
1636 2220 1750 2288 φῶς
1779 2218 1918 2274 εἷναί

336 2323 521 2376 φησιν,
556 2307 687 2359 ἀλλὰ
720 2308 895 2377 μόνων
921 2305 1242 2376 ἀνθρώπων.
1275 2303 1395 2362 Ἦν
1421 2307 1530 2377 γὰρ
1564 2309 1630 2362 τὸ
1659 2309 1784 2378 φῶς
1806 2351 1820 2374 ,
1851 2312 1917 2364 τὸ

335 2397 584 2465 φωτίζον
610 2397 804 2450 πάντα
835 2398 1145 2465 ἄνθρωπον
1170 2398 1495 2466 ἐρχόμενον
1541 2403 1627 2465 εἰς
1669 2403 1777 2454 τὸν
1820 2404 1918 2456 κό-

334 2505 520 2556 σμον,
561 2487 683 2558 ἔφη.
702 2487 855 2540 Οὕτω
878 2489 933 2540 δὲ
967 2489 1061 2540 καὶ
1091 2487 1202 2559 ζωὴ
1235 2489 1479 2560 ὑπῆρχεν
1506 2490 1722 2561 ἀληθῶς
1750 2533 1764 2556 ,
1793 2493 1916 2546 καθ’

333 2577 365 2629 ὂ
407 2580 540 2630 πᾶσι
588 2582 700 2642 τοῖς
743 2578 914 2644 ζῶσι,
944 2578 1005 2630 τὸ
1046 2579 1144 2648 τῆς
1189 2580 1246 2646 ἐξ
1295 2580 1460 2632 αὑτοῦ
1497 2584 1913 2652 χορηγίας(55),

338 2667 566 2736 παρέχει
601 2668 749 2733 νᾶμα
783 2667 878 2719 καὶ
911 2665 1031 2719 καθ’
1079 2667 1316 2736 ἑκάστην
1347 2667 1402 2719 δὲ
1434 2669 1674 2722 ἐπίνοιαν
1718 2672 1827 2724 τῶν
1859 2675 1916 2725 έν

338 2757 489 2827 αὑτῴ
529 2757 721 2810 θεῖκῶν
768 2757 1045 2827 δυνάμεων
1077 2758 1491 2828 παραστατικάς
1515 2759 1697 2829 ἐὕροις
1719 2759 1784 2812 ἂν
1819 2761 1916 2813 αὑ-

334 2849 432 2903 τοῦ
480 2851 573 2901 καὶ
606 2849 825 2919 ἀληθεῖς
867 2849 1202 2918 ἐπωνυμίας.
1250 2847 1404 2902 Κατὰ
1442 2849 1618 2901 πάντα
1651 2850 1759 2921 γάρ
1788 2853 1920 2921 ἀλή-

337 2940 459 2994 θεια
501 2937 567 3012 ἦν
589 2943 616 2994 ό
643 2941 770 3004 Υἱὸς
795 2940 888 2993 τοῦ
921 2941 1078 3004 Θεοῦ,
1114 2941 1141 2992 ὃ
1171 2939 1234 3011 δὴ
1280 2939 1612 3009 παρίστησιν
1631 2940 1805 3004 αὐτὸς
1828 2941 1917 2994 λέ-

337 3048 454 3100 γων
485 3033 631 3103 (56)·
671 3033 817 3101 Ἐγώ
847 3036 962 3103 εἰμι
990 3033 1026 3100 ἡ
1060 3032 1330 3099 ἀλήθεια.

2028 1939 2263 1993 rationes
2291 1939 2689 1994 rationabiliter
2723 1951 2850 1996 sunt
2874 1945 3165 1998 constituta
3211 1963 3223 1997 :
3253 1947 3372 2002 sine
3399 1963 3508 2017 quo
3533 1951 3607 2001 ni-

2025 2029 2095 2081 hil
2131 2028 2333 2083 l‘aetum
2359 2040 2441 2085 est
2464 2046 2649 2085 eorum
2681 2047 2801 2100 qua:
2829 2043 2974 2088 sunt.
3002 2034 3169 2089 Deum
3194 2051 3318 2092 eum
3345 2048 3522 2100 vocat.
3551 2049 3606 2093 et

2024 2120 2380 2185 unigenitum,
2429 2131 2711 2189 propterea
2745 2123 2886 2190 quod
2922 2125 3068 2178 solus
3105 2127 3192 2180 ille
3222 2143 3351 2184 vere
3383 2130 3484 2184 fuit
3513 2129 3604 2186 Fi-

2023 2212 2124 2265 lius
2147 2212 2268 2275 Dei;
2317 2213 2430 2279 Dei,
2477 2214 2565 2280 qui
2591 2223 2674 2267 est
2711 2228 2874 2282 super
2894 2219 3075 2271 omnia
3111 2217 3282 2274 Filius
3308 2223 3600 2290 genuinus,

2022 2300 2166 2356 Patri
2191 2317 2288 2357 suo
2310 2303 2538 2357 dilectus
2570 2319 2584 2356 :
2612 2319 2707 2372 per
2735 2305 2916 2359 omnia
2943 2321 3041 2361 suo
3069 2309 3212 2363 Patri
3239 2311 3599 2366 assimilatus:

2025 2404 2082 2446 ut
2112 2394 2232 2448 ideo
2267 2409 2390 2447 vere
2429 2395 2569 2450 Deus
2614 2398 2905 2462 exstiterit,
2951 2412 3015 2451 eo
3049 2401 3189 2467 quod
3236 2402 3438 2457 animis
3471 2418 3502 2458 a
3528 2418 3604 2464 ,se

2024 2485 2221 2538 creatis
2261 2485 2325 2538 ad
2355 2486 2645 2554 imaginem
2680 2501 2834 2540 suam
2859 2488 3283 2544 intellectualem
3311 2491 3486 2548 lucem
3516 2507 3605 2548 ra-

2025 2575 2278 2630 tionalem
2316 2575 2654 2631 irradiaverit
2699 2579 2992 2647 :quocirca
3047 2590 3202 2635 vocat
3235 2583 3405 2637 lucem
3451 2583 3602 2640 illum

2021 2680 2128 2718 non
2187 2680 2365 2719 rerum
2414 2667 2674 2728 omnium,
2727 2671 2820 2722 sed
2872 2670 3147 2723 hominum
3209 2675 3600 2729 tantummodo.

2027 2754 2158 2824 Erat
2193 2757 2350 2820 enim,
2380 2755 2476 2818 ait,
2521 2757 2614 2809 lua:
2647 2758 2956 2812 illuminant
2989 2776 3191 2814 omnem
3223 2763 3480 2816 hominem
3516 2781 3602 2817 ve-

2024 2851 2247 2901 nientem
2281 2849 2334 2900 in
2363 2848 2499 2900 hunc
2529 2848 2802 2900 mwzdum.
2840 2849 2918 2901 Ad
2949 2850 3090 2904 hunc
3131 2854 3346 2905 modum
3385 2861 3439 2906 et
3477 2867 3606 2908 vero

2029 2937 2459 2994 exsistebat'vita
2494 2953 2508 2990 :
2539 2951 2604 2991 eo
2633 2938 2772 3005 quod
2796 2941 3053 2993 erunibus
3089 2941 3395 2996 viventibus
3417 2942 3486 2996 de
3501 2958 3604 2998 suo
3707 2947 3710 2950 ’

2034 3033 2359 3102 suppeditet.
2389 3031 2568 3100 'Atque
2596 3030 2940 3086 itainvenire
2985 3033 3142 3088 nobis
3203 3033 3326 3089 licet
3366 3036 3605 3104 appella-

336 3122 513 3174 tiones
547 3123 593 3174 ei
636 3135 759 3175 vere
793 3121 1104 3186 attributas,
1132 3121 1329 3189 quibus
1353 3136 1472 3188 qua:
1509 3119 1582 3175 illi
1614 3121 1820 3187 insunt,
1871 3122 2068 3176 divinae
2127 3125 2361 3176 virtutes
2403 3130 2882 3188 reprzesentantur.
2952 3122 3163 3191 Ubique
3218 3138 3398 3180 autem
3431 3136 3486 3182 et
3502 3141 3605 3198 per

332 3213 518 3266 omnia
561 3222 697 3278 erat,
737 3213 961 3276 veritas,
1007 3213 1095 3265 Dei
1147 3212 1313 3265 Filius
1360 3223 1502 3278 erat,
1533 3215 1692 3281 quod,
1721 3214 1790 3267 ab
1824 3215 1940 3281 ipso
1980 3215 2274 3268 educentur
2298 3213 2388 3267 ubi
2411 3213 2526 3268 ait:
2561 3213 2669 3280 lt‘go
2703 3231 2819 3266 sum
2854 3217 3045 3268 veritas
3064 3217 3107 3268 ⁵.

972 3304 1128 3356 ΚΕΦ.
1173 3305 1272 3356 IE'.

341 3395 467 3468 Τῶν
500 3395 686 3468 αὑτοῦ
707 3396 1064 3468 Μαρκέλλου
1092 3397 1305 3465 φωνῶν
1330 3399 1709 3468 παραθέσεις,
1728 3397 1802 3450 δι’
1835 3391 1921 3468 ὧν

411 3465 948 3536 ἠρνεῖτοντὸνᾷΥίὸν
971 3466 1075 3519 τοῦ
1110 3468 1256 3521 Θεοῦ
1295 3465 1526 3534 σαφῶς,
1559 3467 1922 3536 προφορικόν

409 3536 606 3602 Λόγον
630 3535 666 3600 ἢ
701 3534 1042 3589 ἐνδιάθετον
1074 3537 1325 3605 φάσκων
1362 3536 1520 3593 εἶναι
1553 3534 1764 3591 αὐτόν,

421 3625 559 3675 Ἀλλ’
583 3626 610 3676 ὀ
638 3625 755 3688 νέος
785 3629 1134 3698 συγγραφεὺς
1166 3627 1339 3681 ταῦτα
1368 3629 1466 3699 μὲν
1499 3626 1622 3679 οὔτε
1653 3626 1918 3696 συνίησιν,

329 3714 456 3768 οὔτε
487 3711 656 3778 οἶδεν,
692 3717 802 3768 οὐθ’
842 3719 922 3770 ὅτι
956 3719 1139 3784 ἀγνοεῖ
1185 3714 1360 3770 οἶδεν·
1408 3718 1444 3772 ἃ.
1478 3718 1542 3788 δὴ
1589 3717 1682 3772 καὶ
1723 3718 1920 3770 εἰδέναι

331 3806 512 3876 αὑχεῖ,
546 3806 693 3868 ὅπως
722 3807 964 3877 συνίστη.
1001 3808 1137 3879 Φέρε
1186 3810 1348 3862 πάλιν
1395 3808 1514 3864 εἶτα
1561 3811 1922 3873 ἀναλαϐόντες

330 3895 691 3966 ἀκούσωμεν,
724 3895 799 3958 ὼς
847 3897 926 3966 τῷ
966 3899 1024 3950 ἐν
1067 3899 1373 3968 ἀνθρώποις
1421 3902 1584 3967 αὑτὸν
1629 3900 1918 3965 ἀπεικάζει

333 3984 498 4056 λόγῳ,
541 3985 617 4056 τῷ
647 4003 706 4038 τε
745 3985 887 4039 κατὰ
913 3987 1177 4053 διάνοιαν,
1207 3991 1299 4042 καὶ
1332 3991 1410 4061 τῷ
1435 3993 1576 4046 κατὰ
1610 3990 1916 4062 προφορὰν,

332 4074 522 4128 τοῦτον
555 4077 780 4146 γράφων
812 4077 902 4131 τὸν
929 4079 1127 4149 τρόπον
1149 4097 1161 4108 ’
1205 4099 1222 4131 ‹
1259 4081 1427 4134 Τοῦτο
1460 4082 1515 4134 δὲ
1551 4083 1732 4152 ῥᾴδιον
1767 4080 1920 4152 οἶμαι

337 4187 358 4218 4
396 4170 504 4230 τοῖς
535 4165 594 4222 εῦ
635 4168 888 4240 φρονοῦσι
933 4170 1025 4222 καὶ
1057 4172 1164 4224 ἀπὸ
1201 4172 1397 4243 μικροῦ
1427 4189 1573 4235 τινος
1600 4173 1694 4226 καὶ
1731 4190 1922 4225 ταπει-

335 4277 360 4308 ‹
401 4258 492 4310 νοῦ
537 4259 657 4311 καθ’
690 4261 840 4329 ἡμᾶς
884 4261 1322 4332 παραδείγματος
1361 4258 1603 4331 γνῶναι“
1651 4263 1770 4315 οὑδὲ
1813 4263 1920 4334 γὰρ

344 4367 360 4396 ι
399 4347 489 4399 τὸν
526 4347 620 4400 τοῦ
669 4348 957 4419 ἀνθρώπου
1007 4350 1163 4418 λόγον
1207 4351 1435 4423 δυνάμει
1487 4354 1585 4406 καὶ
1625 4354 1919 4406 ὑποστάσει

339 4458 359 4487 ι
402 4437 631 4508 χωρίσαι
663 4441 769 4492 τινὶ
806 4439 1048 4494 δυνατόν.
1087 4443 1182 4494 Ἓν
1223 4444 1330 4514 γάρ
1357 4447 1472 4496 ἐστι
1503 4443 1595 4496 καὶ
1620 4443 1813 4495 ταὺτόν
1842 4444 1920 4513 τῷ

341 4549 360 4580 ε
400 4529 670 4601 ἀνθρώπῳ
697 4531 727 4582 ὁ
769 4531 926 4598 λόγος
950 4548 963 4562 ο
992 4532 1086 4584 καὶ
1115 4533 1288 4587 οὐδενὶ
1329 4536 1694 4604 χωριζόμενος
1747 4534 1919 4604 ἑτέρῳ

2598 3309 2655 3366 ›Ῑ‹
2689 3303 2838 3358 CA'P.
2875 3304 2991 3360 XV.

2035 3394 2192 3449 Vare:
2229 3405 2594 3467 proponuntur
2617 3396 2743 3467 illm,
2766 3398 2950 3466 quibus
2990 3397 3273 3451 Marcellus
3296 3400 3603 3467 planissime

2093 3463 2363 3533 (clmegat-it
2406 3465 2500 3517 Dei
2537 3463 2733 3518 Filium
2766 3463 3076 3535 .‘ofﬁrmtms
3109 3469 3256 3521 illum
3296 3463 3414 3525 esse
3471 3471 3605 3527 Ver?-

2093 3535 2213 3586 bum
2244 3549 2379 3586 nunc
2413 3536 2723 3598 immanem,
2766 3552 2903 3589 nunc
2939 3553 3208 3591 emanam.

2093 3626 2161 3677 At
2211 3623 2446 3678 novitius
2482 3624 2582 3678 iste
2630 3628 2862 3691 scriptor
2915 3626 3030 3680 lucc
3091 3642 3263 3697 neque
3317 3631 3600 3697 intellexit,

2023 3730 2196 3784 neque
2233 3715 2400 3778 novit,
2449 3730 2620 3784 neque
2651 3715 2780 3770 illud
2827 3718 2973 3771 novit
3017 3719 3159 3787 quod
3193 3721 3306 3774 ΙΜξο
3351 3722 3598 3792 ignoret:

2023 3803 2140 3876 (pne
2177 3818 2352 3859 tamen
2399 3823 2504 3860 non
2557 3808 2768 3861 nescire
2805 3824 2863 3862 se
2890 3809 3187 3882 gloriatur,
3215 3814 3443 3882 qualiter
3471 3818 3604 3882 sub-

2023 3899 2240 3952 sistunt.
2267 3897 2506 3966 Agedum
2547 3911 2694 3963 vero,
2722 3913 3118 3956 reassumeutes
3140 3918 3258 3971 quae
3283 3905 3423 3958 dicta
3451 3918 3601 3972 sunt,

2023 3990 2309 4043 audiamus
2369 3999 2429 4041 ut
2476 3987 2624 4040 illum
2688 3990 3070 4046 assimilaverit
3117 3993 3350 4048 humano
3389 3996 3599 4050 verbo:

2023 4095 2145 4134 cum
2193 4078 2334 4147 quod
2389 4078 2715 4148 cogitatione
2772 4083 3269 4147 rmnpreltenditur,
3308 4092 3419 4137 tum
3457 4089 3601 4153 quod

2023 4170 2316 4239 profertur.
2346 4169 2422 4222 Ita
2449 4177 2628 4222 autem
2652 4169 2728 4223 ait
2763 4168 2851 4240 [IL
2892 4170 2975 4223 LV
3001 4172 3123 4225 coll.
3155 4189 3207 4240 p.
3249 4175 3318 4229 59
3346 4175 3408 4241 D,
3438 4175 3505 4229 79
3536 4175 3600 4242 Β,

2024 4262 2126 4316 114
2159 4261 2222 4333 1)]
2265 4281 2277 4314 :
2318 4278 2337 4311 ί
2385 4259 2565 4314 Facile
2610 4261 2712 4315 hoc
2753 4262 2948 4327 opinor
2999 4264 3376 4333 intelligentes,
3422 4269 3604 4322 animo

2027 4371 2044 4402 ι
2084 4349 2526 4420 comprehensuri
2558 4357 2703 4410 sunt,
2731 4349 2798 4402 ab
2827 4350 3101 4414 humanis,
3126 4351 3602 4407 similitudiuelhu-

2027 4463 2046 4493 ι
2085 4443 2194 4497 mili
2227 4440 2442 4510 quidem
2469 4440 2557 4493 illa
2582 4448 2848 4494 etcouten
2873 4441 3068 4494 nenda.
3101 4441 3234 4495 Nam
3271 4458 3445 4512 neque
3481 4461 3606 4514 pos-
3711 4497 3713 4499 .

2027 4556 2046 4587 ι
2082 4534 2235 4589 sibile
2256 4541 2340 4588 est
2365 4533 2637 4600 cuiquam,
2664 4530 2746 4583 vel
2775 4539 3041 4598 potestate
3070 4541 3123 4585 et
3147 4532 3424 4603 hypostasi
3449 4550 3607 4604 sepa-

341 4646 357 4674 c
404 4624 434 4692 ἢ
472 4624 608 4696 μόνῃ
634 4627 700 4694 τῇ
736 4625 826 4694 τῆς
851 4625 1100 4695 πράξεως
1124 4629 1396 4697 ἐνεργείᾳ.
1432 4647 1450 4678 ι
1496 4629 1582 4680 Ἐν
1607 4627 1663 4679 δὲ
1703 4626 1913 4689 τούτοις

2027 4643 2041 4674 ι
2079 4637 2201 4678 rare
2228 4623 2450 4677 verbum
2483 4622 2626 4691 quod
2657 4621 2708 4673 in
2735 4619 3045 4674 hominibus
3071 4631 3174 4674 est.
3205 4620 3349 4676 Idem
3401 4625 3604 4678 etenim

330 4713 414 4783 τῷ
447 4713 764 4784 προφορικιῇ
793 4714 934 4784 λόγῳ
976 4716 1240 4786 κέχρηται
1283 4717 1451 4770 εἰκόνι
1477 4731 1490 4745 ·
1523 4717 1600 4786 τῷ
1629 4717 1686 4769 δέ
1723 4733 1784 4784 γε
1833 4719 1918 4772 ὲν-

329 4803 563 4873 διαθέτῳ
585 4807 643 4856 ὲν
669 4801 749 4867 οἷς
773 4805 947 4876 ταῦτά
968 4823 1161 4876 φησιν’
1197 4827 1215 4857 ι
1246 4808 1320 4859 Οὑ
1353 4808 1460 4879 γὰρ
1488 4808 1601 4878 (57)
1631 4808 1693 4879 δὴ
1725 4807 1918 4877 ἐτέρας

339 4882 356 4941 ι
401 4892 737 4962 ὲτοιμασίας,
767 4889 878 4946 οἷον
919 4893 1070 4964 ὕλης,
1113 4895 1146 4966 ἢ
1180 4895 1346 4966 ἄλλης
1371 4897 1513 4961 τινὸς
1544 4897 1914 4967 ἀνθρωπίνης,

336 5001 354 5031 ι
389 4984 418 5034 ό
463 4983 594 5046 Θεός
625 4985 795 5037 ἐδεῖτο
825 4987 960 5057 πρὸς
1001 4990 1340 5060 κατασκευὴν
1361 5030 1374 5052 ,
1406 4988 1543 5042 ἀλλά
1569 4988 1774 5058 ταύτης
1817 4989 1918 5058 τῆς

337 5093 354 5123 ι
400 5075 458 5128 ὲν
488 5076 553 5144 τῇ
585 5073 777 5128 ἑαυτοῦ
812 5075 1018 5148 διανοίᾳ
1042 5079 1377 5148 ὲτοιμασίας.
1426 5078 1577 5131 Ἐπεὶ
1601 5073 1694 5130 οῦν
1719 5078 1916 5131 ἀδύνα-

337 5184 354 5214 ‹
397 5181 486 5216 τον
526 5161 593 5236 ἦν
636 5167 805 5237 χωρὶς
833 5167 993 5236 λόγου
1029 5170 1122 5221 καὶ
1165 5170 1265 5234 τῆς
1314 5170 1620 5241 προσούσης
1662 5170 1742 5241 τῷ
1774 5170 1916 5239 λόγῳ

413 5305 470 5362 K4
502 5299 598 5356 Ed.
632 5299 831 5365 Paris.,
862 5317 982 5372 pag.
1020 5303 1142 5356 123.

406 5393 425 5422 ⁸
458 5389 615 5444 Joan.
651 5408 761 5455 XIV,
787 5391 837 5445 6.
1075 5417 1086 5428 -

411 5529 525 5597 (52)
555 5528 726 5587 Vulgo
752 5528 937 5581 αὑτόν.

353 5637 358 5640 -
414 5593 523 5667 (55)
558 5597 732 5664 Πλὴν
772 5597 848 5664 δὴ
885 5598 1086 5667 λόγος.
1126 5595 1435 5667 Legeudum
1477 5593 1806 5667 forte,_r:).i}v
1835 5595 1912 5654 δὲ,

336 5669 403 5722 ἐκ
426 5664 561 5728 τοῦ,
593 5667 792 5735 λέγειν,
826 5664 1083 5736 ποτὲμὲν
1109 5664 1278 5736 ίένδον
1320 5665 1482 5718 αὑτὸν
1515 5664 1606 5716 τὸν
1632 5664 1822 5736 λόγον,
1859 5667 1915 5716 ἐν

335 5739 418 5808 τῷ
445 5736 584 5807 Θεῷ,
609 5734 674 5789 et
697 5749 877 5808 tamen
906 5734 1378 5808 adiperlicitimlmu
1411 5734 1734 5808 sententiain
1791 5737 1917 5788 dcc-

337 5802 433 5876 rit,
459 5802 632 5862 simile
655 5806 803 5876 quid,
830 5804 1105 5858 ἁλίσκεται
1137 5803 1290 5856 τοῦτο
1323 5803 1517 5870 λέγων.
1565 5802 1635 5857 Μ.

2029 4732 2050 4766 ι
2085 4726 2362 4781 unumque
2407 4726 2530 4767 cum
2578 4711 2796 4766 homine
2851 4710 3074 4764 verbum
3122 4725 3276 4765 suum
3342 4713 3601 4767 exsistit:

2029 4826 2048 4856 ι
2089 4807 2400 4874 neutiquam
2448 4806 2518 4859 b
2573 4804 2800 4870 homine
2833 4801 3212 4871 separandum,
3256 4802 3356 4856 nisi
3409 4807 3600 4872 agendi

2033 4916 2052 4948 ς
2088 4897 2200 4951 sola
2229 4896 2461 4952 actione.
2508 4914 2528 4946 ›
2575 4895 2755 4950 Utitur
2782 4894 2869 4948 hic
2890 4894 3006 4960 jam
3028 4892 3275 4959 exemplo
3308 4893 3454 4945 verbi
3478 4909 3605 4962 pro-

2031 4987 2187 5041 l..titii
2223 5004 2236 5040 :
2274 4985 2619 5040 immanentis
2669 4993 2847 5036 autem
2890 4983 3088 5045 denuo,
3127 4980 3217 5034 ubi
3262 4981 3338 5034 ait
3371 4979 3460 5050 lli.
3493 4981 3602 5039 Llll

2025 5080 2150 5133 coll.
2182 5093 2235 5146 p.
2269 5076 2340 5130 40
2371 5075 2438 5146 ΑΙ
2474 5093 2487 5128 :
2523 5095 2540 5126 ι
2579 5074 2760 5154 Neque
2806 5073 2949 5128 enim
2983 5082 3306 5140 apparatura
3339 5072 3444 5126 ulla
3474 5075 3602 5137 alia,

2030 5188 2047 5219 ι
2093 5183 2284 5236 nempe
2331 5166 2590 5228 materiai,
2652 5167 2730 5218 vel
2781 5161 3084 5230 huiusmodi
3140 5163 3410 5232 indigebat
3463 5164 3607 5220 Deus

2101 5526 2212 5592 (5i)
2245 5525 2413 5595 Vulgo
2443 5525 2563 5596 μέν.

2098 5581 2212 5666 (55)
2246 5581 2414 5666 Vulgo
2443 5581 2711 5666 παρέχειν
2734 5592 2913 5662 νᾶμας
2937 5596 3194 5645 caeterum
3225 5586 3296 5643 cl'.
3326 5601 3378 5655 p.
3403 5581 3604 5640 128Β7.

2099 5665 2211 5732 ί56)
2245 5665 2418 5732 Vulgo
2445 5665 2626 5727 αὑτός.
3549 5719 3554 5732 ι

2099 5735 2212 5805 (57)
2246 5734 2414 5803 Vulgo
2439 5734 2516 5786 δέ.
