4082 6428
462 0 565 23 -L—mif;
662 12 683 15 νλ
702 12 711 13 ί
746 12 1029 27 ...Τ-Β-’ὼ-ντ-π-ῑ-ὴ
1052 24 1081 29 ἡ,
1096 24 1427 33 __________

496 359 619 423 4935

1182 353 1455 411 eussuu
1491 350 1970 408 cmsantENSts
2007 350 2158 407 ore.
2200 350 2385 405 pass
2422 350 2510 404 IV.
2553 381 2621 391 -
2662 342 3077 407 DOGMATICA.
3166 328 3178 336 ’

517 494 538 528 1
571 478 819 530 humana:
847 473 1120 529 facultatis
1155 472 1221 526 ad
1248 471 1436 551 mundi
1458 471 1822 526 conditionem
1846 487 1861 524 :
1888 469 1980 525 sed
2002 485 2087 525 so-

2201 489 2219 520 ι
2253 470 2444 539 σοφίας
2472 470 2719 540 ἐννοῆσαι
2751 469 2878 539 περὶ
2905 468 3004 539 τῆς
3032 464 3125 520 τοῦ
3150 455 3380 538 ούρανοῦ
3412 466 3783 537 κατασκευῆς,

517 586 537 618 1
574 568 622 623 la
654 568 740 621 illa
784 582 903 635 qum
937 567 1082 618 intus
1109 564 1185 617 illi
1215 573 1332 618 erat
1365 563 1507 632 apud
1529 563 1771 616 animum
1800 570 2093 632 apparatu-

509 676 538 713 ει
574 675 653 713 ra.
681 658 815 713 Cum
858 673 988 709 vvro
1031 671 1136 709 non
1162 664 1346 724 posset
1379 654 1517 718 lieri,
1543 664 1601 708 ut
1633 654 1748 709 sine
1774 656 1960 717 verbo,
2003 661 2096 707 aut

512 764 540 801 1
576 749 743 801 verbo
770 761 888 814 qua:
914 755 1110 813 praesto
1141 759 1358 813 semper
1386 741 1490 797 fuit
1519 742 1808 812 sapientia,
1835 741 2096 811 cogitaret

513 854 539 887 1
575 837 642 891 de
674 836 799 891 coeli
827 843 1087 902 apparatu
1133 835 1292 898 Deus,
1331 834 1556 889 omnino
1596 834 1733 887 bene
1763 832 1900 886 dixit
1923 850 1937 888 :
1963 830 2096 886 Cum

512 941 538 974 1
570 924 754 979 (telum
779 933 1126 993 pra'pararet,
1156 922 1238 975 illi
1269 938 1373 975 una
1399 922 1672 977 aderam“.
1708 942 1727 973 ι
1774 922 2097 993 Progressus

507 1015 688 1072 adhuc
724 1015 1027 1070 immauens
1065 1013 1224 1068 simul
1251 1027 1371 1068 esse
1395 1023 1448 1068 et
1475 1013 1603 1070 illud
1630 1013 1863 1069 Verbum
1894 1015 2093 1081 docuit,

506 1104 588 1159 ita
616 1106 866 1175 inquiens
898 1102 992 1175 [Β.
1024 1103 1111 1158 Lll
1134 1103 1257 1158 coll.
1285 1118 1338 1173 p.
1365 1105 1435 1158 40
1469 1102 1534 1176 υ]
1562 1121 1579 1158 -:
1615 1124 1640 1156 1
1673 1105 1739 1159 Et
1759 1106 1881 1174 quis
1913 1120 2097 1174 quaeso

507 1216 536 1252 1
572 1198 689 1254 sive
734 1207 1047 1253 sanctorum
1076 1210 1112 1251 e
1138 1195 1312 1251 choro
1339 1195 1673 1267 angelorum,
1716 1210 1811 1250 seu
1859 1195 2096 1248 virorqu

510 1307 539 1342 1
562 1287 833 1356 iustorum
872 1288 1069 1358 dignus
1091 1285 1223 1343 satis
1245 1297 1366 1342 erat
1389 1286 1712 1356 supplicium
1746 1286 1896 1349 illud,
1930 1303 1958 1339 a
1989 1286 2098 1341 Deo

514 1397 536 1430 ι
572 1379 937 1447 personaliter
963 1377 1039 1432 illi
1072 1378 1403 1433 destinatum
1438 1387 1706 1441 avertere,
1736 1375 1835 1431 nisi
1860 1374 2095 1430 Verbum

508 1488 536 1524 1
568 1470 725 1532 illud.
749 1471 895 1540 quod
918 1479 1117 1540 praesto
1134 1470 1214 1524 illi
1236 1476 1376 1532 erat,
1399 1478 1456 1524 et
1480 1483 1568 1523 res
1590 1468 1936 1538 contingebat
1959 1484 2095 1522 una:

508 1580 535 1614 1
566 1562 656 1636 cui
678 1561 851 1619 Pater
879 1562 1016 1617 dixit
1054 1561 1188 1617 illud
1221 1578 1241 1616 :
1276 1559 1566 1615 Faciamus
1609 1561 1869 1615 hominem
1888 1561 1930 1612 ⁷.
1975 1579 1994 1612 ι
2040 1559 2095 1613 In

504 1653 871 1722 sequentibus
890 1652 967 1708 ita
996 1652 1489 1722 liquidd’deelarat,
1520 1650 1794 1720 quodnam
1824 1651 2098 1706 subintro-

420 1740 427 1747 “
509 1743 743 1798 ducebat
778 1743 1036 1810 Verbum,
1068 1743 1323 1812 inquiens
1355 1758 1370 1793 :
1401 1761 1426 1795 1
1453 1743 1608 1810 Quod
1641 1743 1686 1797 si
1716 1744 1841 1813 quis
1864 1745 2099 1798 humano

516 1853 537 1886 1
570 1834 665 1890 illo
690 1835 909 1906 quidem
955 1845 1009 1890 et
1049 1837 1247 1904 exiguo
1279 1836 1355 1891 uti
1385 1836 1512 1891 velit
1551 1836 1820 1906 exemplo,
1858 1847 1913 1892 et
1966 1847 2087 1891 tan-

512 1943 539 1977 1
574 1941 736 1995 quam
781 1930 852 1982 ad
901 1928 1195 1994 imaginem
1233 1928 1548 1996 quamdam,
1599 1926 1837 1983 divinam
1876 1927 2093 1995 exigere

508 2035 532 2068 1
568 2019 939 2084 operationem
997 2018 1069 2072 ita
1122 2026 1349 2072 statuet.
1387 2015 1541 2083 Quod
1594 2016 1755 2071 sicuti
1787 2025 2091 2069 statuarum

508 2123 533 2159 1
571 2108 731 2161 lictor
754 2109 1025 2178 quispiam
1070 2107 1361 2169 excellens,
1392 2115 1625 2162 statuam
1670 2107 1856 2161 volens
1891 2106 2100 2161 ιεοιιῐὶυ-Δ

505 2214 532 2248 1
567 2210 716 2265 gere,
761 2197 1013 2267 inprimis
1050 2203 1108 2261 ᾖ(
1143 2197 1288 2252 illius
1313 2196 1535 2261 formas,
1565 2205 1622 2252 et
1649 2211 1937 2266 expressas
1966 2195 2094 2262 ligu-

504 2302 533 2336 1
568 2300 660 2340 ras
714 2287 859 2341 intus
914 2287 1159 2352 revolvit,
1207 2287 1348 2356 apud
1396 2286 1640 2340 animum
1694 2286 2087 2363 considerans:

504 2394 530 2426 1
570 2386 683 2430 tum
729 2379 945 2446 adoptat
994 2379 1044 2434 ei
1077 2378 1491 2446 longitudinem,
1528 2388 1732 2447 quanta
1769 2377 2001 2433 sttﬂiciet
2036 2389 2092 2434 et

502 2486 528 2521 ι
564 2467 907 2522 latitudinem
934 2484 948 2520 :
981 2469 1495 2538 proportionemque
1523 2467 1782 2537 cujusque
1802 2470 1995 2537 partis,
2021 2471 2089 2523 ad

504 2575 527 2608 1
568 2558 732 2613 totius
756 2573 1065 2613 mensuram
1093 2559 1351 2614 decenter
1376 2560 1542 2628 exigit
1567 2577 1580 2613 :
1611 2547 1769 2614 curat
1791 2570 1848 2613 ut
1879 2561 1947 2613 ad
1976 2575 2089 2612 ma-

502 2664 528 2699 ι
562 2661 693 2700 num
727 2647 800 2702 sit
832 2657 1158 2717 praeparata,
1214 2663 1338 2717 qme
1386 2647 1619 2704 suﬂlciat
1670 2648 1796 2703 a‘ris
1839 2650 2084 2703 materia.

505 2754 528 2789 1
562 2739 741 2807 Atque
777 2738 852 2792 ita
886 2747 1174 2807 postquam
1201 2755 1299 2793 sua
1329 2739 1660 2811 cogitatione
1686 2747 1917 2794 statuam
1948 2754 2089 2808 pra:-

2202 581 2220 612 1
2253 562 2343 614 τὸν
2374 562 2506 613 Θεὸν
2528 563 2753 623 είκότως
2785 560 2910 629 ἔφη,
2953 579 2970 610 ι
3014 559 3227 613 Ἠν-[κα
3260 558 3532 627 ἡτοίμαζὲ
3555 558 3662 613 τὸν
3682 560 3787 611 οὐ-

2187 653 2401 719 ρανὸν,
2442 644 2855 721 συμπαρήμην
2898 643 3075 713 αὐτῷ.
3108 642 3222 701 Εἶθ’
3256 648 3383 719 ἑξῆς
3410 645 3616 720 προῖὼν
3645 642 3785 719 ὁμοῦ

2196 745 2289 797 καὶ
2316 744 2621 797 ἐνδιάθετον
2645 743 2735 796 τὸν
2758 737 2855 795 τοῦ
2891 741 3026 794 Θεοῦ
3060 734 3229 809 Λόγον
3262 741 3523 811 παρίστη,
3554 740 3785 812 γράφων

2195 837 2337 892 οὕτω
2362 855 2375 869 ο
2439 856 2456 888 ι
2494 837 2589 900 Τίς
2634 836 2744 908 γὰρ
2793 834 2965 897 οὕτως
3005 828 3177 906 ἢτῶν
3224 834 3396 903 ἁγίων
3444 825 3784 903 ἀγγέλων,

2204 948 2222 979 1
2260 927 2468 1000 ἀνδρῶν
2509 927 2733 980 δικαίων
2773 924 3085 990 ἀξιόπιστος
3130 921 3199 996 ἦν
3243 924 3345 996 τὴν
3392 926 3457 979 ὲκ
3490 923 3785 995 προσώπου

2203 1036 2222 1069 ι
2263 1016 2359 1070 τοῦ
2394 1017 2529 1070 Θεοῦ
2570 1016 2878 1086 ὁρισθεῖσαν
2908 1014 3058 1085 αύτῷ
3102 1015 3374 1086 τιμωρίαν
3413 1012 3592 1077 λῦσαι,
3620 1015 3670 1066 εἱ
3709 1013 3787 1083 μὴ

2203 1125 2221 1156 ‹
2253 1102 2413 1169 αὐτὸς
2450 1107 2480 1158 6
2522 1100 2714 1173 Λόγος,
2743 1107 2772 1158 6
2820 1099 3123 1175 συμπαρὼν
3161 1122 3219 1157 τε
3266 1099 3358 1158 καὶ
3398 1098 3787 1175 συμπλάττων,

2203 1218 2222 1249 ι
2257 1198 2392 1269 πρὸς
2425 1198 2483 1249 ὃν
2512 1200 2539 1249 6
2569 1187 2757 1268 Πατὴρ
2779 1238 2793 1259 ,
2832 1195 3179 1264 Ποιήσωμεν
3206 1194 3552 1264 ἄνθρωπον,
3583 1195 3725 1265 ἔφη;
3764 1214 3783 1247 ι

2198 1285 2419 1363 Τούτοις
2451 1289 2577 1356 ἑξῆς
2602 1289 2855 1359 διασαφεῖ
2881 1289 2909 1341 6
2933 1292 3082 1343 ποῖον
3106 1287 3314 1356 εἰσάγει
3340 1287 3496 1357 λόγον
3520 1288 3747 1357 φάσκων
3770 1306 3783 1318 ·

2204 1399 2221 1429 1
2257 1378 2371 1432 ἀλλ’
2406 1380 2571 1442 εἴτις
2602 1378 2785 1449 μικρῷ
2830 1395 2934 1432 τινι
2977 1378 3072 1430 καὶ
3105 1376 3427 1448 ἀνθρωπίνῳ
3474 1377 3594 1430 καθ’
3634 1379 3789 1449 ἡμᾶς

2204 1489 2223 1523 1
2266 1471 2666 1541 παραδείγματι
2693 1463 3004 1541 χρώμενος,
3038 1460 3113 1532 ὥς
3144 1468 3230 1521 διὰ
3262 1469 3468 1532 εἰκόνος
3495 1469 3594 1540 τὴν
3632 1462 3789 1522 θείαν

2205 1579 2223 1612 1
2256 1560 2499 1627 ἐξετάζοι
2545 1560 2774 1632 πρᾶξιν,
2810 1553 2998 1630 ὥσπερ
3026 1558 3092 1613 ἂν
3124 1558 3179 1612 εἴ
3217 1577 3300 1623 τις
3339 1559 3790 1632 ἀνδριαντοποιὸς

2205 1669 2222 1702 1
2264 1652 2581 1721 ἐπιστήμων
2631 1651 2801 1722 ἀνὴρ,
2851 1644 3139 1723 ἀνδριάντα
3193 1650 3392 1704 πλάσαι
3438 1646 3787 1723 βουλόμενος,

2204 1758 2222 1791 ι
2261 1740 2474 1812 πρῶτον
2506 1741 2604 1810 μὲν
2628 1740 2749 1803 τοὺς
2773 1737 2991 1802 τύπους
3016 1734 3182 1792 αὑτοῦ
3211 1740 3305 1793 καὶ
3340 1738 3698 1812 χαρακτῆρας
3727 1738 3790 1795 ὲν

2206 1850 2225 1884 ι
2258 1833 2436 1902 ἑαυτῷ
2470 1835 2661 1886 σκοπεῖ
2683 1849 2696 1862 ’
2740 1832 2929 1886 ἔπειτα
2970 1831 3169 1895 πλάτος
3208 1849 3268 1885 τε
3297 1835 3390 1886 καὶ
3420 1833 3625 1904 μῆκος,
3652 1828 3791 1887 νόσον

2206 1941 2225 1974 1
2263 1920 2554 1994 εὐπρεπὲς,
2588 1925 2758 1976 ὲννοεῖ
2783 1939 2795 1951 ·
2826 1921 3116 1990 ἀναλογίαν
3160 1940 3218 1976 τε
3260 1922 3352 1976 τοῦ
3385 1924 3585 1987 παντὸς
3618 1927 3676 1977 ὲν
3704 1924 3789 1994 τῷ

2205 2031 2223 2064 ι
2260 2012 2379 2066 καθ’
2412 2014 2642 2066 ἕκαστον
2668 2011 2909 2077 ἐξετάζει
2941 2013 3127 2084 μέρει,
3158 2013 3360 2083 χαλκοῦ
3394 2030 3449 2067 τε
3480 2014 3580 2086 τὴν
3609 2016 3789 2086 πρότ-

2204 2123 2221 2155 ι
2256 2121 2420 2175 φορον
2446 2103 2739 2174 ἑτοιμάσας
2767 2102 2919 2174 ὓλην,
2946 2104 3041 2156 καὶ
3077 2105 3169 2156 τὸν
3193 2103 3450 2175 ἐσόμενον
3491 2100 3789 2175 ἀνδριάντα

2205 2212 2221 2245 1
2253 2197 2318 2266 τῇ
2356 2194 2546 2247 ἑαυτοῦ
2587 2193 2949 2265 προτυπώσας
2986 2194 3227 2265 διανοίᾳ,
3264 2195 3358 2248 καὶ
3399 2190 3605 2265 νοητῶς
3650 2195 3789 2267 ὁρᾷ-ι
3886 2188 3887 2193 “

2201 2304 2224 2339 ί
2260 2286 2508 2357 νομίσας,
2545 2285 2798 2350 συνειδώς
2823 2304 2885 2339 τε
2918 2286 3095 2357 ἐαυτῷ
3122 2284 3403 2357 συνεργεῖν
3428 2283 3521 2339 τὸν
3546 2285 3709 2355 λόγον
3740 2280 3789 2354 ᾧ

2202 2395 2220 2426 ι
2258 2376 2564 2447 λογίζεται,
2613 2377 2707 2430 καὶ
2750 2369 2795 2444 ᾧ
2841 2378 3017 2430 πάντα
3071 2379 3333 2448 πράττειν
3377 2377 3566 2431 εἴωθεν
3609 2366 3788 2448 (οὐδὲν

2201 2485 2218 2516 ι
2258 2465 2368 2536 γὰρ
2417 2464 2527 2536 (58)
2563 2465 2657 2537 ’μὴ
2706 2465 2849 2537 λόγῳ
2897 2462 3181 2538 γινόμενον
3229 2467 3436 2537 καλὸν),
3480 2469 3789 2540 ἀρχόμενος

2201 2574 2220 2607 1
2251 2557 2663 2635 c'ﬁqaloﬁq‘cﬁ;
2710 2560 2915 2629 ταύτης
2961 2559 3245 2630 ἐργασίας,
3290 2560 3428 2631 πρὸς
3469 2562 3679 2627 ἑαυτὸν,
3706 2561 3789 2627 ὡς

2201 2667 2221 2700 ι
2257 2649 2394 2719 πρὸς
2426 2651 2633 2721 ἕτερον,
2670 2651 3099 2722 παρακελεύεται
3144 2651 3338 2719 λέγων,
3370 2652 3503 2721 ’Δγε
3545 2655 3788 2725 ποιήσω-

2199 2759 2220 2793 1
2264 2759 2385 2813 μεν,
2421 2742 2520 2810 ἄγε
2550 2742 2843 2813 πλάσωμεν
2878 2742 3170 2815 ἀνδριάντα
3196 2760 3209 2772 ·
3247 2742 3419 2807 οὕτως
3446 2747 3476 2798 ό
3503 2745 3612 2799 τῶν
3643 2746 3786 2800 ὅλων

3671 350 3784 408 9736
3854 387 3874 403 κ

501 2838 527 2876 ι
564 2825 883 2893 ﬁguraverit
914 2825 1063 2879 illam
1100 2843 1118 2880 7:
1153 2826 1416 2881 lustrasse
1451 2842 1573 2882 eam
1621 2842 1680 2883 se
1708 2837 1969 2897 reputans
2006 2828 2087 2883 iu-

2200 2852 2219 2885 ι
2251 2833 2516 2901 δεσπότης
2568 2834 2701 2898 Θεὸς
2728 2875 2742 2897 ,
2794 2834 2886 2887 τὸν
2930 2834 3170 2905 ἔμψυχον
3221 2836 3286 2888 ἐκ
3337 2838 3441 2907 γῆς
3489 2836 3784 2908 ἀνδριάντα

504 2932 528 2968 1
562 2916 783 2972 tellectu
814 2933 915 2973 suo
959 2920 1219 2974 conscius
1266 2919 1533 2974 rationem
1569 2919 1735 2985 illam,
1780 2934 1878 2989 per
1923 2936 2085 2990 quam

2199 2942 2217 2975 ι
2261 2924 2450 2989 ποιῶν,
2472 2925 2573 2978 οὐκ
2598 2924 2742 2996 ἄλλῳ
2770 2927 2876 2979 τινὶ
2895 2926 3029 2979 ἀλλὰ
3058 2927 3134 2997 τῷ
3157 2927 3350 2980 ἑαυτοῦ
3382 2928 3785 2998 παρεκελεύετο

502 3023 527 3058 1
567 3006 926 3063 ratiocinator
946 3023 1132 3063 secum
1167 3025 1274 3063 una
1297 3010 1580 3079 cooperari
1624 3026 1726 3066 nec
1750 3025 1810 3067 se
1840 3012 1958 3068 sine
1994 3028 2082 3067 ra-

2199 3032 2218 3065 ι
2258 3014 2437 3085 Λόγῳ,
2467 3014 2818 3084 Ποιήσωμεν
2833 3014 3166 3082 ἄνθρωπον,
3194 3016 3386 3083 λέγων.
3415 3037 3431 3068 ι
3454 3015 3554 3068 Διά
3575 3015 3785 3070 τούτων

503 3115 524 3147 1
562 3097 708 3152 tione
753 3097 1049 3168 quidquam
1084 3109 1413 3156 construere
1453 3118 1471 3154 ι
1514 3101 1674 3172 (nihil
1728 3104 1874 3159 enim
1926 3104 2087 3174 plane

2196 3106 2436 3175 ἐναργῶς
2450 3107 2547 3161 καὶ
2572 3107 2871 3161 ἐνδιάθετον
2898 3109 3089 3177 Λόγον,
3106 3102 3151 3175 ᾧ
3171 3108 3534 3176 διαλογίζεταί
3557 3125 3660 3173 τις,
3684 3110 3784 3163 ιιιαῖ⁸

504 3203 527 3237 1
561 3189 706 3256 quod
727 3200 878 3243 caret
900 3191 1109 3244 ratione
1126 3190 1345 3260 placere
1362 3203 1566 3261 potest,
1591 3202 1650 3247 ut
1668 3192 1974 3265 pulchrum)
1994 3196 2082 3251 ubi

2196 3199 2546 3268 προφορικὸν,
2572 3191 2617 3267 ᾧ
2645 3198 2950 3267 διαλέγεται
2974 3241 2988 3265 ,
3021 3200 3268 3272 προσῆψε
3302 3199 3380 3270 τῷ
3412 3200 3532 3274 Θεῷ
3554 3241 3569 3265 ,
3604 3196 3786 3255 “me.

504 3296 524 3328 1
561 3293 850 3348 aggressus
883 3279 1045 3334 fuerit
1081 3283 1183 3334 hoc
1209 3281 1463 3338 sensibile
1487 3298 1645 3338 suum
1671 3298 1828 3352 opus,
1888 3296 2087 3340 semet-

2196 3289 2281 3341 τόν
2314 3306 2435 3342 τινα
2460 3329 2475 3354 ,
2501 3284 2611 3343 οἷον
2638 3290 2729 3344 τὸν
2755 3291 2877 3345 καθ’
2908 3294 3089 3364 ἡμᾶς,
3123 3295 3217 3347 καὶ
3242 3295 3333 3349 τὸν
3366 3296 3425 3349 ἐν
3558 3295 3678 3368 Θεῷ
3702 3286 3784 3351 εἷ-

502 3385 523 3418 1
562 3366 737 3437 ipsqu
764 3367 981 3436 affatur,
1021 3370 1185 3425 veluti
1209 3369 1397 3438 alium,
1428 3368 1789 3441 adhortando,
1832 3389 1968 3445 age,
2003 3375 2087 3429 itt-

2196 3396 2280 3432 ναι
2310 3380 2481 3448 Λόγον
2508 3381 2857 3453 ὑποθέμενος.

496 3479 524 3513 1
563 3465 781 3533 quiens,
812 3465 1081 3522 faciamus
1118 3482 1135 3521 :
1173 3480 1293 3538 age,
1330 3467 1599 3538 tingamus
1648 3480 1915 3525 statuam.
1964 3473 2045 3526 Ad
2111 3474 2272 3529 istum
2321 3477 2536 3532 modum
2584 3481 2960 3535 universorum
3035 3481 3299 3537 Dominus
3368 3484 3531 3549 Deus,
3584 3485 3783 3542 elimo

503 3574 525 3607 1
564 3556 858 3612 animatum
896 3558 1235 3614 eouﬁcturus
1275 3569 1546 3625 statuam;
1586 3576 1691 3615 non
1751 3562 1915 3616 alium
1958 3565 2226 3633 quemvis,
2273 3570 2370 3623 sed
2419 3584 2576 3623 suum
2648 3571 2817 3640 ipsius
2875 3570 3073 3626 affatur
3136 3572 3314 3642 λόγον,
3364 3576 3638 3645 inquiens,
3664 3578 3784 3635 Fa-

502 3663 527 3699 1
560 3649 760 3702 ciamus
789 3650 1073 3703 hominem.
1115 3669 1134 3701 ι
1172 3648 1229 3705 in
1267 3652 1404 3717 istis,
1455 3652 1528 3706 ita
1563 3652 1714 3707 clare
1740 3653 1948 3725 attingit
1975 3656 2104 3723 Deo,
2145 3673 2272 3712 cum
2306 3658 2543 3716 Verbum
2616 3665 2943 3731 immanens,
2978 3680 3088 3734 quo
3126 3682 3248 3722 cum
3280 3670 3416 3724 solet
3451 3672 3572 3740 quis
3604 3672 3777 3728 collu-

497 3737 752 3885 quii’tum
784 3738 1018 3794 Verbum
1050 3757 1331 3823 etnanans,
1363 3760 1461 3816 per
1492 3745 1633 3815 quod
1668 3746 1809 3802 solet
1830 3747 2090 3819 colloqui,
2132 3750 2457 3822 imaginatus
2511 3752 2743 3809 Verbum
2793 3755 2884 3811 Dei
2937 3758 3178 3813 divinum
3210 3800 3225 3825 ,
3276 3737 3541 3829 ejusmodi
3612 3766 3779 3835 quale

497 3840 593 3885 ver
632 3844 721 3884 nm
749 3841 993 3885 nostrum
1027 3841 1133 3885 est.

497 3840 721 3885 verbum
749 3841 993 3885 nostrum
1027 3841 1133 3888 081..

1126 3925 1279 3982 CAP.
1325 3927 1465 3986 XVI.

676 4036 962 4106 Refutatur
988 4053 1229 4107 perversa
1253 4041 1412 4110 hujus
1445 4043 1673 4100 hominis
1710 4048 1935 4116 opinio.‘

490 4212 503 4219 Ἀ
567 4146 686 4203 Non
743 4159 825 4204 est
865 4163 1003 4218 Optts
1052 4159 1108 4204 ut
1146 4151 1372 4209 ulterius
1409 4165 1720 4226 satagamus
1771 4160 2081 4229 ostendere,

2821 3935 2977 3995 ΚΕΦ.
3019 3938 3138 4010 ις.

2408 4047 2706 4122 Ἔλεγχος
2735 4051 2847 4122 τῆς
2884 4052 3139 4124 τάνδρὸς
3177 4056 3535 4126 κακοδοξίας
3588 4108 3591 4111 .
3644 4066 3661 4077 ‘

2256 4163 2440 4217 Ταῦτα
2467 4166 2564 4235 μὲν
2614 4160 2706 4218 οῦν
2749 4167 2928 4221 πάντα
2963 4166 3039 4230 ὡς
3083 4169 3355 4240 ἁρνητικὰ
3386 4174 3645 4242 τυγχάνει
3677 4176 3775 4231 ’τυῦ

460 4238 639 4331 .quod
686 4255 783 4309 per
830 4240 929 4294 ista
968 4252 1191 4311 negatur
1233 4242 1324 4298 Dei
1365 4243 1577 4304 Filius:
1611 4253 1986 4309 tantummodo
2013 4256 2080 4308 ad

2196 4255 2317 4308 Υίοῦ
2347 4254 2440 4309 τοῦ
2466 4255 2602 4309 Θεοῦ
2625 4256 2779 4311 οὐδὲν
2806 4238 3412 4331 προσεπεξεργάζεσθαι
3541 4282 3553 4294 ·
3585 4268 3776 4325 τοσοῦ-

492 4329 823 4400 interrogata
861 4333 1208 4401 respondeat.
1263 4333 1321 4390 Si
1353 4351 1490 4392 unus
1524 4350 1643 4393 erat
1675 4341 1834 4404 Deus,
1873 4359 1972 4398 nec
2011 4345 2078 4399 ab

2196 4363 2272 4400 ιον
2320 4347 2377 4400 δὲ
2432 4342 2586 4418 οἶμαι
2622 4350 2921 4420 προσήκειν
2953 4329 3322 4423 ἐπερωτῆσαι.
3360 4357 3424 4409 Εἰ
3458 4357 3568 4428 ('39)
3603 4359 3666 4430 δὴ
3692 4355 3777 4425 εἷς

458 4434 558 4475 .eo
582 4421 875 4491 quidquam
906 4438 922 4474 :
962 4437 1067 4477 non
1100 4423 1276 4491 Pater,
1308 4441 1414 4481 non
1449 4426 1656 4482 Filius:
1684 4444 1943 4498 quorsum
1973 4434 2077 4489 ista

2196 4436 2318 4500 Θεὸς
2357 4433 2426 4508 ἦν
2444 4479 2459 4502 ,
2486 4437 2583 4491 xei.
2609 4437 2761 4493 οὐδὲν
2786 4441 2971 4513 ἕτερον
2990 4484 3005 4508 ,
3031 4421 3094 4497 οὐ
3128 4421 3318 4517 Πατὴρ
3337 4487 3351 4510 ,
3381 4421 3479 4519 οὐχ
3519 4421 3688 4516 τιδέ,
3720 4421 3774 4507 τί

488 4513 735 4577 nomina,
778 4512 1111 4567 tuentiuntur
1144 4529 1318 4572 sacra:
1339 4516 1591 4575 Litterae?
1618 4520 1749 4590 quid
1778 4524 2079 4582 dissimulat

492 4597 799 4665 Marcellus,
835 4603 960 4655 dmn
990 4603 1084 4673 qui
1109 4619 1215 4658 non
1239 4616 1323 4661 est
1347 4592 1538 4676 Filius,
1560 4611 1656 4664 sed
1696 4607 1949 4679 Verbum,
1981 4630 2077 4685 ap-

491 4688 657 4754 pellat
698 4700 875 4747 tamen
913 4693 1127 4750 Filium.
1177 4696 1423 4768 Cumque
1468 4702 1774 4772 exemplum
1821 4706 2077 4763 adhibeat

486 4780 642 4835 verbi
671 4782 910 4850 humani,
941 4788 1227 4843 dicendum
1257 4802 1363 4857 est,
1402 4793 1546 4860 quod
1574 4809 1679 4849 non
1707 4797 1885 4852 omnis
1910 4797 2073 4854 homo

488 4870 619 4928 licet
668 4874 882 4928 ratione
940 4877 1217 4944 praeditus,
1265 4892 1323 4936 et
1353 4884 1695 4953 eongenitum
1739 4886 1790 4940 in
1824 4901 1883 4942 se
1913 4885 2072 4957 logon

485 4962 794 5032 possidens,
831 4963 997 5020 tilium
1020 4966 1223 5033 habet,
1259 4978 1317 5025 ut
1346 4973 1652 5028 necessario
1687 4975 1829 5032 ﬁlius
1859 4977 1931 5032 sit
1985 4979 2072 5032 di-

489 5067 704 5111 versum
728 5056 858 5124 quid
885 5070 916 5110 a
943 5054 1084 5125 lego.
1121 5059 1178 5115 Si
1214 5076 1347 5131 ergo
1367 5065 1584 5131 dixerit,
1616 5067 1780 5122 Deum
1813 5069 1864 5122 in
1903 5084 1962 5125 se
1991 5069 2072 5126 lo-

483 5162 592 5217 goo
615 5147 890 5213 habuisse,
919 5163 1019 5203 nec
1047 5160 1306 5216 praeterea
1333 5156 1650 5225 quidquam,
1670 5172 1793 5215 eum
1820 5175 1928 5231 quo
1956 5163 2070 5218 col-

562 5268 622 5327 ὥ
650 5263 749 5319 Ed.
781 5265 982 5328 Paris.,
1007 5280 1126 5337 pag.
1162 5267 1278 5322 126.

562 5356 586 5387 ‘
615 5356 775 5412 Prov.
809 5375 926 5429 vut,
956 5360 1046 5416 27.
1125 5363 1144 5394 ⁷
1168 5359 1304 5418 Gen.
1333 5377 1373 5430 ι,
1411 5361 1501 5416 26.

550 5469 664 5548 (ἕξ)
697 5472 866 5548 Χυιεο
893 5475 955 5548 τὸ
982 5482 1078 5548 μή·

579 5541 673 5614 ξθ)
697 5541 867 5614 Vulgo
901 5546 980 5600 δέ.

727 5610 824 5677 Τῷ’
857 5616 927 5669 ἐι·
962 5616 1316 5689 ἀνθρώποις.
1350 5617 1505 5689 Vulg.
1554 5619 1805 5689 οὐρανοῖς
1838 5637 1856 5673 :
1911 5634 2067 5675 error

481 5692 553 5742 ex
573 5679 1000 5750 abbreviatzuue,
1032 5679 1200 5752 ἀνοις,
1233 5679 1333 5742 huc
1361 5679 1814 5758 εειξάνθρὶῖηοις.
1854 5690 1920 5744 Μ.
1946 5690 2066 5762 [Sic

2180 4529 2542 4599 κατεψεύδετο
2570 4530 2677 4584 τῶν
2711 4531 2965 4587 τοιούτων
2988 4535 3269 4604 ὀνομάτων
3300 4539 3332 4609 ἡ
3367 4539 3593 4611 Γραφής
3635 4542 3689 4594 τί
3708 4543 3773 4596 δὲ

2182 4622 2277 4675 καὶ
2323 4620 2487 4685 αὐτὸς
2531 4623 2851 4693 Μάρκελλος
2900 4626 3252 4699 ὑποκρίνεται
3277 4667 3292 4692 ,
3341 4631 3432 4684 τὸν
3490 4631 3566 4703 μὴ
3618 4633 3770 4700 Υίὸν,

2179 4711 2318 4766 ἀλλὰ
2347 4712 2541 4782 Λόγον,
2592 4714 2721 4767 Υίὸν
2763 4716 3085 4784 ἀποκαλῶν;
3119 4720 3230 4772 Καὶ
3277 4722 3465 4795 ἐπειδὴ
3502 4723 3773 4797 κέχρηται

2182 4806 2585 4877 παραδείγματι
2611 4806 2724 4879 (60)
2749 4809 2828 4880 τῷ
2872 4812 2931 4863 ὲν
2965 4811 3276 4883 ἀνθρώποις
3301 4816 3479 4887 λόγῳ,
3522 4817 3767 4883 λεκτέον,

2178 4895 2257 4959 ὡς
2284 4895 2346 4948 οὐ
2376 4897 2484 4959 πᾶς
2514 4895 2798 4967 ἄνθρωπος
2834 4899 2952 4952 υἱὸν
2995 4900 3128 4972 ἔχει,
3158 4903 3376 4971 λογικὸς
3416 4903 3526 4969 ὢν,
3560 4907 3771 4965 καὶτὸν

2182 4984 2402 5055 συμφυῆ
2450 4984 2607 5052 λόγον
2636 4987 2694 5038 ὲν
2720 4988 2883 5059 ,αὐτῷ
2926 4991 3283 5061 κεκτημένος.
3328 4994 3537 5048 Οὐκοῦν
3581 4997 3771 5069 ἕτερόν

2177 5075 2229 5129 τί
2263 5078 2409 5130 ἐστιν
2445 5078 2568 5142 Υἱὸς
2598 5082 2749 5151 παρὰ
2780 5083 2871 5135 τὸν
2914 5082 3088 5151 λόγον.
3121 5085 3223 5137 Τὸν
3252 5082 3345 5140 οὖν
3373 5086 3504 5141 Θεὸν
3534 5092 3583 5141 εἰ
3609 5089 3769 5158 λόγον

2178 5164 2324 5235 ἔχειν
2355 5170 2414 5222 ἐν
2457 5171 2633 5243 ἐαυτῷ
2676 5174 2872 5242 φάσκοι
2902 5176 2996 5228 καὶ
3028 5175 3139 5247 (Gl)
3171 5177 3321 5230 οὺδὲν
3349 5179 3536 5249 ἕτερον
3558 5221 3573 5245 ,
3601 5175 3646 5249 ᾧ
3670 5184 3771 5236 καὶ

2175 5491 2511 5565 dedtheorr1
2531 5561 2540 5565 _
2563 5491 2823 5565 secutus].

2246 5558 2359 5644 (lii)
2396 5559 2588 5644 Οὺὸἑη
2605 5558 2829 5644 grape}.
2867 5563 3022 5621 Deest
3058 5565 3192 5626 forte
3218 5570 3248 5641 ἢ
3275 5567 3452 5641 λόγον,
3546 5572 3658 5628 καί.
3686 5573 3766 5634 Μ,

2176 5656 2238 5669 —
2274 5632 2447 5699 Sumo
2492 5632 2646 5701 vulgo
2682 5635 2901 5702 φάσκει.
