4082 6380
322 393 424 450 937

1264 395 1352 449 DE
1381 392 1908 450 ECCLESIASTICA
1932 389 2328 447 TllEOLOGlA
2366 392 2494 447 LIB.
2537 392 2602 447 ll.

3425 391 3531 449 938

320 508 590 573 διενοεῖτο,
633 502 677 577 ᾧ
714 507 808 561 καὶ
836 507 970 580 πρὸς
999 506 1186 561 ἑαυτὸν
1208 508 1493 576 διελέγετο,
1524 508 1871 576 Ποιήσωμεν

1988 505 2302 575 oquebatur,
2334 504 2619 571 Faciamus
2633 508 2909 576 liominenr,
2941 506 3206 579 inquiens,
3255 509 3381 578 quid
3406 523 3533 564 eum

318 596 646 668 ἄνθρωπον,
690 599 862 667 λέγων
899 615 912 628 ·
938 600 990 652 τί
1029 599 1120 652 καὶ
1150 598 1323 668 μάτην
1356 597 1468 650 υἱὸν
1494 597 1778 669 ὁνομάζοις
1809 598 1875 651 Τί

318 687 375 740 δὲ
408 688 504 757 τὴν
542 688 860 759 Ἐκκλησίαν
884 687 1259 759 ὐποκρίνεται;
1296 687 1360 739 Τί
1396 687 1474 750 δὲ,
1507 689 1580 759 μὴ
1610 687 1876 741 πιστεύων

318 780 397 841 είς
428 781 518 832 τὸν
547 779 670 833 Υἰὸν
703 780 796 833 τοῦ
827 780 959 833 Θεοῦ
1004 783 1375 851 προσποιεῖται
1401 779 1673 833 πιστεύειν
1693 820 1708 844 ,
1746 796 1877 849 σχη-

320 866 676 940 ματιζόμενος
720 866 809 922 διὰ
853 867 946 921 τοῦ
996 868 1089 921 τὸν
1134 868 1303 937 Λόγον
1350 869 1440 922 τὸν
1505 870 1562 921 ἐν
1633 868 1710 939 τῷ
1761 866 1877 937 Θεῷ

318 958 448 1013 Υἱὸν
484 958 813 1025 ἁποκαλεῖνς
844 959 1033 1029 Σαφῶς
1079 961 1171 1014 τοῦ
1203 960 1635 1033 παραδείγματος
1680 956 1873 1031 μακρῷ

317 1049 588 1104 διεστάναι
626 1050 963 1115 διδάσκοντος
1011 1051 1100 1104 τὸν
1149 1052 1382 1123 ἔμφυτον
1428 1053 1484 1104 ἐν
1526 1051 1667 1122 ψυχῇ
1719 1051 1875 1118 λόγον

319 1141 470 1212 παρὰ
495 1142 585 1195 τὸν
615 1140 678 1196 ἔκ
706 1159 847 1205 τινος
880 1143 1221 1214 γεννηθέντα,
1257 1144 1349 1197 καὶ
1384 1142 1503 1197 καθ’
1558 1142 1743 1196 ἐαυτὸν
1776 1144 1877 1211 ὑφ-

317 1230 567 1298 εστῶτα,
621 1232 714 1285 καὶ⁸
771 1230 981 1297 ζῶντα,
1042 1234 1133 1286 καὶ
1188 1232 1509 1303 ἐνεργοῦντα
1555 1232 1703 1285 Υἱόν.
1740 1230 1876 1287 Ἀλλ’

316 1323 419 1376 οὐκ
472 1322 620 1391 ἐγὼ,
671 1323 839 1394 φησὶ,
896 1323 972 1387 ὡς
1018 1323 1200 1390 εἰκὸς,
1242 1323 1354 1377 ἀλλ’
1390 1324 1418 1375 6
1458 1323 1597 1387 θεῖος
1647 1323 1877 1393 εὐαγγε-

318 1413 507 1485 λιστὴς
556 1415 725 1482 Λόγον
784 1414 940 1468 αὑτὸν
989 1416 1297 1485 προσεῖπεν.
1354 1413 1665 1468 Ἀκόλουθον
1702 1414 1879 1468 τοίνυν

317 1506 403 1578 εἴη
435 1506 499 1559 ἂν
534 1507 626 1559 καὶ
650 1507 795 1577 ἡμᾶς
820 1506 990 1578 τούτῳ
1010 1505 1382 1577 συνομολογεῖν
1410 1505 1547 1575 (58).
1575 1506 1702 1572 Ναὶ,
1732 1523 1803 1575 φη
1813 1507 1873 1576 μὶ

319 1595 414 1649 καὶ
445 1594 625 1659 αὑτός.

954 1685 1111 1739 ΚΕΦ.
1151 1685 1247 1739 1Ζ’.

397 1777 700 1848 Ἐρμηνεία
728 1776 834 1845 τῆς
860 1775 1125 1843 ἀληθοῦς
1152 1774 1415 1841 διανοίας
1456 1776 1563 1829 τοῦ
1592 1777 1805 1845 Λόγου.

1974 607 2026 651 ει
2056 596 2251 651 frustra
2286 598 2519 665 quidem,
2549 598 2775 667 appellat
2800 599 3038 653 Filium?
3067 598 3201 666 Quid
3237 600 3533 655 Eeclesiam

1974 687 2205 756 decipit?
2234 689 2361 756 quid
2388 704 2508 744 cum
2542 706 2642 744 non
2670 692 2874 758 credat,
2909 692 3057 762 lingit
3116 703 3291 747 tamen
3324 708 3381 748 se
3416 707 3534 748 cre-

1975 778 2101 832 dere
2132 778 2183 831 in
2220 778 2411 833 Filium
2442 780 2570 835 Dei?
2608 792 2791 850 utpote
2813 785 2903 852 qui
2933 784 3098 838 videri
3125 784 3240 839 vult
3276 800 3370 853 per
3404 784 3536 840 Ver-

1976 868 2098 921 bum
2149 868 2337 923 Filium
2384 870 2474 925 Dei
2525 872 2848 929 nominasse.
2883 873 3014 928 Cum
3040 875 3205 943 ipsius
3232 876 3535 944 exemplum

1976 962 2255 1030 perspicue
2286 962 2492 1027 doceat,
2518 963 2824 1032 longissime
2876 967 3072 1021 distare
3109 966 3323 1020 insitum
3351 968 3534 1021 animo

1978 1050 2129 1119 logon
2167 1056 2222 1114 μὶ
2261 1052 2327 1105 ab
2370 1052 2459 1107 illo
2505 1056 2646 1123 quod
2694 1056 2759 1110 de
2797 1055 2975 1126 aliquo
3008 1069 3427 1125 progeneratur,
3483 1070 3536 1114 et

1978 1156 2071 1209 per
2101 1157 2158 1195 se
2181 1143 2422 1197 subsistit
2453 1155 2507 1197 et
2539 1145 2687 1208 vivit.
2730 1155 2784 1200 et
2822 1157 3093 1214 operatur,
3136 1158 3191 1202 et
3232 1146 3399 1201 Filius
3430 1158 3533 1202 est.

1980 1231 2082 1287 Sed
2110 1234 2354 1288 fortassis
2386 1236 2625 1304 inquiet:
2654 1236 2769 1291 Non
2812 1253 2914 1307 ego
2962 1238 3106 1293 illum
3156 1240 3360 1308 appello
3402 1238 3535 1293 Ver-

1980 1323 2125 1386 bum.
2178 1325 2268 1378 sed
2332 1325 2543 1381 divinus
2591 1329 2911 1396 evangelista
2977 1347 2993 1383 :
3046 1339 3100 1384 et
3157 1346 3252 1385 nos
3299 1330 3426 1383 illud
3456 1330 3538 1398 ip-

1980 1430 2097 1469 sum
2144 1432 2240 1485 par
2278 1427 2363 1473 est
2395 1420 2660 1475 confiteri.
2718 1421 2809 1477 Est
2850 1422 3007 1493 plane
3053 1424 3213 1478 etiam
3260 1440 3380 1480 meo
3420 1424 3536 1479 ani-

1981 1523 2089 1563 mo.

2571 1689 2654 1742 CA
2665 1688 2722 1743 P.
2758 1686 2915 1743 XVII.

2219 1775 2365 1831 Vera:
2401 1782 2671 1834 sententia
2708 1781 2771 1835 de
2810 1778 2972 1834 Verbo
3001 1780 3301 1851 explicatio.

387 1865 533 1936 Πλὴν
572 1865 676 1918 οὐδ’
705 1866 903 1936 ἐτέρως
955 1864 1248 1936 προσήκειν
1278 1859 1430 1934 οἶμαι
1476 1864 1752 1929 ἐξακούειν
1780 1864 1881 1934 τῆς

2053 1866 2158 1923 Sed
2192 1885 2297 1924 non
2327 1871 2486 1925 aliter
2505 1873 2723 1926 omnino
2747 1888 2847 1927 vox
2878 1873 2967 1927 illa
3019 1874 3424 1943 interpretanda
3458 1885 3542 1931 est

315 1957 566 2030 φωνῆςῆ
613 1956 758 2028 αὑτῷ
802 1958 960 2010 πάλιν
1012 1955 1479 2029 μαθητευομένους
1527 1954 1607 2025 τῷ
1652 1956 1881 2023 εὐαγγε-

314 2051 472 2120 λιστῇ
542 2048 841 2103 διδάσκοντι
891 2050 1070 2103 ὁποῖον
1126 2046 1404 2118 διωρίζετο
1452 2045 1651 2114 Λόγον.-
1694 2044 1884 2113 Σαφῶς

316 2144 373 2198 δὲ
417 2144 603 2197 τοῦτον
649 2142 886 2214 παρίστη
930 2135 1040 2204 οἷός
1091 2158 1175 2203 τις
1214 2135 1303 2210 ἦν,
1353 2139 1729 2193 ἐπισυνάπτων
1757 2137 1884 2207 ἑξῆς

318 2237 413 2290 καὶ
444 2236 639 2304 λέγων,
673 2234 782 2288 Kal
824 2231 965 2298 Θεὸς
1007 2229 1085 2302 ἦν
1125 2234 1157 2286 ό
1182 2233 1389 2301 Λόγος.
1418 2230 1718 2300 Δυνάμενος
1754 2228 1883 2297 γοῦν

317 2328 517 2388 εἰπεῖν,
560 2324 669 2379 Καὶ
713 2321 857 2388 Θεὸς
906 2318 987 2393 ἦν
1024 2324 1057 2376 ό
1088 2323 1306 2392 ¹Λόγος,
1370 2318 1507 2389 μετὰ
1532 2320 1630 2389 τῆς
1658 2317 1751 2372 τοῦ
1783 2318 1883 2389 ἄρ-

318 2418 449 2489 θρου
480 2416 814 2489 προσθήκης,
836 2413 888 2466 εί
915 2431 978 2483 γε
1005 2412 1062 2466 ἓν
1091 2413 1183 2466 καὶ
1223 2412 1418 2464 ταύτὸν
1444 2413 1627 2480 ἡγεῖτο
1652 2409 1742 2462 τὸν
1775 2410 1884 2463 [Ια-

315 2504 450 2575 τέρα
492 2498 630 2557 εῖναι
661 2502 754 2555 καὶ
792 2502 881 2554 τὸν
911 2501 1058 2565 Υίὸν,
1104 2498 1269 2552 αὐτόν
1312 2515 1373 2551 τε
1414 2493 1552 2551 εἶναι
1597 2497 1687 2550 τὸν
1715 2497 1884 2565 Λόγον

315 2595 408 2649 τὸν
434 2596 527 2649 σιξπ)⁸
559 2594 773 2650 πάντων
824 2592 976 2658 Θεὸν,
1010 2592 1106 2662 οὐχ
1153 2590 1321 2655 οὕτως
1356 2588 1488 2661 (δν)
1516 2587 1743 2654 ἐξέδωκε
1789 2588 1885 2661 τὴν

318 2688 556 2760 γραφήν.
583 2686 654 2739 Ἦ
690 2684 819 2756 γὰρ,
851 2704 868 2736 ι
902 2685 1012 2737 Καὶ
1040 2681 1173 2737 Θεοῦ
1206 2678 1273 2753 ἦν
1301 2684 1328 2734 6
1366 2680 1535 2750 Λόγος
1565 2699 1583 2732 ι
1621 2680 1785 2751 ἐχρῆν
1818 2681 1888 2733 εί-

319 2783 464 2843 πεῖν,
492 2779 525 2849 ἢ
558 2797 576 2831 ‹
604 2779 632 2830 6
664 2775 793 2840 Θεὸς
831 2772 896 2848 ἦν
927 2777 955 2829 6
982 2776 1172 2844 Λόγος,
1203 2793 1221 2826 ι
1262 2773 1395 2844 μετὰ
1438 2772 1751 2846 προσθήκης
1790 2770 1885 2825 τοῦ

318 2869 546 2943 ἄρθρου,
590 2870 637 2922 εί
681 2871 747 2940 τῇ
802 2866 1119 2938 Μαρκέλλου
1186 2866 1392 2936 διανοίᾳ
1452 2864 1755 2949 σύμφωνον
1789 2862 1886 2933 τὴν

319 2960 541 3034 γραφὴν
583 2962 835 3013 ἐποιεῖτο.
866 2958 1002 3011 Νυνὶ
1028 2957 1083 3009 δὲ
1112 2958 1205 3011 καὶ
1235 2956 1392 3010 αὑτὸν
1437 2957 1525 3009 τὸν
1554 2956 1727 3025 Λόγον
1757 2956 1887 3010 Θεὸν

319 3050 459 3109 εἶναι
492 3052 764 3123 παρίστη,
809 3050 1007 3121 ὁμοίως
1041 3048 1137 3118 τῷ,
1173 3048 1308 3120 πρὸς
1347 3048 1404 3100 ὃν
1430 3044 1497 3119 ἦν
1522 3046 1671 3118 Θεῷ·
1708 3064 1890 3118 προει-

320 3142 439 3198 πὼν
469 3142 596 3213 γὰρ,
640 3139 749 3195 Καὶ
778 3143 810 3194 ὀ
840 3142 1027 3233 Αργος
1062 3136 1139 3209 ἦν
1170 3140 1319 3207 πρὸς
1350 3137 1452 3191 τὸν
1485 3138 1651 3233 Θεὸν,
1694 3140 1888 3233 ἐπάγει
1914 3177 1955 3233 c

317 3232 511 3302 λέγων,
541 3230 652 3284 Kal
700 3229 844 3294 Θεὸς
871 3224 950 3298 ἦν
977 3232 1009 3283 ό
1040 3229 1246 3297 Λόγος,
1301 3228 1581 3298 μονονουχὶ
1620 3229 1886 3295 σαφέστε-

320 3344 415 3398 ρον
445 3324 591 3393 ἡμᾶς
632 3321 894 3374 διδάσκων
923 3319 1134 3390 πρῶτον
1188 3319 1284 3388 μὲν
1327 3319 1571 3388 ἡγεῖσθαι
1621 3320 1753 3372 Θεὸν
1798 3320 1889 3373 τὸν

318 3416 574 3470 ἐπέκεινα
619 3414 728 3468 τῶν
758 3412 912 3477 ὅλων,
956 3410 1116 3464 αὑτὸν
1144 3410 1236 3462 τὸν
1274 3409 1365 3461 τοῦ
1422 3409 1594 3477 Λόγου
1642 3410 1888 3480 Πατέρα,

319 3509 458 3578 πρὸς
494 3508 550 3560 ὃν
586 3502 653 3577 ἦν
689 3508 717 3559 6
744 3504 934 3573 Λόγος,
979 3504 1169 3557 ἔπειτα
1199 3502 1312 3572 μετ’
1350 3500 1508 3553 αὐτὸν
1545 3501 1620 3573 μὴ
1654 3502 1886 3570 ἀγνοεῖν,

319 3601 397 3663 ὡς
426 3600 519 3653 καὶ
551 3601 579 3652 6
613 3597 783 3666 Λόγος
811 3595 974 3649 αὑτοῦ
1013 3595 1041 3646 6
1078 3591 1366 3663 μονογενὴς
1399 3591 1542 3655 Υἱὸς,
1580 3592 1701 3662 οὐχὶ
1731 3591 1893 3656 αὐτὸς

320 3688 390 3763 ἦν
421 3694 449 3745 6
474 3690 564 3743 ἐπὶ
605 3688 820 3742 πάντων
852 3686 1003 3749 Θεὸς,
1030 3685 1143 3739 ἀλλ’
1179 3686 1257 3739 ὅτι
1291 3685 1382 3738 καὶ
1429 3684 1591 3747 αὐτὸς
1628 3682 1760 3747 Θεὸς
1801 3678 1890 3755 ἦν.

332 3784 395 3836 '0
422 3781 530 3852 γὰρ
563 3800 581 3833 ε
608 3781 702 3834 καὶ
731 3798 751 3831 ι
791 3778 1081 3849 σύνδεσμος
1119 3776 1198 3847 τῷ
1251 3775 1424 3848 Πατρὶ
1480 3775 1737 3829 συνάπτει
1794 3774 1894 3845 τὴν

323 3872 550 3944 θεότητα
576 3870 666 3925 τοῦ
719 3868 869 3923 Υἱοῦ.
921 3868 1010 3920 Διό
1058 3884 1209 3938 φησι,
1242 3867 1405 3922 Καὶὸ
1441 3864 1583 3931 Θεὸς
1605 3862 1684 3935 ἦν
1717 3867 1749 3918 ό
1781 3865 1892 3918 Λό-

321 3981 450 4035 γος,
504 3963 569 4016 ἵν’
631 3960 828 4031 ἴδωμεν
869 3960 999 4013 Θεὸν
1039 3958 1129 4011 τὸν
1160 3958 1253 4011 ἐπὶ
1285 3958 1517 4019 πάντων,
1563 3955 1697 4027 πρὸς
1739 3954 1797 4007 ὃν
1827 3950 1895 4027 ἦν

320 4060 353 4111 6
379 4056 581 4125 Λόγος,
632 4054 721 4107 καὶ
750 4052 881 4105 Θεὸν
923 4051 1083 4104 αὑτὸν
1120 4050 1208 4104 τὸν
1242 4050 1432 4117 Λόγον.
1478 4050 1674 4101 Ἀκουε
1711 4047 1787 4110 ὼς
1820 4050 1897 4101 εί-

324 4148 460 4202 κόνα
504 4146 598 4199 τοῦ
650 4144 807 4209 Θεοῦ,
850 4144 945 4197 καὶ
977 4143 1159 4195 εἰκόνα
1194 4140 1302 4211 (62)
1335 4142 1433 4210 οὐχ
1474 4140 1549 4202 ὡς
1600 4140 1657 4193 ἐν
1703 4137 1896 4210 ἀψύχῳ

326 4239 452 4310 ὕλῃ,
497 4237 610 4291 ἀλλ’
632 4236 708 4300 ὼς
746 4237 805 4289 ἐν
834 4233 948 4304 Υἱῷ
980 4233 1172 4298 ζῶντι,
1220 4232 1316 4286 καὶ
1361 4230 1727 4301 ἀκριϐέστατα
1758 4230 1895 4299 πρὸς

325 4330 425 4402 τὴν
454 4328 755 4400 ἀρχέτυπον
791 4326 1016 4396 θεότητα
1046 4323 1139 4376 τοῦ
1191 4321 1401 4393 Πατρὸς
1444 4319 1891 4390 ἀφωμοιωμένον.

341 4420 497 4473 Ἐπεὶ
534 4419 591 4472 δὲ
619 4418 696 4489 τῷ
738 4416 1057 4487 ἀνθρωπίνῳ
1105 4413 1245 4484 λόγῳ
1294 4412 1384 4464 τὸν
1408 4410 1504 4464 τοῦ
1545 4411 1677 4464 Θεοῦ
1712 4426 1893 4481 παρα-

1982 1974 2141 2028 quam
2170 1962 2434 2029 quomodo
2460 1976 2556 2015 nos
2595 1962 2780 2016 docuit
2822 1962 2933 2032 ipse
2975 1964 3339 2035 evangelista:
3373 1972 3544 2037 quod-

1983 2066 2105 2104 nam
2138 2050 2251 2119 ipse
2288 2051 2517 2105 Verbum
2550 2051 2831 2121 intelligat.
2876 2054 2927 2106 Id
2957 2070 3083 2108 vero
3125 2057 3360 2110 insinuat
3407 2059 3542 2113 satis

1982 2144 2126 2195 clare
2156 2142 2207 2195 in
2236 2142 2304 2196 iis
2332 2156 2452 2211 quae
2477 2143 2731 2209 adnectit,
2753 2153 2801 2197 et
2835 2143 2971 2198 Deus
3002 2154 3115 2198 erat
3157 2144 3396 2212 Verbum,
3420 2165 3540 2205 cum

1984 2232 2227 2302 proloqui
2277 2234 2573 2303 potuisset,
2611 2243 2665 2287 et
2712 2233 2802 2289 ille
2842 2235 3017 2304 Deus,
3058 2237 3240 2291 addito
3287 2241 3539 2305 articulo,

1983 2333 2100 2376 erat
2134 2323 2362 2377 Verbum
2389 2363 2403 2386 ,
2437 2323 2483 2378 si
2512 2338 2675 2378 unum
2709 2334 2763 2378 et
2806 2326 3050 2379 eumdem
3075 2366 3091 2391 ,
3136 2335 3191 2381 et
3235 2325 3448 2383 Patrem
3490 2341 3544 2385 et

1982 2412 2175 2467 Filium
2220 2414 2558 2483 appellasset,
2589 2413 2633 2469 si
2674 2412 2900 2469 Verbum
2933 2415 3060 2470 illud
3081 2419 3392 2488 opinaretur
3425 2435 3546 2476 esse

1984 2503 2130 2557 illum
2157 2503 2325 2559 Deum
2373 2505 2462 2573 qui
2499 2512 2580 2559 est
2610 2518 2771 2574 super
2804 2506 3005 2560 omnia.
3038 2508 3145 2564 Sed
3171 2525 3274 2564 non
3314 2512 3389 2565 ita
3417 2528 3540 2582 pro-

1986 2596 2191 2652 locutus
2220 2606 2322 2652 est.
2370 2595 2503 2650 Nam
2537 2595 2620 2651 vel
2673 2597 2852 2653 dicere
2898 2600 3147 2669 debebat,
3177 2613 3232 2655 et
3280 2604 3369 2658 Dei
3424 2616 3547 2661 erat

1986 2685 2255 2752 Verbum,
2286 2687 2368 2741 vel
2400 2686 2542 2745 Deus
2570 2700 2689 2743 erat
2713 2688 2801 2743 ille
2824 2688 3056 2745 Verbum
3083 2710 3096 2746 :
3128 2693 3337 2763 adjecto
3359 2712 3548 2766 nempe

1986 2782 2236 2846 articulo,
2271 2783 2317 2836 si
2353 2796 2476 2836 cum
2513 2782 2751 2839 Marcelli
2799 2785 3066 2839 sententia
3108 2785 3388 2856 Scriptura
3417 2805 3549 2843 con-

1988 2872 2268 2942 spirasset.
2314 2872 2383 2926 At
2428 2890 2572 2928 nunc
2618 2884 2673 2928 et
2722 2874 2895 2944 ipsum
2929 2873 3164 2931 Verbum
3214 2876 3379 2931 Deum
3428 2895 3551 2935 esse

1990 2963 2266 3025 insinuat,
2298 2963 2551 3018 similiter
2589 2963 2663 3018 illi
2699 2965 2825 3029 Deo,
2872 2966 3009 3033 apud
3053 2982 3210 3036 quem
3247 2978 3382 3024 eral.
3416 2969 3548 3026 Nam

1989 3068 2110 3106 cum
2160 3053 2306 3123 prius
2351 3054 2615 3119 edixerat,
2653 3054 2714 3109 Et
2758 3054 2978 3110 Verbum
3026 3068 3139 3111 erat
3188 3065 3324 3127 apud
3361 3060 3549 3129 Deum,

1990 3143 2273 3209 subinfert,
2307 3156 2353 3199 et
2386 3144 2524 3199 Deus
2554 3156 2664 3199 erat
2705 3144 2927 3201 Verbum
2959 3163 2979 3202 .'
3006 3147 3317 3217 planissime
3345 3168 3442 3208 nos
3471 3155 3553 3208 in-

1993 3231 2252 3299 formans,
2271 3244 2474 3290 tantum
2503 3252 2609 3292 non
2635 3246 2691 3292 ut
2716 3239 2947 3308 primum
2980 3238 3144 3293 Deum
3178 3240 3322 3296 illum
3351 3243 3551 3300 intelli-

1990 3340 2179 3392 gamus
2224 3339 2366 3389 esse,
2418 3327 2508 3394 qui
2557 3338 2640 3381 est
2680 3343 2841 3397 super
2888 3329 3090 3391 omnia.
3137 3331 3306 3400 ipsum
3360 3349 3552 3406 nempe

1994 3414 2151 3468 Verbi
2201 3415 2454 3481 Patrem,
2512 3417 2653 3486 apud
2698 3432 2856 3487 quem
2896 3426 3014 3472 erat
3056 3419 3321 3487 Verbum;
3357 3432 3466 3479 tum
3498 3427 3549 3479 in

1990 3503 2259 3566 secundis,
2283 3513 2340 3557 ut
2363 3520 2430 3559 ne
2461 3503 2630 3572 ignari
2659 3505 2849 3570 simus,
2872 3505 3014 3576 quod
3040 3517 3093 3562 et
3123 3508 3355 3566 Verbum
3381 3513 3550 3582 ipsius

1993 3593 2295 3663 unigenitus
2316 3594 2486 3651 Filius
2506 3612 2613 3651 non
2664 3609 2779 3653 erat
2807 3601 3026 3669 quidem
3057 3602 3148 3658 ille
3180 3618 3341 3672 super
3367 3610 3546 3661 omnia

1998 3684 2139 3740 Deus
2163 3726 2178 3752 ,
2209 3687 2301 3741 sed
2328 3690 2471 3757 quod
2501 3700 2555 3743 et
2580 3690 2692 3759 ipse
2711 3691 2871 3745 etiam
2902 3691 3045 3749 Deus
3069 3704 3216 3761 erat;
3247 3697 3550 3766 conjunctio

1991 3774 2189 3829 etenim
2225 3774 2309 3829 illa
2333 3816 2348 3841 ,
2386 3786 2440 3832 et
2483 3778 2822 3834 divinitatem
2870 3781 2993 3838 Filii
3048 3786 3319 3840 connectit
3356 3786 3500 3841 Patri
3530 3806 3545 3853 ;

1997 3865 2117 3919 inde
2148 3866 2245 3932 ait,
2275 3876 2322 3921 et
2353 3867 2490 3921 Deus
2510 3880 2620 3921 erat
2657 3866 2882 3924 Verbum
2905 3886 2925 3924 :
2950 3881 3007 3926 ut
3036 3873 3203 3929 Deum
3226 3875 3373 3929 illum
3408 3878 3550 3931 scia-

1996 3970 2115 4010 mus
2140 3971 2281 4023 esse,
2308 3955 2399 4025 qui
2430 3966 2515 4012 est
2544 3972 2704 4027 super
2734 3958 2941 4024 omnia,
2972 3960 3110 4031 apud
3135 3976 3296 4031 quem
3325 3973 3378 4016 et
3414 3962 3550 4018 Ver-

1996 4044 2120 4098 bum
2148 4054 2287 4110 erat,
2322 4045 2413 4100 sed
2439 4054 2495 4100 et
2520 4046 2754 4101 Verbum
2779 4063 2992 4118 quoque
3025 4051 3190 4105 Deum
3217 4052 3422 4117 audies,
3444 4052 3551 4108 vei-

1997 4135 2073 4187 uti
2120 4135 2210 4203 qui
2240 4136 2309 4190 sit
2336 4136 2512 4206 imago
2542 4136 2670 4203 Dei,
2702 4152 2807 4192 non
2839 4149 2896 4193 ut
2924 4142 2977 4193 in
3004 4141 3227 4195 materia
3257 4141 3549 4196 inanimata

1995 4227 2398 4293 subsistentem,
2460 4230 2553 4283 sed
2607 4239 2665 4283 ut
2698 4230 2749 4284 in
2799 4230 2938 4285 Filio
2978 4232 3098 4286 vivo
3133 4234 3222 4302 qui
3255 4248 3417 4303 quam
3450 4252 3548 4289 ex-

1997 4317 2264 4372 actissime
2294 4327 2641 4388 repraesentat
2676 4319 2999 4389 archetypon
3029 4320 3172 4375 illam
3204 4322 3380 4378 Patris
3412 4324 3550 4378 divi-

1998 4408 2242 4463 nitatem.
2290 4407 2553 4475 Quoniam
2599 4424 2730 4465 vero
2757 4410 2928 4464 visum
2971 4410 3222 4467 Marcello
3264 4412 3365 4467 fuit
3393 4414 3548 4484 logon

329 4511 544 4565 ϐάλλειν
589 4509 761 4563 ἐδόκει
810 4507 1131 4579 Μαρκέλλῳ,
1178 4508 1271 4561 καὶ
1319 4508 1467 4577 πόσῳ
1521 4503 1710 4575 βελτίω
1754 4497 1888 4556 εἶναι

2002 4498 2118 4560 Dei,
2150 4510 2335 4554 nostro
2379 4500 2655 4556 hominum
2706 4503 3020 4566 assimilare,
3055 4506 3098 4558 si
3146 4506 3365 4559 omnino
3412 4506 3549 4561 hanc

328 4602 594 4673 φήσομεν,
652 4599 820 4653 εικόνι
877 4598 1155 4670 χρώμενον
1219 4597 1298 4668 τῷ
1352 4594 1671 4669 ἀνθρωπίνῳ
1727 4594 1888 4663 λόγῳ,

328 4693 503 4763 τούτῳ
532 4690 727 4763 μᾶλλον
749 4689 1051 4761 χρήσασθαι
1073 4688 1150 4759 τῷ
1170 4686 1589 4758 παραδείγματι,
1611 4684 1704 4737 καὶ
1730 4683 1896 4752 φάναι

328 4785 425 4841 τοῦ
458 4785 585 4857 παρ’
623 4785 751 4855 ἡμῖν
778 4782 934 4850 λόγου
978 4780 1186 4852 πατέρα
1227 4775 1365 4832 εἶναι
1400 4779 1491 4831 τὸν
1525 4777 1666 4841 νοῦν,
1710 4776 1895 4848 ἕτερον

328 4880 457 4932 ὂντα
488 4876 639 4948 παρὰ
666 4874 755 4929 τὸν
785 4873 960 4942 λόγον.
989 4872 1092 4925 Τὸν
1127 4871 1224 4942 μὲν
1251 4871 1361 4941 γὰρ
1392 4868 1527 4940 (62')
1557 4868 1701 4932 νοῦν,
1747 4868 1897 4929 ὅστις

329 4969 464 5024 ποτέ
495 4968 589 5022 καὶ
613 4970 792 5031 ὁποῖος
823 4965 897 5019 ὣν
922 4964 1021 5036 τὴν
1050 4962 1233 5017 οὐσίαν
1274 4960 1535 5032 ὑπάρχει,
1581 4958 1755 5020 οὐδεὶς
1784 4954 1899 5009 πώ-

332 5077 467 5115 ποτε
495 5057 794 5131 ἀνθρώπων
815 5056 977 5125 ἔγνω,
1014 5053 1261 5126 βασιλεὺς
1286 5053 1332 5105 δ’
1356 5046 1442 5105 οἶα
1469 5052 1526 5103 ἐν
1562 5049 1899 5120 ἀπορρήτοις

331 5154 465 5209 εἴσω
498 5155 613 5216 τοῖς
663 5150 826 5205 αὑτοῦ
882 5147 1147 5220 ταμιείοις
1190 5143 1469 5215 ἱδρυμένος
1517 5141 1587 5195 τὰ
1643 5138 1889 5211 πρακτέα

335 5241 674 5315 βουλεύεται·
715 5243 743 5294 6
769 5240 813 5294 δ’
835 5238 894 5304 ἐξ
933 5235 1094 5293 αὑτοῦ
1123 5234 1297 5302 λόγος,
1324 5227 1412 5285 οἷα
1436 5230 1639 5302 πατρὸς
1679 5227 1736 5295 ἐξ
1767 5226 1894 5280 ἀδύ-

332 5351 443 5389 των
470 5330 654 5404 μυχῶν
681 5328 1070 5401 γεγεννημένος
1095 5328 1205 5391 τοίς
1231 5322 1385 5388 ἐκτὸς
1412 5324 1543 5378 πᾶσι
1572 5320 1891 5376 καθίσταται

406 5524 468 5585 an
503 5518 601 5574 Ed.
628 5515 827 5571 Paris..
853 5526 972 5583 pag.
994 5511 1117 5575 1‘27,
1144 5508 1259 5566 128.

428 5718 541 5791 (ἓν)
564 5715 740 5791 Vulso
771 5710 1004 5791 ρῦτωίδῗ
1113 5778 1163 5791 ..
1239 5777 1252 5791 .

434 5773 535 5859 62)’
552 5787 659 5843 Καὶ
675 5773 863 5839 ἷικόνα
886 5773 1007 5837 add.
1032 5778 1211 5845 codd.;
1239 5777 1375 5832 intra
1400 5777 1554 5850 vulgo
1581 5773 1822 5849 βελτίων.

701 5882 970 5945 ινιτιοι.
1003 5878 1121 5940 Gn.
1166 5875 1388 5939 XXIV.

1999 4591 2258 4645 adbibere
2289 4590 2499 4647 volebat
2526 4594 2930 4650 similitudinem
2953 4635 2968 4661 ,
3016 4607 3218 4666 quanto
3249 4598 3448 4653 rectius
3482 4599 3550 4662 is,

1999 4682 2064 4734 ad
2119 4681 2261 4736 huttc
2307 4685 2521 4737 modum
2568 4686 2895 4754 protulisset,
2927 4696 2985 4741 ut
3023 4688 3244 4753 diceret,
3283 4695 3341 4754 ᾖ
3383 4691 3550 4745 nostri

1998 4769 2103 4840 logi
2133 4782 2408 4841 parentem
2438 4787 2558 4828 esse
2602 4785 2833 4830 mentem
2854 4817 2870 4842 ,
2898 4793 3015 4847 quae
3057 4778 3324 4834 diversum
3356 4778 3483 4849 quid
3518 4794 3550 4832 a

1998 4862 2117 4931 ιοκο
2144 4862 2373 4916 exsistit.
2403 4861 2630 4918 Mentem
2661 4866 2803 4919 enim
2832 4881 2991 4923 nemo
3025 4868 3241 4938 quidem
3278 4871 3549 4925 hominum

2000 4955 2148 5010 novit
2194 4970 2312 5023 qua:
2351 4954 2451 5021 sit,
2498 4957 2710 5024 qualive
2760 4961 2979 5027 praedita
3025 4961 3095 5016 sit
3144 4962 3412 5018 essentia:
3456 4963 3548 5018 sed

2001 5045 2163 5101 veluti
2195 5044 2411 5115 quidam
2443 5045 2720 5112 rex,intus
2752 5058 2805 5102 et
2834 5050 2885 5103 in
2919 5050 3143 5106 secretis
3169 5052 3279 5107 suis
3306 5064 3551 5122 recepta-

2000 5138 2134 5193 culis
2178 5138 2441 5204 residens,
2475 5137 2540 5192 de
2584 5139 2744 5194 rebus
2768 5142 2988 5210 agendis
3035 5144 3260 5212 despicit
3295 5156 3349 5198 et
3377 5144 3553 5197 deter-

1998 5228 2207 5282 minat:
2259 5227 2424 5297 ipsius
2462 5237 2637 5282 autem
2673 5228 2855 5297 logos,
2883 5244 2951 5284 ex
2996 5244 3061 5286 eo
3097 5232 3393 5307 procedens
3435 5242 3553 5286 tan-

1992 5324 2154 5389 quam
2186 5331 2219 5373 a
2247 5319 2493 5389 genitore
2532 5320 2879 5392 progenitus,
2913 5321 2969 5377 in
3009 5321 3362 5381 abditissimis
3392 5337 3557 5379 cene-

2079 5698 2209 5771 (5'2')
2235 5697 2402 5771 Vulgo
2432 5713 2540 5757 om.
2559 5700 2683 5769 γάρ.

3205 5852 3286 5915 30
