4082 6458
391 331 488 388 9-H

1301 333 1386 388 DE
1417 332 1951 390 EGCLESIASTICA
2006 333 2400 392 THEOLOGIA
2447 335 2576 391 LIB.
2620 334 2676 390 ll.

3527 342 3631 398 942

391 449 485 502 καὶ
516 449 825 516 ἀναγκαίως
867 451 1385 522 ἑπισημαινομένης,
1427 451 1590 516 ὡς’ἑν
1635 453 1809 506 οὐδενὶ
1849 452 1936 505 τῶ·

2061 453 2437 521 prophetarum
2495 458 2807 520 exsistebat,
2841 457 2980 524 quod
3025 455 3090 510 ad
3124 457 3412 527 quemlibet
3444 475 3628 516 cerqu

388 540 682 614 προφητῶν
706 537 801 612 ἦν,
829 541 962 595 ἀλλά
988 543 1105 595 καθ’
1133 543 1362 598 ἕκαστον
1385 545 1653 614 ἐγίγνετο
1679 545 1790 616 (70)
1820 547 1955 617 πρὸς

385 630 446 687 ὃν
480 635 512 705 ή
552 634 780 688 ἑκάστου
817 634 1076 706 δύναμις,
1113 637 1199 689 οἵα
1246 654 1304 689 τε
1344 634 1411 709 ἦν
1468 641 1685 709 χωρεῖν,
1720 639 1955 713 προσιὼν

383 727 521 797 αὐτῇ
565 727 657 780 καί¹
685 730 749 797 τῇ
798 727 1027 781 ἑκάστου
1064 728 1207 800 ψυχῇ
1247 729 1306 782 τὸ
1337 731 1667 802 κατάλληλον
1699 732 1954 803 παρέχων

381 815 443 880 ἑξ
476 815 638 868 αὑτοῦ
669 817 882 887 πνεῦμα
909 821 1002 872 καὶ
1030 821 1220 891 νοεράν
1250 821 1469 886 εἰκότως
1498 824 1588 876 ἐπὶ
1624 824 1716 877 τοῦ
1753 826 1953 896 παρόν-

378 923 471 968 τος
500 907 528 958 ὁ
567 907 990 981 εύαγγελιστὴς,
1043 911 1133 964 τοῦ
1175 913 1349 982 Λόγου
1414 915 1620 985 μέλλων
1669 917 1952 986 εὐαγγελί-

379 996 566 1061 ζεσθαι
622 1002 950 1072 οἰκονομίαν,
1004 1004 1102 1056 οὐκ
1157 1003 1234 1056 ἔθ’
1281 1006 1481 1076 ὁμοίως
1539 1013 1650 1072 τοῖς
1706 1011 1953 1075 παλαιοῖς

378 1094 659 1161 γεγονέναι
717 1096 876 1149 αὐτὸν
937 1097 1122 1168 ἑτερόν
1174 1096 1285 1168 (71)
1347 1117 1468 1153 τινα
1524 1100 1789 1166 διδάσκει,
1839 1103 1951 1156 ἀλλ’

378 1183 541 1236 αὐτὸν
591 1184 768 1256 σάρκα
807 1187 1150 1259 ἀνειληφέναι
1189 1191 1281 1242 καὶ¹
1313 1189 1596 1262 ἄνθρωπον
1641 1193 1947 1261 γεγονέναι·

378 1269 479 1326 εἴτ’
502 1276 687 1347 ἐπειδὴ
721 1277 816 1348 τὴν
858 1278 936 1341 εἰς
977 1278 1294 1350 ἀνθρώπους
1336 1280 1500 1335 αὑτοῦ
1542 1285 1805 1355 σωτήριον
1842 1289 1952 1348 τοῖς

377 1366 542 1418 πᾶσιν
577 1367 808 1438 πάροδον
843 1369 1129 1439 κηρύττειν
1161 1369 1405 1441 ἔμελλεν,
1445 1372 1572 1442 ἑξῆς
1609 1373 1799 1442 λέγων,
1839 1376 1950 1428 Καὶ

377 1457 412 1508 ό
453 1457 641 1525 Λόγος
677 1458 830 1527 σὰρξ
860 1459 1113 1528 ἐγένετο,
1143 1463 1238 1516 καὶ
1283 1462 1637 1528 ἐσκήνωσεν
1678 1465 1746 1517 ἐν
1784 1466 1946 1535 ἡμῖν,

373 1547 688 1615 ἀναγκαίως
724 1551 814 1603 ἐπὶ
851 1550 947 1621 τὴν
1000 1552 1172 1625 ἀρχὴν
1199 1555 1504 1628 ἀνατρέχει,
1550 1555 1639 1608 τὸν
1677 1557 1804 1627 χθὲς
1853 1559 1947 1611 καὶ

374 1637 566 1708 πρώην
606 1641 955 1710 σαρκωθέντα
1006 1645 1176 1713 Λόγον
1221 1646 1304 1708 τίς
1351 1665 1480 1700 ποτε
1525 1643 1592 1720 ἦν
1641 1650 1734 1701 καὶ
1768 1652 1948 1714 ὁποῖος

2058 546 2256 614 factum
2283 557 2378 610 est,
2410 557 2466 600 ut
2492 548 2752 616 cujusque
2789 547 2904 616 ejus
2932 564 3098 618 capax
3127 559 3243 605 erat
3277 561 3537 621 potestas,
3573 568 3622 608 et

2057 635 2335 702 cuiuslibet
2378 638 2570 692 animae
2620 638 2957 708 suggerebat,
3007 642 3074 695 de
3121 657 3220 697 suo
3274 643 3463 713 spiritu
3493 660 3622 698 con-

2059 729 2381 783 venienter:
2431 739 2489 783 ut
2541 731 2612 783 ita
2660 746 2762 784 non
2815 731 3112 802 incongrue
3159 735 3248 790 hic
3293 737 3626 806 evangelista

2056 819 2272 883 dixerit,
2297 821 2383 874 ubi
2416 820 2574 875 Verbi
2609 821 2749 877 illitis
2775 825 3130 878 oeconomiam
3153 835 3273 881 erat
3307 828 3628 892 traditurus,

2057 925 2161 963 non
2212 913 2434 979 perinde
2482 915 2787 966 ordinatum
2845 913 2992 968 illum
3045 932 3224 982 nunc,
3275 925 3437 988 atque
3493 919 3623 974 olim

2055 1003 2192 1070 apud
2227 1003 2476 1072 antiquos
2507 1003 2643 1067 illos,
2677 1005 2767 1058 sed
2816 1020 3001 1060 nosuo
3042 1007 3273 1075 quodam
3324 1018 3380 1063 et
3410 1009 3625 1065 diverso

2056 1092 2235 1156 modo,
2258 1109 2448 1162 nempe
2476 1109 2636 1148 carne
2663 1106 2966 1164 assumpta,
2988 1096 3206 1152 homine
3231 1095 3404 1166 facto;
3431 1100 3626 1154 deinde

2052 1185 2192 1252 quod
2235 1187 2611 1242 enuntiaturus
2659 1200 2778 1242 erat
2827 1189 2879 1242 in
2929 1191 3285 1259 sequentibus
3328 1191 3620 1246 salutarem

2052 1274 2220 1343 ipsius
2280 1275 2345 1328 ad
2391 1277 2638 1332 homines
2669 1279 2994 1343 adventum,
3030 1280 3116 1334 ubi
3153 1280 3260 1346 ait,
3294 1279 3364 1334 Et
3399 1281 3623 1336 Verbum

2051 1380 2172 1417 caro
2213 1365 2407 1432 factum
2458 1379 2554 1431 est,
2590 1379 2636 1421 et
2679 1369 2937 1423 habitavit
2980 1369 3036 1424 in
3079 1371 3226 1425 nobis
3251 1369 3318 1437 ,¹¹⁵,
3363 1372 3483 1427 ideo
3513 1388 3618 1428 non

2051 1456 2340 1525 incongrue
2387 1459 2439 1512 in
2491 1459 2756 1528 principio
2809 1463 3043 1516 recurrit
3086 1463 3152 1518 ad
3203 1461 3461 1530 Verbum,
3494 1473 3622 1520 tunc

2053 1562 2220 1615 nuper
2271 1549 2624 1615 incarnatum,
2669 1553 2812 1621 quod
2860 1561 2915 1608 et
2955 1548 3126 1623 'quale
3177 1553 3355 1613 fuerat
3398 1557 3622 1610 demon-

2051 1639 2313 1694 strando:
2350 1640 2456 1695 Deo
2504 1641 2634 1696 illud
2666 1644 2915 1710 ascribit,
2948 1646 3278 1701 annuntians
3319 1647 3476 1703 simul
3505 1646 3620 1715 ejus

372 1729 616 1793 δεικνύς⁹
664 1730 901 1800 θεολογεῖ
929 1751 986 1786 τε
1026 1736 1208 1799 αὑτὸν,
1246 1737 1379 1808 ὁμοῦ
1417 1739 1514 1810 τὴν
1557 1739 1754 1808 γνῶσιν
1787 1742 1936 1795 αὐτοῐ

2052 1729 2326 1792 deitatem,
2353 1741 2407 1786 et
2437 1733 2502 1786 ad
2529 1733 2776 1789 homines
2796 1734 3086 1790 adventum
3115 1753 3131 1802 ;
3155 1746 3267 1791 tum
3293 1737 3456 1792 etiam
3475 1739 3617 1807 quod

373 1823 469 1875 καὶ
500 1822 597 1894 τὴν
632 1825 710 1886 είς
739 1825 1057 1897 ἀνθρώπους
1089 1827 1405 1898 θεοφάνειαν
1445 1833 1936 1905 εὐαγγελιζόμενος,

2050 1835 2168 1874 cum
2225 1833 2433 1878 veteres
2465 1823 2755 1879 electione
2795 1826 3198 1896 Scripturarum
3243 1828 3370 1882 olim
3407 1828 3618 1883 didice-

372 1909 494 1978 εἷθ’,
524 1915 598 1978 ὡς
635 1915 742 1972 τῶν
771 1918 1035 1982 παλαιῶν,
1073 1921 1137 1972 ἑκ
1175 1920 1282 1974 τῶν
1315 1922 1473 1978 θείων
1507 1925 1945 1996 ἀναγνωσμάτων

372 2005 875 2078 προμεμαθηκότων
901 2010 992 2063 τὸν
1021 2012 1104 2079 ἐφ’
1129 2012 1341 2085 ἑκάστῳ
1374 2017 1628 2090 προφήτῃ
1654 2018 1943 2088 γενόμενον

371 2095 564 2164 Λόγον,
610 2099 774 2163 αὐτὸς
818 2100 915 2172 τὴν
967 2102 1243 2175 θειοτέραν
1294 2106 1386 2158 καὶ
1446 2106 1718 2180 ἐξαίρετον
1771 2109 1943 2181 ἀρχὴν

369 2187 534 2240 αὑτοῦ
600 2188 892 2260 κηρύττει,
952 2193 1017 2263 ἢν
1063 2194 1240 2257 οὐδεὶς
1290 2197 1582 2266 προφητῶν
1639 2197 1942 2269 ἀνθρώποις

366 2280 588 2351 γυμνῶς
643 2281 783 2335 οὕτω
860 2285 952 2337 καὶ
1012 2286 1491 2357 ἀπαρακαλύπτως
1551 2289 1792 2360 ἐξέφηνε.
1851 2291 1941 2345 Διὸ

369 2375 582 2446 μεγάλῃ
622 2379 770 2447 φωνῇ
803 2381 914 2441 τοῖς
940 2380 1073 2431 πᾶσι
1102 2379 1160 2431 τὸ
1187 2379 1404 2451 λεληθὸς
1434 2381 1526 2434 καὶ
1559 2382 1785 2453 κρύφιον
1813 2385 1941 2454 περὶ

364 2466 460 2519 τοῦ
499 2468 672 2535 Λόγου
725 2470 1020 2542 μυστήριον
1068 2471 1394 2543 παραδιδοὺς
1444 2473 1571 2526 ἑϐόα
1613 2473 1805 2544 λέγων·
1846 2477 1940 2528 Ἑν

364 2556 526 2625 ἀρχῇ
581 2554 661 2628 ἦν
705 2563 736 2612 ό
783 2560 1001 2630 Λόγος,
1055 2563 1152 2616 καὶ
1188 2566 1220 2616 ό
1271 2564 1461 2633 Λόγος
1509 2561 1586 2635 ἦν
1633 2567 1782 2636 πρὸς
1833 2568 1940 2621 τόν

366 2643 534 2710 Θεὸν,
580 2647 677 2700 καὶ
726 2647 868 2714 Θεὸς
916 2645 993 2719 ἦν
1034 2652 1065 2703 ό
1102 2651 1313 2719 Λόγος.
1373 2651 1572 2705 Πάντα
1634 2652 1710 2706 δι’
1751 2655 1937 2707 αὑτοῦ

362 2735 621 2805 ἐγένετο,
662 2739 759 2793 καὶ
786 2741 981 2809 ’χωρὶς
1029 2741 1214 2796 αὑτοῦ
1272 2743 1506 2812 ἐγένετο
1561 2744 1702 2797 οὐδὲ
1875 2747 1936 2799 Εἰ

362 2825 470 2901 γὰρ
503 2831 652 2901 παρά
678 2830 783 2883 τῶν
813 2831 1090 2904 προτέρων
1122 2833 1281 2887 θείων
1314 2835 1541 2907 Γραφῶν
1572 2837 1945 2906 παιδαγωγού-,

364 2933 514 2987 μενοι
543 2919 728 2985 πάλαι,
756 2923 1019 2994 πρότερον
1047 2926 1416 2996 μεμαθήκατε,
1437 2927 1619 2996 φησὶν,
1640 2929 1720 2981 ὅτι
1748 2930 1936 2998 Λόγος

359 3009 584 3077 Κυρίου
611 3011 845 3080 ἐγένετο
889 3013 1025 3084 πρὸς
1055 3015 1203 3067 τόνδε
1233 3016 1322 3069 τὸν
1363 3018 1645 3089 προφήτην
1694 3018 1805 3090 (7'2)
1843 3020 1936 3072 καὶ

2048 1920 2170 1964 rant
2249 1914 2443 1982 cuique
2493 1916 2768 1984 propheta:
2817 1918 3058 1973 Verbum
3136 1919 3618 1988 superadvenisse,

2046 2003 2160 2072 ipse
2191 2004 2422 2060 divinius
2448 2009 2717 2076 quoddam
2743 2019 2800 2064 et
2843 2009 3200 2065 excellentius
3243 2010 3386 2065 illius
3411 2010 3617 2079 princi-

2045 2095 2189 2162 pium
2221 2106 2435 2150 enarret
2469 2115 2484 2150 :
2529 2097 2673 2166 quod
2723 2098 2904 2154 nullus
2954 2114 3191 2168 unquam
3230 2099 3619 2170 prophetarum

2047 2194 2152 2238 tam
2201 2195 2384 2255 aperte
2435 2196 2491 2242 et
2543 2188 2690 2244 clare
2737 2191 3062 2246 enuntiavit.
3110 2189 3378 2257 Quocirca
3439 2191 3616 2245 latens

2044 2276 2168 2329 illud
2207 2285 2260 2332 et
2321 2279 2590 2333 occultum
2636 2281 2702 2334 de
2724 2280 2902 2338 Verbo
2935 2283 3252 2353 mysterium
3300 2297 3422 2336 cum
3455 2281 3618 2336 vellet

2043 2367 2254 2422 tradere
2277 2408 2291 2433 ,
2328 2368 2423 2435 ait,
2475 2369 2540 2422 In
2578 2369 2834 2440 principio
2863 2381 2976 2425 erat
3017 2369 3264 2436 Verbum,
3295 2379 3344 2424 et
3388 2366 3619 2438 Verbum.

2040 2469 2149 2512 erat
2179 2461 2319 2528 apud
2361 2460 2545 2528 Deum,
2584 2472 2632 2517 et
2678 2463 2817 2517 Deus
2861 2473 2970 2518 erat
3005 2462 3251 2517 Verbum.
3297 2461 3486 2518 Omnia
3520 2477 3615 2528 per

2040 2551 2212 2618 ipsum
2257 2553 2399 2621 facta
2425 2561 2568 2618 sunt,
2601 2563 2649 2607 et
2687 2555 2797 2608 sine
2826 2554 2936 2621 ipso
2967 2553 3166 2623 factum
3193 2563 3266 2607 cst
3293 2551 3444 2606 nihil.
3474 2549 3612 2604 Nam

2042 2643 2108 2709 si,
2142 2643 2335 2711 inquit,
2370 2643 2439 2698 ab
2469 2644 2861 2714 antiquissimis
2911 2645 3062 2699 olim-
3091 2642 3388 2714 Scripturis
3448 2641 3610 2696 insti-

2043 2733 2160 2798 tuti,
2191 2735 2321 2788 illud
2357 2735 2644 2804 aliquando
2670 2734 2844 2790 edocti
2871 2732 3341 2803 accepistis,quod
3380 2729 3612 2785 Verbum

2040 2824 2252 2880 Domini
2276 2827 2473 2895 factum
2499 2827 2652 2882 sitad
2676 2827 2823 2882 hunc
2873 2827 3218 2896 prapbetam,
3241 2835 3296 2881 et
3324 2825 3389 2879 ad
3419 2823 3608 2886 alium,

2039 2927 2200 2983 atque
2237 2917 2308 2970 ita
2336 2918 2589 2986 deinceps
2621 2917 2688 2970 ad
2719 2916 2881 2971 alium
2909 2933 2924 2979 ;
2977 2926 3032 2971 at
3061 2931 3204 2971 nunc
3236 2916 3473 2981 tandem,
3503 2931 3608 2968 non

2039 3008 2488 3074 quemadmodum
2544 3009 2742 3078 factum
2796 3019 2880 3064 est
2909 3007 3144 3064 Verbum
3198 3007 3454 3071 Domini,
3511 3008 3608 3063 sed

359 3099 498 3169 πρὸς
523 3100 707 3172 ἕτερον
737 3102 900 3156 πάλιν
944 3104 1145 3175 ὁμοίως
1191 3105 1444 3176 ἐγένετο,
1475 3109 1568 3160 καὶ
1607 3103 1759 3171 αὖθις
1798 3109 1933 3180 πρὸς

2039 3099 2488 3168 quemadmodum
2530 3113 2642 3154 erat
2688 3102 2740 3155 in
2793 3100 3101 3170 principio,
3156 3114 3382 3169 necesse
3423 3108 3504 3153 est
3549 3108 3611 3154 ut

357 3187 536 3255 ἄλλον,
569 3192 703 3245 ἀλλά
740 3193 834 3247 νῦν
865 3195 963 3265 οὐχ
988 3196 1136 3259 ὅπως
1160 3197 1417 3267 ἐγένετο,
1451 3199 1564 3252 ἀλλ’
1588 3200 1734 3264 ὅπως
1770 3197 1850 3272 ἦν
1874 3194 1931 3254 ἐν

2039 3191 2472 3259 evangelizetur:
2505 3203 2559 3246 et
2607 3194 2878 3262 quomodo
2925 3192 3064 3246 Deus
3109 3202 3260 3257 erat,
3297 3201 3351 3245 et
3375 3192 3608 3262 qualiter

355 3282 519 3352 ἀρχῇ,
550 3285 663 3346 τοῖς
697 3286 860 3338 πᾶσιν
889 3287 1182 3352 ἀναγκαῖον
1215 3291 1698 3358 εὐαγγελίσασθαιο
1734 3293 1829 3345 καὶ
1855 3293 1931 3355 ὡς

2039 3282 2208 3334 omnia
2236 3298 2330 3346 per
2354 3283 2500 3335 illum
2531 3284 2674 3351 [acta
2699 3291 2842 3345 sunt,
2889 3291 2943 3335 et
2969 3282 3110 3350 quod
3142 3282 3256 3351 ipse
3285 3283 3446 3344 Deus,
3477 3281 3607 3336 Ver-

357 3370 503 3437 Θεὸς
541 3368 637 3442 ἦν,
682 3373 776 3427 καὶ
827 3375 903 3438 ὡς
950 3375 1146 3429 πάντα
1197 3378 1271 3430 δι’
1313 3380 1500 3433 αὐτοῦ
1537 3381 1792 3448 ἐγένετο,
1834 3385 1931 3435 καὶ

2039 3371 2154 3425 bum
2191 3373 2338 3438 illud,
2369 3389 2463 3442 per
2491 3389 2652 3442 quem
2698 3374 2879 3427 omnia
2936 3375 3076 3429 facta
3123 3382 3271 3439 sunt,
3313 3390 3345 3428 e
3377 3383 3602 3442 paterna

354 3459 431 3523 ὡς
477 3461 637 3527 αὐτὸς
692 3465 897 3529 ἐκεῖνος
934 3467 962 3518 ὁ
1015 3467 1146 3531 Θεὸς
1183 3469 1385 3536 Λόγος,
1433 3469 1498 3521 δι’
1548 3465 1608 3523 οῦ
1646 3471 1713 3523 τὰ
1752 3473 1929 3526 πάντα

2039 3461 2402 3515 misericordia
2438 3461 2737 3522 carol‘acta
2771 3463 2870 3526 sit,
2908 3473 2964 3516 et
3009 3463 3060 3516 in
3103 3462 3256 3527 nobis
3309 3461 3598 3516 habitavit.

353 3550 730 3624 φιλανθρωπίᾳ
759 3555 850 3608 τοῦ
890 3557 1100 3628 Πατρὸς
1162 3558 1318 3628 σὰρξ
1349 3559 1583 3628 ἐγένετο,
1629 3562 1722 3614 καὶ
1760 3563 1926 3634 ἐσκή-

351 3657 523 3695 νωσεν
563 3644 620 3698 ἑν
652 3645 801 3714 ἡμῖν.
843 3647 1004 3699 Ταῦτ’
1057 3648 1437 3718 εὐηγγελίζετο
1486 3652 1735 3724 Ἰωάννης
1768 3655 1796 3707 ὁ
1828 3654 1926 3726 μέ-

350 3747 455 3801 γας
502 3732 595 3786 τοῦ
642 3736 876 3805 Χριστοῦ
928 3740 1171 3812 μαθητὴς
1211 3743 1302 3796 καὶ
1336 3744 1665 3809 ἀπόστολος,
1715 3747 1784 3799 τὰ
1830 3748 1926 3801 νέα

350 3821 445 3876 καὶ
478 3824 638 3878 καινά
674 3825 768 3879 τοῦ
819 3829 1068 3901 Σωτῆρος
1109 3833 1376 3886 παιδεύων
1424 3835 1667 3901 ἅπαντας
1716 3839 1925 3910 ἀνθρώ-

350 3930 484 3977 πους
528 3919 826 3988 μυστήρια,
872 3920 967 4001 οὐχ
1007 3923 1088 3975 ὃτι
1123 3923 1335 3992 λογικὸς
1364 3921 1432 3997 ἦν
1460 3928 1488 3978 ὁ
1527 3927 1680 3992 Θεὸς,
1706 3930 1813 3982 οὐδ’
1842 3932 1922 3983 ὅτι

347 4005 510 4069 αὐτὸς
541 4006 678 4077 πρὸς
699 4009 888 4062 ἑαυτὸν
915 4010 1183 4077 διενοεῖτο,
1213 4017 1306 4068 καὶ
1327 4017 1502 4087 ἑαυτῷ
1529 4018 1918 4090 προδιελέγετο,

343 4095 697 4167 Ποιήσωμεν
760 4100 1090 4169 ἄνθρωπον,
1145 4106 1356 4174 λέγων·
1417 4109 1525 4161 οὐδ’
1593 4111 1674 4164 ὅτι
1743 4112 1922 4181 λόγοις

343 4191 606 4263 κέχρηται
629 4198 737 4259 τοῖς
765 4197 873 4252 τῶν
903 4200 1189 4270 πρακτέων
1235 4202 1707 4272 παραγγελτικοῖς.
1734 4205 1918 4258 Ταῦτα

342 4282 451 4353 γὰρ
484 4283 594 4355 (75)
625 4289 732 4350 πᾶς
754 4290 1082 4360 ἀρνούμενος
1116 4293 1205 4346 τὸν
1235 4293 1358 4346 Υίὸν
1385 4294 1478 4347 τοῦ
1503 4295 1635 4347 Θεοῦ
1657 4297 1796 4349 εἴποι
1828 4296 1914 4360 ἂν,

339 4373 369 4425 ὃ
421 4375 611 4447 δήκαὶ
669 4381 981 4453 Μάρκελλος
1030 4385 1219 4448 ποιῶν,
1267 4385 1343 4449 ὡς
1386 4387 1476 4439 ἐπὶ
1530 4390 1916 4460 κρησφύγητον

2033 3557 2090 3615 E4
2127 3552 2247 3605 Haec
2279 3551 2511 3607 Joannes
2558 3553 2646 3606 ille
2687 3568 2912 3622 magnus
2959 3551 3160 3608 Christi
3201 3551 3498 3621 discipulus
3544 3562 3601 3606 et

2027 3642 2304 3709 apostolus
2348 3643 2772 3711 evangelizavit:
2823 3658 3010 3697 omnes
3059 3643 3276 3712 quidem
3352 3641 3601 3697 homines

2026 3733 2259 3787 edocens
2294 3748 2428 3788 nova
2459 3745 2513 3788 et
2557 3750 2756 3803 nupera
2808 3734 3115 3789 Servatoris
3157 3735 3450 3804 mysteria,
3485 3749 3590 3788 non

2025 3823 2164 3892 quod
2199 3835 2316 3878 erat
2344 3825 2481 3879 Deus
2532 3827 2742 3880 ratione
2796 3827 3050 3896 praeditus
3076 3865 3094 3893 ,
3128 3841 3234 3880 non
3283 3826 3425 3895 quod
3471 3824 3588 3894 ipse

2024 3916 2161 3984 apud
2215 3932 2272 3971 se
2314 3918 2569 3987 cogitavit
2618 3927 2672 3973 et
2703 3932 2885 3973 secum
2919 3918 3218 3974 collocutus
3266 3918 3358 3983 sit,
3388 3914 3589 3969 Facia-

2022 4025 2135 4062 mus
2171 4011 2470 4074 hominem,
2508 4010 2756 4079 inquiens
2781 4050 2795 4074 ,
2829 4025 2930 4066 nec
2963 4014 3104 4079 quod
3135 4009 3316 4064 verbis
3364 4009 3435 4062 sit
3465 4023 3595 4063 usus

2021 4116 2199 4154 rerum
2230 4102 2586 4170 gerendarum
2623 4103 3016 4158 admonitoriis.
3060 4103 3167 4158 Ista
3207 4102 3348 4156 enim
3391 4100 3588 4170 quivis,

2020 4193 2109 4260 qui
2143 4191 2233 4247 Dei
2269 4192 2458 4246 Filium
2492 4194 2818 4262 abuegaret,
2861 4195 3041 4249 dicere
3084 4202 3263 4264 posset
3287 4231 3302 4258 ,
3329 4193 3588 4274 quemad-

2020 4283 2235 4338 modum
2281 4294 2337 4339 et
2383 4285 2670 4340 Marcellus
2711 4285 3130 4355 deprehenditur
3199 4284 3424 4349 fecisse,
3496 4283 3586 4352 qui

2019 4383 2274 4444 tauquam
2302 4377 2366 4430 ad
2394 4375 2657 4446 refugium
2683 4377 2950 4444 quoddam
2982 4390 3039 4430 se
3068 4377 3135 4428 ad
3169 4383 3407 4428 veterem
3440 4372 3590 4428 Scri-

337 4465 432 4518 ὲπὶ
454 4467 551 4538 τὴν
580 4470 815 4526 παλαιὰν
863 4475 1191 4544 καταφεύγει
1222 4476 1462 4547 Γραφὴν,
1490 4479 1584 4530 καὶ
1619 4478 1688 4531 τὰ
1717 4480 1913 4549 νηπιά-

2039 4476 2226 4522 ituram
2262 4470 2562 4535 convertit,
2598 4484 2824 4538 qumque
2873 4468 3236 4522 infantissimo
3275 4466 3582 4520 Judmorum

338 4554 483 4619 ζοντι
514 4559 591 4630 τῷ
627 4561 737 4633 (74)
789 4565 1052 4620 Ἰουδαίων
1097 4567 1210 4637 λαῷ
1241 4569 1370 4639 περὶ
1399 4568 1493 4622 τοῦ
1527 4567 1600 4640 μὴ
1628 4570 1908 4623 εἰδωλολα-

334 4649 505 4716 τρεῖν,
533 4648 626 4700 ἕνα
653 4649 708 4702 δὲ
733 4652 920 4740 μόνον.
939 4656 1133 4709 εἰδέναι
1167 4674 1227 4709 τε
1271 4657 1363 4710 καλ⁵
1397 4658 1571 4710 σέϐειν
1601 4659 1732 4713 Θεὸν
1765 4679 1906 4733 παρ-

332 4737 644 4808 ηγγελμένα
699 4737 950 4813 συνάγειν
1001 4752 1273 4820 πειρᾶται.
1313 4749 1478 4803 Ἔνθα
1512 4751 1605 4804 καὶ
1643 4752 1907 4824 ηύρόησεν

2016 4556 2210 4625 p0pulo
2239 4558 2428 4612 tradita
2455 4560 2724 4627 quondam
2769 4557 3016 4618 fuerant,
3054 4559 3119 4612 de
3153 4571 3258 4611 non
3295 4557 3584 4611 aderandis

2016 4648 2190 4712 idolis,
2235 4648 2329 4702 sed
2366 4649 2455 4702 uni
2508 4649 2614 4705 Deo
2661 4650 3057 4720 cognoscendo,
3104 4649 3495 4717 serviendoque
3527 4647 3580 4701 iu

2014 4750 2177 4788 unum
2211 4741 2429 4807 coegit:
2464 4738 2552 4792 ubi
2596 4739 2839 4792 doctrina
2885 4740 2952 4794 de
3000 4739 3111 4794 Deo
3159 4738 3272 4794 solo
3302 4745 3356 4793 et
3385 4753 3492 4792 uno
3530 4738 3578 4792 ei

330 4825 482 4895 αύτῷ
521 4829 553 4898 ή
599 4831 727 4901 περὶ
763 4833 855 4886 τοῦ
899 4835 1015 4899 ἑνὸς
1057 4837 1190 4891 Θεοῦ
1238 4839 1586 4904 διδασκαλία,
1623 4843 1906 4913 χρησίμως

2042 4828 2272 4882 accessit
2295 4829 2528 4893 abunde,
2556 4839 2740 4897 utpote
2768 4845 2888 4899 qua:
2935 4831 3142 4886 utiliter
3185 4829 3494 4895 admodum,
3525 4839 3580 4883 et

328 4919 450 4970 τότε
491 4922 586 4973 καὶ
643 4925 784 4978 κατὰ
834 4929 1023 5000 καιρὸν
1097 4930 1572 5002 είδωλολατροῦσιν
1632 4935 1902 5000 Ἰουδαίοις

2039 4927 2308 4986 ιρροιιιιιιθ
2325 4918 2617 4973 idololatria
2637 4919 2835 4975 Judazis
2856 4921 3184 4976 tradebatur.
3204 4921 3321 4986 Quo
3342 4921 3429 4976 ille
3458 4935 3578 4975 sese

325 5012 760 5087 παραδεδομένη.
814 5020 923 5073 Καὶ
976 5020 1040 5092 δὴ
1090 5022 1322 5076 ἐνταῦθα
1390 5025 1739 5094 καταφυγὼν,
1807 5029 1900 5081 καὶ

2039 5009 2310 5072 onferens,
2345 5020 2400 5063 et
2423 5009 2644 5065 Judaica
2697 5012 2880 5067 cordis
2909 5013 3128 5080 duritia,
3162 5014 3324 5068 veluti
3369 5013 3574 5066 munito

323 5100 514 5190 ῶσπερ
555 5107 612 5158 ὲν
644 5108 956 5180 ὀχυρώματι
989 5114 1178 5166 ἑαυτὸν
1209 5116 1276 5183 τῇ
1315 5114 1576 5186 Ἰουδαῖκῇ
1629 5120 1896 5190 περιφράο

2041 5101 2234 5170 uodam
2281 5104 2680 5171 propugnaculo
2711 5105 2970 5175 vallatus,
2997 5107 3063 5163 ad
3102 5106 3298 5163 Filium
3343 5106 3436 5162 Dei
3473 5121 3571 5160 ne-

322 5189 422 5256 ξας
483 5197 914 5272 σκληροκαρδίᾳ,
961 5201 1061 5272 τὴν
1109 5202 1334 5274 ἄρνησιν
1387 5202 1754 5275 προύϐάλλετο
1804 5189 1896 5261 τοῦ
2001 5191 2230 5262 μηδυηῖ
2259 5194 2544 5262 Processu-

320 5288 454 5344 ]‘iaii
491 5290 584 5344 τοῦ
611 5291 765 5344 Θεοῦ.

397 5499 458 5560 ›Ῑ‹
491 5495 588 5550 Ed.
626 5495 824 5561 Paris.,
853 5512 974 5569 pag.
1002 5499 1127 5554 l50.
1195 5499 1405 5556 “Joau.
1453 5517 1491 5571 ι,
1531 5503 1616 5558 li.

417 5650 504 5724 :70)
534 5650 722 5724 Vulgo
736 5652 870 5724 πρὸς
898 5653 939 5711 ὅ,

385 5722 497 5794 ('1!)
531 5723 672 5794 Πρὸς
701 5722 883 5794 ἕτερον
927 5725 989 5776 Ii.

385 5792 496 5868 (73)
531 5792 692 5862 vulgo
718 5792 864 5846 τόνδε
901 5795 1202 5866 προφήτην.

2063 5658 2175 5734 (ἔξ)
2196 5657 2380 5734 Falso
2409 5675 2512 5734 0,!“-
2540 5663 2645 5734 γάρ

2057 5731 2166 5798 (74)
2196 5731 2362 5799 Vulgo
2387 5732 2514 5788 τῶν.
