4082 6386
480 314 603 372 1943

1133 428 1285 484 CAP.
1324 427 1467 482 XIX.

476 524 654 590 :Quod
696 521 973 590 Marcellus
1010 519 1279 590 advocatis
1322 520 1378 590 in
1421 519 1771 574 testimonium
1817 533 1845 572 e
1895 516 2064 572 Veteri

571 591 897 660 Testamento
925 587 1209 655 Scripturis
1230 589 1294 641 de
1321 588 1431 660 Deo
1458 605 1584 660 ulto,
1607 606 1711 643 non
1732 604 1878 643 secus
1909 604 2065 660 quam

566 661 746 717 Judaei
777 659 964 720 solent,
993 660 1319 728 abnegaverit
1347 658 1444 712 Dei
1470 658 1696 714 Filium.

542 751 869 827 {IL-LVIII,
902 750 1121 821 coll.:p.
1173 750 1274 806 158
1321 749 1409 824 B.]
1473 751 1691 806 Audisis
1731 763 1912 806 autem
1947 750 2067 820 qui-

499 851 598 903 bus
647 846 816 900 utitur
857 843 1117 908 vocibus,
1163 842 1289 897 dum
1345 842 1417 897 ita
1446 843 1634 898 scribit
1671 861 1684 897 :
1721 861 1740 894 ι
1767 843 2065 910 Quemnam

495 959 519 992 ι
552 953 680 995 vero
706 952 828 993 eum
857 936 1152 990 arbitratur
1179 935 1425 991 Asterius
1447 975 1464 1001 ,
1499 935 1589 1006 qui
1619 935 1777 1000 dixit,
1810 935 1920 1005 Ego
1949 951 2064 989 sunt

499 1048 518 1082 ι
555 1031 645 1102 qui
661 1045 777 1084 sum
790 1031 858 1097 ",
876 1028 1072 1084 Filium
1090 1043 1157 1081 an
1173 1027 1382 1084 Patrem
1398 1029 1421 1082 ι
1436 1030 1573 1084 duas
1587 1029 1782 1084 etenim
1807 1029 2065 1100 hyposta-

498 1136 518 1170 ι
553 1115 847 1174 sesPatris
892 1128 946 1172 et
983 1115 1104 1172 Filii
1151 1114 1385 1170 alilrmat
1430 1131 1590 1184 esse,
1622 1133 1843 1174 carnem
1894 1117 2066 1187 respi-

499 1229 518 1262 s
559 1210 711 1266 ciens
757 1211 1051 1264 humanam
1101 1207 1273 1273 illam,
1299 1222 1462 1278 quam
1507 1210 1801 1278 assumpsit
1831 1209 2063 1264 Verbum

481 1321 518 1355 π(
560 1302 764 1370 Dei,-‘et
789 1301 858 1357 ob
877 1299 1028 1355 illam
1058 1314 1276 1355 carnem
1305 1301 1358 1355 in
1403 1301 1545 1356 hanc
1578 1302 1910 1356 descendens
1941 1301 2063 1371 opi-

479 1415 518 1449 ἰ
553 1395 791 1450 nionem.
819 1393 998 1465 Atque
1025 1393 1098 1449 ita
1133 1393 1228 1448 Dei
1267 1392 1461 1448 Filium
1499 1395 1770 1463 separavit
1808 1409 1838 1448 a
1884 1393 2062 1462 Patre,

501 1507 520 1540 ι
558 1504 663 1543 non
691 1486 849 1542 aliter
871 1500 1035 1556 quam
1067 1486 1112 1541 si
1142 1484 1261 1554 quis
1303 1483 1478 1540 lilium
1504 1485 1736 1541 bominis
1761 1501 1789 1539 a
1826 1486 2058 1540 naturali

476 1599 519 1633 -η
554 1594 652 1636 suo
680 1589 830 1648 patre
854 1585 1152 1648 separaret.
1185 1594 1204 1629 ι
1234 1575 1300 1630 Et
1353 1585 1464 1630 tum
1496 1575 1738 1647 adiungit
1777 1575 1869 1648 [IL
1903 1575 2061 1632 LVIII

493 1671 644 1739 coll.,
674 1687 725 1741 p.
755 1669 857 1726 158
886 1668 950 1741 Β]
983 1685 996 1722 :
1035 1686 1054 1720 ι
1085 1665 1143 1722 Si
1189 1666 1394 1721 idcirco
1418 1665 1632 1722 Patrem
1668 1681 1727 1722 se
1756 1683 1784 1721 a
1815 1666 1952 1723 Filio
1983 1683 2063 1723 se-

1178 309 1444 366 EUSEBII
1483 303 1954 367 CAESAR-IENSIS
1988 304 2135 362 OPP.
2181 304 2360 360 PARS
2401 304 2489 361 IV.
2532 333 2599 344 —-
2640 301 3061 362 DOGMATICA.

3637 307 3748 366 3“

2812 424 2966 477 ΚΕΦ.
3012 424 3114 478 ιθθ.

2175 517 2364 584 Ὅπως
2384 515 2736 585 Μάρκελλος
2750 517 2857 584 τὰς
2877 519 3011 587 περὶ
3029 517 3170 584 ἐνὸς
3189 514 3338 572 Θεοῦ
3357 514 3467 585 τῆς
3482 515 3754 587 Παλαιᾶς

2241 589 2530 655 Διαθήκης
2560 587 2802 656 Γοαισὸς
2841 586 3312 656 μαρτυρόμενος,
3354 587 3570 657 ὁμοίως
3613 586 3755 642 ἰου-

2241 657 2430 724 Galate;
2456 661 2563 711 τὸν
2600 657 2739 711 Υίὸν
2770 657 2878 710 τοῦ
2906 657 3052 712 Θεοῦ
3080 657 3334 726 ἠρνεῖτο.

2253 749 2584 803 Ἐπάκουσον
2638 747 2790 817 γοῦν,
2843 750 2986 814 οἵαις
3056 750 3317 822 κέχρηται
3368 751 3592 819 φωναῖς,
3641 741 3751 804 ὧδε

2170 841 2394 912 γράφων
2433 838 2575 896 κατὰ
2620 840 2796 907 λέξινο
2837 859 2855 894 ι
2885 841 3017 895 Τίνα
3057 841 3241 895 τοίνυν
3283 840 3395 906 τὸν,
3438 839 3585 912 Ἐγώ
3631 843 3752 912 ειμι
3815 907 3820 910 _

2175 949 2195 983 ι
2241 935 2275 986 ό
2323 931 2428 998 ὢν,
2455 932 2679 1002 λέγοντα
2727 933 2999 1005 Ἀστέριος
3027 928 3166 988 εἶναι
3223 932 3422 998 οἴεται,
3470 932 3562 986 τὸν
3601 933 3750 998 Υίδν,

2177 1043 2195 1076 ι
2232 1025 2274 1096 ’ἢ
2307 1025 2396 1078 τὸν
2422 1024 2676 1097 Πατέρα;
2701 1024 2794 1078 δύο
2820 1025 2929 1096 γὰρ
2959 1025 3284 1087 ὑποστάσεις
3311 1025 3390 1087 είς
3413 1021 3511 1094 τὴν
3538 1021 3756 1094 ἀνθρω-

2175 1135 2193 1168 ι
2240 1118 2400 1188 πίνην
2425 1119 2491 1188 ἠν
2533 1119 2562 1170 ὁ
2594 1116 2687 1171 τοῦ
2719 1116 2854 1170 Θεοῦ
2887 1117 3058 1186 Λόγος
3095 1115 3351 1185 ἀνείληφε
3400 1115 3584 1188 σάρκα
3615 1115 3757 1184 ἀφο-

2176 1227 2194 1260 ι
2245 1208 2374 1280 ρῶν,
2405 1209 2498 1263 καὶ
2537 1209 2604 1262 δι’
2642 1209 2814 1281 αὐτὴν
2862 1208 3007 1262 οὕτω
3061 1209 3485 1279 φανταζόμενος,
3539 1205 3760 1278 Πατρός

2176 1318 2193 1352 ι
2240 1317 2299 1354 τε
2331 1299 2426 1354 καὶ
2453 1299 2582 1354 Υἱοῦ
2615 1299 2814 1370 ἔφησεν
2846 1296 3003 1355 εἶναι.
3031 1298 3187 1354 Οὖτω
3209 1299 3300 1353 τὸν
3339 1297 3471 1352 Υίὸν
3499 1295 3594 1350 τοῦ
3614 1294 3758 1349 Θεοῦ

2174 1410 2194 1442 ι
2243 1391 2491 1464 χωρίζων
2522 1392 2635 1464 (75)
2663 1390 2758 1445 τοῦ
2800 1391 3034 1464 Πατρὸς,
3077 1389 3154 1455 ὡς
3201 1391 3294 1444 καὶ
3333 1389 3447 1443 υἱὸν
3500 1387 3613 1458 (76)
3655 1387 3758 1441 ἀν-

2173 1503 2192 1535 ι
2242 1481 2458 1555 Θρώπου
2514 1483 2805 1556 χωρίσειεν
2859 1482 2924 1536 άν
2962 1499 3044 1545 τις
3082 1481 3174 1535 τοῦ
3234 1479 3378 1535 κατὰ
3429 1480 3592 1550 φύσιν
3645 1496 3760 1532 πα-

2177 1591 2194 1624 ι
2238 1574 2418 1645 τρός.»
2468 1573 2578 1626 Καὶ
2625 1573 2864 1642 ἐπιλέγει
2915 1573 3074 1644 ἐξῆςο
3115 1592 3134 1624 ι
3165 1573 3226 1626 Ei
3271 1573 3450 1627 τοίνυν
3497 1571 3587 1625 τὸν
3634 1571 3759 1625 Πα-

2174 1683 2192 1716 ι
2238 1664 2371 1736 τέρα
2401 1664 2696 1736 χωρίζοντα
2725 1665 2914 1718 ἑαυτὸν
2941 1663 3035 1718 τοῦ
3063 1664 3193 1717 Υίοῦ
3220 1664 3358 1736 πρὸς
3393 1664 3482 1717 τὸν
3511 1663 3761 1718 Μωῦσέα

500 1774 839 1837 «parantem
881 1763 997 1817 haec
1037 1761 1104 1815 ad
1146 1758 1347 1815 Mosen:
1414 1757 1644 1814 alIirmet
1701 1759 2060 1829 prolocutum,

2175 1774 2192 1807 ι
2237 1755 2388 1810 ταῦτ’
2420 1755 2698 1828 εἰρηκέναι
2733 1758 2928 1828 φήσει,
2974 1758 3074 1811 οὐκ
3119 1752 3259 1810 εἶναι
3304 1757 3396 1810 τὸν
3444 1755 3573 1811 Υίὺν
3617 1755 3761 1809 Θεδν

501 1872 521 1906 ι
556 1853 798 1925 profecto
824 1851 1100 1916 fatebitur,
1132 1865 1236 1904 non
1277 1864 1397 1905 esse
1427 1847 1594 1905 Deum
1626 1849 1716 1918 qui
1762 1857 1846 1903 est
1877 1847 2063 1904 Filius.

2179 1868 2199 1902 ι
2245 1849 2587 1922 ὁμολογήσει.
2656 1851 2779 1914 Πῶς
2837 1851 2946 1923 γὰρ
3009 1851 3246 1922 ἐγχωρεῖ
3320 1851 3413 1904 τὸν

503 1965 522 2000 ι
566 1946 845 2014 Quomodo
887 1944 1038 2000 enim
1090 1942 1180 2012 qui
1214 1943 1325 2010 ait,
1359 1941 1472 2012 Ego
1507 1959 1623 1996 sum
1654 1941 1746 2011 qui
1795 1957 1931 2007 sum,
1961 1955 2067 1996 non

502 2057 535 2092 ι·
553 2039 686 2094 item
715 2049 1074 2092 concessurus
1097 2042 1180 2090 est
1200 2073 1216 2100 ,
1253 2034 1394 2103 quod
1423 2034 1513 2104 qui
1546 2043 1652 2099 est,
1682 2049 1741 2090 se
1765 2033 1902 2088 dixit
1926 2047 2064 2100 esse,

501 2129 634 2201 cad
709 2125 1068 2183 dili‘erentiam
1133 2125 1472 2181 statuendam
1550 2125 1693 2180 inter
1768 2126 1941 2194 ipsum
2013 2131 2070 2178 et

491 2239 523 2275 ς
557 2235 666 2276 non
709 2219 843 2275 etis?
870 2236 890 2273 ι
927 2218 1028 2286 Qui
1064 2217 1109 2274 si
1156 2217 1301 2272 dicat
1333 2216 1530 2271 Filium
1563 2216 1842 2287 hypostasi
1877 2215 2069 2271 distin-

497 2318 646 2368 ctum
689 2312 792 2367 hoc
855 2311 930 2365 ita
981 2309 1398 2379 pronuntiasse,
1445 2305 1555 2378 Ego
1611 2324 1728 2362 sum
1779 2308 1872 2377 qui
1914 2323 2065 2372 sunt,

501 2409 564 2470 ›Ῑ‹
605 2403 749 2459 idem
791 2402 859 2458 de
901 2401 1063 2458 Patre
1102 2415 1320 2472 quoque
1371 2401 1572 2456 dixisse
1621 2398 2065 2456 existimabitur:

495 2495 765 2552 utrumvis
820 2504 997 2550 autem
1057 2492 1408 2562 coniunctum
1460 2501 1544 2546 est
1597 2507 1718 2546 cum
1769 2491 2065 2563 impietate.

481 2589 714 2644 FRursus
731 2602 880 2655 vero,
904 2585 1267 2641 duanatrem
1301 2599 1424 2642 esse
1453 2583 1647 2639 Filium
1669 2583 1901 2655 probare
1933 2586 2066 2648 vult,

497 2681 605 2736 hoc
640 2678 1042 2735 modoscribit:
1067 2697 1098 2730 ~¢
1127 2677 1246 2749 Ipse
1273 2677 1419 2732 enim
1451 2675 1794 2732 conlltebitur
1819 2676 2069 2746 inquiens

477 2769 588 2844 _-|R.
620 2769 829 2843 LXVI],
863 2769 928 2824 In
957 2785 1038 2824 me
1085 2778 1161 2824 est
1213 2767 1396 2834 Pater,
1430 2776 1479 2822 et
1510 2783 1602 2837 ego
1635 2769 1690 2821 in
1713 2765 1897 2822 Patre.
1929 2767 2067 2824 Eum

487 2879 630 2918 ’νει-ο
658 2863 762 2918 hoc
787 2860 989 2916 dixisse
1009 2875 1117 2916 non
1149 2861 1266 2916 sine
1295 2860 1530 2926 ratione,
1566 2869 1660 2914 aut
1683 2875 1712 2914 ο
1733 2875 1895 2930 scopo
1909 2861 2070 2916 aber-

497 2961 897 3022 rantem,patet
918 2966 983 3006 ex
1013 2950 1417 3022 Apostolidicto
1433 2951 1556 3006 alibi
1575 2969 1589 3007 :
1609 2967 1803 3024 nempe
1833 2952 1922 3007 ubi
1947 2954 2021 3008 ait
2049 2971 2066 3010 :

479 3043 546 3099 δυ
553 3061 650 3100 nus
675 3045 812 3098 enim
837 3051 914 3099 est
948 3043 1224 3111 Dominus,
1253 3059 1360 3098 una
1391 3043 1552 3113 ﬁdes,
1581 3060 1744 3098 unum
1783 3045 2066 3113 baptisma,

3495 1849 3718 1918 λέγοντα
3737 1887 3757 1914 ,

2179 1961 2197 1996 ι
2257 1941 2403 2012 Ἐγώ
2429 1945 2544 2013 ειμι
2574 1946 2606 1998 ὁ
2633 1942 2739 2009 ὢν,
2772 1944 2845 2016 μὴ
2901 1943 3308 2016 συνομολογεῖν,
3337 1944 3421 1997 ὅτι
3467 1941 3614 1996 κατὰ
3657 1943 3758 1996 ἀν-

2179 2053 2198 2087 ι
2243 2034 2582 2106 τιδιαστολὴν
2653 2035 2748 2089 τοῦ
2821 2035 2896 2108 μὴ
2965 2035 3117 2100 ὄντος
3167 2038 3196 2090 ὁ
3254 2032 3330 2098 ᾣν
3376 2034 3571 2088 ἑαυτὸν
3616 2028 3760 2086 εἷναί

2177 2145 2196 2180 ι
2247 2145 2444 2199 φησιν;
2475 2149 2494 2181 ι
2554 2129 2618 2183 Ei
2665 2129 2724 2182 δὲ
2781 2129 2872 2183 τὸν
2931 2127 3060 2183 Υίὸν
3131 2126 3428 2182 ὑποστάσει
3487 2125 3759 2201 διῃρημέ-

2171 2235 2261 2272 νον
2309 2219 2466 2274 τοῦτο
2515 2221 2713 2290 φάσκει
2767 2219 2946 2289 λέγειν
3003 2218 3064 2273 τδ
3133 2219 3280 2290 Ἐγώ
3331 2220 3451 2289 ειμι
3523 2220 3556 2272 ὸ
3637 2213 3748 2280 ὢν,

2168 2309 2367 2364 ταύτὸν
2411 2307 2567 2376 αὖθις
2597 2309 2841 2384 περὶτοῦ
2873 2310 3086 2384 Πατρδς
3125 2309 3305 2380 λέγειν
3343 2308 3758 2381 νομισθήσεται·

2169 2402 2430 2475 ἑκάτερον
2457 2404 2514 2458 δὲ
2541 2403 2746 2458 τούτων
2772 2402 2987 2467 ἀσεϐές.
3012 2403 3124 2457 Καὶ
3157 2402 3271 2474 (77)
3304 2401 3464 2456 πάλιν
3488 2396 3629 2454 εἶναι
3661 2399 3763 2453 τὸν

2174 2495 2395 2566 Πατέρα
2444 2495 2539 2548 καὶ
2585 2494 2676 2548 τὸν
2720 2494 2850 2548 Υἱδν
2889 2493 3157 2561 ἐπιδεῖξαι
3202 2493 3559 2565 πειρώμενος,
3611 2489 3763 2544 οὕτω

2173 2587 2394 2660 γράφει·
2432 2605 2449 2638 ι
2487 2586 2659 2651 Αὐτὸς
2705 2585 2815 2659 γὰρ
2871 2585 3121 2656 ὁμολογεῖ
3159 2585 3354 2653 λέγων,
3406 2585 3510 2638 Ἐν
3538 2582 3668 2653 ἐμοὶ
3723 2583 3763 2636 δ

2173 2677 2395 2747 Πατὴρ,
2424 2677 2585 2749 κάγὼ
2610 2680 2681 2733 ἐν
2700 2677 2782 2744 τῷ
2809 2679 3011 2746 Πατρι.
3033 2678 3156 2730 Ὅτι
3186 2676 3244 2730 δὲ
3265 2676 3421 2730 τοῦτο
3448 2677 3543 2746 οὐχ
3567 2673 3759 2736 ἁπλῶς

2172 2769 2293 2823 οὐδὲ
2346 2770 2604 2833 ἀσκόπως
2651 2769 2862 2842 εἴρηκε,
2913 2769 3070 2842 δῆλον
3117 2769 3228 2840 (78)
3282 2769 3377 2823 καὶ
3417 2769 3506 2838 ἀφ’
3552 2766 3751 2838 ἑτέρας

2171 2863 2536 2934 ἀποστολικῆς
2591 2864 2820 2935 ῥήσεως,
2869 2857 2975 2928 Εἷς
3019 2863 3151 2932 γὰρ,
3214 2864 3243 2916 ὁ
3291 2860 3482 2926 εἰπὼν,
3515 2859 3754 2927 Κύριος,

2167 2956 2277 3026 μία
2303 2957 2526 3022 πίστις,
2553 2954 2969 3025 ἓνβάπτισμα,
3001 2951 3090 3021 εἷς
3118 2953 3284 3020 Θεὸς,
3329 2952 3457 3024 ἔφη,
3489 2951 3589 3006 καὶ
3635 2955 3755 3005 Πα-

2171 3046 2306 3116 τὴρ,
2355 3051 2387 3102 ὀ
2413 3047 2511 3100 ἐπὶ
2559 3045 2822 3113 πάντων,
2849 3047 2949 3100 καὶ
2986 3045 3083 3100 διὰ
3118 3045 3377 3110 πάντων,
3413 3044 3516 3099 καὶ
3539 3045 3610 3098 ἐν
3634 3043 3751 3098 πᾶ-

491 3152 634 3191 unus
677 3135 817 3191 Deus
860 3145 909 3190 et
952 3134 1141 3201 Pater,
1182 3137 1281 3206 qui
1325 3145 1403 3190 est
1447 3151 1603 3206 super
1638 3140 1851 3206 omnia,
1889 3148 1942 3192 et
1980 3155 2065 3206 per

2172 3142 2294 3194 σιν.
2339 3139 2522 3210 Ὁρᾷς,
2551 3138 2634 3191 ὅτι
2666 3137 2771 3192 οὐδ’
2800 3135 3031 3191 ἐνταῦθα
3068 3137 3358 3205 ἀφίσταται
3396 3135 3498 3205 τῆς
3530 3151 3754 3207 συμφω-

479 3226 676 3280 omnia
706 3234 756 3279 et
789 3225 845 3278 in
888 3223 1128 3282 omnibus
1154 3223 1219 3280 ¹⁶.
1258 3221 1420 3279 Vides
1469 3233 1526 3278 ut
1563 3239 1663 3279 nec
1702 3225 1806 3281 hoc
1852 3227 1908 3281 in
1955 3227 2072 3290 loco

488 3331 527 3370 ο
561 3314 964 3387 conspiratione
1000 3315 1260 3370 recedat:
1291 3315 1385 3370 sed
1431 3315 1621 3371 eodem
1659 3317 1822 3372 etiam
1874 3326 1930 3372 et
1981 3318 2071 3373 hic

479 3405 711 3462 .laboret
737 3405 895 3462 vitio.
944 3403 1080 3460 Nam
1119 3421 1241 3462 cum
1275 3405 1532 3474 dixisset,
1585 3404 1736 3463 Unus
1776 3417 1851 3464 est
1889 3409 2071 3463 Domi-

481 3514 596 3553 mus
629 3513 650 3553 :
679 3499 878 3571 adjecit
911 3513 1126 3569 quoque
1164 3507 1220 3554 et
1260 3514 1400 3554 unus
1446 3511 1522 3555 est
1563 3501 1704 3556 Deus
1729 3541 1746 3568 ,
1783 3512 1842 3558 ut
1859 3505 2070 3572 quoties

498 3589 715 3652 Domini
749 3591 909 3646 unius
955 3591 1122 3646 faciat
1172 3593 1525 3658 mentionem,
1571 3591 1790 3649 Patrem
1835 3609 1943 3649 uno
1975 3609 2070 3650 eo-

497 3683 729 3754 demque
763 3683 1046 3754 complexu
1075 3682 1304 3750 ambiat,
1338 3699 1462 3740 cum
1489 3699 1620 3740 vero
1659 3685 1726 3742 de
1760 3685 1922 3741 Patre
1955 3702 2072 3742 ser-

495 3789 714 3834 monem
769 3775 1026 3842 instituit,
1072 3773 1232 3830 simul
1282 3783 1510 3831 testetur
1556 3791 1662 3832 non
1696 3777 1907 3832 excludi
1935 3777 2070 3832 Ver-

477 3865 625 3920 bum
657 3865 772 3921 Dei.
808 3883 827 3918 ι
868 3865 993 3921 Haec
1038 3865 1321 3922 Marcellus
1375 3883 1500 3924 eum
1575 3869 1882 3935 edisserat,
1952 3870 2070 3940 plu-

479 3957 635 4013 ~rima
680 3959 946 4029 congerit
994 3959 1060 4014 de
1099 3961 1282 4016 Veteri
1329 3959 1682 4017 Testaento
1735 3962 2065 4029 testimonia,

491 4061 556 4107 ut
587 4052 800 4108 evincat
831 4067 938 4108 non
965 4068 1091 4111 esse
1120 4055 1230 4111 Deo
1249 4054 1462 4110 Filium.
1490 4056 1580 4110 Ait
1613 4057 1756 4111 enim
1788 4055 1953 4111 Deum
1987 4057 2070 4112 in-

496 4143 732 4200 divisam
785 4147 1058 4202 exstitisse
1101 4149 1387 4213 unitatem,
1449 4150 1694 4202 eumdem
1747 4156 1802 4203 et
1851 4147 2067 4204 Patrem

489 4251 622 4294 esse
674 4238 764 4306 qui
810 4249 895 4294 est
954 4237 1125 4294 Filius
1160 4240 1421 4295 insinuat.
1479 4239 1570 4295 Sic
1608 4249 1790 4296 autem
1829 4242 2064 4296 scribit:

482 4326 586 4400 ΑΒ.
613 4326 848 4403 LXVIII]
883 4348 903 4382 ι
937 4329 1074 4396 Quid
1119 4331 1288 4400 ergo?
1332 4347 1513 4386 annon
1557 4331 1749 4401 spiritu
1788 4333 2068 4402 obtempe-

497 4441 521 4475 ι·
563 4429 775 4489 rantes,
809 4424 1073 4480 unitatem
1124 4424 1412 4480 indivisam
1450 4425 1535 4482 vel
1575 4426 1811 4496 potentia
1847 4426 2066 4496 quidem

493 4533 519 4566 ι
560 4528 678 4569 esse
727 4515 1088 4570 arbitramur!
1131 4515 1292 4573 Certe
1346 4531 1453 4572 non
1510 4517 1889 4572 erraverimus.
1931 4516 2064 4572 Cum

499 4623 518 4656 ι
559 4607 788 4662 exertim
843 4623 943 4664 nos
985 4607 1218 4666 Verbum
1265 4609 1396 4665 illud
1461 4611 1723 4674 docuerit,
1781 4610 2064 4664 Dominum

498 4714 520 4748 s
560 4697 729 4754 Deum
747 4710 894 4754 tuum
943 4702 1216 4768 adorabis,
1251 4714 1299 4757 et
1331 4702 1410 4757 illi
1445 4702 1546 4757 soli
1584 4704 1777 4758 servies
1809 4704 1873 4756 ¹⁷.
1907 4703 2065 4770 Quod

500 4807 520 4840 ι
559 4788 702 4844 idem
753 4805 848 4861 per
887 4789 1126 4846 Marcum
1179 4793 1567 4864 evangelistam
1627 4794 1925 4864 pradicat:
1957 4796 2065 4848 Ac-

499 4899 518 4932 ι
553 4880 761 4935 cedente
796 4892 970 4936 autem
1011 4885 1080 4936 ad
1108 4900 1226 4938 eum
1251 4885 1422 4940 scriba
1465 4886 1692 4952 quodam
1744 4897 1793 4941 et
1839 4888 2066 4941 interro-

500 4988 519 5022 ι
553 4981 729 5041 gante,
794 4975 933 5044 quod
965 4988 1094 5028 esset
1157 4977 1462 5032 mandatum
1519 4978 1754 5033 omnium
1803 4979 2060 5049 primum,

497 5081 518 5116 ι
559 5065 830 5135 respondet
853 5065 925 5131 ei,
951 5070 1074 5136 quia
1107 5068 1413 5122 mandatum
1442 5069 1674 5123 omnium
1707 5070 1933 5137 primum
1963 5080 2060 5136 est,

2171 3233 2308 3296 νίας,
2343 3229 2478 3284 ἀλλὰ
2507 3230 2601 3285 καὶ
2632 3229 2860 3284 ἐνταῦθα
2889 3229 2952 3283 τὸ
2982 3229 3116 3284 αὐτὸ
3153 3227 3445 3282 πέπονθεν.
3485 3222 3588 3292 Εἲς
3618 3226 3745 3296 γὰρ,

2169 3324 2358 3390 εἰπὼν,
2386 3324 2620 3392 Κύριος,
2657 3319 2814 3387 αὖθις
2856 3317 2948 3390 εἷς
2972 3321 3138 3390 Θεὸς,
3181 3321 3308 3392 ἔφη,
3338 3322 3446 3385 ἴνα,
3471 3321 3637 3392 ἡνίκα
3684 3318 3750 3372 ἂν

2169 3415 2262 3470 τοῦ
2294 3417 2414 3480 ἑνὸς
2457 3415 2662 3488 Κυρίου
2720 3413 3062 3486 μνημονεύῃ,
3096 3412 3480 3486 περιλαμϐάνει
3517 3412 3612 3466 καὶ
3660 3412 3755 3465 τὸν

2167 3509 2404 3580 Πατέρα·
2435 3508 2600 3580 ἡνίκα
2625 3507 2670 3562 δ’
2693 3507 2760 3561 ἂν
2794 3505 3036 3578 περὶτοῦ
3065 3505 3278 3578 Πατρδς
3303 3505 3456 3579 λέγῃ,
3487 3503 3562 3575 μὴ
3591 3503 3753 3567 ἐκτὸς

2169 3597 2304 3654 εἶναι
2319 3600 2410 3653 τὸν
2431 3599 2604 3669 Λόγον
2622 3598 2716 3652 τοῦ
2735 3598 2869 3652 Θεοῦ
2884 3600 3156 3670 μαρωρῇ.
3186 3617 3204 3650 ι
3227 3596 3409 3651 Ταῦτα
3432 3594 3758 3668 Μάρκελλος

2168 3690 2358 3756 είπὼν,
2393 3691 2518 3762 ἑξῆς
2567 3690 2786 3753 πλείους
2819 3689 3042 3759 συνάγει
3085 3689 3304 3760 γραφὰς
3343 3689 3448 3742 ἀπὸ
3478 3689 3574 3760 τῆς
3635 3687 3759 3740 Πα-

2167 3783 2325 3848 λαιᾶς
2363 3783 2637 3854 Διαθήκης
2667 3786 2745 3846 είς
2773 3781 3046 3849 ἀπόδειξιν
3082 3781 3178 3854 τοῦ
3226 3783 3300 3854 μὴ
3331 3782 3593 3853 ὑπάρχειν
3622 3780 3753 3834 Υἱδν

2165 3875 2245 3948 τῷ
2295 3874 2435 3946 Θεῷ.
2494 3873 2710 3930 Μονάδα
2760 3873 2891 3944 γοῦν
2947 3871 3087 3928 εἶναι
3139 3874 3446 3947 ἀδιαίρετον
3476 3874 3569 3926 τὸν
3615 3872 3754 3926 Θεὸν

2169 3968 2413 4038 φάσκων,
2468 3967 2631 4022 αὐτὸν
2680 3963 2818 4023 εἶναι
2863 3967 3085 4040 Πατέρα
3134 3967 3228 4021 καὶ
3278 3967 3372 4021 τὸν
3406 3967 3568 4021 αὐτὸν
3608 3961 3754 4020 εἷναι

2170 4060 2281 4129 (79)
2300 4059 2426 4113 Υἰὸν
2444 4059 2684 4132 παρίστη
2702 4062 2929 4131 γράφων
2945 4059 3134 4114 τοῦτον
3146 4060 3236 4112 τὸν
3252 4060 3473 4129 τρόπον⁹
3501 4079 3519 4110 ι
3545 4059 3608 4111 Τί
3631 4054 3751 4126 οὖν,

2172 4172 2191 4204 ι
2237 4153 2288 4205 εί
2335 4151 2446 4223 (80)
2506 4150 2582 4223 μὴ
2639 4151 2717 4222 τῷ
2769 4150 3046 4222 Πνεύματι
3104 4151 3463 4221 προσέχοντες
3521 4147 3752 4220 δυνάμει

2173 4263 2190 4296 ι
2227 4244 2526 4314 ἀδιαίρετον
2577 4243 2676 4316 τὴν
2717 4243 2916 4315 μονάδα
2967 4239 3106 4297 εἶναι
3133 4239 3464 4314 νομίζοιμεν,
3496 4242 3606 4314 ἄρα
3635 4240 3750 4312 (8i)

2173 4353 2191 4386 ι
2225 4335 2322 4406 οὐχ
2356 4334 2806 4406 ἁμαρτησόμεθα,
2843 4333 3028 4402 σαφῶς
3060 4332 3153 4388 τοῦ
3205 4334 3379 4401 Λόγου
3406 4333 3751 4396 διδάσκοντος

2173 4447 2190 4479 ι
2232 4429 2398 4500 ἡμᾶς,
2430 4429 2650 4497 Κύριον
2679 4429 2788 4483 τὸν
2808 4431 2960 4484 Θεόν
2988 4444 3104 4484 σου
3127 4427 3600 4497 προσκυνήσεις,
3647 4427 3750 4481 καὶ

2172 4537 2190 4568 ι
2229 4516 2390 4583 αὐτῷ
2431 4519 2597 4588 μόνῳ
2646 4519 3018 4588 λατρεύσεις.
3051 4519 3123 4572 Τὸ
3164 4518 3297 4572 αὐτὸ
3325 4518 3382 4572 δὲ
3411 4518 3504 4572 καὶ
3533 4518 3622 4572 διὰ
3651 4517 3750 4572 τοῦ

2171 4626 2190 4659 ι
2221 4609 2362 4663 κατὰ
2378 4609 2602 4678 Μάρκον
2646 4609 2962 4679 εὐαγγελίου
2990 4609 3273 4682 κηρύττειο
3326 4608 3493 4676 Ἑνὸς
3518 4609 3630 4679 γάρ
3659 4627 3751 4663 τι·-

2167 4719 2189 4751 e
2225 4717 2331 4766 νος
2363 4699 2742 4770 γραμματέως
2769 4703 3213 4770 προσελθόντος
3252 4699 3432 4765 αὐτῷ,
3454 4705 3554 4755 καὶ
3595 4715 3752 4753 πυν-

2166 4810 2187 4844 ι
2223 4790 2571 4861 θεινομένου,
2603 4792 2694 4858 τίς
2741 4792 2834 4861 εἴη
2889 4792 3087 4861 πρώτη
3133 4791 3255 4846 τῶν
3294 4791 3575 4853 ἐντολῶν,
3627 4790 3750 4844 ἀπ-

2177 4902 2197 4938 ι
2232 4884 2507 4952 εκρίνατο
2521 4885 2668 4954 πρὸς
2693 4885 2880 4940 αὐτὸν
2902 4885 3091 4951 οὕτως
3111 4883 3311 4938 εἰπών·
3335 4879 3750 4950 Πάντωνπρῶ-

2178 4995 2197 5031 ι
2230 4995 2354 5046 τον,
2386 4979 2610 5044 Ἄκουε,
2648 4978 2907 5048 Ἰσραὴλ,
2940 4979 3148 5047 Κύριος
3185 4981 3218 5032 ὀ
3243 4976 3385 5042 Θεὸς
3419 4973 3606 5044 ἡμῶν,
3629 4976 3750 5029 Κύ-

2176 5089 2195 5122 ι
2217 5087 2350 5139 ριος
2369 5067 2458 5137 εἷς
2488 5070 2638 5125 ἐστι.
2672 5071 2782 5126 Καὶ
2812 5069 3147 5142 ἀγαπήσεις
3198 5070 3419 5139 Κύριον
3448 5065 3556 5122 τὸν
3597 5067 3750 5121 Θεὸν

564 5275 626 5333 ιῐς
656 5269 751 5325 Ed.
777 5268 972 5335 Paris.,
1001 5285 1121 5342 pag.
1147 5271 1269 5328 151.
1345 5274 1390 5304 ι·
1421 5272 1591 5330 Exod.
1622 5289 1706 5338 ιιι,
1747 5274 1835 5331 Η.
1913 5277 1957 5308 ¹⁸
1989 5277 2065 5349 ιιι)

2175 5320 2189 5334 .
2221 5294 2294 5346 tv,
2326 5277 2380 5342 5,
2408 5274 2464 5332 6.
2545 5276 2584 5308 "
2620 5277 2809 5332 Matth.
2849 5292 2922 5344 Iv,
2959 5276 3045 5332 I0.

558 5470 673 5544 (7‘5)
714 5471 988 5544 Tdurldr
1020 5474 1126 5529 τοῦ
1164 5473 1336 5539 Θεοῦ,
1371 5473 1645 5544 χωρίζων,
1667 5475 1800 5533 forte
1824 5477 1916 5532 τὸν
1936 5477 2064 5531 Υἱὸν

491 5541 738 5622 χωρίζων
753 5542 846 5622 τοῦ
865 5544 998 5598 Θεοῦ
1029 5544 1122 5598 καὶ
1148 5541 1485 5618 Πατρδςξῶς
1515 5548 1608 5602 καὶ
1624 5547 1739 5604 υἱὸν
1764 5547 2052 5622 ἀνθρώπου

493 5611 773 5698 issisti"
793 5614 857 5698 ἐν
886 5631 988 5698 uc-

563 5682 675 5753 (ᾟέ)
711 5682 876 5753 Vulgo
895 5682 960 5738 ἂν
991 5685 1082 5740 τὸν
1115 5686 1248 5740 υῑόν.

564 5751 834 5823 (77),Καί“
849 5764 931 5811 est
969 5755 1024 5813 in
1057 5759 1212 5814 codd.

2243 5480 2355 5550 (78)
2381 5479 2549 5552 Δῆλον
2581 5477 2693 5552 [ἂν]
2727 5477 2821 5552 καί
2849 5475 3032 5548 ναιεοι

2267 5552 2354 5619 79)
2391 5548 2554 5620 vulgo
2574 5548 2664 5603 τὸν
2681 5548 2826 5620 υἱόν.

2225 5609 2349 5692 (8οί
2368 5624 2469 5692 Ἵσ.
2490 5609 2593 5691 ’μέν
2617 5621 2738 5692 ΜΡ.
2764 5615 3085 5692 Μυιμνυιδο
3106 5609 3432 5692 νομίζομεν.

2238 5685 2345 5765 (8i)
2375 5685 2546 5764 Vulg'o
2575 5685 2835 5762 οὑτιᾶρα,
2874 5685 2980 5758 Mp.
3011 5685 3120 5758 ἆρα
3149 5685 3272 5740 οὐκ.
