4082 6400
329 455 435 514 943

1255 459 1343 514 DE
1394 462 1919 519 ECCLESIASTICA
1959 464 2344 523 TIIEOLOGIA
2382 466 2507 523 LIB.
2548 468 2609 522 ΙΙ.

3456 474 3569 534 9ιῦ

334 593 355 628 ι
396 591 535 642 σου,
563 577 630 643 ἐξ
655 577 803 646 ὅλης
821 576 932 645 τῆς
986 576 1196 646 ψυχῆς
1221 575 1332 649 (82)
1363 594 1500 641 σου,
1529 579 1627 633 καὶ
1666 579 1734 644 ἐξ
1758 580 1901 647 ὅλης

2013 599 2030 632 ι
2069 582 2211 635 Audi
2241 581 2430 650 Israel,
2464 584 2720 640 Dominus
2754 585 2892 639 Deus
2924 596 3116 653 noster,
3146 588 3284 643 Deus
3311 606 3441 645 unus
3460 604 3557 653 est.

331 688 352 722 ι
388 669 498 738 τῆς
512 672 722 739 ἰσχύος
746 685 881 725 σου.
896 670 1057 737 Αὕτη
1077 669 1295 737 πρώτη’
1327 668 1427 722 καὶ
1459 669 1706 739 δευτέρα
1728 672 1900 740 ὁμοιά

332 780 351 813 ι
387 764 591 831 ταύτῃ·
611 761 953 833 Ἀγαπήσεις
964 761 1069 816 τὸν
1087 762 1353 830 πλησίον
1381 778 1495 816 σου
1512 763 1591 829 ὡς
1618 764 1894 817 σεαυτόν.

334 871 353 905 ι
394 853 613 916 Μείζων
652 855 877 909 τούτων
906 853 1065 921 ἄλλη
1093 853 1313 922 ἐντολὴ
1343 855 1454 907 οὐκ
1486 855 1639 908 ἐστι.
1684 854 1794 907 Καὶ
1824 848 1899 908 εἷ-

335 964 353 997 ι
384 963 481 998 πεν
520 945 667 1017 αὐτῷ
700 949 728 1001 ὁ
759 946 1138 1018 γραμματεύς·
1177 946 1407 1013 Καλῶς,
1430 946 1781 1007 διόάσκαλε,
1806 947 1898 1001 ἐπ’

335 1054 355 1089 ι
392 1039 673 1107 ἀληθείας
722 1036 911 1106 εἶπας,
954 1040 1043 1093 ὅτι
1087 1034 1176 1106 εἷς
1220 1040 1445 1094 same
1476 1040 1620 1107 Θεὸς
1649 1039 1747 1095 καὶ
1790 1042 1899 1094 οὐκ

336 1150 357 1180 ι
388 1131 519 1185 ἐστι
546 1131 715 1201 πλὴν
744 1132 949 1186 αὑτοῦ.
990 1131 1127 1185 Ἀλλ’
1174 1134 1202 1185 ὁ
1247 1132 1345 1203 μὲν
1392 1132 1771 1204 γραμματεὺς,
1814 1130 1902 1185 διὰ

337 1239 356 1272 ι
390 1220 483 1274 τοῦ
511 1221 678 1292 νόμου
716 1224 815 1293 τὴν
842 1223 951 1293 (85)
981 1222 1284 1276 θεοσέϐειαν
1313 1222 1686 1293 μεμαθηκέναι
1707 1222 1897 1288 δοκῶν,

336 1333 356 1367 ι
391 1316 628 1370 ἐπαινῶν
659 1316 720 1369 τὸ
748 1315 842 1370 τοῦ
872 1316 1120 1388 Σωτῆρος
1165 1315 1324 1387 ῥητὸν
1357 1316 1625 1385 φαίνεται,
1672 1318 1899 1379 Ἄκουε,

336 1424 357 1459 ι
392 1404 656 1475 Ἰσραὴλ,
686 1405 877 1474 λέγων,
908 1406 1120 1474 Κύριος
1147 1408 1179 1459 ὀ
1210 1405 1351 1472 Θεὸς
1370 1420 1487 1460 σου
1510 1400 1596 1471 εἷς
1626 1406 1775 1459 ἐστι·
1808 1405 1902 1458 καὶ

338 1513 357 1547 ι
394 1496 541 1567 ὅρκῳ
600 1494 778 1559 καλῶς
812 1494 1059 1567 εἰρῆσθαι
1114 1496 1519 1565 πιστευόμενος·
1589 1494 1706 1548 Ἐπ’
1752 1497 1901 1563 ἁλη-

339 1606 359 1640 ‹
398 1589 562 1655 θείας
609 1588 738 1659 γὰρ,
792 1588 976 1659 φησὶν,
1003 1584 1197 1655 εἴπας,
1226 1587 1314 1641 ὅτι
1340 1583 1428 1654 εἷς
1459 1588 1628 1642 ἐστιν
1658 1591 1691 1641 ό
1736 1586 1901 1653 Θεὸς,

339 1699 358 1731 ι
402 1681 499 1734 καὶ
522 1680 632 1734 οὐκ
658 1680 827 1734 ἐστιν
854 1680 1041 1746 ἄλλος
1073 1679 1240 1749 πλὴν
1263 1680 1469 1735 αὐτοῦ.
1505 1682 1569 1734 Ol
1606 1681 1664 1735 δὲ
1705 1681 1773 1735 τὰ
1805 1681 1905 1751 τῆς

338 1791 357 1823 ι
398 1772 543 1835 Νέας
571 1771 839 1843 Διαθήκης
872 1772 1162 1843 αὐχοῦντες
1201 1772 1396 1825 εἰδέναι
1441 1775 1735 1845 μυστήρια,
1760 1766 1904 1827 οὗτοι

2004 693 2022 727 ι
2068 674 2133 730 Et
2168 676 2351 745 diliges
2379 676 2665 730 Dominum
2690 676 2853 730 Deum
2882 687 3028 730 tuum
3053 694 3118 733 ea:
3139 688 3246 732 toto
3271 681 3426 735 corde
3447 690 3559 746 tuo.

2003 788 2020 818 ι
2060 777 2110 821 et
2149 784 2213 821 ex
2247 777 2357 821 tota
2401 768 2581 821 animo
2623 778 2734 832 tua,
2766 775 2813 821 et
2860 784 2924 822 ea:
2953 778 3059 822 tota
3086 779 3254 823 mente
3276 780 3389 835 tua,
3416 782 3464 827 et
3496 790 3562 828 ex

2004 875 2022 907 ι
2064 866 2176 911 tota
2230 858 2419 913 uirtute
2469 867 2587 912 tua.
2647 857 2761 911 IIoc
2807 867 2881 912 est
2933 858 3163 925 primum
3219 868 3269 913 et
3314 878 3562 931 magnum

2004 965 2022 999 ι
2066 948 2393 1003 mandatum.
2447 948 2750 1003 Secundum
2791 958 2966 1003 autem
2993 949 3163 1004 simile
3190 961 3266 1005 est
3288 952 3386 1018 illi,
3419 953 3560 1007 Dili-

2004 1056 2023 1090 ι
2058 1055 2145 1108 ges
2169 1041 2460 1108 proximum
2489 1051 2637 1093 tuum
2688 1050 2937 1109 tanquam
2974 1042 3215 1109 teipsum.
3247 1041 3425 1112 Hujus
3464 1044 3561 1096 lto-

2005 1148 2024 1182 ι
2063 1147 2176 1184 rum
2201 1130 2349 1184 aliud
2380 1132 2691 1185 mandatum
2742 1148 2847 1185 non
2893 1142 2987 1186 est.
3044 1130 3111 1185 Et
3137 1132 3215 1187 ait
3246 1133 3319 1188 illi
3346 1135 3558 1189 scriba:

2005 1241 2022 1273 ι
2058 1220 2195 1275 Bene
2237 1223 2506 1292 magister,
2553 1222 2607 1275 in
2650 1223 2869 1277 ueritate
2899 1223 3105 1288 dixisti,
3153 1223 3292 1289 Quia
3326 1240 3459 1280 unus
3488 1237 3563 1279 est

2005 1331 2024 1364 ι
2061 1312 2220 1377 Deus,
2249 1323 2300 1368 et
2330 1329 2435 1369 non
2462 1322 2540 1368 est
2563 1313 2699 1368 alius
2720 1325 2909 1383 praster
2928 1331 3046 1370 eum
3069 1315 3132 1370 ⁸⁸.
3162 1314 3353 1371 Scriba
3383 1326 3562 1372 autem

2006 1424 2023 1456 ι
2064 1405 2189 1470 iste,
2223 1413 2278 1460 et
2320 1404 2435 1474 lege
2471 1403 2693 1459 edoctus
2738 1405 2993 1474 pietatem
3022 1414 3079 1461 et
3105 1421 3292 1462 verum
3324 1408 3413 1463 Dei
3447 1408 3563 1462 cul-

2006 1514 2025 1545 ο
2059 1503 2194 1559 tum,
2246 1493 2460 1549 videtur
2509 1492 2844 1549 collaudasse
2906 1493 3036 1549 illud
3087 1496 3287 1551 dictum
3367 1496 3563 1551 Salva-

2008 1602 2025 1634 ι
2070 1582 2228 1647 toris,
2263 1583 2427 1647 Audi,
2460 1581 2651 1647 Israel,
2674 1582 2928 1638 Dominus
2944 1583 3085 1640 Deus
3110 1594 3254 1651 tuus,
3275 1584 3413 1641 Deus
3431 1602 3564 1641 unus

2008 1694 2025 1726 ι
2065 1683 2142 1729 est
2172 1714 2188 1740 ,
2238 1682 2293 1730 et
2331 1677 2641 1746 jnramento
2684 1676 3004 1744 interposito
3040 1676 3177 1733 bene
3209 1678 3410 1733 dictum
3437 1693 3566 1734 con-

2010 1784 2029 1816 ι
2069 1765 2332 1831 ﬁrmasse,
2384 1766 2633 1836 inquiens
2663 1782 2679 1821 :
2707 1764 2776 1820 In
2807 1766 3020 1820 veritate
3046 1767 3171 1821 bene
3190 1769 3395 1833 dixisti,
3427 1768 3567 1839 quod

340 1885 359 1918 ι
399 1866 493 1920 καὶ
515 1865 763 1936 δεύτερον
785 1864 1141 1919 ἀναπλάττειν
1157 1864 1287 1919 Θεὸν
1308 1864 1587 1935 βούλονται
1609 1865 1901 1919 ὑποστάσει

2012 1876 2029 1908 ι
2070 1873 2203 1911 unus
2233 1856 2370 1911 Deus
2406 1865 2504 1920 est,
2550 1872 2654 1910 non
2700 1865 2776 1910 est
2813 1855 2950 1910 alius
2982 1855 3047 1910 ab
3091 1857 3203 1912 illo.
3250 1860 3324 1912 At
3372 1859 3463 1928 qui
3508 1872 3574 1914 se

337 1975 357 2008 ι
394 1958 487 2011 καὶ
530 1926 752 2027 δυνάμει
807 1954 1171 2027 χωριζόμενον
1231 1926 1325 2009 τού
1364 1957 1597 2029 Πατρός.
1635 1976 1653 2009 ι
1685 1955 1901 2021 Τούτοις

2009 1967 2027 1998 ι
2068 1946 2375 2017 gloriantur
2423 1946 2555 2004 Novi
2586 1946 2919 2003 Testamenti
2956 1949 3215 2015 mysteria
3247 1926 3577 2021 intelligere,

332 2045 650 2116 προστίθησι
717 2045 1138 2109 κατασκευάζων
1177 2046 1260 2099 ὅτι
1308 2042 1388 2111 εἷς
1435 2049 1584 2100 ἐστιν
1648 2050 1676 2101 ὁ
1749 2048 1900 2111 Θεὸς,

332 2133 429 2211 θεαὶ
450 2134 530 2186 ὅτι
558 2134 632 2204 μή
663 2133 808 2187 ἐστιν
840 2133 969 2197 Υἱὸς
1000 2134 1086 2188 διὰ
1112 2137 1335 2189 τούτων.
1379 2156 1397 2187 ι
1438 2138 1563 2191 Ὅτι
1598 2138 1653 2191 δὲ
1684 2137 1782 2206 τὴν
1809 2156 1905 2208 μο-

336 2242 355 2276 ι
392 2223 522 2277 νάδα
551 2223 751 2295 Κύριον
784 2223 877 2277 καὶ
925 2223 1055 2276 Θεὸν
1100 2218 1208 2276 οἶδε
1236 2224 1418 2279 καλεῖν
1457 2224 1491 2296 ἡ
1533 2224 1651 2278 θεία
1692 2224 1900 2295 Γραφὴ,

336 2336 355 2369 ι
393 2316 495 2387 ἠδη
523 2315 618 2369 καὶ
667 2317 731 2369 ὲκ
761 2315 867 2369 τῶν
898 2315 1310 2387 προειρημένων
1334 2316 1491 2387 δῆλον
1520 2316 1708 2387 γέγονε
1735 2317 1801 2370 δι’
1828 2312 1903 2371 ὧν

337 2428 355 2459 ι
398 2409 531 2478 πρὸς
580 2408 670 2463 τὸν
720 2408 910 2463 ἑαυτοῦ
956 2408 1262 2481 θεράποντα
1302 2409 1505 2464 Μωσέα
1544 2411 1573 2463 ὁ
1620 2408 1749 2474 Θεὸς
1776 2409 1899 2481 ἔφη’

337 2517 356 2552 ι
395 2494 540 2552 Eine
566 2497 635 2551 δὲ
656 2500 688 2552 ὸ
715 2497 859 2564 Θεὸς
889 2497 1077 2551 πάλιν
1104 2497 1253 2565 πρὸς
1284 2497 1517 2551 Μωσέασ
1543 2497 1738 2564 Οὕτως
1753 2496 1904 2565 ἐρεῖς

336 2610 355 2643 ι
394 2588 517 2657 τοῖς
544 2589 695 2656 υἱοῖς
727 2587 963 2657 Ἰσραήλ
988 2588 1118 2660 (84)·
1158 2589 1370 2656 Κύριος
1403 2590 1435 2642 ὸ
1463 2589 1607 2651 Θεὸς
1642 2586 1758 2641 τῶν
1792 2602 1902 2641 rra-

337 2701 355 2734 ι
404 2680 585 2749 τέρων
615 2678 799 2749 ὑμῶν,
836 2683 868 2735 ό
889 2676 1033 2745 Θεὸς
1072 2678 1317 2746 Ἀϐραὰμ
1343 2676 1441 2730 καὶ
1468 2680 1500 2732 ό
1530 2677 1672 2743 Θεὸς
1709 2678 1902 2732 Ἰσαὰκ

336 2790 355 2823 ι
396 2772 495 2826 καὶ
533 2774 566 2826 ὀ
606 2770 749 2837 Θεὸς
789 2769 1002 2833 Ἰακὼϐ,
1038 2767 1386 2823 ἀπέσταλκέ
1405 2786 1481 2837 με
1502 2768 1649 2836 πρὸς
1674 2768 1847 2837 ὑμᾶς.
1877 2786 1897 2820 s

345 2866 507 2937 Ὁρᾷς
539 2864 704 2928 ὅπως,
738 2863 797 2917 ἓν
833 2862 1136 2926 ἐπιδεικνὺς
1175 2862 1305 2932 ἡμῖν
1336 2860 1565 2914 ἐνταῦθα
1592 2860 1901 2931 πρόσωπον,

328 2957 394 3010 τὸ
436 2956 566 3010 αὐτὸ
622 2956 824 3029 Κύριον
866 2956 961 3009 καὶ
1004 2954 1135 3008 Θεὸν
1182 2951 1590 3025 προσαγορεύει.
1637 2949 1804 3017 Αὖθις
1844 2970 1904 3006 τε

330 3049 530 3120 ὁμοίως
543 3052 577 3122 ἡ
595 3050 784 3122 Γραφὴ
795 3049 962 3117 λέγει’
978 3048 1086 3103 Kal
1102 3048 1329 3117 ὲλάλησε
1347 3047 1428 3102 Κύ
1438 3064 1547 3119 ριος
1560 3045 1766 3110 πάντας
1780 3048 1905 3110 τοὺς

330 3139 521 3208 λόγους
555 3138 776 3202 τούτους
799 3138 991 3206 λέγων’
1040 3136 1182 3207 Ἐγὼ
1202 3137 1418 3205 Κύριος
1446 3138 1480 3190 ό
1522 3136 1665 3199 Θεός
1697 3149 1834 3199 σου,
1872 3136 1905 3187 ὸ

2009 2057 2026 2089 ι
2068 2037 2362 2093 secundum
2405 2038 2506 2093 sibi
2551 2039 2861 2111 contingere
2900 2040 3065 2096 Deum
3100 2041 3187 2095 isti
3228 2040 3435 2107 volunt,
3472 2040 3586 2109 by

2008 2149 2026 2181 ‹
2066 2129 2266 2200 postasi
2296 2128 2514 2197 quidem
2550 2131 2699 2187 illum
2738 2142 2795 2188 et
2826 2132 3065 2203 potentia
3095 2147 3125 2186 a
3158 2131 3320 2186 Patre
3350 2145 3577 2201 Separa-

2009 2241 2026 2275 ι
2065 2231 2199 2277 ιιιιη.
2239 2239 2260 2275 ι
2301 2227 2359 2286 »Β
2400 2222 2816 2293 Subsequuntur
2848 2225 3046 2295 quibus
3080 2222 3428 2279 constabilire
3456 2222 3574 2278 vult

2005 2328 2167 2368 unum
2214 2327 2336 2369 esse
2359 2313 2524 2369 Deum
2549 2328 2565 2368 :
2589 2324 2642 2371 et
2672 2316 2814 2386 quod
2854 2331 2959 2371 non
2989 2316 3268 2383 sitFilius,
3288 2316 3386 2373 ista
3413 2333 3570 2372 nem-

2004 2422 2090 2476 pe.
2122 2423 2140 2458 ι
2175 2404 2294 2460 Jam
2310 2408 3047 2464 certeconstatetmanifeste
3069 2409 3122 2463 in
3146 2408 3573 2478 praecedentibus

2008 2519 2026 2551 ι
2067 2498 2397 2554 declaratum
2426 2509 2531 2564 est,
2566 2501 2711 2569 quod
2743 2501 2893 2558 novit
2914 2511 3259 2558 sacrosancta
3290 2501 3585 2572 Scriptura.

2010 2611 2027 2642 ι
2063 2592 2328 2647 unitatem
2364 2590 2532 2647 Deum
2586 2604 2753 2665 atque
2787 2594 3071 2649 Dominum
3109 2593 3391 2649 nominare
3421 2612 3435 2648 :
3478 2593 3591 2649 ubi~

2010 2705 2028 2737 ι
2065 2686 2148 2741 sic
2194 2683 2393 2740 aﬂatur
2425 2684 2685 2741 famulum
2716 2702 2873 2742 suum
2918 2684 3117 2742 Mosem
3151 2698 3167 2739 :
3206 2685 3350 2738 Dixit
3397 2695 3589 2739 autem.

2009 2797 2028 2829 ι
2068 2777 2209 2833 Deus
2256 2780 2449 2833 iterum
2495 2780 2564 2835 ad
2606 2778 2827 2845 Hosem.
2869 2780 2946 2833 sic
2993 2779 3131 2833 dices
3161 2776 3317 2833 Filiis
3353 2777 3576 2833 Israel:

2010 2887 2029 2920 ι
2066 2867 2322 2922 Dominus
2350 2868 2489 2923 Deus
2532 2880 2743 2939 patrum
2758 2878 3078 2934 uestrorum,
3114 2867 3253 2922 Deus
3281 2866 3572 2935 Abraham,

2011 2979 2028 3010 ι
2065 2957 2203 3013 Deus
2230 2956 2410 3026 Isaac,
2450 2968 2496 3013 et
2545 2958 2685 3014 Deus
2712 2958 2878 3013 Iacob
2910 2958 3067 3011 misit.
3096 2973 3178 3011 me
3216 2958 3285 3011 ad
3334 2975 3422 3012 vos
3454 2958 3517 3011 ¹⁹.
3548 2975 3569 3010 s

2009 3048 2169 3104 Vides
2198 3048 2276 3103 uti
2320 3064 2441 3103 cum
2471 3050 2561 3105 hic
2599 3049 2815 3104 unicam
2853 3062 3140 3119 personam
3181 3047 3391 3113 doceat,
3424 3062 3583 3102 eam-.

2006 3140 2127 3195 dem
2158 3149 2212 3195 et
2239 3140 2523 3196 Dominum
2553 3140 2785 3212 appellet
2804 3148 2859 3195 et
2881 3140 3072 3195 Deum.
3117 3138 3223 3194 Sed
3273 3148 3329 3195 et
3376 3138 3575 3194 iterum

328 3231 634 3300 ἐξαγαγών
662 3246 736 3285 σε
754 3230 823 3283 ἐκ
846 3228 1292 3298 γῆςᾼὶγύπτου,
1313 3226 1382 3290 ἐξ
1411 3226 1580 3281 οἴκου
1601 3226 1900 3291 δουλείας·

2008 3232 2288 3302 Scriptura
2341 3232 2417 3287 ita
2479 3232 2763 3302 loquitur:
2819 3230 2888 3284 Et
2932 3232 3146 3286 locutus
3185 3240 3268 3285 est
3316 3231 3576 3288 Dominus

329 3325 442 3378 οὐκ
487 3320 733 3375 ἔσονται
766 3333 865 3373 σοι
904 3317 1025 3372 θεοὶ
1049 3318 1236 3385 ἕτεροι
1269 3316 1436 3383 πλὴν
1457 3317 1623 3387 ἐμοῦ.
1666 3317 1905 3381 ’Δκούεις

329 3413 478 3473 ὅπως
510 3408 597 3463 διὰ
626 3412 726 3480 τῆς
760 3407 1104 3477 ἀντωνυμίας
1129 3406 1226 3459 ἕνα
1258 3400 1398 3457 εἶναι
1420 3405 1550 3460 Θεὸν
1586 3406 1743 3475 μόνον
1772 3407 1906 3459 ἀπο-

330 3499 599 3570 φαίνεται.
664 3497 774 3551 Kal
829 3493 983 3559 αὖθις
1032 3494 1224 3567 μικρὸν
1275 3493 1517 3565 ὕστερον,
1587 3492 1733 3563 Ἐγώ
1789 3496 1905 3563 ειμι

328 3593 544 3659 Κύριος
568 3592 601 3644 ό
632 3590 776 3654 Θεός
812 3601 952 3650 σου,
993 3588 1174 3656 φησίνσ
1207 3585 1395 3641 ἑαυτὸν
1428 3584 1631 3656 Κύριον
1661 3584 1755 3639 καὶ
1772 3584 1904 3638 Θεὸν

330 3680 471 3738 εἶναι
499 3680 689 3751 λέγων.
740 3680 806 3733 Ti
843 3680 900 3733 δὲ
942 3678 1037 3732 καὶ
1072 3677 1141 3732 δι’
1190 3678 1380 3750 ἐτέρας
1424 3677 1641 3750 γραφῆς
1698 3676 1903 3748 μανθά-

328 3793 493 3847 νομεν
510 3791 524 3841 ;
544 3774 656 3829 Kal
671 3774 876 3843 γνώσῃ
903 3771 1189 3841 σήμερον,
1213 3771 1366 3842 φησὶ,
1394 3770 1493 3824 καὶ
1517 3771 1590 3825 οὐ
1622 3770 1902 3841 διαστρα-

330 3867 500 3939 seriam
531 3864 604 3934 τῇ
649 3865 899 3931 διανοίᾳ,
950 3862 1041 3917 ὅτι
1085 3863 1300 3931 Κύριος
1333 3864 1366 3916 ὀ
1392 3862 1535 3929 Θεός
1560 3877 1697 3926 σου,
1727 3858 1904 3929 οὗτος

333 3959 476 4026 Θεὸς
500 3955 661 4023 ἐνῖῷ
686 3954 918 4023 οὐρανῷ
938 3954 1038 4008 καὶ
1058 3955 1157 4009 ἐπὶ
1189 3953 1300 4023 τῆς
1326 3955 1438 4025 τῆς
1455 3954 1632 4019 κάτω,
1666 3955 1765 4009 καὶ
1792 3958 1904 4011 οὐκ

328 4050 463 4107 ἔστι
485 4049 652 4117 πλὴν
682 4048 888 4103 αὐτοῦ.
921 4048 1030 4100 Kal
1059 4043 1215 4111 αὖθις
1242 4050 1301 4101 ὲν
1319 4046 1397 4118 τῷ
1425 4046 1573 4117 αὑτῷ
1594 4050 1906 4120 Δευτερονο-

334 4143 465 4215 μιῳ,
507 4144 743 4205 Ἀκουε,
779 4139 1035 4209 Ἰσραὴλ,
1074 4140 1227 4211 φησὶ,
1253 4141 1464 4209 Κύριος
1484 4142 1517 4195 d
1547 4139 1689 4207 Θεὸς
1714 4137 1901 4210 ὑμῶν,

329 4236 545 4303 Κύριος
571 4229 657 4300 εἵς
684 4233 834 4286 ἐστι’
869 4232 965 4286 καὶ
1005 4231 1336 4302 ἀγαπήσεις
1380 4232 1596 4299 Κύριον
1619 4232 1726 4286 τὸν
1756 4233 1903 4287 Θεόν

330 4341 449 4382 σου
499 4312 569 4390 ἐξ
621 4324 769 4392 ὅλης
812 4324 921 4393 τῆς
950 4323 1193 4393 καρδίας
1218 4340 1355 4387 σου,
1388 4323 1486 4377 καὶ
1517 4323 1586 4388 ἐξ
1612 4323 1761 4393 ὅλης
1782 4327 1899 4394 ψυ-

329 4416 447 4487 χῆς
484 4430 622 4479 σου⁹
675 4416 773 4469 καὶ
797 4415 866 4481 ἐξ
900 4414 1049 4482 ὅλης
1067 4414 1353 4480 διανοίας.
1386 4415 1495 4468 Καὶ
1532 4414 1691 4469 πάλιν
1716 4416 1774 4469 ὲν
1821 4415 1901 4487 τῷ

329 4507 713 4578 αὐτῷοἽδετε,
745 4507 918 4570 were,
936 4505 1023 4559 ὅτι
1051 4504 1163 4575 ἐγώ
1183 4509 1315 4575 ειμι,
1344 4505 1441 4558 καὶ
1463 4507 1575 4561 οὐκ
1600 4504 1729 4559 ἔστι
1756 4506 1899 4573 Θεὸς

2005 3326 2184 3378 omnia
2226 3325 2339 3377 haec
2392 3324 2577 3387 verba,
2632 3322 2879 3391 inquiens
2921 3335 2937 3375 :
3004 3321 3117 3391 Ego
3146 3321 3402 3375 Dominus
3436 3320 3574 3377 Deus

2008 3426 2130 3469 tuus
2152 3454 2170 3481 ,
2234 3415 2327 3484 qui
2381 3424 2429 3468 te
2459 3413 2616 3467 eduxi
2645 3414 2710 3469 de
2747 3424 2890 3468 terra
2912 3412 3148 3483 Egypti,
3173 3412 3237 3467 de
3276 3412 3432 3467 domo
3462 3420 3577 3468 sef-

2007 3506 2206 3561 oitutis.
2265 3501 2387 3559 Non
2438 3514 2587 3558 erunt
2634 3505 2739 3559 tibi»
2785 3505 2863 3558 dii
2929 3503 3023 3558 alii
3048 3512 3237 3572 praeter
3262 3520 3343 3557 me
3367 3503 3434 3557 ¹⁹.
3483 3500 3575 3559 Vi-

2004 3595 2101 3650 des
2150 3604 2209 3648 ut
2248 3610 2345 3665 per
2384 3609 2678 3666 pronomen
2720 3594 2809 3650 hic
2836 3610 3000 3649 unum
3025 3594 3193 3649 Deum
3225 3593 3398 3649 solum
3430 3594 3572 3649 indi-

2004 3699 2109 3745 eet.
2161 3688 2228 3742 Et
2272 3698 2393 3757 post
2442 3702 2611 3756 pauca
2638 3705 2653 3743 :
2682 3686 2794 3758 Ego
2824 3704 2939 3742 sum
2971 3686 3222 3741 Dominus
3255 3686 3396 3742 Deus
3427 3695 3574 3754 tuus,

2006 3779 2181 3850 inquit
2206 3779 2251 3812 “
2281 3798 2294 3835 :
2331 3792 2391 3834 se
2423 3787 2479 3833 et
2509 3776 2676 3832 Deum
2720 3793 2839 3832 esse
2872 3776 3159 3848 proﬁtetur
3198 3785 3359 3847 atque
3387 3776 3572 3832 Domi-

2004 3886 2156 3926 num.
2188 3869 2342 3938 Quod
2373 3878 2428 3925 et
2451 3868 2520 3925 ab
2555 3868 2658 3923 alia
2688 3870 2964 3937 Scriptura
3001 3868 3313 3934 edocemur,
3342 3884 3460 3940 qua:
3488 3868 3570 3925 sic

2004 3959 2261 4031 loquitur,
2296 3958 2585 4029 Cognosces
2626 3957 2780 4010 hodie
2816 3972 2977 4026 neque
3008 3956 3324 4025 cogitatione
3349 3970 3566 4025 peruer-

2003 4053 2151 4115 teris,
2190 4052 2329 4120 quod
2356 4050 2610 4105 Dominus
2636 4049 2777 4103 Deus
2806 4058 2945 4113 tuus,
2971 4048 3113 4103 Deus
3143 4047 3231 4103 ille
3271 4048 3336 4101 sit
3361 4049 3417 4101 in
3442 4046 3600 4101 caelo.

2003 4152 2051 4197 et
2080 4158 2235 4210 super
2266 4153 2459 4196 terram
2486 4156 2507 4195 :
2530 4150 2577 4195 et
2607 4156 2712 4196 non
2739 4149 2815 4195 est
2866 4148 3055 4209 printer
3101 4155 3219 4193 eum
3246 4140 3314 4192 “.
3363 4138 3589 4193 lterum.-

2003 4235 2183 4289 denuo
2213 4233 2268 4288 in
2300 4233 2718 4289 Deuteronomio
2760 4231 2857 4295 ait,
2893 4231 3055 4297 Audi,
3085 4230 3281 4295 Israel,
3309 4229 3575 4285 Dominus

2003 4324 2143 4380 Deus
2196 4336 2395 4391 uester,
2447 4324 2587 4379 Deus
2610 4339 2747 4378 unus
2796 4332 2914 4377 est:
2958 4330 3008 4377 et
3053 4321 3238 4392 diliges
3288 4320 3569 4377 Dominum

2004 4417 2173 4472 Deum
2214 4426 2361 4470 tuum
2390 4431 2419 4471 e
2454 4424 2563 4470 toto
2595 4415 2750 4470 corde
2786 4426 2878 4469 tuo
2919 4422 2970 4469 et
3017 4422 3127 4468 tota
3169 4414 3344 4467 anima
3383 4423 3475 4467 tua
3498 4414 3569 4471 ⁸³.

2003 4509 2070 4563 Et
2113 4509 2167 4563 in
2219 4506 2408 4565 eodem
2456 4507 2692 4563 iterum:
2734 4505 2932 4570 Videte,
2956 4506 3134 4569 videte,
3166 4504 3304 4575 quod
3330 4520 3424 4574 ego
3452 4517 3569 4557 sum

328 4597 498 4665 πλὴν
525 4597 691 4666 ἐμοῦ,
726 4596 840 4667 ἐγὼ
871 4595 1177 4651 ἀποκτενῶ
1213 4596 1311 4649 καὶ
1359 4594 1467 4663 ζῇν
1507 4596 1758 4663 ποιήσω,
1790 4612 1900 4649 πα-

2005 4610 2047 4655 et
2088 4616 2189 4654 non
2217 4610 2290 4653 est
2321 4598 2447 4651 deus
2497 4607 2687 4666 prater
2723 4612 2824 4653 me.
2873 4594 2985 4665 Ego
3024 4595 3280 4661 occidam,
3315 4602 3364 4648 et
3406 4594 3587 4647 uiuere-

328 4689 487 4755 τάξω
526 4689 624 4743 καὶ
667 4688 925 4757 ἰάσομαι.
963 4687 1085 4752 Πῶς
1113 4683 1205 4741 οὖν
1239 4686 1529 4759 Ἀστέριος,
1566 4690 1684 4752 ταῖς
1715 4687 1900 4757 ἁγίαις

328 4781 573 4854 Γραφαῖς
620 4779 804 4844 ἁπλῶς
832 4780 926 4833 καὶ
947 4779 1199 4851 ἐμφόϐως
1232 4779 1545 4833 ἀκολουθεῖν
1573 4778 1901 4850 προσποιού-

2003 4692 2220 4759 faciam,
2258 4688 2546 4759 percutiam
2566 4697 2613 4741 et
2639 4692 2838 4741 sonabo
2860 4686 2925 4739 “.
2970 4685 3249 4753 Quomodo
3280 4686 3386 4741 hoc
3410 4687 3570 4740 A810?

2003 4783 2117 4838 rius
2141 4781 2426 4852 ignorabat
2454 4780 2545 4850 qui
2577 4793 2636 4834 se
2664 4777 2836 4834 videri
2861 4777 3001 4843 vult,
3031 4791 3152 4832 cum
3185 4778 3401 4840 timore,
3435 4775 3587 4831 sima

331 4890 511 4944 μενος,
539 4874 638 4926 οὐκ
682 4871 822 4940 ἐγνω
857 4870 917 4923 τὸ
953 4870 1118 4941 μέρος
1144 4870 1302 4923 τοῦτο
1321 4870 1495 4939 λέγον·
1536 4870 1648 4943 (85)
1685 4872 1900 4940 Κύριος

2005 4873 2213 4943 pliciter
2230 4880 2528 4929 scrutatum
2561 4886 2745 4926 sacras
2774 4870 3006 4925 Litteras
3036 4886 3050 4922 :
3078 4868 3330 4923 nimirum
3358 4876 3564 4936 partem

327 4969 363 5021 ὁ
397 4968 538 5032 Θεός
575 4981 712 5028 σου,
747 4957 923 5029 οὗτος
976 4962 1119 5028 Θεὸς
1156 4960 1266 5032 (86)
1292 4961 1363 5015 ἐν
1398 4961 1479 5027 τῷ
1500 4960 1751 5029 οὐρανῷ,
1798 4963 1899 5017 καὶ

2005 4966 2404 5035 Scripturarum
2434 4964 2584 5019 illam
2614 4964 2705 5020 ubi
2736 4964 2955 5030 dicitur,
2974 4962 3231 5017 Dominus
3258 4958 3399 5013 Deus
3421 4968 3565 5022 tuus,

324 5054 424 5108 ἐπὶ
455 5053 563 5122 τῆς
589 5052 701 5122 γῆς
720 5051 895 5115 κάτω,
930 5051 1027 5106 καὶ
1054 5052 1164 5105 οὐκ
1198 5050 1329 5103 ἐστι
1355 5049 1525 5117 πλὴν
1550 5049 1757 5105 αὑτοῦ.
1788 5050 1898 5104 Kal

324 5148 409 5202 ὅτι
449 5143 528 5210 εἷς
572 5146 716 5200 ἐστιν
764 5145 841 5198 ἔτι
873 5145 968 5199 καὶ
993 5142 1130 5215 πλὴν
1171 5141 1336 5197 αὐτοῦ
1382 5144 1481 5197 οὐκ
1514 5142 1659 5198 ἐστιν
1684 5144 1889 5217 ἓτερος.

2003 5058 2143 5114 Deus
2172 5072 2306 5111 unus
2338 5066 2437 5121 est,
2482 5057 2538 5111 in
2569 5056 2696 5111 ctelo
2718 5072 2946 5121 sursum,
2975 5066 3023 5110 et
3044 5056 3099 5109 in
3124 5064 3263 5108 terra
3288 5052 3566 5115 deorsum,

1998 5155 2047 5200 et
2105 5158 2209 5196 non
2257 5151 2336 5196 est
2362 5153 2555 5210 prater
2579 5157 2697 5197 eum
2724 5154 2746 5195 :
2774 5142 2916 5211 quod
2950 5155 3087 5196 unus
3133 5138 3225 5205 sit,
3255 5144 3310 5191 et
3334 5150 3442 5190 non
3480 5144 3568 5189 est

326 5236 439 5292 Kal
457 5235 570 5306 μεθ’
587 5235 746 5307 ἕτερα
760 5233 968 5298 τούτοις
982 5228 1137 5296 αὖθις
1151 5230 1469 5304 προστίθησι
1492 5230 1685 5300 λέγων·
1709 5250 1729 5285 ι
1769 5232 1892 5298 Πῶς

2005 5236 2139 5290 alius
2166 5243 2363 5305 praeter
2391 5232 2566 5289 illum.
2617 5232 2744 5289 Post
2782 5233 2887 5288 alia
2912 5241 2966 5288 et
2994 5230 3145 5289 hisce
3177 5225 3440 5293 annectit,
3482 5224 3563 5279 in-

403 5423 462 5479 »Xs
498 5415 597 5471 Ed.
624 5414 823 5486 Parim,
857 5432 979 5486 pag.
1011 5416 1135 5473 152.
1286 5415 1329 5486 ’7⁸
1354 5412 1528 5486 Marc.
1561 5430 1659 5482 xu,
1698 5416 1887 5473 28-52.

327 5489 375 5521 ²¹
402 5487 643 5552 Deutav,
678 5485 766 5541 39.
840 5488 887 5520 ³³
912 5485 1065 5544 Deut.
1096 5502 1151 5544 v1
1205 5488 1261 5555 ι,
1298 5485 1351 5542 5.

402 5712 515 5783 (82)
542 5708 1118 5783 Vulgo‘tﬁcuapﬁag.
1151 5708 1267 5765 Mox
1323 5710 1481 5783 vulgo
1530 5718 1646 5783 ροιι
1707 5708 1897 5783 πρώτη

329 5779 467 5853 add.
488 5779 580 5853 καὶ
607 5779 813 5853 μεγάλη
837 5781 883 5853 ἠγ
912 5779 1121 5850 ἐντολή.

398 5850 514 5993 (83;
539 5850 650 5922 Τήν
674 5850 832 5930 volito
856 5852 1019 5903 deest.

423 5921 490 5979 84
541 5921 713 5993 Vulgo
743 5938 835 5975 του
870 5921 995 5993 Ὶσρ.

423 5918 514 5993 Si)
541 5918 713 5994 Vtilgo
743 5918 835 5975 τοῦ
870 5921 995 5993 Ὶσρ.

404 5997 413 6005 ι

2000 5420 2043 5453 "
2072 5419 2243 5476 Exod.
2275 5433 2358 5483 nt,
2394 5418 2479 5473 l5.
2576 5416 2621 5450 ²⁹
2642 5416 2812 5473 Exod.
2840 5432 2933 5483 xx,
2980 5414 3037 5483 2,
3094 5414 3129 5469 3

1427 5485 1474 5517 “
1508 5485 1661 5541 Deut.
1700 5503 1870 5555 χχιιι,
1902 5488 1989 5546 39.

3262 5411 3308 5444 “
3336 5408 3471 5467 ibid.
3503 5410 3559 5466 li.

2068 5709 2185 5782 (85)
2218 5710 2391 5782 Vulgo
2419 5711 2612 5782 λέγων.

2066 5770 2180 5857 (se)
2214 5770 2379 5855 γυιεῑο
2410 5770 2631 5857 Κύριος,
2690 5792 2741 5842 et
2778 5797 2921 5854 mox,
2952 5782 3043 5837 ἐπὶ
3069 5780 3168 5852 γῆς
3217 5786 3266 5835 cl
3310 5774 3423 5833 itm
3465 5770 3564 5833 καὶ

1996 5849 2156 5921 πλὴν.
