  <div class='ocr_page' id='page_1' title='image "/cluster/home/n/w/nwhite01/storage/ocr_20150623/24:no.6/coo.31924054873058/487.png"; bbox 0 0 4082 6390; ppageno 0'>
   <div class='ocr_carea' id='block_1_1' title="bbox 541 450 644 507">
    <p class='ocr_par' dir='ltr' id='par_1_1' title="bbox 541 450 644 507">
     <span class='ocr_line' id='line_1_1' title="bbox 541 450 644 507; baseline -0.039 0"><span class='ocrx_word' id='word_1_1' title='bbox 541 450 644 507; x_wconf 72' lang='grc'><strong>947</strong></span> 
     </span>
    </p>
   </div>
   <div class='ocr_carea' id='block_1_2' title="bbox 547 661 2094 733">
    <p class='ocr_par' dir='ltr' id='par_1_2' title="bbox 547 661 2094 733">
     <span class='ocr_line' id='line_1_2' title="bbox 547 661 2094 733; baseline 0.004 -21"><span class='ocrx_word' id='word_1_2' title='bbox 547 679 567 712; x_wconf 84' lang='grc'><strong><em>‹</em></strong></span> <span class='ocrx_word' id='word_1_3' title='bbox 609 664 801 714; x_wconf 86' lang='lat' dir='ltr'><strong>remias</strong></span> <span class='ocrx_word' id='word_1_4' title='bbox 821 661 1079 733; x_wconf 76' lang='lat' dir='ltr'><strong>[Baruch]</strong></span> <span class='ocrx_word' id='word_1_5' title='bbox 1109 673 1257 717; x_wconf 88' lang='lat' dir='ltr'><strong>vates</strong></span> <span class='ocrx_word' id='word_1_6' title='bbox 1281 681 1386 719; x_wconf 90' lang='lat' dir='ltr'><strong>non</strong></span> <span class='ocrx_word' id='word_1_7' title='bbox 1425 675 1608 732; x_wconf 87' lang='lat' dir='ltr'><strong>aperte</strong></span> <span class='ocrx_word' id='word_1_8' title='bbox 1634 666 1928 719; x_wconf 80' lang='lat' dir='ltr'><strong>convicerit</strong></span> <span class='ocrx_word' id='word_1_9' title='bbox 1947 666 2094 718; x_wconf 92' lang='lat' dir='ltr'><strong>illum</strong></span> 
     </span>
    </p>
   </div>
   <div class='ocr_carea' id='block_1_3' title="bbox 544 755 2099 822">
    <p class='ocr_par' dir='ltr' id='par_1_3' title="bbox 544 755 2099 822">
     <span class='ocr_line' id='line_1_3' title="bbox 544 755 2099 822; baseline 0.003 -15"><span class='ocrx_word' id='word_1_10' title='bbox 544 781 560 801; x_wconf 80' lang='grc' dir='ltr'><strong>ι</strong></span> <span class='ocrx_word' id='word_1_11' title='bbox 603 755 846 808; x_wconf 75' lang='lat' dir='ltr'><strong>docuisse</strong></span> <span class='ocrx_word' id='word_1_12' title='bbox 873 757 1163 822; x_wconf 78' lang='lat' dir='ltr'><strong>perversa?</strong></span> <span class='ocrx_word' id='word_1_13' title='bbox 1196 756 1332 810; x_wconf 88' lang='lat' dir='ltr'><strong>Nam</strong></span> <span class='ocrx_word' id='word_1_14' title='bbox 1364 758 1429 809; x_wconf 86' lang='lat' dir='ltr'><strong>de</strong></span> <span class='ocrx_word' id='word_1_15' title='bbox 1455 758 1746 812; x_wconf 85' lang='lat' dir='ltr'><strong>Servatore</strong></span> <span class='ocrx_word' id='word_1_16' title='bbox 1778 758 2099 812; x_wconf 86' lang='lat' dir='ltr'><strong>vaticinatus</strong></span> 
     </span>
    </p>
   </div>
   <div class='ocr_carea' id='block_1_4' title="bbox 543 843 2100 918">
    <p class='ocr_par' dir='ltr' id='par_1_4' title="bbox 543 843 2100 918">
     <span class='ocr_line' id='line_1_4' title="bbox 543 843 2100 918; baseline 0.007 -27"><span class='ocrx_word' id='word_1_17' title='bbox 543 863 562 891; x_wconf 74' lang='grc' dir='ltr'>ι</span> <span class='ocrx_word' id='word_1_18' title='bbox 600 843 687 897; x_wconf 86' lang='lat' dir='ltr'><strong>ille</strong></span> <span class='ocrx_word' id='word_1_19' title='bbox 733 845 803 896; x_wconf 89' lang='lat' dir='ltr'><strong>ita</strong></span> <span class='ocrx_word' id='word_1_20' title='bbox 846 845 1062 914; x_wconf 80' lang='lat' dir='ltr'><strong>inquit:</strong></span> <span class='ocrx_word' id='word_1_21' title='bbox 1098 848 1212 902; x_wconf 79' lang='lat' dir='ltr'><strong>Iste</strong></span> <span class='ocrx_word' id='word_1_22' title='bbox 1255 859 1330 902; x_wconf 82' lang='grc' dir='ltr'><strong>εει</strong></span> <span class='ocrx_word' id='word_1_23' title='bbox 1377 849 1556 914; x_wconf 83' lang='lat' dir='ltr'><strong>Deus,</strong></span> <span class='ocrx_word' id='word_1_24' title='bbox 1613 866 1714 902; x_wconf 87' lang='lat' dir='ltr'><strong>non</strong></span> <span class='ocrx_word' id='word_1_25' title='bbox 1774 850 2100 918; x_wconf 84' lang='lat' dir='ltr'><strong>reputabitur</strong></span> 
     </span>
    </p>
   </div>
   <div class='ocr_carea' id='block_1_5' title="bbox 541 932 2097 1006">
    <p class='ocr_par' dir='ltr' id='par_1_5' title="bbox 541 932 2097 1006">
     <span class='ocr_line' id='line_1_5' title="bbox 541 932 2097 1006; baseline 0.007 -26"><span class='ocrx_word' id='word_1_26' title='bbox 541 952 558 980; x_wconf 71' lang='grc' dir='ltr'><strong>ι</strong></span> <span class='ocrx_word' id='word_1_27' title='bbox 603 932 739 985; x_wconf 82' lang='lat' dir='ltr'><strong>alius</strong></span> <span class='ocrx_word' id='word_1_28' title='bbox 765 933 834 985; x_wconf 86' lang='lat' dir='ltr'><strong>ad</strong></span> <span class='ocrx_word' id='word_1_29' title='bbox 855 950 990 997; x_wconf 85' lang='lat' dir='ltr'><strong>eum,</strong></span> <span class='ocrx_word' id='word_1_30' title='bbox 1031 937 1119 1004; x_wconf 82' lang='lat' dir='ltr'><strong>qui</strong></span> <span class='ocrx_word' id='word_1_31' title='bbox 1148 938 1340 990; x_wconf 86' lang='lat' dir='ltr'><strong>invenit</strong></span> <span class='ocrx_word' id='word_1_32' title='bbox 1367 953 1567 990; x_wconf 87' lang='lat' dir='ltr'><strong>omnem</strong></span> <span class='ocrx_word' id='word_1_33' title='bbox 1608 939 1742 991; x_wconf 82' lang='lat' dir='ltr'><strong>viam</strong></span> <span class='ocrx_word' id='word_1_34' title='bbox 1769 939 2097 1006; x_wconf 71' lang='lat' dir='ltr'><strong>cognitionis,</strong></span> 
     </span>
    </p>
   </div>
   <div class='ocr_carea' id='block_1_6' title="bbox 541 1025 2097 1096">
    <p class='ocr_par' dir='ltr' id='par_1_6' title="bbox 541 1025 2097 1096">
     <span class='ocr_line' id='line_1_6' title="bbox 541 1025 2097 1096; baseline 0.008 -24"><span class='ocrx_word' id='word_1_35' title='bbox 541 1050 557 1070; x_wconf 81' lang='grc' dir='ltr'><strong>ι</strong></span> <span class='ocrx_word' id='word_1_36' title='bbox 603 1031 651 1075; x_wconf 80' lang='lat' dir='ltr'><strong>et</strong></span> <span class='ocrx_word' id='word_1_37' title='bbox 695 1025 917 1077; x_wconf 77' lang='lat' dir='ltr'><strong>tradidit</strong></span> <span class='ocrx_word' id='word_1_38' title='bbox 956 1043 1071 1079; x_wconf 86' lang='lat' dir='ltr'><strong>eam</strong></span> <span class='ocrx_word' id='word_1_39' title='bbox 1097 1025 1263 1080; x_wconf 66' lang='lat' dir='ltr'><strong>Iacob</strong></span> <span class='ocrx_word' id='word_1_40' title='bbox 1302 1045 1461 1096; x_wconf 85' lang='lat' dir='ltr'><strong>puero</strong></span> <span class='ocrx_word' id='word_1_41' title='bbox 1488 1045 1602 1094; x_wconf 79' lang='lat' dir='ltr'><strong>suo,</strong></span> <span class='ocrx_word' id='word_1_42' title='bbox 1640 1039 1688 1082; x_wconf 88' lang='lat' dir='ltr'><strong>et</strong></span> <span class='ocrx_word' id='word_1_43' title='bbox 1718 1029 1885 1082; x_wconf 84' lang='lat' dir='ltr'><strong>Israel</strong></span> <span class='ocrx_word' id='word_1_44' title='bbox 1911 1030 2097 1084; x_wconf 84' lang='lat' dir='ltr'><strong>dilecto</strong></span> 
     </span>
    </p>
   </div>
   <div class='ocr_carea' id='block_1_7' title="bbox 541 1118 2097 1185">
    <p class='ocr_par' dir='ltr' id='par_1_7' title="bbox 541 1118 2097 1185">
     <span class='ocr_line' id='line_1_7' title="bbox 541 1118 2097 1185; baseline 0.008 -23"><span class='ocrx_word' id='word_1_45' title='bbox 541 1133 559 1162; x_wconf 77' lang='grc' dir='ltr'><strong>ι</strong></span> <span class='ocrx_word' id='word_1_46' title='bbox 603 1131 699 1167; x_wconf 81' lang='lat' dir='ltr'><strong>suo</strong></span> <span class='ocrx_word' id='word_1_47' title='bbox 722 1131 745 1170; x_wconf 89' lang='lat'><strong><em>:</em></strong></span> <span class='ocrx_word' id='word_1_48' title='bbox 771 1127 882 1183; x_wconf 82' lang='lat' dir='ltr'><strong>post</strong></span> <span class='ocrx_word' id='word_1_49' title='bbox 922 1118 1031 1170; x_wconf 73' lang='lat' dir='ltr'><strong>hwc</strong></span> <span class='ocrx_word' id='word_1_50' title='bbox 1063 1134 1224 1185; x_wconf 74' lang='lat' dir='ltr'><strong>super</strong></span> <span class='ocrx_word' id='word_1_51' title='bbox 1266 1129 1433 1172; x_wconf 73' lang='lat' dir='ltr'><strong>terras</strong></span> <span class='ocrx_word' id='word_1_52' title='bbox 1460 1123 1597 1174; x_wconf 82' lang='lat' dir='ltr'><strong>visus</strong></span> <span class='ocrx_word' id='word_1_53' title='bbox 1628 1132 1723 1184; x_wconf 83' lang='lat' dir='ltr'><strong>est,</strong></span> <span class='ocrx_word' id='word_1_54' title='bbox 1758 1131 1805 1173; x_wconf 86' lang='lat' dir='ltr'><strong>et</strong></span> <span class='ocrx_word' id='word_1_55' title='bbox 1846 1138 1961 1174; x_wconf 85' lang='lat' dir='ltr'><strong>cum</strong></span> <span class='ocrx_word' id='word_1_56' title='bbox 2002 1123 2097 1175; x_wconf 85' lang='lat' dir='ltr'><strong>Iro-</strong></span> 
     </span>
    </p>
   </div>
   <div class='ocr_carea' id='block_1_8' title="bbox 542 1203 2094 1281">
    <p class='ocr_par' dir='ltr' id='par_1_8' title="bbox 542 1203 2094 1281">
     <span class='ocr_line' id='line_1_8' title="bbox 542 1203 2094 1281; baseline 0.007 -28"><span class='ocrx_word' id='word_1_57' title='bbox 542 1221 560 1251; x_wconf 76' lang='grc' dir='ltr'><em>ι</em></span> <span class='ocrx_word' id='word_1_58' title='bbox 597 1203 822 1258; x_wconf 76' lang='lat' dir='ltr'><strong>minibus</strong></span> <span class='ocrx_word' id='word_1_59' title='bbox 843 1219 1172 1261; x_wconf 66' lang='lat' dir='ltr'><strong>conversatus</strong></span> <span class='ocrx_word' id='word_1_60' title='bbox 1195 1208 1260 1262; x_wconf 80' lang='grc'><strong>³⁵.</strong></span> <span class='ocrx_word' id='word_1_61' title='bbox 1296 1228 1314 1259; x_wconf 72' lang='grc' dir='ltr'><strong>ι</strong></span> <span class='ocrx_word' id='word_1_62' title='bbox 1345 1208 1540 1263; x_wconf 88' lang='lat' dir='ltr'><strong>lterum</strong></span> <span class='ocrx_word' id='word_1_63' title='bbox 1571 1210 1732 1263; x_wconf 82' lang='lat' dir='ltr'><strong>infert</strong></span> <span class='ocrx_word' id='word_1_64' title='bbox 1762 1209 1851 1281; x_wconf 72' lang='grc' dir='ltr'><strong>[Β.</strong></span> <span class='ocrx_word' id='word_1_65' title='bbox 1892 1210 1952 1274; x_wconf 78' lang='grc' dir='ltr'>ι,</span> <span class='ocrx_word' id='word_1_66' title='bbox 1972 1212 2094 1265; x_wconf 84' lang='lat' dir='ltr'><strong>coll.</strong></span> 
     </span>
    </p>
   </div>
   <div class='ocr_carea' id='block_1_9' title="bbox 537 1294 2099 1366">
    <p class='ocr_par' dir='ltr' id='par_1_9' title="bbox 537 1294 2099 1366">
     <span class='ocr_line' id='line_1_9' title="bbox 537 1294 2099 1366; baseline 0.004 -20"><span class='ocrx_word' id='word_1_67' title='bbox 537 1311 591 1364; x_wconf 77' lang='grc' dir='ltr'><strong>ι).</strong></span> <span class='ocrx_word' id='word_1_68' title='bbox 619 1294 746 1366; x_wconf 53' lang='lat' dir='ltr'><strong>iis]</strong></span> <span class='ocrx_word' id='word_1_69' title='bbox 773 1314 787 1350; x_wconf 88' lang='lat'>:</span> <span class='ocrx_word' id='word_1_70' title='bbox 819 1313 839 1346; x_wconf 82' lang='grc' dir='ltr'><em>ι</em></span> <span class='ocrx_word' id='word_1_71' title='bbox 861 1294 964 1351; x_wconf 87' lang='lat' dir='ltr'><strong>Sed</strong></span> <span class='ocrx_word' id='word_1_72' title='bbox 1017 1298 1226 1353; x_wconf 86' lang='lat' dir='ltr'><strong>videtur</strong></span> <span class='ocrx_word' id='word_1_73' title='bbox 1257 1299 1308 1351; x_wconf 88' lang='lat' dir='ltr'><strong>in</strong></span> <span class='ocrx_word' id='word_1_74' title='bbox 1331 1298 1503 1352; x_wconf 82' lang='lat' dir='ltr'><strong>Verbo</strong></span> <span class='ocrx_word' id='word_1_75' title='bbox 1533 1299 1692 1354; x_wconf 85' lang='lat' dir='ltr'><strong>Pater</strong></span> <span class='ocrx_word' id='word_1_76' title='bbox 1721 1315 1840 1354; x_wconf 88' lang='lat' dir='ltr'><strong>esse</strong></span> <span class='ocrx_word' id='word_1_77' title='bbox 1869 1317 1883 1354; x_wconf 91' lang='lat'><strong>:</strong></span> <span class='ocrx_word' id='word_1_78' title='bbox 1911 1310 2099 1354; x_wconf 86' lang='lat' dir='ltr'><strong>utcun-</strong></span> 
     </span>
    </p>
   </div>
   <div class='ocr_carea' id='block_1_10' title="bbox 542 1389 2096 1460">
    <p class='ocr_par' dir='ltr' id='par_1_10' title="bbox 542 1389 2096 1460">
     <span class='ocr_line' id='line_1_10' title="bbox 542 1389 2096 1460; baseline 0.007 -26"><span class='ocrx_word' id='word_1_79' title='bbox 542 1404 562 1434; x_wconf 76' lang='grc' dir='ltr'><strong><em>ο</em></strong></span> <span class='ocrx_word' id='word_1_80' title='bbox 599 1401 706 1455; x_wconf 83' lang='lat' dir='ltr'><strong>que</strong></span> <span class='ocrx_word' id='word_1_81' title='bbox 753 1389 856 1442; x_wconf 91' lang='lat' dir='ltr'><strong>hoc</strong></span> <span class='ocrx_word' id='word_1_82' title='bbox 901 1389 1118 1442; x_wconf 82' lang='lat' dir='ltr'><strong>Asterio</strong></span> <span class='ocrx_word' id='word_1_83' title='bbox 1165 1405 1271 1443; x_wconf 92' lang='lat' dir='ltr'><strong>non</strong></span> <span class='ocrx_word' id='word_1_84' title='bbox 1318 1391 1396 1445; x_wconf 91' lang='lat' dir='ltr'><strong>sic</strong></span> <span class='ocrx_word' id='word_1_85' title='bbox 1454 1391 1684 1458; x_wconf 79' lang='lat' dir='ltr'><strong>placeat,</strong></span> <span class='ocrx_word' id='word_1_86' title='bbox 1742 1406 1842 1445; x_wconf 90' lang='lat' dir='ltr'><strong>nec</strong></span> <span class='ocrx_word' id='word_1_87' title='bbox 1892 1393 1958 1445; x_wconf 88' lang='lat' dir='ltr'><strong>iis</strong></span> <span class='ocrx_word' id='word_1_88' title='bbox 2005 1392 2096 1460; x_wconf 85' lang='lat' dir='ltr'><strong>qni</strong></span> 
     </span>
    </p>
   </div>
   <div class='ocr_carea' id='block_1_11' title="bbox 542 1477 2096 1535">
    <p class='ocr_par' dir='ltr' id='par_1_11' title="bbox 542 1477 2096 1535">
     <span class='ocr_line' id='line_1_11' title="bbox 542 1477 2096 1535; baseline 0.006 -11"><span class='ocrx_word' id='word_1_89' title='bbox 542 1496 561 1524; x_wconf 72' lang='grc' dir='ltr'><strong>ε</strong></span> <span class='ocrx_word' id='word_1_90' title='bbox 595 1477 783 1530; x_wconf 88' lang='lat' dir='ltr'><strong>eadem</strong></span> <span class='ocrx_word' id='word_1_91' title='bbox 823 1491 944 1530; x_wconf 91' lang='lat' dir='ltr'><strong>cum</strong></span> <span class='ocrx_word' id='word_1_92' title='bbox 975 1477 1064 1533; x_wconf 89' lang='lat' dir='ltr'><strong>illo</strong></span> <span class='ocrx_word' id='word_1_93' title='bbox 1097 1480 1353 1533; x_wconf 87' lang='lat' dir='ltr'><strong>sentiunt.</strong></span> <span class='ocrx_word' id='word_1_94' title='bbox 1385 1481 1476 1534; x_wconf 85' lang='lat' dir='ltr'><strong>Sic</strong></span> <span class='ocrx_word' id='word_1_95' title='bbox 1506 1481 1650 1534; x_wconf 89' lang='lat' dir='ltr'><strong>enim</strong></span> <span class='ocrx_word' id='word_1_96' title='bbox 1681 1480 1862 1534; x_wconf 76' lang='lat' dir='ltr'><strong>divino</strong></span> <span class='ocrx_word' id='word_1_97' title='bbox 1891 1481 1962 1533; x_wconf 90' lang='lat' dir='ltr'><strong>illi</strong></span> <span class='ocrx_word' id='word_1_98' title='bbox 1991 1481 2096 1535; x_wconf 89' lang='lat' dir='ltr'><strong>vati</strong></span> 
     </span>
    </p>
   </div>
   <div class='ocr_carea' id='block_1_12' title="bbox 540 1567 2095 1640">
    <p class='ocr_par' dir='ltr' id='par_1_12' title="bbox 540 1567 2095 1640">
     <span class='ocr_line' id='line_1_12' title="bbox 540 1567 2095 1640; baseline 0.005 -24"><span class='ocrx_word' id='word_1_99' title='bbox 540 1588 562 1616; x_wconf 71' lang='grc' dir='ltr'><strong>ο</strong></span> <span class='ocrx_word' id='word_1_100' title='bbox 607 1567 764 1622; x_wconf 63' lang='lat' dir='ltr'><strong>Isaiae</strong></span> <span class='ocrx_word' id='word_1_101' title='bbox 820 1568 1064 1636; x_wconf 81' lang='lat' dir='ltr'><strong>videtur,</strong></span> <span class='ocrx_word' id='word_1_102' title='bbox 1142 1572 1233 1638; x_wconf 88' lang='lat' dir='ltr'><strong>qui</strong></span> <span class='ocrx_word' id='word_1_103' title='bbox 1287 1571 1498 1626; x_wconf 89' lang='lat' dir='ltr'><strong>locutus</strong></span> <span class='ocrx_word' id='word_1_104' title='bbox 1552 1581 1633 1625; x_wconf 85' lang='lat' dir='ltr'><strong>est</strong></span> <span class='ocrx_word' id='word_1_105' title='bbox 1689 1587 1784 1640; x_wconf 91' lang='lat' dir='ltr'><strong>per</strong></span> <span class='ocrx_word' id='word_1_106' title='bbox 1840 1571 2095 1639; x_wconf 77' lang='lat' dir='ltr'><strong>Spiritum</strong></span> 
     </span>
    </p>
   </div>
   <div class='ocr_carea' id='block_1_13' title="bbox 541 1656 2098 1729">
    <p class='ocr_par' dir='ltr' id='par_1_13' title="bbox 541 1656 2098 1729">
     <span class='ocr_line' id='line_1_13' title="bbox 541 1656 2098 1729; baseline 0.004 -23"><span class='ocrx_word' id='word_1_107' title='bbox 541 1673 565 1706; x_wconf 76' lang='grc' dir='ltr'><em>ι</em></span> <span class='ocrx_word' id='word_1_108' title='bbox 601 1667 863 1718; x_wconf 87' lang='lat' dir='ltr'><strong>sanctum.</strong></span> <span class='ocrx_word' id='word_1_109' title='bbox 881 1656 949 1711; x_wconf 81' lang='lat' dir='ltr'><strong>Et</strong></span> <span class='ocrx_word' id='word_1_110' title='bbox 969 1660 1258 1714; x_wconf 79' lang='lat' dir='ltr'><strong>adorabunt</strong></span> <span class='ocrx_word' id='word_1_111' title='bbox 1276 1661 1392 1726; x_wconf 88' lang='lat' dir='ltr'><strong>tibi,</strong></span> <span class='ocrx_word' id='word_1_112' title='bbox 1418 1666 1529 1724; x_wconf 61' lang='lat' dir='ltr'><strong>rBet</strong></span> <span class='ocrx_word' id='word_1_113' title='bbox 1552 1661 1607 1714; x_wconf 83' lang='lat' dir='ltr'><strong>in</strong></span> <span class='ocrx_word' id='word_1_114' title='bbox 1629 1673 1678 1714; x_wconf 89' lang='lat' dir='ltr'><strong>te</strong></span> <span class='ocrx_word' id='word_1_115' title='bbox 1697 1662 1935 1722; x_wconf 86' lang='lat' dir='ltr'><strong>orabunt,</strong></span> <span class='ocrx_word' id='word_1_116' title='bbox 1963 1663 2098 1729; x_wconf 80' lang='lat' dir='ltr'><strong>quod</strong></span> 
     </span>
    </p>
   </div>
   <div class='ocr_carea' id='block_1_14' title="bbox 542 1747 2097 1817">
    <p class='ocr_par' dir='ltr' id='par_1_14' title="bbox 542 1747 2097 1817">
     <span class='ocr_line' id='line_1_14' title="bbox 542 1747 2097 1817; baseline 0.004 -20"><span class='ocrx_word' id='word_1_117' title='bbox 542 1766 560 1796; x_wconf 79' lang='grc' dir='ltr'><strong>ι</strong></span> <span class='ocrx_word' id='word_1_118' title='bbox 597 1749 650 1799; x_wconf 82' lang='lat' dir='ltr'><strong>in</strong></span> <span class='ocrx_word' id='word_1_119' title='bbox 677 1759 723 1800; x_wconf 85' lang='lat' dir='ltr'><strong>te</strong></span> <span class='ocrx_word' id='word_1_120' title='bbox 751 1749 818 1801; x_wconf 82' lang='lat' dir='ltr'><strong>sit</strong></span> <span class='ocrx_word' id='word_1_121' title='bbox 842 1747 980 1802; x_wconf 82' lang='lat' dir='ltr'><strong>Deus</strong></span> <span class='ocrx_word' id='word_1_122' title='bbox 1004 1759 1051 1802; x_wconf 88' lang='lat' dir='ltr'><strong>et</strong></span> <span class='ocrx_word' id='word_1_123' title='bbox 1077 1765 1178 1802; x_wconf 82' lang='lat' dir='ltr'><strong>non</strong></span> <span class='ocrx_word' id='word_1_124' title='bbox 1210 1758 1292 1803; x_wconf 80' lang='grc' dir='ltr'><strong>εει</strong></span> <span class='ocrx_word' id='word_1_125' title='bbox 1315 1749 1453 1803; x_wconf 79' lang='lat' dir='ltr'><strong>alius</strong></span> <span class='ocrx_word' id='word_1_126' title='bbox 1492 1761 1677 1817; x_wconf 79' lang='lat' dir='ltr'><strong>prwter</strong></span> <span class='ocrx_word' id='word_1_127' title='bbox 1698 1761 1765 1806; x_wconf 91' lang='lat' dir='ltr'><strong>te.</strong></span> <span class='ocrx_word' id='word_1_128' title='bbox 1808 1749 1883 1802; x_wconf 87' lang='lat' dir='ltr'><strong><em>Tu</em></strong></span> <span class='ocrx_word' id='word_1_129' title='bbox 1913 1751 2097 1803; x_wconf 84' lang='lat' dir='ltr'><strong>etenim</strong></span> 
     </span>
    </p>
   </div>
   <div class='ocr_carea' id='block_1_15' title="bbox 539 1836 2094 1895">
    <p class='ocr_par' dir='ltr' id='par_1_15' title="bbox 539 1836 2094 1895">
     <span class='ocr_line' id='line_1_15' title="bbox 539 1836 2094 1895; baseline 0.004 -7"><span class='ocrx_word' id='word_1_130' title='bbox 539 1857 559 1887; x_wconf 73' lang='grc' dir='ltr'>ι</span> <span class='ocrx_word' id='word_1_131' title='bbox 598 1836 734 1891; x_wconf 80' lang='lat' dir='ltr'><strong>Deus</strong></span> <span class='ocrx_word' id='word_1_132' title='bbox 759 1853 812 1890; x_wconf 83' lang='lat' dir='ltr'><strong>es</strong></span> <span class='ocrx_word' id='word_1_133' title='bbox 836 1838 902 1891; x_wconf 75' lang='grc'><strong>’⁸.</strong></span> <span class='ocrx_word' id='word_1_134' title='bbox 933 1856 952 1890; x_wconf 73' lang='grc' dir='ltr'><strong>ι</strong></span> <span class='ocrx_word' id='word_1_135' title='bbox 987 1838 1151 1894; x_wconf 82' lang='lat' dir='ltr'><strong>Vides</strong></span> <span class='ocrx_word' id='word_1_136' title='bbox 1179 1849 1238 1892; x_wconf 91' lang='lat' dir='ltr'><strong>ut</strong></span> <span class='ocrx_word' id='word_1_137' title='bbox 1285 1849 1496 1893; x_wconf 79' lang='lat' dir='ltr'><strong>evertat</strong></span> <span class='ocrx_word' id='word_1_138' title='bbox 1535 1840 1794 1895; x_wconf 83' lang='lat' dir='ltr'><strong>radicitus</strong></span> <span class='ocrx_word' id='word_1_139' title='bbox 1836 1841 2094 1895; x_wconf 77' lang='lat' dir='ltr'><strong>artiﬁcio-</strong></span> 
     </span>
    </p>
   </div>
   <div class='ocr_carea' id='block_1_16' title="bbox 1203 451 3060 510">
    <p class='ocr_par' dir='ltr' id='par_1_16' title="bbox 1203 451 3060 510">
     <span class='ocr_line' id='line_1_16' title="bbox 1203 451 3060 510; baseline 0.001 -4"><span class='ocrx_word' id='word_1_140' title='bbox 1203 451 1475 508; x_wconf 76' lang='lat' dir='ltr'><strong>EUSEBII</strong></span> <span class='ocrx_word' id='word_1_141' title='bbox 1505 451 1978 510; x_wconf 71' lang='lat' dir='ltr'><strong>C/ESARIENSIS</strong></span> <span class='ocrx_word' id='word_1_142' title='bbox 2019 453 2168 508; x_wconf 84' lang='lat' dir='ltr'><strong>OPP.</strong></span> <span class='ocrx_word' id='word_1_143' title='bbox 2209 454 2386 508; x_wconf 73' lang='lat' dir='ltr'><strong>PARS</strong></span> <span class='ocrx_word' id='word_1_144' title='bbox 2423 452 2510 506; x_wconf 73' lang='lat' dir='ltr'><strong>IV.</strong></span> <span class='ocrx_word' id='word_1_145' title='bbox 2546 485 2611 495; x_wconf 91' lang='lat'><strong><em>—</em></strong></span> <span class='ocrx_word' id='word_1_146' title='bbox 2649 451 3060 510; x_wconf 78' lang='lat' dir='ltr'><strong>DOGMATICA.</strong></span> 
     </span>
    </p>
   </div>
   <div class='ocr_carea' id='block_1_17' title="bbox 541 569 2169 641">
    <p class='ocr_par' dir='ltr' id='par_1_17' title="bbox 541 569 2169 641">
     <span class='ocr_line' id='line_1_17' title="bbox 541 569 2169 641; baseline 0.003 -18"><span class='ocrx_word' id='word_1_147' title='bbox 541 571 734 634; x_wconf 84' lang='lat' dir='ltr'><strong>quiens</strong></span> <span class='ocrx_word' id='word_1_148' title='bbox 766 569 850 641; x_wconf 74' lang='grc' dir='ltr'><strong>[Β.</strong></span> <span class='ocrx_word' id='word_1_149' title='bbox 891 570 1073 640; x_wconf 79' lang='lat' dir='ltr'><strong>LXIX]</strong></span> <span class='ocrx_word' id='word_1_150' title='bbox 1121 611 1135 626; x_wconf 88' lang='lat'><strong>.</strong></span> <span class='ocrx_word' id='word_1_151' title='bbox 1185 587 1204 620; x_wconf 80' lang='grc' dir='ltr'><strong>ι</strong></span> <span class='ocrx_word' id='word_1_152' title='bbox 1238 571 1515 636; x_wconf 84' lang='lat' dir='ltr'><strong>Quomodo</strong></span> <span class='ocrx_word' id='word_1_153' title='bbox 1545 571 1702 639; x_wconf 78' lang='lat' dir='ltr'><strong>igitur</strong></span> <span class='ocrx_word' id='word_1_154' title='bbox 1726 571 1988 625; x_wconf 88' lang='lat' dir='ltr'><strong>sacerille</strong></span> <span class='ocrx_word' id='word_1_155' title='bbox 2006 570 2096 625; x_wconf 81' lang='lat' dir='ltr'><strong>Je-</strong></span> <span class='ocrx_word' id='word_1_156' title='bbox 2128 576 2169 628; x_wconf 83' lang='lat' dir='ltr'><strong>A</strong></span> 
     </span>
    </p>
   </div>
   <div class='ocr_carea' id='block_1_18' title="bbox 2205 569 3771 646">
    <p class='ocr_par' dir='ltr' id='par_1_18' title="bbox 2205 569 3771 646">
     <span class='ocr_line' id='line_1_18' title="bbox 2205 569 3771 646; baseline 0.004 -26"><span class='ocrx_word' id='word_1_157' title='bbox 2205 592 2221 620; x_wconf 77' lang='grc' dir='ltr'>ι</span> <span class='ocrx_word' id='word_1_158' title='bbox 2253 569 2346 623; x_wconf 77' lang='grc' dir='ltr'><strong>οὖν</strong></span> <span class='ocrx_word' id='word_1_159' title='bbox 2378 574 2405 624; x_wconf 85' lang='grc' dir='ltr'>ὁ</span> <span class='ocrx_word' id='word_1_160' title='bbox 2453 571 2596 640; x_wconf 80' lang='grc' dir='ltr'>ἱερὸς</span> <span class='ocrx_word' id='word_1_161' title='bbox 2627 571 2908 641; x_wconf 75' lang='grc' dir='ltr'><strong>προφήτης</strong></span> <span class='ocrx_word' id='word_1_162' title='bbox 2969 569 3232 640; x_wconf 84' lang='grc' dir='ltr'><strong>Ἱερεμίας</strong></span> <span class='ocrx_word' id='word_1_163' title='bbox 3265 571 3374 642; x_wconf 88' lang='grc'><strong>(87)</strong></span> <span class='ocrx_word' id='word_1_164' title='bbox 3407 571 3466 624; x_wconf 86' lang='grc' dir='ltr'><strong>ού</strong></span> <span class='ocrx_word' id='word_1_165' title='bbox 3519 573 3771 646; x_wconf 83' lang='grc' dir='ltr'>φανερῶς</span> 
     </span>
    </p>
   </div>
   <div class='ocr_carea' id='block_1_19' title="bbox 2204 659 3770 736">
    <p class='ocr_par' dir='ltr' id='par_1_19' title="bbox 2204 659 3770 736">
     <span class='ocr_line' id='line_1_19' title="bbox 2204 659 3770 736; baseline 0.005 -24"><span class='ocrx_word' id='word_1_166' title='bbox 2204 682 2220 712; x_wconf 78' lang='grc' dir='ltr'><em>ι</em></span> <span class='ocrx_word' id='word_1_167' title='bbox 2262 662 2418 715; x_wconf 79' lang='grc' dir='ltr'>αὑτὸν</span> <span class='ocrx_word' id='word_1_168' title='bbox 2449 660 3023 731; x_wconf 82' lang='grc' dir='ltr'>ἐτεροδιδασκαλοῦντα</span> <span class='ocrx_word' id='word_1_169' title='bbox 3071 659 3307 728; x_wconf 79' lang='grc' dir='ltr'>ὲλέγξει;</span> <span class='ocrx_word' id='word_1_170' title='bbox 3364 662 3442 715; x_wconf 87' lang='grc' dir='ltr'><strong>Τά</strong></span> <span class='ocrx_word' id='word_1_171' title='bbox 3479 663 3588 736; x_wconf 77' lang='grc' dir='ltr'>γὰρ</span> <span class='ocrx_word' id='word_1_172' title='bbox 3625 666 3770 720; x_wconf 85' lang='grc' dir='ltr'><strong>κατά</strong></span> 
     </span>
    </p>
   </div>
   <div class='ocr_carea' id='block_1_20' title="bbox 2204 751 3770 826">
    <p class='ocr_par' dir='ltr' id='par_1_20' title="bbox 2204 751 3770 826">
     <span class='ocr_line' id='line_1_20' title="bbox 2204 751 3770 826; baseline 0.006 -24"><span class='ocrx_word' id='word_1_173' title='bbox 2204 773 2221 802; x_wconf 71' lang='grc'>1</span> <span class='ocrx_word' id='word_1_174' title='bbox 2260 754 2348 805; x_wconf 75' lang='grc' dir='ltr'><strong>τὸν</strong></span> <span class='ocrx_word' id='word_1_175' title='bbox 2377 752 2606 822; x_wconf 81' lang='grc' dir='ltr'><strong>Σωτῆρα</strong></span> <span class='ocrx_word' id='word_1_176' title='bbox 2635 751 2788 821; x_wconf 82' lang='grc' dir='ltr'>ἡμῶν</span> <span class='ocrx_word' id='word_1_177' title='bbox 2817 751 3191 822; x_wconf 79' lang='grc' dir='ltr'><strong>προφητεύων,</strong></span> <span class='ocrx_word' id='word_1_178' title='bbox 3229 751 3398 816; x_wconf 84' lang='grc' dir='ltr'>οὕτως</span> <span class='ocrx_word' id='word_1_179' title='bbox 3427 755 3547 826; x_wconf 79' lang='grc' dir='ltr'>ἔφη·</span> <span class='ocrx_word' id='word_1_180' title='bbox 3579 752 3770 824; x_wconf 85' lang='grc' dir='ltr'>Οὗτος</span> 
     </span>
    </p>
   </div>
   <div class='ocr_carea' id='block_1_21' title="bbox 2203 841 3772 912">
    <p class='ocr_par' dir='ltr' id='par_1_21' title="bbox 2203 841 3772 912">
     <span class='ocr_line' id='line_1_21' title="bbox 2203 841 3772 912; baseline 0.005 -19"><span class='ocrx_word' id='word_1_181' title='bbox 2203 863 2219 893; x_wconf 79' lang='grc' dir='ltr'><em>ι</em></span> <span class='ocrx_word' id='word_1_182' title='bbox 2257 847 2287 895; x_wconf 82' lang='grc' dir='ltr'><strong><em>ό</em></strong></span> <span class='ocrx_word' id='word_1_183' title='bbox 2320 843 2464 908; x_wconf 84' lang='grc' dir='ltr'><strong>Θεὸς</strong></span> <span class='ocrx_word' id='word_1_184' title='bbox 2487 842 2675 910; x_wconf 58' lang='grc' dir='ltr'><strong>ἡμῶν</strong></span> <span class='ocrx_word' id='word_1_185' title='bbox 2704 844 2774 894; x_wconf 84' lang='grc' dir='ltr'>οὐ</span> <span class='ocrx_word' id='word_1_186' title='bbox 2801 841 3227 911; x_wconf 78' lang='grc' dir='ltr'><strong>λογισθήσεται</strong></span> <span class='ocrx_word' id='word_1_187' title='bbox 3264 842 3461 911; x_wconf 82' lang='grc' dir='ltr'>ἔτερος</span> <span class='ocrx_word' id='word_1_188' title='bbox 3493 845 3641 912; x_wconf 82' lang='grc' dir='ltr'>πρὸς</span> <span class='ocrx_word' id='word_1_189' title='bbox 3663 849 3772 901; x_wconf 86' lang='grc' dir='ltr'><strong>αὺ-</strong></span> 
     </span>
    </p>
   </div>
   <div class='ocr_carea' id='block_1_22' title="bbox 2203 931 3772 1002">
    <p class='ocr_par' dir='ltr' id='par_1_22' title="bbox 2203 931 3772 1002">
     <span class='ocr_line' id='line_1_22' title="bbox 2203 931 3772 1002; baseline 0.004 -18"><span class='ocrx_word' id='word_1_190' title='bbox 2203 955 2218 984; x_wconf 82' lang='grc'><strong><em>‹</em></strong></span> <span class='ocrx_word' id='word_1_191' title='bbox 2253 935 2374 986; x_wconf 73' lang='grc' dir='ltr'><strong>τόν.</strong></span> <span class='ocrx_word' id='word_1_192' title='bbox 2417 934 2648 1002; x_wconf 77' lang='grc' dir='ltr'>Ἐξε-ῦρε</span> <span class='ocrx_word' id='word_1_193' title='bbox 2664 931 2869 986; x_wconf 77' lang='grc' dir='ltr'>πᾶσαν</span> <span class='ocrx_word' id='word_1_194' title='bbox 2892 932 3036 986; x_wconf 76' lang='grc' dir='ltr'><em>ὁδὸν</em></span> <span class='ocrx_word' id='word_1_195' title='bbox 3056 932 3410 1002; x_wconf 78' lang='grc' dir='ltr'><strong>ἐπιστήμης,</strong></span> <span class='ocrx_word' id='word_1_196' title='bbox 3429 935 3524 990; x_wconf 81' lang='grc' dir='ltr'>καὶ</span> <span class='ocrx_word' id='word_1_197' title='bbox 3549 936 3772 990; x_wconf 71' lang='grc' dir='ltr'>ἔδωκεν</span> 
     </span>
    </p>
   </div>
   <div class='ocr_carea' id='block_1_23' title="bbox 2203 1023 3770 1094">
    <p class='ocr_par' dir='ltr' id='par_1_23' title="bbox 2203 1023 3770 1094">
     <span class='ocr_line' id='line_1_23' title="bbox 2203 1023 3770 1094; baseline 0.001 -18"><span class='ocrx_word' id='word_1_198' title='bbox 2203 1047 2219 1076; x_wconf 76' lang='grc' dir='ltr'><em>ι</em></span> <span class='ocrx_word' id='word_1_199' title='bbox 2265 1023 2461 1078; x_wconf 75' lang='grc' dir='ltr'>Ἰακὼϐ</span> <span class='ocrx_word' id='word_1_200' title='bbox 2481 1023 2561 1089; x_wconf 85' lang='grc' dir='ltr'>τῷ</span> <span class='ocrx_word' id='word_1_201' title='bbox 2586 1023 2745 1075; x_wconf 73' lang='grc' dir='ltr'>παιδὶ</span> <span class='ocrx_word' id='word_1_202' title='bbox 2785 1023 2991 1085; x_wconf 84' lang='grc' dir='ltr'>αὐτοῦ,</span> <span class='ocrx_word' id='word_1_203' title='bbox 3030 1023 3127 1076; x_wconf 77' lang='grc' dir='ltr'>καὶ</span> <span class='ocrx_word' id='word_1_204' title='bbox 3167 1023 3403 1091; x_wconf 75' lang='grc' dir='ltr'>Ἰσραὴλ</span> <span class='ocrx_word' id='word_1_205' title='bbox 3430 1023 3510 1090; x_wconf 82' lang='grc' dir='ltr'>τῷ</span> <span class='ocrx_word' id='word_1_206' title='bbox 3535 1025 3770 1094; x_wconf 75' lang='grc' dir='ltr'>ἠγαπη-</span> 
     </span>
    </p>
   </div>
   <div class='ocr_carea' id='block_1_24' title="bbox 2203 1114 3770 1186">
    <p class='ocr_par' dir='ltr' id='par_1_24' title="bbox 2203 1114 3770 1186">
     <span class='ocr_line' id='line_1_24' title="bbox 2203 1114 3770 1186; baseline 0.004 -21"><span class='ocrx_word' id='word_1_207' title='bbox 2203 1135 2220 1165; x_wconf 77' lang='grc' dir='ltr'><em>ι</em></span> <span class='ocrx_word' id='word_1_208' title='bbox 2240 1116 2402 1182; x_wconf 83' lang='grc' dir='ltr'>μένῳ</span> <span class='ocrx_word' id='word_1_209' title='bbox 2430 1116 2530 1170; x_wconf 77' lang='grc' dir='ltr'><strong>ὑπ’</strong></span> <span class='ocrx_word' id='word_1_210' title='bbox 2563 1115 2770 1168; x_wconf 70' lang='grc' dir='ltr'>αὐτοῦ.</span> <span class='ocrx_word' id='word_1_211' title='bbox 2808 1115 2965 1168; x_wconf 84' lang='grc' dir='ltr'><strong>Μετὰ</strong></span> <span class='ocrx_word' id='word_1_212' title='bbox 3000 1115 3183 1167; x_wconf 81' lang='grc' dir='ltr'>ταῦτα</span> <span class='ocrx_word' id='word_1_213' title='bbox 3239 1114 3348 1186; x_wconf 89' lang='grc'><strong>(88)</strong></span> <span class='ocrx_word' id='word_1_214' title='bbox 3383 1115 3479 1168; x_wconf 80' lang='grc' dir='ltr'><strong>ἐπὶ</strong></span> <span class='ocrx_word' id='word_1_215' title='bbox 3524 1115 3634 1186; x_wconf 83' lang='grc' dir='ltr'>τῆς</span> <span class='ocrx_word' id='word_1_216' title='bbox 3656 1118 3770 1186; x_wconf 76' lang='grc' dir='ltr'>γῆς</span> 
     </span>
    </p>
   </div>
   <div class='ocr_carea' id='block_1_25' title="bbox 2204 1201 3772 1272">
    <p class='ocr_par' dir='ltr' id='par_1_25' title="bbox 2204 1201 3772 1272">
     <span class='ocr_line' id='line_1_25' title="bbox 2204 1201 3772 1272; baseline 0.006 -21"><span class='ocrx_word' id='word_1_217' title='bbox 2204 1221 2220 1251; x_wconf 80' lang='grc' dir='ltr'><strong>ι</strong></span> <span class='ocrx_word' id='word_1_218' title='bbox 2251 1202 2435 1270; x_wconf 62' lang='grc' dir='ltr'>ὤφθη,</span> <span class='ocrx_word' id='word_1_219' title='bbox 2467 1203 2561 1255; x_wconf 77' lang='grc' dir='ltr'>καὶ</span> <span class='ocrx_word' id='word_1_220' title='bbox 2587 1201 2708 1266; x_wconf 85' lang='grc' dir='ltr'>τοῖς</span> <span class='ocrx_word' id='word_1_221' title='bbox 2732 1203 3059 1270; x_wconf 76' lang='grc' dir='ltr'>ἀνθρώποις</span> <span class='ocrx_word' id='word_1_222' title='bbox 3083 1203 3572 1272; x_wconf 70' lang='grc' dir='ltr'>συγανεστράςρη.</span> <span class='ocrx_word' id='word_1_223' title='bbox 3609 1225 3628 1258; x_wconf 72' lang='grc' dir='ltr'><strong>ι</strong></span> <span class='ocrx_word' id='word_1_224' title='bbox 3657 1207 3772 1261; x_wconf 78' lang='grc' dir='ltr'>Καὶ</span> 
     </span>
    </p>
   </div>
   <div class='ocr_carea' id='block_1_26' title="bbox 2198 1294 3767 1370">
    <p class='ocr_par' dir='ltr' id='par_1_26' title="bbox 2198 1294 3767 1370">
     <span class='ocr_line' id='line_1_26' title="bbox 2198 1294 3767 1370; baseline 0.004 -24"><span class='ocrx_word' id='word_1_225' title='bbox 2198 1295 2357 1347; x_wconf 80' lang='grc' dir='ltr'>πάλιν</span> <span class='ocrx_word' id='word_1_226' title='bbox 2385 1295 2697 1366; x_wconf 87' lang='grc' dir='ltr'>προστίθησι</span> <span class='ocrx_word' id='word_1_227' title='bbox 2731 1294 2921 1361; x_wconf 86' lang='grc' dir='ltr'>λέγων·</span> <span class='ocrx_word' id='word_1_228' title='bbox 2964 1313 2981 1345; x_wconf 79' lang='grc' dir='ltr'><strong>ι</strong></span> <span class='ocrx_word' id='word_1_229' title='bbox 3029 1295 3165 1347; x_wconf 86' lang='grc' dir='ltr'>Ἀλλ’</span> <span class='ocrx_word' id='word_1_230' title='bbox 3188 1294 3361 1348; x_wconf 77' lang='grc' dir='ltr'>ἔοικεν</span> <span class='ocrx_word' id='word_1_231' title='bbox 3396 1298 3454 1350; x_wconf 82' lang='grc' dir='ltr'>ὲν</span> <span class='ocrx_word' id='word_1_232' title='bbox 3492 1297 3570 1368; x_wconf 83' lang='grc' dir='ltr'>τῷ</span> <span class='ocrx_word' id='word_1_233' title='bbox 3608 1299 3767 1370; x_wconf 79' lang='grc' dir='ltr'><strong>Λόγῳ</strong></span> 
     </span>
    </p>
   </div>
   <div class='ocr_carea' id='block_1_27' title="bbox 2204 1380 3770 1458">
    <p class='ocr_par' dir='ltr' id='par_1_27' title="bbox 2204 1380 3770 1458">
     <span class='ocr_line' id='line_1_27' title="bbox 2204 1380 3770 1458; baseline 0.006 -23"><span class='ocrx_word' id='word_1_234' title='bbox 2204 1404 2224 1434; x_wconf 72' lang='grc' dir='ltr'><em>ι</em></span> <span class='ocrx_word' id='word_1_235' title='bbox 2262 1387 2290 1437; x_wconf 80' lang='grc' dir='ltr'><em>ὁ</em></span> <span class='ocrx_word' id='word_1_236' title='bbox 2324 1385 2511 1455; x_wconf 81' lang='grc' dir='ltr'>Πατὴρ</span> <span class='ocrx_word' id='word_1_237' title='bbox 2539 1380 2696 1447; x_wconf 80' lang='grc' dir='ltr'>εἶναι,</span> <span class='ocrx_word' id='word_1_238' title='bbox 2727 1385 2826 1437; x_wconf 71' lang='grc' dir='ltr'><strong>κᾶν</strong></span> <span class='ocrx_word' id='word_1_239' title='bbox 2871 1385 3128 1456; x_wconf 80' lang='grc' dir='ltr'>Ἀστερίῳ</span> <span class='ocrx_word' id='word_1_240' title='bbox 3159 1387 3232 1456; x_wconf 84' lang='grc' dir='ltr'>μὴ</span> <span class='ocrx_word' id='word_1_241' title='bbox 3265 1386 3417 1458; x_wconf 82' lang='grc' dir='ltr'><strong>δοκῇ,</strong></span> <span class='ocrx_word' id='word_1_242' title='bbox 3449 1389 3676 1454; x_wconf 75' lang='grc' dir='ltr'>καὶτοῖς</span> <span class='ocrx_word' id='word_1_243' title='bbox 3697 1391 3770 1444; x_wconf 87' lang='grc' dir='ltr'><strong>τά</strong></span> 
     </span>
    </p>
   </div>
   <div class='ocr_carea' id='block_1_28' title="bbox 2205 1473 3771 1547">
    <p class='ocr_par' dir='ltr' id='par_1_28' title="bbox 2205 1473 3771 1547">
     <span class='ocr_line' id='line_1_28' title="bbox 2205 1473 3771 1547; baseline 0.007 -25"><span class='ocrx_word' id='word_1_244' title='bbox 2205 1496 2219 1522; x_wconf 80' lang='grc' dir='ltr'>ι</span> <span class='ocrx_word' id='word_1_245' title='bbox 2255 1475 2390 1527; x_wconf 72' lang='grc' dir='ltr'>αὐτὰ</span> <span class='ocrx_word' id='word_1_246' title='bbox 2414 1475 2608 1543; x_wconf 82' lang='grc' dir='ltr'>ἐκείνῳ</span> <span class='ocrx_word' id='word_1_247' title='bbox 2639 1473 2910 1542; x_wconf 81' lang='grc' dir='ltr'>φρονοῦσι.</span> <span class='ocrx_word' id='word_1_248' title='bbox 2948 1476 3104 1529; x_wconf 80' lang='grc' dir='ltr'>Δοκεῖ</span> <span class='ocrx_word' id='word_1_249' title='bbox 3129 1475 3240 1544; x_wconf 84' lang='grc' dir='ltr'><strong>γὰρ</strong></span> <span class='ocrx_word' id='word_1_250' title='bbox 3270 1475 3426 1529; x_wconf 83' lang='grc' dir='ltr'>τοῦτο</span> <span class='ocrx_word' id='word_1_251' title='bbox 3467 1477 3544 1547; x_wconf 84' lang='grc' dir='ltr'><strong>τῷ</strong></span> <span class='ocrx_word' id='word_1_252' title='bbox 3573 1479 3771 1532; x_wconf 81' lang='grc' dir='ltr'>θεσπε-</span> 
     </span>
    </p>
   </div>
   <div class='ocr_carea' id='block_1_29' title="bbox 2203 1563 3774 1640">
    <p class='ocr_par' dir='ltr' id='par_1_29' title="bbox 2203 1563 3774 1640">
     <span class='ocr_line' id='line_1_29' title="bbox 2203 1563 3774 1640; baseline 0.006 -26"><span class='ocrx_word' id='word_1_253' title='bbox 2203 1584 2219 1613; x_wconf 78' lang='grc' dir='ltr'><strong>ι</strong></span> <span class='ocrx_word' id='word_1_254' title='bbox 2259 1564 2356 1633; x_wconf 81' lang='grc' dir='ltr'>σίῳ</span> <span class='ocrx_word' id='word_1_255' title='bbox 2385 1565 2636 1636; x_wconf 75' lang='grc' dir='ltr'>προφήτῃ</span> <span class='ocrx_word' id='word_1_256' title='bbox 2663 1564 2878 1634; x_wconf 70' lang='grc' dir='ltr'>Ἡσαΐᾳ,</span> <span class='ocrx_word' id='word_1_257' title='bbox 2904 1563 2981 1634; x_wconf 81' lang='grc' dir='ltr'>τῷ</span> <span class='ocrx_word' id='word_1_258' title='bbox 3000 1565 3065 1618; x_wconf 87' lang='grc' dir='ltr'>δι’</span> <span class='ocrx_word' id='word_1_259' title='bbox 3101 1566 3253 1633; x_wconf 81' lang='grc' dir='ltr'>ἁγίου</span> <span class='ocrx_word' id='word_1_260' title='bbox 3281 1567 3486 1634; x_wconf 80' lang='grc' dir='ltr'>λέγοντι</span> <span class='ocrx_word' id='word_1_261' title='bbox 3518 1569 3774 1640; x_wconf 85' lang='grc' dir='ltr'>Πνεύμα-</span> 
     </span>
    </p>
   </div>
   <div class='ocr_carea' id='block_1_30' title="bbox 2202 1655 3768 1726">
    <p class='ocr_par' dir='ltr' id='par_1_30' title="bbox 2202 1655 3768 1726">
     <span class='ocr_line' id='line_1_30' title="bbox 2202 1655 3768 1726; baseline 0.006 -22"><span class='ocrx_word' id='word_1_262' title='bbox 2202 1675 2217 1704; x_wconf 82' lang='grc' dir='ltr'>ι</span> <span class='ocrx_word' id='word_1_263' title='bbox 2259 1671 2367 1718; x_wconf 82' lang='grc' dir='ltr'>τος,</span> <span class='ocrx_word' id='word_1_264' title='bbox 2419 1655 2529 1708; x_wconf 79' lang='grc' dir='ltr'><strong>Καὶ</strong></span> <span class='ocrx_word' id='word_1_265' title='bbox 2561 1655 3061 1722; x_wconf 74' lang='grc' dir='ltr'>προσκυνήσουσί</span> <span class='ocrx_word' id='word_1_266' title='bbox 3107 1656 3214 1726; x_wconf 89' lang='grc'>(89)</span> <span class='ocrx_word' id='word_1_267' title='bbox 3261 1675 3380 1724; x_wconf 89' lang='grc' dir='ltr'>σοι,</span> <span class='ocrx_word' id='word_1_268' title='bbox 3416 1659 3512 1712; x_wconf 80' lang='grc' dir='ltr'>καὶ</span> <span class='ocrx_word' id='word_1_269' title='bbox 3561 1660 3632 1713; x_wconf 81' lang='grc' dir='ltr'><strong>ἐν</strong></span> <span class='ocrx_word' id='word_1_270' title='bbox 3660 1662 3768 1714; x_wconf 72' lang='grc' dir='ltr'>σοι</span> 
     </span>
    </p>
   </div>
   <div class='ocr_carea' id='block_1_31' title="bbox 2202 1746 3776 1814">
    <p class='ocr_par' dir='ltr' id='par_1_31' title="bbox 2202 1746 3776 1814">
     <span class='ocr_line' id='line_1_31' title="bbox 2202 1746 3776 1814; baseline 0.006 -18"><span class='ocrx_word' id='word_1_271' title='bbox 2202 1765 2222 1796; x_wconf 75' lang='grc' dir='ltr'><em>ι</em></span> <span class='ocrx_word' id='word_1_272' title='bbox 2255 1746 2709 1814; x_wconf 74' lang='grc' dir='ltr'>προσεύξονται,</span> <span class='ocrx_word' id='word_1_273' title='bbox 2750 1746 2839 1799; x_wconf 87' lang='grc' dir='ltr'>ὅτι</span> <span class='ocrx_word' id='word_1_274' title='bbox 2868 1747 2936 1799; x_wconf 81' lang='grc' dir='ltr'><strong>ἐν</strong></span> <span class='ocrx_word' id='word_1_275' title='bbox 2963 1747 3061 1800; x_wconf 79' lang='grc' dir='ltr'><strong>σοὶ</strong></span> <span class='ocrx_word' id='word_1_276' title='bbox 3093 1751 3124 1800; x_wconf 84' lang='grc' dir='ltr'>ό</span> <span class='ocrx_word' id='word_1_277' title='bbox 3166 1749 3310 1813; x_wconf 79' lang='grc' dir='ltr'>Θεός</span> <span class='ocrx_word' id='word_1_278' title='bbox 3351 1749 3502 1812; x_wconf 83' lang='grc' dir='ltr'>ἐστι,</span> <span class='ocrx_word' id='word_1_279' title='bbox 3525 1751 3621 1802; x_wconf 77' lang='grc' dir='ltr'>καὶ</span> <span class='ocrx_word' id='word_1_280' title='bbox 3653 1753 3776 1806; x_wconf 79' lang='grc' dir='ltr'>οὐκ</span> 
     </span>
    </p>
   </div>
   <div class='ocr_carea' id='block_1_32' title="bbox 2202 1837 3764 1912">
    <p class='ocr_par' dir='ltr' id='par_1_32' title="bbox 2202 1837 3764 1912">
     <span class='ocr_line' id='line_1_32' title="bbox 2202 1837 3764 1912; baseline 0.003 -22"><span class='ocrx_word' id='word_1_281' title='bbox 2202 1857 2219 1884; x_wconf 74' lang='grc' dir='ltr'><em>ι</em></span> <span class='ocrx_word' id='word_1_282' title='bbox 2252 1837 2422 1891; x_wconf 80' lang='grc' dir='ltr'>ἐστιν</span> <span class='ocrx_word' id='word_1_283' title='bbox 2442 1837 2630 1904; x_wconf 75' lang='grc' dir='ltr'>ἄλλος</span> <span class='ocrx_word' id='word_1_284' title='bbox 2644 1837 2810 1906; x_wconf 79' lang='grc' dir='ltr'><strong>πλὴν</strong></span> <span class='ocrx_word' id='word_1_285' title='bbox 2836 1837 2972 1892; x_wconf 89' lang='grc' dir='ltr'>σοῦ.</span> <span class='ocrx_word' id='word_1_286' title='bbox 3007 1838 3090 1892; x_wconf 89' lang='grc' dir='ltr'><strong>Σὺ</strong></span> <span class='ocrx_word' id='word_1_287' title='bbox 3118 1840 3226 1908; x_wconf 76' lang='grc' dir='ltr'>γὰρ</span> <span class='ocrx_word' id='word_1_288' title='bbox 3246 1837 3306 1893; x_wconf 81' lang='grc' dir='ltr'>εἴ</span> <span class='ocrx_word' id='word_1_289' title='bbox 3330 1843 3363 1894; x_wconf 85' lang='grc' dir='ltr'><strong><em>ό</em></strong></span> <span class='ocrx_word' id='word_1_290' title='bbox 3397 1843 3541 1908; x_wconf 84' lang='grc' dir='ltr'>Θεός</span> <span class='ocrx_word' id='word_1_291' title='bbox 3574 1842 3704 1912; x_wconf 86' lang='grc'>(90).</span> <span class='ocrx_word' id='word_1_292' title='bbox 3741 1863 3764 1895; x_wconf 73' lang='grc' dir='ltr'><strong>ε</strong></span> 
     </span>
    </p>
   </div>
   <div class='ocr_carea' id='block_1_33' title="bbox 535 1927 2095 2004">
    <p class='ocr_par' dir='ltr' id='par_1_33' title="bbox 535 1928 2084 1994">
     <span class='ocr_line' id='line_1_33' title="bbox 535 1928 2084 1994; baseline 0.003 -14"><span class='ocrx_word' id='word_1_293' title='bbox 535 1943 649 1980; x_wconf 82' lang='lat' dir='ltr'><strong>sam</strong></span> <span class='ocrx_word' id='word_1_294' title='bbox 686 1929 1005 1994; x_wconf 84' lang='lat' dir='ltr'><strong>pravitatem</strong></span> <span class='ocrx_word' id='word_1_295' title='bbox 1035 1928 1208 1984; x_wconf 88' lang='lat' dir='ltr'><strong>aliena</strong></span> <span class='ocrx_word' id='word_1_296' title='bbox 1235 1932 1536 1985; x_wconf 88' lang='lat' dir='ltr'><strong>docentium</strong></span> <span class='ocrx_word' id='word_1_297' title='bbox 1559 1931 1582 1984; x_wconf 89' lang='lat'><strong>?</strong></span> <span class='ocrx_word' id='word_1_298' title='bbox 1607 1930 1674 1984; x_wconf 84' lang='lat' dir='ltr'><strong>Et</strong></span> <span class='ocrx_word' id='word_1_299' title='bbox 1697 1931 1959 1986; x_wconf 81' lang='lat' dir='ltr'><strong>subinfert</strong></span> <span class='ocrx_word' id='word_1_300' title='bbox 1985 1933 2084 1984; x_wconf 88' lang='lat' dir='ltr'><strong>ite-</strong></span> 
     </span>
    </p>
   </div>
   <div class='ocr_carea' id='block_1_34' title="bbox 2203 1927 3767 2004">
    <p class='ocr_par' dir='ltr' id='par_1_34' title="bbox 2203 1927 3767 2004">
     <span class='ocr_line' id='line_1_34' title="bbox 2203 1927 3767 2004; baseline 0.004 -24"><span class='ocrx_word' id='word_1_301' title='bbox 2203 1927 2359 1998; x_wconf 82' lang='grc' dir='ltr'>Ὀρᾷς</span> <span class='ocrx_word' id='word_1_302' title='bbox 2387 1929 2534 1992; x_wconf 82' lang='grc' dir='ltr'>ὅπως</span> <span class='ocrx_word' id='word_1_303' title='bbox 2583 1929 2871 2000; x_wconf 76' lang='grc' dir='ltr'>πρόρριζον</span> <span class='ocrx_word' id='word_1_304' title='bbox 2915 1929 3202 2000; x_wconf 82' lang='grc' dir='ltr'><strong>ἀνατρέπει</strong></span> <span class='ocrx_word' id='word_1_305' title='bbox 3254 1932 3351 2001; x_wconf 80' lang='grc' dir='ltr'>τὴν</span> <span class='ocrx_word' id='word_1_306' title='bbox 3399 1931 3508 1985; x_wconf 83' lang='grc' dir='ltr'>τῶν</span> <span class='ocrx_word' id='word_1_307' title='bbox 3534 1933 3767 2004; x_wconf 83' lang='grc' dir='ltr'>ἑτεροδι-</span> 
     </span>
    </p>
   </div>
   <div class='ocr_carea' id='block_1_35' title="bbox 499 2017 2095 2092">
    <p class='ocr_par' dir='ltr' id='par_1_35' title="bbox 499 2017 2091 2092">
     <span class='ocr_line' id='line_1_35' title="bbox 499 2017 2091 2092; baseline 0.004 -20"><span class='ocrx_word' id='word_1_308' title='bbox 499 2055 502 2058; x_wconf 63' lang='lat'><strong><em>~</em></strong></span> <span class='ocrx_word' id='word_1_309' title='bbox 534 2032 651 2072; x_wconf 86' lang='lat' dir='ltr'><strong>rum</strong></span> <span class='ocrx_word' id='word_1_310' title='bbox 682 2017 772 2090; x_wconf 74' lang='lat' dir='ltr'><strong>[IL</strong></span> <span class='ocrx_word' id='word_1_311' title='bbox 804 2020 1012 2092; x_wconf 79' lang='lat' dir='ltr'><strong>LXVII]</strong></span> <span class='ocrx_word' id='word_1_312' title='bbox 1044 2040 1058 2076; x_wconf 90' lang='lat'><strong>:</strong></span> <span class='ocrx_word' id='word_1_313' title='bbox 1097 2041 1117 2073; x_wconf 77' lang='grc' dir='ltr'>σ</span> <span class='ocrx_word' id='word_1_314' title='bbox 1168 2023 1320 2088; x_wconf 83' lang='lat' dir='ltr'><strong>Quod</strong></span> <span class='ocrx_word' id='word_1_315' title='bbox 1358 2023 1404 2078; x_wconf 88' lang='lat' dir='ltr'><strong>si</strong></span> <span class='ocrx_word' id='word_1_316' title='bbox 1443 2022 1608 2087; x_wconf 91' lang='lat' dir='ltr'><strong>lubet,</strong></span> <span class='ocrx_word' id='word_1_317' title='bbox 1657 2034 1712 2078; x_wconf 85' lang='lat' dir='ltr'><strong>et</strong></span> <span class='ocrx_word' id='word_1_318' title='bbox 1743 2023 1917 2077; x_wconf 87' lang='lat' dir='ltr'><strong>adhuc</strong></span> <span class='ocrx_word' id='word_1_319' title='bbox 1957 2023 2091 2078; x_wconf 81' lang='lat' dir='ltr'><strong>alias</strong></span> 
     </span>
    </p>
   </div>
   <div class='ocr_carea' id='block_1_36' title="bbox 2203 2017 3768 2092">
    <p class='ocr_par' dir='ltr' id='par_1_36' title="bbox 2203 2018 3768 2092">
     <span class='ocr_line' id='line_1_36' title="bbox 2203 2018 3768 2092; baseline 0.004 -22"><span class='ocrx_word' id='word_1_320' title='bbox 2203 2018 2596 2074; x_wconf 76' lang='grc' dir='ltr'>Ξασκαλούντων</span> <span class='ocrx_word' id='word_1_321' title='bbox 2615 2020 2852 2090; x_wconf 73' lang='grc' dir='ltr'>ἔντεχνον</span> <span class='ocrx_word' id='word_1_322' title='bbox 2889 2021 3247 2092; x_wconf 88' lang='grc' dir='ltr'>κακουργίαν;</span> <span class='ocrx_word' id='word_1_323' title='bbox 3300 2023 3409 2075; x_wconf 79' lang='grc' dir='ltr'>Καὶ</span> <span class='ocrx_word' id='word_1_324' title='bbox 3462 2018 3617 2086; x_wconf 79' lang='grc' dir='ltr'>αὖθις</span> <span class='ocrx_word' id='word_1_325' title='bbox 3644 2026 3768 2076; x_wconf 83' lang='grc' dir='ltr'>ὲπι-</span> 
     </span>
    </p>
   </div>
   <div class='ocr_carea' id='block_1_37' title="bbox 540 2107 2095 2182">
    <p class='ocr_par' dir='ltr' id='par_1_37' title="bbox 540 2107 2092 2182">
     <span class='ocr_line' id='line_1_37' title="bbox 540 2107 2092 2182; baseline 0.006 -24"><span class='ocrx_word' id='word_1_326' title='bbox 540 2125 560 2158; x_wconf 76' lang='grc' dir='ltr'><strong>ι</strong></span> <span class='ocrx_word' id='word_1_327' title='bbox 600 2107 837 2178; x_wconf 85' lang='lat' dir='ltr'><strong>ejusdem</strong></span> <span class='ocrx_word' id='word_1_328' title='bbox 886 2111 1075 2166; x_wconf 87' lang='lat' dir='ltr'><strong>audire</strong></span> <span class='ocrx_word' id='word_1_329' title='bbox 1122 2113 1454 2181; x_wconf 84' lang='lat' dir='ltr'><strong>prophetias,</strong></span> <span class='ocrx_word' id='word_1_330' title='bbox 1489 2115 1684 2182; x_wconf 86' lang='lat' dir='ltr'><strong>quibus</strong></span> <span class='ocrx_word' id='word_1_331' title='bbox 1725 2130 1887 2166; x_wconf 89' lang='lat' dir='ltr'><strong>unum</strong></span> <span class='ocrx_word' id='word_1_332' title='bbox 1939 2114 2092 2168; x_wconf 89' lang='lat' dir='ltr'><strong>nobis</strong></span> 
     </span>
    </p>
   </div>
   <div class='ocr_carea' id='block_1_38' title="bbox 2203 2107 3768 2182">
    <p class='ocr_par' dir='ltr' id='par_1_38' title="bbox 2203 2109 3768 2182">
     <span class='ocr_line' id='line_1_38' title="bbox 2203 2109 3768 2182; baseline 0.005 -23"><span class='ocrx_word' id='word_1_333' title='bbox 2203 2109 2360 2178; x_wconf 66' lang='grc' dir='ltr'>λέγει’</span> <span class='ocrx_word' id='word_1_334' title='bbox 2400 2128 2420 2159; x_wconf 78' lang='grc' dir='ltr'><em>ι</em></span> <span class='ocrx_word' id='word_1_335' title='bbox 2458 2111 2520 2162; x_wconf 81' lang='lat' dir='ltr'><strong>El</strong></span> <span class='ocrx_word' id='word_1_336' title='bbox 2575 2110 2631 2162; x_wconf 85' lang='grc' dir='ltr'>δὲ</span> <span class='ocrx_word' id='word_1_337' title='bbox 2660 2111 2777 2163; x_wconf 84' lang='grc' dir='ltr'>’καὶ</span> <span class='ocrx_word' id='word_1_338' title='bbox 2819 2111 2994 2181; x_wconf 77' lang='grc' dir='ltr'>βούλει</span> <span class='ocrx_word' id='word_1_339' title='bbox 3039 2112 3132 2164; x_wconf 71' lang='grc' dir='ltr'>καὶ</span> <span class='ocrx_word' id='word_1_340' title='bbox 3179 2112 3367 2182; x_wconf 78' lang='grc' dir='ltr'>ἑτέρας</span> <span class='ocrx_word' id='word_1_341' title='bbox 3416 2113 3644 2167; x_wconf 82' lang='grc' dir='ltr'>ἀκοῦσαι</span> <span class='ocrx_word' id='word_1_342' title='bbox 3671 2112 3768 2167; x_wconf 78' lang='grc' dir='ltr'><strong>τοῦ</strong></span> 
     </span>
    </p>
   </div>
   <div class='ocr_carea' id='block_1_39' title="bbox 540 2198 2090 2274">
    <p class='ocr_par' dir='ltr' id='par_1_39' title="bbox 540 2198 2090 2274">
     <span class='ocr_line' id='line_1_39' title="bbox 540 2198 2090 2274; baseline 0.008 -28"><span class='ocrx_word' id='word_1_343' title='bbox 540 2217 557 2246; x_wconf 75' lang='grc' dir='ltr'><strong>ε</strong></span> <span class='ocrx_word' id='word_1_344' title='bbox 596 2198 876 2253; x_wconf 70' lang='lat' dir='ltr'><strong>conﬁrmat</strong></span> <span class='ocrx_word' id='word_1_345' title='bbox 899 2199 1088 2265; x_wconf 86' lang='lat' dir='ltr'><strong>Deum,</strong></span> <span class='ocrx_word' id='word_1_346' title='bbox 1129 2199 1266 2270; x_wconf 84' lang='lat' dir='ltr'><strong>Ego,</strong></span> <span class='ocrx_word' id='word_1_347' title='bbox 1296 2203 1488 2271; x_wconf 85' lang='lat' dir='ltr'><strong>inquit,</strong></span> <span class='ocrx_word' id='word_1_348' title='bbox 1525 2204 1662 2258; x_wconf 84' lang='lat' dir='ltr'><strong>Deus</strong></span> <span class='ocrx_word' id='word_1_349' title='bbox 1706 2206 1926 2274; x_wconf 81' lang='lat' dir='ltr'><strong>primus,</strong></span> <span class='ocrx_word' id='word_1_350' title='bbox 1959 2216 2004 2258; x_wconf 89' lang='lat' dir='ltr'><strong>et</strong></span> <span class='ocrx_word' id='word_1_351' title='bbox 2041 2207 2090 2258; x_wconf 87' lang='lat' dir='ltr'><strong>in</strong></span> 
     </span>
    </p>
   </div>
   <div class='ocr_carea' id='block_1_40' title="bbox 540 2288 2090 2364">
    <p class='ocr_par' dir='ltr' id='par_1_40' title="bbox 540 2288 2090 2364">
     <span class='ocr_line' id='line_1_40' title="bbox 540 2288 2090 2364; baseline 0.007 -26"><span class='ocrx_word' id='word_1_352' title='bbox 540 2307 558 2336; x_wconf 87' lang='grc'><strong>‹</strong></span> <span class='ocrx_word' id='word_1_353' title='bbox 601 2288 779 2356; x_wconf 78' lang='lat' dir='ltr'><strong>futura</strong></span> <span class='ocrx_word' id='word_1_354' title='bbox 813 2306 905 2360; x_wconf 79' lang='lat' dir='ltr'><strong>ego</strong></span> <span class='ocrx_word' id='word_1_355' title='bbox 935 2306 1050 2344; x_wconf 77' lang='lat' dir='ltr'><strong>sum</strong></span> <span class='ocrx_word' id='word_1_356' title='bbox 1077 2291 1141 2344; x_wconf 78' lang='lat'><strong>&quot;.</strong></span> <span class='ocrx_word' id='word_1_357' title='bbox 1191 2292 1340 2357; x_wconf 91' lang='lat' dir='ltr'><strong>Illud,</strong></span> <span class='ocrx_word' id='word_1_358' title='bbox 1372 2292 1506 2363; x_wconf 86' lang='lat' dir='ltr'><strong>Ego,</strong></span> <span class='ocrx_word' id='word_1_359' title='bbox 1540 2309 1697 2348; x_wconf 85' lang='lat' dir='ltr'><strong>unam</strong></span> <span class='ocrx_word' id='word_1_360' title='bbox 1725 2295 1874 2348; x_wconf 87' lang='lat' dir='ltr'><strong>nobis</strong></span> <span class='ocrx_word' id='word_1_361' title='bbox 1905 2309 2090 2364; x_wconf 85' lang='lat' dir='ltr'><strong>perso-</strong></span> 
     </span>
    </p>
   </div>
   <div class='ocr_carea' id='block_1_41' title="bbox 540 2379 2090 2440">
    <p class='ocr_par' dir='ltr' id='par_1_41' title="bbox 540 2379 2090 2440">
     <span class='ocr_line' id='line_1_41' title="bbox 540 2379 2090 2440; baseline 0.008 -13"><span class='ocrx_word' id='word_1_362' title='bbox 540 2397 560 2427; x_wconf 80' lang='grc' dir='ltr'>ι</span> <span class='ocrx_word' id='word_1_363' title='bbox 602 2393 722 2432; x_wconf 86' lang='lat' dir='ltr'><strong>nam</strong></span> <span class='ocrx_word' id='word_1_364' title='bbox 751 2379 1009 2438; x_wconf 86' lang='lat' dir='ltr'><strong>declarat.</strong></span> <span class='ocrx_word' id='word_1_365' title='bbox 1057 2382 1182 2436; x_wconf 77' lang='lat' dir='ltr'><strong>Duae</strong></span> <span class='ocrx_word' id='word_1_366' title='bbox 1223 2383 1424 2437; x_wconf 90' lang='lat' dir='ltr'><strong>etenim</strong></span> <span class='ocrx_word' id='word_1_367' title='bbox 1461 2384 1723 2440; x_wconf 87' lang='lat' dir='ltr'><strong>dictiones</strong></span> <span class='ocrx_word' id='word_1_368' title='bbox 1750 2385 1956 2439; x_wconf 86' lang='lat' dir='ltr'><strong>unicam</strong></span> <span class='ocrx_word' id='word_1_369' title='bbox 1992 2401 2090 2439; x_wconf 82' lang='lat' dir='ltr'><strong>no-</strong></span> 
     </span>
    </p>
   </div>
   <div class='ocr_carea' id='block_1_42' title="bbox 539 2474 2088 2549">
    <p class='ocr_par' dir='ltr' id='par_1_42' title="bbox 539 2474 2088 2549">
     <span class='ocr_line' id='line_1_42' title="bbox 539 2474 2088 2549; baseline 0.006 -26"><span class='ocrx_word' id='word_1_370' title='bbox 539 2492 559 2523; x_wconf 72' lang='grc' dir='ltr'><em>ι</em></span> <span class='ocrx_word' id='word_1_371' title='bbox 597 2474 678 2530; x_wconf 88' lang='lat' dir='ltr'><strong>his</strong></span> <span class='ocrx_word' id='word_1_372' title='bbox 708 2475 992 2545; x_wconf 75' lang='lat' dir='ltr'><strong>designant</strong></span> <span class='ocrx_word' id='word_1_373' title='bbox 1035 2492 1340 2546; x_wconf 84' lang='lat' dir='ltr'><strong>personam.</strong></span> <span class='ocrx_word' id='word_1_374' title='bbox 1382 2478 1514 2533; x_wconf 75' lang='lat' dir='ltr'><strong>Nam</strong></span> <span class='ocrx_word' id='word_1_375' title='bbox 1560 2494 1679 2532; x_wconf 90' lang='lat' dir='ltr'><strong>cum</strong></span> <span class='ocrx_word' id='word_1_376' title='bbox 1714 2479 1920 2533; x_wconf 80' lang='lat' dir='ltr'><strong>dixerat</strong></span> <span class='ocrx_word' id='word_1_377' title='bbox 1955 2479 2088 2549; x_wconf 82' lang='lat' dir='ltr'><strong>Ego,</strong></span> 
     </span>
    </p>
   </div>
   <div class='ocr_carea' id='block_1_43' title="bbox 539 2562 2088 2640">
    <p class='ocr_par' dir='ltr' id='par_1_43' title="bbox 539 2562 2088 2640">
     <span class='ocr_line' id='line_1_43' title="bbox 539 2562 2088 2640; baseline 0.007 -26"><span class='ocrx_word' id='word_1_378' title='bbox 539 2581 558 2614; x_wconf 82' lang='grc' dir='ltr'><strong>ι</strong></span> <span class='ocrx_word' id='word_1_379' title='bbox 596 2562 756 2618; x_wconf 78' lang='lat' dir='ltr'><strong>infert</strong></span> <span class='ocrx_word' id='word_1_380' title='bbox 776 2575 832 2620; x_wconf 91' lang='lat' dir='ltr'><strong>et</strong></span> <span class='ocrx_word' id='word_1_381' title='bbox 856 2582 1003 2631; x_wconf 67' lang='lat' dir='ltr'><strong>sum,</strong></span> <span class='ocrx_word' id='word_1_382' title='bbox 1021 2578 1078 2620; x_wconf 92' lang='lat' dir='ltr'><strong>ut</strong></span> <span class='ocrx_word' id='word_1_383' title='bbox 1107 2568 1179 2621; x_wconf 83' lang='lat' dir='ltr'><strong>ita</strong></span> <span class='ocrx_word' id='word_1_384' title='bbox 1208 2583 1304 2636; x_wconf 92' lang='lat' dir='ltr'><strong>per</strong></span> <span class='ocrx_word' id='word_1_385' title='bbox 1333 2569 1432 2623; x_wconf 83' lang='lat' dir='ltr'><strong>has</strong></span> <span class='ocrx_word' id='word_1_386' title='bbox 1452 2569 1584 2623; x_wconf 88' lang='lat' dir='ltr'><strong>duas</strong></span> <span class='ocrx_word' id='word_1_387' title='bbox 1610 2569 1867 2624; x_wconf 87' lang='lat' dir='ltr'><strong>orationis</strong></span> <span class='ocrx_word' id='word_1_388' title='bbox 1889 2582 2088 2640; x_wconf 89' lang='lat' dir='ltr'><strong>partes,</strong></span> 
     </span>
    </p>
   </div>
   <div class='ocr_carea' id='block_1_44' title="bbox 539 2661 2091 2727">
    <p class='ocr_par' dir='ltr' id='par_1_44' title="bbox 539 2661 2091 2727">
     <span class='ocr_line' id='line_1_44' title="bbox 539 2661 2091 2727; baseline 0.006 -19"><span class='ocrx_word' id='word_1_389' title='bbox 539 2677 557 2708; x_wconf 75' lang='grc' dir='ltr'><strong>ι</strong></span> <span class='ocrx_word' id='word_1_390' title='bbox 603 2672 892 2726; x_wconf 80' lang='lat' dir='ltr'><strong>pronomen</strong></span> <span class='ocrx_word' id='word_1_391' title='bbox 918 2667 1078 2727; x_wconf 74' lang='lat' dir='ltr'><strong>atque</strong></span> <span class='ocrx_word' id='word_1_392' title='bbox 1114 2661 1354 2725; x_wconf 80' lang='lat' dir='ltr'><strong>verbum,</strong></span> <span class='ocrx_word' id='word_1_393' title='bbox 1389 2661 1644 2715; x_wconf 86' lang='lat' dir='ltr'><strong>unitatem</strong></span> <span class='ocrx_word' id='word_1_394' title='bbox 1679 2662 1893 2716; x_wconf 83' lang='lat' dir='ltr'><strong>deitatis</strong></span> <span class='ocrx_word' id='word_1_395' title='bbox 1921 2673 2091 2718; x_wconf 88' lang='lat' dir='ltr'><strong>testa-</strong></span> 
     </span>
    </p>
   </div>
   <div class='ocr_carea' id='block_1_45' title="bbox 541 2747 2088 2822">
    <p class='ocr_par' dir='ltr' id='par_1_45' title="bbox 541 2747 2088 2822">
     <span class='ocr_line' id='line_1_45' title="bbox 541 2747 2088 2822; baseline 0.006 -25"><span class='ocrx_word' id='word_1_396' title='bbox 541 2766 572 2807; x_wconf 78' lang='grc' dir='ltr'><strong>ι,</strong></span> <span class='ocrx_word' id='word_1_397' title='bbox 601 2758 708 2802; x_wconf 90' lang='lat' dir='ltr'><strong>tam</strong></span> <span class='ocrx_word' id='word_1_398' title='bbox 743 2748 948 2803; x_wconf 86' lang='lat' dir='ltr'><strong>reddat.</strong></span> <span class='ocrx_word' id='word_1_399' title='bbox 983 2747 1134 2815; x_wconf 87' lang='lat' dir='ltr'><strong>Quod</strong></span> <span class='ocrx_word' id='word_1_400' title='bbox 1158 2750 1201 2804; x_wconf 90' lang='lat' dir='ltr'><strong>si</strong></span> <span class='ocrx_word' id='word_1_401' title='bbox 1231 2751 1336 2804; x_wconf 86' lang='lat' dir='ltr'><strong>alia</strong></span> <span class='ocrx_word' id='word_1_402' title='bbox 1377 2751 1553 2806; x_wconf 90' lang='lat' dir='ltr'><strong>adhuc</strong></span> <span class='ocrx_word' id='word_1_403' title='bbox 1585 2751 1714 2805; x_wconf 86' lang='lat' dir='ltr'><strong>velit</strong></span> <span class='ocrx_word' id='word_1_404' title='bbox 1748 2752 2048 2808; x_wconf 70' lang='lat' dir='ltr'><strong>testimonia</strong></span> <span class='ocrx_word' id='word_1_405' title='bbox 2072 2795 2088 2822; x_wconf 90' lang='lat'><strong>,</strong></span> 
     </span>
    </p>
   </div>
   <div class='ocr_carea' id='block_1_46' title="bbox 539 2835 2091 2908">
    <p class='ocr_par' dir='ltr' id='par_1_46' title="bbox 539 2835 2091 2908">
     <span class='ocr_line' id='line_1_46' title="bbox 539 2835 2091 2908; baseline 0.009 -23"><span class='ocrx_word' id='word_1_406' title='bbox 539 2855 557 2885; x_wconf 72' lang='grc' dir='ltr'>ι</span> <span class='ocrx_word' id='word_1_407' title='bbox 600 2835 845 2890; x_wconf 80' lang='lat' dir='ltr'><strong>eumdem</strong></span> <span class='ocrx_word' id='word_1_408' title='bbox 884 2839 1198 2906; x_wconf 83' lang='lat' dir='ltr'><strong>prophetam</strong></span> <span class='ocrx_word' id='word_1_409' title='bbox 1260 2839 1360 2908; x_wconf 90' lang='lat' dir='ltr'><strong>ipsi</strong></span> <span class='ocrx_word' id='word_1_410' title='bbox 1411 2839 1550 2894; x_wconf 87' lang='lat' dir='ltr'><strong>idem</strong></span> <span class='ocrx_word' id='word_1_411' title='bbox 1589 2841 1965 2897; x_wconf 84' lang='lat' dir='ltr'><strong>testiﬁcantem</strong></span> <span class='ocrx_word' id='word_1_412' title='bbox 2000 2846 2091 2899; x_wconf 85' lang='lat' dir='ltr'><strong>ad-</strong></span> 
     </span>
    </p>
   </div>
   <div class='ocr_carea' id='block_1_47' title="bbox 540 2929 2093 3002">
    <p class='ocr_par' dir='ltr' id='par_1_47' title="bbox 540 2929 2093 3002">
     <span class='ocr_line' id='line_1_47' title="bbox 540 2929 2093 3002; baseline 0.008 -25"><span class='ocrx_word' id='word_1_413' title='bbox 540 2946 559 2977; x_wconf 73' lang='grc' dir='ltr'><strong>ι</strong></span> <span class='ocrx_word' id='word_1_414' title='bbox 606 2931 708 2982; x_wconf 91' lang='lat' dir='ltr'><strong>huc</strong></span> <span class='ocrx_word' id='word_1_415' title='bbox 762 2929 1076 2984; x_wconf 77' lang='lat' dir='ltr'><strong>exhibebo:</strong></span> <span class='ocrx_word' id='word_1_416' title='bbox 1114 2929 1222 3000; x_wconf 82' lang='lat' dir='ltr'><strong>Ego</strong></span> <span class='ocrx_word' id='word_1_417' title='bbox 1257 2934 1456 2999; x_wconf 82' lang='lat' dir='ltr'><strong>primus</strong></span> <span class='ocrx_word' id='word_1_418' title='bbox 1501 2943 1548 2986; x_wconf 91' lang='lat' dir='ltr'><strong>et</strong></span> <span class='ocrx_word' id='word_1_419' title='bbox 1593 2949 1682 3002; x_wconf 81' lang='lat' dir='ltr'><strong><em>ego</em></strong></span> <span class='ocrx_word' id='word_1_420' title='bbox 1730 2935 1992 3002; x_wconf 78' lang='lat' dir='ltr'><strong>deinceps,</strong></span> <span class='ocrx_word' id='word_1_421' title='bbox 2043 2945 2093 2989; x_wconf 87' lang='lat' dir='ltr'><strong>et</strong></span> 
     </span>
    </p>
   </div>
   <div class='ocr_carea' id='block_1_48' title="bbox 541 3021 2090 3089">
    <p class='ocr_par' dir='ltr' id='par_1_48' title="bbox 541 3021 2090 3089">
     <span class='ocr_line' id='line_1_48' title="bbox 541 3021 2090 3089; baseline 0.008 -20"><span class='ocrx_word' id='word_1_422' title='bbox 541 3038 558 3068; x_wconf 75' lang='grc' dir='ltr'><strong>ι</strong></span> <span class='ocrx_word' id='word_1_423' title='bbox 598 3029 787 3087; x_wconf 64' lang='lat' dir='ltr'><strong>praeter</strong></span> <span class='ocrx_word' id='word_1_424' title='bbox 817 3033 898 3073; x_wconf 75' lang='lat' dir='ltr'><strong>me</strong></span> <span class='ocrx_word' id='word_1_425' title='bbox 944 3036 1046 3072; x_wconf 84' lang='lat' dir='ltr'><strong>non</strong></span> <span class='ocrx_word' id='word_1_426' title='bbox 1097 3032 1170 3075; x_wconf 81' lang='lat' dir='ltr'><strong>est</strong></span> <span class='ocrx_word' id='word_1_427' title='bbox 1201 3021 1336 3076; x_wconf 80' lang='lat' dir='ltr'><strong>Deus</strong></span> <span class='ocrx_word' id='word_1_428' title='bbox 1359 3022 1424 3076; x_wconf 74' lang='grc'><strong>³⁸.</strong></span> <span class='ocrx_word' id='word_1_429' title='bbox 1471 3023 1620 3089; x_wconf 84' lang='lat' dir='ltr'><strong>Quod</strong></span> <span class='ocrx_word' id='word_1_430' title='bbox 1666 3025 1708 3078; x_wconf 95' lang='lat' dir='ltr'><strong>si</strong></span> <span class='ocrx_word' id='word_1_431' title='bbox 1741 3027 1966 3081; x_wconf 89' lang='lat' dir='ltr'><strong>divisum</strong></span> <span class='ocrx_word' id='word_1_432' title='bbox 2000 3027 2090 3083; x_wconf 84' lang='lat' dir='ltr'><strong>Dei</strong></span> 
     </span>
    </p>
   </div>
   <div class='ocr_carea' id='block_1_49' title="bbox 539 3107 2093 3182">
    <p class='ocr_par' dir='ltr' id='par_1_49' title="bbox 539 3107 2093 3182">
     <span class='ocr_line' id='line_1_49' title="bbox 539 3107 2093 3182; baseline 0.01 -24"><span class='ocrx_word' id='word_1_433' title='bbox 539 3126 559 3158; x_wconf 74' lang='grc' dir='ltr'><strong>ι</strong></span> <span class='ocrx_word' id='word_1_434' title='bbox 601 3107 792 3162; x_wconf 79' lang='lat' dir='ltr'><strong>Filium</strong></span> <span class='ocrx_word' id='word_1_435' title='bbox 827 3124 856 3162; x_wconf 88' lang='lat' dir='ltr'><strong>a</strong></span> <span class='ocrx_word' id='word_1_436' title='bbox 899 3107 1078 3165; x_wconf 88' lang='lat' dir='ltr'><strong>Patris</strong></span> <span class='ocrx_word' id='word_1_437' title='bbox 1121 3111 1201 3166; x_wconf 90' lang='lat' dir='ltr'><strong>sui</strong></span> <span class='ocrx_word' id='word_1_438' title='bbox 1240 3111 1536 3168; x_wconf 86' lang='lat' dir='ltr'><strong>substantia</strong></span> <span class='ocrx_word' id='word_1_439' title='bbox 1576 3113 1702 3168; x_wconf 84' lang='lat' dir='ltr'><strong>velit</strong></span> <span class='ocrx_word' id='word_1_440' title='bbox 1725 3117 1998 3182; x_wconf 82' lang='lat' dir='ltr'><strong>Asterius,</strong></span> <span class='ocrx_word' id='word_1_441' title='bbox 2037 3127 2093 3174; x_wconf 89' lang='lat' dir='ltr'><strong>ut</strong></span> 
     </span>
    </p>
   </div>
   <div class='ocr_carea' id='block_1_50' title="bbox 540 3200 2094 3279">
    <p class='ocr_par' dir='ltr' id='par_1_50' title="bbox 540 3200 2094 3279">
     <span class='ocr_line' id='line_1_50' title="bbox 540 3200 2094 3279; baseline 0.008 -30"><span class='ocrx_word' id='word_1_442' title='bbox 540 3220 558 3249; x_wconf 73' lang='grc' dir='ltr'><strong>ε</strong></span> <span class='ocrx_word' id='word_1_443' title='bbox 604 3200 767 3256; x_wconf 83' lang='lat' dir='ltr'><strong>Filius</strong></span> <span class='ocrx_word' id='word_1_444' title='bbox 798 3202 1032 3256; x_wconf 87' lang='lat' dir='ltr'><strong>hominis</strong></span> <span class='ocrx_word' id='word_1_445' title='bbox 1059 3203 1315 3259; x_wconf 82' lang='lat' dir='ltr'><strong>dividitur</strong></span> <span class='ocrx_word' id='word_1_446' title='bbox 1348 3219 1378 3258; x_wconf 85' lang='lat' dir='ltr'><strong>a</strong></span> <span class='ocrx_word' id='word_1_447' title='bbox 1410 3221 1591 3271; x_wconf 89' lang='lat' dir='ltr'><strong>carne,</strong></span> <span class='ocrx_word' id='word_1_448' title='bbox 1641 3221 1801 3275; x_wconf 88' lang='lat' dir='ltr'><strong>quam</strong></span> <span class='ocrx_word' id='word_1_449' title='bbox 1861 3210 2094 3279; x_wconf 87' lang='lat' dir='ltr'><strong>suscepit</strong></span> 
     </span>
    </p>
   </div>
   <div class='ocr_carea' id='block_1_51' title="bbox 539 3280 2160 3364">
    <p class='ocr_par' dir='ltr' id='par_1_51' title="bbox 539 3280 2160 3364">
     <span class='ocr_line' id='line_1_51' title="bbox 539 3280 2160 3364; baseline 0.007 -20"><span class='ocrx_word' id='word_1_450' title='bbox 539 3311 560 3344; x_wconf 75' lang='grc' dir='ltr'><em>ι</em></span> <span class='ocrx_word' id='word_1_451' title='bbox 597 3303 814 3362; x_wconf 78' lang='lat' dir='ltr'><strong>propter</strong></span> <span class='ocrx_word' id='word_1_452' title='bbox 865 3309 964 3348; x_wconf 91' lang='lat' dir='ltr'><strong>nos</strong></span> <span class='ocrx_word' id='word_1_453' title='bbox 1012 3295 1324 3349; x_wconf 80' lang='lat' dir='ltr'><strong>scandalum</strong></span> <span class='ocrx_word' id='word_1_454' title='bbox 1367 3297 1492 3352; x_wconf 89' lang='lat' dir='ltr'><strong>hinc</strong></span> <span class='ocrx_word' id='word_1_455' title='bbox 1542 3312 1756 3364; x_wconf 90' lang='lat' dir='ltr'><strong>passus,</strong></span> <span class='ocrx_word' id='word_1_456' title='bbox 1811 3280 2160 3356; x_wconf 81' lang='lat' dir='ltr'><strong>ostendereC</strong></span> 
     </span>
    </p>
   </div>
   <div class='ocr_carea' id='block_1_52' title="bbox 539 3384 2093 3457">
    <p class='ocr_par' dir='ltr' id='par_1_52' title="bbox 539 3384 2093 3457">
     <span class='ocr_line' id='line_1_52' title="bbox 539 3384 2093 3457; baseline 0.008 -22"><span class='ocrx_word' id='word_1_457' title='bbox 539 3403 557 3435; x_wconf 80' lang='grc' dir='ltr'><em>ι</em></span> <span class='ocrx_word' id='word_1_458' title='bbox 597 3385 750 3439; x_wconf 87' lang='lat' dir='ltr'><strong>nobis</strong></span> <span class='ocrx_word' id='word_1_459' title='bbox 777 3384 934 3440; x_wconf 88' lang='lat' dir='ltr'><strong>debet</strong></span> <span class='ocrx_word' id='word_1_460' title='bbox 969 3386 1089 3456; x_wconf 91' lang='lat' dir='ltr'><strong>quis</strong></span> <span class='ocrx_word' id='word_1_461' title='bbox 1121 3387 1208 3442; x_wconf 90' lang='lat' dir='ltr'><strong>ille</strong></span> <span class='ocrx_word' id='word_1_462' title='bbox 1251 3387 1322 3442; x_wconf 88' lang='lat' dir='ltr'><strong>sit</strong></span> <span class='ocrx_word' id='word_1_463' title='bbox 1376 3389 1464 3457; x_wconf 93' lang='lat' dir='ltr'><strong>qui</strong></span> <span class='ocrx_word' id='word_1_464' title='bbox 1499 3389 1600 3443; x_wconf 91' lang='lat' dir='ltr'><strong>hoc</strong></span> <span class='ocrx_word' id='word_1_465' title='bbox 1641 3389 1889 3448; x_wconf 81' lang='lat' dir='ltr'><strong>allirmat.</strong></span> <span class='ocrx_word' id='word_1_466' title='bbox 1934 3390 2093 3447; x_wconf 84' lang='lat' dir='ltr'><strong>Certe</strong></span> 
     </span>
    </p>
   </div>
   <div class='ocr_carea' id='block_1_53' title="bbox 541 3475 2093 3549">
    <p class='ocr_par' dir='ltr' id='par_1_53' title="bbox 541 3475 2093 3549">
     <span class='ocr_line' id='line_1_53' title="bbox 541 3475 2093 3549; baseline 0.008 -24"><span class='ocrx_word' id='word_1_467' title='bbox 541 3495 559 3525; x_wconf 85' lang='grc'>‹</span> <span class='ocrx_word' id='word_1_468' title='bbox 600 3475 765 3532; x_wconf 85' lang='lat' dir='ltr'><strong>dictio</strong></span> <span class='ocrx_word' id='word_1_469' title='bbox 794 3475 882 3530; x_wconf 89' lang='lat' dir='ltr'><strong>illa</strong></span> <span class='ocrx_word' id='word_1_470' title='bbox 911 3479 1084 3548; x_wconf 89' lang='lat' dir='ltr'><strong>posita</strong></span> <span class='ocrx_word' id='word_1_471' title='bbox 1106 3479 1272 3534; x_wconf 86' lang='lat' dir='ltr'><strong>etiam</strong></span> <span class='ocrx_word' id='word_1_472' title='bbox 1297 3479 1384 3535; x_wconf 91' lang='lat' dir='ltr'><strong>hic</strong></span> <span class='ocrx_word' id='word_1_473' title='bbox 1408 3481 1564 3536; x_wconf 91' lang='lat' dir='ltr'><strong>unius</strong></span> <span class='ocrx_word' id='word_1_474' title='bbox 1591 3497 1830 3549; x_wconf 77' lang='lat' dir='ltr'><strong>personae</strong></span> <span class='ocrx_word' id='word_1_475' title='bbox 1853 3493 1936 3540; x_wconf 90' lang='lat' dir='ltr'><strong>est</strong></span> <span class='ocrx_word' id='word_1_476' title='bbox 1958 3486 2093 3538; x_wconf 82' lang='lat' dir='ltr'><strong>indi-</strong></span> 
     </span>
    </p>
   </div>
   <div class='ocr_carea' id='block_1_54' title="bbox 541 3563 2088 3642">
    <p class='ocr_par' dir='ltr' id='par_1_54' title="bbox 541 3563 2088 3642">
     <span class='ocr_line' id='line_1_54' title="bbox 541 3563 2088 3642; baseline 0.009 -28"><span class='ocrx_word' id='word_1_477' title='bbox 541 3581 559 3614; x_wconf 72' lang='grc' dir='ltr'><strong>ς</strong></span> <span class='ocrx_word' id='word_1_478' title='bbox 602 3563 796 3618; x_wconf 73' lang='lat' dir='ltr'><strong>nativa.</strong></span> <span class='ocrx_word' id='word_1_479' title='bbox 849 3563 980 3631; x_wconf 91' lang='lat' dir='ltr'><strong>Quis</strong></span> <span class='ocrx_word' id='word_1_480' title='bbox 1007 3575 1183 3622; x_wconf 82' lang='lat' dir='ltr'><strong>autem</strong></span> <span class='ocrx_word' id='word_1_481' title='bbox 1213 3578 1297 3622; x_wconf 89' lang='lat' dir='ltr'><strong>est</strong></span> <span class='ocrx_word' id='word_1_482' title='bbox 1343 3569 1432 3624; x_wconf 91' lang='lat' dir='ltr'><strong>ille</strong></span> <span class='ocrx_word' id='word_1_483' title='bbox 1475 3585 1656 3638; x_wconf 64' lang='lat' dir='ltr'><strong>quaeso</strong></span> <span class='ocrx_word' id='word_1_484' title='bbox 1703 3573 1791 3641; x_wconf 91' lang='lat' dir='ltr'><strong>qui</strong></span> <span class='ocrx_word' id='word_1_485' title='bbox 1832 3573 2088 3642; x_wconf 85' lang='lat' dir='ltr'><strong>loquitur,</strong></span> 
     </span>
    </p>
   </div>
   <div class='ocr_carea' id='block_1_55' title="bbox 543 3655 2088 3734">
    <p class='ocr_par' dir='ltr' id='par_1_55' title="bbox 543 3655 2088 3734">
     <span class='ocr_line' id='line_1_55' title="bbox 543 3655 2088 3734; baseline 0.009 -28"><span class='ocrx_word' id='word_1_486' title='bbox 543 3675 562 3706; x_wconf 85' lang='grc'><em>‹</em></span> <span class='ocrx_word' id='word_1_487' title='bbox 609 3655 810 3710; x_wconf 72' lang='grc' dir='ltr'>Ρναίει·</span> <span class='ocrx_word' id='word_1_488' title='bbox 840 3674 919 3712; x_wconf 88' lang='lat' dir='ltr'><strong>me</strong></span> <span class='ocrx_word' id='word_1_489' title='bbox 936 3674 1040 3712; x_wconf 86' lang='lat' dir='ltr'><strong>non</strong></span> <span class='ocrx_word' id='word_1_490' title='bbox 1063 3671 1135 3713; x_wconf 81' lang='lat' dir='ltr'><strong>est</strong></span> <span class='ocrx_word' id='word_1_491' title='bbox 1163 3660 1298 3714; x_wconf 78' lang='lat' dir='ltr'><strong>Deus</strong></span> <span class='ocrx_word' id='word_1_492' title='bbox 1317 3665 1342 3716; x_wconf 72' lang='lat'><strong>.9</strong></span> <span class='ocrx_word' id='word_1_493' title='bbox 1368 3663 1565 3718; x_wconf 87' lang='lat' dir='ltr'><strong>Audiat</strong></span> <span class='ocrx_word' id='word_1_494' title='bbox 1589 3664 1752 3718; x_wconf 86' lang='lat' dir='ltr'><strong>alium</strong></span> <span class='ocrx_word' id='word_1_495' title='bbox 1777 3667 2088 3734; x_wconf 82' lang='lat' dir='ltr'><strong>prophetam</strong></span> 
     </span>
    </p>
   </div>
   <div class='ocr_carea' id='block_1_56' title="bbox 543 3747 2089 3824">
    <p class='ocr_par' dir='ltr' id='par_1_56' title="bbox 543 3747 2089 3824">
     <span class='ocr_line' id='line_1_56' title="bbox 543 3747 2089 3824; baseline 0.009 -28"><span class='ocrx_word' id='word_1_496' title='bbox 543 3769 561 3796; x_wconf 77' lang='grc' dir='ltr'><strong>ι</strong></span> <span class='ocrx_word' id='word_1_497' title='bbox 611 3747 699 3814; x_wconf 88' lang='lat' dir='ltr'><strong>qui</strong></span> <span class='ocrx_word' id='word_1_498' title='bbox 747 3748 827 3802; x_wconf 84' lang='lat' dir='ltr'><strong>sic</strong></span> <span class='ocrx_word' id='word_1_499' title='bbox 875 3747 1132 3817; x_wconf 87' lang='lat' dir='ltr'><strong>loquitur,</strong></span> <span class='ocrx_word' id='word_1_500' title='bbox 1190 3748 1395 3808; x_wconf 78' lang='lat' dir='ltr'><strong>Prwter</strong></span> <span class='ocrx_word' id='word_1_501' title='bbox 1430 3771 1509 3808; x_wconf 90' lang='lat' dir='ltr'><strong>me</strong></span> <span class='ocrx_word' id='word_1_502' title='bbox 1544 3771 1646 3807; x_wconf 85' lang='lat' dir='ltr'><strong>non</strong></span> <span class='ocrx_word' id='word_1_503' title='bbox 1687 3766 1759 3808; x_wconf 86' lang='lat' dir='ltr'><strong>est</strong></span> <span class='ocrx_word' id='word_1_504' title='bbox 1793 3755 1994 3824; x_wconf 74' lang='lat' dir='ltr'><strong>justus,</strong></span> <span class='ocrx_word' id='word_1_505' title='bbox 2041 3768 2089 3810; x_wconf 79' lang='lat' dir='ltr'><strong>et</strong></span> 
     </span>
    </p>
   </div>
   <div class='ocr_carea' id='block_1_57' title="bbox 542 3838 2091 3910">
    <p class='ocr_par' dir='ltr' id='par_1_57' title="bbox 542 3838 2091 3910">
     <span class='ocr_line' id='line_1_57' title="bbox 542 3838 2091 3910; baseline 0.011 -24"><span class='ocrx_word' id='word_1_506' title='bbox 542 3855 560 3886; x_wconf 76' lang='grc' dir='ltr'>ι</span> <span class='ocrx_word' id='word_1_507' title='bbox 606 3839 854 3893; x_wconf 71' lang='lat' dir='ltr'><strong>Senator</strong></span> <span class='ocrx_word' id='word_1_508' title='bbox 879 3840 945 3893; x_wconf 71' lang='grc'><strong>’⁸.</strong></span> <span class='ocrx_word' id='word_1_509' title='bbox 983 3838 1037 3894; x_wconf 88' lang='lat' dir='ltr'><strong>Si</strong></span> <span class='ocrx_word' id='word_1_510' title='bbox 1065 3841 1199 3895; x_wconf 83' lang='lat' dir='ltr'><strong>duos</strong></span> <span class='ocrx_word' id='word_1_511' title='bbox 1230 3842 1357 3898; x_wconf 85' lang='lat' dir='ltr'><strong>deos</strong></span> <span class='ocrx_word' id='word_1_512' title='bbox 1390 3845 1682 3900; x_wconf 84' lang='lat' dir='ltr'><strong>arbitretur</strong></span> <span class='ocrx_word' id='word_1_513' title='bbox 1705 3860 1842 3910; x_wconf 87' lang='lat' dir='ltr'><strong>esse,</strong></span> <span class='ocrx_word' id='word_1_514' title='bbox 1873 3862 2091 3903; x_wconf 86' lang='lat' dir='ltr'><strong>necesse</strong></span> 
     </span>
    </p>
   </div>
   <div class='ocr_carea' id='block_1_58' title="bbox 540 3929 2088 4002">
    <p class='ocr_par' dir='ltr' id='par_1_58' title="bbox 540 3929 2088 4002">
     <span class='ocr_line' id='line_1_58' title="bbox 540 3929 2088 4002; baseline 0.008 -24"><span class='ocrx_word' id='word_1_515' title='bbox 540 3948 560 3978; x_wconf 74' lang='grc' dir='ltr'>ι</span> <span class='ocrx_word' id='word_1_516' title='bbox 603 3939 686 3982; x_wconf 79' lang='lat' dir='ltr'><strong>cst</strong></span> <span class='ocrx_word' id='word_1_517' title='bbox 708 3929 1022 3984; x_wconf 85' lang='lat' dir='ltr'><strong>alterutrum</strong></span> <span class='ocrx_word' id='word_1_518' title='bbox 1062 3941 1119 3984; x_wconf 90' lang='lat' dir='ltr'><strong>ut</strong></span> <span class='ocrx_word' id='word_1_519' title='bbox 1154 3944 1410 4001; x_wconf 80' lang='lat' dir='ltr'><strong>agnoscat</strong></span> <span class='ocrx_word' id='word_1_520' title='bbox 1436 3950 1612 4002; x_wconf 87' lang='lat' dir='ltr'><strong>neque</strong></span> <span class='ocrx_word' id='word_1_521' title='bbox 1639 3937 1801 3991; x_wconf 86' lang='lat' dir='ltr'><strong>Deum</strong></span> <span class='ocrx_word' id='word_1_522' title='bbox 1833 3953 1933 3992; x_wconf 88' lang='lat' dir='ltr'><strong>nec</strong></span> <span class='ocrx_word' id='word_1_523' title='bbox 1965 3938 2088 3993; x_wconf 90' lang='lat' dir='ltr'><strong>Ser-</strong></span> 
     </span>
    </p>
   </div>
   <div class='ocr_carea' id='block_1_59' title="bbox 542 4021 2086 4095">
    <p class='ocr_par' dir='ltr' id='par_1_59' title="bbox 542 4021 2086 4095">
     <span class='ocr_line' id='line_1_59' title="bbox 542 4021 2086 4095; baseline 0.009 -27"><span class='ocrx_word' id='word_1_524' title='bbox 542 4042 559 4068; x_wconf 75' lang='lat'><strong>.</strong></span> <span class='ocrx_word' id='word_1_525' title='bbox 607 4031 861 4075; x_wconf 65' lang='lat' dir='ltr'><strong>sutorem.</strong></span> <span class='ocrx_word' id='word_1_526' title='bbox 914 4021 1008 4075; x_wconf 90' lang='lat' dir='ltr'><strong>Sin</strong></span> <span class='ocrx_word' id='word_1_527' title='bbox 1059 4036 1230 4090; x_wconf 81' lang='lat' dir='ltr'><strong>neque</strong></span> <span class='ocrx_word' id='word_1_528' title='bbox 1273 4023 1449 4092; x_wconf 88' lang='lat' dir='ltr'><strong>justus</strong></span> <span class='ocrx_word' id='word_1_529' title='bbox 1484 4026 1576 4090; x_wconf 88' lang='lat' dir='ltr'><strong>sit,</strong></span> <span class='ocrx_word' id='word_1_530' title='bbox 1609 4041 1780 4095; x_wconf 87' lang='lat' dir='ltr'><strong>neque</strong></span> <span class='ocrx_word' id='word_1_531' title='bbox 1815 4026 2086 4094; x_wconf 83' lang='lat' dir='ltr'><strong>Servatur,</strong></span> 
     </span>
    </p>
   </div>
   <div class='ocr_carea' id='block_1_60' title="bbox 543 4115 2091 4184">
    <p class='ocr_par' dir='ltr' id='par_1_60' title="bbox 543 4115 2091 4184">
     <span class='ocr_line' id='line_1_60' title="bbox 543 4115 2091 4184; baseline 0.008 -23"><span class='ocrx_word' id='word_1_532' title='bbox 543 4131 561 4161; x_wconf 73' lang='grc' dir='ltr'>ι</span> <span class='ocrx_word' id='word_1_533' title='bbox 607 4127 710 4178; x_wconf 88' lang='lat' dir='ltr'><strong>quo</strong></span> <span class='ocrx_word' id='word_1_534' title='bbox 737 4115 948 4167; x_wconf 88' lang='lat' dir='ltr'><strong>tandem</strong></span> <span class='ocrx_word' id='word_1_535' title='bbox 993 4124 1147 4182; x_wconf 89' lang='lat' dir='ltr'><strong>pacto</strong></span> <span class='ocrx_word' id='word_1_536' title='bbox 1189 4125 1366 4184; x_wconf 87' lang='lat' dir='ltr'><strong>p0test</strong></span> <span class='ocrx_word' id='word_1_537' title='bbox 1417 4131 1536 4171; x_wconf 88' lang='lat' dir='ltr'><strong>esse</strong></span> <span class='ocrx_word' id='word_1_538' title='bbox 1589 4116 1767 4171; x_wconf 89' lang='lat' dir='ltr'><strong>Deus?</strong></span> <span class='ocrx_word' id='word_1_539' title='bbox 1793 4115 1971 4173; x_wconf 91' lang='lat' dir='ltr'><strong>Unum</strong></span> <span class='ocrx_word' id='word_1_540' title='bbox 2011 4129 2091 4174; x_wconf 86' lang='lat' dir='ltr'><strong>et-</strong></span> 
     </span>
    </p>
   </div>
   <div class='ocr_carea' id='block_1_61' title="bbox 544 4200 2088 4268">
    <p class='ocr_par' dir='ltr' id='par_1_61' title="bbox 544 4200 2088 4268">
     <span class='ocr_line' id='line_1_61' title="bbox 544 4200 2088 4268; baseline 0.006 -17"><span class='ocrx_word' id='word_1_541' title='bbox 544 4221 560 4250; x_wconf 79' lang='grc' dir='ltr'><strong>ι</strong></span> <span class='ocrx_word' id='word_1_542' title='bbox 599 4200 740 4254; x_wconf 85' lang='lat' dir='ltr'><strong>enim</strong></span> <span class='ocrx_word' id='word_1_543' title='bbox 769 4202 882 4254; x_wconf 88' lang='lat' dir='ltr'><strong>vult</strong></span> <span class='ocrx_word' id='word_1_544' title='bbox 904 4200 1104 4268; x_wconf 90' lang='lat' dir='ltr'><strong>justum</strong></span> <span class='ocrx_word' id='word_1_545' title='bbox 1132 4217 1250 4257; x_wconf 90' lang='lat' dir='ltr'><strong>esse</strong></span> <span class='ocrx_word' id='word_1_546' title='bbox 1275 4212 1328 4257; x_wconf 89' lang='lat' dir='ltr'><strong>et</strong></span> <span class='ocrx_word' id='word_1_547' title='bbox 1360 4202 1722 4258; x_wconf 77' lang='lat' dir='ltr'><strong>Servatorem.</strong></span> <span class='ocrx_word' id='word_1_548' title='bbox 1766 4203 1831 4256; x_wconf 72' lang='lat' dir='ltr'><strong>Et</strong></span> <span class='ocrx_word' id='word_1_549' title='bbox 1859 4205 2048 4260; x_wconf 87' lang='lat' dir='ltr'><strong>iterum</strong></span> <span class='ocrx_word' id='word_1_550' title='bbox 2073 4223 2088 4260; x_wconf 86' lang='lat'><strong>:</strong></span> 
     </span>
    </p>
   </div>
   <div class='ocr_carea' id='block_1_62' title="bbox 543 4293 2091 4364">
    <p class='ocr_par' dir='ltr' id='par_1_62' title="bbox 543 4293 2091 4364">
     <span class='ocr_line' id='line_1_62' title="bbox 543 4293 2091 4364; baseline 0.004 -20"><span class='ocrx_word' id='word_1_551' title='bbox 543 4311 558 4343; x_wconf 76' lang='grc' dir='ltr'><em>ι</em></span> <span class='ocrx_word' id='word_1_552' title='bbox 607 4293 736 4347; x_wconf 77' lang='lat' dir='ltr'><strong>Ante</strong></span> <span class='ocrx_word' id='word_1_553' title='bbox 767 4310 867 4358; x_wconf 81' lang='lat' dir='ltr'><strong>me,</strong></span> <span class='ocrx_word' id='word_1_554' title='bbox 899 4293 1089 4362; x_wconf 88' lang='lat' dir='ltr'><strong>inquit,</strong></span> <span class='ocrx_word' id='word_1_555' title='bbox 1130 4311 1232 4349; x_wconf 85' lang='lat' dir='ltr'><strong>non</strong></span> <span class='ocrx_word' id='word_1_556' title='bbox 1266 4303 1378 4347; x_wconf 90' lang='lat' dir='ltr'><strong>erat</strong></span> <span class='ocrx_word' id='word_1_557' title='bbox 1425 4296 1584 4357; x_wconf 82' lang='lat' dir='ltr'><strong>otius,</strong></span> <span class='ocrx_word' id='word_1_558' title='bbox 1621 4304 1669 4348; x_wconf 89' lang='lat' dir='ltr'><strong>et</strong></span> <span class='ocrx_word' id='word_1_559' title='bbox 1715 4305 1828 4364; x_wconf 78' lang='lat' dir='ltr'><strong>post</strong></span> <span class='ocrx_word' id='word_1_560' title='bbox 1869 4312 1948 4349; x_wconf 87' lang='lat' dir='ltr'><strong>me</strong></span> <span class='ocrx_word' id='word_1_561' title='bbox 1987 4312 2091 4350; x_wconf 84' lang='lat' dir='ltr'><strong>non</strong></span> 
     </span>
    </p>
   </div>
   <div class='ocr_carea' id='block_1_63' title="bbox 542 4381 2087 4454">
    <p class='ocr_par' dir='ltr' id='par_1_63' title="bbox 542 4381 2087 4454">
     <span class='ocr_line' id='line_1_63' title="bbox 542 4381 2087 4454; baseline 0.004 -20"><span class='ocrx_word' id='word_1_562' title='bbox 542 4402 562 4434; x_wconf 72' lang='grc' dir='ltr'><strong>ε</strong></span> <span class='ocrx_word' id='word_1_563' title='bbox 599 4384 717 4437; x_wconf 67' lang='lat' dir='ltr'><strong>erit.</strong></span> <span class='ocrx_word' id='word_1_564' title='bbox 758 4381 871 4454; x_wconf 86' lang='lat' dir='ltr'><strong>Ego</strong></span> <span class='ocrx_word' id='word_1_565' title='bbox 903 4383 1040 4438; x_wconf 79' lang='lat' dir='ltr'><strong>Deus</strong></span> <span class='ocrx_word' id='word_1_566' title='bbox 1085 4393 1132 4437; x_wconf 87' lang='lat' dir='ltr'><strong>et</strong></span> <span class='ocrx_word' id='word_1_567' title='bbox 1156 4384 1287 4436; x_wconf 85' lang='lat' dir='ltr'><strong>&#39;non</strong></span> <span class='ocrx_word' id='word_1_568' title='bbox 1331 4394 1405 4437; x_wconf 79' lang='lat' dir='ltr'><strong>est</strong></span> <span class='ocrx_word' id='word_1_569' title='bbox 1455 4383 1596 4436; x_wconf 82' lang='lat' dir='ltr'><strong>ultra</strong></span> <span class='ocrx_word' id='word_1_570' title='bbox 1632 4399 1712 4437; x_wconf 87' lang='lat' dir='ltr'><strong>me</strong></span> <span class='ocrx_word' id='word_1_571' title='bbox 1752 4383 1996 4439; x_wconf 86' lang='lat' dir='ltr'><strong>Servator</strong></span> <span class='ocrx_word' id='word_1_572' title='bbox 2023 4386 2087 4440; x_wconf 75' lang='grc' dir='ltr'><strong>³ο.</strong></span> 
     </span>
    </p>
   </div>
   <div class='ocr_carea' id='block_1_64' title="bbox 543 4475 2094 4546">
    <p class='ocr_par' dir='ltr' id='par_1_64' title="bbox 543 4475 2094 4546">
     <span class='ocr_line' id='line_1_64' title="bbox 543 4475 2094 4546; baseline 0.003 -18"><span class='ocrx_word' id='word_1_573' title='bbox 543 4497 562 4528; x_wconf 75' lang='grc' dir='ltr'><em>ι</em></span> <span class='ocrx_word' id='word_1_574' title='bbox 607 4475 758 4542; x_wconf 89' lang='lat' dir='ltr'><strong>Quod</strong></span> <span class='ocrx_word' id='word_1_575' title='bbox 787 4476 830 4530; x_wconf 91' lang='lat' dir='ltr'><strong>si</strong></span> <span class='ocrx_word' id='word_1_576' title='bbox 862 4476 1085 4531; x_wconf 85' lang='lat' dir='ltr'><strong>alterius</strong></span> <span class='ocrx_word' id='word_1_577' title='bbox 1111 4476 1442 4546; x_wconf 71' lang='lat' dir='ltr'><strong>prophetica:</strong></span> <span class='ocrx_word' id='word_1_578' title='bbox 1473 4475 1725 4530; x_wconf 85' lang='lat' dir='ltr'><strong>dictionis</strong></span> <span class='ocrx_word' id='word_1_579' title='bbox 1767 4476 1994 4544; x_wconf 88' lang='lat' dir='ltr'><strong>cupidus</strong></span> <span class='ocrx_word' id='word_1_580' title='bbox 2022 4478 2094 4532; x_wconf 88' lang='lat' dir='ltr'><strong>sit</strong></span> 
     </span>
    </p>
   </div>
   <div class='ocr_carea' id='block_1_65' title="bbox 544 4564 2092 4631">
    <p class='ocr_par' dir='ltr' id='par_1_65' title="bbox 544 4564 2092 4631">
     <span class='ocr_line' id='line_1_65' title="bbox 544 4564 2092 4631; baseline 0.003 -13"><span class='ocrx_word' id='word_1_581' title='bbox 544 4585 562 4618; x_wconf 76' lang='grc' dir='ltr'>ι</span> <span class='ocrx_word' id='word_1_582' title='bbox 607 4568 907 4631; x_wconf 81' lang='lat' dir='ltr'><strong>audiendae,</strong></span> <span class='ocrx_word' id='word_1_583' title='bbox 949 4567 1093 4622; x_wconf 76' lang='lat' dir='ltr'><strong>forte</strong></span> <span class='ocrx_word' id='word_1_584' title='bbox 1119 4571 1185 4622; x_wconf 91' lang='lat' dir='ltr'><strong>de</strong></span> <span class='ocrx_word' id='word_1_585' title='bbox 1207 4581 1264 4620; x_wconf 90' lang='lat' dir='ltr'><strong>se</strong></span> <span class='ocrx_word' id='word_1_586' title='bbox 1289 4566 1488 4621; x_wconf 88' lang='lat' dir='ltr'><strong>dictum</strong></span> <span class='ocrx_word' id='word_1_587' title='bbox 1531 4566 1594 4620; x_wconf 89' lang='lat' dir='ltr'><strong>ab</strong></span> <span class='ocrx_word' id='word_1_588' title='bbox 1629 4564 1858 4626; x_wconf 85' lang='lat' dir='ltr'><strong>lsaia,et</strong></span> <span class='ocrx_word' id='word_1_589' title='bbox 1893 4567 1973 4620; x_wconf 89' lang='lat' dir='ltr'><strong>sui</strong></span> <span class='ocrx_word' id='word_1_590' title='bbox 2021 4568 2092 4622; x_wconf 89' lang='lat' dir='ltr'><strong>si-</strong></span> 
     </span>
    </p>
   </div>
   <div class='ocr_carea' id='block_1_66' title="bbox 2201 2200 3772 2276">
    <p class='ocr_par' dir='ltr' id='par_1_66' title="bbox 2201 2200 3772 2276">
     <span class='ocr_line' id='line_1_66' title="bbox 2201 2200 3772 2276; baseline 0.003 -25"><span class='ocrx_word' id='word_1_591' title='bbox 2201 2219 2217 2249; x_wconf 79' lang='grc' dir='ltr'><strong>ι</strong></span> <span class='ocrx_word' id='word_1_592' title='bbox 2246 2200 2408 2253; x_wconf 78' lang='grc' dir='ltr'>αὑτοῦ</span> <span class='ocrx_word' id='word_1_593' title='bbox 2451 2203 2780 2273; x_wconf 80' lang='grc' dir='ltr'>προφητείας</span> <span class='ocrx_word' id='word_1_594' title='bbox 2806 2202 2903 2256; x_wconf 72' lang='lat' dir='ltr'><strong>Eva</strong></span> <span class='ocrx_word' id='word_1_595' title='bbox 2939 2205 3070 2272; x_wconf 79' lang='grc' dir='ltr'>ἡμῖν</span> <span class='ocrx_word' id='word_1_596' title='bbox 3109 2202 3239 2256; x_wconf 80' lang='grc' dir='ltr'>Θεδν</span> <span class='ocrx_word' id='word_1_597' title='bbox 3271 2202 3606 2276; x_wconf 72' lang='grc' dir='ltr'><strong>βεϐαιούσης⁹</strong></span> <span class='ocrx_word' id='word_1_598' title='bbox 3625 2203 3772 2274; x_wconf 78' lang='grc' dir='ltr'><strong>Ἐγὼ</strong></span> 
     </span>
    </p>
   </div>
   <div class='ocr_carea' id='block_1_67' title="bbox 2202 2293 3771 2366">
    <p class='ocr_par' dir='ltr' id='par_1_67' title="bbox 2202 2293 3771 2366">
     <span class='ocr_line' id='line_1_67' title="bbox 2202 2293 3771 2366; baseline 0.002 -21"><span class='ocrx_word' id='word_1_599' title='bbox 2202 2312 2218 2343; x_wconf 83' lang='grc' dir='ltr'><em>ι</em></span> <span class='ocrx_word' id='word_1_600' title='bbox 2257 2293 2418 2357; x_wconf 83' lang='grc' dir='ltr'><strong>Θεὸς,</strong></span> <span class='ocrx_word' id='word_1_601' title='bbox 2453 2293 2606 2364; x_wconf 74' lang='grc' dir='ltr'>φησι,</span> <span class='ocrx_word' id='word_1_602' title='bbox 2633 2293 2880 2362; x_wconf 74' lang='grc' dir='ltr'>πρῶτος-ο</span> <span class='ocrx_word' id='word_1_603' title='bbox 2919 2295 3014 2348; x_wconf 78' lang='grc' dir='ltr'>καὶ</span> <span class='ocrx_word' id='word_1_604' title='bbox 3047 2297 3134 2360; x_wconf 84' lang='grc' dir='ltr'><strong>είς</strong></span> <span class='ocrx_word' id='word_1_605' title='bbox 3173 2295 3242 2349; x_wconf 78' lang='grc' dir='ltr'>τὰ</span> <span class='ocrx_word' id='word_1_606' title='bbox 3263 2295 3632 2366; x_wconf 71' lang='grc' dir='ltr'><strong>ἐπερχόμενα</strong></span> <span class='ocrx_word' id='word_1_607' title='bbox 3653 2293 3771 2366; x_wconf 65' lang='grc' dir='ltr'><strong>ἐγώ</strong></span> 
     </span>
    </p>
   </div>
   <div class='ocr_carea' id='block_1_68' title="bbox 2201 2383 3774 2457">
    <p class='ocr_par' dir='ltr' id='par_1_68' title="bbox 2201 2383 3774 2457">
     <span class='ocr_line' id='line_1_68' title="bbox 2201 2383 3774 2457; baseline 0.004 -23"><span class='ocrx_word' id='word_1_608' title='bbox 2201 2404 2217 2433; x_wconf 77' lang='grc' dir='ltr'>ι</span> <span class='ocrx_word' id='word_1_609' title='bbox 2253 2387 2386 2452; x_wconf 74' lang='grc' dir='ltr'>ειμι.</span> <span class='ocrx_word' id='word_1_610' title='bbox 2429 2383 2502 2436; x_wconf 82' lang='grc' dir='ltr'><strong>Τὸ</strong></span> <span class='ocrx_word' id='word_1_611' title='bbox 2533 2383 2639 2454; x_wconf 74' lang='grc' dir='ltr'>γὰρ</span> <span class='ocrx_word' id='word_1_612' title='bbox 2678 2384 2791 2452; x_wconf 74' lang='grc' dir='ltr'>ἐγὼ</span> <span class='ocrx_word' id='word_1_613' title='bbox 2831 2386 2947 2448; x_wconf 86' lang='grc' dir='ltr'>ὲνὸς</span> <span class='ocrx_word' id='word_1_614' title='bbox 2987 2384 3274 2457; x_wconf 86' lang='grc' dir='ltr'>προσώπου</span> <span class='ocrx_word' id='word_1_615' title='bbox 3295 2387 3557 2440; x_wconf 83' lang='grc' dir='ltr'>δεικτικόν</span> <span class='ocrx_word' id='word_1_616' title='bbox 3590 2387 3774 2440; x_wconf 67' lang='grc' dir='ltr'>ἐστιν*</span> 
     </span>
    </p>
   </div>
   <div class='ocr_carea' id='block_1_69' title="bbox 2201 2472 3768 2548">
    <p class='ocr_par' dir='ltr' id='par_1_69' title="bbox 2201 2472 3768 2548">
     <span class='ocr_line' id='line_1_69' title="bbox 2201 2472 3768 2548; baseline 0.006 -26"><span class='ocrx_word' id='word_1_617' title='bbox 2201 2491 2217 2522; x_wconf 80' lang='grc' dir='ltr'>ι</span> <span class='ocrx_word' id='word_1_618' title='bbox 2260 2472 2440 2541; x_wconf 82' lang='grc' dir='ltr'>αἱγάρ</span> <span class='ocrx_word' id='word_1_619' title='bbox 2463 2472 2557 2526; x_wconf 91' lang='grc' dir='ltr'><strong>δύο</strong></span> <span class='ocrx_word' id='word_1_620' title='bbox 2585 2474 2769 2544; x_wconf 76' lang='grc' dir='ltr'>ῥήσεις</span> <span class='ocrx_word' id='word_1_621' title='bbox 2816 2473 2873 2527; x_wconf 79' lang='grc' dir='ltr'>ἓν</span> <span class='ocrx_word' id='word_1_622' title='bbox 2913 2476 3041 2545; x_wconf 81' lang='grc' dir='ltr'>ἡμῖν</span> <span class='ocrx_word' id='word_1_623' title='bbox 3064 2476 3350 2546; x_wconf 80' lang='grc' dir='ltr'>πρόσωπον</span> <span class='ocrx_word' id='word_1_624' title='bbox 3388 2477 3768 2548; x_wconf 75' lang='grc' dir='ltr'>σημαίνουσιν.</span> 
     </span>
    </p>
   </div>
   <div class='ocr_carea' id='block_1_70' title="bbox 2201 2563 3768 2638">
    <p class='ocr_par' dir='ltr' id='par_1_70' title="bbox 2201 2563 3768 2638">
     <span class='ocr_line' id='line_1_70' title="bbox 2201 2563 3768 2638; baseline 0.006 -25"><span class='ocrx_word' id='word_1_625' title='bbox 2201 2582 2219 2613; x_wconf 77' lang='grc' dir='ltr'><em>ι</em></span> <span class='ocrx_word' id='word_1_626' title='bbox 2268 2563 2406 2633; x_wconf 76' lang='grc' dir='ltr'>Ἐγὼ</span> <span class='ocrx_word' id='word_1_627' title='bbox 2430 2563 2537 2634; x_wconf 83' lang='grc' dir='ltr'>γὰρ</span> <span class='ocrx_word' id='word_1_628' title='bbox 2561 2563 2749 2630; x_wconf 75' lang='grc' dir='ltr'>εἰπὼν,</span> <span class='ocrx_word' id='word_1_629' title='bbox 2780 2566 2971 2634; x_wconf 76' lang='grc' dir='ltr'>ἐπάγει</span> <span class='ocrx_word' id='word_1_630' title='bbox 2986 2569 3080 2621; x_wconf 76' lang='grc' dir='ltr'><strong>καὶ</strong></span> <span class='ocrx_word' id='word_1_631' title='bbox 3101 2568 3182 2632; x_wconf 83' lang='grc' dir='ltr'><strong>τὸ,</strong></span> <span class='ocrx_word' id='word_1_632' title='bbox 3208 2569 3348 2638; x_wconf 70' lang='grc' dir='ltr'>εἰμὶ,</span> <span class='ocrx_word' id='word_1_633' title='bbox 3381 2567 3518 2622; x_wconf 83' lang='grc' dir='ltr'>ὥστε</span> <span class='ocrx_word' id='word_1_634' title='bbox 3545 2569 3634 2622; x_wconf 82' lang='grc' dir='ltr'>διὰ</span> <span class='ocrx_word' id='word_1_635' title='bbox 3655 2569 3768 2623; x_wconf 86' lang='grc' dir='ltr'><strong>τῶν</strong></span> 
     </span>
    </p>
   </div>
   <div class='ocr_carea' id='block_1_71' title="bbox 2201 2643 3765 2730">
    <p class='ocr_par' dir='ltr' id='par_1_71' title="bbox 2201 2643 3765 2730">
     <span class='ocr_line' id='line_1_71' title="bbox 2201 2643 3765 2730; baseline 0.006 -26"><span class='ocrx_word' id='word_1_636' title='bbox 2201 2673 2217 2704; x_wconf 77' lang='grc' dir='ltr'><strong>ι</strong></span> <span class='ocrx_word' id='word_1_637' title='bbox 2262 2653 2354 2707; x_wconf 84' lang='grc' dir='ltr'><strong>δύο</strong></span> <span class='ocrx_word' id='word_1_638' title='bbox 2387 2652 2481 2706; x_wconf 85' lang='grc' dir='ltr'><strong>τοῦ</strong></span> <span class='ocrx_word' id='word_1_639' title='bbox 2511 2653 2666 2723; x_wconf 81' lang='grc' dir='ltr'>λόγου</span> <span class='ocrx_word' id='word_1_640' title='bbox 2704 2655 2905 2726; x_wconf 85' lang='grc' dir='ltr'>μερῶν,</span> <span class='ocrx_word' id='word_1_641' title='bbox 2929 2658 3270 2729; x_wconf 89' lang='grc' dir='ltr'>ἀντωνυμίας</span> <span class='ocrx_word' id='word_1_642' title='bbox 3298 2676 3355 2712; x_wconf 86' lang='grc' dir='ltr'><strong>τε</strong></span> <span class='ocrx_word' id='word_1_643' title='bbox 3376 2661 3468 2712; x_wconf 82' lang='grc' dir='ltr'><strong>καὶ</strong></span> <span class='ocrx_word' id='word_1_644' title='bbox 3499 2643 3765 2730; x_wconf 76' lang='grc' dir='ltr'><strong>ῥήματος,</strong></span> 
     </span>
    </p>
   </div>
   <div class='ocr_carea' id='block_1_72' title="bbox 2200 2744 3766 2819">
    <p class='ocr_par' dir='ltr' id='par_1_72' title="bbox 2200 2744 3766 2819">
     <span class='ocr_line' id='line_1_72' title="bbox 2200 2744 3766 2819; baseline 0.005 -23"><span class='ocrx_word' id='word_1_645' title='bbox 2200 2764 2217 2796; x_wconf 80' lang='grc' dir='ltr'><strong>ι</strong></span> <span class='ocrx_word' id='word_1_646' title='bbox 2256 2744 2353 2815; x_wconf 86' lang='grc' dir='ltr'>τὴν</span> <span class='ocrx_word' id='word_1_647' title='bbox 2378 2745 2478 2815; x_wconf 84' lang='grc' dir='ltr'>τῆς</span> <span class='ocrx_word' id='word_1_648' title='bbox 2503 2744 2752 2815; x_wconf 82' lang='grc' dir='ltr'>θεότητος</span> <span class='ocrx_word' id='word_1_649' title='bbox 2774 2747 3165 2819; x_wconf 83' lang='grc' dir='ltr'>μαρτυρεῖσθαι</span> <span class='ocrx_word' id='word_1_650' title='bbox 3185 2751 3404 2819; x_wconf 88' lang='grc' dir='ltr'>μονάδα.</span> <span class='ocrx_word' id='word_1_651' title='bbox 3429 2752 3488 2804; x_wconf 81' lang='lat' dir='ltr'><strong>El</strong></span> <span class='ocrx_word' id='word_1_652' title='bbox 3514 2751 3569 2803; x_wconf 86' lang='grc' dir='ltr'>δὲ</span> <span class='ocrx_word' id='word_1_653' title='bbox 3590 2751 3766 2804; x_wconf 86' lang='grc' dir='ltr'>δέοιτο</span> 
     </span>
    </p>
   </div>
   <div class='ocr_carea' id='block_1_73' title="bbox 2201 2836 3764 2914">
    <p class='ocr_par' dir='ltr' id='par_1_73' title="bbox 2201 2836 3764 2914">
     <span class='ocr_line' id='line_1_73' title="bbox 2201 2836 3764 2914; baseline 0.007 -28"><span class='ocrx_word' id='word_1_654' title='bbox 2201 2855 2220 2886; x_wconf 77' lang='grc' dir='ltr'><em>ι</em></span> <span class='ocrx_word' id='word_1_655' title='bbox 2260 2837 2352 2890; x_wconf 77' lang='grc' dir='ltr'>καὶ</span> <span class='ocrx_word' id='word_1_656' title='bbox 2387 2837 2576 2908; x_wconf 78' lang='grc' dir='ltr'>ἐτέρας</span> <span class='ocrx_word' id='word_1_657' title='bbox 2609 2839 2931 2910; x_wconf 85' lang='grc' dir='ltr'>μαρτυρίας,</span> <span class='ocrx_word' id='word_1_658' title='bbox 2967 2836 3121 2903; x_wconf 69' lang='grc' dir='ltr'>αὖθις</span> <span class='ocrx_word' id='word_1_659' title='bbox 3151 2842 3240 2894; x_wconf 85' lang='grc' dir='ltr'><strong>τὸν</strong></span> <span class='ocrx_word' id='word_1_660' title='bbox 3259 2843 3420 2896; x_wconf 77' lang='grc' dir='ltr'>αὑτὸν</span> <span class='ocrx_word' id='word_1_661' title='bbox 3443 2842 3588 2913; x_wconf 76' lang='grc' dir='ltr'>αὐτῷ</span> <span class='ocrx_word' id='word_1_662' title='bbox 3617 2861 3764 2914; x_wconf 89' lang='grc' dir='ltr'>παρ-</span> 
     </span>
    </p>
   </div>
   <div class='ocr_carea' id='block_1_74' title="bbox 2202 2927 3768 3004">
    <p class='ocr_par' dir='ltr' id='par_1_74' title="bbox 2202 2927 3768 3004">
     <span class='ocr_line' id='line_1_74' title="bbox 2202 2927 3768 3004; baseline 0.006 -26"><span class='ocrx_word' id='word_1_663' title='bbox 2202 2946 2219 2978; x_wconf 82' lang='grc' dir='ltr'><em>ι</em></span> <span class='ocrx_word' id='word_1_664' title='bbox 2256 2927 2444 2998; x_wconf 67' lang='grc' dir='ltr'>ἕξομαι</span> <span class='ocrx_word' id='word_1_665' title='bbox 2476 2931 2757 3000; x_wconf 84' lang='grc' dir='ltr'>προφήτην</span> <span class='ocrx_word' id='word_1_666' title='bbox 2786 2930 3031 2998; x_wconf 86' lang='grc' dir='ltr'>λέγοντα,</span> <span class='ocrx_word' id='word_1_667' title='bbox 3077 2933 3216 3001; x_wconf 76' lang='grc' dir='ltr'><strong>Ἐγὼ</strong></span> <span class='ocrx_word' id='word_1_668' title='bbox 3237 2932 3488 3002; x_wconf 80' lang='grc' dir='ltr'>πρῶτος,</span> <span class='ocrx_word' id='word_1_669' title='bbox 3522 2935 3619 2988; x_wconf 77' lang='grc' dir='ltr'>καὶ</span> <span class='ocrx_word' id='word_1_670' title='bbox 3648 2934 3768 3004; x_wconf 75' lang='grc' dir='ltr'>ἐγὼ</span> 
     </span>
    </p>
   </div>
   <div class='ocr_carea' id='block_1_75' title="bbox 2202 3020 3763 3093">
    <p class='ocr_par' dir='ltr' id='par_1_75' title="bbox 2202 3020 3763 3093">
     <span class='ocr_line' id='line_1_75' title="bbox 2202 3020 3763 3093; baseline 0.006 -23"><span class='ocrx_word' id='word_1_671' title='bbox 2202 3037 2220 3068; x_wconf 82' lang='grc' dir='ltr'><em>ι</em></span> <span class='ocrx_word' id='word_1_672' title='bbox 2249 3021 2398 3086; x_wconf 83' lang='grc' dir='ltr'>μετὰ</span> <span class='ocrx_word' id='word_1_673' title='bbox 2427 3020 2633 3084; x_wconf 86' lang='grc' dir='ltr'>ταῦτα,</span> <span class='ocrx_word' id='word_1_674' title='bbox 2671 3021 2768 3075; x_wconf 78' lang='grc' dir='ltr'>καὶ</span> <span class='ocrx_word' id='word_1_675' title='bbox 2805 3022 2970 3090; x_wconf 79' lang='grc' dir='ltr'><strong>πλὴν</strong></span> <span class='ocrx_word' id='word_1_676' title='bbox 3002 3024 3146 3092; x_wconf 85' lang='grc' dir='ltr'>ἐμοῦ</span> <span class='ocrx_word' id='word_1_677' title='bbox 3189 3027 3300 3079; x_wconf 80' lang='grc' dir='ltr'>οὐκ</span> <span class='ocrx_word' id='word_1_678' title='bbox 3328 3026 3462 3079; x_wconf 79' lang='grc' dir='ltr'>ἔστι</span> <span class='ocrx_word' id='word_1_679' title='bbox 3500 3027 3662 3093; x_wconf 83' lang='grc' dir='ltr'>Θεός.</span> <span class='ocrx_word' id='word_1_680' title='bbox 3700 3028 3763 3080; x_wconf 74' lang='grc' dir='ltr'><strong>ΕΞ</strong></span> 
     </span>
    </p>
   </div>
   <div class='ocr_carea' id='block_1_76' title="bbox 2203 3112 3763 3188">
    <p class='ocr_par' dir='ltr' id='par_1_76' title="bbox 2203 3112 3763 3188">
     <span class='ocr_line' id='line_1_76' title="bbox 2203 3112 3763 3188; baseline 0.006 -27"><span class='ocrx_word' id='word_1_681' title='bbox 2203 3131 2219 3161; x_wconf 78' lang='grc' dir='ltr'><em>ι</em></span> <span class='ocrx_word' id='word_1_682' title='bbox 2258 3112 2550 3166; x_wconf 82' lang='grc' dir='ltr'>ὑποστάσει</span> <span class='ocrx_word' id='word_1_683' title='bbox 2579 3113 2905 3184; x_wconf 77' lang='grc' dir='ltr'>διῃρημένον</span> <span class='ocrx_word' id='word_1_684' title='bbox 2923 3115 3012 3168; x_wconf 84' lang='grc' dir='ltr'><strong>τὸν</strong></span> <span class='ocrx_word' id='word_1_685' title='bbox 3045 3115 3168 3168; x_wconf 84' lang='grc' dir='ltr'>Υίὸν</span> <span class='ocrx_word' id='word_1_686' title='bbox 3193 3116 3286 3168; x_wconf 82' lang='grc' dir='ltr'><strong>τοῦ</strong></span> <span class='ocrx_word' id='word_1_687' title='bbox 3317 3118 3530 3188; x_wconf 84' lang='grc' dir='ltr'>Πατρὸς</span> <span class='ocrx_word' id='word_1_688' title='bbox 3554 3119 3629 3182; x_wconf 87' lang='grc' dir='ltr'>ὡς</span> <span class='ocrx_word' id='word_1_689' title='bbox 3651 3118 3763 3171; x_wconf 76' lang='grc' dir='ltr'>υίὺν</span> 
     </span>
    </p>
   </div>
   <div class='ocr_carea' id='block_1_77' title="bbox 2202 3199 3760 3278">
    <p class='ocr_par' dir='ltr' id='par_1_77' title="bbox 2202 3199 3760 3278">
     <span class='ocr_line' id='line_1_77' title="bbox 2202 3199 3760 3278; baseline 0.004 -24"><span class='ocrx_word' id='word_1_690' title='bbox 2202 3221 2220 3254; x_wconf 78' lang='grc' dir='ltr'><strong>ι</strong></span> <span class='ocrx_word' id='word_1_691' title='bbox 2258 3201 2543 3275; x_wconf 83' lang='grc' dir='ltr'>ἀνθρώπου</span> <span class='ocrx_word' id='word_1_692' title='bbox 2582 3204 2852 3274; x_wconf 81' lang='grc' dir='ltr'>Ἀστέριος</span> <span class='ocrx_word' id='word_1_693' title='bbox 2869 3199 3006 3257; x_wconf 83' lang='grc' dir='ltr'>εἶναι</span> <span class='ocrx_word' id='word_1_694' title='bbox 3029 3205 3215 3268; x_wconf 76' lang='grc' dir='ltr'>οἴεται,</span> <span class='ocrx_word' id='word_1_695' title='bbox 3246 3206 3353 3258; x_wconf 85' lang='grc' dir='ltr'><strong>ἀπὸ</strong></span> <span class='ocrx_word' id='word_1_696' title='bbox 3367 3207 3468 3276; x_wconf 83' lang='grc' dir='ltr'><strong>τῆς</strong></span> <span class='ocrx_word' id='word_1_697' title='bbox 3493 3207 3760 3278; x_wconf 85' lang='grc' dir='ltr'>ἀνθρωπί-</span> 
     </span>
    </p>
   </div>
   <div class='ocr_carea' id='block_1_78' title="bbox 2203 3293 3760 3369">
    <p class='ocr_par' dir='ltr' id='par_1_78' title="bbox 2203 3293 3760 3369">
     <span class='ocr_line' id='line_1_78' title="bbox 2203 3293 3760 3369; baseline 0.006 -25"><span class='ocrx_word' id='word_1_698' title='bbox 2203 3312 2220 3344; x_wconf 79' lang='grc' dir='ltr'><strong>ι</strong></span> <span class='ocrx_word' id='word_1_699' title='bbox 2261 3312 2358 3366; x_wconf 88' lang='grc' dir='ltr'><strong>νης</strong></span> <span class='ocrx_word' id='word_1_700' title='bbox 2392 3295 2610 3366; x_wconf 83' lang='grc' dir='ltr'>σαρκὸς,</span> <span class='ocrx_word' id='word_1_701' title='bbox 2633 3293 2697 3364; x_wconf 84' lang='grc' dir='ltr'>ῆν</span> <span class='ocrx_word' id='word_1_702' title='bbox 2721 3294 2786 3348; x_wconf 83' lang='grc' dir='ltr'>δι’</span> <span class='ocrx_word' id='word_1_703' title='bbox 2814 3297 2959 3366; x_wconf 81' lang='grc' dir='ltr'>ἡμᾶς</span> <span class='ocrx_word' id='word_1_704' title='bbox 2991 3295 3235 3359; x_wconf 77' lang='grc' dir='ltr'>ἀνέλαϐε,</span> <span class='ocrx_word' id='word_1_705' title='bbox 3261 3297 3760 3369; x_wconf 60' lang='grc' dir='ltr'>πανδαλιζὸμενος,</span> 
     </span>
    </p>
   </div>
   <div class='ocr_carea' id='block_1_79' title="bbox 2203 3383 3764 3460">
    <p class='ocr_par' dir='ltr' id='par_1_79' title="bbox 2203 3383 3764 3460">
     <span class='ocr_line' id='line_1_79' title="bbox 2203 3383 3764 3460; baseline 0.004 -25"><span class='ocrx_word' id='word_1_706' title='bbox 2203 3403 2221 3435; x_wconf 82' lang='grc' dir='ltr'><em>ι</em></span> <span class='ocrx_word' id='word_1_707' title='bbox 2256 3383 2516 3438; x_wconf 84' lang='grc' dir='ltr'>δεικνύτω</span> <span class='ocrx_word' id='word_1_708' title='bbox 2557 3387 2690 3455; x_wconf 74' lang='grc' dir='ltr'>ἡμῖν</span> <span class='ocrx_word' id='word_1_709' title='bbox 2731 3383 2823 3438; x_wconf 84' lang='grc' dir='ltr'><strong>τὸν</strong></span> <span class='ocrx_word' id='word_1_710' title='bbox 2864 3385 3032 3438; x_wconf 80' lang='grc' dir='ltr'>ταῦτα</span> <span class='ocrx_word' id='word_1_711' title='bbox 3079 3385 3324 3454; x_wconf 75' lang='grc' dir='ltr'>λέγονταο</span> <span class='ocrx_word' id='word_1_712' title='bbox 3353 3387 3471 3452; x_wconf 77' lang='grc' dir='ltr'>ἑνὸς</span> <span class='ocrx_word' id='word_1_713' title='bbox 3494 3389 3601 3460; x_wconf 90' lang='grc' dir='ltr'><strong>γάρ</strong></span> <span class='ocrx_word' id='word_1_714' title='bbox 3623 3393 3764 3452; x_wconf 86' lang='grc' dir='ltr'>ἐστι,</span> 
     </span>
    </p>
   </div>
   <div class='ocr_carea' id='block_1_80' title="bbox 2203 3473 3764 3549">
    <p class='ocr_par' dir='ltr' id='par_1_80' title="bbox 2203 3473 3764 3549">
     <span class='ocr_line' id='line_1_80' title="bbox 2203 3473 3764 3549; baseline 0.003 -23"><span class='ocrx_word' id='word_1_715' title='bbox 2203 3495 2221 3526; x_wconf 79' lang='grc' dir='ltr'>ι</span> <span class='ocrx_word' id='word_1_716' title='bbox 2261 3473 2555 3537; x_wconf 81' lang='grc' dir='ltr'>κάνταῦθα,</span> <span class='ocrx_word' id='word_1_717' title='bbox 2610 3474 2899 3546; x_wconf 85' lang='grc' dir='ltr'>προσώπου</span> <span class='ocrx_word' id='word_1_718' title='bbox 2949 3478 2981 3546; x_wconf 80' lang='grc' dir='ltr'><strong>ἡ</strong></span> <span class='ocrx_word' id='word_1_719' title='bbox 3019 3475 3284 3546; x_wconf 84' lang='grc' dir='ltr'>λεγομένη</span> <span class='ocrx_word' id='word_1_720' title='bbox 3329 3480 3498 3549; x_wconf 79' lang='grc' dir='ltr'>ῥῆσις.</span> <span class='ocrx_word' id='word_1_721' title='bbox 3541 3479 3634 3540; x_wconf 84' lang='grc' dir='ltr'><strong>Τίς</strong></span> <span class='ocrx_word' id='word_1_722' title='bbox 3665 3473 3764 3530; x_wconf 79' lang='grc' dir='ltr'><strong>οὖν</strong></span> 
     </span>
    </p>
   </div>
   <div class='ocr_carea' id='block_1_81' title="bbox 2202 3565 3762 3638">
    <p class='ocr_par' dir='ltr' id='par_1_81' title="bbox 2202 3565 3762 3638">
     <span class='ocr_line' id='line_1_81' title="bbox 2202 3565 3762 3638; baseline 0.003 -21"><span class='ocrx_word' id='word_1_723' title='bbox 2202 3586 2219 3614; x_wconf 69' lang='grc' dir='ltr'><em>ς</em></span> <span class='ocrx_word' id='word_1_724' title='bbox 2263 3568 2408 3618; x_wconf 79' lang='grc' dir='ltr'>ἐστιν</span> <span class='ocrx_word' id='word_1_725' title='bbox 2435 3567 2462 3618; x_wconf 87' lang='grc' dir='ltr'>ὀ</span> <span class='ocrx_word' id='word_1_726' title='bbox 2491 3565 2683 3634; x_wconf 85' lang='grc' dir='ltr'>λέγων,</span> <span class='ocrx_word' id='word_1_727' title='bbox 2707 3569 2827 3620; x_wconf 84' lang='grc' dir='ltr'><strong>Οὺκ</strong></span> <span class='ocrx_word' id='word_1_728' title='bbox 2854 3566 2985 3620; x_wconf 81' lang='grc' dir='ltr'>ἐστι</span> <span class='ocrx_word' id='word_1_729' title='bbox 3006 3568 3172 3637; x_wconf 79' lang='grc' dir='ltr'><strong>πλὴν</strong></span> <span class='ocrx_word' id='word_1_730' title='bbox 3189 3568 3334 3638; x_wconf 83' lang='grc' dir='ltr'>ἐμοῦ</span> <span class='ocrx_word' id='word_1_731' title='bbox 3354 3570 3522 3634; x_wconf 84' lang='grc' dir='ltr'>Θεός;</span> <span class='ocrx_word' id='word_1_732' title='bbox 3538 3570 3762 3622; x_wconf 82' lang='grc' dir='ltr'>Ἀκουέ-</span> 
     </span>
    </p>
   </div>
   <div class='ocr_carea' id='block_1_82' title="bbox 2203 3657 3766 3729">
    <p class='ocr_par' dir='ltr' id='par_1_82' title="bbox 2203 3657 3766 3729">
     <span class='ocr_line' id='line_1_82' title="bbox 2203 3657 3766 3729; baseline 0.005 -24"><span class='ocrx_word' id='word_1_733' title='bbox 2203 3676 2220 3705; x_wconf 77' lang='grc' dir='ltr'><em>ι</em></span> <span class='ocrx_word' id='word_1_734' title='bbox 2258 3674 2334 3710; x_wconf 93' lang='grc' dir='ltr'><strong>τω</strong></span> <span class='ocrx_word' id='word_1_735' title='bbox 2353 3657 2409 3711; x_wconf 81' lang='grc' dir='ltr'>δὲ</span> <span class='ocrx_word' id='word_1_736' title='bbox 2438 3657 2531 3710; x_wconf 70' lang='grc' dir='ltr'><strong>καὶ</strong></span> <span class='ocrx_word' id='word_1_737' title='bbox 2558 3657 2751 3727; x_wconf 83' lang='grc' dir='ltr'>ἑτέρας</span> <span class='ocrx_word' id='word_1_738' title='bbox 2787 3658 3120 3729; x_wconf 86' lang='grc' dir='ltr'>προφητείας</span> <span class='ocrx_word' id='word_1_739' title='bbox 3162 3659 3441 3729; x_wconf 81' lang='grc' dir='ltr'>λεγούσης,</span> <span class='ocrx_word' id='word_1_740' title='bbox 3481 3661 3602 3712; x_wconf 80' lang='grc' dir='ltr'><strong>Οὐκ</strong></span> <span class='ocrx_word' id='word_1_741' title='bbox 3628 3659 3766 3713; x_wconf 82' lang='grc' dir='ltr'>ἔστι</span> 
     </span>
    </p>
   </div>
   <div class='ocr_carea' id='block_1_83' title="bbox 2203 3743 3764 3815">
    <p class='ocr_par' dir='ltr' id='par_1_83' title="bbox 2203 3743 3764 3815">
     <span class='ocr_line' id='line_1_83' title="bbox 2203 3743 3764 3815; baseline 0.003 -19"><span class='ocrx_word' id='word_1_742' title='bbox 2203 3766 2219 3796; x_wconf 76' lang='grc' dir='ltr'><em>ι</em></span> <span class='ocrx_word' id='word_1_743' title='bbox 2259 3745 2424 3812; x_wconf 75' lang='grc' dir='ltr'><strong>πλὴν</strong></span> <span class='ocrx_word' id='word_1_744' title='bbox 2449 3744 2595 3814; x_wconf 84' lang='grc' dir='ltr'>ἐμοῦ</span> <span class='ocrx_word' id='word_1_745' title='bbox 2621 3745 2848 3810; x_wconf 84' lang='grc' dir='ltr'>δίκαιος</span> <span class='ocrx_word' id='word_1_746' title='bbox 2877 3745 2973 3798; x_wconf 79' lang='grc' dir='ltr'>καὶ</span> <span class='ocrx_word' id='word_1_747' title='bbox 3001 3745 3218 3815; x_wconf 81' lang='grc' dir='ltr'>Σωτήρ.</span> <span class='ocrx_word' id='word_1_748' title='bbox 3246 3749 3306 3800; x_wconf 79' lang='lat' dir='ltr'><strong>Et</strong></span> <span class='ocrx_word' id='word_1_749' title='bbox 3325 3749 3416 3801; x_wconf 86' lang='grc' dir='ltr'><strong>δύο</strong></span> <span class='ocrx_word' id='word_1_750' title='bbox 3453 3747 3608 3810; x_wconf 76' lang='grc' dir='ltr'>θεοὺς</span> <span class='ocrx_word' id='word_1_751' title='bbox 3623 3743 3764 3802; x_wconf 78' lang='grc' dir='ltr'>εἶναι</span> 
     </span>
    </p>
   </div>
   <div class='ocr_carea' id='block_1_84' title="bbox 2203 3836 3762 3910">
    <p class='ocr_par' dir='ltr' id='par_1_84' title="bbox 2203 3836 3762 3910">
     <span class='ocr_line' id='line_1_84' title="bbox 2203 3836 3762 3910; baseline 0.004 -24"><span class='ocrx_word' id='word_1_752' title='bbox 2203 3859 2218 3884; x_wconf 75' lang='grc' dir='ltr'><strong>ι</strong></span> <span class='ocrx_word' id='word_1_753' title='bbox 2255 3837 2481 3906; x_wconf 78' lang='grc' dir='ltr'>νομίζοι,</span> <span class='ocrx_word' id='word_1_754' title='bbox 2516 3836 2724 3907; x_wconf 83' lang='grc' dir='ltr'>ἀνάγκη</span> <span class='ocrx_word' id='word_1_755' title='bbox 2759 3837 2918 3890; x_wconf 74' lang='grc' dir='ltr'>αὑτὸν</span> <span class='ocrx_word' id='word_1_756' title='bbox 2948 3836 3044 3891; x_wconf 77' lang='grc' dir='ltr'><strong>τὸν</strong></span> <span class='ocrx_word' id='word_1_757' title='bbox 3072 3837 3254 3908; x_wconf 74' lang='grc' dir='ltr'>ἕτερον</span> <span class='ocrx_word' id='word_1_758' title='bbox 3298 3838 3372 3908; x_wconf 83' lang='grc' dir='ltr'>μὴ</span> <span class='ocrx_word' id='word_1_759' title='bbox 3400 3838 3604 3892; x_wconf 88' lang='grc' dir='ltr'>δίκαιον</span> <span class='ocrx_word' id='word_1_760' title='bbox 3627 3841 3762 3910; x_wconf 85' lang='grc' dir='ltr'>ὁμο-</span> 
     </span>
    </p>
   </div>
   <div class='ocr_carea' id='block_1_85' title="bbox 2201 3923 3762 4000">
    <p class='ocr_par' dir='ltr' id='par_1_85' title="bbox 2201 3923 3762 4000">
     <span class='ocr_line' id='line_1_85' title="bbox 2201 3923 3762 4000; baseline 0.003 -23"><span class='ocrx_word' id='word_1_761' title='bbox 2201 3946 2220 3976; x_wconf 78' lang='grc' dir='ltr'><em>ι</em></span> <span class='ocrx_word' id='word_1_762' title='bbox 2252 3927 2423 3996; x_wconf 82' lang='grc' dir='ltr'>λογείν</span> <span class='ocrx_word' id='word_1_763' title='bbox 2455 3923 2592 3981; x_wconf 75' lang='grc' dir='ltr'>εἶναι</span> <span class='ocrx_word' id='word_1_764' title='bbox 2622 3928 2756 4000; x_wconf 81' lang='grc' dir='ltr'>μηδὲ</span> <span class='ocrx_word' id='word_1_765' title='bbox 2803 3928 3027 3999; x_wconf 86' lang='grc' dir='ltr'>Σωτῆρα</span> <span class='ocrx_word' id='word_1_766' title='bbox 3085 3929 3219 3999; x_wconf 78' lang='grc'>(91).</span> <span class='ocrx_word' id='word_1_767' title='bbox 3257 3930 3319 3982; x_wconf 80' lang='grc' dir='ltr'><strong>Εἰ</strong></span> <span class='ocrx_word' id='word_1_768' title='bbox 3365 3929 3422 3982; x_wconf 84' lang='grc' dir='ltr'>δὲ</span> <span class='ocrx_word' id='word_1_769' title='bbox 3448 3931 3507 3982; x_wconf 86' lang='grc' dir='ltr'><strong>ού</strong></span> <span class='ocrx_word' id='word_1_770' title='bbox 3532 3930 3762 3997; x_wconf 85' lang='grc' dir='ltr'>δίκαιος,</span> 
     </span>
    </p>
   </div>
   <div class='ocr_carea' id='block_1_86' title="bbox 2202 4014 3767 4088">
    <p class='ocr_par' dir='ltr' id='par_1_86' title="bbox 2202 4014 3767 4088">
     <span class='ocr_line' id='line_1_86' title="bbox 2202 4014 3767 4088; baseline 0.005 -22"><span class='ocrx_word' id='word_1_771' title='bbox 2202 4042 2218 4066; x_wconf 74' lang='grc' dir='ltr'><strong>ι</strong></span> <span class='ocrx_word' id='word_1_772' title='bbox 2261 4018 2378 4070; x_wconf 82' lang='grc' dir='ltr'>οὐδὲ</span> <span class='ocrx_word' id='word_1_773' title='bbox 2403 4018 2609 4088; x_wconf 83' lang='grc' dir='ltr'>Σωτὴρ,</span> <span class='ocrx_word' id='word_1_774' title='bbox 2644 4018 2761 4081; x_wconf 86' lang='grc' dir='ltr'><strong>πῶς</strong></span> <span class='ocrx_word' id='word_1_775' title='bbox 2811 4018 2890 4070; x_wconf 76' lang='grc' dir='ltr'>ἔτι</span> <span class='ocrx_word' id='word_1_776' title='bbox 2925 4018 3036 4088; x_wconf 69' lang='grc'>(92)</span> <span class='ocrx_word' id='word_1_777' title='bbox 3059 4018 3189 4081; x_wconf 83' lang='grc' dir='ltr'>Θεὸς</span> <span class='ocrx_word' id='word_1_778' title='bbox 3219 4014 3357 4073; x_wconf 86' lang='grc' dir='ltr'>εἷναι</span> <span class='ocrx_word' id='word_1_779' title='bbox 3383 4020 3633 4084; x_wconf 86' lang='grc' dir='ltr'>δύναται;</span> <span class='ocrx_word' id='word_1_780' title='bbox 3665 4019 3767 4074; x_wconf 72' lang='grc' dir='ltr'><strong>ἕνα</strong></span> 
     </span>
    </p>
   </div>
   <div class='ocr_carea' id='block_1_87' title="bbox 2202 4108 3766 4180">
    <p class='ocr_par' dir='ltr' id='par_1_87' title="bbox 2202 4108 3766 4180">
     <span class='ocr_line' id='line_1_87' title="bbox 2202 4108 3766 4180; baseline 0.001 -20"><span class='ocrx_word' id='word_1_781' title='bbox 2202 4131 2219 4160; x_wconf 74' lang='grc' dir='ltr'><strong>ε</strong></span> <span class='ocrx_word' id='word_1_782' title='bbox 2261 4109 2369 4180; x_wconf 79' lang='grc' dir='ltr'>γὰρ</span> <span class='ocrx_word' id='word_1_783' title='bbox 2409 4110 2763 4179; x_wconf 82' lang='grc' dir='ltr'>ἀποφαίνεται</span> <span class='ocrx_word' id='word_1_784' title='bbox 2808 4110 3015 4164; x_wconf 85' lang='grc' dir='ltr'>δίκαιον</span> <span class='ocrx_word' id='word_1_785' title='bbox 3071 4110 3163 4163; x_wconf 72' lang='grc' dir='ltr'><strong>καὶ</strong></span> <span class='ocrx_word' id='word_1_786' title='bbox 3197 4111 3426 4180; x_wconf 78' lang='grc' dir='ltr'>Σωτῆρα</span> <span class='ocrx_word' id='word_1_787' title='bbox 3458 4108 3616 4163; x_wconf 84' lang='grc' dir='ltr'>εἶναι.</span> <span class='ocrx_word' id='word_1_788' title='bbox 3652 4110 3766 4163; x_wconf 78' lang='grc' dir='ltr'>Καὶ</span> 
     </span>
    </p>
   </div>
   <div class='ocr_carea' id='block_1_88' title="bbox 2203 4198 3765 4271">
    <p class='ocr_par' dir='ltr' id='par_1_88' title="bbox 2203 4198 3765 4271">
     <span class='ocr_line' id='line_1_88' title="bbox 2203 4198 3765 4271; baseline 0.002 -20"><span class='ocrx_word' id='word_1_789' title='bbox 2203 4220 2219 4251; x_wconf 81' lang='grc' dir='ltr'><em>ι</em></span> <span class='ocrx_word' id='word_1_790' title='bbox 2253 4198 2424 4264; x_wconf 82' lang='grc' dir='ltr'>αὖθις,</span> <span class='ocrx_word' id='word_1_791' title='bbox 2462 4200 2832 4271; x_wconf 62' lang='grc' dir='ltr'>Ἕμπροσθέν</span> <span class='ocrx_word' id='word_1_792' title='bbox 2853 4220 2978 4270; x_wconf 72' lang='grc' dir='ltr'><strong>μου</strong></span> <span class='ocrx_word' id='word_1_793' title='bbox 3012 4201 3145 4271; x_wconf 80' lang='grc'>(95),</span> <span class='ocrx_word' id='word_1_794' title='bbox 3177 4201 3358 4271; x_wconf 67' lang='grc' dir='ltr'>φησιν,</span> <span class='ocrx_word' id='word_1_795' title='bbox 3389 4203 3500 4254; x_wconf 81' lang='grc' dir='ltr'>οὐκ</span> <span class='ocrx_word' id='word_1_796' title='bbox 3529 4200 3765 4271; x_wconf 79' lang='grc' dir='ltr'>ἐγένετο</span> 
     </span>
    </p>
   </div>
   <div class='ocr_carea' id='block_1_89' title="bbox 2202 4277 3765 4362">
    <p class='ocr_par' dir='ltr' id='par_1_89' title="bbox 2202 4277 3765 4362">
     <span class='ocr_line' id='line_1_89' title="bbox 2202 4277 3765 4362; baseline 0 -19"><span class='ocrx_word' id='word_1_797' title='bbox 2202 4313 2220 4343; x_wconf 73' lang='grc' dir='ltr'>ι</span> <span class='ocrx_word' id='word_1_798' title='bbox 2261 4291 2466 4357; x_wconf 68' lang='grc' dir='ltr'>ἄλλος,</span> <span class='ocrx_word' id='word_1_799' title='bbox 2486 4293 2582 4346; x_wconf 82' lang='grc' dir='ltr'>καὶ</span> <span class='ocrx_word' id='word_1_800' title='bbox 2620 4294 2744 4362; x_wconf 78' lang='grc' dir='ltr'>μετ’</span> <span class='ocrx_word' id='word_1_801' title='bbox 2775 4291 2879 4361; x_wconf 84' lang='grc' dir='ltr'><strong>ἐμὲ</strong></span> <span class='ocrx_word' id='word_1_802' title='bbox 2909 4295 3020 4345; x_wconf 83' lang='grc' dir='ltr'>οὐκ</span> <span class='ocrx_word' id='word_1_803' title='bbox 3062 4291 3252 4346; x_wconf 78' lang='grc' dir='ltr'>ἔσται.</span> <span class='ocrx_word' id='word_1_804' title='bbox 3293 4292 3437 4361; x_wconf 73' lang='grc' dir='ltr'><strong>Ἐγὼ</strong></span> <span class='ocrx_word' id='word_1_805' title='bbox 3467 4277 3630 4357; x_wconf 69' lang='grc' dir='ltr'>Θεός,</span> <span class='ocrx_word' id='word_1_806' title='bbox 3667 4291 3765 4344; x_wconf 80' lang='grc' dir='ltr'>καὶ</span> 
     </span>
    </p>
   </div>
   <div class='ocr_carea' id='block_1_90' title="bbox 2205 4381 3766 4452">
    <p class='ocr_par' dir='ltr' id='par_1_90' title="bbox 2205 4381 3766 4452">
     <span class='ocr_line' id='line_1_90' title="bbox 2205 4381 3766 4452; baseline 0 -16"><span class='ocrx_word' id='word_1_807' title='bbox 2205 4405 2221 4436; x_wconf 80' lang='grc' dir='ltr'><strong>ι</strong></span> <span class='ocrx_word' id='word_1_808' title='bbox 2262 4387 2370 4440; x_wconf 80' lang='grc' dir='ltr'>οὐκ</span> <span class='ocrx_word' id='word_1_809' title='bbox 2395 4385 2564 4438; x_wconf 76' lang='grc' dir='ltr'>ἔσται</span> <span class='ocrx_word' id='word_1_810' title='bbox 2593 4384 2781 4452; x_wconf 79' lang='grc' dir='ltr'>παρὲξ</span> <span class='ocrx_word' id='word_1_811' title='bbox 2805 4383 2948 4452; x_wconf 84' lang='grc' dir='ltr'>ἐμοῦ</span> <span class='ocrx_word' id='word_1_812' title='bbox 2978 4381 3194 4442; x_wconf 75' lang='grc' dir='ltr'><strong>σώζων.</strong></span> <span class='ocrx_word' id='word_1_813' title='bbox 3221 4384 3283 4436; x_wconf 86' lang='grc' dir='ltr'>Εἰ</span> <span class='ocrx_word' id='word_1_814' title='bbox 3309 4383 3367 4435; x_wconf 77' lang='grc' dir='ltr'>δὲ</span> <span class='ocrx_word' id='word_1_815' title='bbox 3394 4382 3637 4452; x_wconf 86' lang='grc' dir='ltr'>βούλεται</span> <span class='ocrx_word' id='word_1_816' title='bbox 3669 4385 3766 4437; x_wconf 71' lang='grc' dir='ltr'>καὶ</span> 
     </span>
    </p>
   </div>
   <div class='ocr_carea' id='block_1_91' title="bbox 2203 4470 3766 4544">
    <p class='ocr_par' dir='ltr' id='par_1_91' title="bbox 2203 4470 3766 4544">
     <span class='ocr_line' id='line_1_91' title="bbox 2203 4470 3766 4544; baseline -0.003 -17"><span class='ocrx_word' id='word_1_817' title='bbox 2203 4494 2221 4526; x_wconf 82' lang='grc' dir='ltr'><em>ι</em></span> <span class='ocrx_word' id='word_1_818' title='bbox 2255 4476 2441 4543; x_wconf 81' lang='grc' dir='ltr'>ἑτέρου</span> <span class='ocrx_word' id='word_1_819' title='bbox 2489 4470 2822 4544; x_wconf 80' lang='grc' dir='ltr'>προφητικοῦ</span> <span class='ocrx_word' id='word_1_820' title='bbox 2861 4470 3088 4525; x_wconf 80' lang='grc' dir='ltr'>ἀκοῦσαι</span> <span class='ocrx_word' id='word_1_821' title='bbox 3118 4471 3300 4542; x_wconf 80' lang='grc' dir='ltr'>ῥητοῦ,</span> <span class='ocrx_word' id='word_1_822' title='bbox 3335 4472 3474 4540; x_wconf 83' lang='grc' dir='ltr'>τάχα</span> <span class='ocrx_word' id='word_1_823' title='bbox 3505 4489 3606 4525; x_wconf 88' lang='grc' dir='ltr'><strong>που</strong></span> <span class='ocrx_word' id='word_1_824' title='bbox 3629 4472 3766 4542; x_wconf 85' lang='grc' dir='ltr'>πρὸς</span> 
     </span>
    </p>
   </div>
   <div class='ocr_carea' id='block_1_92' title="bbox 2205 4561 3766 4634">
    <p class='ocr_par' dir='ltr' id='par_1_92' title="bbox 2205 4561 3766 4634">
     <span class='ocr_line' id='line_1_92' title="bbox 2205 4561 3766 4634; baseline -0.001 -19"><span class='ocrx_word' id='word_1_825' title='bbox 2205 4585 2220 4615; x_wconf 78' lang='grc' dir='ltr'><strong>ι</strong></span> <span class='ocrx_word' id='word_1_826' title='bbox 2254 4565 2412 4618; x_wconf 80' lang='grc' dir='ltr'>αὑτὸν</span> <span class='ocrx_word' id='word_1_827' title='bbox 2441 4564 2536 4617; x_wconf 74' lang='grc' dir='ltr'>καὶ</span> <span class='ocrx_word' id='word_1_828' title='bbox 2567 4565 2692 4626; x_wconf 80' lang='grc' dir='ltr'>τοὺς</span> <span class='ocrx_word' id='word_1_829' title='bbox 2724 4561 2924 4632; x_wconf 85' lang='grc' dir='ltr'>ὁμοίως</span> <span class='ocrx_word' id='word_1_830' title='bbox 2952 4563 3079 4634; x_wconf 74' lang='grc' dir='ltr'><strong>περ)⁹</strong></span> <span class='ocrx_word' id='word_1_831' title='bbox 3105 4561 3353 4632; x_wconf 79' lang='grc' dir='ltr'>θεότητος</span> <span class='ocrx_word' id='word_1_832' title='bbox 3385 4561 3533 4632; x_wconf 85' lang='grc' dir='ltr'>αὑτῷ</span> <span class='ocrx_word' id='word_1_833' title='bbox 3563 4563 3766 4616; x_wconf 73' lang='grc' dir='ltr'>διακει-</span> 
     </span>
    </p>
   </div>
   <div class='ocr_carea' id='block_1_93' title="bbox 543 4631 2095 4730">
    <p class='ocr_par' dir='ltr' id='par_1_93' title="bbox 543 4657 2090 4730">
     <span class='ocr_line' id='line_1_93' title="bbox 543 4657 2090 4730; baseline 0.002 -21"><span class='ocrx_word' id='word_1_834' title='bbox 543 4678 561 4709; x_wconf 75' lang='grc' dir='ltr'>ι</span> <span class='ocrx_word' id='word_1_835' title='bbox 605 4659 840 4714; x_wconf 53' lang='grc' dir='ltr'>ιιλιίιιὶιιιὶε</span> <span class='ocrx_word' id='word_1_836' title='bbox 891 4661 981 4730; x_wconf 91' lang='lat' dir='ltr'><strong>qui</strong></span> <span class='ocrx_word' id='word_1_837' title='bbox 1019 4661 1168 4730; x_wconf 87' lang='lat' dir='ltr'><strong>paria</strong></span> <span class='ocrx_word' id='word_1_838' title='bbox 1208 4660 1444 4714; x_wconf 86' lang='lat' dir='ltr'><strong>sentiant</strong></span> <span class='ocrx_word' id='word_1_839' title='bbox 1498 4658 1565 4713; x_wconf 90' lang='lat' dir='ltr'><strong>de</strong></span> <span class='ocrx_word' id='word_1_840' title='bbox 1602 4657 1821 4720; x_wconf 84' lang='lat' dir='ltr'><strong>deitate,</strong></span> <span class='ocrx_word' id='word_1_841' title='bbox 1873 4660 2090 4714; x_wconf 84' lang='lat' dir='ltr'><strong>audiat:</strong></span> 
     </span>
    </p>
   </div>
   <div class='ocr_carea' id='block_1_94' title="bbox 2203 4631 3767 4730">
    <p class='ocr_par' dir='ltr' id='par_1_94' title="bbox 2210 4631 3767 4726">
     <span class='ocr_line' id='line_1_94' title="bbox 2210 4631 3767 4726; baseline -0.001 -19"><span class='ocrx_word' id='word_1_842' title='bbox 2210 4677 2226 4707; x_wconf 82' lang='grc' dir='ltr'><strong>ι</strong></span> <span class='ocrx_word' id='word_1_843' title='bbox 2272 4658 2460 4726; x_wconf 85' lang='grc' dir='ltr'>μένους</span> <span class='ocrx_word' id='word_1_844' title='bbox 2483 4631 2769 4724; x_wconf 79' lang='grc' dir='ltr'>λεχθέντος</span> <span class='ocrx_word' id='word_1_845' title='bbox 2795 4653 2925 4723; x_wconf 70' lang='grc'>(94),</span> <span class='ocrx_word' id='word_1_846' title='bbox 2949 4631 3191 4706; x_wconf 84' lang='grc' dir='ltr'>ἀκουέτω</span> <span class='ocrx_word' id='word_1_847' title='bbox 3223 4631 3385 4705; x_wconf 82' lang='grc' dir='ltr'>αὐτοῦ</span> <span class='ocrx_word' id='word_1_848' title='bbox 3427 4631 3644 4706; x_wconf 79' lang='grc' dir='ltr'>Ἡσαΐου</span> <span class='ocrx_word' id='word_1_849' title='bbox 3677 4653 3767 4706; x_wconf 86' lang='grc' dir='ltr'>λέ-</span> 
     </span>
    </p>
   </div>
   <div class='ocr_carea' id='block_1_95' title="bbox 543 4745 2097 4817">
    <p class='ocr_par' dir='ltr' id='par_1_95' title="bbox 543 4745 2097 4817">
     <span class='ocr_line' id='line_1_95' title="bbox 543 4745 2097 4817; baseline 0.003 -20"><span class='ocrx_word' id='word_1_850' title='bbox 543 4765 561 4797; x_wconf 76' lang='grc' dir='ltr'><strong>ι</strong></span> <span class='ocrx_word' id='word_1_851' title='bbox 603 4745 905 4816; x_wconf 75' lang='lat' dir='ltr'><strong>liesipiscite</strong></span> <span class='ocrx_word' id='word_1_852' title='bbox 939 4749 1028 4817; x_wconf 84' lang='lat' dir='ltr'><strong>qui</strong></span> <span class='ocrx_word' id='word_1_853' title='bbox 1065 4748 1274 4813; x_wconf 86' lang='lat' dir='ltr'><strong>erratis,</strong></span> <span class='ocrx_word' id='word_1_854' title='bbox 1307 4745 1666 4801; x_wconf 82' lang='lat' dir='ltr'><strong>convertimini</strong></span> <span class='ocrx_word' id='word_1_855' title='bbox 1684 4747 1839 4800; x_wconf 89' lang='lat' dir='ltr'><strong>corde</strong></span> <span class='ocrx_word' id='word_1_856' title='bbox 1869 4759 1914 4800; x_wconf 84' lang='lat' dir='ltr'><strong>et</strong></span> <span class='ocrx_word' id='word_1_857' title='bbox 1943 4749 2097 4801; x_wconf 85' lang='lat' dir='ltr'><strong>remi—</strong></span> 
     </span>
    </p>
   </div>
   <div class='ocr_carea' id='block_1_96' title="bbox 541 4819 2095 4907">
    <p class='ocr_par' dir='ltr' id='par_1_96' title="bbox 541 4819 2095 4907">
     <span class='ocr_line' id='line_1_96' title="bbox 541 4819 2095 4907; baseline 0.001 -17"><span class='ocrx_word' id='word_1_858' title='bbox 541 4858 559 4890; x_wconf 77' lang='grc' dir='ltr'><em>ι</em></span> <span class='ocrx_word' id='word_1_859' title='bbox 597 4819 868 4892; x_wconf 65' lang='grc' dir='ltr'>νῖίεεειιιὶηἰ</span> <span class='ocrx_word' id='word_1_860' title='bbox 911 4840 1112 4906; x_wconf 84' lang='lat' dir='ltr'><strong>priora,</strong></span> <span class='ocrx_word' id='word_1_861' title='bbox 1141 4841 1206 4893; x_wconf 86' lang='lat' dir='ltr'><strong>ab</strong></span> <span class='ocrx_word' id='word_1_862' title='bbox 1236 4841 1376 4893; x_wconf 87' lang='lat' dir='ltr'><strong>omni</strong></span> <span class='ocrx_word' id='word_1_863' title='bbox 1421 4837 1638 4905; x_wconf 80' lang='grc' dir='ltr'>ειεειιίο,</span> <span class='ocrx_word' id='word_1_864' title='bbox 1688 4840 1827 4907; x_wconf 70' lang='lat' dir='ltr'><strong>Quod</strong></span> <span class='ocrx_word' id='word_1_865' title='bbox 1874 4855 1966 4907; x_wconf 89' lang='lat' dir='ltr'><strong>ego</strong></span> <span class='ocrx_word' id='word_1_866' title='bbox 2009 4838 2095 4892; x_wconf 76' lang='lat' dir='ltr'><strong>ille</strong></span> 
     </span>
    </p>
   </div>
   <div class='ocr_carea' id='block_1_97' title="bbox 542 4928 2093 5000">
    <p class='ocr_par' dir='ltr' id='par_1_97' title="bbox 542 4928 2093 5000">
     <span class='ocr_line' id='line_1_97' title="bbox 542 4928 2093 5000; baseline 0.003 -20"><span class='ocrx_word' id='word_1_867' title='bbox 542 4949 560 4980; x_wconf 76' lang='grc' dir='ltr'><strong>ε</strong></span> <span class='ocrx_word' id='word_1_868' title='bbox 607 4928 769 4996; x_wconf 82' lang='lat' dir='ltr'><strong>Deus,</strong></span> <span class='ocrx_word' id='word_1_869' title='bbox 797 4939 845 4984; x_wconf 89' lang='lat' dir='ltr'><strong>et</strong></span> <span class='ocrx_word' id='word_1_870' title='bbox 871 4947 973 4984; x_wconf 80' lang='lat' dir='ltr'><strong>non</strong></span> <span class='ocrx_word' id='word_1_871' title='bbox 994 4939 1070 4985; x_wconf 85' lang='grc' dir='ltr'><strong>εει</strong></span> <span class='ocrx_word' id='word_1_872' title='bbox 1091 4941 1282 5000; x_wconf 74' lang='lat' dir='ltr'><strong>praeter</strong></span> <span class='ocrx_word' id='word_1_873' title='bbox 1309 4949 1388 4986; x_wconf 78' lang='lat' dir='ltr'><strong>me</strong></span> <span class='ocrx_word' id='word_1_874' title='bbox 1414 4931 1479 4982; x_wconf 83' lang='grc'><strong>³¹.</strong></span> <span class='ocrx_word' id='word_1_875' title='bbox 1500 4928 1614 4984; x_wconf 83' lang='grc' dir='ltr'>Νοη</span> <span class='ocrx_word' id='word_1_876' title='bbox 1638 4929 1899 4999; x_wconf 77' lang='lat' dir='ltr'><strong>dixit,ego</strong></span> <span class='ocrx_word' id='word_1_877' title='bbox 1931 4932 2093 4996; x_wconf 84' lang='lat' dir='ltr'><strong>Deus,</strong></span> 
     </span>
    </p>
   </div>
   <div class='ocr_carea' id='block_1_98' title="bbox 542 5022 2096 5089">
    <p class='ocr_par' dir='ltr' id='par_1_98' title="bbox 542 5022 2096 5089">
     <span class='ocr_line' id='line_1_98' title="bbox 542 5022 2096 5089; baseline 0.003 -17"><span class='ocrx_word' id='word_1_878' title='bbox 542 5042 558 5072; x_wconf 75' lang='grc' dir='ltr'>σ</span> <span class='ocrx_word' id='word_1_879' title='bbox 604 5022 696 5077; x_wconf 85' lang='lat' dir='ltr'><strong>sed</strong></span> <span class='ocrx_word' id='word_1_880' title='bbox 716 5031 774 5076; x_wconf 89' lang='lat' dir='ltr'><strong>ut</strong></span> <span class='ocrx_word' id='word_1_881' title='bbox 807 5022 993 5076; x_wconf 91' lang='lat' dir='ltr'><strong>addito</strong></span> <span class='ocrx_word' id='word_1_882' title='bbox 1015 5022 1265 5089; x_wconf 85' lang='lat' dir='ltr'><strong>articulo,</strong></span> <span class='ocrx_word' id='word_1_883' title='bbox 1313 5023 1422 5089; x_wconf 89' lang='lat' dir='ltr'><strong>ille,</strong></span> <span class='ocrx_word' id='word_1_884' title='bbox 1467 5037 1632 5077; x_wconf 91' lang='lat' dir='ltr'><strong>unum</strong></span> <span class='ocrx_word' id='word_1_885' title='bbox 1665 5022 1831 5076; x_wconf 87' lang='lat' dir='ltr'><strong>Deum</strong></span> <span class='ocrx_word' id='word_1_886' title='bbox 1867 5023 2096 5078; x_wconf 86' lang='lat' dir='ltr'><strong>manife-</strong></span> 
     </span>
    </p>
   </div>
   <div class='ocr_carea' id='block_1_99' title="bbox 541 5113 2093 5186">
    <p class='ocr_par' dir='ltr' id='par_1_99' title="bbox 541 5113 2093 5186">
     <span class='ocr_line' id='line_1_99' title="bbox 541 5113 2093 5186; baseline 0.002 -21"><span class='ocrx_word' id='word_1_887' title='bbox 541 5134 559 5165; x_wconf 80' lang='grc' dir='ltr'><strong>ι</strong></span> <span class='ocrx_word' id='word_1_888' title='bbox 601 5123 790 5169; x_wconf 87' lang='lat' dir='ltr'><strong>staret.</strong></span> <span class='ocrx_word' id='word_1_889' title='bbox 829 5113 968 5181; x_wconf 83' lang='lat' dir='ltr'><strong>Quid</strong></span> <span class='ocrx_word' id='word_1_890' title='bbox 1020 5123 1196 5169; x_wconf 87' lang='lat' dir='ltr'><strong>autem</strong></span> <span class='ocrx_word' id='word_1_891' title='bbox 1246 5125 1301 5170; x_wconf 88' lang='lat' dir='ltr'><strong>et</strong></span> <span class='ocrx_word' id='word_1_892' title='bbox 1327 5115 1464 5170; x_wconf 86' lang='lat' dir='ltr'><strong>Osee</strong></span> <span class='ocrx_word' id='word_1_893' title='bbox 1497 5115 1795 5186; x_wconf 86' lang='lat' dir='ltr'><strong>propheta?</strong></span> <span class='ocrx_word' id='word_1_894' title='bbox 1837 5129 2013 5170; x_wconf 90' lang='lat' dir='ltr'><strong>nonne</strong></span> <span class='ocrx_word' id='word_1_895' title='bbox 2040 5122 2093 5169; x_wconf 88' lang='lat' dir='ltr'><strong>et</strong></span> 
     </span>
    </p>
   </div>
   <div class='ocr_carea' id='block_1_100' title="bbox 2209 4741 3769 4815">
    <p class='ocr_par' dir='ltr' id='par_1_100' title="bbox 2209 4741 3769 4815">
     <span class='ocr_line' id='line_1_100' title="bbox 2209 4741 3769 4815; baseline -0.003 -15"><span class='ocrx_word' id='word_1_896' title='bbox 2209 4767 2227 4800; x_wconf 83' lang='grc' dir='ltr'><em>ι</em></span> <span class='ocrx_word' id='word_1_897' title='bbox 2267 4764 2472 4815; x_wconf 86' lang='grc' dir='ltr'>γοντος,</span> <span class='ocrx_word' id='word_1_898' title='bbox 2508 4744 2948 4811; x_wconf 78' lang='grc' dir='ltr'>Μετανοήσατε,</span> <span class='ocrx_word' id='word_1_899' title='bbox 2975 4747 3028 4796; x_wconf 77' lang='grc' dir='ltr'>οἱ</span> <span class='ocrx_word' id='word_1_900' title='bbox 3067 4741 3458 4810; x_wconf 75' lang='grc' dir='ltr'>πλανώμενοι,</span> <span class='ocrx_word' id='word_1_901' title='bbox 3495 4743 3769 4811; x_wconf 77' lang='grc' dir='ltr'>ἐπιστρέ-</span> 
     </span>
    </p>
   </div>
   <div class='ocr_carea' id='block_1_101' title="bbox 2207 4834 3768 4907">
    <p class='ocr_par' dir='ltr' id='par_1_101' title="bbox 2207 4834 3768 4907">
     <span class='ocr_line' id='line_1_101' title="bbox 2207 4834 3768 4907; baseline -0.002 -16"><span class='ocrx_word' id='word_1_902' title='bbox 2207 4860 2225 4891; x_wconf 85' lang='grc'><strong>‹</strong></span> <span class='ocrx_word' id='word_1_903' title='bbox 2266 4843 2416 4907; x_wconf 54' lang='lat' dir='ltr'><strong>grate</strong></span> <span class='ocrx_word' id='word_1_904' title='bbox 2448 4837 2523 4906; x_wconf 74' lang='grc' dir='ltr'>τῇ</span> <span class='ocrx_word' id='word_1_905' title='bbox 2553 4836 2782 4905; x_wconf 80' lang='grc' dir='ltr'>καρδίᾳ,</span> <span class='ocrx_word' id='word_1_906' title='bbox 2811 4835 2906 4890; x_wconf 78' lang='grc' dir='ltr'>καὶ</span> <span class='ocrx_word' id='word_1_907' title='bbox 2919 4834 3230 4905; x_wconf 79' lang='grc' dir='ltr'>μνήσθητε</span> <span class='ocrx_word' id='word_1_908' title='bbox 3252 4835 3323 4888; x_wconf 86' lang='grc' dir='ltr'>τὰ</span> <span class='ocrx_word' id='word_1_909' title='bbox 3354 4836 3620 4903; x_wconf 76' lang='grc' dir='ltr'>πρότερα,</span> <span class='ocrx_word' id='word_1_910' title='bbox 3641 4834 3768 4888; x_wconf 73' lang='grc' dir='ltr'>ἀπὸ</span> 
     </span>
    </p>
   </div>
   <div class='ocr_carea' id='block_1_102' title="bbox 2208 4925 3769 4997">
    <p class='ocr_par' dir='ltr' id='par_1_102' title="bbox 2208 4925 3769 4997">
     <span class='ocr_line' id='line_1_102' title="bbox 2208 4925 3769 4997; baseline -0.003 -15"><span class='ocrx_word' id='word_1_911' title='bbox 2208 4951 2225 4982; x_wconf 84' lang='grc' dir='ltr'><em>ι</em></span> <span class='ocrx_word' id='word_1_912' title='bbox 2268 4930 2371 4984; x_wconf 88' lang='grc' dir='ltr'><strong>τοῦ</strong></span> <span class='ocrx_word' id='word_1_913' title='bbox 2400 4929 2631 4994; x_wconf 71' lang='grc' dir='ltr'>αἰῶνος,</span> <span class='ocrx_word' id='word_1_914' title='bbox 2666 4928 2754 4980; x_wconf 81' lang='grc' dir='ltr'><strong>ὅτι</strong></span> <span class='ocrx_word' id='word_1_915' title='bbox 2776 4926 2889 4997; x_wconf 72' lang='grc' dir='ltr'><strong>ἐγὼ</strong></span> <span class='ocrx_word' id='word_1_916' title='bbox 2912 4929 2944 4980; x_wconf 88' lang='grc' dir='ltr'>ό</span> <span class='ocrx_word' id='word_1_917' title='bbox 2989 4925 3150 4994; x_wconf 84' lang='grc' dir='ltr'>Θεὸς,</span> <span class='ocrx_word' id='word_1_918' title='bbox 3190 4925 3288 4979; x_wconf 76' lang='grc' dir='ltr'>καὶ</span> <span class='ocrx_word' id='word_1_919' title='bbox 3307 4929 3416 4980; x_wconf 83' lang='grc' dir='ltr'>οὐκ</span> <span class='ocrx_word' id='word_1_920' title='bbox 3446 4926 3575 4978; x_wconf 80' lang='grc' dir='ltr'>ἐστι</span> <span class='ocrx_word' id='word_1_921' title='bbox 3596 4925 3769 4992; x_wconf 66' lang='grc' dir='ltr'><strong>πλὴν</strong></span> 
     </span>
    </p>
   </div>
   <div class='ocr_carea' id='block_1_103' title="bbox 2206 5014 3766 5089">
    <p class='ocr_par' dir='ltr' id='par_1_103' title="bbox 2206 5014 3766 5089">
     <span class='ocr_line' id='line_1_103' title="bbox 2206 5014 3766 5089; baseline -0.003 -17"><span class='ocrx_word' id='word_1_922' title='bbox 2206 5041 2223 5072; x_wconf 81' lang='grc' dir='ltr'><em>ι</em></span> <span class='ocrx_word' id='word_1_923' title='bbox 2254 5021 2419 5089; x_wconf 83' lang='grc' dir='ltr'>ἐμοῦ.</span> <span class='ocrx_word' id='word_1_924' title='bbox 2453 5021 2564 5073; x_wconf 80' lang='grc' dir='ltr'><strong>Οὐκ</strong></span> <span class='ocrx_word' id='word_1_925' title='bbox 2608 5015 2781 5082; x_wconf 82' lang='grc' dir='ltr'>εἶπεν,</span> <span class='ocrx_word' id='word_1_926' title='bbox 2824 5018 2938 5086; x_wconf 75' lang='grc' dir='ltr'><strong>ἐγὼ</strong></span> <span class='ocrx_word' id='word_1_927' title='bbox 2976 5017 3136 5082; x_wconf 85' lang='grc' dir='ltr'>Θεὸς,</span> <span class='ocrx_word' id='word_1_928' title='bbox 3179 5017 3265 5070; x_wconf 81' lang='grc' dir='ltr'>ἴνα</span> <span class='ocrx_word' id='word_1_929' title='bbox 3307 5016 3400 5070; x_wconf 71' lang='grc' dir='ltr'>καὶ</span> <span class='ocrx_word' id='word_1_930' title='bbox 3426 5015 3512 5068; x_wconf 91' lang='grc' dir='ltr'><strong>διά</strong></span> <span class='ocrx_word' id='word_1_931' title='bbox 3542 5016 3641 5085; x_wconf 80' lang='grc' dir='ltr'>τῆς</span> <span class='ocrx_word' id='word_1_932' title='bbox 3667 5014 3766 5068; x_wconf 82' lang='grc' dir='ltr'><strong>τοῦ</strong></span> 
     </span>
    </p>
   </div>
   <div class='ocr_carea' id='block_1_104' title="bbox 2207 5105 3766 5183">
    <p class='ocr_par' dir='ltr' id='par_1_104' title="bbox 2207 5105 3766 5183">
     <span class='ocr_line' id='line_1_104' title="bbox 2207 5105 3766 5183; baseline -0.003 -20"><span class='ocrx_word' id='word_1_933' title='bbox 2207 5131 2223 5163; x_wconf 82' lang='grc' dir='ltr'><em>ι</em></span> <span class='ocrx_word' id='word_1_934' title='bbox 2267 5112 2469 5183; x_wconf 82' lang='grc' dir='ltr'>ἄρθρου</span> <span class='ocrx_word' id='word_1_935' title='bbox 2495 5109 2830 5182; x_wconf 83' lang='grc' dir='ltr'>προσθήκης,</span> <span class='ocrx_word' id='word_1_936' title='bbox 2860 5108 2955 5161; x_wconf 65' lang='grc' dir='ltr'><strong>ἕνα</strong></span> <span class='ocrx_word' id='word_1_937' title='bbox 2988 5107 3118 5161; x_wconf 82' lang='grc' dir='ltr'>Θεὸν</span> <span class='ocrx_word' id='word_1_938' title='bbox 3141 5107 3267 5162; x_wconf 77' lang='grc' dir='ltr'>ὅντα</span> <span class='ocrx_word' id='word_1_939' title='bbox 3294 5106 3477 5176; x_wconf 84' lang='grc' dir='ltr'>σαφῶς</span> <span class='ocrx_word' id='word_1_940' title='bbox 3499 5105 3766 5176; x_wconf 74' lang='grc' dir='ltr'>ἐπιδείξῃ.</span> 
     </span>
    </p>
   </div>
   <div class='ocr_carea' id='block_1_105' title="bbox 616 5223 2095 5302">
    <p class='ocr_par' dir='ltr' id='par_1_105' title="bbox 616 5229 2093 5302">
     <span class='ocr_line' id='line_1_105' title="bbox 616 5229 2093 5302; baseline 0.001 -19"><span class='ocrx_word' id='word_1_941' title='bbox 616 5235 673 5292; x_wconf 65' lang='lat' dir='ltr'><strong>r14</strong></span> <span class='ocrx_word' id='word_1_942' title='bbox 706 5229 816 5302; x_wconf 56' lang='lat' dir='ltr'><strong>Ed.</strong></span> <span class='ocrx_word' id='word_1_943' title='bbox 848 5230 1048 5295; x_wconf 89' lang='lat' dir='ltr'><strong>Paris.,</strong></span> <span class='ocrx_word' id='word_1_944' title='bbox 1075 5231 1326 5302; x_wconf 70' lang='lat' dir='ltr'><strong>pag.i33.</strong></span> <span class='ocrx_word' id='word_1_945' title='bbox 1405 5233 1454 5263; x_wconf 74' lang='grc'><strong>’⁸</strong></span> <span class='ocrx_word' id='word_1_946' title='bbox 1469 5231 1674 5302; x_wconf 74' lang='lat' dir='ltr'><strong>Baruch</strong></span> <span class='ocrx_word' id='word_1_947' title='bbox 1706 5229 1997 5297; x_wconf 46' lang='lat'><strong>&quot;536—58;</strong></span> <span class='ocrx_word' id='word_1_948' title='bbox 2072 5231 2093 5260; x_wconf 83' lang='lat'>&#39;</span> 
     </span>
    </p>
   </div>
   <div class='ocr_carea' id='block_1_106' title="bbox 2203 5223 3763 5302">
    <p class='ocr_par' dir='ltr' id='par_1_106' title="bbox 2203 5223 3763 5294">
     <span class='ocr_line' id='line_1_106' title="bbox 2203 5223 3763 5294; baseline -0.006 -11"><span class='ocrx_word' id='word_1_949' title='bbox 2203 5244 2252 5283; x_wconf 86' lang='lat' dir='ltr'><strong>a.</strong></span> <span class='ocrx_word' id='word_1_950' title='bbox 2283 5243 2404 5294; x_wconf 77' lang='grc' dir='ltr'>ιιν,</span> <span class='ocrx_word' id='word_1_951' title='bbox 2448 5226 2531 5280; x_wconf 74' lang='grc'><strong>14.</strong></span> <span class='ocrx_word' id='word_1_952' title='bbox 2609 5227 2654 5258; x_wconf 77' lang='grc'><strong>³⁷</strong></span> <span class='ocrx_word' id='word_1_953' title='bbox 2689 5226 2818 5281; x_wconf 82' lang='lat' dir='ltr'><strong>ibid.</strong></span> <span class='ocrx_word' id='word_1_954' title='bbox 2849 5225 2936 5280; x_wconf 75' lang='grc'><strong>18.</strong></span> <span class='ocrx_word' id='word_1_955' title='bbox 2962 5225 2974 5238; x_wconf 76' lang='grc'><strong><em>⁵</em></strong></span> <span class='ocrx_word' id='word_1_956' title='bbox 3016 5224 3062 5256; x_wconf 81' lang='grc'>⁸⁸</span> <span class='ocrx_word' id='word_1_957' title='bbox 3091 5224 3220 5280; x_wconf 84' lang='lat' dir='ltr'><strong>ibid.</strong></span> <span class='ocrx_word' id='word_1_958' title='bbox 3261 5225 3352 5280; x_wconf 79' lang='grc'><strong>21.</strong></span> <span class='ocrx_word' id='word_1_959' title='bbox 3426 5224 3470 5256; x_wconf 78' lang='grc'><strong>⁸³</strong></span> <span class='ocrx_word' id='word_1_960' title='bbox 3494 5223 3599 5278; x_wconf 88' lang='lat' dir='ltr'><strong>lsa.</strong></span> <span class='ocrx_word' id='word_1_961' title='bbox 3637 5239 3763 5290; x_wconf 65' lang='grc' dir='ltr'>ειν,</span> 
     </span>
    </p>
   </div>
   <div class='ocr_carea' id='block_1_107' title="bbox 535 5299 1711 5368">
    <p class='ocr_par' dir='ltr' id='par_1_107' title="bbox 535 5299 1711 5368">
     <span class='ocr_line' id='line_1_107' title="bbox 535 5299 1711 5368; baseline 0.002 -15"><span class='ocrx_word' id='word_1_962' title='bbox 535 5299 626 5358; x_wconf 76' lang='grc'><strong>21.</strong></span> <span class='ocrx_word' id='word_1_963' title='bbox 701 5301 746 5330; x_wconf 87' lang='grc'>³⁰</span> <span class='ocrx_word' id='word_1_964' title='bbox 784 5299 908 5356; x_wconf 88' lang='lat' dir='ltr'><strong>Osc.</strong></span> <span class='ocrx_word' id='word_1_965' title='bbox 939 5299 1168 5368; x_wconf 44' lang='lat' dir='ltr'><strong>xutﬂii</strong></span> <span class='ocrx_word' id='word_1_966' title='bbox 1228 5301 1270 5332; x_wconf 80' lang='grc'><strong>³⁸</strong></span> <span class='ocrx_word' id='word_1_967' title='bbox 1315 5302 1417 5356; x_wconf 86' lang='lat' dir='ltr'><strong>lsa.</strong></span> <span class='ocrx_word' id='word_1_968' title='bbox 1458 5316 1582 5366; x_wconf 74' lang='lat' dir='ltr'><strong>xu,</strong></span> <span class='ocrx_word' id='word_1_969' title='bbox 1620 5301 1711 5355; x_wconf 74' lang='lat'><strong>22.</strong></span> 
     </span>
    </p>
   </div>
   <div class='ocr_carea' id='block_1_108' title="bbox 608 5441 2097 5512">
    <p class='ocr_par' dir='ltr' id='par_1_108' title="bbox 608 5441 2097 5512">
     <span class='ocr_line' id='line_1_108' title="bbox 608 5441 2097 5512; baseline 0.001 -16"><span class='ocrx_word' id='word_1_970' title='bbox 608 5441 720 5512; x_wconf 85' lang='lat'><strong>(87)</strong></span> <span class='ocrx_word' id='word_1_971' title='bbox 758 5443 927 5511; x_wconf 81' lang='grc' dir='ltr'>Ἰερὸς</span> <span class='ocrx_word' id='word_1_972' title='bbox 981 5443 1289 5512; x_wconf 67' lang='grc' dir='ltr'>προφήτης</span> <span class='ocrx_word' id='word_1_973' title='bbox 1337 5442 1629 5512; x_wconf 75' lang='grc' dir='ltr'>Ἱερεμίας.</span> <span class='ocrx_word' id='word_1_974' title='bbox 1684 5442 1858 5498; x_wconf 87' lang='lat' dir='ltr'><strong>Locus</strong></span> <span class='ocrx_word' id='word_1_975' title='bbox 1907 5451 2008 5509; x_wconf 86' lang='lat' dir='ltr'><strong>est,</strong></span> <span class='ocrx_word' id='word_1_976' title='bbox 2045 5443 2097 5498; x_wconf 90' lang='lat' dir='ltr'><strong>in</strong></span> 
     </span>
    </p>
   </div>
   <div class='ocr_carea' id='block_1_109' title="bbox 541 5511 2098 5584">
    <p class='ocr_par' dir='ltr' id='par_1_109' title="bbox 541 5511 2098 5584">
     <span class='ocr_line' id='line_1_109' title="bbox 541 5511 2098 5584; baseline 0.003 -21"><span class='ocrx_word' id='word_1_977' title='bbox 541 5515 798 5584; x_wconf 78' lang='lat' dir='ltr'><strong>propheta</strong></span> <span class='ocrx_word' id='word_1_978' title='bbox 842 5513 1075 5576; x_wconf 83' lang='lat' dir='ltr'><strong>Baruch,</strong></span> <span class='ocrx_word' id='word_1_979' title='bbox 1100 5511 1230 5584; x_wconf 74' lang='lat' dir='ltr'><strong>cap.</strong></span> <span class='ocrx_word' id='word_1_980' title='bbox 1268 5528 1345 5584; x_wconf 66' lang='grc' dir='ltr'>ιιι,</span> <span class='ocrx_word' id='word_1_981' title='bbox 1371 5511 1471 5576; x_wconf 76' lang='grc' dir='ltr'><strong>5ἷ;</strong></span> <span class='ocrx_word' id='word_1_982' title='bbox 1502 5526 1714 5584; x_wconf 70' lang='lat' dir='ltr'><strong>veteres</strong></span> <span class='ocrx_word' id='word_1_983' title='bbox 1735 5514 1879 5568; x_wconf 77' lang='lat' dir='ltr'><strong>enim</strong></span> <span class='ocrx_word' id='word_1_984' title='bbox 1911 5512 2098 5573; x_wconf 85' lang='lat' dir='ltr'><strong>Patres</strong></span> 
     </span>
    </p>
   </div>
   <div class='ocr_carea' id='block_1_110' title="bbox 541 5580 1681 5649">
    <p class='ocr_par' dir='ltr' id='par_1_110' title="bbox 541 5580 1681 5649">
     <span class='ocr_line' id='line_1_110' title="bbox 541 5580 1681 5649; baseline 0.003 -17"><span class='ocrx_word' id='word_1_985' title='bbox 541 5583 735 5649; x_wconf 75' lang='lat' dir='ltr'><strong>passim</strong></span> <span class='ocrx_word' id='word_1_986' title='bbox 771 5583 975 5637; x_wconf 85' lang='lat' dir='ltr'><strong>Baruch</strong></span> <span class='ocrx_word' id='word_1_987' title='bbox 1006 5580 1283 5640; x_wconf 85' lang='lat' dir='ltr'><strong>ascribunt</strong></span> <span class='ocrx_word' id='word_1_988' title='bbox 1318 5580 1578 5637; x_wconf 75' lang='lat' dir='ltr'><strong>Jeretttiue.</strong></span> <span class='ocrx_word' id='word_1_989' title='bbox 1611 5581 1681 5635; x_wconf 83' lang='grc' dir='ltr'><strong>Μ.</strong></span> 
     </span>
    </p>
   </div>
   <div class='ocr_carea' id='block_1_111' title="bbox 611 5651 1050 5722">
    <p class='ocr_par' dir='ltr' id='par_1_111' title="bbox 611 5651 1050 5722">
     <span class='ocr_line' id='line_1_111' title="bbox 611 5651 1050 5722; baseline 0.007 -21"><span class='ocrx_word' id='word_1_990' title='bbox 611 5651 722 5722; x_wconf 61' lang='grc'>(88)</span> <span class='ocrx_word' id='word_1_991' title='bbox 755 5651 922 5704; x_wconf 81' lang='grc' dir='ltr'>Τοῦτο</span> <span class='ocrx_word' id='word_1_992' title='bbox 942 5653 1050 5722; x_wconf 64' lang='grc' dir='ltr'><strong>Μρα</strong></span> 
     </span>
    </p>
   </div>
   <div class='ocr_carea' id='block_1_112' title="bbox 612 5655 1384 5794">
    <p class='ocr_par' dir='ltr' id='par_1_112' title="bbox 612 5655 1384 5794">
     <span class='ocr_line' id='line_1_112' title="bbox 612 5655 1050 5787; baseline 0.009 -86"><span class='ocrx_word' id='word_1_993' title='bbox 612 5655 724 5787; x_wconf 66' lang='grc'>(88)</span> <span class='ocrx_word' id='word_1_994' title='bbox 755 5655 922 5704; x_wconf 82' lang='grc' dir='ltr'>Τοῦτο</span> <span class='ocrx_word' id='word_1_995' title='bbox 942 5655 1050 5722; x_wconf 64' lang='grc' dir='ltr'><strong>Μρα</strong></span> 
     </span>
     <span class='ocr_line' id='line_1_113' title="bbox 612 5720 1384 5794; baseline 0.025 -35"><span class='ocrx_word' id='word_1_996' title='bbox 612 5720 700 5794; x_wconf 46' lang='grc' dir='ltr'>(ξε)</span> <span class='ocrx_word' id='word_1_997' title='bbox 750 5723 1180 5794; x_wconf 71' lang='grc' dir='ltr'>Πρρσκυνήσωσι</span> <span class='ocrx_word' id='word_1_998' title='bbox 1206 5724 1384 5794; x_wconf 77' lang='lat' dir='ltr'><strong>vulgo.</strong></span> 
     </span>
    </p>
   </div>
   <div class='ocr_carea' id='block_1_113' title="bbox 615 5788 2092 5862">
    <p class='ocr_par' dir='ltr' id='par_1_113' title="bbox 615 5788 2092 5862">
     <span class='ocr_line' id='line_1_114' title="bbox 615 5788 2092 5862; baseline 0.001 -19"><span class='ocrx_word' id='word_1_999' title='bbox 615 5788 726 5862; x_wconf 85' lang='grc'>(90)</span> <span class='ocrx_word' id='word_1_1000' title='bbox 773 5788 857 5862; x_wconf 82' lang='grc' dir='ltr'><strong>Σὺ</strong></span> <span class='ocrx_word' id='word_1_1001' title='bbox 882 5788 1109 5862; x_wconf 1' lang='lat' dir='ltr'><strong>prope!</strong></span> <span class='ocrx_word' id='word_1_1002' title='bbox 1147 5795 1178 5846; x_wconf 88' lang='grc' dir='ltr'><em>ό</em></span> <span class='ocrx_word' id='word_1_1003' title='bbox 1222 5788 1384 5860; x_wconf 73' lang='grc' dir='ltr'>Θεός.</span> <span class='ocrx_word' id='word_1_1004' title='bbox 1435 5794 1688 5860; x_wconf 86' lang='lat' dir='ltr'><strong>Sequitur</strong></span> <span class='ocrx_word' id='word_1_1005' title='bbox 1743 5795 1793 5848; x_wconf 91' lang='lat' dir='ltr'><strong>in</strong></span> <span class='ocrx_word' id='word_1_1006' title='bbox 1839 5793 2092 5862; x_wconf 88' lang='lat' dir='ltr'><strong>propheta</strong></span> 
     </span>
    </p>
   </div>
   <div class='ocr_carea' id='block_1_114' title="bbox 541 5861 2099 5936">
    <p class='ocr_par' dir='ltr' id='par_1_114' title="bbox 541 5861 2099 5936">
     <span class='ocr_line' id='line_1_115' title="bbox 541 5861 2099 5936; baseline 0 -20"><span class='ocrx_word' id='word_1_1007' title='bbox 541 5861 666 5924; x_wconf 69' lang='lat' dir='ltr'><strong>hui,</strong></span> <span class='ocrx_word' id='word_1_1008' title='bbox 693 5875 815 5926; x_wconf 74' lang='lat' dir='ltr'><strong>XLV,</strong></span> <span class='ocrx_word' id='word_1_1009' title='bbox 844 5861 930 5926; x_wconf 69' lang='lat'><strong>15,</strong></span> <span class='ocrx_word' id='word_1_1010' title='bbox 965 5864 1072 5913; x_wconf 67' lang='grc' dir='ltr'>Καὶ</span> <span class='ocrx_word' id='word_1_1011' title='bbox 1113 5863 1211 5915; x_wconf 75' lang='grc' dir='ltr'>οὐκ</span> <span class='ocrx_word' id='word_1_1012' title='bbox 1245 5865 1481 5936; x_wconf 69' lang='grc' dir='ltr'>ᾔδειμεν,</span> <span class='ocrx_word' id='word_1_1013' title='bbox 1524 5868 1550 5916; x_wconf 81' lang='grc' dir='ltr'>ὁ</span> <span class='ocrx_word' id='word_1_1014' title='bbox 1589 5865 1716 5928; x_wconf 72' lang='grc' dir='ltr'>Θεὸς</span> <span class='ocrx_word' id='word_1_1015' title='bbox 1749 5861 1851 5915; x_wconf 22' lang='grc' dir='ltr'>τοῦθ</span> <span class='ocrx_word' id='word_1_1016' title='bbox 1887 5862 2099 5933; x_wconf 54' lang='grc' dir='ltr'>Ἱσρσὶλ</span> 
     </span>
    </p>
   </div>
   <div class='ocr_carea' id='block_1_115' title="bbox 2204 5437 3776 5580">
    <p class='ocr_par' dir='ltr' id='par_1_115' title="bbox 2204 5437 3776 5580">
     <span class='ocr_line' id='line_1_116' title="bbox 2204 5437 3776 5580; baseline -0.005 -18"><span class='ocrx_word' id='word_1_1017' title='bbox 2204 5437 2588 5580; x_wconf 23' lang='lat' dir='ltr'><strong>amiciat</strong></span> <span class='ocrx_word' id='word_1_1018' title='bbox 2611 5506 2770 5580; x_wconf 66' lang='grc' dir='ltr'>μηδὲ</span> <span class='ocrx_word' id='word_1_1019' title='bbox 2793 5505 3313 5580; x_wconf 51' lang='grc' dir='ltr'>Σωτῆρατ-Ῡῖὼυῃ</span> <span class='ocrx_word' id='word_1_1020' title='bbox 3349 5501 3667 5580; x_wconf 69' lang='lat' dir='ltr'><strong>legendum,_</strong></span> <span class='ocrx_word' id='word_1_1021' title='bbox 3689 5499 3776 5573; x_wconf 78' lang='grc' dir='ltr'><strong>μὴ</strong></span> 
     </span>
    </p>
   </div>
   <div class='ocr_carea' id='block_1_116' title="bbox 2206 5525 3771 5650">
    <p class='ocr_par' dir='ltr' id='par_1_116' title="bbox 2206 5525 3771 5650">
     <span class='ocr_line' id='line_1_117' title="bbox 2278 5525 3771 5586; baseline -0.007 -24"><span class='ocrx_word' id='word_1_1022' title='bbox 2278 5525 2390 5580; x_wconf 59' lang='grc'>(91)</span> <span class='ocrx_word' id='word_1_1023' title='bbox 2419 5525 2588 5562; x_wconf 55' lang='lat' dir='ltr'><strong>latrat</strong></span> <span class='ocrx_word' id='word_1_1024' title='bbox 2662 5525 2770 5573; x_wconf 75' lang='lat' dir='ltr'><strong>nos</strong></span> <span class='ocrx_word' id='word_1_1025' title='bbox 2793 5525 2914 5560; x_wconf 64' lang='grc' dir='ltr'>Δωτ</span> <span class='ocrx_word' id='word_1_1026' title='bbox 2995 5525 3050 5559; x_wconf 85' lang='lat' dir='ltr'><strong>a.</strong></span> <span class='ocrx_word' id='word_1_1027' title='bbox 3100 5525 3313 5559; x_wconf 76' lang='lat' dir='ltr'><strong>VIUCtlIr</strong></span> <span class='ocrx_word' id='word_1_1028' title='bbox 3350 5525 3654 5586; x_wconf 48' lang='lat' dir='ltr'><strong>legtfltuum,</strong></span> <span class='ocrx_word' id='word_1_1029' title='bbox 3689 5525 3771 5573; x_wconf 80' lang='grc' dir='ltr'><strong>μη</strong></span> 
     </span>
     <span class='ocr_line' id='line_1_118' title="bbox 2206 5525 3771 5650; baseline -0.004 -17"><span class='ocrx_word' id='word_1_1030' title='bbox 2206 5580 2493 5650; x_wconf 77' lang='grc' dir='ltr'>δοδίκαιον,</span> <span class='ocrx_word' id='word_1_1031' title='bbox 2530 5525 2661 5648; x_wconf 54' lang='grc' dir='ltr'>μηδέ</span> <span class='ocrx_word' id='word_1_1032' title='bbox 2676 5525 3015 5650; x_wconf 36' lang='grc' dir='ltr'>Σωτῆραῗῖί.</span> <span class='ocrx_word' id='word_1_1033' title='bbox 3036 5575 3231 5646; x_wconf 71' lang='lat' dir='ltr'><strong>[Vulgo</strong></span> <span class='ocrx_word' id='word_1_1034' title='bbox 3259 5573 3374 5630; x_wconf 86' lang='lat' dir='ltr'><strong>loco</strong></span> <span class='ocrx_word' id='word_1_1035' title='bbox 3407 5573 3613 5626; x_wconf 87' lang='grc' dir='ltr'>δικαιον</span> <span class='ocrx_word' id='word_1_1036' title='bbox 3654 5573 3771 5642; x_wconf 70' lang='lat' dir='ltr'><strong>leg.</strong></span> 
     </span>
    </p>
   </div>
   <div class='ocr_carea' id='block_1_117' title="bbox 2198 5648 2416 5719">
    <p class='ocr_par' dir='ltr' id='par_1_117' title="bbox 2198 5648 2416 5719">
     <span class='ocr_line' id='line_1_119' title="bbox 2198 5648 2416 5719; baseline -0.005 -17"><span class='ocrx_word' id='word_1_1037' title='bbox 2198 5649 2389 5719; x_wconf 80' lang='grc' dir='ltr'>δοκεῖν.</span> <span class='ocrx_word' id='word_1_1038' title='bbox 2398 5648 2416 5719; x_wconf 91' lang='grc'><strong>]</strong></span> 
     </span>
    </p>
   </div>
   <div class='ocr_carea' id='block_1_118' title="bbox 2272 5716 2710 5788">
    <p class='ocr_par' dir='ltr' id='par_1_118' title="bbox 2272 5716 2710 5788">
     <span class='ocr_line' id='line_1_120' title="bbox 2272 5716 2710 5788; baseline 0 0"><span class='ocrx_word' id='word_1_1039' title='bbox 2272 5716 2586 5788; x_wconf 53' lang='lat' dir='ltr'><strong>(sarrano</strong></span> 
     </span>
    </p>
   </div>
   <div class='ocr_carea' id='block_1_119' title="bbox 2274 5786 2769 5860">
    <p class='ocr_par' dir='ltr' id='par_1_119' title="bbox 2274 5786 2769 5860">
     <span class='ocr_line' id='line_1_121' title="bbox 2274 5786 2769 5860; baseline 0.004 -1"><span class='ocrx_word' id='word_1_1040' title='bbox 2274 5786 2385 5860; x_wconf 67' lang='grc'>(95)</span> <span class='ocrx_word' id='word_1_1041' title='bbox 2417 5787 2585 5860; x_wconf 62' lang='grc' dir='ltr'>Υυιεο</span> <span class='ocrx_word' id='word_1_1042' title='bbox 2613 5786 2769 5860; x_wconf 50' lang='lat' dir='ltr'><strong>fama&quot;):</strong></span> 
     </span>
    </p>
   </div>
   <div class='ocr_carea' id='block_1_120' title="bbox 2213 5855 2822 5940">
    <p class='ocr_par' dir='ltr' id='par_1_120' title="bbox 2213 5855 2822 5940">
     <span class='ocr_line' id='line_1_122' title="bbox 2213 5855 2822 5940; baseline -0.007 -28"><span class='ocrx_word' id='word_1_1043' title='bbox 2213 5937 2216 5940; x_wconf 4' lang='grc' dir='ltr'><strong>η</strong></span> <span class='ocrx_word' id='word_1_1044' title='bbox 2277 5855 2386 5930; x_wconf 68' lang='grc'>(94)</span> <span class='ocrx_word' id='word_1_1045' title='bbox 2423 5855 2590 5927; x_wconf 78' lang='lat' dir='ltr'><strong>Vulgo</strong></span> <span class='ocrx_word' id='word_1_1046' title='bbox 2618 5855 2822 5927; x_wconf 81' lang='grc' dir='ltr'>λεχθέν.</span> 
     </span>
    </p>
   </div>
  </div>
