4082 6456
1319 408 1405 463 DE
1443 409 1980 468 ECCLESIASTICA
2020 415 2420 472 TlllﬁOLOGIA
2461 417 2587 472 LIB.
2633 398 2694 471 lli
2932 470 2940 478 .
3534 427 3638 482 950

412 529 426 557 ι
473 510 534 563 Τί
565 511 619 565 δὲ
655 516 747 612 καὶ
956 519 983 570 ὁ
1023 522 1333 594 προφήτης;
1360 527 1420 579 οὐ
1450 529 1542 581 καὶ
1567 529 1727 593 αὐτὸς
1747 530 1815 584 τά
1841 532 1932 584 αὐτ

2037 578 2050 596 _
2086 551 2101 582 ι
2149 536 2251 588 hoc
2295 535 2466 604 ipsum
2494 535 2582 589 ille
2615 534 2970 590 testiﬁcatur?
3000 537 3112 606 Ego
3144 539 3300 594 eduxi
3322 551 3390 609 te,
3428 541 3632 612 dicens,

409 623 425 653 ι
472 610 769 702 μαρτυρεις
813 609 953 702 Ἐγὼ
995 613 1298 684 ἀνήγαγόν
1332 634 1405 672 σε
1440 619 1509 685 ἐξ
1539 624 1858 693 Αἰγύπτου,
1893 625 1932 677 λι

2084 645 2101 676 ι
2142 642 2204 678 ea:
2231 625 2485 696 zEgypto,
2539 636 2587 681 et
2619 626 2786 681 Deum
2836 642 2937 680 non
2990 645 3262 698 cognosces
3305 644 3496 702 prazter
3535 609 3634 691 me,

405 716 421 744 ι
465 714 596 788 γων,
622 698 730 788 οιαὶ
762 701 908 756 Θεὸν
933 706 1100 774 πλὴν
1129 708 1274 776 ἐμοῦ
1303 713 1374 765 οὺ
1406 716 1629 784 γνώσῃ,
1658 715 1755 770 καὶ
1779 715 1932 778 σώζω

2083 735 2100 765 α
2146 715 2270 770 Non
2304 729 2377 771 est
2400 719 2488 788 qui
2531 728 2697 772 servet
2721 731 2911 788 prteter
2933 737 3014 774 me
3039 721 3104 773 ³¹.
3142 698 3346 778 Rursus
3377 734 3556 780 autem
3584 735 3640 780 et

402 805 418 832 ι
461 787 573 838 οὐκ
610 786 741 876 ἔστι
763 793 953 860 παρὲξ
974 795 1137 864 ἐμοῦ.
1172 795 1338 864 Αὖθίς
1358 804 1459 856 τεό
1489 804 1770 876 Μαλαχίας
1789 847 1804 873 ,
1827 809 1932 874 Οὐ)

2082 827 2100 858 ‹
2138 807 2429 864 Malachias
2481 809 2574 875 ait,
2632 808 2821 864 Nonne
2866 809 3006 865 Deus
3055 829 3192 866 unus
3225 814 3456 866 condidit
3505 817 3637 869 vos?

403 903 417 923 ι
469 877 611 983 Θεὸς
638 875 726 948 εἷς
750 883 994 983 ἔκτισεν
1022 888 1195 959 ὑμᾶς,
1241 893 1404 964 φησίν
1432 912 1444 925 ’
1472 896 1618 965 Οὐχὶ
1655 896 1850 967 πατὴρ
1888 896 1932 954 εί

2082 921 2098 952 ι
2141 917 2308 955 nonne
2335 900 2499 956 Pater
2547 918 2681 957 unus
2725 911 2836 956 erat
2883 905 3112 956 omnium
3138 912 3366 958 vestrum
3393 905 3479 958 3’?
3530 905 3638 962 Sed

405 984 423 1014 ι
464 974 704 1024 πάντων
734 974 929 1042 ὑμῶντ
976 978 1132 1034 Ἀλλά
1159 982 1250 1036 τὸν
1277 984 1440 1039 Δαὸίδ
1486 988 1617 1058 φησί
1657 1007 1758 1042 που
1793 991 1932 1043 Ἀστε

2081 1012 2098 1044 ι
2140 993 2216 1048 ait
2251 995 2482 1063 quodam
2523 995 2575 1049 in
2605 994 2722 1048 loco
2756 995 3018 1061 Asterius,
3058 995 3191 1049 nihil
3215 997 3280 1050 de
3315 995 3419 1050 hoc
3455 997 3635 1066 prolo-

405 1080 422 1108 ε
471 1078 602 1132 ριος,
638 1065 803 1136 μηδὲν
831 1071 1108 1140 εἰρηκέναι
1141 1076 1268 1146 περὶ
1293 1076 1503 1143 τούτου,
1533 1079 1709 1132 καίτοι
1738 1080 1932 1152 πρεσϐι

2078 1105 2095 1137 ε
2136 1094 2316 1140 cntum
2345 1085 2622 1153 Davidem,
2654 1089 2744 1154 qui
2783 1095 2959 1142 tamen
2981 1097 3206 1158 excepto
3232 1086 3400 1153 Mose,
3441 1065 3512 1141 sit
3541 1105 3636 1142 an-

404 1171 426 1201 ι
458 1170 616 1245 τατον
636 1159 782 1229 παρὰ
821 1162 1023 1216 Μωσέα
1044 1164 1150 1218 τῶν
1181 1167 1353 1222 ἄλλων
1379 1171 1670 1242 προφητῶν
1697 1173 1847 1238 ὄντα,
1877 1193 1932 1228 κο

2078 1194 2095 1224 ι
2140 1174 2471 1244 tiquissimus
2504 1174 2912 1244 prophetarum,
2934 1183 3095 1245 atque
3127 1175 3264 1230 hanc
3303 1177 3370 1230 oh
3415 1192 3632 1234 causam

403 1263 420 1291 ι
453 1243 538 1297 διὰ
567 1245 722 1301 τοῦτο
748 1250 1086 1322 ἀμφιγνοεῖν,
1115 1256 1224 1310 εἴτε
1245 1259 1336 1312 δύο
1361 1262 1514 1326 θεοὺς
1540 1265 1830 1318 ὑποστάσει
1856 1267 1932 1338 si,

2077 1281 2094 1313 ι
2134 1243 2350 1318 dubium
2401 1243 2597 1327 fuisse,
2642 1269 2820 1315 utrum
2851 1243 3172 1318 duos'deos
3222 1267 3282 1325 ὦ
3333 1264 3632 1318 substantia

402 1353 420 1383 ι
459 1337 729 1430 ρημένους
777 1344 1016 1414 νομίζειν
1069 1345 1208 1402 εἶναι
1255 1353 1541 1424 προσήκει,
1593 1355 1703 1408 εἴτε
1742 1358 1834 1411 καὶ
1870 1337 1932 1428 μί

2075 1373 2091 1404 ι
2138 1353 2343 1409 divisos
2382 1352 2623 1422 proﬁteri
2663 1352 2902 1418 deberet,
2955 1367 3021 1406 an
3074 1367 3201 1409 non.
3251 1353 3514 1417 Quocirca
3565 1369 3633 1408 ne

400 1443 420 1474 ι
463 1426 669 1482 Οὐκοῦν
705 1431 790 1484 ἵνα
820 1433 894 1504 μὴ
924 1435 1080 1489 τοῦτο
1107 1437 1259 1512 λέγῃ,
1293 1434 1579 1497 ἀκόλουθον
1608 1447 1846 1516 ἡγοῦμαι
1873 1426 1932 1500 ua

2076 1465 2092 1494 ι
2137 1445 2237 1498 hoc
2263 1459 2388 1498 vere
2422 1445 2628 1498 dixisse
2661 1443 2958 1499 arbitretur
2984 1457 3063 1511 se,
3103 1458 3438 1513 consequens
3464 1457 3549 1500 εει
3572 1452 3631 1498 ut;

399 1532 417 1563 ι
457 1516 617 1570 αὑτὸν
668 1521 931 1589 ἐπιδεῖξαι
962 1525 1109 1598 αὐτῷ
1138 1529 1205 1581 τά
1234 1530 1370 1585 αύτά
1410 1535 1522 1598 τοῖς
1550 1537 1932 1608 προειρημένοι

2073 1555 2089 1586 ι
2132 1537 2408 1591 ostendam
2459 1537 2603 1590 hunc
2654 1551 2867 1606 quoque
2914 1522 3116 1590 vatem
3158 1536 3456 1590 consimilia
3509 1552 3630 1592 cum

399 1624 416 1655 ι
452 1607 627 1700 ἁγίοις
667 1609 910 1681 λ’ἐγοντα·
961 1619 1274 1688 Ἄκουσον,
1307 1625 1459 1696 φησὶ,
1505 1630 1654 1694 λαός
1677 1607 1815 1700 μου,
1868 1649 1932 1684 κα

2075 1649 2090 1678 ι
2133 1628 2401 1699 praedictis
2451 1629 2808 1684 sanctissimis
2853 1629 2984 1684 viris
3035 1628 3297 1683 sensisse.
3348 1629 3507 1694 Audi,
3543 1628 3629 1684 in-

395 1715 413 1746 ι
459 1699 710 1791 λαλήσω
753 1721 872 1772 σοι,
924 1709 1189 1779 Ἰσραὴλ,
1215 1715 1309 1767 καὶ
1347 1699 1810 1791 διαμαρτύρομαι
1842 1738 1932 1777 σοι

2074 1741 2090 1772 ι
2135 1721 2252 1790 quit
2287 1720 2396 1787 ille,
2443 1720 2629 1790 popule
2655 1721 2748 1784 mi,
2781 1730 2826 1772 et
2863 1721 3047 1789 loquar
3079 1720 3194 1784 tibi,
3230 1717 3423 1783 Israel,
3452 1720 3631 1787 testiﬁ-

394 1805 412 1835 ι
452 1789 558 1843 ἐὰν
580 1793 850 1865 ἀκούσῃς
869 1817 1007 1868 μου,
1033 1804 1142 1856 οὐκ
1165 1803 1338 1858 ἔστιν
1369 1809 1438 1862 ἐν
1487 1811 1585 1863 σοὶ
1607 1789 1749 1879 Bede
1780 1816 1932 1882 πρόσ

2071 1833 2088 1863 ι
2129 1814 2287 1866 cabor
2319 1825 2387 1879 te,
2419 1812 2470 1866 si
2485 1829 2565 1867 me
2590 1813 2798 1878 audias,
2821 1828 2922 1865 non
2946 1812 3039 1865 erit
3066 1812 3116 1866 in
3147 1819 3194 1866 te
3218 1810 3354 1864 Deus
3384 1811 3628 1873 novitius,

394 1902 411 1922 -
447 1897 654 1984 φατος,
683 1886 824 1939 οὐδὲ
861 1892 1311 1961 προσκυνήσεις
1343 1898 1464 1964 Θεῷ
1494 1901 1804 1970 ἀλλοτρίῳ.
1819 1879 1932 1974 ζΕγι

2072 1927 2089 1954 ‹
2129 1921 2291 1973 neque
2338 1903 2588 1958 adorabis
2644 1902 2815 1957 Deum
2854 1903 3082 1956 alienum
3124 1919 3143 1956 :
3191 1900 3304 1971 Ego
3339 1905 3474 1955 enim
3517 1917 3631 1956 sum

391 1986 411 2016 ¢
456 1975 709 2066 γᾴρ-ειμι
740 1977 958 2046 Κύριος
980 1981 1014 2033 ό
1039 1983 1181 2048 Θεός
1207 1998 1344 2039 σου.
1391 1988 1448 2041 '0
1468 1990 1627 2045 αὑτὸν
1658 1992 1929 2048 ὲπιδεικνὺ

2072 2017 2090 2047 ι
2130 1996 2382 2050 Dominus
2397 1995 2535 2050 Deus
2553 1994 2752 2049 tuus".
2775 1994 2874 2059 Qui
2898 1995 3162 2066 dicit._eg.o
3186 2007 3326 2060 sum,
3347 1994 3506 2062 idque
3521 2000 3631 2048 tam

409 393 440 441 9
460 392 518 446 3-9

390 2079 408 2108 ι
448 2061 542 2116 καὶ
571 2062 763 2158 λόγων,
795 2069 904 2138 ἐγώ
935 2073 1070 2144 εἰμι,
1112 2077 1172 2128 οὐ
1213 2077 1369 2148 δῆλός
1409 2083 1555 2136 ἐστιν
1583 2084 1676 2138 ἕνα
1701 2085 1831 2140 θεὸν
1862 2090 1962 2158 μό.-

388 2170 408 2203 σ
444 2172 532 2209 νον
576 2153 712 2215 εἶναι
731 2160 923 2232 λέγων,
959 2169 1099 2222 τοῦτ’
1128 2170 1272 2225 ἔστιν
1293 2176 1511 2244 ἐαυτόν;
1550 2198 1570 2232 ι

1028 2263 1196 2321 ΚΕΦ..,
1222 2267 1304 2318 Κ’.

381 2339 927 2436 ΔιάΔ
950 2356 1002 2436 οξ
1031 2359 1420 2436 προςεῇταιου
1445 2365 1679 2436 γυμνῶς
1699 2369 1955 2436 παρέδω-

463 2429 580 2506 arare
618 2416 920 2487 Ἰουδαίοις
939 2422 1053 2492 τὴν
1067 2416 1340 2496 ἓτεξοίτοῦ

451 2504 636 2559 Ταῦτα
683 2511 859 2565 πάντα
892 2515 1206 2588 Μάρκελλος
1249 2525 1341 2577 καὶ
1392 2525 1471 2579 ἔτι
1501 2527 1702 2582 τούτων
1721 2504 1952 2588 πλείονα

378 2595 474 2647 ὲπὶ
497 2596 723 2689 ἀρνήσει
754 2603 846 2657 τοῦ
875 2605 1004 2660 Υίοῦ
1031 2609 1124 2662 τοῦ
1156 2611 1290 2666 Θεοῦ
1339 2619 1641 2689 συνεφόρει,
1678 2621 1743 2673 δι’
1766 2623 1952 2676 ἀνεπι-

379 2688 742 2784 στημοσύνηψ
783 2695 841 2747 οὐ
885 2695 1254 2771 λογισάμενος,
1292 2705 1372 2759 ὅτι
1415 2688 1549 2780 πρὸς
1591 2710 1689 2781 τὴν
1719 2711 1950 2784 σκληρο-

375 2778 605 2849 καρδίαν
650 2783 744 2836 τοῦ
779 2786 1046 2845 Ἰουδαίων
1081 2793 1206 2847 λαοῦ
1238 2797 1517 2872 ἡτοιαύτη
1552 2802 1732 2866 αὐτοῖς
1763 2805 1950 2876 παρεί-

2069 2107 2085 2138 ι
2124 2089 2418 2152 evidenter,
2485 2102 2664 2141 annon
2707 2088 2903 2141 t'atetur
2961 2087 3052 2142 ille
3092 2087 3258 2144 Deum
3304 2101 3468 2160 unum
3513 2098 3634 2142 esse

2066 2199 2084 2230 ι
2122 2180 2314 2246 solum,
2355 2179 2457 2234 hoc
2484 2187 2568 2234 est
2601 2179 2997 2248 semetipsum?
3029 2198 3069 2230 ι.

2694 2267 2844 2324 CAP.
2881 2267 2995 2323 XX.

2059 2365 2198 2430 Quid
2226 2381 2400 2420 causcc
2443 2364 2599 2433 fuerit
2643 2364 2783 2431 quod
2847 2360 3022 2416 Moses
3063 2366 3413 2432 et-propltetce
3461 2363 3628 2430 expli-

2091 2437 2246 2488 citam
2277 2437 2340 2489 de
2368 2433 2510 2488 Filio
2534 2433 2844 2502 theologiam
2865 2433 3071 2487 Judaeis
3103 2449 3204 2487 non
3237 2434 3592 2488 tradiderunt.

2126 2526 2248 2581 llmc
2289 2525 2470 2580 omnia
2505 2523 2790 2579 Marcellus
2835 2535 2888 2578 et
2939 2524 3115 2578 adhuc
3155 2523 3329 2593 plura,
3375 2524 3429 2579 in
3461 2525 3629 2580 abne-

2052 2619 2317 2689 gationem
2350 2617 2474 2672 Filii
2505 2616 2597 2672 Dei
2628 2615 2902 2683 congessit
2929 2634 2943 2670 :
2975 2623 3196 2685 propter
3241 2630 3396 2670 suam
3431 2631 3627 2685 nempe

2051 2710 2411 2780 ignorantiam
2449 2725 2463 2763 :
2499 2722 2602 2762 non
2644 2707 2788 2762 enim
2826 2706 3230 2774 recordabatur,
3279 2716 3502 2777 propter
3529 2706 3625 2766 .Iu-

2050 2803 2287 2856 daeorum
2319 2800 2499 2856 cordis
2531 2798 2808 2866 duritiem,
2836 2798 2978 2854 hanc
3007 2799 3139 2869 ipsis
3169 2799 3469 2854 doctrinam
3493 2799 3622 2852 olim

2050 2902 2514 2963 repraesentatam.
2580 2890 2694 2946 Non
2755 2890 2900 2944 enim
2972 2901 3184 2961 poterat
3236 2890 3470 2960 Spiritus
3534 2888 3641 2945 ille-

373 2886 501 2967 ζετο
520 2871 853 2933 διδασκαλία.
905 2881 1038 2936 Οὐδὲ
1071 2885 1179 2958 γὰρ
1210 2883 1320 2943 οἶόν
1344 2909 1402 2944 τε
1436 2871 1513 2963 ἦν
1534 2894 1595 2946 τὸ
1638 2871 1860 2967 Πνεῦμα
1890 2897 1950 2950 τὸ

2051 2993 2273 3042 sanctus
2297 2985 2606 3041 hominibus
2633 2985 2768 3040 adeo
2807 2982 3140 3053 imperfectis
3174 2992 3228 3038 et
3261 2992 3439 3037 mente
3475 2983 3622 3038 inca-

371 2962 549 3058 ἀγιον,
575 2967 661 3022 διὰ
692 2975 800 3025 τῶν
846 2979 1135 3050 προφητῶν
1165 2981 1255 3034 τοῦ
1304 2983 1437 3038 Θεοῦ
1478 2962 1798 3058 ἀνθρώποις-
1827 2993 1951 3045 ἀτεη

373 3052 491 3150 λέσι
539 3059 638 3124 τὰς
668 3065 868 3132 φρένας
897 3070 1083 3142 ἐντελῆ
1125 3075 1460 3145 παραδοῦναι
1510 3052 1600 3132 τὸν
1641 3081 1742 3150 τῆς
1771 3081 1932 3136 θεοσε-

2047 3074 2292 3145 pacibus,
2317 3089 2413 3144 per
2434 3073 2724 3144 prophetas
2745 3052 2898 3139 suos,
2920 3071 3034 3127 suis
3057 3073 3299 3126 numeris
3317 3071 3620 3126 absolutam

374 3146 528 3214 ϐείας
551 3151 726 3222 λόγον.
759 3158 913 3213 Οὕτω
945 3161 1074 3230 γοῦν
1108 3166 1290 3231 αὐτοῖς
1334 3169 1427 3222 καὶ
1461 3169 1648 3235 θυσίας
1681 3146 1932 3229 ἐπιτελεῖν

2053 3167 2264 3222 tradere
2308 3165 2526 3235 pietatis
2559 3164 2612 3219 in
2652 3165 2818 3220 Deum
2859 3163 3151 3219 rationem.
3195 3161 3320 3217 Ideo
3352 3161 3619 3217 sacriﬁcia

371 3241 699 3332 ἐνομοθέτει,
735 3250 845 3302 ,καὶ
879 3228 1130 3322 σώματος
1182 3228 1478 3332 περιτομὴν
1499 3302 1512 3326 ,
1545 3228 1643 3316 καί
1671 3228 1932 3320 Σαΰῦἀτοι

2051 3260 2306 3332 praecepit
2346 3259 2568 3316 facere:
2607 3260 2726 3315 ideo
2759 3259 3006 3328 corporis
3043 3257 3534 3322 circumcisionem,
3566 3264 3621 3311 et

370 3331 761 3428 (puluinum-xui.
792 3341 1004 3393 τοιωνδὶ
1039 3342 1341 3414 βρωμάτων
1379 3331 1588 3422 ἀποχὴν
1616 3353 1710 3406 καὶ
1741 3356 1932 3428 καθάρ

2050 3331 2307 3412 Sabbata,
2331 3359 2386 3404 et
2411 3349 2654 3404 ciborum
2678 3347 3034 3418 quorumdam
3058 3346 3466 3412 abstinentiam,
3489 3361 3617 3401 cor-

370 3436 462 3516 σια
506 3424 794 3494 σωμάτων,
848 3434 1162 3502 σωματικάς
1191 3453 1249 3488 τε
1281 3437 1549 3508 εὐλογίας,
1600 3443 1688 3495 ναὶ
1722 3445 1828 3516 μὴν
1852 3424 1932 3499 καλ

2044 3440 2196 3509 poris
2226 3438 2551 3505 ablutiones,
2577 3438 2886 3506 corporales
2912 3437 3340 3502 benedictiones,
3377 3438 3613 3508 promis-

367 3514 474 3609 γῆς
507 3517 735 3590 ῥεούσης
768 3521 906 3589 γάλα
937 3525 1024 3577 καὶ
1057 3525 1198 3596 μέλι,
1239 3529 1354 3582 ἀλλ’
1386 3531 1446 3584 οὐ
1482 3531 1759 3602 βασιλείας
1785 3514 1932 3609 οὐρα-

2045 3530 2227 3592 siones
2256 3529 2478 3598 insuper
2504 3544 2610 3584 non
2644 3529 2904 3585 ccelorum
2931 3529 3106 3599 regni,
3137 3529 3230 3584 sed
3264 3537 3422 3583 terrae
3458 3528 3614 3586 lactis
3649 3581 3652 3584 .

367 3606 474 3661 νῶν
499 3609 849 3678 ἐπαγγελίας.
889 3615 946 3669 '0
982 3617 1039 3672 δὲ
1057 3621 1244 3693 Σωτὴρ
1269 3623 1359 3676 καὶ
1393 3624 1597 3697 Κύριος
1623 3628 1779 3699 ἡμῶν
1809 3606 1932 3701 ἐρω-

2041 3632 2098 3678 et
2123 3620 2297 3678 mellis
2327 3621 2827 3677 abundantissimus.
2857 3621 3116 3677 Dominus
3141 3630 3318 3676 autem
3343 3620 3613 3676 etServa-

368 3703 573 3774 τηθεὶς,
607 3706 726 3773 πῶς
769 3711 1014 3778 Μωσέως
1061 3718 1463 3787 προστάξαντος
1493 3721 1692 3776 διδόναι
1740 3723 1932 3793 βιϐλίον

2044 3723 2128 3770 ιοι·
2169 3714 2554 3782 interrogatus,
2588 3727 2696 3783 quo
2726 3713 2886 3768 modo
2918 3727 3040 3767 cum
3083 3712 3400 3783 praeciperet
3434 3711 3612 3769 Moses
3640 3759 3646 3764 .

366 3796 699 3854 ἀποστασίου
753 3803 846 3856 καὶ
890 3805 1145 3862 ἀπολύειν
1193 3810 1292 3882 τὴν
1333 3811 1527 3866 ἑαυτοῦ
1582 3817 1813 3883 γυναῖκα
1849 3817 1932 3872 τὸν

2043 3803 2248 3875 repudii
2279 3802 2518 3858 libellum
2557 3804 2706 3869 dare,
2739 3813 2794 3858 et
2823 3802 3108 3858 demittere
3147 3817 3396 3869 uxorem,
3430 3804 3475 3857 si
3520 3803 3609 3858 cui

367 3887 690 3962 βουλόμενον
719 3895 880 3960 αὐτὸς
907 3898 1166 3954 τάναντία
1197 3901 1486 3970 διατάττοι,
1529 3906 1622 3959 τὸν
1650 3907 1806 3977 λόγον
1834 3911 1932 3964 ἀπ-

2040 3898 2114 3953 ita
2158 3895 2558 3960 adlubescebat,
2588 3895 2702 3965 ipse
2729 3895 2982 3951 statuerit
3013 3895 3100 3951 his
3128 3895 3482 3959 contrarium,
3521 3911 3607 3953 rae

365 3980 533 4036 ἐδωκε
571 3983 854 4040 καθολικὸν
887 3990 1082 4060 φήσας,
1122 3993 1346 4062 Μωσῆς
1372 3995 1521 4063 πρὸς
1535 3996 1649 4066 τὴν
1686 4003 1932 4070 σκληρο-

2041 3988 2238 4043 tionem
2267 3987 2441 4043 reddit
2467 3986 2850 4052 universalem,
2882 3987 3155 4058 inquiens,
3183 3985 3357 4042 Moses
3395 3996 3607 4056 propter

364 4077 617 4145 καρδίαν
629 4079 796 4150 ὑμῶν
810 4081 1073 4152 ἔποαψεν
1089 4083 1221 4156 (95)·
1241 4088 1343 4142 ἀπ’
1357 4088 1551 4158 ἀρχῆς
1578 4089 1646 4144 δὲ
1671 4093 1743 4146 οὐ
1771 4092 1936 4164 γέγο-

364 4188 471 4225 νεν
519 4172 691 4227 οὕτω.
735 4175 941 4230 Ταύτὸν
970 4173 1063 4232 οὖν
1095 4173 1248 4234 εἶπεν
1286 4180 1372 4246 ἂν,
1422 4183 1514 4235 καὶ
1545 4183 1709 4248 εἴτις
1750 4186 1931 4258 ἤρετο,

362 4260 474 4331 (96)
530 4261 582 4315 τί
625 4263 688 4334 δή
724 4281 853 4317 ποτε
897 4265 1028 4322 Θεὸν
1069 4267 1165 4322 ἕνα
1205 4268 1382 4324 σέϐειν
1430 4273 1928 4346 παρακελευόμενοι

361 4353 566 4424 Μωσῆς
629 4356 722 4408 καὶ
771 4357 820 4409 οἰ
880 4360 996 4428 μετ’
1047 4359 1206 4413 αὑτὸν
1267 4362 1538 4434 προφῆται
1602 4364 1701 4417 οὐκ
1758 4365 1932 4420 ἐδίδα-

360 4459 490 4498 σκον
546 4447 742 4512 αὐτοὺς
789 4448 888 4521 τὴν
948 4450 1077 4521 περὶ
1134 4451 1227 4504 τοῦ
1281 4453 1410 4507 Υίοῦ
1466 4454 1696 4524 γνῶσιν;
1736 4457 1797 4510 οὐ
1823 4459 1930 4530 γὰρ

2038 4079 2282 4133 duritiem
2303 4078 2539 4132 cordium
2564 4085 2853 4132 uestrorum
2875 4078 2951 4131 ita
2979 4078 3188 4148 scripsit
3220 4093 3240 4132 :
3275 4078 3366 4131 sed
3391 4093 3421 4130 a
3450 4079 3603 4147 prin?

2034 4171 2169 4239 cipio
2205 4186 2310 4224 non
2350 4170 2448 4238 fuit
2488 4171 2562 4223 ita
2587 4168 2654 4222 ³⁸.
2694 4169 2846 4236 Quod
2886 4179 2942 4223 et
2979 4170 3153 4239 ipsum
3182 4169 3347 4224 etiam
3377 4183 3602 4236 respon-

2035 4263 2227 4329 disset,
2256 4263 2301 4316 si
2334 4262 2454 4331 quis
2484 4262 2891 4332 interrogasset,
2929 4261 3041 4316 Cur
3079 4277 3200 4315 cum
3236 4262 3403 4317 Deum
3436 4275 3600 4315 unum
3631 4308 3636 4317 .

2031 4355 2207 4411 colere
2243 4353 2441 4419 Moses,
2495 4363 2550 4409 et
2597 4363 2719 4424 post
2767 4353 2968 4409 Mosem
3018 4356 3294 4423 prophetae
3342 4353 3600 4422 praecipe-

2029 4458 2171 4515 rent,
2217 4447 2353 4501 nihil
2411 4445 2570 4516 plane
2627 4446 2952 4511 docuerunt,
3003 4459 3106 4500 nec
3158 4445 3442 4500 scientiam
3491 4446 3598 4501 illis

359 4531 462 4592 οἷοί
503 4557 562 4593 τε
604 4536 744 4613 ἦσαν
793 4543 845 4596 οι·
896 4545 1134 4616 συνεχῶς
1179 4548 1514 4618 ἀπαγόμενοι
1564 4550 1629 4620 τῇ
1685 4549 1928 4622 πολυθέῳ

2037 4540 2375 4595 insinuarunt
2441 4537 2508 4592 de
2565 4535 2749 4591 Filio?
2802 4535 2987 4606 Neque
3062 4537 3206 4592 enim
3287 4536 3382 4591 illi,
3445 4547 3597 4606 pote-

356 4629 533 4705 πλάνῃ
562 4633 660 4704 τὴν
711 4634 1078 4706 εὐαγγελικὴν-
1122 4637 1524 4709 παραδέχεσθαι
1570 4640 1730 4711 χάριν
1786 4641 1920 4713 (97).

355 4723 450 4776 Διὸ
476 4723 612 4796 πρὸς
655 4725 754 4796 τὴν
809 4725 1237 4800 σκληροκαρδίαν
1281 4729 1458 4783 αὐτῶν
1507 4731 1608 4802 τὴν
1647 4733 1775 4805 περὶ
1805 4734 1925 4798 ἐνὸς

355 4814 491 4868 Θεοῦ
532 4814 874 4870 διδασκαλίαν
919 4818 1215 4884 ἐποιοῦντο,
1265 4819 1401 4885 τέως
1451 4821 1924 4892 παιδαγωγοῦντες

354 4905 551 4969 αὐτοὺς
576 4906 661 4960 διὰ
685 4906 775 4960 τοῦ
807 4907 1132 4978 ἀποτρέπειν
1164 4909 1262 4980 μὲν
1291 4908 1386 4963 τοῦ
1417 4910 1642 4976 πολλοὺς
1671 4908 1809 4967 εἶναι
1837 4932 1924 4968 νο-

357 4999 534 5070 μίζειν
557 4998 742 5067 Θεοὺς,
771 5000 982 5070 ὲνάγειν
1003 4999 1059 5054 δὲ
1089 5001 1180 5054 ἐπὶ
1205 5001 1300 5072 τὴν
1331 5003 1635 5075 εἰσαγωγὴν
1659 5003 1750 5057 τοῦ
1781 5006 1922 5070 ἑνός.

354 5090 510 5144 Οὕτω
530 5090 586 5144 δὲ
614 5092 818 5164 Μωσῆς
836 5091 998 5164 ἀτελῆ
1033 5091 1130 5164 τὴν
1158 5091 1502 5147 διδασκαλίαν
1528 5096 1641 5157 τοῖς
1675 5095 1794 5148 κατ’
1824 5097 1923 5149 αὒ-

352 5183 443 5236 τὸν
476 5182 761 5254 παρεδίδου
802 5183 890 5237 διά
917 5184 978 5236 τὸ
1014 5183 1202 5248 ἀτελὲς
1241 5183 1419 5239 αὐτῶν
1453 5185 1552 5253 τῆς
1586 5187 1920 5258 φρονήσεως,

349 5273 424 5338 ὡς
456 5273 723 5346 μηδεμίαν
743 5275 904 5329 αὐτὸν
932 5276 1150 5352 μνήμην
1179 5275 1504 5347 ποιήσασθαι
1539 5276 1785 5345 ἀγγέλων
1807 5278 1922 5331 κτί-

2030 4641 2177 4696 rant,
2217 4641 2323 4685 tam
2356 4629 2666 4700 frequenter
2698 4628 2914 4685 abducti
2943 4629 3013 4683 ab
3051 4643 3236 4684 errore
3273 4629 3340 4684 de
3369 4629 3593 4684 deorum

2030 4725 2395 4788 multitudine,
2435 4721 2802 4793 evangelicam
2825 4722 2968 4777 illam
3011 4723 3241 4793 gratiam
3289 4723 3592 4793 percipere.

2035 4821 2093 4879 ᾖ
2128 4815 2390 4882 Quocirca
2417 4814 2563 4868 illius
2601 4813 2776 4884 populi
2815 4827 2912 4883 per
2946 4815 2998 4869 id
3042 4815 3299 4895 temporis
3335 4815 3594 4869 informa-

2028 4921 2191 4972 tores,
2217 4915 2436 4977 propter
2461 4907 2714 4962 duritiem
2753 4908 3000 4962 cordium
3040 4907 3254 4962 illorum
3296 4909 3456 4962 unius
3501 4923 3592 4962 so-

2026 5002 2130 5056 lius
2171 4999 2262 5053 Dei
2308 4997 2611 5054 doctrinam
2647 4999 3121 5054 iisinstillarunt:
3159 5008 3219 5054 ut
3245 5001 3312 5055 ab
3337 5000 3590 5070 opinione

2025 5091 2331 5146 abstractos
2355 5091 2421 5145 de
2458 5089 2564 5144 diis
2593 5089 2798 5155 multis,
2827 5094 2892 5145 ad
2919 5091 3076 5146 unius
3136 5091 3466 5146 deducerent
3497 5105 3592 5146 con

2023 5185 2343 5254 gnitionem.
2369 5181 2547 5251 Atque
2568 5181 2640 5237 ita
2671 5197 2770 5237 suo
2792 5184 2988 5252 populo
3018 5183 3320 5240 doctrinam
3341 5183 3596 5238 tradebat.

2023 5275 2200 5332 Moses
2234 5272 2624 5344 imperfectam,
2653 5283 2874 5345 propter
2895 5284 3107 5346 captum
3138 5275 3379 5345 ipsorum
3409 5285 3462 5330 et
3495 5277 3610 5329 im-.

423 5487 480 5545 >14
514 5477 1252 5552 Ed.Paris.,pag.lSi,l35.
1328 5479 1372 5510 ”
1412 5476 1672 5546 Ose.xm,
1707 5480 1760 5533 4.
1838 5481 1881 5512 ³³
1916 5479 2148 5537 Malach.
2192 5478 2364 5544 11,10.
2440 5479 2485 5511 ³⁸⁵
2524 5479 2668 5535 Psal.
2708 5479 3044 5546 Lxxx,9-ll.
3121 5476 3373 5534 "Matth.
3399 5481 3584 5544 xux,8.

421 5667 531 5737 (95)
567 5663 1053 5737 Exlnpoxapdlar
1080 5664 1247 5737 ὑμῶν
1272 5664 1552 5735 ἔγραψεν.
1615 5669 1792 5735 Deest,
1845 5686 1910 5727 es:

350 5736 642 5812 Evangelia
671 5736 1071 5812 _sttppleiult_t_m,
1119 5736 1489 5812 ὑμῖν-ταύτην
1528 5739 1623 5810 τὴν
1670 5741 1907 5812 ἐντολήν.

351 5804 529 5934 Locug
548 5819 632 5930 es;
670 5804 830 5862 Mare.
881 5820 935 5872 ιι,
968 5804 1030 5871 5;
1067 5804 1332 5875 posterior
1356 5804 1478 5878 pars
1534 5804 1618 5865 est
1659 5825 1689 5866 e
1720 5804 1906 5867 Matth.

352 5894 466 5944 τη,
532 5915 547 5934 .
583 5905 597 5930 ι
639 5918 651 5930 .

2090 5679 2616 5752 (96)..νιιιςοεῑρετο,
2645 5691 2698 5736 et
2722 5681 2925 5752 statim,
2967 5678 3488 5752 παρακελευόμενος.

2020 5750 2677 5877 δι’(ξὶὲξιμιῦοαδιῧίεσθαι
2709 5751 2901 5823 χάριν.
2938 5754 3007 5808 De
3033 5750 3229 5807 deitatc
3268 5750 3393 5806 Jesu
3427 5750 3589 5805 Chris

2074 5836 2109 5885 I,
2189 5839 2200 5874 l
2249 5838 2260 5875 l
2345 5838 2414 5878 et.
2503 5861 2519 5880 .
