4082 6396
1149 298 1410 362 EUSEB"
1447 299 1558 363 ΒΔΕ
1566 300 1917 362 SARIENSIS
1953 304 2044 363 0P7

2145 301 2330 360 PARS
2358 301 2447 358 iV.
2486 333 2556 343 —
2587 297 2995 358 DOGMATICA.

3569 292 3701 361 95'?

469 417 766 494 perlectam
819 413 1154 490 intelligendi
1213 426 1555 489 potestatem.
1613 419 1872 486 Quocirca
1926 434 2024 474 nec

2145 433 2283 479 reme,
2315 417 2372 469 ὲν
2400 413 2476 486 τῷ
2505 413 2603 485 τῆς
2632 413 2987 485 κοσμοποιίας
3014 411 3176 484 λόγῳ,
3204 411 3378 466 καίτοι
3404 412 3514 466 τῶν
3543 415 3688 485 μετὰ

473 517 542 572 de
567 513 800 571 conditis
829 510 1032 582 angelis
1061 510 1188 566 facit
1219 510 1568 574 mentionem,
1603 509 1657 564 in
1699 509 1783 564 illa
1815 523 2026 566 cosmo-

473 605 629 678 peeia:
676 604 878 658 ratione
921 601 1274 657 describenda
1318 618 1333 654 :
1387 615 1507 654 cum
1541 608 1718 655 tamen
1753 600 2027 669 prophetae

472 698 566 754 illo
591 695 915 766 posteriores
945 693 1255 762 angelorum
1297 690 1530 748 fecerint
1560 691 1905 754 mentionem,
1943 691 2026 744 dio

473 791 828 850 vinarumqne
854 793 1179 856 potestatum
1213 793 1264 838 et
1303 785 1586 854 Spirituum
1614 781 1946 845 sanctorum,
1974 791 2031 836 et

473 879 566 932 Dei
617 877 988 932 ministrorum
1018 875 1502 945 supercrelestinm,
1549 876 1612 929 de
1633 875 1828 944 quibus
1849 875 2031 929 docuit

471 981 526 1025 et
575 969 788 1025 locutus
832 977 918 1024 est
949 967 1156 1034 Daniel,
1191 966 1361 1020 milia
1405 967 1630 1021 millium
1660 967 2030 1021 ministrabant

471 1062 520 1115 ei
543 1070 590 1114 et
622 1060 792 1114 decies
818 1060 1006 1114 centies
1033 1067 1241 1112 centena
1268 1057 1435 1110 millia
1461 1058 1696 1112 astabant
1729 1059 1776 1111 ei
1802 1057 2030 1124 “.Quo-

445 1153 593 1206 ‘rum
629 1164 810 1208 tamen
854 1151 1182 1206 mentionem
1228 1149 1445 1204 silentio
1481 1164 1702 1219 prorsus
1733 1150 1906 1205 Moses
1949 1150 2033 1204 in-

477 1244 744 1306 volvebat.
783 1258 905 1298 cum
937 1253 1116 1297 tamen
1152 1240 1240 1296 ille
1272 1255 1364 1296 eos
1388 1255 1494 1294 non
1528 1241 1818 1310 ignoraret,
1849 1251 2034 1307 utpote

477 1336 570 1407 qui
597 1344 842 1390 exactam
875 1346 1054 1388 rerum
1086 1333 1323 1387 omnium
1357 1333 1716 1403 cognitionem
1756 1333 1823 1389 ab
1855 1331 2032 1387 aﬂ'latu

481 1427 649 1481 divini
681 1425 915 1496 Spiritus
943 1432 1248 1493 acceperat.
1273 1423 1386 1478 Non
1411 1433 1588 1478 tamen
1622 1424 1761 1477 inter
1783 1439 1867 1478 res
1883 1437 2036 1476 crea-

477 1524 564 1571 tas
610 1514 991 1570 memorandas
1028 1527 1215 1568 eorum
1249 1513 1501 1567 meminit
1540 1529 1573 1566 a
1628 1513 1736 1568 Deo
1791 1513 2035 1567 condito-

477 1622 621 1664 rum.
676 1606 842 1677 Cujus
875 1605 952 1661 rei
1006 1619 1224 1661 causam
1253 1619 1360 1659 non
1393 1605 1550 1659 aliam
1604 1604 1994 1660 reddiderimus
2018 1643 2033 1666 ,

480 1710 640 1766 quam
669 1693 971 1750 Judzeorum
994 1694 1246 1749 duritiem
1290 1693 1489 1756 cordis,
1515 1694 1658 1764 quod
1685 1703 1740 1749 et
1766 1694 1880 1763 ipse
1906 1692 2036 1747 Ser-

2123 507 2295 561 ταῦτα
2335 507 2442 578 (98)
2484 505 2773 578 προφητῶν
2817 503 2876 558 οὐ
2912 506 3068 577 μόνον
3103 505 3346 574 ἀγγέλων
3377 521 3684 576 μνημονευ-

2128 599 2352 664 σάντων,
2379 597 2511 651 and;
2560 598 2652 650 καὶ
2697 595 2854 650 θείων
2897 595 3197 667 δυνάμεων,
3238 595 3335 648 καὶ
3359 595 3686 666 πνευμάτων

2125 689 2312 758 ἁγίων,
2343 689 2450 742 τῶν
2486 706 2546 742 τε
2574 687 2973 760 ύπερουρανίων
3003 685 3134 740 Θεοῦ
3165 685 3521 758 λειτουργῶν·
3558 686 3688 757 περὶ

2129 776 2204 836 ὧν
2231 785 2260 837 ὁ
2286 781 2478 854 Δανιὴλ
2505 781 2769 835 διδάσκων
2801 779 2972 849 ἔλεγε,
2999 779 3191 833 Χίλιαι
3229 775 3492 846 χιλιάδες
3530 775 3687 830 eam-

2127 875 2416 944 τούρτουν
2434 872 2610 940 αὐτῷ,
2641 873 2738 926 καὶ
2761 873 2970 943 μυρίαι
2979 867 3262 939 μυριάδες
3278 865 3691 936 παρειστήκει-

2128 979 2247 1018 σαν
2269 965 2604 1034 ἔμπροσθεν
2630 961 2833 1017 αὐτοῦ.
2882 960 3037 1014 Ἀλλά
3073 959 3182 1030 γὰρ
3210 958 3414 1012 τούτων
3437 958 3694 1012 ἁπάντων

2133 1057 2309 1126 σιωπῇ
2344 1054 2624 1126 παρέδωκε
2649 1055 2772 1116 τοὺς
2799 1052 2986 1121 λόγους
3012 1049 3234 1122 Μωσῆς,
3265 1050 3467 1121 καίπερ
3490 1050 3590 1102 οὑκ
3616 1047 3698 1101 ὣν

2130 1146 2306 1200 αὑτῶν
2333 1148 2390 1199 ὲν
2410 1145 2598 1217 ἀγνοίᾳ
2613 1163 2624 1176 ·
2659 1146 2871 1199 πάντων
2892 1144 2949 1197 δὲ
2967 1141 3062 1214 τὴν
3077 1142 3276 1214 ἀκριϐῆ
3293 1142 3491 1210 γνῶσιν
3507 1157 3704 1213 προειι

2130 1237 2314 1307 ληφὼς
2330 1235 2439 1307 (99)
2552 1236 2680 1307 θείῳ
2696 1232 2989 1306 Πνεύματι.
3016 1233 3162 1305 Πλὴν
3179 1231 3427 1304 οὐδαμῶς
3444 1231 3620 1285 αὑτῶν
3636 1233 3700 1285 ὲν

2131 1330 2196 1399 τῇ
2219 1329 2540 1399 κοσμοποιίᾳ
2555 1327 2630 1392 ὡς
2646 1327 2780 1402 πρὸς
2801 1326 2893 1380 τοῦ
2917 1324 3049 1380 Θεοῦ
3077 1324 3384 1396 γενομένων
3401 1324 3700 1394 ἐποιήσατο

2137 1419 2376 1491 μνήμην.
2394 1421 2502 1474 Kal
2519 1419 2705 1473 τούτου
2721 1421 2818 1490 τὴν
2833 1419 3008 1474 αἰτίαν
3027 1420 3134 1473 οὐδ’
3152 1417 3342 1488 ἑτέραν
3360 1416 3498 1470 εἴποι
3513 1417 3578 1472 ἀν
3593 1432 3699 1478 τις.

2133 1509 2166 1580 ἢ
2196 1510 2294 1580 τὴν
2323 1509 2748 1581 σκληροκαρδίαν
2766 1507 2859 1562 τοῦ
2884 1507 3012 1562 λαοῦ
3043 1506 3386 1578 γεγενῆσθαι,
3407 1507 3592 1578 ὥσπερ
3606 1503 3704 1560 οὖν

2135 1599 2294 1662 αὐτὸς
2315 1597 2548 1664 ἐδίδαξεν
2571 1601 2599 1652 6
2624 1597 2832 1670 Σωτήρ.
2856 1598 2964 1652 Kal
2985 1596 3185 1651 άλλαδὲ
3203 1595 3368 1669 μυρία
3389 1591 3522 1650 εἶναι
3551 1598 3606 1649 ὲν

2136 1689 2227 1745 τοῦ
2257 1691 2456 1756 παντὸς
2487 1692 2738 1746 συστάσει
2756 1689 2941 1762 μάθοις
2955 1689 3019 1744 ἂν
3035 1690 3099 1744 ὲκ
3118 1688 3224 1742 τῶν
3245 1689 3342 1758 τῆς
3358 1688 3559 1758 Καινῆς
3574 1689 3701 1740 Δια-

480 1751 638 1837 ύειοιο
654 1781 856 1838 docuit.
884 1780 989 1836 Sed
1013 1789 1069 1837 et
1110 1779 1214 1834 alia
1247 1789 1500 1834 sexcenta
1533 1751 1589 1834 in
1619 1795 1800 1835 rerum
1823 1789 2036 1835 exstare

2145 1781 2314 1854 θήκης
2335 1751 2790 1854 ἀναγνωσμάτων,
2813 1751 3069 1845 οὐδ’-ὅλως
3098 1783 3155 1834 ὲν
3183 1782 3250 1852 τῇ
3279 1751 3712 1850 Μωσέωςφερόσ

482 1873 840 1930 nnivers'rtate
870 1873 1048 1928 discas
1078 1885 1174 1942 per
1193 1870 1323 1927 Novi
1363 1871 1698 1928 Testamenti
1730 1871 2033 1940 lectionem,

485 1978 606 2032 ηοω
637 1979 898 2033 nusquam
921 1963 975 2017 in
1003 1962 1225 2018 historia
1247 1960 1412 2017 Mosis
1432 1971 1762 2032 comparent.
1788 1962 1900 2016 Non
1929 1977 2040 2018 me-

487 2052 644 2106 minit
692 2053 1088 2123 principatuum
1114 2093 1132 2117 ,
1172 2067 1274 2106 non
1308 2059 1635 2122 potestatum
1661 2091 1677 2116 ,
1715 2067 1818 2106 non
1851 2052 2036 2107 mundi

487 2143 873 2198 dominantium
901 2183 917 2206 ,
967 2158 1074 2198 non
1114 2144 1396 2214 spirituum
1427 2143 1719 2213 iniquitatis
1741 2184 1756 2208 ,
1781 2145 2040 2200 adversus

485 2249 620 2302 quos
650 2233 789 2288 lucta
840 2234 996 2289 nobis
1037 2235 1350 2299 intercedit,
1394 2244 1454 2289 ut
1500 2235 1711 2292 divinus
1750 2235 2039 2306 Apostolus

488 2323 743 2394 loquitur.
789 2321 926 2389 Quid
955 2338 1083 2394 ergo
1111 2323 1276 2379 refert
1299 2363 1314 2386 ,
1348 2324 1392 2379 si
1437 2338 1612 2394 neque
1639 2327 1778 2393 apud
1816 2324 2044 2390 Mosem,

487 2428 587 2468 nec
621 2413 911 2484 prophetas
959 2415 1194 2485 reliquos
1245 2415 1489 2470 invenire
1527 2430 1806 2486 possemus
1845 2417 2038 2472 borum

491 2507 748 2571 rationes,
778 2522 904 2562 num
958 2507 1093 2562 ﬁdes
1127 2509 1382 2577 Apostolo
1413 2508 1778 2563 detrahenda?
1805 2521 1895 2564 aut
1921 2525 2040 2564 cum

488 2595 794 2650 meminerit
848 2595 937 2650 ille
989 2596 1179 2650 borum
1222 2596 1470 2650 ordinum
1509 2596 1834 2651 excellenter
1864 2612 2045 2665 supre-

489 2699 721 2750 morum;
753 2683 844 2738 ubi
876 2681 984 2748 ait,
1017 2681 1290 2737 Christum
1320 2696 1349 2735 a
1385 2681 1590 2736 dextris
1619 2681 1711 2735 Dei
1764 2681 2046 2738 considere

489 2791 651 2843 super
675 2790 891 2830 omnem
923 2773 1306 2845 principatum,
1340 2784 1388 2827 et
1415 2783 1756 2843 pmestatem,
1798 2782 1852 2828 et
1874 2775 2045 2828 virtu-

491 2878 620 2931 rem,
643 2876 698 2920 et
729 2865 1168 2928 dominationem,
1205 2873 1260 2919 et
1292 2879 1455 2919 omne
1481 2879 1675 2917 nomen
1707 2865 1846 2933 quod
1871 2865 2047 2919 nomi-

491 2967 673 3018 natur,
706 2955 822 3009 sive
851 2955 902 3008 in
933 2955 1036 3009 hoc
1066 2953 1262 3009 seculo
1287 2969 1379 3009 seu
1410 2953 1462 3008 in
1509 2955 1685 3008 futuro
1707 2954 1789 3021 πς
1832 2965 1884 3008 ει
1921 2955 2047 3011 alibi

495 3061 615 3098 eum
639 3043 879 3099 nominet
919 3043 1060 3099 idem
1107 3043 1356 3104 thronos.
1372 3041 1791 3108 dominationes,
1820 3051 1874 3097 et
1903 3043 2049 3110 prin-

2144 1888 2276 1942 μενοι
2288 1873 2474 1944 Γραφῇ
2500 1872 2596 1945 (1)-
2616 1873 2714 1926 οὑκ
2734 1867 2825 1926 οὖν
2848 1871 3245 1943 ἐμνημόνευσεν
3263 1869 3467 1942 ἀρχῶν,
3489 1870 3598 1923 οὐδ’
3619 1871 3709 1936 ἐξ·

2139 1964 2357 2028 ουσιῶν,
2379 1965 2495 2017 οὑδὲ
2529 1963 3000 2037 κοσμοκρατόρων,
3036 1963 3155 2016 οὐδὲ
3186 1962 3570 2032 πνευματικῶν
3605 1961 3710 2032 τῆς

2143 2054 2424 2127 πονηρίας,
2450 2056 2584 2129 πρὸς
2605 2057 2641 2109 ἀ
2660 2056 2756 2126 τὴν
2785 2055 2961 2126 πάλην
2989 2056 3118 2126 ἡμῖν
3141 2054 3454 2108 συνεστάναι
3487 2051 3653 2124 φησιν
3678 2055 3714 2107 6

2143 2144 2282 2209 θεῖος
2297 2145 2634 2210 Ἀπόστολος.
2652 2144 2718 2198 Τί
2731 2141 2844 2208 οὖν,
2872 2145 2993 2197 ἐπεὶ
3019 2145 3152 2215 μήτε
3175 2142 3321 2216 παρά
3339 2145 3549 2206 Μωσεί,
3571 2144 3712 2214 μήτε

2143 2234 2294 2306 παρὰ
2315 2238 2425 2299 τοῖς
2453 2235 2654 2299 λοιποῖς
2681 2235 2982 2307 προφήταις
3009 2233 3189 2303 σαφῶς
3218 2235 3364 2287 ἐστιν
3385 2234 3564 2306 εὑρεῖν
3583 2234 3718 2296 τοὺς

2143 2327 2270 2398 περὶ
2296 2325 2499 2381 τούτων
2527 2327 2736 2395 λόγους,
2759 2325 3084 2398 ἀπιστητέον
3109 2325 3184 2396 (2)
3211 2325 3287 2396 τῷ
3301 2325 3601 2396 ’Δποστόλῳ
3624 2341 3638 2389 ;
3675 2323 3726 2394 ἢ

2143 2415 2362 2469 ἐπειδάν
2394 2414 2488 2469 τοῦ
2521 2415 2629 2470 τῶν
2651 2415 2972 2486 κρειττόνων
2997 2415 3271 2486 τάγματος
3308 2415 3335 2466 ό
3361 2413 3520 2477 αὑτὸς
3547 2413 3722 2466 πάλιν·

2148 2507 2459 2580 μνημονεύῃ
2510 2507 2681 2577 λέγων
2732 2507 2824 2561 τὸν
2871 2506 3102 2579 Χριστὸν
3153 2508 3209 2561 ὲν
3250 2505 3397 2577 δεξιᾷ
3435 2504 3530 2559 τοῦ
3575 2504 3714 2559 Θεοῦ

2146 2598 2488 2664 καθέζεσθαι,
2514 2599 2767 2670 ὑπεράνω
2791 2599 2969 2670 πάσης
2995 2599 3186 2670 ἀρχῆς,
3212 2597 3306 2651 καὶ
3328 2595 3589 2662 ἐξουσίας,
3617 2595 3720 2650 καὶ

2145 2687 2444 2758 δυνάμεως,
2474 2687 2567 2740 καὶ
2595 2687 2931 2758 κυριότητος,
2964 2687 3057 2742 καὶ
3085 2686 3281 2750 παντὸς
3310 2685 3564 2757 ὀνόματος
3589 2683 3716 2737 ὀνο--Δ

2151 2777 2476 2852 μωζομένου,
2507 2778 2566 2831 οὑ
2594 2778 2751 2848 μόνον
2772 2779 2828 2830 ὲν
2853 2777 2930 2848 τῷ
2960 2776 3114 2830 αίῶνι
3155 2776 3344 2846 τούτῳ,
3368 2774 3501 2830 ἀλλά
3535 2776 3627 2828 καὶ
3650 2774 3708 2827 ὲν

2147 2870 2224 2942 τῷ
2267 2867 2539 2940 μέλλοντιο
2585 2868 2678 2921 καὶ
2721 2863 2894 2932 αὖθις,
2947 2868 3165 2921 ἐπειδὰν
3193 2864 3434 2938 ὀνομάζῃ
3470 2863 3714 2937 θρόνους,

2149 2960 2244 3015 καὶ
2281 2960 2626 3030 κυριότητας,
2677 2959 2770 3012 καὶ
2816 2957 3009 3031 ἀρχάς,
3068 2957 3162 3012 καὶ
3192 2955 3461 3022 ἐξουσίας,
3508 2955 3712 3022 λέγων’

2163 3052 2258 3104 Ἐν
2281 3049 2440 3115 αὐτῷ
2472 3049 2581 3119 γὰρ
2619 3049 2864 3117 ἐκτίσθη
2899 3049 2970 3102 τὰ
3013 3046 3227 3110 πάντα,
3256 3046 3326 3100 τὰ
3351 3045 3424 3100 ἐν
3459 3045 3583 3111 τοῖς
3615 3046 3718 3098 οὐο

491 3134 723 3204 cipatus,
743 3141 798 3188 et
827 3141 1145 3203 potestates,
1169 3132 1256 3187 ubi
1295 3132 1372 3185 ait
1402 3149 1415 3184 :
1455 3129 1522 3185 In
1549 3132 1662 3200 ipso
1683 3133 1818 3184 enim
1842 3131 2044 3186 condite

2145 3141 2352 3210 ραν-οῖς
2370 3141 2465 3194 καὶ
2492 3141 2564 3194 τὰ
2593 3141 2690 3194 ἐπὶ
2720 3139 2829 3209 τῆς
2853 3139 2984 3211 τῆς,
3012 3139 3085 3194 τὰ
3105 3139 3286 3208 ὁρατὰ
3314 3137 3413 3191 καὶ
3446 3138 3519 3192 τὰ
3547 3137 3717 3204 (iopa-

489 3233 613 3279 sant
641 3225 902 3286 universa,
942 3231 1049 3276 tam
1079 3239 1196 3293 qius
1219 3226 1274 3277 in
1299 3221 1440 3276 culis
1468 3231 1612 3285 sunt,
1631 3238 1787 3291 quam
1817 3238 1934 3290 qua:
1962 3239 2054 3275 su-

492 3331 587 3382 per
632 3324 855 3380 terram,
881 3315 1103 3369 vieibilia
1137 3324 1185 3368 et
1222 3312 1524 3380 invisibilia,
1563 3315 1668 3368 sive
1699 3317 1914 3377 throni,
1951 3318 2054 3367 sire

492 3403 896 3468 dominationes,
927 3419 1018 3458 seu
1038 3403 1384 3473 principatus,
1407 3419 1498 3458 seu
1522 3414 1802 3473 potestates
1833 3404 1898 3458 ³⁸.
1919 3402 2052 3457 Num

496 3511 600 3551 non
635 3512 734 3566 par
765 3505 928 3551 estut
959 3497 1306 3551 admittamus
1335 3497 1461 3559 ista,
1505 3497 1715 3552 etiamsi
1745 3496 1922 3553 Moses
1948 3511 2053 3550 non

495 3586 702 3648 fecerit.
735 3601 833 3642 nec
861 3586 1245 3656 prophetarum
1279 3587 1422 3643 ullus
1459 3587 1621 3642 ullam
1653 3589 1720 3642 de
1762 3589 1881 3644 istis
1909 3605 2058 3645 men-

499 3678 750 3734 tionem?
786 3677 945 3733 Certe
985 3678 1123 3733 idem
1171 3677 1261 3732 hic
1309 3679 1674 3747 usurpandum
1730 3680 1885 3735 nobis
1931 3691 2053 3746 est,

497 3765 639 3835 quod
671 3765 794 3821 duri
837 3767 1048 3821 cervice
1089 3775 1146 3822 et
1198 3767 1362 3822 corde
1415 3767 1776 3822 incircumcisi
1811 3779 1970 3838 atque
2011 3771 2056 3826 si

495 3858 721 3914 auribus
761 3859 1069 3928 neutiquam
1109 3859 1226 3914 istis
1256 3858 1416 3914 ﬁdem
1450 3857 1840 3926 adhibuissent,
1863 3861 2058 3929 quibus

496 3949 620 4005 ideo
654 3947 786 4004 nihil
810 3949 876 4003 de
918 3963 1150 4018 superna
1171 3948 1264 4004 illa
1295 3948 1601 4005 Jerusalem
1641 3955 1700 4013 >3
1737 3950 1900 4005 divini
1929 3965 2058 4019 pro-

499 4040 676 4110 pheta:
711 4038 1018 4094 revelarunt
1048 4055 1205 4094 :eum
1230 4039 1282 4094 in
1314 4039 1552 4096 Ecclesia
1581 4039 1805 4107 Christi,
1832 4039 2060 4095 manife-

501 4139 585 4184 ste
628 4129 940 4197 pronuntiat
969 4127 1036 4183 de
1066 4129 1154 4182 illa
1201 4127 1424 4192 Paulus,
1456 4127 1754 4182 Jerusalem
1800 4143 1920 4182 vero
1938 4144 2060 4198 qua:

2149 3249 2241 3296 τα,
2269 3233 2389 3286 εἴτε
2412 3233 2632 3301 θρόνοι,
2665 3231 2785 3286 εἴτε
2822 3231 3184 3300 κυριότητες,
3215 3229 3336 3283 εἴτε
3371 3227 3572 3298 ἀρχαὶ,
3601 3227 3716 3281 εἴτε

2149 3325 2442 3390 ἐξουσίαι,
2477 3320 2564 3397 ἆρ’
2590 3324 2650 3378 οὑ
2689 3325 2951 3397 προσήκει
2993 3324 3166 3378 ταῦτα
3201 3320 3597 3394 παραδέχεσθαι
3629 3316 3721 3374 διὰ

2149 3415 2211 3470 τὸ
2254 3416 2388 3489 μήτε
2419 3415 2641 3482 Μωσέα,
2681 3417 2816 3488 μήτε
2843 3417 2969 3479 τοὺς
3007 3414 3228 3478 λοιποὺς
3259 3414 3556 3484 προφήτας,
3590 3411 3719 3481 περὶ

2150 3506 2352 3560 τούτων
2386 3506 2808 3578 προειληφέναις
2849 3505 2884 3578 ἥ
2919 3505 3111 3560 ταύτὸν
3137 3503 3382 3576 καὶπερὶ
3412 3503 3486 3571 (5)
3513 3501 3717 3556 τούτων

2152 3594 2405 3667 ἐροῦμεν,
2451 3594 2526 3658 ὡς
2569 3593 2667 3663 οὑχ
2703 3588 2804 3646 οἷοί
2834 3610 2894 3647 τε
2920 3589 3059 3664 ἦσαν
3087 3594 3212 3656 τοὺς
3239 3592 3364 3664 περὶ
3390 3590 3588 3644 τούτων
3622 3607 3722 3644 πι-

2155 3683 2442 3738 στεύεσθαι
2481 3683 2672 3751 λόγους
2702 3684 2749 3735 οἱ
2784 3682 3242 3754 σκληροτράχηλοι
3290 3682 3383 3737 καὶ
3409 3682 3722 3752 ἀπερίτμη-

2153 3790 2234 3826 τοι
2260 3775 2325 3844 ei)
2352 3771 2546 3844 καρδίᾳ
2573 3771 2799 3834 καὶτοῖς
2820 3770 2974 3836 ὠσὶν,
3008 3789 3026 3821 ι
3063 3765 3145 3834 οἷς
3175 3769 3295 3823 οὐδὲ
3325 3770 3451 3841 περὶ
3489 3769 3586 3838 τῆς
3611 3766 3725 3821 ἀνω

2166 3863 2516 3937 Ἰερουσαλὴμ
2545 3882 2564 3916 ι
2601 3863 2968 3918 ἀνεκάλυπτον
3016 3863 3065 3915 oi
3103 3861 3198 3915 τοῦ
3233 3860 3369 3916 Θεοῦ
3426 3860 3724 3932 προφῆται,

2161 3953 2349 4028 ὥσπερ
2367 3949 2458 4008 οὖν
2489 3956 2553 4026 τῇ
2589 3953 2881 4024 Ἐκκλησία
2909 3952 3145 4024 Χριστοῦ
3177 3952 3453 4021 διασαφῶν
3477 3951 3571 4005 καὶ
3599 3952 3726 4013 τοὺς

2157 4047 2283 4119 περ).
2309 4045 2512 4118 ταύτης
2530 4046 2718 4116 λόγους
2739 4048 2768 4100 6
2789 4045 2998 4110 Παῦλος
3025 4045 3172 4109 ἐϐόα,
3192 4044 3386 4114 λέγων,
3425 4045 3498 4099 Ἦ
3515 4044 3583 4097 δὲ
3601 4043 3729 4096 ἅνω

2168 4139 2561 4210 Ἰερουσαλὴμ
2608 4138 2892 4207 ἐλευθέρα
2940 4138 3129 4203 ἐστίν,
3178 4138 3312 4206 ἥτις
3356 4137 3489 4192 ἐστι
3525 4137 3727 4208 μήτηρ

502 4235 710 4276 sursum
737 4231 813 4275 est
857 4221 1044 4286 libera,
1077 4230 1153 4275 est
1189 4229 1356 4274 mater
1392 4232 1572 4274 nostra
1603 4220 1692 4285 ³⁹;
1721 4230 1774 4275 ει
1812 4238 1826 4274 :
1860 4219 2044 4290 Appro

2156 4227 2349 4298 ἡμῶν
2399 4227 2510 4292 καὶ,
2534 4229 3028 4296 Προσεληλύθατε
3065 4229 3217 4281 Σιὼν
3255 4226 3394 4297 ὄρει,
3424 4226 3524 4280 καί
3551 4228 3727 4279 πόλει

499 4311 789 4383 pinquastis
813 4313 882 4366 ad
909 4311 1038 4367 Sion
1063 4322 1309 4377 montem,
1339 4322 1387 4365 et
1417 4312 1679 4365 civitatem
1703 4309 1800 4365 Dei
1827 4311 1927 4364 uiui
1965 4309 2062 4366 Je-

2159 4320 2306 4376 Θεοῦ
2322 4317 2529 4386 ζῶντος
2555 4318 2938 4389 Ἰερουσαλὴμ
2951 4319 3300 4387 ἐπουρανίῳ,
3328 4319 3428 4373 καὶ
3439 4319 3732 4389 μυριάσιν

502 4403 730 4458 rusalem
758 4403 1032 4470 calestem,
1066 4412 1115 4457 et
1143 4401 1525 4457 multitudinem
1552 4401 1878 4472 angelorum,
1899 4410 1952 4456 et
1972 4419 2044 4472 par

2157 4411 2428 4484 ἀγγέλων
2489 4412 2813 4479 πανηγύρει
2827 4449 2843 4476 ,
2881 4409 2982 4464 καὶ
3038 4410 3365 4478 Ἐκκλησία
3389 4411 3462 4482 (4)
3501 4426 3727 4480 ,πρωτο-

503 4495 735 4563 tsegyrim
769 4503 816 4547 et
857 4493 1148 4547 Ecclesium
1192 4491 1657 4562 primogenitorum
1693 4492 1782 4562 qui
1816 4493 2044 4562 descript:

2159 4505 2350 4558 τόκων
2371 4499 2906 4570 ἀπογεγραμμένων
2929 4499 2999 4553 ἐν
3019 4500 3313 4568 οὐρανοῖς.
3337 4501 3556 4569 Λεγὲτω
3588 4500 3729 4573 πρὸς

507 4596 630 4638 sunt
670 4587 726 4639 in
755 4585 895 4639 coriis
911 4585 977 4639 δ’.
1007 4584 1105 4639 llic
1132 4598 1261 4639 vero
1292 4582 1447 4638 nobis
1479 4583 1624 4637 dicat
1646 4582 1801 4637 velim
1835 4583 2061 4638 Mareel-

2161 4593 2334 4648 ταῦτα
2358 4590 2695 4662 Μάρκελλος,
2737 4590 2786 4643 εί
2818 4585 2930 4653 οἷός
2961 4606 3022 4642 τε
3059 4591 3208 4644 ἐστὶν
3258 4594 3323 4643 ἐκ
3346 4590 3456 4644 τῶν
3483 4589 3730 4643 παλαιῶν

514 4674 630 4740 lus,
661 4676 706 4729 si
740 4676 807 4730 de
841 4676 1065 4731 vetustis
1097 4674 1394 4744 Scripturis
1429 4672 1680 4742 proferre
1715 4675 1871 4730 nobis
1897 4675 2038 4745 possi

2165 4681 2509 4756 γραμμάτων
2558 4680 2656 4751 τὴν
2697 4679 2900 4733 τούτων
2940 4681 3230 4752 προφέρειν
3270 4681 3625 4735 διδασκαλίαν.
3661 4681 3727 4734 El

513 4766 815 4822 doctrinam
860 4769 928 4823 de
959 4768 1076 4846 istis
1104 4785 1124 4822 ι
1154 4768 1237 4823 sin
1263 4765 1464 4822 nullam
1493 4767 1732 4822 inveniat
1777 4768 2064 4835 rationem,

2164 4775 2220 4830 δὲ
2253 4775 2330 4845 (5)
2362 4773 2436 4845 μὴ
2466 4772 2729 4846 εὑρίσκοι,
2780 4771 2876 4843 τὴν
2911 4772 3088 4826 αἰτίαν
3131 4771 3441 4837 ἀποδιδότω,
3463 4771 3527 4826 δι’
3552 4772 3616 4844 ἣν
3644 4787 3730 4824 σεο

515 4869 632 4916 tum
677 4869 1083 4928 expromateur
1132 4868 1188 4914 et
1213 4859 1356 4926 ista,
1385 4867 1440 4916 et
1466 4859 1575 4914 alia
1628 4872 1788 4928 quam
1838 4858 2044 4928 plurimi

2165 4865 2404 4938 σιώπητο
2426 4868 2538 4928 τοῖς
2559 4864 2653 4918 τοῦ
2676 4864 2810 4918 Θεοῦ
2842 4866 3144 4936 προφήταις
3162 4863 3331 4917 ταῦτά
3353 4880 3412 4916 τε
3433 4864 3606 4917 πάντα
3631 4863 3730 4916 καὶ

509 4955 600 5013 his
649 4951 930 5022 cougenita
969 4951 1432 5008 abscondebantur
1451 4966 1482 5006 a
1507 4950 1779 5022 prophetis
1801 4989 1819 5016 ,
1849 4951 1916 5006 de
1946 4951 2066 5020 qui-

2161 4955 2295 5009 άλλα
2309 4953 2516 5018 τούτοις
2529 4952 2728 5020 ἀδελφά
2747 4952 2933 5024 μυρία,
2949 4954 3074 5024 περὶ
3087 4947 3164 5006 ὧν
3174 4953 3202 5004 6
3216 4951 3377 5014 αὑτὸς
3389 4951 3734 5017 ’Δπόστολοςν

509 5050 611 5104 bus
645 5056 824 5100 nostra
880 5043 1002 5098 vice
1047 5043 1209 5098 Deum
1260 5043 1647 5114 deprecabatur
1686 5042 2044 5099 sanctissimut

2165 5046 2303 5118 ὑπὲρ
2319 5049 2352 5118 ἡ
2362 5045 2476 5117 μῶν
2490 5045 2656 5100 ἐδεῖτο
2670 5045 2768 5100 τοῦ
2800 5043 2958 5110 Θεοῦ,
2982 5045 3083 5099 ἵνα
3106 5045 3519 5115 ἐξισχύσωμεν
3544 5061 3726 5098 stata-

506 5138 815 5211 Apostolus,
840 5143 899 5189 ut
920 5133 1188 5205 possimus
1211 5136 1640 5206 comprehendere
1669 5151 1787 5188 cum
1821 5135 2062 5189 omnibus

2161 5139 2449 5194 λαϐέσθαι
2464 5138 2585 5192 σὺν
2599 5137 2748 5194 πᾶσι
2763 5139 2884 5206 τοῖς
2897 5138 3104 5209 ἁγίοις,
3122 5139 3177 5192 τί
3192 5137 3258 5192 τὸ
3271 5137 3500 5203 πλάτος
3513 5140 3607 5194 καὶ
3619 5139 3740 5209 μῆο.

588 5287 652 5351 α(
683 5285 780 5341 Ed.
803 5286 999 5370 Paris.,
1026 5285 1272 5347 paa.l3ti.
1346 5286 1392 5319 ³⁸
1419 5288 1649 5359 Datum,
1669 5294 1754 5350 l0.
1785 5335 1802 5347 .
1831 5297 1876 5331 ³⁷
1904 5297 2044 5370 pre

2145 5316 2177 5362 τ,
2203 5301 2293 5365 20,
2326 5301 2416 5356 ει.
2489 5296 2537 5330 ⁸⁸
2557 5296 2766 5355 Coloss.
2791 5312 2830 5366 ι,
2851 5295 2936 5353 l6.
3009 5296 3054 5331 ”
3085 5293 3204 5354 Gal.
3233 5312 3306 5364 tv,
3337 5296 3429 5354 26.
3503 5295 3734 5359 “Hebr.

593 5383 696 5440 ιιι,
727 5371 822 5439 22,
866 5368 959 5426 9.5.

593 5515 682 5581 98)
702 5515 810 5586 Mp.
841 5517 1050 5576 τοῦτον.

594 5585 1279 5662 99)-Ἲιι1κο-παρειληφῴς,
1296 5597 1350 5644 at
1371 5589 1443 5646 cf.
1471 5589 1607 5662 infra
1631 5588 1677 5646 ϐ
1699 5590 1842 5662 med.

597 5656 1218 5733 1)’Φερο]ιένῃῖραέρᾔ.
1246 5661 1397 5718 Esset
1422 5659 1693 5733 φερόμενα
1724 5659 1825 5733 [sic
1848 5657 2052 5733 cod_t'l_.],

483 5736 588 5782 'aut
618 5727 959 5797 φερομένων,
977 5739 1034 5783 ut
1075 5727 1334 5787 referatur
1363 5727 1915 5804 δύ’ἀναγνωσμάτων.
1939 5727 2009 5782 Μ.

2252 5521 2306 5595 3)
2335 5521 2507 5595 Yulgo
2532 5521 2904 5595 ἀπιστευτέον,
2925 5532 2981 5595 et
3007 5522 3146 5595 infra
3178 5521 3454 5594 ὀνομάζει.

2333 5592 2507 5675 Χυράο
2538 5593 2726 5675 ἢυπερί
2756 5608 2897 5648 corr.
2917 5592 3026 5662 jam
3053 5592 3160 5664 Mp.

2235 5661 2313 5730 (4)
2333 5661 2504 5733 Yulgo
2523 5661 2641 5733 τῶν
2675 5661 2770 5732 πρ.

2232 5733 2308 5803 (5)
2331 5730 2496 5805 Vulgo
2515 5732 2598 5803 δή,
2629 5741 2680 5786 et
2705 5730 2862 5799 infra,
2897 5730 3081 5804 μύρια.
