4082 6388
312 347 418 402 955

1223 346 1310 403 DE
1347 348 1882 405 ECCLESIASTICA
1929 351 2317 408 THEOLOGIA
2358 350 2488 409 LIB-
2523 353 2586 407 II.

3427 357 3531 413 954

313 484 416 532 κος
434 465 525 518 καὶ
537 465 727 532 βάθος
742 465 838 520 καὶ
853 466 1024 534 ὕψος,
1045 463 1262 536 γνῶναί
1278 485 1339 520 τε
1354 467 1464 535 τὴν
1477 467 1875 536 ὑπερϐάλλου-

1981 472 2196 535 sanctis,
2221 488 2336 541 qua!
2359 481 2487 525 esset
2517 470 2758 535 latitudo,
2796 470 3090 540 longitudo,
3122 474 3453 544 profunditas
3481 481 3531 528 et

312 575 433 613 σαν
459 556 567 626 τῆς
596 560 866 628 γνώσεως
897 558 1133 626 ἀγάπην
1166 559 1269 612 τοῦ
1294 561 1459 614 Θεοῦ.
1494 561 1602 614 Καὶ
1637 561 1795 624 αὐτὸς
1816 560 1872 613 δὲ

311 651 504 723 Σωτὴρ
529 651 683 722 ἡμῶν
725 650 946 703 πλεῖστα
986 651 1083 703 ὅσα
1121 652 1392 722 μυστήρια
1425 654 1550 723 περὶ
1587 653 1685 722 τῆς
1716 653 1873 722 βασι-

310 741 460 806 λείας
479 745 585 796 τῶν
612 742 881 814 οὐρανῶν,
923 744 1048 815 περί
1086 761 1142 795 τε
1167 744 1265 813 τῆς
1300 746 1604 808 συντελείας
1624 746 1715 798 τοῦ
1743 764 1874 799 παν-

309 835 424 899 τὸς,
457 835 581 905 περί
612 852 670 887 τε
700 835 805 888 τῶν
839 834 1194 903 ἐπαγγελιῶν,
1236 835 1365 888 ποτὲ
1398 837 1495 907 μὲν
1520 837 1602 889 διὰ
1633 837 1874 907 παραϐο-

309 924 439 988 λῶν,
479 925 608 978 ποτὲ
640 926 698 978 δὲ
727 927 818 980 καὶ
857 928 912 978 ὲν
947 928 1271 998 ἀπορρήτοις
1299 927 1539 996 ἐξέφαινε
1569 931 1678 992 τοῖς
1709 928 1870 982 αὐτοῦ

316 1015 604 1088 μαθηταῖς,
642 1019 777 1088 πρὸς
815 1017 908 1081 οὓς
934 1018 1133 1086 ἔλεγεν,
1178 1019 1343 1087 Ὑμῖν
1389 1018 1620 1073 δέδοται
1657 1019 1870 1089 γνῶναι

311 1105 386 1158 τὰ
406 1107 708 1175 μυστήρια
737 1109 841 1163 τοῦ
878 1109 1044 1174 Θεοῦ,
1081 1104 1154 1163 ὧν
1180 1113 1277 1164 ούκ
1305 1112 1370 1166 ἄν
1404 1110 1654 1184 εὖροιίτις
1689 1111 1758 1164 τὰ
1781 1107 1873 1164 ἴσα

312 1201 466 1272 παρά
484 1202 687 1266 Μωσεῖ,
713 1202 744 1274 ἢ
771 1203 918 1274 παρὰ
938 1205 1047 1266 τοῖς
1074 1203 1275 1267 λοιποῖς
1310 1206 1627 1277 προφήταις.
1665 1200 1835 1258 Τίόὗν
1857 1220 1872 1269 ;

313 1293 434 1345 ἐπεὶ
470 1293 541 1364 μὴ
579 1293 656 1364 τῷ
693 1294 956 1347 Ἰουδαίων
983 1294 1095 1364 λαῷ
1125 1295 1390 1365 παρεδόθη
1417 1295 1608 1359 ταῦτα,
1644 1298 1722 1358 εὶς
1751 1298 1872 1348 ἐπι-

310 1383 520 1452 τήδειον
563 1386 750 1457 καιρὸν
777 1386 1145 1457 φυλαττόμενα
1179 1390 1241 1458 τῇ
1290 1387 1581 1459 Ἐκκλησία
1613 1387 1871 1460 Χριστοῦ,

311 1475 471 1544 παρὰ.
499 1476 656 1529 τοῦτο
708 1478 842 1547 χρῆν
877 1478 1022 1548 ὑμᾶς
1054 1478 1149 1549 τὴν
1187 1479 1521 1549 δωρηθεῖσαν
1555 1480 1684 1549 ἡμῖν
1719 1478 1875 1550 χάριν

307 1566 548 1631 ἀθετεῖν;
597 1565 630 1637 ἢ
674 1567 930 1636 μειζόνως
967 1569 1301 1639 εὐχαριστεῖν
1357 1568 1433 1639 τῷ
1467 1569 1567 1638 τῆς
1610 1569 1879 1639 τοσαύτης

309 1663 459 1733 ἡμᾶς
477 1660 870 1724 καταξιώσαντι
897 1657 1145 1727 γνώσεως
1171 1661 1276 1730 (6);
1309 1660 1462 1714 Κατά
1492 1660 1582 1714 τὸν
1607 1662 1764 1714 αὐτὸν
1785 1657 1883 1715 οῦν-

308 1755 508 1824 τρόπον
548 1752 642 1806 κα).
689 1751 787 1815 τὰς
829 1753 956 1823 περὶ
1002 1752 1095 1805 τοῦ
1131 1753 1260 1806 Υἱοῦ
1288 1752 1650 1818 διδασκαλίας,
1683 1755 1745 1806 ἐκ
1778 1754 1882 1824 τῆς

1971 561 2200 612 altitudo
2222 600 2237 624 ,
2268 570 2314 613 et
2339 576 2646 629 cognoscere
2670 561 2995 614 excedentem
3025 563 3170 616 iitum
3202 566 3530 620 dilectionem

1973 651 2280 718 cognitionis
2310 648 2403 702 Dei
2431 651 2496 701 δι.
2526 649 2630 702 Sed
2682 659 2737 705 et
2790 650 3014 717 ipsemet
3057 651 3316 708 Servatur
3351 665 3533 710 noster

1972 741 2122 810 plura
2171 740 2421 810 mysteria
2454 740 2522 796 de
2553 758 2717 815 regno
2758 746 3015 801 caelorum
3047 790 3062 814 ,
3095 748 3160 802 de
3191 761 3531 802 consumma-

1975 833 2120 888 tione
2147 833 2364 898 mundi,
2395 837 2460 890 de
2488 837 2937 906 promissionihus
2962 880 2976 905 ,
3005 857 3146 896 nunc
3181 857 3277 912 per
3302 841 3532 911 parabo-

1974 925 2072 987 las,
2105 942 2245 980 nunc
2273 926 2504 982 latenter
2542 939 2596 983 et
2636 931 2847 987 occulte
2887 935 3098 999 extulit,
3160 943 3215 988 et
3253 933 3531 1002 discipulis

1975 1017 2258 1084 intimavit,
2292 1019 2538 1088 inquiens
2565 1038 2579 1074 :
2617 1021 2768 1076 Vobis
2799 1025 2977 1079 datum
3005 1036 3077 1079 est
3113 1041 3260 1079 nosse
3291 1025 3530 1093 mysteria

1975 1109 2072 1163 Dei
2113 1109 2190 1176 δ’,
2230 1111 2426 1182 quibus
2477 1115 2725 1182 supparia
2774 1133 2878 1170 non
2941 1117 3177 1170 inveniet
3224 1119 3341 1187 quis
3391 1117 3532 1184 apud

1975 1199 2177 1256 Mosem
2203 1242 2218 1268 ,
2261 1212 2352 1256 aut
2386 1203 2620 1274 reliquos
2669 1209 2979 1277 prOphelas.
3011 1208 3150 1275 Quid
3181 1209 3353 1277 ergo?
3397 1208 3530 1262 Cum

1974 1309 2079 1347 non
2109 1309 2429 1350 concessum
2468 1296 2628 1352 fuerit
2655 1297 2963 1354 Iudaeorum
3005 1300 3201 1369 p0pnlo
3234 1300 3332 1353 ista
3359 1299 3534 1369 perci-

1975 1399 2145 1454 pere,
2196 1386 2289 1440 sed
2339 1388 2391 1440 in
2445 1397 2653 1458 tempus
2701 1402 3061 1460 opportunum
3116 1391 3533 1446 reservabantur

1974 1476 2174 1530 Christi
2220 1477 2471 1534 Ecclesia:
2519 1481 2884 1550 patefacienda
2924 1500 2939 1549 ;
2997 1483 3118 1537 ideo
3167 1498 3267 1538 nos
3319 1490 3533 1552 oportet

1974 1581 2288 1623 concessam
2321 1571 2475 1625 nobis
2509 1572 2736 1641 gratiam
2777 1573 3085 1645 negligere?
3119 1573 3230 1628 lmo
3257 1588 3385 1627 vero
3421 1588 3534 1625 ma.

1969 1656 2140 1724 jorem
2176 1659 2227 1711 in
2258 1660 2472 1714 modum
2505 1663 2706 1730 gratias
2735 1663 2809 1718 illi
2860 1665 3164 1720 retribuere
3188 1704 3202 1728 ,
3253 1664 3344 1735 qui
3380 1663 3534 1719 nobis

1976 1748 2116 1803 hanc
2163 1757 2365 1804 tantam
2417 1751 2700 1808 scientiam
2735 1754 3052 1819 impertivit.
3085 1756 3164 1810 Ad
3215 1755 3370 1809 istum
3404 1769 3541 1822 ergo

309 1845 475 1900 αὑτοῦ
509 1845 715 1916 Καινῆς
740 1844 1014 1914 Διαθήκης
1044 1846 1309 1916 προσήκοι
1338 1843 1402 1898 ἂν
1447 1845 1874 1915 ἀπολαμϐάνειν,

1973 1841 2215 1908 modum,
2252 1858 2369 1912 quae
2390 1852 2514 1899 sunt
2538 1844 2604 1899 de
2641 1845 2730 1900 Dei
2768 1845 2879 1900 lilio
2911 1847 2962 1900 in
2998 1845 3152 1901 Novo
3189 1844 3536 1900 Testamento

308 1937 460 1990 οὐδὲν
498 1936 883 2006 ξενιζόμενους,
913 1937 960 1988 εί
987 1936 1059 2006 μὴ
1089 1935 1165 2006 τῷ
1200 1937 1606 2008 σκληροκαρδίῳ
1646 1935 1756 2006 λαῷ
1778 1937 1876 2008 τῆν
1923 1999 1935 2008 _

309 2030 438 2100 περὶ
470 2027 630 2082 αὐτοῦ
661 2028 859 2097 γνῶσιν
891 2027 1260 2082 ἀνεκάλυπτον
1292 2029 1338 2080 οἱ
1376 2028 1469 2081 τοῦ
1500 2028 1632 2081 Θεοῦ
1666 2027 1875 2098 ἀνθρω-

308 2138 422 2182 ποι,
452 2122 530 2183 είς
560 2120 746 2192 καιρὸν
777 2118 1050 2191 εὔκαιρον,
1078 2119 1168 2173 τὸν
1204 2121 1331 2192 περὶ
1356 2119 1518 2174 αὐτοῦ
1550 2119 1874 2190 ταμιευόμε-

306 2229 388 2266 νοι
421 2212 596 2282 λόγον.
637 2213 710 2267 Oi)
751 2213 858 2286 γάρ
897 2213 1067 2266 ἐδόκει
1099 2211 1401 2282 ἐπιτήδειον
1441 2208 1577 2263 εἶναι
1618 2212 1698 2276 τὸ,
1725 2229 1874 2283 τηνι-

307 2303 486 2358 καῦτα
520 2305 942 2375 ύποσυρομένοις
971 2303 1193 2374 ἀνδράσι
1219 2303 1310 2356 ἐπὶ
1341 2301 1435 2372 τὴν
1459 2301 1712 2356 πολύθεον
1741 2302 1875 2356 πλά-

307 2413 405 2466 νην
431 2395 778 2466 παραδιδόναι
799 2395 858 2448 τὸ
884 2395 960 2466 (7)
990 2395 1116 2466 περὶ
1144 2393 1354 2464 Πατρὸς
1377 2393 1468 2447 κα)⁴
1499 2394 1628 2447 Υίοῦ
1662 2395 1872 2466 μυστή-

311 2503 442 2556 ριον,
473 2481 554 2549 οἷς
581 2487 699 2539 οὐδὲ
724 2488 848 2550 τοὺς
873 2486 999 2558 περὶ
1022 2486 1128 2539 τῶν
1155 2485 1567 2556 ύποόεὸηκὸτων
1594 2485 1871 2556 δυνάμεων

306 2577 668 2642 ὲξεκάλυπτον
691 2577 908 2646 λόγους·
962 2577 1037 2640 ὡς
1074 2576 1140 2630 ἂν
1174 2575 1248 2647 μὴ
1278 2575 1547 2647 προφάσει
1579 2575 1750 2648 ταύτῃ
1779 2577 1871 2629 ἐπὶ

305 2665 404 2736 τὴν
451 2665 761 2736 Ἑλληνικὴν
813 2666 1170 2719 καταπέσοιεν
1223 2665 1528 2729 πολυθεῖαν,
1573 2667 1621 2719 οἱ
1663 2665 1871 2737 πατέρα

305 2757 513 2828 ἀνδρῶν
563 2776 623 2810 τε
674 2757 810 2810 θεῶν
851 2777 910 2811 τε
954 2759 1045 2812 τὸν
1103 2760 1230 2831 παρ’
1271 2760 1453 2824 αὐτοῖς
1505 2757 1872 2812 ἀνεπλάσαντο

306 2849 458 2901 Θεόν.
481 2850 676 2922 Διόπερ
698 2850 794 2920 τῆς
817 2849 1068 2920 τοιαύτης
1093 2851 1288 2914 αὐτοὺς
1311 2850 1646 2903 ἀναστέλλων
1668 2851 1871 2920 πλάνης

305 2943 334 2992 ό
362 2941 517 3009 λόγος
543 2943 634 2995 τὸν
656 2943 748 2996 ἕνα
781 2942 911 2995 Θεὸν
941 2944 1256 3015 ἐκήρυττεν,
1280 2943 1340 2995 ού
1367 2942 1472 3014 μὴν
1497 2943 1705 3013 πατέρα
1732 2939 1870 2994 εἶναι

303 3028 397 3080 τὸν
426 3030 585 3083 αὐτὸν
615 3033 864 3102 ἠρνεῖτο·
896 3033 988 3085 καὶ
1013 3033 1102 3086 τὸν
1129 3033 1298 3104 ἀληθῆ
1319 3033 1375 3086 δὲ
1404 3032 1580 3085 σέϐειν
1609 3033 1870 3094 ἐδίδασκε,

303 3120 399 3172 καὶ
428 3119 566 3191 πλὴν
600 3121 762 3174 αὑτοῦ
804 3123 1006 3193 μηδένα
1044 3123 1239 3175 εἰδέναι
1278 3123 1529 3195 παρῄνει,
1557 3125 1617 3176 οὐ
1653 3123 1756 3194 μὴν
1781 3125 1874 3195 ὴρ-

305 3215 450 3265 νεῖτο
479 3211 615 3266 εἷναι
661 3215 821 3267 αὑτὸν
848 3215 1088 3285 Πατέρα.
1118 3215 1180 3267 Ei
1215 3215 1273 3268 δὲ
1314 3194 1388 3286 (8)
1413 3215 1506 3267 καὶ
1529 3215 1749 3286 Κύριον,
1777 3194 1871 3266 καὶ
1899 3194 1940 3250 C

303 3304 437 3356 Θεὸν
457 3304 634 3367 αὑτὸν,
674 3306 767 3356 καὶ
790 3305 1014 3366 δίκαιον,
1046 3306 1140 3357 καὶ
1175 3307 1403 3374 Σωτῆρα
1442 3305 1725 3365 ἀπεκάλει,
1759 3304 1871 3356 ἀλλ’

303 3394 406 3446 οὐκ
436 3394 691 3448 ἀπέκλειε
720 3395 811 3447 τοῦ
855 3397 947 3448 καὶ
989 3395 1205 3465 Πατέρα
1239 3390 1378 3447 εἶναι
1421 3395 1582 3447 αὐτὸν
1623 3396 1871 3464 ἡγεῖσθαι

303 3483 400 3536 τοῦ
429 3486 749 3554 μονογενοῦς
776 3487 937 3539 αὐτοῦ
974 3485 1066 3540 καὶ
1098 3485 1380 3556 ἀγαπητοῦ
1412 3485 1562 3538 Υίοῦ.
1590 3485 1701 3537 Εἶτ’
1735 3480 1824 3536 οῦν
1844 3487 1871 3536 ό

306 3575 494 3645 Πατὴρ
518 3575 689 3643 λέγων
717 3576 814 3628 εἴθ’
843 3578 869 3628 ὁ
895 3577 1017 3639 Υἱὸς
1039 3576 1098 3628 τὸ
1133 3576 1269 3645 Ἐγώ
1289 3579 1404 3645 εἰμι
1429 3579 1460 3630 ὁ
1490 3574 1591 3639 ὢν,
1621 3574 1871 3646 άληθεύοι

304 3664 370 3718 ἂν
402 3665 676 3738 ἑκατέρως
699 3668 726 3719 ὁ
754 3667 928 3735 λόγος.
963 3669 1028 3720 Ὅ
1059 3685 1119 3721 τε
1143 3668 1249 3740 γὰρ
1276 3668 1462 3739 Πατὴρ
1494 3671 1525 3721 ό
1554 3665 1637 3720 ὢν
1668 3668 1752 3739 εἴη
1784 3667 1869 3731 ἂν,

309 3758 466 3826 μόνος
495 3759 658 3822 αὐτὸς
693 3758 766 3811 ὢν
811 3759 903 3812 ἐπὶ
935 3761 1168 3826 πάντων,
1207 3761 1297 3814 καὶ
1326 3760 1412 3813 διὰ
1444 3760 1657 3814 πάντων
1691 3761 1783 3814 καὶ
1813 3762 1870 3813 ὲν

309 3851 442 3914 πᾶσι
475 3851 624 3914 Θεὸς,
657 3851 732 3914 ὡς
752 3855 779 3904 ὁ
799 3851 937 3916 θεῖος
962 3853 1169 3918 ἐδίδαξε
1207 3853 1546 3916 Ἀπόστολος,
1580 3854 1607 3906 ὅ
1629 3871 1687 3906 τε
1720 3853 1866 3916 Υἱὸς,

307 3943 400 3994 καὶ
437 3941 594 4004 αὐτὸς
625 3942 974 4012 χρηματίζων
1012 3946 1045 3998 ό
1065 3941 1167 4006 ὢν,
1196 3943 1444 4013 ἀληθεύοι
1476 3944 1561 3997 ἄν·
1609 3943 1769 4013 μόνος
1797 3942 1869 3996 ὢν

306 4030 456 4093 Υἱὸς,
489 4032 777 4102 μονογενὴς
799 4032 890 4085 τοῦ
920 4033 1088 4096 ὄντος,
1117 4033 1252 4086 ἀλλά
1280 4034 1372 4086 καὶ
1400 4033 1561 4086 εἰκὼν
1581 4034 1670 4086 τοῦ
1702 4036 1869 4106 ἀορά-

304 4138 400 4174 του
447 4122 580 4175 Θεοῦ
626 4124 901 4194 ὑπάρχων.
931 4125 1039 4178 Καὶ
1070 4123 1225 4177 τοῦτο
1265 4125 1346 4195 εἴη
1392 4124 1455 4177 ἂν
1493 4125 1564 4194 (9)
1601 4123 1763 4178 αὐτοῦ
1799 4125 1873 4176 εί-

307 4211 440 4277 κὼν,
483 4215 604 4266 καθ’
655 4215 682 4267 ὃ
726 4215 882 4285 μόνος
924 4211 991 4287 ἧν
1043 4215 1201 4279 αὐτὸς
1245 4220 1276 4270 ὀ
1323 4217 1425 4269 ὧν.
1455 4217 1544 4269 Διὸ
1581 4217 1672 4269 καὶ
1709 4215 1870 4281 αὐτὸς

307 4306 634 4375 χρηματίζοι
663 4306 726 4360 ἂν
752 4311 784 4360 ὀ
811 4307 906 4368 ὢν.
928 4308 1047 4360 ἐπεὶ
1077 4309 1168 4362 καὶ
1186 4309 1315 4372 Θεὸς
1339 4311 1430 4362 καὶ
1447 4309 1648 4380 Κύριος
1674 4310 1873 4380 ὁμοίως

308 4395 386 4466 τῷ
421 4397 592 4468 Πατρὶ
623 4399 714 4452 καὶ
743 4399 901 4462 αὐτὸς
927 4397 1015 4452 διὰ
1047 4399 1223 4470 πάσης
1241 4399 1596 4470 ἀνηγόρευται
1627 4400 1724 4470 τῆς
1753 4401 1872 4452 θεο-

310 4489 442 4540 πνεύ
451 4505 572 4541 στου
608 4490 849 4561 Γραφῆς.

1974 1933 2260 2011 prmdicata
2290 1934 2602 2004 accipienda
2628 1944 2788 2000 sunt,
2814 1951 2916 1989 nec
2940 1944 2998 1990 ut
3024 1935 3255 1990 alienum
3283 1935 3410 2004 quid
3437 1934 3536 1987 mi-

1976 2038 2075 2077 nus
2100 2035 2406 2092 acceptare,
2423 2027 2465 2080 si
2500 2027 2714 2096 quidem
2752 2028 2828 2082 illi
2851 2028 3044 2097 populo
3068 2028 3202 2082 duro
3229 2027 3389 2082 corde
3408 2041 3541 2095 βιαιο

1975 2114 2086 2169 dito
2133 2116 2380 2171 homines
2436 2116 2509 2171 illi
2547 2117 2637 2172 Dei
2674 2118 3034 2187 cognitionem
3075 2120 3139 2172 de
3170 2118 3258 2171 illo
3288 2131 3391 2171 non
3428 2125 3537 2169 tra-

1973 2206 2220 2261 diderunt
2242 2246 2257 2271 ,
2308 2217 2587 2262 reservato
2619 2209 2672 2262 in
2714 2218 2928 2278 tempus
2964 2217 3319 2278 opportunum
3351 2207 3416 2261 de
3447 2206 3535 2262 illo

1973 2296 2367 2364 dispensatorio
2400 2312 2671 2352 sermone.
2711 2297 2826 2352 Non
2891 2297 3174 2351 videbatur
3228 2305 3354 2351 tunc
3397 2303 3536 2350 tem-

1973 2387 2118 2456 poris
2143 2402 2352 2455 aequum
2380 2401 2523 2452 esse,
2557 2395 2616 2442 ut
2653 2387 2965 2442 hominibus
2987 2387 3053 2440 ad
3080 2402 3320 2441 errorem
3340 2387 3406 2440 de
3431 2388 3536 2440 diis

1975 2477 2158 2531 multis
2185 2477 2339 2532 facile
2382 2478 2759 2546 arrepentibus
2783 2518 2799 2543 ,
2843 2477 3154 2549 mysterium
3183 2477 3250 2532 de
3276 2477 3436 2533 Patre
3480 2487 3538 2532 et

1974 2568 2110 2624 Filio
2141 2569 2487 2632 revelaretur,
2545 2585 2669 2622 cum
2705 2568 2835 2622 nihil
2873 2573 2938 2622 de
2973 2569 3231 2639 subjectis
3266 2570 3411 2624 hisce
3439 2585 3536 2638 po-

1973 2660 2255 2714 testatihus
2304 2659 2629 2729 patefactum
2661 2659 2844 2724 fuerit,
2887 2674 2956 2712 ne
2989 2673 3084 2726 per
3127 2660 3270 2713 hunc
3300 2669 3534 2729 praetex-

1973 2760 2084 2805 tum
2113 2751 2185 2805 illi
2252 2753 2318 2806 ad
2373 2766 2705 2822 paganorum
2747 2751 3080 2820 polytheiam
3130 2751 3528 2813 dilaberentur,

1974 2843 2064 2912 qui
2096 2842 2281 2897 Jovem
2323 2857 2478 2898 suum
2519 2853 2722 2909 patrem
2769 2842 3153 2910 hominumque
3205 2842 3534 2912 deorumque

1971 2949 2170 2988 vocare
2192 2934 2392 2988 solent.
2429 2934 2694 3001 Quocirca
2732 2944 2794 2987 ut
2841 2950 3085 2988 errorem
3120 2935 3263 2989 hunc
3291 2934 3535 2988 elimina-

1975 3037 2057 3080 ret
2080 3025 2318 3082 Verbum
2350 3026 2477 3080 illud
2510 3027 2625 3090 Dei,
2665 3043 2826 3080 unum
2858 3026 3022 3080 Deum
3051 3026 3406 3095 praedicabat:
3428 3041 3534 3078 non

1975 3127 2154 3173 tamen
2193 3119 2409 3187 negavit
2432 3121 2676 3184 eumdem
2729 3133 2849 3174 esse
2891 3118 3104 3173 Patrem
3141 3133 3367 3172 :verum
3409 3132 3536 3171 vero

1977 3211 2140 3264 Deum
2173 3210 2323 3264 illum
2359 3213 2590 3265 adorare
2625 3212 2850 3274 docuit,
2912 3223 2966 3265 et
2993 3219 3189 3280 praeter
3221 3209 3365 3263 illum
3415 3209 3537 3262 nul-

1973 3301 2080 3355 lum
2128 3301 2294 3356 alium
2346 3301 2596 3355 arbitrari
2651 3302 2815 3354 Deum
2863 3301 3097 3354 erudivit
3129 3316 3145 3353 :
3177 3302 3268 3353 sed
3317 3299 3535 3352 minime

1973 3394 2243 3447 inﬁciatur
2291 3393 2438 3446 illum
2484 3406 2605 3448 esse
2648 3391 2885 3456 Patrem,
2933 3398 2991 3454 >3
3046 3392 3090 3445 si
3139 3391 3418 3445 Dominum
3479 3399 3536 3444 et

1972 3486 2136 3541 Deum
2173 3484 2320 3537 illum
2346 3524 2361 3549 ,
2393 3494 2448 3538 et
2500 3485 2705 3551 justum
2750 3484 3046 3538 nominavit
3070 3491 3124 3538 et
3163 3482 3532 3547 Servatorem,

1971 3590 2074 3629 non
2105 3574 2337 3630 exclusit
2361 3590 2482 3629 eum
2501 3591 2528 3628 a
2556 3575 2711 3630 titulo
2743 3575 2940 3636 Patris,
2965 3585 3147 3629 tamen
3179 3582 3237 3627 ut
3266 3589 3369 3627 non
3391 3583 3534 3629 esset

1973 3668 2130 3722 Pater
2163 3669 2422 3740 unigeniti
2463 3677 2517 3723 et
2540 3668 2719 3723 dilecti
2747 3669 2826 3722 sui
2858 3668 2976 3722 Filii
3012 3686 3026 3722 :
3057 3669 3175 3722 sive
3203 3683 3329 3738 ergo
3349 3666 3530 3733 Pater,

1971 3775 2064 3814 seu
2115 3759 2283 3815 Filius
2313 3759 2440 3814 illud
2472 3761 2585 3825 ait,
2619 3759 2734 3828 Ego
2767 3775 2881 3813 tum
2910 3760 3000 3830 qui
3043 3775 3158 3812 sum
3200 3759 3266 3823 ⁸³,
3310 3758 3533 3812 omnino

1969 3851 2308 3904 verissimum
2337 3859 2441 3914 est,
2468 3851 2609 3920 quod
2655 3851 2749 3904 abs
2795 3850 2999 3903 utrovis
3047 3850 3269 3905 dicitur.
3299 3847 3430 3902 Nam
3475 3858 3531 3903 et

1971 3941 2133 3997 Pater
2165 3951 2291 4006 est,
2325 3943 2416 4014 qui
2455 3937 2576 3996 ium
2600 3982 2616 4009 ,
2651 3956 2772 3996 cum
2813 3942 2884 3996 sit
2927 3941 3073 3996 solus
3110 3955 3272 4010 super
3313 3939 3490 3994 omnia
3512 3979 3534 4004 ,.

1971 4048 2068 4102 per
2110 4034 2286 4088 omnia
2316 4043 2372 4089 et
2397 4033 2450 4088 in
2490 4034 2743 4088 omnibus
2793 4031 2967 4097 Deus,
3009 4031 3148 4102 quod
3198 4047 3295 4085 nos
3321 4030 3543 4086 divinus.

1972 4126 2152 4180 docuit
2178 4126 2484 4196 Apostolus.
2523 4124 2628 4180 Sed
2656 4134 2711 4179 et
2743 4124 2915 4179 Filius
2942 4127 2986 4180 si
3027 4125 3237 4179 dicatur
3263 4125 3352 4194 qui
3376 4140 3489 4178 sum
3511 4162 3538 4188 ι

1971 4229 2098 4270 vere
2143 4214 2220 4269 sic
2253 4216 2489 4269 dicitur:
2520 4229 2644 4269 cum
2674 4213 2822 4268 solus
2855 4214 2929 4267 sit
2955 4211 3129 4267 Filius
3163 4213 3253 4267 Dei
3288 4213 3532 4282 unigeni-

1973 4316 2058 4361 tus
2096 4305 2214 4378 ejus
2237 4345 2251 4369 ,
2283 4307 2373 4374 qui
2415 4317 2513 4371 ut,
2558 4321 2678 4359 cum
2707 4305 2779 4361 sit
2820 4305 2994 4375 imago
3031 4303 3127 4357 Dei
3157 4305 3430 4358 invisibilis
3459 4303 3540 4369 δ’,

1971 4411 2027 4454 et
2067 4413 2134 4453 eo
2164 4399 2279 4466 ipso
2321 4397 2392 4452 sit
2424 4397 2601 4468 imago
2625 4395 2776 4464 ejus,
2816 4397 2956 4465 quod
2987 4399 3135 4450 solus
3162 4395 3276 4465 ipse
3309 4397 3377 4450 sit
3442 4396 3532 4463 qui

1971 4500 2066 4546 est.
2094 4489 2347 4557 Adeoque
2379 4499 2600 4542 vocetur
2633 4497 2688 4542 et
2746 4488 2832 4542 ille
2877 4489 2964 4557 qui
2992 4498 3063 4541 est
3084 4528 3099 4554 ,
3129 4503 3251 4541 cum
3298 4497 3352 4541 et
3393 4487 3536 4541 Deus

310 4581 382 4634 sit
406 4591 460 4633 et
491 4581 743 4639 Dominus
765 4584 1013 4642 similiter
1041 4595 1204 4656 atque
1235 4584 1396 4642 Pater
1419 4594 1576 4643 estet
1607 4585 1864 4642 Dominus
1903 4599 1968 4640 ac
2027 4584 2168 4640 Deus
2196 4602 2210 4639 :
2244 4585 2511 4655 quomodo
2535 4598 2632 4654 per
2690 4582 3002 4652 Scripturas
3029 4582 3307 4638 universas
3323 4599 3534 4638 annun-

309 4676 494 4730 tiatur.

924 4773 1078 4826 ΚΕΦ.
1112 4775 1242 4827 KA'.

311 4857 433 4911 Ὀτι
457 4861 490 4913 ό
523 4858 652 4913 ride
672 4856 749 4923 ἦν
771 4861 872 4916 τοῦ
903 4863 1068 4925 Θεοῦ,
1101 4865 1132 4916 ὁ
1165 4863 1367 4918 Μωσεῖ
1385 4863 1482 4918 καὶ
1512 4863 1592 4930 τῷ
1631 4863 1871 4934 Ἀϐραὰμ

899 4934 1284 5002 χρηματίσας.

383 5021 549 5074 Τοῦτο
567 5022 620 5075 δέ
642 5023 756 5076 ἐστι
784 5024 877 5077 καὶ
904 5028 965 5078 ἐκ
1001 5024 1093 5078 τοῦ
1129 5026 1260 5096 πρὸς
1293 5025 1383 5080 τὸν
1419 5027 1622 5081 Μωσέα
1651 5043 1870 5098 χρημα-

308 5113 503 5182 τισμοῦ
533 5113 730 5182 γνῶναι
756 5132 769 5146 ·
801 5116 947 5184 λέγει
979 5115 1022 5168 δ’
1044 5111 1136 5170 οῦν
1169 5119 1202 5188 ἡ
1241 5118 1448 5190 Γραφή·
1485 5117 1777 5186 Ἐλάλησε
1803 5116 1871 5169 δὲ

310 5207 345 5258 ὁ
375 5203 517 5270 Θεὸς
547 5205 694 5274 πρὸς
732 5207 975 5274 Μωσῆν,
1035 5209 1131 5263 καὶ
1166 5205 1297 5264 εἶπε
1321 5210 1470 5278 πρὸς
1504 5211 1689 5264 αὐτόν
1735 5209 1753 5260 ί
1763 5211 1865 5277 10)’

2584 4763 2736 4818 CAP.
2774 4762 2917 4817 XXI.

2061 4855 2214 4923 Quod
2245 4854 2419 4910 Filius
2455 4855 2497 4907 is
2523 4853 2614 4907 Dei
2635 4855 2832 4921 fuerat,
2860 4855 2947 4923 qui
2975 4869 3090 4907 eum
3114 4851 3260 4908 ,ποτε
3287 4827 3443 4923 atque

2428 4924 2722 4978 Abruhamo
2751 4925 3077 4993 loquebatur.

2043 5016 2304 5089 Cognosci
2333 5023 2511 5084 potest
2549 5015 2679 5068 illud
2724 5030 2789 5068 ex
2858 5015 2946 5068 illa
2982 5030 3100 5068 cum
3132 5012 3278 5068 Mose
3297 5012 3536 5067 collocu-

1976 5113 2139 5167 tioue.
2176 5110 2266 5164 Ait
2308 5108 2450 5163 enim
2488 5107 2766 5176 Scriptura
2796 5125 2810 5161 :
2848 5107 2915 5160 Et
2958 5108 3164 5160 locutus
3191 5113 3267 5159 est
3299 5103 3432 5157 Deus
3462 5102 3537 5155 ad

1978 5203 2197 5268 Mount,
2229 5209 2278 5256 et
2313 5201 2443 5254 dixit
2479 5199 2558 5252 illi
2611 5215 2629 5252 :
2671 5198 2782 5269 Ego
2819 5198 3109 5263 Dominus,
3141 5207 3188 5251 et
3217 5198 3356 5250 visus
3392 5212 3538 5262 sum,

387 5395 446 5452 >14
480 5387 578 5442 Ed.
611 5388 813 5456 Paris.,
844 5405 964 5462 pag.
995 5391 1117 5447 157.
1191 5389 1236 5421 ⁸¹
1263 5388 1458 5458 Ephes.
1482 5402 1564 5452 Ill,
1601 5387 1689 5452 18,
1714 5385 1796 5441 l9.
1871 5386 1875 5411 ¹

1973 5398 2083 5439 .uc.
2110 5396 2228 5447 vm,
2267 5379 2354 5435 10.
2429 5378 2475 5410 ⁵³
2498 5377 2672 5432 Exod.
2701 5393 2782 5443 m,
2817 5377 2904 5433 ιι.
2980 5375 3028 5409 ⁸⁸
3053 5373 3260 5431 Coloss.
3291 5387 3330 5431 ι.
3367 5373 3466 5429 15.

389 5610 466 5681 (6)
503 5610 809 5681 Γνὼσεως.
840 5609 998 5665 Deest
1029 5606 1246 5681 Χριστῷ
1275 5615 1370 5681 aut
1397 5607 1533 5679 Θεῷ.
1573 5607 1641 5664 Μ.

390 5677 466 5749 (7)
508 5680 672 5748 Vulgo
700 5677 787 5745 τί;
819 5695 939 5736 mox
985 5677 1143 5749 vulgo
1172 5677 1588 5735 ἀνεπλάσσοντο.

390 5683 444 5746 (7
508 5682 672 5748 Vulgo
700 5682 752 5734 τί

390 5682 467 5823 (ὃ)
498 5752 664 5823 Vulgo
686 5751 771 5823 δή.

2044 5605 2120 5676 (9)
2140 5603 2248 5660 Καὶ
2283 5597 2872 5676 τοῦςο-εἷη-ἀνκίλθκε
2902 5597 2996 5653 καὶ
3024 5595 3216 5667 τούτῳ.
3257 5592 3332 5651 Μ.

2046 5669 2159 5748 (11))
2194 5675 2360 5745 Vulgo
2390 5670 2607 5745 ίλὲγων]
2638 5669 2767 5740 ἐγώ.
