  <div class='ocr_page' id='page_1' title='image "/cluster/home/n/w/nwhite01/storage/ocr_20150623/24:no.6/coo.31924054873058/491.png"; bbox 0 0 4082 6384; ppageno 0'>
   <div class='ocr_carea' id='block_1_1' title="bbox 591 406 702 463">
    <p class='ocr_par' dir='ltr' id='par_1_1' title="bbox 591 406 702 463">
     <span class='ocr_line' id='line_1_1' title="bbox 591 406 702 463; baseline -0.018 -1"><span class='ocrx_word' id='word_1_1' title='bbox 591 406 702 463; x_wconf 79' lang='lat'><strong>955</strong></span> 
     </span>
    </p>
   </div>
   <div class='ocr_carea' id='block_1_2' title="bbox 1260 345 3137 451">
    <p class='ocr_par' dir='ltr' id='par_1_2' title="bbox 1260 345 3137 451">
     <span class='ocr_line' id='line_1_2' title="bbox 1260 345 3137 451; baseline -0.013 0"><span class='ocrx_word' id='word_1_2' title='bbox 1260 376 1525 451; x_wconf 79' lang='lat' dir='ltr'><strong>EUSEBll</strong></span> <span class='ocrx_word' id='word_1_3' title='bbox 1565 361 2037 447; x_wconf 62' lang='lat' dir='ltr'><strong>CESADIENSIS</strong></span> <span class='ocrx_word' id='word_1_4' title='bbox 2074 382 2222 439; x_wconf 87' lang='lat' dir='ltr'><strong>OPP.</strong></span> <span class='ocrx_word' id='word_1_5' title='bbox 2265 380 2442 437; x_wconf 70' lang='lat' dir='ltr'><strong>PARS</strong></span> <span class='ocrx_word' id='word_1_6' title='bbox 2481 379 2572 435; x_wconf 76' lang='grc' dir='ltr'>ιν.</span> <span class='ocrx_word' id='word_1_7' title='bbox 2612 409 2680 419; x_wconf 91' lang='grc'><strong><em>-</em></strong></span> <span class='ocrx_word' id='word_1_8' title='bbox 2720 345 3137 433; x_wconf 68' lang='grc' dir='ltr'><strong>ῡΟΟΜΑΤΙΟΑ.</strong></span> 
     </span>
    </p>
   </div>
   <div class='ocr_carea' id='block_1_3' title="bbox 3708 366 3841 424">
    <p class='ocr_par' dir='ltr' id='par_1_3' title="bbox 3708 366 3841 424">
     <span class='ocr_line' id='line_1_3' title="bbox 3708 366 3841 424; baseline -0.023 0"><span class='ocrx_word' id='word_1_9' title='bbox 3708 366 3841 424; x_wconf 58' lang='grc' dir='ltr'><strong>956ὲ</strong></span> 
     </span>
    </p>
   </div>
   <div class='ocr_carea' id='block_1_4' title="bbox 593 480 2140 580">
    <p class='ocr_par' dir='ltr' id='par_1_4' title="bbox 593 503 2140 580">
     <span class='ocr_line' id='line_1_4' title="bbox 593 503 2140 580; baseline -0.015 -2"><span class='ocrx_word' id='word_1_10' title='bbox 593 524 879 577; x_wconf 83' lang='lat' dir='ltr'><strong>Abraham.</strong></span> <span class='ocrx_word' id='word_1_11' title='bbox 907 525 956 571; x_wconf 82' lang='lat' dir='ltr'><strong>et</strong></span> <span class='ocrx_word' id='word_1_12' title='bbox 980 516 1160 580; x_wconf 82' lang='lat' dir='ltr'><strong>Isaac,</strong></span> <span class='ocrx_word' id='word_1_13' title='bbox 1184 524 1231 568; x_wconf 87' lang='lat' dir='ltr'><strong>et</strong></span> <span class='ocrx_word' id='word_1_14' title='bbox 1257 513 1420 568; x_wconf 84' lang='lat' dir='ltr'><strong>Jacob</strong></span> <span class='ocrx_word' id='word_1_15' title='bbox 1444 513 1510 564; x_wconf 71' lang='grc'>⁸⁸.</span> <span class='ocrx_word' id='word_1_16' title='bbox 1557 509 1712 564; x_wconf 79' lang='lat' dir='ltr'><strong>Vides</strong></span> <span class='ocrx_word' id='word_1_17' title='bbox 1736 515 1795 560; x_wconf 90' lang='lat' dir='ltr'><strong>ut</strong></span> <span class='ocrx_word' id='word_1_18' title='bbox 1820 522 1879 561; x_wconf 91' lang='lat' dir='ltr'><strong>se</strong></span> <span class='ocrx_word' id='word_1_19' title='bbox 1913 503 2140 558; x_wconf 80' lang='lat' dir='ltr'><strong>allirmat</strong></span> 
     </span>
    </p>
   </div>
   <div class='ocr_carea' id='block_1_5' title="bbox 2239 480 3825 580">
    <p class='ocr_par' dir='ltr' id='par_1_5' title="bbox 2257 480 3825 580">
     <span class='ocr_line' id='line_1_5' title="bbox 2257 480 3825 580; baseline -0.01 -33"><span class='ocrx_word' id='word_1_20' title='bbox 2257 495 2396 564; x_wconf 78' lang='grc' dir='ltr'><strong>Ἐγὼ</strong></span> <span class='ocrx_word' id='word_1_21' title='bbox 2422 495 2651 564; x_wconf 81' lang='grc' dir='ltr'>Κύριος,</span> <span class='ocrx_word' id='word_1_22' title='bbox 2667 492 2761 546; x_wconf 80' lang='grc' dir='ltr'><strong>καὶ</strong></span> <span class='ocrx_word' id='word_1_23' title='bbox 2783 490 2987 560; x_wconf 62' lang='grc' dir='ltr'>ὤφθην</span> <span class='ocrx_word' id='word_1_24' title='bbox 2999 487 3045 557; x_wconf 83' lang='grc'><strong>(1</strong></span> <span class='ocrx_word' id='word_1_25' title='bbox 3058 486 3112 580; x_wconf 49' lang='lat' dir='ltr'><strong>ll</strong></span> <span class='ocrx_word' id='word_1_26' title='bbox 3128 484 3274 580; x_wconf 73' lang='grc' dir='ltr'>πρὸς</span> <span class='ocrx_word' id='word_1_27' title='bbox 3343 480 3825 580; x_wconf 29' lang='lat' dir='ltr'><strong>“scalam-5&#39;;-</strong></span> 
     </span>
    </p>
   </div>
   <div class='ocr_carea' id='block_1_6' title="bbox 591 594 2148 686">
    <p class='ocr_par' dir='ltr' id='par_1_6' title="bbox 591 594 2148 686">
     <span class='ocr_line' id='line_1_6' title="bbox 591 594 2148 686; baseline -0.017 -15"><span class='ocrx_word' id='word_1_28' title='bbox 591 616 837 686; x_wconf 85' lang='lat' dir='ltr'><strong>patribus</strong></span> <span class='ocrx_word' id='word_1_29' title='bbox 903 606 1239 679; x_wconf 79' lang='lat' dir='ltr'><strong>apparuisse.</strong></span> <span class='ocrx_word' id='word_1_30' title='bbox 1307 603 1531 670; x_wconf 82' lang='lat' dir='ltr'><strong>Quando</strong></span> <span class='ocrx_word' id='word_1_31' title='bbox 1595 612 1770 654; x_wconf 81' lang='lat' dir='ltr'><strong>autem</strong></span> <span class='ocrx_word' id='word_1_32' title='bbox 1840 594 2148 686; x_wconf 84' lang='lat' dir='ltr'><strong>apparuerit</strong></span> 
     </span>
    </p>
   </div>
   <div class='ocr_carea' id='block_1_7' title="bbox 590 684 2148 773">
    <p class='ocr_par' dir='ltr' id='par_1_7' title="bbox 590 684 2148 773">
     <span class='ocr_line' id='line_1_7' title="bbox 590 684 2148 773; baseline -0.015 -13"><span class='ocrx_word' id='word_1_33' title='bbox 590 684 871 773; x_wconf 74' lang='lat' dir='ltr'><strong>Scriptura</strong></span> <span class='ocrx_word' id='word_1_34' title='bbox 917 699 1106 763; x_wconf 91' lang='lat' dir='ltr'><strong>docet,</strong></span> <span class='ocrx_word' id='word_1_35' title='bbox 1137 696 1420 765; x_wconf 86' lang='lat' dir='ltr'><strong>inquiens,</strong></span> <span class='ocrx_word' id='word_1_36' title='bbox 1455 690 1712 761; x_wconf 82' lang='lat' dir='ltr'><strong>Apparuit</strong></span> <span class='ocrx_word' id='word_1_37' title='bbox 1743 688 1883 741; x_wconf 84' lang='lat' dir='ltr'><strong>Deus</strong></span> <span class='ocrx_word' id='word_1_38' title='bbox 1920 684 2148 749; x_wconf 79' lang='lat' dir='ltr'><strong><em>Abraha:</em></strong></span> 
     </span>
    </p>
   </div>
   <div class='ocr_carea' id='block_1_8' title="bbox 586 778 2149 863">
    <p class='ocr_par' dir='ltr' id='par_1_8' title="bbox 586 778 2149 863">
     <span class='ocr_line' id='line_1_8' title="bbox 586 778 2149 863; baseline -0.012 -13"><span class='ocrx_word' id='word_1_39' title='bbox 586 796 657 850; x_wconf 85' lang='lat' dir='ltr'><strong>ad</strong></span> <span class='ocrx_word' id='word_1_40' title='bbox 686 807 932 863; x_wconf 82' lang='lat' dir='ltr'><strong>quercum</strong></span> <span class='ocrx_word' id='word_1_41' title='bbox 963 788 1201 844; x_wconf 82' lang='lat' dir='ltr'><strong>Mambre</strong></span> <span class='ocrx_word' id='word_1_42' title='bbox 1224 827 1240 853; x_wconf 96' lang='lat'><strong>,</strong></span> <span class='ocrx_word' id='word_1_43' title='bbox 1267 787 1389 841; x_wconf 84' lang='lat' dir='ltr'><strong>dum</strong></span> <span class='ocrx_word' id='word_1_44' title='bbox 1432 786 1631 838; x_wconf 81' lang='lat' dir='ltr'><strong>sederet</strong></span> <span class='ocrx_word' id='word_1_45' title='bbox 1660 782 1728 835; x_wconf 86' lang='lat' dir='ltr'><strong>ad</strong></span> <span class='ocrx_word' id='word_1_46' title='bbox 1762 781 1952 834; x_wconf 88' lang='lat' dir='ltr'><strong>ostium</strong></span> <span class='ocrx_word' id='word_1_47' title='bbox 1979 778 2149 833; x_wconf 87' lang='lat' dir='ltr'><strong>taber-</strong></span> 
     </span>
    </p>
   </div>
   <div class='ocr_carea' id='block_1_9' title="bbox 590 874 2150 948">
    <p class='ocr_par' dir='ltr' id='par_1_9' title="bbox 590 874 2150 948">
     <span class='ocr_line' id='line_1_9' title="bbox 590 874 2150 948; baseline -0.008 -10"><span class='ocrx_word' id='word_1_48' title='bbox 590 884 767 939; x_wconf 79' lang='lat' dir='ltr'><strong>naculi</strong></span> <span class='ocrx_word' id='word_1_49' title='bbox 793 884 876 937; x_wconf 88' lang='lat' dir='ltr'><strong>sui</strong></span> <span class='ocrx_word' id='word_1_50' title='bbox 907 881 977 935; x_wconf 75' lang='lat'><strong>&quot;.</strong></span> <span class='ocrx_word' id='word_1_51' title='bbox 1009 881 1125 948; x_wconf 85' lang='lat' dir='ltr'><strong>Qua</strong></span> <span class='ocrx_word' id='word_1_52' title='bbox 1156 890 1332 933; x_wconf 85' lang='lat' dir='ltr'><strong>autem</strong></span> <span class='ocrx_word' id='word_1_53' title='bbox 1375 878 1570 945; x_wconf 82' lang='lat' dir='ltr'><strong>ﬁgura,</strong></span> <span class='ocrx_word' id='word_1_54' title='bbox 1597 876 1700 929; x_wconf 85' lang='lat' dir='ltr'><strong>nisi</strong></span> <span class='ocrx_word' id='word_1_55' title='bbox 1733 874 1966 928; x_wconf 84' lang='lat' dir='ltr'><strong>humana</strong></span> <span class='ocrx_word' id='word_1_56' title='bbox 1992 886 2150 940; x_wconf 81' lang='lat' dir='ltr'><strong>appa-</strong></span> 
     </span>
    </p>
   </div>
   <div class='ocr_carea' id='block_1_10' title="bbox 588 964 2144 1040">
    <p class='ocr_par' dir='ltr' id='par_1_10' title="bbox 588 964 2144 1040">
     <span class='ocr_line' id='line_1_10' title="bbox 588 964 2144 1040; baseline -0.009 -9"><span class='ocrx_word' id='word_1_57' title='bbox 588 976 737 1031; x_wconf 92' lang='lat' dir='ltr'><strong>ruit?</strong></span> <span class='ocrx_word' id='word_1_58' title='bbox 778 974 909 1040; x_wconf 83' lang='lat' dir='ltr'><strong>Quis</strong></span> <span class='ocrx_word' id='word_1_59' title='bbox 940 983 1121 1028; x_wconf 89' lang='lat' dir='ltr'><strong>autem</strong></span> <span class='ocrx_word' id='word_1_60' title='bbox 1160 972 1251 1026; x_wconf 89' lang='lat' dir='ltr'><strong>ille</strong></span> <span class='ocrx_word' id='word_1_61' title='bbox 1283 980 1467 1034; x_wconf 89' lang='lat' dir='ltr'><strong>esset,</strong></span> <span class='ocrx_word' id='word_1_62' title='bbox 1512 969 1612 1023; x_wconf 90' lang='lat' dir='ltr'><strong>nisi</strong></span> <span class='ocrx_word' id='word_1_63' title='bbox 1645 967 1811 1022; x_wconf 85' lang='lat' dir='ltr'><strong>Filius</strong></span> <span class='ocrx_word' id='word_1_64' title='bbox 1839 966 1971 1030; x_wconf 92' lang='lat' dir='ltr'><strong>Dei,</strong></span> <span class='ocrx_word' id='word_1_65' title='bbox 1999 976 2056 1019; x_wconf 92' lang='lat' dir='ltr'><strong>ut</strong></span> <span class='ocrx_word' id='word_1_66' title='bbox 2090 964 2144 1018; x_wconf 92' lang='lat' dir='ltr'><strong>in</strong></span> 
     </span>
    </p>
   </div>
   <div class='ocr_carea' id='block_1_11' title="bbox 588 1058 2145 1137">
    <p class='ocr_par' dir='ltr' id='par_1_11' title="bbox 588 1058 2145 1137">
     <span class='ocr_line' id='line_1_11' title="bbox 588 1058 2145 1137; baseline -0.009 -14"><span class='ocrx_word' id='word_1_67' title='bbox 588 1065 881 1137; x_wconf 86' lang='lat' dir='ltr'><strong>Evangelio</strong></span> <span class='ocrx_word' id='word_1_68' title='bbox 908 1065 1024 1136; x_wconf 85' lang='lat' dir='ltr'><strong>ipse</strong></span> <span class='ocrx_word' id='word_1_69' title='bbox 1051 1064 1209 1119; x_wconf 90' lang='lat' dir='ltr'><strong>docet</strong></span> <span class='ocrx_word' id='word_1_70' title='bbox 1257 1061 1471 1117; x_wconf 65' lang='lat' dir='ltr'><strong>Iudaeos</strong></span> <span class='ocrx_word' id='word_1_71' title='bbox 1522 1060 1831 1128; x_wconf 83' lang='lat' dir='ltr'><strong>alloquens,</strong></span> <span class='ocrx_word' id='word_1_72' title='bbox 1882 1058 2145 1111; x_wconf 79' lang='lat' dir='ltr'><strong><em>Abraham</em></strong></span> 
     </span>
    </p>
   </div>
   <div class='ocr_carea' id='block_1_12' title="bbox 589 1150 2146 1213">
    <p class='ocr_par' dir='ltr' id='par_1_12' title="bbox 589 1150 2146 1213">
     <span class='ocr_line' id='line_1_12' title="bbox 589 1150 2146 1213; baseline -0.006 0"><span class='ocrx_word' id='word_1_73' title='bbox 589 1158 755 1213; x_wconf 86' lang='lat' dir='ltr'><strong>Pater</strong></span> <span class='ocrx_word' id='word_1_74' title='bbox 782 1167 947 1212; x_wconf 81' lang='lat' dir='ltr'><strong>uester</strong></span> <span class='ocrx_word' id='word_1_75' title='bbox 973 1155 1255 1210; x_wconf 65' lang='lat' dir='ltr'><strong>exsultavit</strong></span> <span class='ocrx_word' id='word_1_76' title='bbox 1287 1165 1344 1207; x_wconf 89' lang='lat' dir='ltr'><strong>ut</strong></span> <span class='ocrx_word' id='word_1_77' title='bbox 1387 1152 1580 1206; x_wconf 77' lang='lat' dir='ltr'><strong>videret</strong></span> <span class='ocrx_word' id='word_1_78' title='bbox 1620 1154 1758 1206; x_wconf 86' lang='lat' dir='ltr'><strong>diem</strong></span> <span class='ocrx_word' id='word_1_79' title='bbox 1780 1167 1946 1205; x_wconf 88' lang='lat' dir='ltr'><strong>meum</strong></span> <span class='ocrx_word' id='word_1_80' title='bbox 1966 1164 1986 1203; x_wconf 89' lang='lat'><strong><em>:</em></strong></span> <span class='ocrx_word' id='word_1_81' title='bbox 2020 1150 2146 1204; x_wconf 82' lang='lat' dir='ltr'><strong>vidit</strong></span> 
     </span>
    </p>
   </div>
   <div class='ocr_carea' id='block_1_13' title="bbox 587 1243 2148 1318">
    <p class='ocr_par' dir='ltr' id='par_1_13' title="bbox 587 1243 2148 1318">
     <span class='ocr_line' id='line_1_13' title="bbox 587 1243 2148 1318; baseline -0.006 -14"><span class='ocrx_word' id='word_1_82' title='bbox 587 1260 783 1315; x_wconf 88' lang='lat' dir='ltr'><strong>autem,</strong></span> <span class='ocrx_word' id='word_1_83' title='bbox 820 1258 867 1304; x_wconf 83' lang='lat' dir='ltr'><strong>et</strong></span> <span class='ocrx_word' id='word_1_84' title='bbox 892 1249 1105 1318; x_wconf 78' lang='lat' dir='ltr'><strong>gavisus</strong></span> <span class='ocrx_word' id='word_1_85' title='bbox 1132 1258 1206 1301; x_wconf 85' lang='lat' dir='ltr'><strong>est</strong></span> <span class='ocrx_word' id='word_1_86' title='bbox 1234 1244 1278 1276; x_wconf 76' lang='grc'><strong>⁸⁷</strong></span> <span class='ocrx_word' id='word_1_87' title='bbox 1311 1262 1325 1299; x_wconf 90' lang='lat'><strong>:</strong></span> <span class='ocrx_word' id='word_1_88' title='bbox 1361 1245 1607 1301; x_wconf 72' lang='lat' dir='ltr'><strong>altonitis</strong></span> <span class='ocrx_word' id='word_1_89' title='bbox 1630 1253 1808 1297; x_wconf 89' lang='lat' dir='ltr'><strong>autem</strong></span> <span class='ocrx_word' id='word_1_90' title='bbox 1839 1243 1905 1297; x_wconf 89' lang='lat' dir='ltr'><strong>ad</strong></span> <span class='ocrx_word' id='word_1_91' title='bbox 1943 1256 2148 1296; x_wconf 88' lang='lat' dir='ltr'><strong>sermo-</strong></span> 
     </span>
    </p>
   </div>
   <div class='ocr_carea' id='block_1_14' title="bbox 590 1335 2149 1407">
    <p class='ocr_par' dir='ltr' id='par_1_14' title="bbox 590 1335 2149 1407">
     <span class='ocr_line' id='line_1_14' title="bbox 590 1335 2149 1407; baseline -0.006 -11"><span class='ocrx_word' id='word_1_92' title='bbox 590 1357 715 1397; x_wconf 84' lang='lat' dir='ltr'><strong>nem</strong></span> <span class='ocrx_word' id='word_1_93' title='bbox 768 1339 874 1395; x_wconf 87' lang='lat' dir='ltr'><strong>illis</strong></span> <span class='ocrx_word' id='word_1_94' title='bbox 921 1337 1162 1407; x_wconf 86' lang='lat' dir='ltr'><strong>adjecit,</strong></span> <span class='ocrx_word' id='word_1_95' title='bbox 1201 1335 1514 1407; x_wconf 74' lang='lat' dir='ltr'><strong>Priusquam</strong></span> <span class='ocrx_word' id='word_1_96' title='bbox 1560 1335 1826 1389; x_wconf 80' lang='lat' dir='ltr'><strong><em>Abraham</em></strong></span> <span class='ocrx_word' id='word_1_97' title='bbox 1865 1343 2018 1401; x_wconf 87' lang='lat' dir='ltr'><strong>esset,</strong></span> <span class='ocrx_word' id='word_1_98' title='bbox 2058 1349 2149 1403; x_wconf 88' lang='lat' dir='ltr'><strong>ego</strong></span> 
     </span>
    </p>
   </div>
   <div class='ocr_carea' id='block_1_15' title="bbox 586 1424 2150 1500">
    <p class='ocr_par' dir='ltr' id='par_1_15' title="bbox 586 1424 2150 1500">
     <span class='ocr_line' id='line_1_15' title="bbox 586 1424 2150 1500; baseline -0.006 -10"><span class='ocrx_word' id='word_1_99' title='bbox 586 1424 707 1490; x_wconf 64' lang='lat' dir='ltr'><strong>ium</strong></span> <span class='ocrx_word' id='word_1_100' title='bbox 727 1433 794 1488; x_wconf 67' lang='grc'><strong>⁸⁸.</strong></span> <span class='ocrx_word' id='word_1_101' title='bbox 844 1432 945 1489; x_wconf 88' lang='lat' dir='ltr'><strong>Ubi</strong></span> <span class='ocrx_word' id='word_1_102' title='bbox 975 1447 1127 1487; x_wconf 87' lang='lat' dir='ltr'><strong>suam</strong></span> <span class='ocrx_word' id='word_1_103' title='bbox 1174 1429 1533 1500; x_wconf 81' lang='lat' dir='ltr'><strong>liquidissima</strong></span> <span class='ocrx_word' id='word_1_104' title='bbox 1559 1428 2010 1498; x_wconf 70' lang='lat' dir='ltr'><strong>praeesistentiam</strong></span> <span class='ocrx_word' id='word_1_105' title='bbox 2054 1425 2150 1481; x_wconf 90' lang='lat' dir='ltr'><strong>do-</strong></span> 
     </span>
    </p>
   </div>
   <div class='ocr_carea' id='block_1_16' title="bbox 589 1519 2148 1593">
    <p class='ocr_par' dir='ltr' id='par_1_16' title="bbox 589 1519 2148 1593">
     <span class='ocr_line' id='line_1_16' title="bbox 589 1519 2148 1593; baseline -0.006 -10"><span class='ocrx_word' id='word_1_106' title='bbox 589 1535 695 1583; x_wconf 86' lang='lat' dir='ltr'><strong>cet.</strong></span> <span class='ocrx_word' id='word_1_107' title='bbox 723 1525 863 1593; x_wconf 83' lang='lat' dir='ltr'><strong>Quid</strong></span> <span class='ocrx_word' id='word_1_108' title='bbox 920 1524 1063 1579; x_wconf 89' lang='lat' dir='ltr'><strong>enim</strong></span> <span class='ocrx_word' id='word_1_109' title='bbox 1097 1523 1244 1577; x_wconf 83' lang='lat' dir='ltr'><strong>aliud</strong></span> <span class='ocrx_word' id='word_1_110' title='bbox 1294 1521 1564 1576; x_wconf 80' lang='lat' dir='ltr'><strong>intimavit</strong></span> <span class='ocrx_word' id='word_1_111' title='bbox 1612 1520 1700 1574; x_wconf 87' lang='lat' dir='ltr'><strong>illa</strong></span> <span class='ocrx_word' id='word_1_112' title='bbox 1729 1519 1894 1575; x_wconf 86' lang='lat' dir='ltr'><strong>dictio</strong></span> <span class='ocrx_word' id='word_1_113' title='bbox 1919 1559 1935 1584; x_wconf 92' lang='lat'><strong>,</strong></span> <span class='ocrx_word' id='word_1_114' title='bbox 1989 1534 2148 1588; x_wconf 87' lang='lat' dir='ltr'><strong>quam</strong></span> 
     </span>
    </p>
   </div>
   <div class='ocr_carea' id='block_1_17' title="bbox 591 1613 2151 1688">
    <p class='ocr_par' dir='ltr' id='par_1_17' title="bbox 591 1613 2151 1688">
     <span class='ocr_line' id='line_1_17' title="bbox 591 1613 2151 1688; baseline -0.003 -16"><span class='ocrx_word' id='word_1_115' title='bbox 591 1619 733 1688; x_wconf 89' lang='lat' dir='ltr'><strong>quod</strong></span> <span class='ocrx_word' id='word_1_116' title='bbox 771 1618 1000 1687; x_wconf 87' lang='lat' dir='ltr'><strong>ipsemet</strong></span> <span class='ocrx_word' id='word_1_117' title='bbox 1024 1616 1197 1671; x_wconf 89' lang='lat' dir='ltr'><strong>Filius</strong></span> <span class='ocrx_word' id='word_1_118' title='bbox 1216 1615 1304 1670; x_wconf 89' lang='lat' dir='ltr'><strong>Dei</strong></span> <span class='ocrx_word' id='word_1_119' title='bbox 1331 1615 1528 1677; x_wconf 83' lang='lat' dir='ltr'><strong>fuerat,</strong></span> <span class='ocrx_word' id='word_1_120' title='bbox 1548 1619 1778 1685; x_wconf 89' lang='lat' dir='ltr'><strong>quicum</strong></span> <span class='ocrx_word' id='word_1_121' title='bbox 1809 1613 2151 1682; x_wconf 83' lang='lat' dir='ltr'><strong>Moseloque—</strong></span> 
     </span>
    </p>
   </div>
   <div class='ocr_carea' id='block_1_18' title="bbox 584 1702 2147 1775">
    <p class='ocr_par' dir='ltr' id='par_1_18' title="bbox 584 1702 2147 1775">
     <span class='ocr_line' id='line_1_18' title="bbox 584 1702 2147 1775; baseline -0.004 -11"><span class='ocrx_word' id='word_1_122' title='bbox 584 1712 744 1764; x_wconf 81' lang='lat' dir='ltr'><strong>batur</strong></span> <span class='ocrx_word' id='word_1_123' title='bbox 764 1718 819 1763; x_wconf 92' lang='lat' dir='ltr'><strong>et</strong></span> <span class='ocrx_word' id='word_1_124' title='bbox 847 1708 1079 1771; x_wconf 86' lang='lat' dir='ltr'><strong>dicebat,</strong></span> <span class='ocrx_word' id='word_1_125' title='bbox 1115 1704 1228 1775; x_wconf 86' lang='lat' dir='ltr'><strong>Ego</strong></span> <span class='ocrx_word' id='word_1_126' title='bbox 1251 1722 1388 1768; x_wconf 84' lang='lat' dir='ltr'><strong>sum,</strong></span> <span class='ocrx_word' id='word_1_127' title='bbox 1418 1705 1512 1774; x_wconf 90' lang='lat' dir='ltr'><strong>qui</strong></span> <span class='ocrx_word' id='word_1_128' title='bbox 1541 1721 1655 1759; x_wconf 87' lang='lat' dir='ltr'><strong>sum</strong></span> <span class='ocrx_word' id='word_1_129' title='bbox 1681 1706 1705 1760; x_wconf 84' lang='lat'><strong>?</strong></span> <span class='ocrx_word' id='word_1_130' title='bbox 1733 1704 1864 1760; x_wconf 82' lang='lat' dir='ltr'><strong>Nam</strong></span> <span class='ocrx_word' id='word_1_131' title='bbox 1911 1718 1972 1759; x_wconf 89' lang='lat' dir='ltr'><strong>se</strong></span> <span class='ocrx_word' id='word_1_132' title='bbox 2023 1702 2147 1771; x_wconf 87' lang='lat' dir='ltr'><strong>qui-</strong></span> 
     </span>
    </p>
   </div>
   <div class='ocr_carea' id='block_1_19' title="bbox 586 1798 2147 1870">
    <p class='ocr_par' dir='ltr' id='par_1_19' title="bbox 586 1798 2147 1870">
     <span class='ocr_line' id='line_1_19' title="bbox 586 1798 2147 1870; baseline -0.003 -13"><span class='ocrx_word' id='word_1_133' title='bbox 586 1804 708 1858; x_wconf 87' lang='lat' dir='ltr'><strong>dem</strong></span> <span class='ocrx_word' id='word_1_134' title='bbox 733 1803 1043 1858; x_wconf 79' lang='lat' dir='ltr'><strong>Abraliamo</strong></span> <span class='ocrx_word' id='word_1_135' title='bbox 1072 1802 1242 1855; x_wconf 79' lang='lat' dir='ltr'><strong>visum</strong></span> <span class='ocrx_word' id='word_1_136' title='bbox 1302 1799 1549 1856; x_wconf 81' lang='lat' dir='ltr'><strong>aIIirmat.</strong></span> <span class='ocrx_word' id='word_1_137' title='bbox 1583 1798 1702 1854; x_wconf 84' lang='lat' dir='ltr'><strong>Jam</strong></span> <span class='ocrx_word' id='word_1_138' title='bbox 1752 1799 1982 1870; x_wconf 85' lang='lat' dir='ltr'><strong>qualiter</strong></span> <span class='ocrx_word' id='word_1_139' title='bbox 2028 1808 2147 1855; x_wconf 86' lang='lat' dir='ltr'><strong>erat</strong></span> 
     </span>
    </p>
   </div>
   <div class='ocr_carea' id='block_1_20' title="bbox 589 1890 2145 1963">
    <p class='ocr_par' dir='ltr' id='par_1_20' title="bbox 589 1890 2145 1963">
     <span class='ocr_line' id='line_1_20' title="bbox 589 1890 2145 1963; baseline -0.004 -12"><span class='ocrx_word' id='word_1_140' title='bbox 589 1896 691 1963; x_wconf 85' lang='lat' dir='ltr'><strong>Qui</strong></span> <span class='ocrx_word' id='word_1_141' title='bbox 717 1906 813 1961; x_wconf 85' lang='lat' dir='ltr'><strong>est,</strong></span> <span class='ocrx_word' id='word_1_142' title='bbox 843 1903 1119 1951; x_wconf 89' lang='lat' dir='ltr'><strong>ostensum</strong></span> <span class='ocrx_word' id='word_1_143' title='bbox 1152 1903 1252 1948; x_wconf 84' lang='lat' dir='ltr'><strong>est.</strong></span> <span class='ocrx_word' id='word_1_144' title='bbox 1283 1892 1388 1947; x_wconf 89' lang='lat' dir='ltr'><strong>Sed</strong></span> <span class='ocrx_word' id='word_1_145' title='bbox 1415 1902 1466 1947; x_wconf 92' lang='lat' dir='ltr'><strong>et</strong></span> <span class='ocrx_word' id='word_1_146' title='bbox 1500 1907 1725 1960; x_wconf 86' lang='lat' dir='ltr'><strong>magnus</strong></span> <span class='ocrx_word' id='word_1_147' title='bbox 1754 1891 1843 1946; x_wconf 91' lang='lat' dir='ltr'><strong>ille</strong></span> <span class='ocrx_word' id='word_1_148' title='bbox 1872 1890 2145 1961; x_wconf 88' lang='lat' dir='ltr'><strong>apostolus</strong></span> 
     </span>
    </p>
   </div>
   <div class='ocr_carea' id='block_1_21' title="bbox 585 1982 2143 2056">
    <p class='ocr_par' dir='ltr' id='par_1_21' title="bbox 585 1982 2143 2056">
     <span class='ocr_line' id='line_1_21' title="bbox 585 1982 2143 2056; baseline -0.004 -13"><span class='ocrx_word' id='word_1_149' title='bbox 585 1987 825 2048; x_wconf 87' lang='lat' dir='ltr'><strong>Paulus.</strong></span> <span class='ocrx_word' id='word_1_150' title='bbox 869 1986 1113 2056; x_wconf 78' lang='lat' dir='ltr'><strong>agnoscit</strong></span> <span class='ocrx_word' id='word_1_151' title='bbox 1166 1984 1358 2039; x_wconf 87' lang='lat' dir='ltr'><strong>Filium</strong></span> <span class='ocrx_word' id='word_1_152' title='bbox 1415 1985 1507 2039; x_wconf 90' lang='lat' dir='ltr'><strong>Dei</strong></span> <span class='ocrx_word' id='word_1_153' title='bbox 1561 1983 1759 2051; x_wconf 74' lang='lat' dir='ltr'><strong>factum</strong></span> <span class='ocrx_word' id='word_1_154' title='bbox 1793 1982 2143 2039; x_wconf 84' lang='lat' dir='ltr'><strong>niediatorem</strong></span> 
     </span>
    </p>
   </div>
   <div class='ocr_carea' id='block_1_22' title="bbox 584 2074 2146 2149">
    <p class='ocr_par' dir='ltr' id='par_1_22' title="bbox 584 2074 2146 2149">
     <span class='ocr_line' id='line_1_22' title="bbox 584 2074 2146 2149; baseline -0.003 -16"><span class='ocrx_word' id='word_1_155' title='bbox 584 2080 719 2149; x_wconf 89' lang='lat' dir='ltr'><strong>legis</strong></span> <span class='ocrx_word' id='word_1_156' title='bbox 747 2095 843 2149; x_wconf 89' lang='lat' dir='ltr'><strong>per</strong></span> <span class='ocrx_word' id='word_1_157' title='bbox 869 2078 1068 2134; x_wconf 81' lang='lat' dir='ltr'><strong>Mosem</strong></span> <span class='ocrx_word' id='word_1_158' title='bbox 1096 2079 1252 2141; x_wconf 67' lang='lat' dir='ltr'><strong>datm,</strong></span> <span class='ocrx_word' id='word_1_159' title='bbox 1290 2077 1342 2131; x_wconf 93' lang='lat' dir='ltr'><strong>in</strong></span> <span class='ocrx_word' id='word_1_160' title='bbox 1375 2075 1569 2147; x_wconf 89' lang='lat' dir='ltr'><strong>quibus</strong></span> <span class='ocrx_word' id='word_1_161' title='bbox 1604 2075 1862 2145; x_wconf 87' lang='lat' dir='ltr'><strong>loquitur,</strong></span> <span class='ocrx_word' id='word_1_162' title='bbox 1889 2074 1999 2129; x_wconf 79' lang='lat' dir='ltr'><strong>Lex</strong></span> <span class='ocrx_word' id='word_1_163' title='bbox 2034 2085 2146 2129; x_wconf 88' lang='lat' dir='ltr'><strong>tra-</strong></span> 
     </span>
    </p>
   </div>
   <div class='ocr_carea' id='block_1_23' title="bbox 582 2169 2146 2241">
    <p class='ocr_par' dir='ltr' id='par_1_23' title="bbox 582 2169 2146 2241">
     <span class='ocr_line' id='line_1_23' title="bbox 582 2169 2146 2241; baseline -0.003 -16"><span class='ocrx_word' id='word_1_164' title='bbox 582 2171 695 2225; x_wconf 85' lang='lat' dir='ltr'><strong>dita</strong></span> <span class='ocrx_word' id='word_1_165' title='bbox 717 2188 810 2241; x_wconf 84' lang='lat' dir='ltr'><strong>per</strong></span> <span class='ocrx_word' id='word_1_166' title='bbox 829 2172 1040 2241; x_wconf 83' lang='lat' dir='ltr'><strong>angelos</strong></span> <span class='ocrx_word' id='word_1_167' title='bbox 1072 2172 1128 2224; x_wconf 84' lang='lat' dir='ltr'><strong>in</strong></span> <span class='ocrx_word' id='word_1_168' title='bbox 1180 2187 1338 2223; x_wconf 86' lang='lat' dir='ltr'><strong>manu</strong></span> <span class='ocrx_word' id='word_1_169' title='bbox 1372 2169 1698 2223; x_wconf 78' lang='lat' dir='ltr'><strong>mediatoris.</strong></span> <span class='ocrx_word' id='word_1_170' title='bbox 1732 2169 1857 2223; x_wconf 83' lang='lat' dir='ltr'><strong>Jam</strong></span> <span class='ocrx_word' id='word_1_171' title='bbox 1888 2171 2146 2223; x_wconf 85' lang='lat' dir='ltr'><strong>mediator</strong></span> 
     </span>
    </p>
   </div>
   <div class='ocr_carea' id='block_1_24' title="bbox 581 2260 2141 2327">
    <p class='ocr_par' dir='ltr' id='par_1_24' title="bbox 581 2260 2141 2327">
     <span class='ocr_line' id='line_1_24' title="bbox 581 2260 2141 2327; baseline -0.001 -10"><span class='ocrx_word' id='word_1_172' title='bbox 581 2263 739 2317; x_wconf 85' lang='lat' dir='ltr'><strong>unius</strong></span> <span class='ocrx_word' id='word_1_173' title='bbox 771 2280 871 2318; x_wconf 85' lang='lat' dir='ltr'><strong>non</strong></span> <span class='ocrx_word' id='word_1_174' title='bbox 894 2273 993 2327; x_wconf 86' lang='lat' dir='ltr'><strong>est,</strong></span> <span class='ocrx_word' id='word_1_175' title='bbox 1020 2261 1159 2315; x_wconf 85' lang='lat' dir='ltr'><strong>Deus</strong></span> <span class='ocrx_word' id='word_1_176' title='bbox 1183 2270 1357 2314; x_wconf 90' lang='lat' dir='ltr'><strong>autem</strong></span> <span class='ocrx_word' id='word_1_177' title='bbox 1380 2277 1517 2315; x_wconf 88' lang='lat' dir='ltr'><strong>unus</strong></span> <span class='ocrx_word' id='word_1_178' title='bbox 1544 2272 1617 2315; x_wconf 87' lang='lat' dir='ltr'><strong>est</strong></span> <span class='ocrx_word' id='word_1_179' title='bbox 1645 2262 1711 2315; x_wconf 66' lang='grc' dir='ltr'><strong>δ’.</strong></span> <span class='ocrx_word' id='word_1_180' title='bbox 1748 2266 1806 2325; x_wconf 75' lang='grc' dir='ltr'><strong>›Ι‹</strong></span> <span class='ocrx_word' id='word_1_181' title='bbox 1832 2260 1908 2316; x_wconf 88' lang='lat' dir='ltr'><strong>Ita</strong></span> <span class='ocrx_word' id='word_1_182' title='bbox 1938 2261 2141 2316; x_wconf 86' lang='lat' dir='ltr'><strong>media-</strong></span> 
     </span>
    </p>
   </div>
   <div class='ocr_carea' id='block_1_25' title="bbox 581 2356 2140 2429">
    <p class='ocr_par' dir='ltr' id='par_1_25' title="bbox 581 2356 2140 2429">
     <span class='ocr_line' id='line_1_25' title="bbox 581 2356 2140 2429; baseline -0.004 -16"><span class='ocrx_word' id='word_1_183' title='bbox 581 2368 668 2413; x_wconf 89' lang='lat' dir='ltr'><strong>tor</strong></span> <span class='ocrx_word' id='word_1_184' title='bbox 690 2359 936 2429; x_wconf 86' lang='lat' dir='ltr'><strong>erat,qui</strong></span> <span class='ocrx_word' id='word_1_185' title='bbox 966 2358 1372 2428; x_wconf 83' lang='lat' dir='ltr'><strong>colloquebatur</strong></span> <span class='ocrx_word' id='word_1_186' title='bbox 1397 2356 1548 2422; x_wconf 87' lang='lat' dir='ltr'><strong>Mosi,</strong></span> <span class='ocrx_word' id='word_1_187' title='bbox 1574 2356 1735 2409; x_wconf 87' lang='lat' dir='ltr'><strong>etiam</strong></span> <span class='ocrx_word' id='word_1_188' title='bbox 1768 2365 1894 2409; x_wconf 87' lang='lat' dir='ltr'><strong>ante</strong></span> <span class='ocrx_word' id='word_1_189' title='bbox 1925 2369 2140 2409; x_wconf 87' lang='lat' dir='ltr'><strong>carnem</strong></span> 
     </span>
    </p>
   </div>
   <div class='ocr_carea' id='block_1_26' title="bbox 579 2447 2142 2518">
    <p class='ocr_par' dir='ltr' id='par_1_26' title="bbox 579 2447 2142 2518">
     <span class='ocr_line' id='line_1_26' title="bbox 579 2447 2142 2518; baseline 0 -16"><span class='ocrx_word' id='word_1_190' title='bbox 579 2460 934 2518; x_wconf 73' lang='lat' dir='ltr'><strong>assumptum,</strong></span> <span class='ocrx_word' id='word_1_191' title='bbox 969 2450 1233 2505; x_wconf 85' lang='lat' dir='ltr'><strong>mediator</strong></span> <span class='ocrx_word' id='word_1_192' title='bbox 1255 2450 1505 2507; x_wconf 61' lang='lat' dir='ltr'><strong>humanae</strong></span> <span class='ocrx_word' id='word_1_193' title='bbox 1528 2449 1736 2503; x_wconf 90' lang='lat' dir='ltr'><strong>salutis.</strong></span> <span class='ocrx_word' id='word_1_194' title='bbox 1786 2447 1939 2502; x_wconf 91' lang='lat' dir='ltr'><strong>Hunc</strong></span> <span class='ocrx_word' id='word_1_195' title='bbox 1975 2447 2142 2502; x_wconf 84' lang='lat' dir='ltr'><strong>fuisse</strong></span> 
     </span>
    </p>
   </div>
   <div class='ocr_carea' id='block_1_27' title="bbox 578 2541 2139 2613">
    <p class='ocr_par' dir='ltr' id='par_1_27' title="bbox 578 2541 2139 2613">
     <span class='ocr_line' id='line_1_27' title="bbox 578 2541 2139 2613; baseline -0.003 -15"><span class='ocrx_word' id='word_1_196' title='bbox 578 2558 743 2613; x_wconf 82' lang='lat' dir='ltr'><strong>porro</strong></span> <span class='ocrx_word' id='word_1_197' title='bbox 790 2542 972 2598; x_wconf 81' lang='lat' dir='ltr'><strong>Jesum</strong></span> <span class='ocrx_word' id='word_1_198' title='bbox 1008 2543 1281 2599; x_wconf 68' lang='lat' dir='ltr'><strong>Christum</strong></span> <span class='ocrx_word' id='word_1_199' title='bbox 1318 2543 1509 2598; x_wconf 79' lang='lat' dir='ltr'><strong>statuit</strong></span> <span class='ocrx_word' id='word_1_200' title='bbox 1532 2542 1823 2613; x_wconf 84' lang='lat' dir='ltr'><strong>Apostolus</strong></span> <span class='ocrx_word' id='word_1_201' title='bbox 1851 2541 2139 2611; x_wconf 88' lang='lat' dir='ltr'><strong>inquiens,</strong></span> 
     </span>
    </p>
   </div>
   <div class='ocr_carea' id='block_1_28' title="bbox 582 2630 2138 2700">
    <p class='ocr_par' dir='ltr' id='par_1_28' title="bbox 582 2630 2138 2700">
     <span class='ocr_line' id='line_1_28' title="bbox 582 2630 2138 2700; baseline -0.001 -14"><span class='ocrx_word' id='word_1_202' title='bbox 582 2630 732 2687; x_wconf 85' lang='lat' dir='ltr'><strong>Unus</strong></span> <span class='ocrx_word' id='word_1_203' title='bbox 764 2632 944 2700; x_wconf 84' lang='lat' dir='ltr'><strong>Deus,</strong></span> <span class='ocrx_word' id='word_1_204' title='bbox 995 2650 1128 2688; x_wconf 87' lang='lat' dir='ltr'><strong>unus</strong></span> <span class='ocrx_word' id='word_1_205' title='bbox 1179 2634 1441 2687; x_wconf 85' lang='lat' dir='ltr'><strong>mediator</strong></span> <span class='ocrx_word' id='word_1_206' title='bbox 1485 2633 1580 2688; x_wconf 87' lang='lat' dir='ltr'><strong>Dei</strong></span> <span class='ocrx_word' id='word_1_207' title='bbox 1628 2643 1783 2699; x_wconf 86' lang='lat' dir='ltr'><strong>atque</strong></span> <span class='ocrx_word' id='word_1_208' title='bbox 1830 2633 2138 2694; x_wconf 81' lang='lat' dir='ltr'><strong>hominum,</strong></span> 
     </span>
    </p>
   </div>
   <div class='ocr_carea' id='block_1_29' title="bbox 578 2722 2142 2795">
    <p class='ocr_par' dir='ltr' id='par_1_29' title="bbox 578 2722 2142 2795">
     <span class='ocr_line' id='line_1_29' title="bbox 578 2722 2142 2795; baseline -0.001 -17"><span class='ocrx_word' id='word_1_209' title='bbox 578 2725 733 2778; x_wconf 77' lang='lat' dir='ltr'><strong>homo</strong></span> <span class='ocrx_word' id='word_1_210' title='bbox 758 2724 914 2780; x_wconf 84' lang='lat' dir='ltr'><strong>Jesus</strong></span> <span class='ocrx_word' id='word_1_211' title='bbox 946 2723 1187 2779; x_wconf 84' lang='lat' dir='ltr'><strong>Christus</strong></span> <span class='ocrx_word' id='word_1_212' title='bbox 1215 2726 1282 2778; x_wconf 75' lang='grc' dir='ltr'>⁸ο.</span> <span class='ocrx_word' id='word_1_213' title='bbox 1314 2724 1451 2779; x_wconf 91' lang='lat' dir='ltr'><strong>llinc</strong></span> <span class='ocrx_word' id='word_1_214' title='bbox 1486 2724 1649 2795; x_wconf 86' lang='lat' dir='ltr'><strong>igitur</strong></span> <span class='ocrx_word' id='word_1_215' title='bbox 1687 2723 2045 2794; x_wconf 84' lang='lat' dir='ltr'><strong>personaliter</strong></span> <span class='ocrx_word' id='word_1_216' title='bbox 2073 2722 2142 2776; x_wconf 87' lang='lat' dir='ltr'><strong>de</strong></span> 
     </span>
    </p>
   </div>
   <div class='ocr_carea' id='block_1_30' title="bbox 587 2816 2139 2888">
    <p class='ocr_par' dir='ltr' id='par_1_30' title="bbox 587 2816 2139 2888">
     <span class='ocr_line' id='line_1_30' title="bbox 587 2816 2139 2888; baseline -0.001 -16"><span class='ocrx_word' id='word_1_217' title='bbox 587 2816 888 2873; x_wconf 85' lang='lat' dir='ltr'><strong>se-locutus</strong></span> <span class='ocrx_word' id='word_1_218' title='bbox 931 2830 1014 2873; x_wconf 90' lang='lat' dir='ltr'><strong>est</strong></span> <span class='ocrx_word' id='word_1_219' title='bbox 1051 2820 1191 2887; x_wconf 86' lang='lat' dir='ltr'><strong>apud</strong></span> <span class='ocrx_word' id='word_1_220' title='bbox 1227 2819 1451 2885; x_wconf 83' lang='lat' dir='ltr'><strong>Mosem,</strong></span> <span class='ocrx_word' id='word_1_221' title='bbox 1486 2818 1598 2888; x_wconf 85' lang='lat' dir='ltr'><strong>Ego</strong></span> <span class='ocrx_word' id='word_1_222' title='bbox 1619 2835 1734 2872; x_wconf 87' lang='lat' dir='ltr'><strong>sum</strong></span> <span class='ocrx_word' id='word_1_223' title='bbox 1765 2819 1831 2885; x_wconf 76' lang='grc'><strong>⁵³,</strong></span> <span class='ocrx_word' id='word_1_224' title='bbox 1873 2819 1988 2875; x_wconf 86' lang='lat' dir='ltr'><strong>sive</strong></span> <span class='ocrx_word' id='word_1_225' title='bbox 2038 2816 2139 2871; x_wconf 82' lang='lat' dir='ltr'><strong>luit</strong></span> 
     </span>
    </p>
   </div>
   <div class='ocr_carea' id='block_1_31' title="bbox 578 2905 2138 2979">
    <p class='ocr_par' dir='ltr' id='par_1_31' title="bbox 578 2905 2138 2979">
     <span class='ocr_line' id='line_1_31' title="bbox 578 2905 2138 2979; baseline 0.003 -18"><span class='ocrx_word' id='word_1_226' title='bbox 578 2905 764 2972; x_wconf 89' lang='lat' dir='ltr'><strong>Pater,</strong></span> <span class='ocrx_word' id='word_1_227' title='bbox 796 2909 887 2978; x_wconf 91' lang='lat' dir='ltr'><strong>qui</strong></span> <span class='ocrx_word' id='word_1_228' title='bbox 942 2924 1039 2979; x_wconf 89' lang='lat' dir='ltr'><strong>per</strong></span> <span class='ocrx_word' id='word_1_229' title='bbox 1074 2925 1194 2964; x_wconf 90' lang='lat' dir='ltr'><strong>eum</strong></span> <span class='ocrx_word' id='word_1_230' title='bbox 1243 2911 1385 2965; x_wconf 87' lang='lat' dir='ltr'><strong>hanc</strong></span> <span class='ocrx_word' id='word_1_231' title='bbox 1410 2910 1593 2965; x_wconf 84' lang='lat' dir='ltr'><strong>emisit</strong></span> <span class='ocrx_word' id='word_1_232' title='bbox 1620 2924 1806 2964; x_wconf 84' lang='lat' dir='ltr'><strong>vocem</strong></span> <span class='ocrx_word' id='word_1_233' title='bbox 1861 2929 1874 2964; x_wconf 91' lang='lat'><strong>:</strong></span> <span class='ocrx_word' id='word_1_234' title='bbox 1932 2911 2138 2965; x_wconf 91' lang='lat' dir='ltr'><strong>utrovis</strong></span> 
     </span>
    </p>
   </div>
   <div class='ocr_carea' id='block_1_32' title="bbox 581 2998 2138 3071">
    <p class='ocr_par' dir='ltr' id='par_1_32' title="bbox 581 2998 2138 3071">
     <span class='ocr_line' id='line_1_32' title="bbox 581 2998 2138 3071; baseline 0.001 -18"><span class='ocrx_word' id='word_1_235' title='bbox 581 2998 741 3053; x_wconf 86' lang='lat' dir='ltr'><strong>modo</strong></span> <span class='ocrx_word' id='word_1_236' title='bbox 792 3012 877 3053; x_wconf 90' lang='lat' dir='ltr'><strong>res</strong></span> <span class='ocrx_word' id='word_1_237' title='bbox 914 3008 996 3052; x_wconf 90' lang='lat' dir='ltr'><strong>est</strong></span> <span class='ocrx_word' id='word_1_238' title='bbox 1036 3014 1157 3053; x_wconf 90' lang='lat' dir='ltr'><strong>cum</strong></span> <span class='ocrx_word' id='word_1_239' title='bbox 1188 3000 1416 3055; x_wconf 79' lang='lat' dir='ltr'><strong>veritate</strong></span> <span class='ocrx_word' id='word_1_240' title='bbox 1469 3001 1777 3071; x_wconf 79' lang='lat' dir='ltr'><strong>conjuncta.</strong></span> <span class='ocrx_word' id='word_1_241' title='bbox 1832 2999 1909 3055; x_wconf 88' lang='lat' dir='ltr'><strong>Ne</strong></span> <span class='ocrx_word' id='word_1_242' title='bbox 1936 3001 2138 3056; x_wconf 78' lang='lat' dir='ltr'><strong>haereat</strong></span> 
     </span>
    </p>
   </div>
   <div class='ocr_carea' id='block_1_33' title="bbox 582 3085 2138 3158">
    <p class='ocr_par' dir='ltr' id='par_1_33' title="bbox 582 3085 2138 3158">
     <span class='ocr_line' id='line_1_33' title="bbox 582 3085 2138 3158; baseline 0.003 -19"><span class='ocrx_word' id='word_1_243' title='bbox 582 3101 712 3155; x_wconf 89' lang='lat' dir='ltr'><strong>ergo</strong></span> <span class='ocrx_word' id='word_1_244' title='bbox 748 3087 924 3141; x_wconf 83' lang='lat' dir='ltr'><strong>adhuc</strong></span> <span class='ocrx_word' id='word_1_245' title='bbox 945 3085 1228 3141; x_wconf 86' lang='lat' dir='ltr'><strong>Marcellus</strong></span> <span class='ocrx_word' id='word_1_246' title='bbox 1257 3126 1273 3153; x_wconf 93' lang='lat'><strong>,</strong></span> <span class='ocrx_word' id='word_1_247' title='bbox 1318 3087 1672 3142; x_wconf 81' lang='lat' dir='ltr'><strong>inextricabili</strong></span> <span class='ocrx_word' id='word_1_248' title='bbox 1700 3104 1849 3155; x_wconf 90' lang='lat' dir='ltr'><strong>usus,</strong></span> <span class='ocrx_word' id='word_1_249' title='bbox 1880 3089 2138 3158; x_wconf 89' lang='lat' dir='ltr'><strong>quemad-</strong></span> 
     </span>
    </p>
   </div>
   <div class='ocr_carea' id='block_1_34' title="bbox 2263 566 3821 651">
    <p class='ocr_par' dir='ltr' id='par_1_34' title="bbox 2263 566 3821 651">
     <span class='ocr_line' id='line_1_34' title="bbox 2263 566 3821 651; baseline -0.013 -12"><span class='ocrx_word' id='word_1_250' title='bbox 2263 584 2458 639; x_wconf 78' lang='grc' dir='ltr'><strong>Ἰσαὰκ</strong></span> <span class='ocrx_word' id='word_1_251' title='bbox 2483 579 2744 651; x_wconf 74' lang='grc' dir='ltr'><strong>καὶπρὸς</strong></span> <span class='ocrx_word' id='word_1_252' title='bbox 2780 576 3006 640; x_wconf 83' lang='grc' dir='ltr'><strong>Ἰακὼϐ,</strong></span> <span class='ocrx_word' id='word_1_253' title='bbox 3028 572 3156 635; x_wconf 67' lang='grc' dir='ltr'>Θεὸς</span> <span class='ocrx_word' id='word_1_254' title='bbox 3182 570 3256 625; x_wconf 77' lang='grc' dir='ltr'>ὢν</span> <span class='ocrx_word' id='word_1_255' title='bbox 3278 568 3452 624; x_wconf 79' lang='grc' dir='ltr'>αὐτῶν</span> <span class='ocrx_word' id='word_1_256' title='bbox 3477 566 3608 638; x_wconf 66' lang='grc' dir='ltr'>(ιε).</span> <span class='ocrx_word' id='word_1_257' title='bbox 3651 566 3821 637; x_wconf 73' lang='grc' dir='ltr'>Ὁρᾷς</span> 
     </span>
    </p>
   </div>
   <div class='ocr_carea' id='block_1_35' title="bbox 2249 656 3820 741">
    <p class='ocr_par' dir='ltr' id='par_1_35' title="bbox 2249 656 3820 741">
     <span class='ocr_line' id='line_1_35' title="bbox 2249 656 3820 741; baseline -0.014 -13"><span class='ocrx_word' id='word_1_258' title='bbox 2249 674 2397 736; x_wconf 81' lang='grc' dir='ltr'>ὅπως</span> <span class='ocrx_word' id='word_1_259' title='bbox 2423 666 2600 741; x_wconf 77' lang='grc' dir='ltr'>ὦφθαι</span> <span class='ocrx_word' id='word_1_260' title='bbox 2624 669 2810 724; x_wconf 77' lang='grc' dir='ltr'>ἑαυτὸν</span> <span class='ocrx_word' id='word_1_261' title='bbox 2828 670 2938 731; x_wconf 83' lang='grc' dir='ltr'>τοῖς</span> <span class='ocrx_word' id='word_1_262' title='bbox 2960 663 3221 737; x_wconf 79' lang='grc' dir='ltr'><strong>πατράσιν</strong></span> <span class='ocrx_word' id='word_1_263' title='bbox 3244 661 3367 732; x_wconf 75' lang='grc' dir='ltr'>ἔφη.</span> <span class='ocrx_word' id='word_1_264' title='bbox 3391 661 3528 712; x_wconf 84' lang='grc' dir='ltr'><strong>Πότε</strong></span> <span class='ocrx_word' id='word_1_265' title='bbox 3549 657 3604 710; x_wconf 78' lang='grc' dir='ltr'>δὲ</span> <span class='ocrx_word' id='word_1_266' title='bbox 3632 656 3820 728; x_wconf 73' lang='grc' dir='ltr'>ὤφθη,</span> 
     </span>
    </p>
   </div>
   <div class='ocr_carea' id='block_1_36' title="bbox 2251 748 3821 835">
    <p class='ocr_par' dir='ltr' id='par_1_36' title="bbox 2251 748 3821 835">
     <span class='ocr_line' id='line_1_36' title="bbox 2251 748 3821 835; baseline -0.01 -22"><span class='ocrx_word' id='word_1_267' title='bbox 2251 762 2409 816; x_wconf 86' lang='grc' dir='ltr'>πάλιν</span> <span class='ocrx_word' id='word_1_268' title='bbox 2430 764 2462 835; x_wconf 82' lang='grc' dir='ltr'>ἡ</span> <span class='ocrx_word' id='word_1_269' title='bbox 2480 761 2668 835; x_wconf 80' lang='grc' dir='ltr'>Γραφὴ</span> <span class='ocrx_word' id='word_1_270' title='bbox 2690 760 2952 831; x_wconf 84' lang='grc' dir='ltr'>μαρτυρεῖ</span> <span class='ocrx_word' id='word_1_271' title='bbox 2976 756 3204 825; x_wconf 76' lang='grc' dir='ltr'><strong>λέγουσα</strong></span> <span class='ocrx_word' id='word_1_272' title='bbox 3225 770 3238 783; x_wconf 83' lang='lat'><strong><em>°</em></strong></span> <span class='ocrx_word' id='word_1_273' title='bbox 3271 752 3454 820; x_wconf 66' lang='grc' dir='ltr'>Ὠερθη</span> <span class='ocrx_word' id='word_1_274' title='bbox 3483 749 3539 819; x_wconf 77' lang='grc' dir='ltr'>δὲ</span> <span class='ocrx_word' id='word_1_275' title='bbox 3560 748 3673 818; x_wconf 76' lang='grc'><strong>(15)</strong></span> <span class='ocrx_word' id='word_1_276' title='bbox 3698 749 3821 800; x_wconf 84' lang='grc' dir='ltr'><strong>Κύ-</strong></span> 
     </span>
    </p>
   </div>
   <div class='ocr_carea' id='block_1_37' title="bbox 2242 836 3820 922">
    <p class='ocr_par' dir='ltr' id='par_1_37' title="bbox 2242 836 3820 922">
     <span class='ocr_line' id='line_1_37' title="bbox 2242 836 3820 922; baseline -0.004 -16"><span class='ocrx_word' id='word_1_277' title='bbox 2242 871 2374 922; x_wconf 81' lang='grc' dir='ltr'>ριος</span> <span class='ocrx_word' id='word_1_278' title='bbox 2397 857 2429 908; x_wconf 88' lang='grc' dir='ltr'><strong>ό</strong></span> <span class='ocrx_word' id='word_1_279' title='bbox 2451 853 2595 918; x_wconf 78' lang='grc' dir='ltr'>Θεὸς</span> <span class='ocrx_word' id='word_1_280' title='bbox 2623 850 2700 917; x_wconf 86' lang='grc' dir='ltr'>τῷ</span> <span class='ocrx_word' id='word_1_281' title='bbox 2734 848 2996 918; x_wconf 81' lang='grc' dir='ltr'><strong>Ἀϐραὰμ,</strong></span> <span class='ocrx_word' id='word_1_282' title='bbox 3020 846 3167 914; x_wconf 72' lang='grc' dir='ltr'>πρὸς</span> <span class='ocrx_word' id='word_1_283' title='bbox 3191 843 3267 913; x_wconf 77' lang='grc' dir='ltr'>τῇ</span> <span class='ocrx_word' id='word_1_284' title='bbox 3292 841 3424 910; x_wconf 84' lang='grc' dir='ltr'>δρυῒ</span> <span class='ocrx_word' id='word_1_285' title='bbox 3438 839 3512 909; x_wconf 77' lang='grc' dir='ltr'>τῇ</span> <span class='ocrx_word' id='word_1_286' title='bbox 3539 836 3820 907; x_wconf 72' lang='grc' dir='ltr'><strong>Μαμϐρῆ.</strong></span> 
     </span>
    </p>
   </div>
   <div class='ocr_carea' id='block_1_38' title="bbox 2250 927 3820 1013">
    <p class='ocr_par' dir='ltr' id='par_1_38' title="bbox 2250 927 3820 1013">
     <span class='ocr_line' id='line_1_38' title="bbox 2250 927 3820 1013; baseline -0.014 -13"><span class='ocrx_word' id='word_1_287' title='bbox 2250 944 2593 1013; x_wconf 80' lang='grc' dir='ltr'><strong>καθημένου</strong></span> <span class='ocrx_word' id='word_1_288' title='bbox 2637 940 2824 996; x_wconf 86' lang='grc' dir='ltr'>αὐτοῦ</span> <span class='ocrx_word' id='word_1_289' title='bbox 2848 938 2994 1010; x_wconf 79' lang='grc' dir='ltr'>πρὸς</span> <span class='ocrx_word' id='word_1_290' title='bbox 3022 936 3095 1006; x_wconf 77' lang='grc' dir='ltr'>τῇ</span> <span class='ocrx_word' id='word_1_291' title='bbox 3116 937 3282 1004; x_wconf 76' lang='grc' dir='ltr'>θύρᾳ.</span> <span class='ocrx_word' id='word_1_292' title='bbox 3310 930 3433 995; x_wconf 83' lang='grc' dir='ltr'><strong>Πῶς</strong></span> <span class='ocrx_word' id='word_1_293' title='bbox 3456 930 3512 983; x_wconf 76' lang='grc' dir='ltr'>δὲ</span> <span class='ocrx_word' id='word_1_294' title='bbox 3540 928 3699 1001; x_wconf 74' lang='grc' dir='ltr'>ὤφθη</span> <span class='ocrx_word' id='word_1_295' title='bbox 3723 927 3820 981; x_wconf 82' lang='grc' dir='ltr'><strong>ἄλ-</strong></span> 
     </span>
    </p>
   </div>
   <div class='ocr_carea' id='block_1_39' title="bbox 2248 1017 3820 1105">
    <p class='ocr_par' dir='ltr' id='par_1_39' title="bbox 2248 1017 3820 1105">
     <span class='ocr_line' id='line_1_39' title="bbox 2248 1017 3820 1105; baseline -0.008 -18"><span class='ocrx_word' id='word_1_296' title='bbox 2248 1033 2406 1105; x_wconf 84' lang='grc' dir='ltr'>λωςῆ</span> <span class='ocrx_word' id='word_1_297' title='bbox 2438 1033 2545 1105; x_wconf 76' lang='grc'><strong>(14)</strong></span> <span class='ocrx_word' id='word_1_298' title='bbox 2582 1036 2638 1089; x_wconf 79' lang='grc' dir='ltr'>ὲν</span> <span class='ocrx_word' id='word_1_299' title='bbox 2660 1034 2895 1103; x_wconf 87' lang='grc' dir='ltr'>σχήματι</span> <span class='ocrx_word' id='word_1_300' title='bbox 2930 1027 3280 1102; x_wconf 75' lang='grc' dir='ltr'>ἀνθρωπίνως</span> <span class='ocrx_word' id='word_1_301' title='bbox 3324 1023 3443 1076; x_wconf 85' lang='grc' dir='ltr'>τίνα</span> <span class='ocrx_word' id='word_1_302' title='bbox 3464 1022 3523 1075; x_wconf 75' lang='grc' dir='ltr'>δὲ</span> <span class='ocrx_word' id='word_1_303' title='bbox 3544 1020 3659 1093; x_wconf 84' lang='grc'><strong>(15)</strong></span> <span class='ocrx_word' id='word_1_304' title='bbox 3710 1017 3820 1089; x_wconf 80' lang='grc' dir='ltr'><strong>χρὴ</strong></span> 
     </span>
    </p>
   </div>
   <div class='ocr_carea' id='block_1_40' title="bbox 2250 1109 3816 1190">
    <p class='ocr_par' dir='ltr' id='par_1_40' title="bbox 2250 1109 3816 1190">
     <span class='ocr_line' id='line_1_40' title="bbox 2250 1109 3816 1190; baseline -0.011 -12"><span class='ocrx_word' id='word_1_305' title='bbox 2250 1124 2520 1178; x_wconf 78' lang='grc' dir='ltr'><strong>πιστεύειν</strong></span> <span class='ocrx_word' id='word_1_306' title='bbox 2544 1121 2681 1177; x_wconf 75' lang='grc' dir='ltr'>εἶναι</span> <span class='ocrx_word' id='word_1_307' title='bbox 2705 1120 2910 1187; x_wconf 89' lang='grc' dir='ltr'>τοῦτον,</span> <span class='ocrx_word' id='word_1_308' title='bbox 2936 1119 2970 1190; x_wconf 81' lang='grc' dir='ltr'>ἢ</span> <span class='ocrx_word' id='word_1_309' title='bbox 2991 1119 3079 1173; x_wconf 75' lang='grc' dir='ltr'>τὸν</span> <span class='ocrx_word' id='word_1_310' title='bbox 3110 1115 3236 1170; x_wconf 68' lang='grc' dir='ltr'>Υἱδν</span> <span class='ocrx_word' id='word_1_311' title='bbox 3253 1112 3344 1168; x_wconf 90' lang='grc' dir='ltr'><strong>τοῦ</strong></span> <span class='ocrx_word' id='word_1_312' title='bbox 3370 1112 3525 1177; x_wconf 87' lang='grc' dir='ltr'>Θεοῦ,</span> <span class='ocrx_word' id='word_1_313' title='bbox 3554 1111 3583 1165; x_wconf 84' lang='grc' dir='ltr'>ὃ</span> <span class='ocrx_word' id='word_1_314' title='bbox 3619 1111 3687 1180; x_wconf 80' lang='grc' dir='ltr'>δὴ</span> <span class='ocrx_word' id='word_1_315' title='bbox 3720 1109 3816 1162; x_wconf 81' lang='grc' dir='ltr'>καὶ</span> 
     </span>
    </p>
   </div>
   <div class='ocr_carea' id='block_1_41' title="bbox 2250 1202 3817 1284">
    <p class='ocr_par' dir='ltr' id='par_1_41' title="bbox 2250 1202 3817 1284">
     <span class='ocr_line' id='line_1_41' title="bbox 2250 1202 3817 1284; baseline -0.011 -14"><span class='ocrx_word' id='word_1_316' title='bbox 2250 1217 2411 1280; x_wconf 76' lang='grc' dir='ltr'>αὐτὸς</span> <span class='ocrx_word' id='word_1_317' title='bbox 2432 1219 2487 1270; x_wconf 82' lang='grc' dir='ltr'>ὲν</span> <span class='ocrx_word' id='word_1_318' title='bbox 2509 1212 2859 1284; x_wconf 82' lang='grc' dir='ltr'>Εὐαγγελίοις</span> <span class='ocrx_word' id='word_1_319' title='bbox 2885 1209 3120 1283; x_wconf 75' lang='grc' dir='ltr'>παρίστη</span> <span class='ocrx_word' id='word_1_320' title='bbox 3152 1205 3323 1274; x_wconf 81' lang='grc' dir='ltr'>λέγων</span> <span class='ocrx_word' id='word_1_321' title='bbox 3351 1203 3487 1275; x_wconf 78' lang='grc' dir='ltr'>πρὸς</span> <span class='ocrx_word' id='word_1_322' title='bbox 3512 1203 3643 1265; x_wconf 77' lang='grc' dir='ltr'>τοὺς</span> <span class='ocrx_word' id='word_1_323' title='bbox 3682 1202 3817 1254; x_wconf 84' lang='grc' dir='ltr'>Ἰου-</span> 
     </span>
    </p>
   </div>
   <div class='ocr_carea' id='block_1_42' title="bbox 2248 1292 3821 1377">
    <p class='ocr_par' dir='ltr' id='par_1_42' title="bbox 2248 1292 3821 1377">
     <span class='ocr_line' id='line_1_42' title="bbox 2248 1292 3821 1377; baseline -0.013 -12"><span class='ocrx_word' id='word_1_324' title='bbox 2248 1310 2431 1372; x_wconf 86' lang='grc' dir='ltr'>δαίους</span> <span class='ocrx_word' id='word_1_325' title='bbox 2450 1327 2462 1339; x_wconf 91' lang='grc'><strong>·</strong></span> <span class='ocrx_word' id='word_1_326' title='bbox 2504 1307 2749 1377; x_wconf 78' lang='grc' dir='ltr'>Ἀϐραὰμ</span> <span class='ocrx_word' id='word_1_327' title='bbox 2784 1308 2816 1359; x_wconf 84' lang='grc' dir='ltr'><em>ὁ</em></span> <span class='ocrx_word' id='word_1_328' title='bbox 2846 1302 3037 1371; x_wconf 80' lang='grc' dir='ltr'>πατὴρ</span> <span class='ocrx_word' id='word_1_329' title='bbox 3065 1298 3230 1370; x_wconf 76' lang='grc' dir='ltr'><strong>ὑμῶν·</strong></span> <span class='ocrx_word' id='word_1_330' title='bbox 3255 1293 3690 1365; x_wconf 71' lang='grc' dir='ltr'>ἠγαλλιάσατο,</span> <span class='ocrx_word' id='word_1_331' title='bbox 3715 1292 3821 1345; x_wconf 72' lang='grc' dir='ltr'>ἵνα.</span> 
     </span>
    </p>
   </div>
   <div class='ocr_carea' id='block_1_43' title="bbox 2250 1381 3813 1467">
    <p class='ocr_par' dir='ltr' id='par_1_43' title="bbox 2250 1381 3813 1467">
     <span class='ocr_line' id='line_1_43' title="bbox 2250 1381 3813 1467; baseline -0.012 -15"><span class='ocrx_word' id='word_1_332' title='bbox 2250 1399 2347 1467; x_wconf 79' lang='grc' dir='ltr'><strong>ἴδῃ</strong></span> <span class='ocrx_word' id='word_1_333' title='bbox 2370 1397 2483 1466; x_wconf 81' lang='grc' dir='ltr'>τὴν</span> <span class='ocrx_word' id='word_1_334' title='bbox 2507 1395 2733 1467; x_wconf 75' lang='grc' dir='ltr'><strong>ἡμέραν</strong></span> <span class='ocrx_word' id='word_1_335' title='bbox 2752 1393 2862 1466; x_wconf 87' lang='grc'><strong>(16)</strong></span> <span class='ocrx_word' id='word_1_336' title='bbox 2890 1392 3002 1461; x_wconf 78' lang='grc' dir='ltr'>τὴν</span> <span class='ocrx_word' id='word_1_337' title='bbox 3028 1388 3200 1460; x_wconf 78' lang='grc' dir='ltr'><strong>ἐμὴν,</strong></span> <span class='ocrx_word' id='word_1_338' title='bbox 3219 1387 3312 1441; x_wconf 84' lang='grc' dir='ltr'><strong>καί</strong></span> <span class='ocrx_word' id='word_1_339' title='bbox 3334 1381 3455 1440; x_wconf 75' lang='grc' dir='ltr'>εἶδε</span> <span class='ocrx_word' id='word_1_340' title='bbox 3480 1384 3579 1438; x_wconf 81' lang='grc' dir='ltr'><strong>καὶ</strong></span> <span class='ocrx_word' id='word_1_341' title='bbox 3600 1382 3813 1453; x_wconf 80' lang='grc' dir='ltr'>ἐχάρη.</span> 
     </span>
    </p>
   </div>
   <div class='ocr_carea' id='block_1_44' title="bbox 2250 1474 3837 1559">
    <p class='ocr_par' dir='ltr' id='par_1_44' title="bbox 2250 1474 3837 1559">
     <span class='ocr_line' id='line_1_44' title="bbox 2250 1474 3837 1559; baseline -0.009 -18"><span class='ocrx_word' id='word_1_342' title='bbox 2250 1488 2374 1541; x_wconf 81' lang='grc' dir='ltr'>Ὅτι</span> <span class='ocrx_word' id='word_1_343' title='bbox 2402 1488 2497 1544; x_wconf 75' lang='grc' dir='ltr'>καὶ</span> <span class='ocrx_word' id='word_1_344' title='bbox 2521 1487 2915 1559; x_wconf 81' lang='grc' dir='ltr'><strong>θαυμασάντων</strong></span> <span class='ocrx_word' id='word_1_345' title='bbox 2961 1482 3051 1535; x_wconf 72' lang='grc' dir='ltr'>ἐπὶ</span> <span class='ocrx_word' id='word_1_346' title='bbox 3092 1478 3170 1551; x_wconf 81' lang='grc' dir='ltr'>τῷ</span> <span class='ocrx_word' id='word_1_347' title='bbox 3193 1478 3355 1548; x_wconf 86' lang='grc' dir='ltr'>λόγῳ,</span> <span class='ocrx_word' id='word_1_348' title='bbox 3393 1475 3700 1547; x_wconf 82' lang='grc' dir='ltr'>προσέθηκε</span> <span class='ocrx_word' id='word_1_349' title='bbox 3731 1474 3837 1537; x_wconf 80' lang='grc' dir='ltr'><strong>τὸ,</strong></span> 
     </span>
    </p>
   </div>
   <div class='ocr_carea' id='block_1_45' title="bbox 2248 1567 3816 1647">
    <p class='ocr_par' dir='ltr' id='par_1_45' title="bbox 2248 1567 3816 1647">
     <span class='ocr_line' id='line_1_45' title="bbox 2248 1567 3816 1647; baseline -0.008 -16"><span class='ocrx_word' id='word_1_350' title='bbox 2248 1577 2399 1645; x_wconf 76' lang='grc' dir='ltr'><strong>Πρὶν</strong></span> <span class='ocrx_word' id='word_1_351' title='bbox 2444 1578 2698 1647; x_wconf 81' lang='grc' dir='ltr'>Ἀϐραὰμ</span> <span class='ocrx_word' id='word_1_352' title='bbox 2729 1573 3001 1647; x_wconf 73' lang='grc' dir='ltr'>γενέσθαι</span> <span class='ocrx_word' id='word_1_353' title='bbox 3054 1567 3168 1640; x_wconf 81' lang='grc' dir='ltr'><strong>ἐγώ</strong></span> <span class='ocrx_word' id='word_1_354' title='bbox 3217 1569 3355 1637; x_wconf 73' lang='grc' dir='ltr'>ειμι,</span> <span class='ocrx_word' id='word_1_355' title='bbox 3389 1567 3489 1636; x_wconf 81' lang='grc' dir='ltr'>τὴν</span> <span class='ocrx_word' id='word_1_356' title='bbox 3522 1567 3816 1637; x_wconf 74' lang='grc' dir='ltr'>προϋπαρ-</span> 
     </span>
    </p>
   </div>
   <div class='ocr_carea' id='block_1_46' title="bbox 2253 1651 3816 1739">
    <p class='ocr_par' dir='ltr' id='par_1_46' title="bbox 2253 1651 3816 1739">
     <span class='ocr_line' id='line_1_46' title="bbox 2253 1651 3816 1739; baseline -0.008 -19"><span class='ocrx_word' id='word_1_357' title='bbox 2253 1666 2331 1735; x_wconf 83' lang='grc' dir='ltr'><strong>ξιν</strong></span> <span class='ocrx_word' id='word_1_358' title='bbox 2364 1668 2560 1722; x_wconf 81' lang='grc' dir='ltr'>ἑαυτοῦ</span> <span class='ocrx_word' id='word_1_359' title='bbox 2596 1666 2864 1739; x_wconf 81' lang='grc' dir='ltr'><strong>παριστὰς</strong></span> <span class='ocrx_word' id='word_1_360' title='bbox 2894 1663 3207 1717; x_wconf 84' lang='grc' dir='ltr'>λευκότατα.</span> <span class='ocrx_word' id='word_1_361' title='bbox 3256 1657 3320 1710; x_wconf 85' lang='grc' dir='ltr'>Τί</span> <span class='ocrx_word' id='word_1_362' title='bbox 3351 1658 3416 1728; x_wconf 84' lang='grc' dir='ltr'>δὴ</span> <span class='ocrx_word' id='word_1_363' title='bbox 3438 1651 3532 1710; x_wconf 85' lang='grc' dir='ltr'><strong>οὖν</strong></span> <span class='ocrx_word' id='word_1_364' title='bbox 3558 1657 3816 1727; x_wconf 85' lang='grc' dir='ltr'>συνίστη-</span> 
     </span>
    </p>
   </div>
   <div class='ocr_carea' id='block_1_47' title="bbox 2252 1746 3819 1829">
    <p class='ocr_par' dir='ltr' id='par_1_47' title="bbox 2252 1746 3819 1829">
     <span class='ocr_line' id='line_1_47' title="bbox 2252 1746 3819 1829; baseline -0.008 -16"><span class='ocrx_word' id='word_1_365' title='bbox 2252 1779 2334 1815; x_wconf 89' lang='grc' dir='ltr'><strong>σιν</strong></span> <span class='ocrx_word' id='word_1_366' title='bbox 2369 1762 2397 1813; x_wconf 85' lang='grc' dir='ltr'>ὁ</span> <span class='ocrx_word' id='word_1_367' title='bbox 2428 1752 2585 1829; x_wconf 85' lang='grc' dir='ltr'>λόγος</span> <span class='ocrx_word' id='word_1_368' title='bbox 2607 1757 2740 1828; x_wconf 86' lang='grc'><strong>(17),</strong></span> <span class='ocrx_word' id='word_1_369' title='bbox 2775 1757 2808 1827; x_wconf 79' lang='grc' dir='ltr'>ἢ</span> <span class='ocrx_word' id='word_1_370' title='bbox 2855 1755 3013 1810; x_wconf 79' lang='grc' dir='ltr'>αὑτὸν</span> <span class='ocrx_word' id='word_1_371' title='bbox 3062 1748 3199 1806; x_wconf 72' lang='grc' dir='ltr'>εἶναι</span> <span class='ocrx_word' id='word_1_372' title='bbox 3230 1750 3320 1803; x_wconf 81' lang='grc' dir='ltr'><strong>τὸν</strong></span> <span class='ocrx_word' id='word_1_373' title='bbox 3354 1747 3485 1801; x_wconf 77' lang='grc' dir='ltr'>Υἱδν</span> <span class='ocrx_word' id='word_1_374' title='bbox 3521 1747 3614 1801; x_wconf 82' lang='grc' dir='ltr'><strong>τοῦ</strong></span> <span class='ocrx_word' id='word_1_375' title='bbox 3651 1746 3819 1812; x_wconf 82' lang='grc' dir='ltr'>Θεοῦ,</span> 
     </span>
    </p>
   </div>
   <div class='ocr_carea' id='block_1_48' title="bbox 2176 1838 3820 1922">
    <p class='ocr_par' dir='ltr' id='par_1_48' title="bbox 2176 1838 3820 1922">
     <span class='ocr_line' id='line_1_48' title="bbox 2176 1838 3820 1922; baseline -0.008 -17"><span class='ocrx_word' id='word_1_376' title='bbox 2176 1838 2218 1895; x_wconf 81' lang='grc' dir='ltr'><strong>Β</strong></span> <span class='ocrx_word' id='word_1_377' title='bbox 2243 1852 2335 1904; x_wconf 76' lang='grc' dir='ltr'>τὸν</span> <span class='ocrx_word' id='word_1_378' title='bbox 2367 1849 2776 1922; x_wconf 86' lang='grc' dir='ltr'>χρηματίσαντα</span> <span class='ocrx_word' id='word_1_379' title='bbox 2804 1847 2882 1918; x_wconf 86' lang='grc' dir='ltr'>τῷ</span> <span class='ocrx_word' id='word_1_380' title='bbox 2902 1847 3105 1909; x_wconf 84' lang='grc' dir='ltr'>Μωσεῖ,</span> <span class='ocrx_word' id='word_1_381' title='bbox 3137 1841 3230 1896; x_wconf 78' lang='grc' dir='ltr'><strong>καὶ</strong></span> <span class='ocrx_word' id='word_1_382' title='bbox 3260 1840 3533 1913; x_wconf 75' lang='grc' dir='ltr'><strong>εἰρηκότα,</strong></span> <span class='ocrx_word' id='word_1_383' title='bbox 3568 1838 3710 1909; x_wconf 79' lang='grc' dir='ltr'><strong>Ἐγώ</strong></span> <span class='ocrx_word' id='word_1_384' title='bbox 3736 1841 3820 1893; x_wconf 80' lang='grc' dir='ltr'>εί-</span> 
     </span>
    </p>
   </div>
   <div class='ocr_carea' id='block_1_49' title="bbox 2239 1925 3815 2012">
    <p class='ocr_par' dir='ltr' id='par_1_49' title="bbox 2239 1925 3815 2012">
     <span class='ocr_line' id='line_1_49' title="bbox 2239 1925 3815 2012; baseline -0.009 -15"><span class='ocrx_word' id='word_1_385' title='bbox 2239 1961 2307 2012; x_wconf 86' lang='grc' dir='ltr'>μι</span> <span class='ocrx_word' id='word_1_386' title='bbox 2340 1946 2372 1997; x_wconf 88' lang='grc' dir='ltr'><em>ὀ</em></span> <span class='ocrx_word' id='word_1_387' title='bbox 2402 1943 2521 2007; x_wconf 65' lang='lat' dir='ltr'><strong>dir;</strong></span> <span class='ocrx_word' id='word_1_388' title='bbox 2551 1941 2711 2004; x_wconf 79' lang='grc' dir='ltr'>αὐτὸς</span> <span class='ocrx_word' id='word_1_389' title='bbox 2741 1938 2849 2011; x_wconf 88' lang='grc' dir='ltr'><strong>γάρ</strong></span> <span class='ocrx_word' id='word_1_390' title='bbox 2876 1938 2953 2010; x_wconf 85' lang='grc' dir='ltr'><strong>τῷ</strong></span> <span class='ocrx_word' id='word_1_391' title='bbox 2990 1934 3236 2008; x_wconf 79' lang='grc' dir='ltr'>Ἀϐραὰμ</span> <span class='ocrx_word' id='word_1_392' title='bbox 3276 1925 3448 1999; x_wconf 66' lang='grc' dir='ltr'>ὦφθαι</span> <span class='ocrx_word' id='word_1_393' title='bbox 3481 1930 3674 1984; x_wconf 70' lang='grc' dir='ltr'>ἑαυτὸν</span> <span class='ocrx_word' id='word_1_394' title='bbox 3704 1930 3815 1984; x_wconf 63' lang='lat' dir='ltr'><strong>66i-</strong></span> 
     </span>
    </p>
   </div>
   <div class='ocr_carea' id='block_1_50' title="bbox 2242 2023 3817 2102">
    <p class='ocr_par' dir='ltr' id='par_1_50' title="bbox 2242 2023 3817 2102">
     <span class='ocr_line' id='line_1_50' title="bbox 2242 2023 3817 2102; baseline -0.008 -14"><span class='ocrx_word' id='word_1_395' title='bbox 2242 2035 2414 2100; x_wconf 81' lang='grc' dir='ltr'>δαξεν.</span> <span class='ocrx_word' id='word_1_396' title='bbox 2472 2034 2660 2096; x_wconf 86' lang='grc' dir='ltr'><strong>Ὅπως</strong></span> <span class='ocrx_word' id='word_1_397' title='bbox 2716 2031 2773 2084; x_wconf 85' lang='grc' dir='ltr'>δὲ</span> <span class='ocrx_word' id='word_1_398' title='bbox 2825 2026 2892 2102; x_wconf 79' lang='grc' dir='ltr'>ἦν</span> <span class='ocrx_word' id='word_1_399' title='bbox 2946 2028 3105 2093; x_wconf 78' lang='grc' dir='ltr'>αὐτὸς</span> <span class='ocrx_word' id='word_1_400' title='bbox 3146 2032 3179 2084; x_wconf 82' lang='grc' dir='ltr'><em>ὁ</em></span> <span class='ocrx_word' id='word_1_401' title='bbox 3214 2028 3298 2083; x_wconf 72' lang='grc' dir='ltr'><strong>ὢν</strong></span> <span class='ocrx_word' id='word_1_402' title='bbox 3343 2028 3573 2100; x_wconf 71' lang='grc' dir='ltr'>εἴρηται.</span> <span class='ocrx_word' id='word_1_403' title='bbox 3630 2023 3741 2077; x_wconf 76' lang='grc' dir='ltr'>Καὶ</span> <span class='ocrx_word' id='word_1_404' title='bbox 3786 2024 3817 2076; x_wconf 98' lang='lat'><strong>6</strong></span> 
     </span>
    </p>
   </div>
   <div class='ocr_carea' id='block_1_51' title="bbox 2246 2113 3813 2197">
    <p class='ocr_par' dir='ltr' id='par_1_51' title="bbox 2246 2113 3813 2197">
     <span class='ocr_line' id='line_1_51' title="bbox 2246 2113 3813 2197; baseline -0.006 -20"><span class='ocrx_word' id='word_1_405' title='bbox 2246 2125 2418 2197; x_wconf 80' lang='grc' dir='ltr'>μέγας</span> <span class='ocrx_word' id='word_1_406' title='bbox 2462 2124 2518 2177; x_wconf 82' lang='grc' dir='ltr'>δὲ</span> <span class='ocrx_word' id='word_1_407' title='bbox 2573 2121 2871 2186; x_wconf 84' lang='grc' dir='ltr'><strong>ἀπόστολος</strong></span> <span class='ocrx_word' id='word_1_408' title='bbox 2918 2119 3129 2185; x_wconf 78' lang='grc' dir='ltr'>Παῦλος</span> <span class='ocrx_word' id='word_1_409' title='bbox 3149 2115 3256 2173; x_wconf 76' lang='grc' dir='ltr'>οἶδε</span> <span class='ocrx_word' id='word_1_410' title='bbox 3291 2121 3380 2174; x_wconf 79' lang='grc' dir='ltr'>τὸν</span> <span class='ocrx_word' id='word_1_411' title='bbox 3399 2119 3526 2172; x_wconf 88' lang='grc' dir='ltr'>Υίδν</span> <span class='ocrx_word' id='word_1_412' title='bbox 3552 2115 3647 2170; x_wconf 93' lang='grc' dir='ltr'><strong>τοῦ</strong></span> <span class='ocrx_word' id='word_1_413' title='bbox 3676 2113 3813 2168; x_wconf 86' lang='grc' dir='ltr'>Θεοῦ</span> 
     </span>
    </p>
   </div>
   <div class='ocr_carea' id='block_1_52' title="bbox 2246 2202 3816 2290">
    <p class='ocr_par' dir='ltr' id='par_1_52' title="bbox 2246 2202 3816 2290">
     <span class='ocr_line' id='line_1_52' title="bbox 2246 2202 3816 2290; baseline -0.007 -19"><span class='ocrx_word' id='word_1_414' title='bbox 2246 2218 2469 2290; x_wconf 80' lang='grc' dir='ltr'>μεσίτην</span> <span class='ocrx_word' id='word_1_415' title='bbox 2494 2215 2782 2285; x_wconf 86' lang='grc' dir='ltr'>γενόμενον</span> <span class='ocrx_word' id='word_1_416' title='bbox 2801 2213 2899 2284; x_wconf 81' lang='grc' dir='ltr'>τῆς</span> <span class='ocrx_word' id='word_1_417' title='bbox 2922 2212 3008 2266; x_wconf 86' lang='grc' dir='ltr'><strong>διά</strong></span> <span class='ocrx_word' id='word_1_418' title='bbox 3033 2212 3272 2276; x_wconf 79' lang='grc' dir='ltr'><strong>Μωσέως</strong></span> <span class='ocrx_word' id='word_1_419' title='bbox 3292 2210 3630 2281; x_wconf 81' lang='grc' dir='ltr'>νομοθεσίας,</span> <span class='ocrx_word' id='word_1_420' title='bbox 3654 2210 3711 2261; x_wconf 84' lang='grc' dir='ltr'>ὲν</span> <span class='ocrx_word' id='word_1_421' title='bbox 3732 2202 3816 2271; x_wconf 74' lang='grc' dir='ltr'>οἷς</span> 
     </span>
    </p>
   </div>
   <div class='ocr_carea' id='block_1_53' title="bbox 2241 2298 3816 2373">
    <p class='ocr_par' dir='ltr' id='par_1_53' title="bbox 2241 2298 3816 2373">
     <span class='ocr_line' id='line_1_53' title="bbox 2241 2298 3816 2373; baseline -0.006 -12"><span class='ocrx_word' id='word_1_422' title='bbox 2241 2308 2480 2362; x_wconf 83' lang='grc' dir='ltr'>διδάσκει</span> <span class='ocrx_word' id='word_1_423' title='bbox 2500 2303 2690 2373; x_wconf 84' lang='grc' dir='ltr'>λέγων,</span> <span class='ocrx_word' id='word_1_424' title='bbox 2727 2302 2790 2355; x_wconf 86' lang='lat'><strong>&#39;0</strong></span> <span class='ocrx_word' id='word_1_425' title='bbox 2821 2302 3002 2371; x_wconf 84' lang='grc' dir='ltr'>νόμος</span> <span class='ocrx_word' id='word_1_426' title='bbox 3028 2301 3322 2370; x_wconf 73' lang='grc' dir='ltr'>διαταγεὶς</span> <span class='ocrx_word' id='word_1_427' title='bbox 3349 2300 3422 2353; x_wconf 82' lang='grc' dir='ltr'>δι’</span> <span class='ocrx_word' id='word_1_428' title='bbox 3448 2300 3718 2370; x_wconf 75' lang='grc' dir='ltr'>ἀγγέλων</span> <span class='ocrx_word' id='word_1_429' title='bbox 3747 2298 3816 2351; x_wconf 80' lang='grc' dir='ltr'><strong>ἐν</strong></span> 
     </span>
    </p>
   </div>
   <div class='ocr_carea' id='block_1_54' title="bbox 2241 2388 3813 2470">
    <p class='ocr_par' dir='ltr' id='par_1_54' title="bbox 2241 2388 3813 2470">
     <span class='ocr_line' id='line_1_54' title="bbox 2241 2388 3813 2470; baseline -0.007 -19"><span class='ocrx_word' id='word_1_430' title='bbox 2241 2398 2390 2470; x_wconf 79' lang='grc' dir='ltr'>χειρί</span> <span class='ocrx_word' id='word_1_431' title='bbox 2436 2395 2684 2466; x_wconf 80' lang='grc' dir='ltr'>μεσίτου</span> <span class='ocrx_word' id='word_1_432' title='bbox 2701 2411 2715 2424; x_wconf 89' lang='grc'><strong>·</strong></span> <span class='ocrx_word' id='word_1_433' title='bbox 2743 2395 2776 2446; x_wconf 83' lang='grc' dir='ltr'><em>ὁ</em></span> <span class='ocrx_word' id='word_1_434' title='bbox 2804 2391 2872 2445; x_wconf 80' lang='grc' dir='ltr'>δὲ</span> <span class='ocrx_word' id='word_1_435' title='bbox 2894 2392 3144 2462; x_wconf 83' lang='grc' dir='ltr'>μεσίτης</span> <span class='ocrx_word' id='word_1_436' title='bbox 3173 2391 3310 2458; x_wconf 78' lang='grc' dir='ltr'><strong>ἐνὸς</strong></span> <span class='ocrx_word' id='word_1_437' title='bbox 3333 2393 3440 2445; x_wconf 84' lang='grc' dir='ltr'><strong>οὐκ</strong></span> <span class='ocrx_word' id='word_1_438' title='bbox 3479 2390 3652 2444; x_wconf 77' lang='grc' dir='ltr'>ἐστιν</span> <span class='ocrx_word' id='word_1_439' title='bbox 3675 2388 3813 2459; x_wconf 87' lang='grc'><strong>(18).</strong></span> 
     </span>
    </p>
   </div>
   <div class='ocr_carea' id='block_1_55' title="bbox 2241 2474 3819 2556">
    <p class='ocr_par' dir='ltr' id='par_1_55' title="bbox 2241 2474 3819 2556">
     <span class='ocr_line' id='line_1_55' title="bbox 2241 2474 3819 2556; baseline -0.008 -15"><span class='ocrx_word' id='word_1_440' title='bbox 2241 2486 2447 2542; x_wconf 77' lang='grc' dir='ltr'>Οὐκοῦν</span> <span class='ocrx_word' id='word_1_441' title='bbox 2476 2486 2505 2538; x_wconf 89' lang='lat'><strong>6</strong></span> <span class='ocrx_word' id='word_1_442' title='bbox 2546 2482 2892 2556; x_wconf 82' lang='grc' dir='ltr'>χρηματίσας</span> <span class='ocrx_word' id='word_1_443' title='bbox 2936 2480 3013 2553; x_wconf 82' lang='grc' dir='ltr'>τῷ</span> <span class='ocrx_word' id='word_1_444' title='bbox 3053 2483 3240 2535; x_wconf 83' lang='grc' dir='ltr'><strong>Μωσεί</strong></span> <span class='ocrx_word' id='word_1_445' title='bbox 3283 2482 3312 2534; x_wconf 90' lang='lat'><strong>6</strong></span> <span class='ocrx_word' id='word_1_446' title='bbox 3363 2479 3586 2551; x_wconf 81' lang='grc' dir='ltr'>μεσίτης</span> <span class='ocrx_word' id='word_1_447' title='bbox 3616 2474 3707 2549; x_wconf 78' lang='grc' dir='ltr'>ἦν,</span> <span class='ocrx_word' id='word_1_448' title='bbox 3753 2477 3819 2542; x_wconf 73' lang='grc' dir='ltr'><strong>ἐξ</strong></span> 
     </span>
    </p>
   </div>
   <div class='ocr_carea' id='block_1_56' title="bbox 2241 2568 3813 2647">
    <p class='ocr_par' dir='ltr' id='par_1_56' title="bbox 2241 2568 3813 2647">
     <span class='ocr_line' id='line_1_56' title="bbox 2241 2568 3813 2647; baseline -0.006 -16"><span class='ocrx_word' id='word_1_449' title='bbox 2241 2579 2446 2631; x_wconf 80' lang='grc' dir='ltr'>ἐκείνου</span> <span class='ocrx_word' id='word_1_450' title='bbox 2469 2575 2766 2647; x_wconf 86' lang='grc' dir='ltr'>μεσιτεύων</span> <span class='ocrx_word' id='word_1_451' title='bbox 2792 2577 2859 2645; x_wconf 80' lang='grc' dir='ltr'>τῇ</span> <span class='ocrx_word' id='word_1_452' title='bbox 2881 2573 2988 2625; x_wconf 85' lang='grc' dir='ltr'>τῶν</span> <span class='ocrx_word' id='word_1_453' title='bbox 3016 2570 3314 2644; x_wconf 82' lang='grc' dir='ltr'>ἀνθρώπων</span> <span class='ocrx_word' id='word_1_454' title='bbox 3343 2570 3603 2642; x_wconf 80' lang='grc' dir='ltr'>σωτηρίᾳ,</span> <span class='ocrx_word' id='word_1_455' title='bbox 3628 2570 3757 2640; x_wconf 67' lang='grc' dir='ltr'><strong>πριν</strong></span> <span class='ocrx_word' id='word_1_456' title='bbox 3773 2568 3813 2641; x_wconf 74' lang='grc' dir='ltr'><strong>ἢ</strong></span> 
     </span>
    </p>
   </div>
   <div class='ocr_carea' id='block_1_57' title="bbox 2238 2655 3811 2742">
    <p class='ocr_par' dir='ltr' id='par_1_57' title="bbox 2238 2655 3811 2742">
     <span class='ocr_line' id='line_1_57' title="bbox 2238 2655 3811 2742; baseline -0.006 -20"><span class='ocrx_word' id='word_1_457' title='bbox 2238 2669 2335 2740; x_wconf 87' lang='grc' dir='ltr'><strong>τὴν</strong></span> <span class='ocrx_word' id='word_1_458' title='bbox 2365 2670 2541 2742; x_wconf 74' lang='grc' dir='ltr'>σάρκα</span> <span class='ocrx_word' id='word_1_459' title='bbox 2569 2666 2877 2721; x_wconf 84' lang='grc' dir='ltr'>ἀναλαϐεῖν.</span> <span class='ocrx_word' id='word_1_460' title='bbox 2903 2663 3102 2717; x_wconf 88' lang='grc' dir='ltr'>Τοῦτον</span> <span class='ocrx_word' id='word_1_461' title='bbox 3121 2663 3177 2716; x_wconf 77' lang='grc' dir='ltr'>δὲ</span> <span class='ocrx_word' id='word_1_462' title='bbox 3193 2658 3333 2716; x_wconf 78' lang='grc' dir='ltr'>εἶναι</span> <span class='ocrx_word' id='word_1_463' title='bbox 3360 2655 3563 2732; x_wconf 79' lang='grc' dir='ltr'>Ἰησοῦν</span> <span class='ocrx_word' id='word_1_464' title='bbox 3576 2659 3811 2731; x_wconf 79' lang='grc' dir='ltr'>Χριστὸν</span> 
     </span>
    </p>
   </div>
   <div class='ocr_carea' id='block_1_58' title="bbox 2237 2746 3808 2829">
    <p class='ocr_par' dir='ltr' id='par_1_58' title="bbox 2237 2746 3808 2829">
     <span class='ocr_line' id='line_1_58' title="bbox 2237 2746 3808 2829; baseline -0.008 -14"><span class='ocrx_word' id='word_1_465' title='bbox 2237 2764 2265 2815; x_wconf 97' lang='lat'><strong>6</strong></span> <span class='ocrx_word' id='word_1_466' title='bbox 2293 2761 2452 2824; x_wconf 77' lang='grc' dir='ltr'>αὐτὸς</span> <span class='ocrx_word' id='word_1_467' title='bbox 2493 2758 2810 2822; x_wconf 87' lang='grc' dir='ltr'>Ἀπόστολος</span> <span class='ocrx_word' id='word_1_468' title='bbox 2839 2757 3145 2829; x_wconf 84' lang='grc' dir='ltr'>παρέστησε</span> <span class='ocrx_word' id='word_1_469' title='bbox 3161 2755 3358 2826; x_wconf 83' lang='grc' dir='ltr'>φήσας,</span> <span class='ocrx_word' id='word_1_470' title='bbox 3401 2748 3507 2819; x_wconf 83' lang='grc' dir='ltr'><strong>Εἷς</strong></span> <span class='ocrx_word' id='word_1_471' title='bbox 3536 2751 3694 2817; x_wconf 86' lang='grc' dir='ltr'>Θεὸς,</span> <span class='ocrx_word' id='word_1_472' title='bbox 3716 2746 3808 2817; x_wconf 75' lang='grc' dir='ltr'>εἷς</span> 
     </span>
    </p>
   </div>
   <div class='ocr_carea' id='block_1_59' title="bbox 2238 2842 3809 2922">
    <p class='ocr_par' dir='ltr' id='par_1_59' title="bbox 2238 2842 3809 2922">
     <span class='ocr_line' id='line_1_59' title="bbox 2238 2842 3809 2922; baseline -0.006 -16"><span class='ocrx_word' id='word_1_473' title='bbox 2238 2853 2336 2907; x_wconf 80' lang='grc' dir='ltr'><strong>καί</strong></span> <span class='ocrx_word' id='word_1_474' title='bbox 2350 2852 2603 2922; x_wconf 84' lang='grc' dir='ltr'>μεσίτης</span> <span class='ocrx_word' id='word_1_475' title='bbox 2624 2850 2771 2905; x_wconf 85' lang='grc' dir='ltr'>Θεοῦ</span> <span class='ocrx_word' id='word_1_476' title='bbox 2795 2850 2891 2904; x_wconf 80' lang='grc' dir='ltr'><strong>καί</strong></span> <span class='ocrx_word' id='word_1_477' title='bbox 2906 2846 3245 2916; x_wconf 79' lang='grc' dir='ltr'>ἀνθρώπων,</span> <span class='ocrx_word' id='word_1_478' title='bbox 3259 2846 3566 2915; x_wconf 71' lang='grc' dir='ltr'>ἄνθρωπος</span> <span class='ocrx_word' id='word_1_479' title='bbox 3578 2842 3809 2911; x_wconf 86' lang='grc' dir='ltr'>Ἰησοῦς</span> 
     </span>
    </p>
   </div>
   <div class='ocr_carea' id='block_1_60' title="bbox 2236 2934 3808 3011">
    <p class='ocr_par' dir='ltr' id='par_1_60' title="bbox 2236 2934 3808 3011">
     <span class='ocr_line' id='line_1_60' title="bbox 2236 2934 3808 3011; baseline -0.006 -15"><span class='ocrx_word' id='word_1_480' title='bbox 2236 2943 2505 3011; x_wconf 84' lang='grc' dir='ltr'>Χριστός.</span> <span class='ocrx_word' id='word_1_481' title='bbox 2531 2941 2645 2994; x_wconf 76' lang='grc' dir='ltr'><strong>Εἶτ’</strong></span> <span class='ocrx_word' id='word_1_482' title='bbox 2694 2936 2787 2994; x_wconf 85' lang='grc' dir='ltr'><strong>οὖν</strong></span> <span class='ocrx_word' id='word_1_483' title='bbox 2841 2940 2898 3006; x_wconf 80' lang='grc' dir='ltr'><strong>ἐξ</strong></span> <span class='ocrx_word' id='word_1_484' title='bbox 2945 2937 3106 2993; x_wconf 81' lang='grc' dir='ltr'>αὐτοῦ</span> <span class='ocrx_word' id='word_1_485' title='bbox 3137 2935 3426 3010; x_wconf 83' lang='grc' dir='ltr'>προσώπου</span> <span class='ocrx_word' id='word_1_486' title='bbox 3463 2934 3671 3002; x_wconf 83' lang='grc' dir='ltr'>λέγοιτο</span> <span class='ocrx_word' id='word_1_487' title='bbox 3705 2950 3808 2988; x_wconf 87' lang='grc' dir='ltr'>πα-</span> 
     </span>
    </p>
   </div>
   <div class='ocr_carea' id='block_1_61' title="bbox 2238 3021 3803 3106">
    <p class='ocr_par' dir='ltr' id='par_1_61' title="bbox 2238 3021 3803 3106">
     <span class='ocr_line' id='line_1_61' title="bbox 2238 3021 3803 3106; baseline -0.004 -18"><span class='ocrx_word' id='word_1_488' title='bbox 2238 3034 2307 3106; x_wconf 78' lang='grc' dir='ltr'><strong>ρὰ</strong></span> <span class='ocrx_word' id='word_1_489' title='bbox 2327 3035 2530 3097; x_wconf 84' lang='grc' dir='ltr'>Μωσεῑ,</span> <span class='ocrx_word' id='word_1_490' title='bbox 2553 3032 2613 3085; x_wconf 85' lang='grc' dir='ltr'><strong>τὸ</strong></span> <span class='ocrx_word' id='word_1_491' title='bbox 2653 3030 2796 3100; x_wconf 73' lang='grc' dir='ltr'>Ἐγώ</span> <span class='ocrx_word' id='word_1_492' title='bbox 2830 3034 2945 3100; x_wconf 79' lang='grc' dir='ltr'>ειμι</span> <span class='ocrx_word' id='word_1_493' title='bbox 2981 3034 3014 3085; x_wconf 86' lang='grc' dir='ltr'><strong>ό</strong></span> <span class='ocrx_word' id='word_1_494' title='bbox 3048 3028 3154 3097; x_wconf 83' lang='grc' dir='ltr'><strong>ὢν,</strong></span> <span class='ocrx_word' id='word_1_495' title='bbox 3180 3029 3279 3082; x_wconf 79' lang='grc' dir='ltr'>εἷθ’</span> <span class='ocrx_word' id='word_1_496' title='bbox 3306 3028 3336 3080; x_wconf 78' lang='grc' dir='ltr'>ὁ</span> <span class='ocrx_word' id='word_1_497' title='bbox 3364 3024 3554 3098; x_wconf 85' lang='grc' dir='ltr'>Πατὴρ</span> <span class='ocrx_word' id='word_1_498' title='bbox 3574 3021 3662 3097; x_wconf 78' lang='grc' dir='ltr'>ἦν,</span> <span class='ocrx_word' id='word_1_499' title='bbox 3690 3028 3719 3080; x_wconf 82' lang='lat'><strong>6</strong></span> <span class='ocrx_word' id='word_1_500' title='bbox 3739 3026 3803 3081; x_wconf 84' lang='grc' dir='ltr'>δι’</span> 
     </span>
    </p>
   </div>
   <div class='ocr_carea' id='block_1_62' title="bbox 2236 3118 3865 3194">
    <p class='ocr_par' dir='ltr' id='par_1_62' title="bbox 2236 3118 3865 3194">
     <span class='ocr_line' id='line_1_62' title="bbox 2236 3118 3865 3194; baseline -0.002 -18"><span class='ocrx_word' id='word_1_501' title='bbox 2236 3123 2398 3177; x_wconf 76' lang='grc' dir='ltr'>αὑτοῦ</span> <span class='ocrx_word' id='word_1_502' title='bbox 2426 3122 2626 3194; x_wconf 86' lang='grc' dir='ltr'>ταύτην</span> <span class='ocrx_word' id='word_1_503' title='bbox 2655 3122 2974 3193; x_wconf 79' lang='grc' dir='ltr'>προϊέμενος</span> <span class='ocrx_word' id='word_1_504' title='bbox 3004 3121 3104 3192; x_wconf 83' lang='grc' dir='ltr'><strong>τὴν</strong></span> <span class='ocrx_word' id='word_1_505' title='bbox 3136 3118 3335 3190; x_wconf 81' lang='grc' dir='ltr'>φωνὴν,</span> <span class='ocrx_word' id='word_1_506' title='bbox 3372 3121 3649 3191; x_wconf 80' lang='grc' dir='ltr'>ἑκατέρως</span> <span class='ocrx_word' id='word_1_507' title='bbox 3678 3118 3802 3189; x_wconf 87' lang='grc' dir='ltr'>ἀλη-</span> <span class='ocrx_word' id='word_1_508' title='bbox 3854 3142 3865 3153; x_wconf 78' lang='grc' dir='ltr'><strong><em>ο</em></strong></span> 
     </span>
    </p>
   </div>
   <div class='ocr_carea' id='block_1_63' title="bbox 581 3177 2140 3283">
    <p class='ocr_par' dir='ltr' id='par_1_63' title="bbox 581 3177 2135 3252">
     <span class='ocr_line' id='line_1_63' title="bbox 581 3177 2135 3252; baseline 0.004 -22"><span class='ocrx_word' id='word_1_509' title='bbox 581 3177 799 3232; x_wconf 89' lang='lat' dir='ltr'><strong>modum</strong></span> <span class='ocrx_word' id='word_1_510' title='bbox 830 3177 947 3247; x_wconf 90' lang='lat' dir='ltr'><strong>ipse</strong></span> <span class='ocrx_word' id='word_1_511' title='bbox 969 3187 1137 3245; x_wconf 89' lang='lat' dir='ltr'><strong>retur,</strong></span> <span class='ocrx_word' id='word_1_512' title='bbox 1173 3178 1483 3250; x_wconf 80' lang='lat' dir='ltr'><strong>syllogismo</strong></span> <span class='ocrx_word' id='word_1_513' title='bbox 1522 3181 1610 3234; x_wconf 91' lang='lat' dir='ltr'><strong>ubi</strong></span> <span class='ocrx_word' id='word_1_514' title='bbox 1643 3180 1831 3235; x_wconf 89' lang='lat' dir='ltr'><strong>scribit</strong></span> <span class='ocrx_word' id='word_1_515' title='bbox 1864 3180 1953 3252; x_wconf 72' lang='grc'><strong>[11.</strong></span> <span class='ocrx_word' id='word_1_516' title='bbox 1978 3179 2135 3237; x_wconf 85' lang='lat' dir='ltr'>LVIII</span> 
     </span>
    </p>
   </div>
   <div class='ocr_carea' id='block_1_64' title="bbox 2239 3177 3797 3283">
    <p class='ocr_par' dir='ltr' id='par_1_64' title="bbox 2243 3177 3797 3283">
     <span class='ocr_line' id='line_1_64' title="bbox 2243 3177 3797 3283; baseline -0.003 -16"><span class='ocrx_word' id='word_1_517' title='bbox 2243 3214 2387 3267; x_wconf 86' lang='grc' dir='ltr'>θεύοι</span> <span class='ocrx_word' id='word_1_518' title='bbox 2438 3213 2504 3267; x_wconf 81' lang='grc' dir='ltr'><strong>ἂν</strong></span> <span class='ocrx_word' id='word_1_519' title='bbox 2539 3177 2777 3280; x_wconf 64' lang='grc' dir='ltr'><strong>δ’λόγός.</strong></span> <span class='ocrx_word' id='word_1_520' title='bbox 2816 3177 2923 3283; x_wconf 78' lang='grc' dir='ltr'><strong>’Μὴ</strong></span> <span class='ocrx_word' id='word_1_521' title='bbox 2954 3177 3027 3282; x_wconf 74' lang='grc' dir='ltr'><strong>’δὴ</strong></span> <span class='ocrx_word' id='word_1_522' title='bbox 3059 3177 3158 3264; x_wconf 61' lang='lat' dir='ltr'><strong>&#39;otv&#39;</strong></span> <span class='ocrx_word' id='word_1_523' title='bbox 3190 3177 3465 3279; x_wconf 75' lang='grc' dir='ltr'>ἀπορείτω</span> <span class='ocrx_word' id='word_1_524' title='bbox 3494 3177 3797 3283; x_wconf 46' lang='lat' dir='ltr'><strong>uspiam}</strong></span> 
     </span>
    </p>
   </div>
   <div class='ocr_carea' id='block_1_65' title="bbox 580 3268 2139 3342">
    <p class='ocr_par' dir='ltr' id='par_1_65' title="bbox 580 3268 2139 3342">
     <span class='ocr_line' id='line_1_65' title="bbox 580 3268 2139 3342; baseline 0.004 -19"><span class='ocrx_word' id='word_1_525' title='bbox 580 3268 705 3325; x_wconf 86' lang='lat' dir='ltr'><strong>coll.</strong></span> <span class='ocrx_word' id='word_1_526' title='bbox 734 3286 787 3341; x_wconf 90' lang='lat' dir='ltr'><strong>p.</strong></span> <span class='ocrx_word' id='word_1_527' title='bbox 822 3270 926 3325; x_wconf 80' lang='grc'><strong>150</strong></span> <span class='ocrx_word' id='word_1_528' title='bbox 950 3269 1015 3342; x_wconf 89' lang='lat' dir='ltr'><strong>D]</strong></span> <span class='ocrx_word' id='word_1_529' title='bbox 1046 3288 1059 3324; x_wconf 89' lang='lat'>:</span> <span class='ocrx_word' id='word_1_530' title='bbox 1094 3270 1419 3338; x_wconf 68' lang='lat' dir='ltr'><strong>«Quemnam</strong></span> <span class='ocrx_word' id='word_1_531' title='bbox 1440 3270 1551 3339; x_wconf 84' lang='lat' dir='ltr'><strong>jam</strong></span> <span class='ocrx_word' id='word_1_532' title='bbox 1565 3272 1841 3326; x_wconf 82' lang='lat' dir='ltr'><strong>existimat</strong></span> <span class='ocrx_word' id='word_1_533' title='bbox 1867 3287 1987 3329; x_wconf 85' lang='lat' dir='ltr'><strong>esse</strong></span> <span class='ocrx_word' id='word_1_534' title='bbox 2016 3290 2139 3330; x_wconf 89' lang='lat' dir='ltr'><strong>eum</strong></span> 
     </span>
    </p>
   </div>
   <div class='ocr_carea' id='block_1_66' title="bbox 584 3360 2140 3432">
    <p class='ocr_par' dir='ltr' id='par_1_66' title="bbox 584 3360 2140 3432">
     <span class='ocr_line' id='line_1_66' title="bbox 584 3360 2140 3432; baseline 0.004 -19"><span class='ocrx_word' id='word_1_535' title='bbox 584 3378 605 3413; x_wconf 85' lang='lat' dir='ltr'><strong>s</strong></span> <span class='ocrx_word' id='word_1_536' title='bbox 641 3360 906 3426; x_wconf 83' lang='lat' dir='ltr'><strong>Asterius,</strong></span> <span class='ocrx_word' id='word_1_537' title='bbox 934 3362 1027 3431; x_wconf 90' lang='lat' dir='ltr'><strong>qui</strong></span> <span class='ocrx_word' id='word_1_538' title='bbox 1047 3361 1202 3425; x_wconf 84' lang='lat' dir='ltr'><strong>dixit,</strong></span> <span class='ocrx_word' id='word_1_539' title='bbox 1231 3361 1342 3431; x_wconf 85' lang='lat' dir='ltr'><strong>Ego</strong></span> <span class='ocrx_word' id='word_1_540' title='bbox 1370 3379 1485 3417; x_wconf 89' lang='lat' dir='ltr'><strong>sum</strong></span> <span class='ocrx_word' id='word_1_541' title='bbox 1513 3364 1539 3418; x_wconf 74' lang='lat'><strong>.9</strong></span> <span class='ocrx_word' id='word_1_542' title='bbox 1582 3363 1852 3421; x_wconf 86' lang='lat' dir='ltr'><strong>Filiumne</strong></span> <span class='ocrx_word' id='word_1_543' title='bbox 1874 3407 1890 3432; x_wconf 96' lang='lat'><strong>,</strong></span> <span class='ocrx_word' id='word_1_544' title='bbox 1940 3382 2006 3422; x_wconf 91' lang='lat' dir='ltr'><strong>an</strong></span> <span class='ocrx_word' id='word_1_545' title='bbox 2037 3365 2140 3421; x_wconf 83' lang='lat' dir='ltr'><strong>Pa-</strong></span> 
     </span>
    </p>
   </div>
   <div class='ocr_carea' id='block_1_67' title="bbox 583 3453 2139 3526">
    <p class='ocr_par' dir='ltr' id='par_1_67' title="bbox 583 3453 2139 3526">
     <span class='ocr_line' id='line_1_67' title="bbox 583 3453 2139 3526; baseline 0.006 -22"><span class='ocrx_word' id='word_1_546' title='bbox 583 3470 603 3504; x_wconf 83' lang='lat' dir='ltr'><strong>s</strong></span> <span class='ocrx_word' id='word_1_547' title='bbox 643 3454 830 3508; x_wconf 81' lang='lat' dir='ltr'><strong>trem?</strong></span> <span class='ocrx_word' id='word_1_548' title='bbox 880 3453 1121 3509; x_wconf 78' lang='lat' dir='ltr'><strong>inferens</strong></span> <span class='ocrx_word' id='word_1_549' title='bbox 1155 3453 1347 3509; x_wconf 90' lang='lat' dir='ltr'><strong>deinde</strong></span> <span class='ocrx_word' id='word_1_550' title='bbox 1392 3471 1407 3508; x_wconf 89' lang='lat'><strong>:</strong></span> <span class='ocrx_word' id='word_1_551' title='bbox 1464 3455 1521 3511; x_wconf 92' lang='lat' dir='ltr'><strong>Si</strong></span> <span class='ocrx_word' id='word_1_552' title='bbox 1562 3456 1780 3526; x_wconf 90' lang='lat' dir='ltr'><strong>quidem</strong></span> <span class='ocrx_word' id='word_1_553' title='bbox 1823 3456 1985 3514; x_wconf 85' lang='lat' dir='ltr'><strong>Pater</strong></span> <span class='ocrx_word' id='word_1_554' title='bbox 2020 3468 2139 3514; x_wconf 87' lang='lat' dir='ltr'><strong>erat</strong></span> 
     </span>
    </p>
   </div>
   <div class='ocr_carea' id='block_1_68' title="bbox 584 3543 2140 3614">
    <p class='ocr_par' dir='ltr' id='par_1_68' title="bbox 584 3543 2140 3614">
     <span class='ocr_line' id='line_1_68' title="bbox 584 3543 2140 3614; baseline 0.006 -19"><span class='ocrx_word' id='word_1_555' title='bbox 584 3562 605 3595; x_wconf 84' lang='lat' dir='ltr'><strong>s</strong></span> <span class='ocrx_word' id='word_1_556' title='bbox 641 3543 728 3613; x_wconf 91' lang='lat' dir='ltr'><strong>qui</strong></span> <span class='ocrx_word' id='word_1_557' title='bbox 758 3544 839 3599; x_wconf 86' lang='lat' dir='ltr'><strong>sic</strong></span> <span class='ocrx_word' id='word_1_558' title='bbox 866 3544 1161 3614; x_wconf 87' lang='lat' dir='ltr'><strong>inquiebat,</strong></span> <span class='ocrx_word' id='word_1_559' title='bbox 1194 3547 1307 3614; x_wconf 89' lang='lat' dir='ltr'><strong>Ego</strong></span> <span class='ocrx_word' id='word_1_560' title='bbox 1334 3562 1486 3611; x_wconf 89' lang='lat' dir='ltr'><strong>sum,</strong></span> <span class='ocrx_word' id='word_1_561' title='bbox 1540 3557 1650 3601; x_wconf 91' lang='lat' dir='ltr'><strong>tum</strong></span> <span class='ocrx_word' id='word_1_562' title='bbox 1702 3563 1806 3602; x_wconf 89' lang='lat' dir='ltr'><strong>non</strong></span> <span class='ocrx_word' id='word_1_563' title='bbox 1843 3558 1927 3604; x_wconf 89' lang='lat' dir='ltr'><strong>est</strong></span> <span class='ocrx_word' id='word_1_564' title='bbox 1971 3550 2140 3605; x_wconf 89' lang='lat' dir='ltr'><strong>Filius</strong></span> 
     </span>
    </p>
   </div>
   <div class='ocr_carea' id='block_1_69' title="bbox 583 3634 2140 3706">
    <p class='ocr_par' dir='ltr' id='par_1_69' title="bbox 583 3634 2140 3706">
     <span class='ocr_line' id='line_1_69' title="bbox 583 3634 2140 3706; baseline 0.006 -18"><span class='ocrx_word' id='word_1_565' title='bbox 583 3654 604 3688; x_wconf 83' lang='lat' dir='ltr'><strong>s</strong></span> <span class='ocrx_word' id='word_1_566' title='bbox 649 3636 807 3700; x_wconf 85' lang='lat' dir='ltr'><strong>Deus,</strong></span> <span class='ocrx_word' id='word_1_567' title='bbox 843 3635 985 3705; x_wconf 90' lang='lat' dir='ltr'><strong>quod</strong></span> <span class='ocrx_word' id='word_1_568' title='bbox 1017 3649 1082 3690; x_wconf 83' lang='lat' dir='ltr'><strong>ex</strong></span> <span class='ocrx_word' id='word_1_569' title='bbox 1111 3637 1357 3706; x_wconf 78' lang='lat' dir='ltr'><strong>apposito</strong></span> <span class='ocrx_word' id='word_1_570' title='bbox 1379 3674 1395 3701; x_wconf 94' lang='lat'><strong>,</strong></span> <span class='ocrx_word' id='word_1_571' title='bbox 1424 3634 1546 3692; x_wconf 86' lang='lat' dir='ltr'><strong>Non</strong></span> <span class='ocrx_word' id='word_1_572' title='bbox 1574 3640 1868 3693; x_wconf 68' lang='lat' dir='ltr'><strong>exsistentis</strong></span> <span class='ocrx_word' id='word_1_573' title='bbox 1893 3680 1910 3705; x_wconf 98' lang='lat'><strong>,</strong></span> <span class='ocrx_word' id='word_1_574' title='bbox 1969 3642 2037 3696; x_wconf 88' lang='lat' dir='ltr'><strong>de</strong></span> <span class='ocrx_word' id='word_1_575' title='bbox 2080 3655 2140 3696; x_wconf 88' lang='lat' dir='ltr'><strong>se</strong></span> 
     </span>
    </p>
   </div>
   <div class='ocr_carea' id='block_1_70' title="bbox 585 3725 2136 3800">
    <p class='ocr_par' dir='ltr' id='par_1_70' title="bbox 585 3725 2136 3800">
     <span class='ocr_line' id='line_1_70' title="bbox 585 3725 2136 3800; baseline 0.005 -22"><span class='ocrx_word' id='word_1_576' title='bbox 585 3745 604 3778; x_wconf 85' lang='lat' dir='ltr'><strong>s</strong></span> <span class='ocrx_word' id='word_1_577' title='bbox 644 3728 798 3794; x_wconf 83' lang='lat' dir='ltr'><strong>dixit,</strong></span> <span class='ocrx_word' id='word_1_578' title='bbox 836 3725 947 3797; x_wconf 83' lang='lat' dir='ltr'><strong>Ego</strong></span> <span class='ocrx_word' id='word_1_579' title='bbox 973 3744 1112 3782; x_wconf 87' lang='lat' dir='ltr'><strong>sum.</strong></span> <span class='ocrx_word' id='word_1_580' title='bbox 1162 3727 1219 3781; x_wconf 83' lang='lat' dir='ltr'><strong>Si</strong></span> <span class='ocrx_word' id='word_1_581' title='bbox 1269 3727 1464 3783; x_wconf 83' lang='lat' dir='ltr'><strong>Filium</strong></span> <span class='ocrx_word' id='word_1_582' title='bbox 1496 3729 1771 3800; x_wconf 83' lang='lat' dir='ltr'><strong>hypostasi</strong></span> <span class='ocrx_word' id='word_1_583' title='bbox 1803 3730 2136 3788; x_wconf 86' lang='lat' dir='ltr'><strong>diﬂ‘erentem</strong></span> 
     </span>
    </p>
   </div>
   <div class='ocr_carea' id='block_1_71' title="bbox 584 3821 2139 3893">
    <p class='ocr_par' dir='ltr' id='par_1_71' title="bbox 584 3821 2139 3893">
     <span class='ocr_line' id='line_1_71' title="bbox 584 3821 2139 3893; baseline 0.001 -15"><span class='ocrx_word' id='word_1_584' title='bbox 584 3838 604 3872; x_wconf 74' lang='grc' dir='ltr'>ι</span> <span class='ocrx_word' id='word_1_585' title='bbox 643 3825 743 3878; x_wconf 83' lang='lat' dir='ltr'><strong>hoc</strong></span> <span class='ocrx_word' id='word_1_586' title='bbox 767 3825 939 3892; x_wconf 89' lang='lat' dir='ltr'><strong>ipsum</strong></span> <span class='ocrx_word' id='word_1_587' title='bbox 960 3823 1248 3893; x_wconf 87' lang='lat' dir='ltr'><strong>protulisse</strong></span> <span class='ocrx_word' id='word_1_588' title='bbox 1275 3823 1439 3888; x_wconf 84' lang='lat' dir='ltr'><strong>dicat,</strong></span> <span class='ocrx_word' id='word_1_589' title='bbox 1473 3821 1586 3893; x_wconf 86' lang='lat' dir='ltr'><strong>Ego</strong></span> <span class='ocrx_word' id='word_1_590' title='bbox 1616 3839 1757 3889; x_wconf 87' lang='lat' dir='ltr'><strong>sum,</strong></span> <span class='ocrx_word' id='word_1_591' title='bbox 1789 3824 1929 3879; x_wconf 90' lang='lat' dir='ltr'><strong>idem</strong></span> <span class='ocrx_word' id='word_1_592' title='bbox 1951 3838 2139 3879; x_wconf 90' lang='lat' dir='ltr'><strong>rursus</strong></span> 
     </span>
    </p>
   </div>
   <div class='ocr_carea' id='block_1_72' title="bbox 582 3917 2135 3988">
    <p class='ocr_par' dir='ltr' id='par_1_72' title="bbox 582 3917 2135 3988">
     <span class='ocr_line' id='line_1_72' title="bbox 582 3917 2135 3988; baseline 0.005 -19"><span class='ocrx_word' id='word_1_593' title='bbox 582 3935 601 3969; x_wconf 76' lang='grc' dir='ltr'>ι</span> <span class='ocrx_word' id='word_1_594' title='bbox 643 3917 713 3974; x_wconf 82' lang='grc' dir='ltr'><strong>(1ο</strong></span> <span class='ocrx_word' id='word_1_595' title='bbox 770 3918 933 3977; x_wconf 79' lang='lat' dir='ltr'><strong>Patre</strong></span> <span class='ocrx_word' id='word_1_596' title='bbox 999 3934 1293 3988; x_wconf 82' lang='lat' dir='ltr'><strong>usurpasse</strong></span> <span class='ocrx_word' id='word_1_597' title='bbox 1368 3920 1791 3977; x_wconf 80' lang='lat' dir='ltr'><strong>existimabitur.</strong></span> <span class='ocrx_word' id='word_1_598' title='bbox 1851 3939 1871 3973; x_wconf 82' lang='grc' dir='ltr'>ι</span> <span class='ocrx_word' id='word_1_599' title='bbox 1933 3920 2135 3976; x_wconf 83' lang='lat' dir='ltr'><strong>Horum</strong></span> 
     </span>
    </p>
   </div>
   <div class='ocr_carea' id='block_1_73' title="bbox 579 4010 2137 4081">
    <p class='ocr_par' dir='ltr' id='par_1_73' title="bbox 579 4010 2137 4081">
     <span class='ocr_line' id='line_1_73' title="bbox 579 4010 2137 4081; baseline 0.003 -18"><span class='ocrx_word' id='word_1_600' title='bbox 579 4010 894 4065; x_wconf 87' lang='lat' dir='ltr'><strong>utrumlibet</strong></span> <span class='ocrx_word' id='word_1_601' title='bbox 925 4010 1073 4064; x_wconf 82' lang='lat' dir='ltr'><strong>dicat</strong></span> <span class='ocrx_word' id='word_1_602' title='bbox 1094 4011 1316 4081; x_wconf 86' lang='lat' dir='ltr'><strong>impium</strong></span> <span class='ocrx_word' id='word_1_603' title='bbox 1343 4021 1429 4065; x_wconf 86' lang='lat' dir='ltr'><strong>est</strong></span> <span class='ocrx_word' id='word_1_604' title='bbox 1461 4030 1475 4066; x_wconf 89' lang='lat'><strong>:</strong></span> <span class='ocrx_word' id='word_1_605' title='bbox 1509 4023 1561 4067; x_wconf 88' lang='lat' dir='ltr'><strong>et</strong></span> <span class='ocrx_word' id='word_1_606' title='bbox 1598 4021 1779 4066; x_wconf 89' lang='lat' dir='ltr'><strong>tamen</strong></span> <span class='ocrx_word' id='word_1_607' title='bbox 1811 4011 1926 4067; x_wconf 72' lang='lat' dir='ltr'><strong>[nec</strong></span> <span class='ocrx_word' id='word_1_608' title='bbox 1955 4013 2025 4067; x_wconf 89' lang='lat' dir='ltr'><strong>ita</strong></span> <span class='ocrx_word' id='word_1_609' title='bbox 2047 4013 2137 4068; x_wconf 87' lang='lat' dir='ltr'><strong>ubi</strong></span> 
     </span>
    </p>
   </div>
   <div class='ocr_carea' id='block_1_74' title="bbox 578 4101 2133 4174">
    <p class='ocr_par' dir='ltr' id='par_1_74' title="bbox 578 4101 2133 4174">
     <span class='ocr_line' id='line_1_74' title="bbox 578 4101 2133 4174; baseline 0.005 -21"><span class='ocrx_word' id='word_1_610' title='bbox 578 4109 880 4165; x_wconf 84' lang='lat' dir='ltr'><strong>statuerat,</strong></span> <span class='ocrx_word' id='word_1_611' title='bbox 931 4101 1248 4156; x_wconf 87' lang='lat' dir='ltr'><strong>alterutrum</strong></span> <span class='ocrx_word' id='word_1_612' title='bbox 1300 4103 1416 4172; x_wconf 87' lang='lat' dir='ltr'><strong>ipse</strong></span> <span class='ocrx_word' id='word_1_613' title='bbox 1475 4104 1527 4158; x_wconf 93' lang='lat' dir='ltr'><strong>in</strong></span> <span class='ocrx_word' id='word_1_614' title='bbox 1580 4105 1868 4159; x_wconf 85' lang='lat' dir='ltr'><strong>absurdum</strong></span> <span class='ocrx_word' id='word_1_615' title='bbox 1925 4106 2133 4174; x_wconf 88' lang='lat' dir='ltr'><strong>incidit,</strong></span> 
     </span>
    </p>
   </div>
   <div class='ocr_carea' id='block_1_75' title="bbox 577 4192 2139 4267">
    <p class='ocr_par' dir='ltr' id='par_1_75' title="bbox 577 4192 2139 4267">
     <span class='ocr_line' id='line_1_75' title="bbox 577 4192 2139 4267; baseline 0.005 -23"><span class='ocrx_word' id='word_1_616' title='bbox 577 4204 746 4244; x_wconf 88' lang='lat' dir='ltr'><strong>unum</strong></span> <span class='ocrx_word' id='word_1_617' title='bbox 790 4192 915 4247; x_wconf 87' lang='lat' dir='ltr'><strong>dum</strong></span> <span class='ocrx_word' id='word_1_618' title='bbox 939 4194 1128 4247; x_wconf 84' lang='lat' dir='ltr'><strong>statuit</strong></span> <span class='ocrx_word' id='word_1_619' title='bbox 1159 4208 1280 4250; x_wconf 89' lang='lat' dir='ltr'><strong>esse</strong></span> <span class='ocrx_word' id='word_1_620' title='bbox 1307 4210 1431 4249; x_wconf 87' lang='lat' dir='ltr'><strong>eutn</strong></span> <span class='ocrx_word' id='word_1_621' title='bbox 1486 4195 1590 4261; x_wconf 84' lang='lat' dir='ltr'><strong>Qui</strong></span> <span class='ocrx_word' id='word_1_622' title='bbox 1618 4205 1721 4262; x_wconf 84' lang='lat' dir='ltr'><strong>est,</strong></span> <span class='ocrx_word' id='word_1_623' title='bbox 1757 4195 1985 4252; x_wconf 87' lang='lat' dir='ltr'><strong>alterum</strong></span> <span class='ocrx_word' id='word_1_624' title='bbox 2024 4212 2139 4267; x_wconf 59' lang='lat' dir='ltr'><strong>per.</strong></span> 
     </span>
    </p>
   </div>
   <div class='ocr_carea' id='block_1_76' title="bbox 577 4283 2134 4358">
    <p class='ocr_par' dir='ltr' id='par_1_76' title="bbox 577 4283 2134 4358">
     <span class='ocr_line' id='line_1_76' title="bbox 577 4283 2134 4358; baseline 0.004 -20"><span class='ocrx_word' id='word_1_625' title='bbox 577 4297 802 4354; x_wconf 86' lang='lat' dir='ltr'><strong>negans.</strong></span> <span class='ocrx_word' id='word_1_626' title='bbox 829 4283 997 4351; x_wconf 83' lang='lat' dir='ltr'><strong>Quem</strong></span> <span class='ocrx_word' id='word_1_627' title='bbox 1039 4300 1168 4342; x_wconf 83' lang='lat' dir='ltr'><strong>vero</strong></span> <span class='ocrx_word' id='word_1_628' title='bbox 1215 4288 1474 4341; x_wconf 86' lang='lat' dir='ltr'><strong>tandem?</strong></span> <span class='ocrx_word' id='word_1_629' title='bbox 1528 4287 1670 4343; x_wconf 77' lang='lat' dir='ltr'><strong>forte</strong></span> <span class='ocrx_word' id='word_1_630' title='bbox 1709 4289 1823 4358; x_wconf 84' lang='lat' dir='ltr'><strong>ipse</strong></span> <span class='ocrx_word' id='word_1_631' title='bbox 1870 4291 2039 4344; x_wconf 84' lang='lat' dir='ltr'><strong>novit.</strong></span> <span class='ocrx_word' id='word_1_632' title='bbox 2077 4290 2134 4345; x_wconf 88' lang='lat' dir='ltr'><strong>Si</strong></span> 
     </span>
    </p>
   </div>
   <div class='ocr_carea' id='block_1_77' title="bbox 574 4375 2137 4449">
    <p class='ocr_par' dir='ltr' id='par_1_77' title="bbox 574 4375 2137 4449">
     <span class='ocr_line' id='line_1_77' title="bbox 574 4375 2137 4449; baseline 0.003 -19"><span class='ocrx_word' id='word_1_633' title='bbox 574 4375 789 4432; x_wconf 84' lang='lat' dir='ltr'><strong>Patrem</strong></span> <span class='ocrx_word' id='word_1_634' title='bbox 837 4378 1108 4442; x_wconf 88' lang='lat' dir='ltr'><strong>admittat,</strong></span> <span class='ocrx_word' id='word_1_635' title='bbox 1169 4378 1387 4449; x_wconf 86' lang='lat' dir='ltr'><strong>negabit</strong></span> <span class='ocrx_word' id='word_1_636' title='bbox 1416 4377 1611 4434; x_wconf 87' lang='lat' dir='ltr'><strong>Filium</strong></span> <span class='ocrx_word' id='word_1_637' title='bbox 1674 4397 1688 4433; x_wconf 91' lang='lat'><strong>:</strong></span> <span class='ocrx_word' id='word_1_638' title='bbox 1752 4392 1846 4436; x_wconf 89' lang='lat' dir='ltr'><strong>aut</strong></span> <span class='ocrx_word' id='word_1_639' title='bbox 1878 4380 2015 4437; x_wconf 85' lang='lat' dir='ltr'><strong>Filio</strong></span> <span class='ocrx_word' id='word_1_640' title='bbox 2041 4381 2137 4435; x_wconf 87' lang='lat' dir='ltr'><strong>ad-</strong></span> 
     </span>
    </p>
   </div>
   <div class='ocr_carea' id='block_1_78' title="bbox 574 4468 2134 4542">
    <p class='ocr_par' dir='ltr' id='par_1_78' title="bbox 574 4468 2134 4542">
     <span class='ocr_line' id='line_1_78' title="bbox 574 4468 2134 4542; baseline 0.004 -20"><span class='ocrx_word' id='word_1_641' title='bbox 574 4468 739 4524; x_wconf 87' lang='lat' dir='ltr'><strong>misso</strong></span> <span class='ocrx_word' id='word_1_642' title='bbox 763 4509 779 4537; x_wconf 90' lang='lat'><strong>,</strong></span> <span class='ocrx_word' id='word_1_643' title='bbox 820 4468 1143 4524; x_wconf 84' lang='lat' dir='ltr'><strong>annibilabit</strong></span> <span class='ocrx_word' id='word_1_644' title='bbox 1191 4470 1429 4525; x_wconf 87' lang='lat' dir='ltr'><strong>Patrem.</strong></span> <span class='ocrx_word' id='word_1_645' title='bbox 1471 4471 1564 4526; x_wconf 85' lang='lat' dir='ltr'><strong>Vel</strong></span> <span class='ocrx_word' id='word_1_646' title='bbox 1605 4470 1784 4542; x_wconf 90' lang='lat' dir='ltr'><strong>potius</strong></span> <span class='ocrx_word' id='word_1_647' title='bbox 1822 4487 1997 4541; x_wconf 89' lang='lat' dir='ltr'><strong>neque</strong></span> <span class='ocrx_word' id='word_1_648' title='bbox 2029 4472 2134 4528; x_wconf 66' lang='lat' dir='ltr'><strong>Pa.</strong></span> 
     </span>
    </p>
   </div>
   <div class='ocr_carea' id='block_1_79' title="bbox 578 4561 2131 4632">
    <p class='ocr_par' dir='ltr' id='par_1_79' title="bbox 578 4561 2131 4632">
     <span class='ocr_line' id='line_1_79' title="bbox 578 4561 2131 4632; baseline 0.003 -16"><span class='ocrx_word' id='word_1_649' title='bbox 578 4572 711 4617; x_wconf 89' lang='lat' dir='ltr'><strong>trem</strong></span> <span class='ocrx_word' id='word_1_650' title='bbox 748 4564 989 4632; x_wconf 85' lang='lat' dir='ltr'><strong>posuisse</strong></span> <span class='ocrx_word' id='word_1_651' title='bbox 1022 4576 1194 4631; x_wconf 83' lang='lat' dir='ltr'><strong>neque</strong></span> <span class='ocrx_word' id='word_1_652' title='bbox 1219 4561 1415 4618; x_wconf 85' lang='lat' dir='ltr'><strong>Filium</strong></span> <span class='ocrx_word' id='word_1_653' title='bbox 1439 4563 1804 4628; x_wconf 83' lang='lat' dir='ltr'><strong>convincetur,</strong></span> <span class='ocrx_word' id='word_1_654' title='bbox 1827 4578 1948 4618; x_wconf 91' lang='lat' dir='ltr'><strong>cum</strong></span> <span class='ocrx_word' id='word_1_655' title='bbox 1966 4580 2131 4621; x_wconf 87' lang='lat' dir='ltr'><strong>unum</strong></span> 
     </span>
    </p>
   </div>
   <div class='ocr_carea' id='block_1_80' title="bbox 575 4652 2129 4726">
    <p class='ocr_par' dir='ltr' id='par_1_80' title="bbox 575 4652 2129 4726">
     <span class='ocr_line' id='line_1_80' title="bbox 575 4652 2129 4726; baseline 0.004 -19"><span class='ocrx_word' id='word_1_656' title='bbox 575 4652 746 4707; x_wconf 87' lang='lat' dir='ltr'><strong>solum</strong></span> <span class='ocrx_word' id='word_1_657' title='bbox 769 4654 1036 4720; x_wconf 82' lang='lat' dir='ltr'><strong>admittat,</strong></span> <span class='ocrx_word' id='word_1_658' title='bbox 1071 4653 1299 4708; x_wconf 89' lang='lat' dir='ltr'><strong>alterum</strong></span> <span class='ocrx_word' id='word_1_659' title='bbox 1329 4663 1599 4710; x_wconf 82' lang='lat' dir='ltr'><strong>amoveat.</strong></span> <span class='ocrx_word' id='word_1_660' title='bbox 1645 4653 1932 4726; x_wconf 91' lang='lat' dir='ltr'><strong>Utcunque</strong></span> <span class='ocrx_word' id='word_1_661' title='bbox 1964 4658 2129 4713; x_wconf 90' lang='lat' dir='ltr'><strong>Deum</strong></span> 
     </span>
    </p>
   </div>
   <div class='ocr_carea' id='block_1_81' title="bbox 574 4744 2131 4819">
    <p class='ocr_par' dir='ltr' id='par_1_81' title="bbox 574 4744 2131 4819">
     <span class='ocr_line' id='line_1_81' title="bbox 574 4744 2131 4819; baseline 0.005 -22"><span class='ocrx_word' id='word_1_662' title='bbox 574 4745 755 4815; x_wconf 82' lang='lat' dir='ltr'><strong>audiat</strong></span> <span class='ocrx_word' id='word_1_663' title='bbox 776 4746 1064 4808; x_wconf 87' lang='lat' dir='ltr'><strong>dicentem,</strong></span> <span class='ocrx_word' id='word_1_664' title='bbox 1087 4745 1199 4814; x_wconf 86' lang='lat' dir='ltr'><strong>Ego</strong></span> <span class='ocrx_word' id='word_1_665' title='bbox 1220 4744 1475 4801; x_wconf 85' lang='lat' dir='ltr'><strong>Dominus</strong></span> <span class='ocrx_word' id='word_1_666' title='bbox 1513 4747 1650 4800; x_wconf 87' lang='lat' dir='ltr'><strong>Deus</strong></span> <span class='ocrx_word' id='word_1_667' title='bbox 1687 4755 1827 4813; x_wconf 87' lang='lat' dir='ltr'><strong>tuus,</strong></span> <span class='ocrx_word' id='word_1_668' title='bbox 1852 4750 1945 4819; x_wconf 88' lang='lat' dir='ltr'><strong>qui</strong></span> <span class='ocrx_word' id='word_1_669' title='bbox 1970 4751 2131 4805; x_wconf 72' lang='lat' dir='ltr'><strong>eduxi</strong></span> 
     </span>
    </p>
   </div>
   <div class='ocr_carea' id='block_1_82' title="bbox 572 4835 2130 4907">
    <p class='ocr_par' dir='ltr' id='par_1_82' title="bbox 572 4835 2130 4907">
     <span class='ocr_line' id='line_1_82' title="bbox 572 4835 2130 4907; baseline 0.004 -17"><span class='ocrx_word' id='word_1_670' title='bbox 572 4847 624 4893; x_wconf 83' lang='lat' dir='ltr'><strong>te</strong></span> <span class='ocrx_word' id='word_1_671' title='bbox 658 4838 723 4890; x_wconf 87' lang='lat' dir='ltr'><strong>de</strong></span> <span class='ocrx_word' id='word_1_672' title='bbox 769 4847 908 4891; x_wconf 88' lang='lat' dir='ltr'><strong>terra</strong></span> <span class='ocrx_word' id='word_1_673' title='bbox 936 4835 1184 4907; x_wconf 65' lang='lat' dir='ltr'><strong>Egypti,</strong></span> <span class='ocrx_word' id='word_1_674' title='bbox 1215 4840 1280 4895; x_wconf 89' lang='lat' dir='ltr'><strong>de</strong></span> <span class='ocrx_word' id='word_1_675' title='bbox 1313 4840 1467 4895; x_wconf 85' lang='lat' dir='ltr'><strong>domo</strong></span> <span class='ocrx_word' id='word_1_676' title='bbox 1507 4841 1775 4896; x_wconf 83' lang='lat' dir='ltr'><strong>servitutis</strong></span> <span class='ocrx_word' id='word_1_677' title='bbox 1795 4882 1810 4907; x_wconf 98' lang='lat'><strong>,</strong></span> <span class='ocrx_word' id='word_1_678' title='bbox 1839 4859 1942 4897; x_wconf 86' lang='lat' dir='ltr'><strong>non</strong></span> <span class='ocrx_word' id='word_1_679' title='bbox 1978 4853 2130 4897; x_wconf 87' lang='lat' dir='ltr'><strong>erunt</strong></span> 
     </span>
    </p>
   </div>
   <div class='ocr_carea' id='block_1_83' title="bbox 571 4930 2128 5002">
    <p class='ocr_par' dir='ltr' id='par_1_83' title="bbox 571 4930 2128 5002">
     <span class='ocr_line' id='line_1_83' title="bbox 571 4930 2128 5002; baseline 0.005 -17"><span class='ocrx_word' id='word_1_680' title='bbox 571 4932 665 4986; x_wconf 81' lang='lat' dir='ltr'><strong>tibi</strong></span> <span class='ocrx_word' id='word_1_681' title='bbox 696 4931 771 4985; x_wconf 85' lang='lat' dir='ltr'><strong>dii</strong></span> <span class='ocrx_word' id='word_1_682' title='bbox 788 4930 885 4984; x_wconf 84' lang='lat' dir='ltr'><strong>alii</strong></span> <span class='ocrx_word' id='word_1_683' title='bbox 913 4946 1091 4984; x_wconf 82' lang='lat' dir='ltr'><strong>coram</strong></span> <span class='ocrx_word' id='word_1_684' title='bbox 1121 4933 1266 4987; x_wconf 75' lang='lat' dir='ltr'><strong>me&quot;</strong></span> <span class='ocrx_word' id='word_1_685' title='bbox 1299 4950 1311 4986; x_wconf 93' lang='lat'>:</span> <span class='ocrx_word' id='word_1_686' title='bbox 1338 4945 1406 4988; x_wconf 90' lang='lat' dir='ltr'><strong>ne</strong></span> <span class='ocrx_word' id='word_1_687' title='bbox 1428 4933 1803 5002; x_wconf 87' lang='lat' dir='ltr'><strong>contnrbetur,</strong></span> <span class='ocrx_word' id='word_1_688' title='bbox 1822 4951 1920 4993; x_wconf 90' lang='lat' dir='ltr'><strong>nec</strong></span> <span class='ocrx_word' id='word_1_689' title='bbox 1946 4945 2128 4993; x_wconf 90' lang='lat' dir='ltr'><strong>mente</strong></span> 
     </span>
    </p>
   </div>
   <div class='ocr_carea' id='block_1_84' title="bbox 2244 3292 3801 3376">
    <p class='ocr_par' dir='ltr' id='par_1_84' title="bbox 2244 3292 3801 3376">
     <span class='ocr_line' id='line_1_84' title="bbox 2244 3292 3801 3376; baseline -0.004 -18"><span class='ocrx_word' id='word_1_690' title='bbox 2244 3303 2584 3376; x_wconf 85' lang='grc' dir='ltr'>συλλογισμῷ</span> <span class='ocrx_word' id='word_1_691' title='bbox 2626 3302 2926 3376; x_wconf 86' lang='grc' dir='ltr'>χρώμενος,</span> <span class='ocrx_word' id='word_1_692' title='bbox 2980 3302 3056 3365; x_wconf 84' lang='grc' dir='ltr'><strong>ὡς</strong></span> <span class='ocrx_word' id='word_1_693' title='bbox 3111 3301 3300 3366; x_wconf 82' lang='grc' dir='ltr'>οῐεται,</span> <span class='ocrx_word' id='word_1_694' title='bbox 3354 3302 3603 3373; x_wconf 80' lang='grc' dir='ltr'>ἀφύκτῳ,</span> <span class='ocrx_word' id='word_1_695' title='bbox 3652 3301 3714 3353; x_wconf 85' lang='grc' dir='ltr'>δι’</span> <span class='ocrx_word' id='word_1_696' title='bbox 3741 3292 3801 3353; x_wconf 74' lang='grc' dir='ltr'><strong>οὗ</strong></span> 
     </span>
    </p>
   </div>
   <div class='ocr_carea' id='block_1_85' title="bbox 2240 3390 3805 3468">
    <p class='ocr_par' dir='ltr' id='par_1_85' title="bbox 2240 3390 3805 3468">
     <span class='ocr_line' id='line_1_85' title="bbox 2240 3390 3805 3468; baseline -0.003 -19"><span class='ocrx_word' id='word_1_697' title='bbox 2240 3414 2394 3468; x_wconf 84' lang='grc' dir='ltr'>φησι,</span> <span class='ocrx_word' id='word_1_698' title='bbox 2417 3415 2435 3447; x_wconf 83' lang='lat' dir='ltr'><strong>s</strong></span> <span class='ocrx_word' id='word_1_699' title='bbox 2459 3395 2592 3450; x_wconf 87' lang='grc' dir='ltr'>Τίνα</span> <span class='ocrx_word' id='word_1_700' title='bbox 2608 3395 2784 3448; x_wconf 90' lang='grc' dir='ltr'>τοίνυν</span> <span class='ocrx_word' id='word_1_701' title='bbox 2802 3393 2894 3447; x_wconf 81' lang='grc' dir='ltr'><strong>τὸν</strong></span> <span class='ocrx_word' id='word_1_702' title='bbox 2921 3392 3059 3461; x_wconf 77' lang='grc' dir='ltr'><strong>Ἐγώ</strong></span> <span class='ocrx_word' id='word_1_703' title='bbox 3079 3395 3194 3462; x_wconf 83' lang='grc' dir='ltr'>ειμι</span> <span class='ocrx_word' id='word_1_704' title='bbox 3220 3395 3253 3446; x_wconf 86' lang='grc' dir='ltr'><strong>ό</strong></span> <span class='ocrx_word' id='word_1_705' title='bbox 3274 3392 3361 3445; x_wconf 76' lang='grc' dir='ltr'><strong>ὢν</strong></span> <span class='ocrx_word' id='word_1_706' title='bbox 3376 3393 3598 3463; x_wconf 83' lang='grc' dir='ltr'>λέγοντα</span> <span class='ocrx_word' id='word_1_707' title='bbox 3624 3390 3805 3445; x_wconf 83' lang='grc' dir='ltr'>Ἀστέ-</span> 
     </span>
    </p>
   </div>
   <div class='ocr_carea' id='block_1_86' title="bbox 2246 3476 3801 3557">
    <p class='ocr_par' dir='ltr' id='par_1_86' title="bbox 2246 3476 3801 3557">
     <span class='ocr_line' id='line_1_86' title="bbox 2246 3476 3801 3557; baseline -0.005 -18"><span class='ocrx_word' id='word_1_708' title='bbox 2246 3508 2262 3538; x_wconf 85' lang='grc' dir='ltr'><strong>ι</strong></span> <span class='ocrx_word' id='word_1_709' title='bbox 2305 3504 2413 3557; x_wconf 86' lang='grc' dir='ltr'>ριος</span> <span class='ocrx_word' id='word_1_710' title='bbox 2439 3482 2577 3539; x_wconf 77' lang='grc' dir='ltr'>εἶναι</span> <span class='ocrx_word' id='word_1_711' title='bbox 2601 3486 2769 3538; x_wconf 73' lang='grc' dir='ltr'>οἴεται</span> <span class='ocrx_word' id='word_1_712' title='bbox 2793 3500 2808 3549; x_wconf 90' lang='grc'>;</span> <span class='ocrx_word' id='word_1_713' title='bbox 2832 3482 2922 3536; x_wconf 83' lang='grc' dir='ltr'><strong>τὸν</strong></span> <span class='ocrx_word' id='word_1_714' title='bbox 2949 3482 3076 3534; x_wconf 83' lang='grc' dir='ltr'>Υἰὸν</span> <span class='ocrx_word' id='word_1_715' title='bbox 3105 3481 3139 3553; x_wconf 84' lang='grc' dir='ltr'>ἢ</span> <span class='ocrx_word' id='word_1_716' title='bbox 3167 3480 3260 3537; x_wconf 81' lang='grc' dir='ltr'><strong>τὸν</strong></span> <span class='ocrx_word' id='word_1_717' title='bbox 3289 3483 3531 3554; x_wconf 85' lang='grc' dir='ltr'>Πατέρα;</span> <span class='ocrx_word' id='word_1_718' title='bbox 3557 3476 3656 3534; x_wconf 72' lang='grc' dir='ltr'>εἷθ’</span> <span class='ocrx_word' id='word_1_719' title='bbox 3674 3479 3801 3551; x_wconf 79' lang='grc' dir='ltr'><strong>ἑξῆς</strong></span> 
     </span>
    </p>
   </div>
   <div class='ocr_carea' id='block_1_87' title="bbox 2245 3560 3798 3645">
    <p class='ocr_par' dir='ltr' id='par_1_87' title="bbox 2245 3560 3798 3645">
     <span class='ocr_line' id='line_1_87' title="bbox 2245 3560 3798 3645; baseline -0.003 -19"><span class='ocrx_word' id='word_1_720' title='bbox 2245 3594 2263 3626; x_wconf 79' lang='grc' dir='ltr'><strong>ι</strong></span> <span class='ocrx_word' id='word_1_721' title='bbox 2303 3574 2568 3644; x_wconf 76' lang='grc' dir='ltr'>συνάγων,</span> <span class='ocrx_word' id='word_1_722' title='bbox 2621 3573 2694 3637; x_wconf 84' lang='grc' dir='ltr'>ὡς</span> <span class='ocrx_word' id='word_1_723' title='bbox 2735 3574 2784 3626; x_wconf 85' lang='grc' dir='ltr'><strong>εί</strong></span> <span class='ocrx_word' id='word_1_724' title='bbox 2821 3572 2917 3643; x_wconf 83' lang='grc' dir='ltr'>μὲν</span> <span class='ocrx_word' id='word_1_725' title='bbox 2970 3572 2997 3623; x_wconf 90' lang='lat'><strong>6</strong></span> <span class='ocrx_word' id='word_1_726' title='bbox 3035 3570 3225 3643; x_wconf 81' lang='grc' dir='ltr'>Πατὴρ</span> <span class='ocrx_word' id='word_1_727' title='bbox 3263 3572 3347 3645; x_wconf 87' lang='grc' dir='ltr'><strong>εῐη</strong></span> <span class='ocrx_word' id='word_1_728' title='bbox 3391 3574 3418 3625; x_wconf 87' lang='lat'><strong>6</strong></span> <span class='ocrx_word' id='word_1_729' title='bbox 3450 3571 3541 3638; x_wconf 86' lang='grc' dir='ltr'>ὢν,</span> <span class='ocrx_word' id='word_1_730' title='bbox 3581 3571 3680 3624; x_wconf 79' lang='grc' dir='ltr'>οὐκ</span> <span class='ocrx_word' id='word_1_731' title='bbox 3721 3560 3798 3622; x_wconf 78' lang='grc' dir='ltr'><strong>ἐτ’</strong></span> 
     </span>
    </p>
   </div>
   <div class='ocr_carea' id='block_1_88' title="bbox 2245 3663 3802 3736">
    <p class='ocr_par' dir='ltr' id='par_1_88' title="bbox 2245 3663 3802 3736">
     <span class='ocr_line' id='line_1_88' title="bbox 2245 3663 3802 3736; baseline -0.001 -17"><span class='ocrx_word' id='word_1_732' title='bbox 2245 3685 2263 3719; x_wconf 79' lang='grc' dir='ltr'>ι</span> <span class='ocrx_word' id='word_1_733' title='bbox 2305 3666 2452 3718; x_wconf 75' lang='grc' dir='ltr'>ἔσται</span> <span class='ocrx_word' id='word_1_734' title='bbox 2478 3668 2507 3718; x_wconf 84' lang='grc' dir='ltr'>ὁ</span> <span class='ocrx_word' id='word_1_735' title='bbox 2523 3664 2648 3727; x_wconf 74' lang='grc' dir='ltr'>Υἱὸς</span> <span class='ocrx_word' id='word_1_736' title='bbox 2672 3663 2823 3727; x_wconf 81' lang='grc' dir='ltr'>Θεὸς,</span> <span class='ocrx_word' id='word_1_737' title='bbox 2856 3665 2937 3718; x_wconf 82' lang='grc' dir='ltr'><strong>ὅτι</strong></span> <span class='ocrx_word' id='word_1_738' title='bbox 2954 3665 3072 3718; x_wconf 86' lang='grc' dir='ltr'>κατ’</span> <span class='ocrx_word' id='word_1_739' title='bbox 3088 3665 3484 3736; x_wconf 76' lang='grc' dir='ltr'>ἀντιδιαστολὴν</span> <span class='ocrx_word' id='word_1_740' title='bbox 3506 3664 3598 3717; x_wconf 89' lang='grc' dir='ltr'><strong>τοῦ</strong></span> <span class='ocrx_word' id='word_1_741' title='bbox 3618 3663 3694 3735; x_wconf 79' lang='grc' dir='ltr'>μὴ</span> <span class='ocrx_word' id='word_1_742' title='bbox 3710 3664 3802 3718; x_wconf 81' lang='grc' dir='ltr'>δν-</span> 
     </span>
    </p>
   </div>
   <div class='ocr_carea' id='block_1_89' title="bbox 2246 3750 3807 3828">
    <p class='ocr_par' dir='ltr' id='par_1_89' title="bbox 2246 3750 3807 3828">
     <span class='ocr_line' id='line_1_89' title="bbox 2246 3750 3807 3828; baseline -0.001 -18"><span class='ocrx_word' id='word_1_743' title='bbox 2246 3778 2265 3810; x_wconf 84' lang='lat' dir='ltr'><strong>s</strong></span> <span class='ocrx_word' id='word_1_744' title='bbox 2303 3775 2412 3821; x_wconf 90' lang='grc' dir='ltr'>τος,</span> <span class='ocrx_word' id='word_1_745' title='bbox 2449 3758 2478 3809; x_wconf 91' lang='lat'><strong>6</strong></span> <span class='ocrx_word' id='word_1_746' title='bbox 2515 3755 2589 3810; x_wconf 82' lang='grc' dir='ltr'><strong>ὢν</strong></span> <span class='ocrx_word' id='word_1_747' title='bbox 2615 3754 2805 3809; x_wconf 78' lang='grc' dir='ltr'>ἑαυτὸν</span> <span class='ocrx_word' id='word_1_748' title='bbox 2845 3750 2985 3809; x_wconf 74' lang='grc' dir='ltr'>εἷναί</span> <span class='ocrx_word' id='word_1_749' title='bbox 3024 3773 3207 3826; x_wconf 82' lang='grc' dir='ltr'>φησιν.</span> <span class='ocrx_word' id='word_1_750' title='bbox 3238 3758 3302 3811; x_wconf 81' lang='lat' dir='ltr'><strong>Ei</strong></span> <span class='ocrx_word' id='word_1_751' title='bbox 3338 3756 3394 3811; x_wconf 79' lang='grc' dir='ltr'>δὲ</span> <span class='ocrx_word' id='word_1_752' title='bbox 3424 3756 3644 3828; x_wconf 79' lang='grc' dir='ltr'>(19)τδν</span> <span class='ocrx_word' id='word_1_753' title='bbox 3675 3756 3807 3809; x_wconf 78' lang='grc' dir='ltr'>Υίδν</span> 
     </span>
    </p>
   </div>
   <div class='ocr_carea' id='block_1_90' title="bbox 2244 3846 3807 3917">
    <p class='ocr_par' dir='ltr' id='par_1_90' title="bbox 2244 3846 3807 3917">
     <span class='ocr_line' id='line_1_90' title="bbox 2244 3846 3807 3917; baseline -0.001 -16"><span class='ocrx_word' id='word_1_754' title='bbox 2244 3868 2262 3901; x_wconf 85' lang='grc' dir='ltr'><strong>ι</strong></span> <span class='ocrx_word' id='word_1_755' title='bbox 2304 3847 2598 3902; x_wconf 83' lang='grc' dir='ltr'>ὑποστάσει</span> <span class='ocrx_word' id='word_1_756' title='bbox 2622 3846 2947 3917; x_wconf 80' lang='grc' dir='ltr'>διῃρημένον</span> <span class='ocrx_word' id='word_1_757' title='bbox 2974 3846 3130 3900; x_wconf 85' lang='grc' dir='ltr'>τοῦτο</span> <span class='ocrx_word' id='word_1_758' title='bbox 3152 3849 3351 3917; x_wconf 83' lang='grc' dir='ltr'>φάσκοι</span> <span class='ocrx_word' id='word_1_759' title='bbox 3375 3847 3548 3917; x_wconf 85' lang='grc' dir='ltr'>λέγειν</span> <span class='ocrx_word' id='word_1_760' title='bbox 3574 3846 3635 3900; x_wconf 79' lang='grc' dir='ltr'>τὸ</span> <span class='ocrx_word' id='word_1_761' title='bbox 3666 3846 3807 3916; x_wconf 65' lang='grc' dir='ltr'><strong>Ἐγώ</strong></span> 
     </span>
    </p>
   </div>
   <div class='ocr_carea' id='block_1_91' title="bbox 2244 3932 3804 4011">
    <p class='ocr_par' dir='ltr' id='par_1_91' title="bbox 2244 3932 3804 4011">
     <span class='ocr_line' id='line_1_91' title="bbox 2244 3932 3804 4011; baseline 0.001 -20"><span class='ocrx_word' id='word_1_762' title='bbox 2244 3959 2262 3991; x_wconf 80' lang='grc' dir='ltr'>ι</span> <span class='ocrx_word' id='word_1_763' title='bbox 2300 3943 2415 4010; x_wconf 78' lang='grc' dir='ltr'>ειμι</span> <span class='ocrx_word' id='word_1_764' title='bbox 2435 3943 2466 3993; x_wconf 86' lang='grc' dir='ltr'><strong>ό</strong></span> <span class='ocrx_word' id='word_1_765' title='bbox 2490 3937 2595 4001; x_wconf 86' lang='grc' dir='ltr'><strong>ὢν,</strong></span> <span class='ocrx_word' id='word_1_766' title='bbox 2626 3936 2819 3992; x_wconf 70' lang='grc' dir='ltr'>ταύτὸν</span> <span class='ocrx_word' id='word_1_767' title='bbox 2842 3932 2993 4003; x_wconf 81' lang='grc' dir='ltr'>αὖθις</span> <span class='ocrx_word' id='word_1_768' title='bbox 3016 3938 3255 4011; x_wconf 74' lang='grc' dir='ltr'>περὶτοῦ</span> <span class='ocrx_word' id='word_1_769' title='bbox 3282 3939 3493 4010; x_wconf 82' lang='grc' dir='ltr'>Πατρὸς</span> <span class='ocrx_word' id='word_1_770' title='bbox 3515 3938 3689 4008; x_wconf 87' lang='grc' dir='ltr'>λέγειν</span> <span class='ocrx_word' id='word_1_771' title='bbox 3714 3956 3804 3992; x_wconf 90' lang='grc' dir='ltr'>νο-</span> 
     </span>
    </p>
   </div>
   <div class='ocr_carea' id='block_1_92' title="bbox 2244 4029 3804 4103">
    <p class='ocr_par' dir='ltr' id='par_1_92' title="bbox 2244 4029 3804 4103">
     <span class='ocr_line' id='line_1_92' title="bbox 2244 4029 3804 4103; baseline 0.001 -19"><span class='ocrx_word' id='word_1_772' title='bbox 2244 4051 2262 4084; x_wconf 83' lang='lat' dir='ltr'><strong>s</strong></span> <span class='ocrx_word' id='word_1_773' title='bbox 2308 4029 2649 4103; x_wconf 82' lang='grc' dir='ltr'>μισθήσεται.</span> <span class='ocrx_word' id='word_1_774' title='bbox 2686 4049 2704 4080; x_wconf 81' lang='grc' dir='ltr'>ι</span> <span class='ocrx_word' id='word_1_775' title='bbox 2759 4029 3047 4101; x_wconf 84' lang='grc' dir='ltr'>Ἑκάτερον</span> <span class='ocrx_word' id='word_1_776' title='bbox 3077 4031 3135 4085; x_wconf 78' lang='grc' dir='ltr'>δὲ</span> <span class='ocrx_word' id='word_1_777' title='bbox 3159 4031 3360 4085; x_wconf 86' lang='grc' dir='ltr'>τούτων</span> <span class='ocrx_word' id='word_1_778' title='bbox 3382 4031 3592 4095; x_wconf 82' lang='grc' dir='ltr'>ἀσεϐές.</span> <span class='ocrx_word' id='word_1_779' title='bbox 3620 4030 3804 4086; x_wconf 80' lang='grc' dir='ltr'>Ταῦτα</span> 
     </span>
    </p>
   </div>
   <div class='ocr_carea' id='block_1_93' title="bbox 2235 4121 3797 4195">
    <p class='ocr_par' dir='ltr' id='par_1_93' title="bbox 2235 4121 3797 4195">
     <span class='ocr_line' id='line_1_93' title="bbox 2235 4121 3797 4195; baseline 0 -19"><span class='ocrx_word' id='word_1_780' title='bbox 2235 4123 2291 4177; x_wconf 85' lang='grc' dir='ltr'>δὲ</span> <span class='ocrx_word' id='word_1_781' title='bbox 2335 4123 2506 4190; x_wconf 85' lang='grc' dir='ltr'>λέγων</span> <span class='ocrx_word' id='word_1_782' title='bbox 2549 4122 2579 4174; x_wconf 92' lang='lat'><strong>6</strong></span> <span class='ocrx_word' id='word_1_783' title='bbox 2613 4121 2794 4185; x_wconf 84' lang='grc' dir='ltr'>αὐτὸς,</span> <span class='ocrx_word' id='word_1_784' title='bbox 2833 4122 3074 4195; x_wconf 81' lang='grc' dir='ltr'>ἑκατέρῳ</span> <span class='ocrx_word' id='word_1_785' title='bbox 3119 4123 3533 4194; x_wconf 81' lang='grc' dir='ltr'>περιπέπτωκεν</span> <span class='ocrx_word' id='word_1_786' title='bbox 3580 4123 3797 4194; x_wconf 82' lang='grc' dir='ltr'>ἀτόπῳ·</span> 
     </span>
    </p>
   </div>
   <div class='ocr_carea' id='block_1_94' title="bbox 2235 4209 3804 4286">
    <p class='ocr_par' dir='ltr' id='par_1_94' title="bbox 2235 4209 3804 4286">
     <span class='ocr_line' id='line_1_94' title="bbox 2235 4209 3804 4286; baseline 0 -19"><span class='ocrx_word' id='word_1_787' title='bbox 2235 4214 2333 4267; x_wconf 70' lang='grc' dir='ltr'>ἕνα</span> <span class='ocrx_word' id='word_1_788' title='bbox 2361 4214 2459 4283; x_wconf 83' lang='grc' dir='ltr'>μὲν</span> <span class='ocrx_word' id='word_1_789' title='bbox 2486 4212 2798 4285; x_wconf 81' lang='grc' dir='ltr'>ὁριζόμενος</span> <span class='ocrx_word' id='word_1_790' title='bbox 2830 4209 2966 4267; x_wconf 81' lang='grc' dir='ltr'>εῖναι</span> <span class='ocrx_word' id='word_1_791' title='bbox 2995 4213 3085 4267; x_wconf 79' lang='grc' dir='ltr'><strong>τὸν</strong></span> <span class='ocrx_word' id='word_1_792' title='bbox 3104 4214 3251 4280; x_wconf 78' lang='grc' dir='ltr'>ὄντα,</span> <span class='ocrx_word' id='word_1_793' title='bbox 3275 4213 3500 4286; x_wconf 90' lang='grc' dir='ltr'>θάτερον</span> <span class='ocrx_word' id='word_1_794' title='bbox 3529 4214 3586 4268; x_wconf 79' lang='grc' dir='ltr'><strong>δὲ</strong></span> <span class='ocrx_word' id='word_1_795' title='bbox 3610 4214 3804 4285; x_wconf 78' lang='grc' dir='ltr'>ἀρνού-</span> 
     </span>
    </p>
   </div>
   <div class='ocr_carea' id='block_1_95' title="bbox 2240 4304 3799 4380">
    <p class='ocr_par' dir='ltr' id='par_1_95' title="bbox 2240 4304 3799 4380">
     <span class='ocr_line' id='line_1_95' title="bbox 2240 4304 3799 4380; baseline 0.001 -20"><span class='ocrx_word' id='word_1_796' title='bbox 2240 4324 2418 4378; x_wconf 88' lang='grc' dir='ltr'>μενος.</span> <span class='ocrx_word' id='word_1_797' title='bbox 2454 4307 2562 4360; x_wconf 79' lang='grc' dir='ltr'><strong>Καὶ</strong></span> <span class='ocrx_word' id='word_1_798' title='bbox 2593 4305 2710 4359; x_wconf 68' lang='grc' dir='ltr'>τίνα</span> <span class='ocrx_word' id='word_1_799' title='bbox 2740 4304 2926 4359; x_wconf 88' lang='grc' dir='ltr'>τοῦτον</span> <span class='ocrx_word' id='word_1_800' title='bbox 2950 4305 3111 4371; x_wconf 79' lang='grc' dir='ltr'>αὐτὸς</span> <span class='ocrx_word' id='word_1_801' title='bbox 3149 4306 3214 4361; x_wconf 83' lang='grc' dir='ltr'><strong>ἂν</strong></span> <span class='ocrx_word' id='word_1_802' title='bbox 3248 4308 3449 4379; x_wconf 79' lang='grc' dir='ltr'>εἰδείη;</span> <span class='ocrx_word' id='word_1_803' title='bbox 3476 4307 3539 4360; x_wconf 84' lang='lat' dir='ltr'><strong>Ei</strong></span> <span class='ocrx_word' id='word_1_804' title='bbox 3574 4307 3682 4380; x_wconf 84' lang='grc' dir='ltr'>γὰρ</span> <span class='ocrx_word' id='word_1_805' title='bbox 3710 4308 3799 4362; x_wconf 80' lang='grc' dir='ltr'>τὸν</span> 
     </span>
    </p>
   </div>
   <div class='ocr_carea' id='block_1_96' title="bbox 2236 4396 3799 4471">
    <p class='ocr_par' dir='ltr' id='par_1_96' title="bbox 2236 4396 3799 4471">
     <span class='ocr_line' id='line_1_96' title="bbox 2236 4396 3799 4471; baseline 0.001 -20"><span class='ocrx_word' id='word_1_806' title='bbox 2236 4399 2454 4469; x_wconf 85' lang='grc' dir='ltr'>Πατέρα</span> <span class='ocrx_word' id='word_1_807' title='bbox 2495 4397 2639 4463; x_wconf 83' lang='grc' dir='ltr'>δοὺς,</span> <span class='ocrx_word' id='word_1_808' title='bbox 2674 4396 2767 4450; x_wconf 85' lang='grc' dir='ltr'><strong>τὸν</strong></span> <span class='ocrx_word' id='word_1_809' title='bbox 2795 4396 2922 4450; x_wconf 78' lang='grc' dir='ltr'>Υξὸν</span> <span class='ocrx_word' id='word_1_810' title='bbox 2950 4399 3277 4470; x_wconf 81' lang='grc' dir='ltr'>ἀρνήσεται·</span> <span class='ocrx_word' id='word_1_811' title='bbox 3308 4399 3454 4471; x_wconf 77' lang='grc' dir='ltr'>ἢτδν</span> <span class='ocrx_word' id='word_1_812' title='bbox 3485 4399 3611 4453; x_wconf 85' lang='grc' dir='ltr'>Υίὸν</span> <span class='ocrx_word' id='word_1_813' title='bbox 3641 4401 3799 4470; x_wconf 86' lang='grc' dir='ltr'>μόνον</span> 
     </span>
    </p>
   </div>
   <div class='ocr_carea' id='block_1_97' title="bbox 2159 4487 3801 4579">
    <p class='ocr_par' dir='ltr' id='par_1_97' title="bbox 2159 4487 3801 4579">
     <span class='ocr_line' id='line_1_97' title="bbox 2159 4487 3801 4579; baseline 0.001 -37"><span class='ocrx_word' id='word_1_814' title='bbox 2159 4520 2211 4579; x_wconf 78' lang='lat' dir='ltr'><strong><em>D</em></strong></span> <span class='ocrx_word' id='word_1_815' title='bbox 2238 4487 2696 4579; x_wconf 82' lang='grc' dir='ltr'>παραδεξάμενος,</span> <span class='ocrx_word' id='word_1_816' title='bbox 2721 4487 2975 4579; x_wconf 82' lang='grc' dir='ltr'>ἀθετήσει</span> <span class='ocrx_word' id='word_1_817' title='bbox 3001 4489 3093 4543; x_wconf 85' lang='grc' dir='ltr'><strong>τὸν</strong></span> <span class='ocrx_word' id='word_1_818' title='bbox 3116 4491 3353 4561; x_wconf 85' lang='grc' dir='ltr'>Πατέρα·</span> <span class='ocrx_word' id='word_1_819' title='bbox 3385 4491 3580 4562; x_wconf 85' lang='grc' dir='ltr'>μᾶλλον</span> <span class='ocrx_word' id='word_1_820' title='bbox 3600 4490 3655 4544; x_wconf 90' lang='grc' dir='ltr'>δὲ</span> <span class='ocrx_word' id='word_1_821' title='bbox 3677 4489 3801 4544; x_wconf 76' lang='grc' dir='ltr'>οὔτε</span> 
     </span>
    </p>
   </div>
   <div class='ocr_carea' id='block_1_98' title="bbox 2238 4578 3801 4653">
    <p class='ocr_par' dir='ltr' id='par_1_98' title="bbox 2238 4578 3801 4653">
     <span class='ocr_line' id='line_1_98' title="bbox 2238 4578 3801 4653; baseline -0.001 -18"><span class='ocrx_word' id='word_1_822' title='bbox 2238 4581 2477 4652; x_wconf 85' lang='grc' dir='ltr'>Πατέρα,</span> <span class='ocrx_word' id='word_1_823' title='bbox 2507 4578 2629 4634; x_wconf 74' lang='grc' dir='ltr'>οὔτε</span> <span class='ocrx_word' id='word_1_824' title='bbox 2654 4579 2781 4634; x_wconf 83' lang='grc' dir='ltr'>Υίὸν</span> <span class='ocrx_word' id='word_1_825' title='bbox 2801 4578 2955 4644; x_wconf 82' lang='grc' dir='ltr'>εἰδὼς</span> <span class='ocrx_word' id='word_1_826' title='bbox 2981 4581 3382 4653; x_wconf 73' lang='grc' dir='ltr'>ἐλεγχθήσεται,</span> <span class='ocrx_word' id='word_1_827' title='bbox 3414 4582 3508 4636; x_wconf 77' lang='grc' dir='ltr'>ἕνα</span> <span class='ocrx_word' id='word_1_828' title='bbox 3534 4582 3690 4653; x_wconf 89' lang='grc' dir='ltr'>μόνον</span> <span class='ocrx_word' id='word_1_829' title='bbox 3717 4581 3801 4635; x_wconf 85' lang='grc' dir='ltr'>δι-</span> 
     </span>
    </p>
   </div>
   <div class='ocr_carea' id='block_1_99' title="bbox 2237 4667 3803 4747">
    <p class='ocr_par' dir='ltr' id='par_1_99' title="bbox 2237 4667 3803 4747">
     <span class='ocr_line' id='line_1_99' title="bbox 2237 4667 3803 4747; baseline 0.001 -23"><span class='ocrx_word' id='word_1_830' title='bbox 2237 4671 2380 4735; x_wconf 80' lang='grc' dir='ltr'>δοὺς,</span> <span class='ocrx_word' id='word_1_831' title='bbox 2417 4672 2505 4726; x_wconf 82' lang='grc' dir='ltr'><strong>τὸν</strong></span> <span class='ocrx_word' id='word_1_832' title='bbox 2532 4673 2589 4727; x_wconf 77' lang='grc' dir='ltr'>δὲ</span> <span class='ocrx_word' id='word_1_833' title='bbox 2626 4673 2809 4744; x_wconf 75' lang='grc' dir='ltr'>ἕτερον</span> <span class='ocrx_word' id='word_1_834' title='bbox 2832 4672 3071 4726; x_wconf 75' lang='grc' dir='ltr'>ἐκποδὼν</span> <span class='ocrx_word' id='word_1_835' title='bbox 3104 4674 3360 4745; x_wconf 78' lang='grc' dir='ltr'>μεθιστὰς</span> <span class='ocrx_word' id='word_1_836' title='bbox 3378 4691 3391 4705; x_wconf 95' lang='grc'><strong>·</strong></span> <span class='ocrx_word' id='word_1_837' title='bbox 3422 4667 3524 4729; x_wconf 56' lang='grc' dir='ltr'><strong>κᾶν</strong></span> <span class='ocrx_word' id='word_1_838' title='bbox 3547 4674 3717 4747; x_wconf 79' lang='grc' dir='ltr'>ἀκούῃ</span> <span class='ocrx_word' id='word_1_839' title='bbox 3740 4674 3803 4727; x_wconf 84' lang='grc' dir='ltr'>δὲ</span> 
     </span>
    </p>
   </div>
   <div class='ocr_carea' id='block_1_100' title="bbox 2236 4762 3802 4839">
    <p class='ocr_par' dir='ltr' id='par_1_100' title="bbox 2236 4762 3802 4839">
     <span class='ocr_line' id='line_1_100' title="bbox 2236 4762 3802 4839; baseline 0.003 -24"><span class='ocrx_word' id='word_1_840' title='bbox 2236 4763 2483 4831; x_wconf 82' lang='grc' dir='ltr'>λέγοντος</span> <span class='ocrx_word' id='word_1_841' title='bbox 2512 4764 2605 4818; x_wconf 91' lang='grc' dir='ltr'><strong>τοῦ</strong></span> <span class='ocrx_word' id='word_1_842' title='bbox 2637 4762 2792 4832; x_wconf 87' lang='grc' dir='ltr'>Θεοῦ,</span> <span class='ocrx_word' id='word_1_843' title='bbox 2830 4763 2970 4835; x_wconf 75' lang='grc' dir='ltr'><strong>Ἐγὼ</strong></span> <span class='ocrx_word' id='word_1_844' title='bbox 3002 4767 3214 4835; x_wconf 84' lang='grc' dir='ltr'>Κύριος</span> <span class='ocrx_word' id='word_1_845' title='bbox 3236 4769 3428 4834; x_wconf 82' lang='grc' dir='ltr'>όΘεός</span> <span class='ocrx_word' id='word_1_846' title='bbox 3463 4782 3601 4831; x_wconf 85' lang='grc' dir='ltr'>σου,</span> <span class='ocrx_word' id='word_1_847' title='bbox 3634 4770 3666 4821; x_wconf 82' lang='lat'><strong>6</strong></span> <span class='ocrx_word' id='word_1_848' title='bbox 3684 4766 3802 4839; x_wconf 76' lang='lat'><strong>(‘20)</strong></span> 
     </span>
    </p>
   </div>
   <div class='ocr_carea' id='block_1_101' title="bbox 2233 4853 3800 4926">
    <p class='ocr_par' dir='ltr' id='par_1_101' title="bbox 2233 4853 3800 4926">
     <span class='ocr_line' id='line_1_101' title="bbox 2233 4853 3800 4926; baseline 0.003 -18"><span class='ocrx_word' id='word_1_849' title='bbox 2233 4853 2534 4924; x_wconf 72' lang='grc' dir='ltr'>ἐξαγαγών</span> <span class='ocrx_word' id='word_1_850' title='bbox 2554 4870 2627 4910; x_wconf 83' lang='grc' dir='ltr'>σε</span> <span class='ocrx_word' id='word_1_851' title='bbox 2644 4856 2713 4909; x_wconf 79' lang='grc' dir='ltr'><strong>ἐκ</strong></span> <span class='ocrx_word' id='word_1_852' title='bbox 2738 4854 2852 4926; x_wconf 73' lang='grc' dir='ltr'><strong>τῆς</strong></span> <span class='ocrx_word' id='word_1_853' title='bbox 2866 4857 3183 4925; x_wconf 77' lang='grc' dir='ltr'>Δίγύπτου,</span> <span class='ocrx_word' id='word_1_854' title='bbox 3212 4858 3282 4923; x_wconf 77' lang='grc' dir='ltr'><strong>ἐξ</strong></span> <span class='ocrx_word' id='word_1_855' title='bbox 3302 4858 3470 4914; x_wconf 75' lang='grc' dir='ltr'>οἴκου</span> <span class='ocrx_word' id='word_1_856' title='bbox 3496 4858 3800 4924; x_wconf 74' lang='grc' dir='ltr'>δουλείας,</span> 
     </span>
    </p>
   </div>
   <div class='ocr_carea' id='block_1_102' title="bbox 2235 4947 3805 5020">
    <p class='ocr_par' dir='ltr' id='par_1_102' title="bbox 2235 4947 3805 5020">
     <span class='ocr_line' id='line_1_102' title="bbox 2235 4947 3805 5020; baseline 0.004 -20"><span class='ocrx_word' id='word_1_857' title='bbox 2235 4948 2345 5000; x_wconf 85' lang='grc' dir='ltr'><strong>οὐκ</strong></span> <span class='ocrx_word' id='word_1_858' title='bbox 2366 4947 2609 5003; x_wconf 72' lang='grc' dir='ltr'>ἔσονταί</span> <span class='ocrx_word' id='word_1_859' title='bbox 2639 4962 2737 5003; x_wconf 85' lang='grc' dir='ltr'><strong>σοι</strong></span> <span class='ocrx_word' id='word_1_860' title='bbox 2756 4947 2879 5004; x_wconf 79' lang='grc' dir='ltr'>θεοί</span> <span class='ocrx_word' id='word_1_861' title='bbox 2898 4947 3085 5019; x_wconf 80' lang='grc' dir='ltr'>ἕτεροι</span> <span class='ocrx_word' id='word_1_862' title='bbox 3102 4948 3270 5019; x_wconf 78' lang='grc' dir='ltr'>πλὴν</span> <span class='ocrx_word' id='word_1_863' title='bbox 3287 4950 3453 5020; x_wconf 80' lang='grc' dir='ltr'>ἐμοῦ.</span> <span class='ocrx_word' id='word_1_864' title='bbox 3483 4951 3649 5006; x_wconf 90' lang='grc' dir='ltr'>Πάλιν</span> <span class='ocrx_word' id='word_1_865' title='bbox 3675 4952 3805 5006; x_wconf 68' lang='lat' dir='ltr'><strong>atav-</strong></span> 
     </span>
    </p>
   </div>
   <div class='ocr_carea' id='block_1_103' title="bbox 636 5122 2140 5200">
    <p class='ocr_par' dir='ltr' id='par_1_103' title="bbox 636 5122 2140 5200">
     <span class='ocr_line' id='line_1_103' title="bbox 636 5122 2140 5200; baseline 0.002 -14"><span class='ocrx_word' id='word_1_866' title='bbox 636 5122 1053 5200; x_wconf 33' lang='lat' dir='ltr'><strong>&gt;I&lt;_EII.AParis,_.</strong></span> <span class='ocrx_word' id='word_1_867' title='bbox 1078 5140 1200 5200; x_wconf 65' lang='lat' dir='ltr'><strong>pag.</strong></span> <span class='ocrx_word' id='word_1_868' title='bbox 1234 5128 1356 5200; x_wconf 76' lang='grc'><strong>158.</strong></span> <span class='ocrx_word' id='word_1_869' title='bbox 1431 5128 1666 5200; x_wconf 73' lang='lat' dir='ltr'><strong>&quot;Exod.</strong></span> <span class='ocrx_word' id='word_1_870' title='bbox 1702 5144 1780 5200; x_wconf 67' lang='lat' dir='ltr'><strong>ys,</strong></span> <span class='ocrx_word' id='word_1_871' title='bbox 1801 5130 1855 5192; x_wconf 78' lang='grc'><strong>2.</strong></span> <span class='ocrx_word' id='word_1_872' title='bbox 1882 5133 1937 5187; x_wconf 81' lang='lat'><strong>‘5.</strong></span> <span class='ocrx_word' id='word_1_873' title='bbox 2012 5131 2060 5165; x_wconf 79' lang='lat'><strong>“</strong></span> <span class='ocrx_word' id='word_1_874' title='bbox 2090 5133 2140 5188; x_wconf 61' lang='grc' dir='ltr'><strong>(ιη</strong></span> 
     </span>
    </p>
   </div>
   <div class='ocr_carea' id='block_1_104' title="bbox 2239 5122 3799 5200">
    <p class='ocr_par' dir='ltr' id='par_1_104' title="bbox 2258 5133 3799 5200">
     <span class='ocr_line' id='line_1_104' title="bbox 2258 5133 3799 5200; baseline 0.006 -14"><span class='ocrx_word' id='word_1_875' title='bbox 2258 5150 2413 5197; x_wconf 84' lang='lat' dir='ltr'><strong>xvm.</strong></span> <span class='ocrx_word' id='word_1_876' title='bbox 2454 5136 2505 5190; x_wconf 88' lang='grc'><strong>1.</strong></span> <span class='ocrx_word' id='word_1_877' title='bbox 2580 5137 2625 5169; x_wconf 75' lang='grc'><strong>⁸⁷</strong></span> <span class='ocrx_word' id='word_1_878' title='bbox 2656 5134 2812 5191; x_wconf 83' lang='lat' dir='ltr'><strong>Jnan.</strong></span> <span class='ocrx_word' id='word_1_879' title='bbox 2841 5149 2960 5200; x_wconf 80' lang='lat' dir='ltr'><strong>vm,</strong></span> <span class='ocrx_word' id='word_1_880' title='bbox 2983 5133 3070 5190; x_wconf 83' lang='lat'><strong>56.</strong></span> <span class='ocrx_word' id='word_1_881' title='bbox 3146 5135 3193 5168; x_wconf 73' lang='grc'><strong>⁸⁸</strong></span> <span class='ocrx_word' id='word_1_882' title='bbox 3226 5136 3352 5193; x_wconf 84' lang='lat' dir='ltr'><strong>ibid.</strong></span> <span class='ocrx_word' id='word_1_883' title='bbox 3382 5136 3469 5193; x_wconf 74' lang='grc'><strong>48.</strong></span> <span class='ocrx_word' id='word_1_884' title='bbox 3545 5139 3588 5172; x_wconf 71' lang='grc'><strong>⁸³</strong></span> <span class='ocrx_word' id='word_1_885' title='bbox 3616 5137 3799 5196; x_wconf 85' lang='lat' dir='ltr'><strong>Galat.</strong></span> 
     </span>
    </p>
   </div>
   <div class='ocr_carea' id='block_1_105' title="bbox 570 5194 2096 5269">
    <p class='ocr_par' dir='ltr' id='par_1_105' title="bbox 570 5194 2096 5269">
     <span class='ocr_line' id='line_1_105' title="bbox 570 5194 2096 5269; baseline 0.008 -24"><span class='ocrx_word' id='word_1_886' title='bbox 570 5205 652 5255; x_wconf 89' lang='grc' dir='ltr'>ιιι,</span> <span class='ocrx_word' id='word_1_887' title='bbox 700 5196 785 5256; x_wconf 71' lang='lat' dir='ltr'><strong>t9.</strong></span> <span class='ocrx_word' id='word_1_888' title='bbox 819 5194 914 5249; x_wconf 75' lang='lat'><strong>20.</strong></span> <span class='ocrx_word' id='word_1_889' title='bbox 1007 5195 1095 5248; x_wconf 80' lang='grc'><strong>⁸⁰1</strong></span> <span class='ocrx_word' id='word_1_890' title='bbox 1128 5197 1364 5252; x_wconf 87' lang='lat' dir='ltr'><strong>&#39;l‘imoth.</strong></span> <span class='ocrx_word' id='word_1_891' title='bbox 1393 5212 1454 5262; x_wconf 75' lang='grc' dir='ltr'>ιι,</span> <span class='ocrx_word' id='word_1_892' title='bbox 1480 5199 1535 5255; x_wconf 75' lang='lat'><strong>5.</strong></span> <span class='ocrx_word' id='word_1_893' title='bbox 1607 5199 1652 5231; x_wconf 80' lang='lat'>“</span> <span class='ocrx_word' id='word_1_894' title='bbox 1697 5194 1867 5256; x_wconf 80' lang='lat' dir='ltr'><strong>Esod.</strong></span> <span class='ocrx_word' id='word_1_895' title='bbox 1901 5217 1985 5269; x_wconf 87' lang='grc' dir='ltr'>ιιι,</span> <span class='ocrx_word' id='word_1_896' title='bbox 2009 5201 2096 5257; x_wconf 79' lang='grc'><strong>14.</strong></span> 
     </span>
    </p>
   </div>
   <div class='ocr_carea' id='block_1_106' title="bbox 640 5346 1763 5423">
    <p class='ocr_par' dir='ltr' id='par_1_106' title="bbox 640 5346 1763 5423">
     <span class='ocr_line' id='line_1_106' title="bbox 640 5346 1763 5423; baseline 0.003 -23"><span class='ocrx_word' id='word_1_897' title='bbox 774 5347 944 5423; x_wconf 74' lang='lat' dir='ltr'><strong>vulgo</strong></span> <span class='ocrx_word' id='word_1_898' title='bbox 967 5349 1152 5423; x_wconf 72' lang='grc' dir='ltr'>ῷφθην</span> <span class='ocrx_word' id='word_1_899' title='bbox 1174 5351 1263 5423; x_wconf 54' lang='grc' dir='ltr'>τῷ</span> <span class='ocrx_word' id='word_1_900' title='bbox 1280 5350 1430 5423; x_wconf 79' lang='grc' dir='ltr'>Ἀδρ.</span> <span class='ocrx_word' id='word_1_901' title='bbox 1445 5352 1540 5405; x_wconf 71' lang='grc' dir='ltr'>καὶ</span> <span class='ocrx_word' id='word_1_902' title='bbox 1559 5352 1638 5423; x_wconf 84' lang='grc' dir='ltr'>τῷ</span> <span class='ocrx_word' id='word_1_903' title='bbox 1670 5354 1763 5407; x_wconf 84' lang='grc' dir='ltr'>Ἰσ.</span> 
     </span>
    </p>
   </div>
   <div class='ocr_carea' id='block_1_107' title="bbox 641 5366 2126 5490">
    <p class='ocr_par' dir='ltr' id='par_1_107' title="bbox 641 5366 2126 5490">
     <span class='ocr_line' id='line_1_107' title="bbox 641 5366 1763 5423; baseline 0.002 -22"><span class='ocrx_word' id='word_1_904' title='bbox 641 5366 748 5415; x_wconf 77' lang='grc' dir='ltr'><strong>μη</strong></span> <span class='ocrx_word' id='word_1_905' title='bbox 783 5366 873 5403; x_wconf 81' lang='lat' dir='ltr'>VIII</span> <span class='ocrx_word' id='word_1_906' title='bbox 914 5368 944 5402; x_wconf 82' lang='grc' dir='ltr'><strong>ο</strong></span> <span class='ocrx_word' id='word_1_907' title='bbox 967 5366 1152 5421; x_wconf 82' lang='grc' dir='ltr'>ωφυην</span> <span class='ocrx_word' id='word_1_908' title='bbox 1174 5369 1205 5405; x_wconf 86' lang='grc' dir='ltr'><strong>τ</strong></span> <span class='ocrx_word' id='word_1_909' title='bbox 1286 5366 1540 5423; x_wconf 60' lang='lat' dir='ltr'><strong>nepam</strong></span> <span class='ocrx_word' id='word_1_910' title='bbox 1559 5368 1638 5423; x_wconf 86' lang='grc' dir='ltr'>τῳ</span> <span class='ocrx_word' id='word_1_911' title='bbox 1675 5366 1763 5407; x_wconf 89' lang='grc' dir='ltr'>Ἰσ.</span> 
     </span>
     <span class='ocr_line' id='line_1_108' title="bbox 641 5366 2126 5490; baseline 0.006 -19"><span class='ocrx_word' id='word_1_912' title='bbox 641 5419 751 5489; x_wconf 71' lang='grc'><strong>(12)</strong></span> <span class='ocrx_word' id='word_1_913' title='bbox 790 5366 934 5485; x_wconf 52' lang='lat' dir='ltr'><strong>Gage</strong></span> <span class='ocrx_word' id='word_1_914' title='bbox 966 5421 1069 5475; x_wconf 74' lang='grc' dir='ltr'><strong>ὢν,</strong></span> <span class='ocrx_word' id='word_1_915' title='bbox 1126 5424 1179 5474; x_wconf 91' lang='lat' dir='ltr'><strong>In</strong></span> <span class='ocrx_word' id='word_1_916' title='bbox 1208 5370 1408 5490; x_wconf 47' lang='lat' dir='ltr'><strong>ilium.)</strong></span> <span class='ocrx_word' id='word_1_917' title='bbox 1436 5423 1650 5475; x_wconf 80' lang='lat' dir='ltr'><strong>additur</strong></span> <span class='ocrx_word' id='word_1_918' title='bbox 1681 5423 1880 5490; x_wconf 83' lang='grc' dir='ltr'>αὐτῶν,</span> <span class='ocrx_word' id='word_1_919' title='bbox 1912 5436 2058 5482; x_wconf 89' lang='lat' dir='ltr'><strong>recte</strong></span> <span class='ocrx_word' id='word_1_920' title='bbox 2113 5445 2126 5480; x_wconf 94' lang='lat'>:</span> 
     </span>
    </p>
   </div>
   <div class='ocr_carea' id='block_1_108' title="bbox 571 5486 2129 5565">
    <p class='ocr_par' dir='ltr' id='par_1_108' title="bbox 571 5486 2129 5565">
     <span class='ocr_line' id='line_1_109' title="bbox 571 5486 2129 5565; baseline 0.01 -27"><span class='ocrx_word' id='word_1_921' title='bbox 571 5486 991 5565; x_wconf 63' lang='lat' dir='ltr'><strong>legendumergp</strong></span> <span class='ocrx_word' id='word_1_922' title='bbox 1012 5488 1374 5565; x_wconf 61' lang='lat' dir='ltr'><strong>ltic._8_ebc_61y</strong></span> <span class='ocrx_word' id='word_1_923' title='bbox 1403 5489 1601 5565; x_wconf 58' lang='grc' dir='ltr'>ἀυτῶν.</span> <span class='ocrx_word' id='word_1_924' title='bbox 1619 5493 1800 5563; x_wconf 75' lang='grc' dir='ltr'>Ὁρᾷς,</span> <span class='ocrx_word' id='word_1_925' title='bbox 1828 5486 1953 5565; x_wconf 87' lang='lat' dir='ltr'><strong>non,</strong></span> <span class='ocrx_word' id='word_1_926' title='bbox 1987 5507 2045 5552; x_wconf 92' lang='lat' dir='ltr'><strong>ut</strong></span> <span class='ocrx_word' id='word_1_927' title='bbox 2075 5498 2129 5553; x_wconf 87' lang='lat' dir='ltr'><strong>in</strong></span> 
     </span>
    </p>
   </div>
   <div class='ocr_carea' id='block_1_109' title="bbox 571 5557 1508 5631">
    <p class='ocr_par' dir='ltr' id='par_1_109' title="bbox 571 5557 1508 5631">
     <span class='ocr_line' id='line_1_110' title="bbox 571 5557 1508 5631; baseline 0.003 -22"><span class='ocrx_word' id='word_1_928' title='bbox 571 5557 754 5631; x_wconf 65' lang='lat' dir='ltr'><strong>codice</strong></span> <span class='ocrx_word' id='word_1_929' title='bbox 780 5559 906 5631; x_wconf 64' lang='lat' dir='ltr'><strong>fuit,</strong></span> <span class='ocrx_word' id='word_1_930' title='bbox 934 5557 1032 5613; x_wconf 72' lang='grc' dir='ltr'><strong>ὧν.</strong></span> <span class='ocrx_word' id='word_1_931' title='bbox 1064 5562 1240 5631; x_wconf 61' lang='grc' dir='ltr'>Αὑτὸν</span> <span class='ocrx_word' id='word_1_932' title='bbox 1265 5561 1417 5631; x_wconf 75' lang='grc' dir='ltr'>ὁρᾷς.</span> <span class='ocrx_word' id='word_1_933' title='bbox 1441 5559 1508 5613; x_wconf 81' lang='lat' dir='ltr'><strong>M.</strong></span> 
     </span>
    </p>
   </div>
   <div class='ocr_carea' id='block_1_110' title="bbox 645 5626 1199 5694">
    <p class='ocr_par' dir='ltr' id='par_1_110' title="bbox 645 5626 1199 5694">
     <span class='ocr_line' id='line_1_111' title="bbox 645 5626 1199 5694; baseline 0.011 -17"><span class='ocrx_word' id='word_1_934' title='bbox 645 5626 755 5692; x_wconf 78' lang='grc'><strong>(15)</strong></span> <span class='ocrx_word' id='word_1_935' title='bbox 780 5627 951 5694; x_wconf 82' lang='lat' dir='ltr'><strong>Vulgo</strong></span> <span class='ocrx_word' id='word_1_936' title='bbox 976 5646 1084 5682; x_wconf 89' lang='lat' dir='ltr'><strong>om.</strong></span> <span class='ocrx_word' id='word_1_937' title='bbox 1122 5630 1199 5683; x_wconf 84' lang='grc' dir='ltr'><strong>δέ.</strong></span> 
     </span>
    </p>
   </div>
   <div class='ocr_carea' id='block_1_111' title="bbox 648 5694 1145 5769">
    <p class='ocr_par' dir='ltr' id='par_1_111' title="bbox 648 5694 1145 5769">
     <span class='ocr_line' id='line_1_112' title="bbox 648 5694 1145 5769; baseline 0 0"><span class='ocrx_word' id='word_1_938' title='bbox 648 5694 759 5769; x_wconf 61' lang='lat' dir='ltr'><strong>(li)</strong></span> <span class='ocrx_word' id='word_1_939' title='bbox 792 5697 928 5769; x_wconf 58' lang='grc' dir='ltr'>Ἀλλ’</span> <span class='ocrx_word' id='word_1_940' title='bbox 956 5701 1014 5769; x_wconf 75' lang='grc' dir='ltr'><strong>ἐν</strong></span> <span class='ocrx_word' id='word_1_941' title='bbox 1042 5700 1145 5769; x_wconf 76' lang='lat' dir='ltr'><strong>Mp-</strong></span> 
     </span>
    </p>
   </div>
   <div class='ocr_carea' id='block_1_112' title="bbox 649 5761 1071 5837">
    <p class='ocr_par' dir='ltr' id='par_1_112' title="bbox 649 5761 1071 5837">
     <span class='ocr_line' id='line_1_113' title="bbox 649 5761 1071 5837; baseline 0 0"><span class='ocrx_word' id='word_1_942' title='bbox 649 5761 760 5837; x_wconf 55' lang='lat'><strong>0?)</strong></span> <span class='ocrx_word' id='word_1_943' title='bbox 784 5767 959 5837; x_wconf 53' lang='lat' dir='ltr'><strong>salso</strong></span> <span class='ocrx_word' id='word_1_944' title='bbox 985 5768 1071 5837; x_wconf 76' lang='grc' dir='ltr'><strong>δή.</strong></span> 
     </span>
    </p>
   </div>
   <div class='ocr_carea' id='block_1_113' title="bbox 645 5833 2133 5914">
    <p class='ocr_par' dir='ltr' id='par_1_113' title="bbox 645 5833 2133 5914">
     <span class='ocr_line' id='line_1_114' title="bbox 645 5833 2133 5914; baseline 0.009 -29"><span class='ocrx_word' id='word_1_945' title='bbox 645 5833 754 5902; x_wconf 85' lang='grc'><strong>(16)</strong></span> <span class='ocrx_word' id='word_1_946' title='bbox 781 5833 911 5888; x_wconf 72' lang='grc' dir='ltr'><strong>Ἵνα</strong></span> <span class='ocrx_word' id='word_1_947' title='bbox 960 5833 1056 5905; x_wconf 74' lang='grc' dir='ltr'><strong>ἵδῄ</strong></span> <span class='ocrx_word' id='word_1_948' title='bbox 1088 5838 1198 5907; x_wconf 73' lang='grc' dir='ltr'><strong>τὴν</strong></span> <span class='ocrx_word' id='word_1_949' title='bbox 1246 5838 1489 5907; x_wconf 73' lang='grc' dir='ltr'><strong>ἡμέραν.</strong></span> <span class='ocrx_word' id='word_1_950' title='bbox 1521 5839 1635 5896; x_wconf 83' lang='lat' dir='ltr'><strong>Non</strong></span> <span class='ocrx_word' id='word_1_951' title='bbox 1683 5844 1898 5898; x_wconf 84' lang='lat' dir='ltr'><strong>memmi</strong></span> <span class='ocrx_word' id='word_1_952' title='bbox 1946 5845 2133 5914; x_wconf 84' lang='lat' dir='ltr'><strong>legisse</strong></span> 
     </span>
    </p>
   </div>
   <div class='ocr_carea' id='block_1_114' title="bbox 2197 5203 3210 5273">
    <p class='ocr_par' dir='ltr' id='par_1_114' title="bbox 2197 5203 3210 5273">
     <span class='ocr_line' id='line_1_115' title="bbox 2197 5203 3210 5273; baseline 0.003 -15"><span class='ocrx_word' id='word_1_953' title='bbox 2197 5203 2242 5236; x_wconf 82' lang='grc'><strong>⁸³</strong></span> <span class='ocrx_word' id='word_1_954' title='bbox 2264 5205 2437 5263; x_wconf 76' lang='lat' dir='ltr'><strong>Exod.</strong></span> <span class='ocrx_word' id='word_1_955' title='bbox 2475 5222 2570 5271; x_wconf 77' lang='lat' dir='ltr'><strong>xx,</strong></span> <span class='ocrx_word' id='word_1_956' title='bbox 2598 5207 2655 5272; x_wconf 72' lang='grc'>2,</span> <span class='ocrx_word' id='word_1_957' title='bbox 2685 5206 2752 5273; x_wconf 74' lang='grc'><strong>5;</strong></span> <span class='ocrx_word' id='word_1_958' title='bbox 2785 5204 2960 5260; x_wconf 80' lang='lat' dir='ltr'><strong>Levit.</strong></span> <span class='ocrx_word' id='word_1_959' title='bbox 2989 5214 3097 5270; x_wconf 67' lang='grc' dir='ltr'>εις,</span> <span class='ocrx_word' id='word_1_960' title='bbox 3120 5205 3210 5261; x_wconf 76' lang='lat'><strong>56.</strong></span> 
     </span>
    </p>
   </div>
   <div class='ocr_carea' id='block_1_115' title="bbox 2237 5359 3805 5431">
    <p class='ocr_par' dir='ltr' id='par_1_115' title="bbox 2237 5359 3805 5431">
     <span class='ocr_line' id='line_1_116' title="bbox 2237 5359 3805 5431; baseline 0.006 -18"><span class='ocrx_word' id='word_1_961' title='bbox 2237 5359 2362 5414; x_wconf 86' lang='lat' dir='ltr'><strong>alibi</strong></span> <span class='ocrx_word' id='word_1_962' title='bbox 2390 5361 2526 5415; x_wconf 88' lang='lat' dir='ltr'><strong>hanc</strong></span> <span class='ocrx_word' id='word_1_963' title='bbox 2570 5359 3105 5431; x_wconf 79' lang='lat' dir='ltr'><strong>interpretationem;</strong></span> <span class='ocrx_word' id='word_1_964' title='bbox 3142 5376 3248 5431; x_wconf 87' lang='lat' dir='ltr'><strong>non</strong></span> <span class='ocrx_word' id='word_1_965' title='bbox 3279 5363 3506 5419; x_wconf 85' lang='lat' dir='ltr'><strong>habetur</strong></span> <span class='ocrx_word' id='word_1_966' title='bbox 3529 5364 3668 5418; x_wconf 74' lang='lat' dir='ltr'><strong>inter</strong></span> <span class='ocrx_word' id='word_1_967' title='bbox 3702 5381 3805 5423; x_wconf 84' lang='lat' dir='ltr'><strong>eas</strong></span> 
     </span>
    </p>
   </div>
   <div class='ocr_carea' id='block_1_116' title="bbox 2234 5429 3797 5500">
    <p class='ocr_par' dir='ltr' id='par_1_116' title="bbox 2234 5429 3797 5500">
     <span class='ocr_line' id='line_1_117' title="bbox 2234 5429 3797 5500; baseline 0.006 -19"><span class='ocrx_word' id='word_1_968' title='bbox 2234 5445 2366 5500; x_wconf 73' lang='lat' dir='ltr'><strong>qtias</strong></span> <span class='ocrx_word' id='word_1_969' title='bbox 2397 5431 2591 5485; x_wconf 88' lang='lat' dir='ltr'><strong>multas</strong></span> <span class='ocrx_word' id='word_1_970' title='bbox 2615 5429 2887 5497; x_wconf 83' lang='lat' dir='ltr'><strong>congessit</strong></span> <span class='ocrx_word' id='word_1_971' title='bbox 2907 5429 3307 5489; x_wconf 88' lang='lat' dir='ltr'><strong>eruditissimus</strong></span> <span class='ocrx_word' id='word_1_972' title='bbox 3332 5433 3687 5500; x_wconf 79' lang='lat' dir='ltr'><strong>Maldonatus,</strong></span> <span class='ocrx_word' id='word_1_973' title='bbox 3722 5442 3797 5490; x_wconf 84' lang='lat' dir='ltr'><strong>ad</strong></span> 
     </span>
    </p>
   </div>
   <div class='ocr_carea' id='block_1_117' title="bbox 2232 5498 2743 5562">
    <p class='ocr_par' dir='ltr' id='par_1_117' title="bbox 2232 5498 2743 5562">
     <span class='ocr_line' id='line_1_118' title="bbox 2232 5498 2743 5562; baseline -0.002 -9"><span class='ocrx_word' id='word_1_974' title='bbox 2232 5498 2386 5553; x_wconf 81' lang='lat' dir='ltr'><strong>Joan.</strong></span> <span class='ocrx_word' id='word_1_975' title='bbox 2423 5516 2544 5562; x_wconf 83' lang='lat' dir='ltr'><strong>vm,</strong></span> <span class='ocrx_word' id='word_1_976' title='bbox 2569 5501 2653 5554; x_wconf 87' lang='lat'><strong>56.</strong></span> <span class='ocrx_word' id='word_1_977' title='bbox 2673 5500 2743 5553; x_wconf 84' lang='lat' dir='ltr'><strong>M.</strong></span> 
     </span>
    </p>
   </div>
   <div class='ocr_carea' id='block_1_118' title="bbox 2303 5569 3811 5641">
    <p class='ocr_par' dir='ltr' id='par_1_118' title="bbox 2303 5569 3811 5641">
     <span class='ocr_line' id='line_1_119' title="bbox 2303 5569 3811 5641; baseline 0.01 -20"><span class='ocrx_word' id='word_1_978' title='bbox 2303 5569 2414 5641; x_wconf 67' lang='grc'><strong>(17)</strong></span> <span class='ocrx_word' id='word_1_979' title='bbox 2434 5570 2803 5641; x_wconf 62' lang='grc' dir='ltr'>Συνέστῃσιν</span> <span class='ocrx_word' id='word_1_980' title='bbox 2852 5573 2890 5641; x_wconf 78' lang='lat' dir='ltr'><strong>d_</strong></span> <span class='ocrx_word' id='word_1_981' title='bbox 2908 5571 3136 5641; x_wconf 14' lang='grc' dir='ltr'>ίτόγος.</span> <span class='ocrx_word' id='word_1_982' title='bbox 3180 5569 3381 5641; x_wconf 82' lang='lat' dir='ltr'><strong>Nempe</strong></span> <span class='ocrx_word' id='word_1_983' title='bbox 3406 5574 3550 5641; x_wconf 82' lang='lat' dir='ltr'><strong>quod</strong></span> <span class='ocrx_word' id='word_1_984' title='bbox 3583 5572 3811 5636; x_wconf 50' lang='lat' dir='ltr'><strong>locutusx</strong></span> 
     </span>
    </p>
   </div>
   <div class='ocr_carea' id='block_1_119' title="bbox 2233 5638 2975 5706">
    <p class='ocr_par' dir='ltr' id='par_1_119' title="bbox 2233 5638 2975 5706">
     <span class='ocr_line' id='line_1_120' title="bbox 2233 5638 2975 5706; baseline -0.003 -13"><span class='ocrx_word' id='word_1_985' title='bbox 2233 5648 2313 5693; x_wconf 89' lang='lat' dir='ltr'><strong>cst</strong></span> <span class='ocrx_word' id='word_1_986' title='bbox 2343 5640 2500 5698; x_wconf 82' lang='lat' dir='ltr'><strong>Deus.</strong></span> <span class='ocrx_word' id='word_1_987' title='bbox 2540 5638 2677 5706; x_wconf 86' lang='grc' dir='ltr'><strong>Ἐγώ</strong></span> <span class='ocrx_word' id='word_1_988' title='bbox 2711 5640 2845 5706; x_wconf 84' lang='grc' dir='ltr'>είμι.</span> <span class='ocrx_word' id='word_1_989' title='bbox 2874 5639 2975 5706; x_wconf 76' lang='grc' dir='ltr'>Μ..</span> 
     </span>
    </p>
   </div>
   <div class='ocr_carea' id='block_1_120' title="bbox 2306 5705 3159 5778">
    <p class='ocr_par' dir='ltr' id='par_1_120' title="bbox 2306 5705 3159 5778">
     <span class='ocr_line' id='line_1_121' title="bbox 2306 5705 3159 5778; baseline 0.002 -18"><span class='ocrx_word' id='word_1_990' title='bbox 2306 5707 2416 5778; x_wconf 87' lang='grc'><strong>(18)</strong></span> <span class='ocrx_word' id='word_1_991' title='bbox 2449 5707 2572 5778; x_wconf 65' lang='lat' dir='ltr'><strong>Mss.</strong></span> <span class='ocrx_word' id='word_1_992' title='bbox 2609 5705 2721 5778; x_wconf 79' lang='grc' dir='ltr'>ὁδὲ</span> <span class='ocrx_word' id='word_1_993' title='bbox 2741 5705 2871 5772; x_wconf 78' lang='grc' dir='ltr'>Θεὸς</span> <span class='ocrx_word' id='word_1_994' title='bbox 2892 5705 2971 5772; x_wconf 78' lang='grc' dir='ltr'>εἷς</span> <span class='ocrx_word' id='word_1_995' title='bbox 2994 5708 3159 5763; x_wconf 77' lang='grc' dir='ltr'>ἔστιν.</span> 
     </span>
    </p>
   </div>
   <div class='ocr_carea' id='block_1_121' title="bbox 2307 5776 3420 5852">
    <p class='ocr_par' dir='ltr' id='par_1_121' title="bbox 2307 5776 3420 5852">
     <span class='ocr_line' id='line_1_122' title="bbox 2307 5776 3420 5852; baseline 0.007 -25"><span class='ocrx_word' id='word_1_996' title='bbox 2446 5776 2614 5852; x_wconf 58' lang='lat' dir='ltr'><strong>ango</strong></span> <span class='ocrx_word' id='word_1_997' title='bbox 2639 5777 2700 5848; x_wconf 85' lang='grc' dir='ltr'>δή</span> <span class='ocrx_word' id='word_1_998' title='bbox 2720 5818 2734 5840; x_wconf 88' lang='grc'><strong>,</strong></span> <span class='ocrx_word' id='word_1_999' title='bbox 2774 5795 2890 5852; x_wconf 77' lang='lat' dir='ltr'><strong>mox</strong></span> <span class='ocrx_word' id='word_1_1000' title='bbox 2925 5779 3077 5849; x_wconf 74' lang='lat' dir='ltr'><strong>vulgo</strong></span> <span class='ocrx_word' id='word_1_1001' title='bbox 3106 5779 3420 5852; x_wconf 82' lang='grc' dir='ltr'>ἀρνήσηται.</span> 
     </span>
    </p>
   </div>
   <div class='ocr_carea' id='block_1_122' title="bbox 2311 5844 2825 5916">
    <p class='ocr_par' dir='ltr' id='par_1_122' title="bbox 2311 5844 2825 5916">
     <span class='ocr_line' id='line_1_123' title="bbox 2311 5844 2825 5916; baseline 0.006 -18"><span class='ocrx_word' id='word_1_1002' title='bbox 2311 5846 2419 5916; x_wconf 60' lang='lat'><strong>(9.0)</strong></span> <span class='ocrx_word' id='word_1_1003' title='bbox 2446 5844 2614 5912; x_wconf 72' lang='lat' dir='ltr'><strong>Vulgo</strong></span> <span class='ocrx_word' id='word_1_1004' title='bbox 2647 5844 2752 5900; x_wconf 81' lang='lat' dir='ltr'><strong>oin.</strong></span> <span class='ocrx_word' id='word_1_1005' title='bbox 2781 5849 2825 5899; x_wconf 87' lang='grc' dir='ltr'><strong>ὁ.</strong></span> 
     </span>
    </p>
   </div>
  </div>
