4082 6440
329 423 458 510 ’957

1287 462 1377 518 DE
1418 463 1954 523 ECCLESIASTICA
1987 466 2374 524 THEOLOGIA
2399 467 2526 526 LIB.
2569 467 2620 525 ll.

3491 475 3596 529 953

343 570 533 624 ταῦθα
572 573 652 645 μὴ,
675 576 1018 646 ταραττέσοω
1037 577 1132 647 τὴν
1159 577 1356 647 ψυχὴν,
1385 579 1522 632 ἀλλὰ
1541 581 1634 634 καὶ
1667 581 1774 634 τῶν
1808 581 1916 652 ἑξῆς

2038 582 2289 652 trepidet,
2322 585 2414 639 sed
2455 584 2702 638 attendat
2731 601 2852 655 quae
2886 595 3192 656 sequuntur
3213 589 3415 644 statim.
3458 589 3593 646 Cum

345 667 724 734 συνημμένων
753 667 1022 721 ἀκουέτω⁶
1049 667 1214 721 εἰπὼν
1246 669 1374 740 γάρ,
1416 673 1534 724 Οὐκ
1562 671 1806 725 ἔσονταί
1834 688 1934 728 σοι

345 754 475 806 θεοὶ
541 755 729 824 ἕτεροι
774 758 938 824 πλὴν
969 759 1134 828 ἐμοῦ,
1191 761 1495 830 ἐπήγαγεν·
1539 765 1620 816 Οὐ
1661 763 1931 830 ποιήσεις

343 846 1002 917 σεαυτῷ(21)εἵδωλον,
1028 851 1169 904 οὐδὲ
1189 852 1412 918 παντὸς
1428 855 1706 923 ὁμοίωμα,
1729 855 1844 910 ὅσα
1864 857 1932 909 ἐν

342 931 428 997 τῷ
456 936 698 1002 οὐρανῷ
719 938 858 1004 ἄνω,
879 941 974 993 καὶ
988 941 1104 994 ὅσα
1125 943 1194 994 ἐν
1216 943 1292 1010 τῇ
1411 945 1585 1009 κάτω,
1609 947 1704 999 καὶ
1732 947 1847 1002 ὅσα
1862 949 1931 1001 ἐν

341 1027 475 1091 τοῖς
505 1029 730 1084 ὕδασιν
754 1031 1027 1086 ὑποκάτω
1055 1032 1164 1102 τῆς
1184 1033 1314 1102 γῆς.
1355 1037 1435 1089 Οὐ
1483 1040 1931 1106 προσκυνήσεις

339 1119 585 1187 αὐτοῖς,
602 1123 742 1177 οὐδὲ
748 1124 832 1193 μὴ
844 1126 1190 1194 λατρεύσεις
1205 1125 1424 1191 αὐτοῖς,
1438 1126 1551 1195 ἐγὼ
1565 1128 1674 1196 γάρ
1689 1132 1804 1198 ειμι
1817 1133 1932 1184 Κύ-

334 1228 477 1280 ριος
507 1212 542 1265 ὁ
572 1217 716 1280 Θεός
740 1230 878 1280 σου,
931 1219 1146 1284 Κύριος
1166 1216 1448 1284 ζηλωτής.
1485 1221 1645 1290 Ὁρᾷς
1669 1223 1815 1286 ὅπως
1848 1224 1925 1277 δι·

340 1304 638 1359 εστέλλετο
655 1308 865 1379 (22),μὴ
883 1312 947 1379 τῇ
968 1309 1074 1361 τῶν
1091 1310 1256 1364 ἐθνῶν
1272 1311 1515 1382 πολυοέῳ
1536 1313 1712 1388 πλάνῃ
1725 1333 1927 1369 συναπ-

340 1393 608 1462 άγεσθαι,
634 1399 790 1468 μόνον
819 1399 876 1452 δὲ
903 1401 1062 1454 αὐτὸν
1088 1403 1282 1456 εἰδέναι
1308 1403 1438 1456 Θεὸν
1461 1406 1553 1458 καὶ
1581 1406 1802 1476 Κύριον.
1833 1407 1926 1470 Τίς

337 1486 387 1538 δ’
419 1483 521 1540 οὖν
567 1482 757 1556 οὗτος
797 1492 853 1544 '0
875 1493 1000 1556 Υἱὸς
1017 1493 1113 1564 τὴν
1137 1495 1318 1547 εἰκόνα
1347 1497 1438 1549 τοῦ
1475 1499 1685 1567 Πατρὸς
1705 1498 1841 1569 ἔχων
1866 1501 1924 1552 ἐν

338 1579 551 1650 ἐαυτῷ,
591 1581 648 1646 ἐξ
681 1582 986 1646 αὐθεντεὶας
1025 1602 1082 1636 τε
1120 1585 1284 1638 αὐτοῦ
1326 1589 1438 1649 τοῖς
1486 1588 1923 1661 εἰδωλολατρείαν

339 1671 569 1724 νοσοῦσι
604 1671 774 1725 ταῦτα
802 1673 1230 1744 διαταττόμενος.
1273 1676 1358 1739 Ὠς
1386 1677 1491 1751 γὰρ
1524 1680 1698 1732 πάντα
1727 1680 1793 1732 δι’
1828 1681 1925 1733 αὐ-

337 1760 438 1812 τοῦ
466 1761 711 1829 ἐγένετο,
741 1764 834 1816 τοῦ
854 1765 1064 1835 Πατρὸς
1089 1765 1174 1818 διὰ
1199 1766 1292 1819 τοῦ
1316 1769 1564 1840 Σωτῆρος
1583 1769 1682 1841 τὴν
1697 1771 1804 1822 τῶν
1826 1789 1923 1840 γε-

338 1850 526 1920 νητῶν
573 1853 830 1908 ἁπάντων
878 1856 1063 1910 οὐσίαν
1101 1857 1210 1928 (25)
1255 1858 1719 1930 ὑποστησαμένου,
1750 1861 1916 1925 οὕτως

2024 1858 2168 1909 nium
2227 1856 2579 1910 substantiam
2640 1873 2760 1925 qua:
2823 1869 3202 1922 generantur;

2035 675 2181 728 enim
2217 675 2426 729 dixerat
2456 715 2470 738 ,
2529 674 2655 730 Non
2699 687 2850 731 erunt
2897 679 2992 731 tibi
3033 679 3110 732 dii
3137 679 3230 732 alii
3271 691 3462 750 prwter
3491 700 3596 746 me,

2033 765 2336 830 subintulit,
2374 765 2499 820 Non
2529 768 2687 834 facies
2719 768 2812 820 tibi
2842 769 3081 834 idolum,
3109 785 3269 839 neque
3300 788 3499 826 omnem
3522 778 3594 826 si-

2035 857 2383 910 militudinem
2414 874 2590 911 eorum
2620 875 2734 927 qua:
2764 869 2888 912 sunt
2919 861 2971 913 in
2997 861 3124 914 ccelo
3164 879 3391 927 sursum,
3425 874 3516 916 aut
3539 865 3592 918 in

2031 960 2171 1003 terra
2204 951 2470 1017 deorsum,
2504 961 2594 1003 aut
2618 968 2734 1020 qua:
2769 955 2963 1005 suntin
2998 955 3146 1018 aquis
3175 955 3348 1008 subter
3364 966 3589 1020 terram;

2032 1056 2134 1092 non
2165 1041 2409 1093 adorabis
2440 1041 2556 1106 illa,
2596 1058 2698 1095 non
2725 1043 2971 1097 inservies
3004 1044 3132 1106 illis,
3169 1044 3277 1113 Ego
3310 1046 3449 1098 enim
3474 1062 3591 1098 sum

2029 1132 2290 1184 Dominus
2327 1131 2468 1186 Deus
2514 1144 2665 1198 tuus,
2700 1134 2837 1188 Deus
2870 1135 3059 1189 zelotes
3086 1136 3153 1191 ⁵³.
3187 1135 3345 1192 Vides
3367 1146 3431 1191 ut‘
3452 1152 3588 1207 prae-

2029 1218 2232 1288 ceperit
2259 1220 2309 1274 id
2335 1221 2528 1284 solum,
2561 1238 2629 1276 ne
2656 1225 2722 1277 ab
2750 1239 2934 1278 errore
2968 1225 3251 1293 gentilitio,
3275 1228 3340 1281 de
3363 1227 3590 1282 deorum

2029 1311 2392 1378 multitudine,
2451 1315 2846 1369 abducerentur
2874 1356 2889 1381 ,
2925 1317 3022 1370 sed
3056 1317 3226 1371 solum
3279 1319 3452 1387 ipsum
3484 1319 3596 1373 Do-

2027 1403 2229 1456 minum
2267 1415 2426 1472 atque
2462 1405 2622 1458 Deum
2683 1416 3056 1474 agnoscerent.
3110 1407 3240 1474 Quis
3287 1418 3404 1462 erat
3437 1409 3537 1463 iste
3563 1409 3596 1461 ἲν

2027 1510 2217 1564 nempe
2244 1496 2412 1550 Filius
2450 1495 2620 1550 Patris
2673 1497 2958 1567 imaginem
3008 1499 3060 1552 in
3105 1514 3163 1554 se
3209 1499 3458 1555 habens:
3494 1501 3585 1570 qui

2024 1599 2122 1652 pro
2174 1600 2268 1639 sua
2321 1601 2478 1655 quam
2539 1589 2723 1642 habuit
2771 1590 3092 1644 auctoritate
3143 1592 3439 1647 idololatris
3481 1594 3590 1648 ista.

2025 1674 2078 1727 in
2132 1677 2399 1730 mandatis
2449 1677 2618 1730 dedit.
2676 1677 2806 1730 Nam
2876 1688 2934 1732 ut
2985 1681 3166 1734 omnia
3214 1680 3372 1734 Pater
3423 1680 3583 1738 fecis-

2023 1780 2083 1818 se
2139 1766 2493 1834 dicitur'per
2561 1766 2900 1822 Servatorem
2935 1810 2948 1833 ,
3007 1769 3096 1835 qui
3163 1771 3398 1839 suscepit
3453 1785 3582 1825 om-

3266 1861 3336 1912 ita
3397 1870 3452 1912 et
3520 1865 3578 1923 ὦ

337 1941 510 2004 αὐτὸς
538 1937 610 2012 ἦν
636 1946 663 1997 ὸ
695 1945 884 2016 Πατὴρ
912 1946 1010 2016 τὴν
1038 1948 1116 2009 εἰς
1137 1947 1296 2001 αὑτὸν
1328 1949 1526 2018 γνῶσίν
1553 1969 1612 2004 τε
1643 1954 1736 2006 καὶ
1763 1954 1916 2006 εὐσέ-

2019 1947 2133 2016 ipse
2174 1947 2332 2001 Pater
2361 1945 2461 2000 fuit
2508 1948 2595 2016 qui
2646 1962 2740 2017 per
2800 1948 2993 2002 Filium
3035 1949 3382 2002 mediatorem
3411 1990 3426 2015 ,
3461 1950 3573 2018 pie-

338 2029 499 2084 σειαν
538 2031 630 2085 διὰ
677 2033 892 2102 μεσίτου
941 2034 1033 2087 τοῦ
1070 2036 1197 2089 Υἱοῦ
1232 2039 1553 2108 παραδιδοὺς
1593 2040 1916 2112 ἀνθρώποις.

340 2121 533 2174 Τοῦτο
566 2124 626 2177 δὲ
655 2126 749 2178 καὶ
776 2128 804 2179 ὁ
849 2127 1167 2192 Ἀπόστολος
1201 2130 1383 2193 αὐτοῖς
1413 2131 1618 2201 ῥήμασι
1656 2132 1920 2198 Γαλάταις

335 2212 579 2283 γράφων
603 2215 866 2281 ἐδίδασκε,
890 2217 956 2270 δι’
981 2213 1054 2273 ὧν
1081 2219 1185 2290 ἔφη
1202 2237 1216 2250 ο
1253 2221 1305 2273 Ὁ
1332 2222 1513 2290 νόμος
1529 2221 1822 2291 διαταγεὶς
1843 2223 1917 2278 δι’

327 2306 624 2376 ἀγγέλων
650 2309 719 2361 ἐν
755 2308 902 2376 χειρὶ
925 2311 1176 2379 μεσίτου
1194 2328 1208 2341 ⁶
1231 2315 1264 2366 ό
1287 2311 1355 2364 δέ
1369 2314 1618 2381 μεσίτης
1647 2315 1783 2380 ἐνὸς
1804 2317 1916 2368 οὐκ

327 2396 522 2452 ἐστιν-
541 2415 555 2429 ·
585 2399 618 2452 ὸ
645 2398 712 2452 δὲ
734 2398 876 2464 Θεὸς
902 2395 990 2466 εἴς
1015 2401 1184 2456 ἐστιν
1209 2403 1342 2474 (24).
1370 2405 1489 2458 Κᾶν
1514 2404 1646 2478 λέγῃ
1663 2422 1679 2436 ο
1709 2405 1913 2471 Ἴδετε,

329 2487 423 2542 ὅτι
461 2489 590 2559 ἐγώ
620 2492 754 2560 εὶμι,
791 2494 887 2546 καὶ
919 2496 1028 2547 οὐκ
1049 2494 1180 2548 ἐστι
1209 2495 1352 2560 Θεὸς
1398 2496 1566 2564 πλὴν
1611 2499 1777 2566 ἐμοῦ,
1813 2499 1916 2552 πά-

329 2579 418 2634 λιν
450 2581 480 2632 ὁ
527 2581 713 2652 Πατὴρ
740 2578 828 2652 ἦν,
859 2583 932 2647 ὡς
961 2582 1048 2636 διὰ
1076 2584 1280 2648 εἰκόνος
1305 2587 1398 2639 καὶ
1430 2587 1668 2656 μεσίτου,
1703 2589 1791 2642 διὰ
1821 2590 1914 2643 τοῦ

335 2671 476 2724 Υἱοῦ
495 2672 657 2726 τοῦτο
674 2673 896 2742 φάσκων
917 2690 930 2704 ·
946 2675 1004 2728 οὐ
1018 2675 1122 2746 γὰρ
1133 2674 1196 2747 δὴ
1211 2674 1454 2744 λέγοντος
1472 2678 1568 2748 μὲν
1583 2678 1800 2732 Ἡσαΐου
1821 2681 1914 2734 τοῦ

339 2765 652 2832 προφήτου,
690 2765 862 2832 Υὶοὺς
907 2767 1205 2836 ἐγέννησα
1228 2770 1325 2822 καὶ
1355 2770 1590 2838 ῦψωσα,
1616 2773 1709 2825 καὶ
1735 2774 1912 2839 πάλιν,

353 2855 598 2923 Ἰσραὴλ
615 2856 681 2910 δέ
705 2875 781 2926 με
805 2861 916 2912 οὐκ
949 2860 1119 2930 ἔγνω,
1145 2861 1239 2915 καὶ
1280 2863 1312 2914 ὸ
1347 2864 1495 2928 λαός
1520 2882 1593 2933 με
1625 2869 1695 2920 οὐ
1724 2866 1918 2935 συνῆ-

341 2963 435 3013 κε,
481 2948 575 3002 καὶ
606 2944 777 3014 αὖθις,
835 2951 974 3021 Ἐγὼ
1002 2951 1150 3008 πᾶσι
1187 2955 1310 3021 τοῖς
1349 2956 1589 3025 ἄστροις
1622 2958 1915 3013 ἐνετειλά-

333 3054 488 3108 μην,
519 3039 628 3103 καὶ,
653 3038 733 3108 Τῇ
777 3042 927 3110 χειρί
966 3060 1086 3112 μου
1117 3044 1452 3112 ἐστερέωσα
1492 3048 1599 3101 τὸν
1631 3050 1910 3118 οὐρανὸν,

337 3127 438 3178 καὶ
471 3128 573 3181 ὅσα
609 3129 740 3184 ἄλλα
765 3132 1006 3200 τοιαῦτα,
1041 3135 1101 3186 οὐ
1138 3135 1230 3189 τὸν
1273 3137 1498 3192 Ἡσαΐαν
1537 3140 1705 3194 ταῦτα
1737 3142 1915 3210 λέγειν

2021 2047 2178 2092 tatem
2207 2049 2260 2091 et
2285 2039 2364 2091 sui
2402 2039 2762 2108 cognitionem
2798 2039 3110 2093 hominibus
3134 2038 3575 2093 communicavit.

2017 2129 2130 2184 lloc.
2160 2129 2377 2182 totidem
2412 2130 2606 2190 verbis.
2649 2129 2715 2182 ad
2747 2127 2972 2184 Galatas
3017 2131 3261 2184 scribens
3289 2129 3576 2198 Apostolus

2017 2220 2261 2281 docebat,
2295 2217 2401 2271 Leo:
2434 2220 2678 2272 ordinata
2730 2237 2822 2289 per
2863 2220 3070 2290 angelos
3111 2222 3163 2273 in
3196 2236 3352 2273 manu
3382 2221 3582 2274 media-

2017 2308 2166 2361 toris.
2210 2307 2475 2360 Mediator
2509 2318 2682 2360 autem
2720 2309 2878 2361 unius
2913 2324 3016 2361 non
3050 2319 3125 2362 est
3166 2323 3185 2360 :
3233 2307 3373 2361 Deus
3409 2318 3581 2361 autent

2016 2415 2147 2452 unus
2193 2408 2267 2452 est
2311 2398 2376 2452 ⁵⁸.
2439 2398 2506 2452 Et
2544 2399 2669 2453 alibi
2694 2399 2788 2462 ait,
2866 2396 3039 2452 Videte
3105 2399 3242 2466 quod
3304 2415 3394 2467 ego
3440 2413 3580 2462 sum,

2014 2501 2062 2544 et
2092 2501 2282 2558 praeter
2318 2507 2398 2543 me
2436 2506 2538 2542 non
2568 2502 2643 2542 est
2683 2491 2818 2543 alius
2862 2490 3000 2543 Deus
3027 2489 3094 2542 ⁸⁵.
3137 2489 3296 2543 Pater
3335 2490 3423 2543 hic
3461 2498 3580 2543 erat

2016 2584 2105 2653 qui
2141 2598 2234 2651 per
2273 2582 2490 2645 Filium,
2521 2592 2776 2651 tanquam
2806 2581 3094 2652 imaginem
3128 2591 3183 2635 et
3219 2581 3572 2634 mediatorem

2017 2677 2120 2730 ista
2156 2675 2331 2728 dixit:
2372 2688 2476 2726 non
2514 2673 2656 2725 enim
2702 2687 2822 2725 cum
2858 2671 3049 2724 Isaiam
3073 2670 3319 2724 audimus
3351 2670 3579 2739 prophe-

2017 2775 2121 2820 tam
2152 2767 2438 2827 dicentem,
2465 2761 2636 2816 Filios
2664 2764 2816 2831 genui
2850 2771 2896 2815 et
2928 2760 3148 2815 exaltavi
3169 2760 3252 2825 ⁸⁶;
3283 2769 3335 2814 et
3359 2761 3576 2824 iterum,

2014 2855 2185 2910 Israel
2225 2866 2399 2908 autem
2428 2870 2507 2907 me
2539 2870 2638 2906 non
2672 2852 2929 2922 cognovit,
2957 2863 3004 2905 et
3036 2851 3255 2920 populus
3287 2866 3430 2903 meus
3474 2866 3578 2903 non

2017 2946 2265 3001 intellexit
2289 2947 2372 3013 '7;
2405 2953 2459 3000 et
2506 2960 2711 3008 rursus,
2757 2943 3010 2996 Omnibus
3053 2943 3312 2995 sideribus
3348 2958 3439 3011 ego
3479 2942 3579 2994 int-

2015 3041 2231 3109 peravi;
2265 3047 2338 3104 ct,
2363 3055 2522 3091 manu
2547 3054 2660 3090 mea
2690 3036 2893 3105 ﬁrmavi
2927 3034 3111 3089 caelum
3132 3035 3200 3101 ⁸⁸,
3231 3045 3284 3089 ct
3310 3050 3428 3103 quae
3456 3045 3580 3089 sunt

2013 3131 2245 3196 similia;
2269 3146 2374 3184 non
2409 3129 2627 3184 ablsaia
2656 3129 2781 3194 ista,
2811 3129 3050 3195 inquam,
3083 3127 3292 3196 prolata
3312 3128 3578 3192 dicemus,

337 3219 615 3288 φήσομεν,
646 3222 712 3273 δι’
734 3223 896 3276 αὐτοῦ
935 3225 991 3278 δὲ
1035 3226 1125 3280 τὸν
1169 3229 1226 3281 ὲν
1271 3229 1417 3300 αὐτῷ
1453 3229 1714 3286 λαλοῦντα
1751 3233 1911 3288 Θεόνο

2017 3227 2109 3280 sed
2135 3239 2164 3277 a
2198 3224 2305 3278 Deo
2334 3240 2384 3276 tn
2417 3223 2531 3290 ipso
2575 3223 2845 3290 loquente.
2877 3222 3140 3286 Quocirca
3171 3222 3346 3276 eritne
3391 3221 3578 3277 incon-

331 3307 462 3377 οὐχὶ
495 3309 553 3360 δὲ
581 3310 674 3362 καὶ
703 3312 794 3363 ἐπὶ
826 3312 916 3364 τοῦ
959 3315 1276 3382 μονογενοῦς
1297 3318 1426 3370 Υἱοῦ
1458 3319 1550 3371 τοῦ
1589 3320 1723 3373 Θεοῦ
1741 3361 1754 3386 ,
1783 3323 1915 3394 πρέ-

2017 3329 2206 3383 gruum
2248 3315 2473 3373 dixisse,
2506 3313 2718 3366 Patrem
2765 3325 2859 3379 per
2897 3309 3089 3363 Filium
3138 3327 3295 3364 suum
3332 3311 3578 3380 unigeni-

333 3413 432 3449 ποι
461 3396 534 3450 ἂν
561 3399 651 3451 τὸν
688 3400 902 3469 Πατέρα
920 3401 985 3453 δι’
1013 3402 1176 3456 αὐτοῦ
1202 3405 1397 3474 χρῆναι
1426 3407 1598 3461 ταῦτα
1625 3409 1914 3482 διαμαρτύ-

339 3485 546 3560 ρασθαι
576 3491 687 3551 τοῖς
711 3489 817 3542 τῶν
853 3489 1069 3543 τοιῶνδε
1101 3493 1570 3562 παραγγελμάτων
1607 3495 1909 3565 δεομένοις;

337 3573 726 3646 εἰδωλολάτραι
754 3577 799 3629 δ’
824 3572 962 3648 ἦσαν
982 3571 1144 3644 οὗτοι,
1179 3580 1252 3644 ὼς
1277 3582 1311 3652 ἡ
1341 3583 1478 3654 αὐτὴ
1505 3583 1743 3638 διδάσκει
1773 3587 1910 3658 Γρα-
1956 3575 1964 3582 ’

339 3665 418 3736 φὴ
452 3666 704 3734 λέγουσα·
739 3669 848 3721 Καὶ
881 3665 1000 3722 εῐπε
1042 3671 1265 3741 Κύριος·
1321 3692 1339 3724 ι
1369 3673 1478 3726 Ποῦ
1513 3675 1652 3728 εἰσιν
1705 3678 1752 3728 οἱ
1801 3676 1912 3731 Θεοὶ

345 3777 366 3809 ι
413 3757 626 3824 αὐτῶνς
683 3762 768 3830 ἐφ’
814 3756 894 3824 οἷς
937 3762 1315 3816 ὲπεποίθεισαν
1366 3765 1450 3817 ἐπ’
1495 3767 1696 3830 αὐτοῖς,
1746 3759 1820 3821 ὧν
1851 3768 1913 3822 τὸ

347 3868 366 3899 ι
414 3849 580 3921 στέαρ
603 3849 710 3904 τῶν
745 3852 944 3906 Θυσιῶν
972 3853 1148 3906 αὐτῶν
1187 3855 1422 3924 ἡσθίετε,
1449 3857 1541 3910 καὶ
1573 3859 1784 3911 ὲπίνετε
1819 3860 1911 3914 τὸν

349 3959 366 3990 ι
411 3935 556 3992 οἶνον
605 3940 713 3993 τῶν
769 3942 1008 3996 σπονδῶν
1059 3944 1255 4000 αὐτῶν.
1328 3947 1757 4019 Ἀναστήτωσαν,
1817 3951 1912 4006 καὶ

349 4051 368 4082 ι
424 4030 844 4102 βοηθησάτωσαν
887 4034 1034 4103 ὑμῖν,
1076 4036 1168 4088 καὶ
1201 4037 1584 4109 γενηθήτωσαν
1607 4039 1756 4109 ὑμῶν
1784 4057 1911 4094 σκε-

347 4141 368 4173 ι
414 4123 637 4177 πασταί.
695 4144 712 4177 t
769 4125 989 4190 Τούτοις
1044 4128 1152 4200 γὰρ
1211 4130 1476 4200 συνῆπται
1529 4130 1623 4197 τὸ,
1655 4149 1674 4182 ι
1720 4133 1908 4198 Ἴδετε,

349 4233 367 4264 ι
409 4213 547 4266 ἴδετε
606 4215 689 4269 ὅτι
743 4217 852 4287 ἐγώ
913 4221 1049 4290 ειμι,
1118 4219 1212 4272 καὶ
1281 4220 1382 4273 οὐκ
1437 4219 1549 4275 ἐστι
1599 4221 1731 4288 Θεὸς
1772 4223 1910 4295 πλὴν

350 4324 368 4357 ι
413 4303 571 4380 ἐμοῦ.
622 4325 642 4360 ι

971 4404 1125 4457 ΚΕΦ.
1157 4406 1284 4460 KB’.

345 4493 478 4547 Ὀτι
502 4495 599 4548 καὶ
630 4493 700 4548 ἐν
727 4494 848 4560 τοῖς
873 4495 1323 4621 πὲιὲὶφήὲαιςηδιὰ
1351 4499 1454 4553 τοῦ
1485 4500 1620 4554 Υἱοῦ
1649 4505 1684 4555 ό
1705 4500 1909 4571 Πατὴρ

1001 4585 1063 4621 εο
1105 4585 1312 4621 ογιειτο.

1001 4585 1312 4637 εολογειτο.

409 4653 531 4707 Κᾶν
550 4655 806 4725 μυριάκις
820 4655 997 4708 τοίνυν
1016 4655 1104 4709 διὰ
1121 4657 1214 4708 τοῦ
1238 4660 1512 4730 προφήτου
1537 4658 1670 4729 βοῶν
1701 4662 1902 4734 φάσκῃ,

344 4744 521 4813 Πλὴν
546 4745 690 4814 ἐμοῦ
721 4747 830 4799 οὐκ
853 4747 982 4801 ἐστι
1005 4749 1166 4814 Θεὸς,
1196 4751 1289 4802 καὶ
1316 4751 1481 4820 πλὴν
1495 4752 1638 4821 ἐμοῦ
1655 4755 1763 4807 οὐκ
1780 4754 1910 4810 ἐστι

342 4836 576 4904 δίκαιος
589 4836 686 4890 καὶ
706 4837 929 4906 Σωτὴρ,
974 4842 1066 4894 καὶ
1087 4841 1233 4894 Θεὸν
1264 4843 1430 4910 πλὴν
1442 4845 1584 4913 ἐμοῦ
1600 4847 1674 4899 οὐ
1686 4847 1906 4915 γνώσῃ,

344 4929 440 4981 καὶ
459 4929 659 4990 σώζων
688 4932 798 4984 οὐκ
829 4931 961 4985 ἔστι
987 4932 1176 5000 παρὲξ
1209 4933 1322 5005 (25)
1342 4935 1507 5004 ἐμοῦ,
1532 4939 1624 4991 καὶ
1656 4940 1755 4991 ὅσα
1777 4939 1909 4994 ἄλλα

342 5021 552 5084 τούτοις
592 5021 793 5090 ἀδελφὰ
832 5024 888 5077 ἐν
932 5027 1041 5087 τοῖς
1073 5022 1276 5088 λοιποῖς
1318 5026 1538 5097 φέρεται
1576 5031 1902 5100 προφήταις,

346 5112 493 5178 Θεὸς
509 5109 604 5182 ἦν,
628 5116 722 5168 καὶ
741 5115 810 5178 ἐξ
829 5116 1060 5169 ἐκείνου
1093 5115 1162 5170 ἐν
1186 5116 1414 5184 Χριστῷ
1440 5120 1667 5188 κόσμον
1682 5125 1903 5175 καταλ-

346 5203 598 5259 λάσσων
617 5206 828 5272 ἑαυτῷ,
851 5209 944 5262 καὶ
965 5208 1124 5272 αὐτὸς
1143 5205 1209 5278 ἦν
1241 5209 1273 5260 ὁ
1299 5209 1488 5281 Πατὴρ
1507 5210 1678 5266 ταῦτα
1694 5213 1782 5265 διὰ
1802 5211 1896 5266 τοῦ

348 5296 665 5367 μονογενοῦς
698 5298 850 5365 Υἰοῦ,
902 5295 988 5353 οἷα
1019 5300 1086 5354 δι’
1111 5300 1409 5372 ἑρμηνέως,
1441 5300 1742 5372 ἀνθρώποις
1766 5304 1898 5356 ὑπο-

2014 3417 2122 3460 tum
2152 3406 2266 3460 inec
2300 3404 2646 3474 praelocutum
2681 3402 2952 3455 afﬁrmare
3007 3401 3144 3471 apud
3202 3416 3295 3455 eos
3332 3403 3421 3468 qui
3458 3403 3577 3457 istis

2011 3497 2319 3566 indigebant
2350 3495 2614 3550 mandatis
2656 3503 2711 3548 et
2761 3494 3252 3549 admonitionibus?
3281 3495 3449 3548 Erant
3479 3510 3575 3547 au-

2009 3594 2114 3640 tem
2165 3587 2306 3654 quod
2347 3594 2572 3639 testatur
2622 3584 2921 3651 Scriptura,
2959 3585 3010 3637 hi
3060 3583 3406 3638 idololatrre.‘
3429 3584 3576 3638 Dixit

2009 3677 2150 3732 enim
2170 3675 2424 3730 Dominus
2456 3693 2471 3728 :
2512 3673 2609 3728 Ubi
2628 3683 2756 3744 gunt
2784 3673 2862 3726 dii
2888 3673 3097 3727 illorum
3124 3677 3148 3730 ?
3173 3675 3426 3745 inquibus
3452 3693 3577 3729 εοη⁴

2007 3766 2234 3836 lidebant
2263 3805 2279 3831 ,
2322 3782 2542 3836 quorum
2599 3767 2662 3818 de
2722 3765 2994 3832 sacri/ictis
3028 3766 3229 3834 adipem
3259 3767 3574 3833 comedistis,

2007 3869 2054 3913 et
2091 3859 2292 3912 bibistis
2329 3859 2502 3911 vinum
2535 3858 2597 3909 de
2625 3858 2790 3925 epulis
2851 3874 3029 3912 eorum
3055 3874 3073 3911 :
3104 3867 3319 3925 surgant
3346 3867 3391 3910 et
3418 3858 3575 3926 adju-

2009 3961 2122 4006 vent
2156 3969 2262 4017 vos,
2313 3961 2360 4004 et
2390 3951 2519 4019 ﬁant
2556 3952 2930 4004 obumbracula
2985 3952 3122 4004 vobis
3150 3951 3212 4004 ⁵⁸.
3247 3948 3400 4005 Nunc
3423 3950 3574 4006 hisce

2012 4043 2188 4098 verbis
2220 4043 2438 4096 adunita
2493 4053 2652 4107 sunt,
2695 4040 2900 4108 Videte,
2947 4043 3107 4096 videte
3138 4042 3274 4111 quod
3293 4058 3384 4112 ego
3420 4057 3567 4109 sum,

2008 4146 2054 4190 et
2091 4151 2192 4191 non
2222 4144 2299 4188 est
2335 4134 2470 4188 alius
2498 4145 2685 4203 prwter
2718 4149 2797 4186 me
2819 4133 2885 4188 ‘°.

2597 4403 2748 4459 CAP.
2792 4401 2956 4456 XXII.

2011 4496 2161 4562 Quod
2189 4494 2343 4549 etiam
2376 4495 2429 4548 in
2455 4493 2720 4617 prophetas
2753 4495 2910 4614 Plater
2936 4509 3025 4562 per
3041 4489 3236 4545 Filium
3266 4489 3402 4543 Deus
3428 4505 3565 4558 prte-

2707 4581 2784 4617 tca
2812 4581 2892 4616 ur.

2707 4581 2892 4617 tcatur.

2078 4657 2224 4712 Licet
2255 4672 2381 4726 ergo
2421 4655 2612 4709 millies
2650 4671 2743 4724 per
2774 4655 3084 4723 prophetam
3118 4651 3338 4714 clamet,
3371 4648 3568 4704 Pra'ter

2008 4767 2087 4804 me
2125 4765 2227 4802 non
2270 4759 2344 4803 est
2380 4749 2552 4813 Deus,
2597 4757 2652 4802 et
2698 4758 2888 4815 prarter
2929 4761 3006 4798 me
3048 4762 3149 4798 non
3197 4754 3267 4797 est
3297 4742 3473 4812 justus
3519 4751 3566 4793 et

2009 4843 2271 4909 Servator,
2297 4853 2369 4908 et,
2397 4842 2562 4894 Deunt
2591 4858 2691 4894 non
2721 4855 2992 4907 cognosces
3021 4846 3209 4906 pra’ter
3234 4853 3334 4903 me,
3362 4845 3414 4889 et
3446 4833 3566 4886 Non

2007 4944 2082 4989 est
2113 4935 2202 5000 qui
2246 4942 2628 5004 servet,prwter
2659 4948 2757 4997 me,
2784 4941 2836 4985 et
2865 4945 2982 4998 qua:
3019 4929 3100 4983 his
3139 4927 3452 4998 congemina
3491 4925 3564 4978 ie-

2010 5037 2198 5082 rnntur
2225 5028 2276 5081 in
2310 5025 2587 5096 prophetis
2616 5024 2844 5086 caeteris,
2874 5022 3010 5076 Deus
3049 5031 3160 5074 erat
3187 5030 3233 5073 et
3271 5020 3324 5071 in
3355 5017 3560 5072 Christo

2007 5119 2256 5171 mundum
2294 5118 2392 5171 sibi
2421 5116 2760 5170 reconcilians
2787 5117 2850 5178 υ,
2877 5124 2930 5169 et
2961 5115 3073 5182 ipse
3114 5121 3231 5166 erat
3264 5109 3421 5162 Pater
3460 5107 3560 5160 ista

2005 5225 2100 5279 per
2153 5208 2345 5263 Filium
2411 5210 2780 5280 unigenitum,
2835 5208 2997 5261 veluti
3063 5218 3157 5272 per
3214 5202 3556 5265 interpretem

2004 5303 2287 5371 quemdam
2349 5301 2651 5356 hominibus
2690 5301 3067 5356 subtnsinuans
3113 5315 3126 5350 :
3163 5293 3255 5349 sed
3302 5302 3356 5345 et
3394 5287 3563 5342 Filius

421 5458 478 5526 ξς
514 5452 610 5526 Ed.
638 5453 838 5526 Paris.)
868 5456 1117 5526 pagJ'59.
1190 5456 1418 5512 "Exod.
1447 5473 1540 5519 xx,
1562 5457 1614 5526 4,
1649 5458 1718 5523 5;
1748 5457 1915 5513 Levit.

2017 5459 2212 5526 Vt,i,‘2.
2263 5461 2309 5491 ⁸⁵
2345 5458 2520 5513 Galat.
2546 5458 2722 5521 ul,‘l9.
2751 5459 2841 5511 20.
2913 5457 2959 5488 ³⁸
2977 5457 3127 5526 Dent.
3153 5471 3228 5520 Vl,
3255 5453 3307 5508 4.
3370 5452 3416 5484 ³⁸
3455 5453 3556 5510 lsa.

347 5536 386 5590 t,
423 5525 478 5578 2.
553 5523 596 5554 ⁵⁷
634 5524 766 5578 ibid.
795 5523 879 5580 5.’
942 5525 988 5557 ⁵⁸
1044 5527 1144 5581 lsa.
1183 5543 1274 5595 LI,
1302 5529 1388 5583 13.
1479 5527 1524 5560 ⁵³
1565 5525 1672 5583 Jer.
1699 5543 1758 5595 ιι,
1787 5529 1876 5584 28.

410 5697 523 5768 (2|)
559 5695 728 5768 Vulgo
756 5697 953 5768 ἑαυτῷ.

305 5767 317 5784 ”
413 5767 525 5832 (22⁷)
559 5767 725 5836 Vulgo
747 5767 1058 5822 διετέλλετο.

416 5839 526 5903 ('25)
576 5839 1097 5910 ἰξποστησαμένου
1155 5839 1292 5905 Quid
1326 5841 1436 5895 vult
1467 5841 1645 5895 nescio
1703 5857 1715 5892 :
1769 5843 1890 5906 nisi,

348 5910 433 5975 qui
481 5908 884 5966 subsistentiam
913 5908 1086 5972 dedit.
1122 5919 1171 5966 et
1206 5926 1324 5968 esse
1369 5913 1737 5968 universorum
1766 5915 1889 5970 sub-

1971 5529 2014 5561 ⁶⁰
2059 5525 2209 5585 Deut.
2239 5545 2408 5595 χχιιι,
2455 5530 2544 5584 59.
2630 5529 2671 5560 δι
2713 5527 2753 5581 Il
2791 5529 2912 5583 Cor.
2942 5542 2996 5592 ν,
3031 5525 3117 5580 19.

1999 5701 2232 5763 stantiae,
2259 5701 2360 5756 hoc
2377 5711 2482 5765 est,
2515 5702 2567 5755 in
2597 5717 2716 5756 esse
2743 5701 3012 5766 produxit.
3044 5697 3113 5752 M.

2070 5772 2184 5840 (‘24)
2209 5771 2389 5840 iVulgo
2420 5773 2567 5824 ἐστιν
2602 5766 2700 5835 εἷς.
2736 5773 2844 5824 Καὶ
2867 5770 3034 5838 λέγει,
3073 5769 3209 5821 ἴδετε
3233 5767 3334 5821 ὅτι.
3383 5817 3386 5819 .

2070 5839 2179 5910 (‘25)
2207 5839 2378 5910 Vulgo
2409 5842 2644 5907 ἐκείνου,
2681 5852 2734 5896 et
2774 5858 2915 5910 ntox,
2966 5842 3163 5910 κόσμον
3189 5840 3341 5908 vulgo
3367 5850 3548 5892 errore

1999 5927 2129 5978 oxn.;
2163 5911 2281 5968 dein
2309 5911 2466 5980 vulgo
2496 5916 2606 5976 τοῖς
2641 5913 2829 5981 εὐαγγ.
