  <div class='ocr_page' id='page_1' title='image "/cluster/home/n/w/nwhite01/storage/ocr_20150623/24:no.6/coo.31924054873058/493.png"; bbox 0 0 4082 6416; ppageno 0'>
   <div class='ocr_carea' id='block_1_1' title="bbox 531 394 3786 474">
    <p class='ocr_par' dir='ltr' id='par_1_1' title="bbox 531 394 3786 474">
     <span class='ocr_line' id='line_1_1' title="bbox 531 394 3786 474; baseline -0.003 -11"><span class='ocrx_word' id='word_1_1' title='bbox 531 401 640 463; x_wconf 79' lang='lat'><strong>959</strong></span> <span class='ocrx_word' id='word_1_2' title='bbox 1203 395 1473 474; x_wconf 69' lang='lat' dir='ltr'><strong>EUSEBII</strong></span> <span class='ocrx_word' id='word_1_3' title='bbox 1513 395 1990 453; x_wconf 67' lang='lat' dir='ltr'><strong>CAESARIENSIS</strong></span> <span class='ocrx_word' id='word_1_4' title='bbox 2029 397 2180 455; x_wconf 89' lang='lat' dir='ltr'><strong>OPP.</strong></span> <span class='ocrx_word' id='word_1_5' title='bbox 2222 394 2404 454; x_wconf 78' lang='lat' dir='ltr'><strong>PARS</strong></span> <span class='ocrx_word' id='word_1_6' title='bbox 2445 394 2534 454; x_wconf 81' lang='lat' dir='ltr'><strong>IV.</strong></span> <span class='ocrx_word' id='word_1_7' title='bbox 2571 394 3066 453; x_wconf 79' lang='lat' dir='ltr'><strong>-DOGMA&#39;I‘ICA.</strong></span> <span class='ocrx_word' id='word_1_8' title='bbox 3665 394 3786 452; x_wconf 76' lang='lat'><strong>960</strong></span> 
     </span>
    </p>
   </div>
   <div class='ocr_carea' id='block_1_2' title="bbox 534 508 2094 593">
    <p class='ocr_par' dir='ltr' id='par_1_2' title="bbox 534 517 2094 593">
     <span class='ocr_line' id='line_1_2' title="bbox 534 517 2094 593; baseline -0.002 -16"><span class='ocrx_word' id='word_1_9' title='bbox 534 535 749 593; x_wconf 90' lang='lat' dir='ltr'><strong>quoque</strong></span> <span class='ocrx_word' id='word_1_10' title='bbox 779 521 831 577; x_wconf 91' lang='lat' dir='ltr'><strong>in</strong></span> <span class='ocrx_word' id='word_1_11' title='bbox 869 517 1178 591; x_wconf 79' lang='lat' dir='ltr'><strong>Evangelio,</strong></span> <span class='ocrx_word' id='word_1_12' title='bbox 1209 519 1321 590; x_wconf 86' lang='lat' dir='ltr'><strong>ipse</strong></span> <span class='ocrx_word' id='word_1_13' title='bbox 1359 535 1523 574; x_wconf 91' lang='lat' dir='ltr'><strong>unum</strong></span> <span class='ocrx_word' id='word_1_14' title='bbox 1564 520 1736 576; x_wconf 89' lang='lat' dir='ltr'><strong>solum</strong></span> <span class='ocrx_word' id='word_1_15' title='bbox 1775 519 1942 578; x_wconf 91' lang='lat' dir='ltr'><strong>Deum</strong></span> <span class='ocrx_word' id='word_1_16' title='bbox 1975 521 2094 576; x_wconf 92' lang='lat' dir='ltr'><strong>inti-</strong></span> 
     </span>
    </p>
   </div>
   <div class='ocr_carea' id='block_1_3' title="bbox 2196 508 3782 593">
    <p class='ocr_par' dir='ltr' id='par_1_3' title="bbox 2200 508 3782 591">
     <span class='ocr_line' id='line_1_3' title="bbox 2200 508 3782 591; baseline -0.008 -16"><span class='ocrx_word' id='word_1_17' title='bbox 2200 518 2586 591; x_wconf 80' lang='grc' dir='ltr'>φθεγγόμενος.</span> <span class='ocrx_word' id='word_1_18' title='bbox 2632 515 2691 570; x_wconf 87' lang='grc'><strong>⁸0</strong></span> <span class='ocrx_word' id='word_1_19' title='bbox 2717 514 2774 568; x_wconf 85' lang='grc' dir='ltr'>δὲ</span> <span class='ocrx_word' id='word_1_20' title='bbox 2804 513 2898 567; x_wconf 77' lang='grc' dir='ltr'>καὶ</span> <span class='ocrx_word' id='word_1_21' title='bbox 2921 512 3083 575; x_wconf 77' lang='grc' dir='ltr'>αὐτὸς</span> <span class='ocrx_word' id='word_1_22' title='bbox 3109 513 3136 565; x_wconf 88' lang='lat'><strong>6</strong></span> <span class='ocrx_word' id='word_1_23' title='bbox 3159 511 3288 574; x_wconf 78' lang='grc' dir='ltr'><strong>Υἱὸς</strong></span> <span class='ocrx_word' id='word_1_24' title='bbox 3330 511 3387 563; x_wconf 89' lang='grc' dir='ltr'><strong>ἐν</strong></span> <span class='ocrx_word' id='word_1_25' title='bbox 3419 508 3782 578; x_wconf 81' lang='grc' dir='ltr'>Εὐαγγελίοις</span> 
     </span>
    </p>
   </div>
   <div class='ocr_carea' id='block_1_4' title="bbox 536 596 2094 683">
    <p class='ocr_par' dir='ltr' id='par_1_4' title="bbox 536 611 2094 683">
     <span class='ocr_line' id='line_1_4' title="bbox 536 611 2094 683; baseline -0.001 -15"><span class='ocrx_word' id='word_1_26' title='bbox 536 628 686 668; x_wconf 82' lang='lat' dir='ltr'><strong>mare</strong></span> <span class='ocrx_word' id='word_1_27' title='bbox 729 612 957 668; x_wconf 79' lang='lat' dir='ltr'><strong>&#39;videtur</strong></span> <span class='ocrx_word' id='word_1_28' title='bbox 1009 611 1299 683; x_wconf 83' lang='lat' dir='ltr'><strong>inquiens:</strong></span> <span class='ocrx_word' id='word_1_29' title='bbox 1347 614 1475 670; x_wconf 71' lang='lat' dir='ltr'><strong>Haec</strong></span> <span class='ocrx_word' id='word_1_30' title='bbox 1531 620 1606 665; x_wconf 77' lang='lat' dir='ltr'><strong>est</strong></span> <span class='ocrx_word' id='word_1_31' title='bbox 1666 623 1838 667; x_wconf 84' lang='lat' dir='ltr'><strong>autem</strong></span> <span class='ocrx_word' id='word_1_32' title='bbox 1890 618 1949 677; x_wconf 65' lang='grc' dir='ltr'><em>»Β</em></span> <span class='ocrx_word' id='word_1_33' title='bbox 2000 613 2094 668; x_wconf 78' lang='lat' dir='ltr'><strong>uita</strong></span> 
     </span>
    </p>
   </div>
   <div class='ocr_carea' id='block_1_5' title="bbox 2196 596 3783 683">
    <p class='ocr_par' dir='ltr' id='par_1_5' title="bbox 2203 596 3783 683">
     <span class='ocr_line' id='line_1_5' title="bbox 2203 596 3783 683; baseline -0.008 -17"><span class='ocrx_word' id='word_1_34' title='bbox 2203 610 2508 683; x_wconf 82' lang='grc' dir='ltr'><strong>παρεδίδου,</strong></span> <span class='ocrx_word' id='word_1_35' title='bbox 2537 608 2634 662; x_wconf 78' lang='grc' dir='ltr'>ἕνα</span> <span class='ocrx_word' id='word_1_36' title='bbox 2671 606 2829 678; x_wconf 90' lang='grc' dir='ltr'>μόνον</span> <span class='ocrx_word' id='word_1_37' title='bbox 2861 603 3058 658; x_wconf 86' lang='grc' dir='ltr'>εἰδέναι</span> <span class='ocrx_word' id='word_1_38' title='bbox 3099 601 3360 656; x_wconf 78' lang='grc' dir='ltr'><strong>διδάσκων</strong></span> <span class='ocrx_word' id='word_1_39' title='bbox 3407 599 3560 666; x_wconf 76' lang='grc' dir='ltr'>Θεὸν,</span> <span class='ocrx_word' id='word_1_40' title='bbox 3596 602 3654 654; x_wconf 89' lang='grc' dir='ltr'><strong>ἐν</strong></span> <span class='ocrx_word' id='word_1_41' title='bbox 3691 596 3783 666; x_wconf 72' lang='grc' dir='ltr'>οἷς</span> 
     </span>
    </p>
   </div>
   <div class='ocr_carea' id='block_1_6' title="bbox 535 705 2102 776">
    <p class='ocr_par' dir='ltr' id='par_1_6' title="bbox 535 705 2102 776">
     <span class='ocr_line' id='line_1_6' title="bbox 535 705 2102 776; baseline -0.001 -16"><span class='ocrx_word' id='word_1_42' title='bbox 535 716 753 772; x_wconf 70' lang='lat' dir='ltr'><strong>eterna,</strong></span> <span class='ocrx_word' id='word_1_43' title='bbox 781 715 836 760; x_wconf 84' lang='lat' dir='ltr'><strong>ut</strong></span> <span class='ocrx_word' id='word_1_44' title='bbox 863 714 1179 776; x_wconf 75' lang='lat' dir='ltr'><strong>cognoscant</strong></span> <span class='ocrx_word' id='word_1_45' title='bbox 1201 715 1249 760; x_wconf 77' lang='lat' dir='ltr'><strong>te</strong></span> <span class='ocrx_word' id='word_1_46' title='bbox 1279 723 1438 760; x_wconf 88' lang='lat' dir='ltr'><strong>unum</strong></span> <span class='ocrx_word' id='word_1_47' title='bbox 1466 706 1632 762; x_wconf 79' lang='lat' dir='ltr'><strong>solum</strong></span> <span class='ocrx_word' id='word_1_48' title='bbox 1661 705 1841 768; x_wconf 84' lang='lat' dir='ltr'><strong>Deum,</strong></span> <span class='ocrx_word' id='word_1_49' title='bbox 1869 716 1918 761; x_wconf 83' lang='lat' dir='ltr'><strong>et</strong></span> <span class='ocrx_word' id='word_1_50' title='bbox 1953 723 2102 776; x_wconf 82' lang='lat' dir='ltr'><strong>quem</strong></span> 
     </span>
    </p>
   </div>
   <div class='ocr_carea' id='block_1_7' title="bbox 531 795 2099 866">
    <p class='ocr_par' dir='ltr' id='par_1_7' title="bbox 531 795 2099 866">
     <span class='ocr_line' id='line_1_7' title="bbox 531 795 2099 866; baseline 0 -14"><span class='ocrx_word' id='word_1_51' title='bbox 531 796 724 852; x_wconf 73' lang='lat' dir='ltr'><strong>misisti</strong></span> <span class='ocrx_word' id='word_1_52' title='bbox 749 795 930 852; x_wconf 72' lang='lat' dir='ltr'><strong>Iesum</strong></span> <span class='ocrx_word' id='word_1_53' title='bbox 954 795 1216 851; x_wconf 78' lang='lat' dir='ltr'><strong>Christum</strong></span> <span class='ocrx_word' id='word_1_54' title='bbox 1238 796 1304 850; x_wconf 82' lang='lat'><strong>&quot;.</strong></span> <span class='ocrx_word' id='word_1_55' title='bbox 1345 796 1435 852; x_wconf 90' lang='lat' dir='ltr'><strong>llle</strong></span> <span class='ocrx_word' id='word_1_56' title='bbox 1464 807 1581 850; x_wconf 89' lang='lat' dir='ltr'><strong>erat</strong></span> <span class='ocrx_word' id='word_1_57' title='bbox 1601 812 1730 866; x_wconf 89' lang='lat' dir='ltr'><strong>ergo</strong></span> <span class='ocrx_word' id='word_1_58' title='bbox 1751 811 1910 852; x_wconf 86' lang='lat' dir='ltr'><strong>verus</strong></span> <span class='ocrx_word' id='word_1_59' title='bbox 1940 795 2099 852; x_wconf 85' lang='lat' dir='ltr'><strong>Deus:</strong></span> 
     </span>
    </p>
   </div>
   <div class='ocr_carea' id='block_1_8' title="bbox 533 887 2097 959">
    <p class='ocr_par' dir='ltr' id='par_1_8' title="bbox 533 887 2097 959">
     <span class='ocr_line' id='line_1_8' title="bbox 533 887 2097 959; baseline 0.002 -19"><span class='ocrx_word' id='word_1_60' title='bbox 533 888 626 958; x_wconf 88' lang='lat' dir='ltr'><strong>qui</strong></span> <span class='ocrx_word' id='word_1_61' title='bbox 658 902 796 944; x_wconf 89' lang='lat' dir='ltr'><strong>unus</strong></span> <span class='ocrx_word' id='word_1_62' title='bbox 833 887 980 944; x_wconf 88' lang='lat' dir='ltr'><strong>solus</strong></span> <span class='ocrx_word' id='word_1_63' title='bbox 1014 895 1116 954; x_wconf 89' lang='lat' dir='ltr'><strong>est,</strong></span> <span class='ocrx_word' id='word_1_64' title='bbox 1153 895 1208 943; x_wconf 90' lang='lat' dir='ltr'><strong>et</strong></span> <span class='ocrx_word' id='word_1_65' title='bbox 1238 902 1346 942; x_wconf 91' lang='lat' dir='ltr'><strong>non</strong></span> <span class='ocrx_word' id='word_1_66' title='bbox 1381 898 1466 943; x_wconf 91' lang='lat' dir='ltr'><strong>est</strong></span> <span class='ocrx_word' id='word_1_67' title='bbox 1503 888 1641 942; x_wconf 91' lang='lat' dir='ltr'><strong>alius</strong></span> <span class='ocrx_word' id='word_1_68' title='bbox 1671 898 1868 956; x_wconf 66' lang='lat' dir='ltr'><strong>praeter</strong></span> <span class='ocrx_word' id='word_1_69' title='bbox 1905 888 2097 959; x_wconf 90' lang='lat' dir='ltr'><strong>ipsum.</strong></span> 
     </span>
    </p>
   </div>
   <div class='ocr_carea' id='block_1_9' title="bbox 533 978 2100 1050">
    <p class='ocr_par' dir='ltr' id='par_1_9' title="bbox 533 978 2100 1050">
     <span class='ocr_line' id='line_1_9' title="bbox 533 978 2100 1050; baseline -0.001 -16"><span class='ocrx_word' id='word_1_70' title='bbox 533 979 634 1046; x_wconf 83' lang='lat' dir='ltr'><strong>Qui</strong></span> <span class='ocrx_word' id='word_1_71' title='bbox 675 994 781 1034; x_wconf 90' lang='lat' dir='ltr'><strong>non</strong></span> <span class='ocrx_word' id='word_1_72' title='bbox 820 979 994 1034; x_wconf 91' lang='lat' dir='ltr'><strong>solum</strong></span> <span class='ocrx_word' id='word_1_73' title='bbox 1047 994 1143 1050; x_wconf 87' lang='lat' dir='ltr'><strong>per</strong></span> <span class='ocrx_word' id='word_1_74' title='bbox 1185 979 1494 1049; x_wconf 87' lang='lat' dir='ltr'><strong>prophetas,</strong></span> <span class='ocrx_word' id='word_1_75' title='bbox 1541 982 1635 1035; x_wconf 87' lang='lat' dir='ltr'><strong>sed</strong></span> <span class='ocrx_word' id='word_1_76' title='bbox 1675 990 1730 1034; x_wconf 90' lang='lat' dir='ltr'><strong>et</strong></span> <span class='ocrx_word' id='word_1_77' title='bbox 1778 995 1872 1048; x_wconf 90' lang='lat' dir='ltr'><strong>per</strong></span> <span class='ocrx_word' id='word_1_78' title='bbox 1909 978 2100 1034; x_wconf 88' lang='lat' dir='ltr'><strong>Filium</strong></span> 
     </span>
    </p>
   </div>
   <div class='ocr_carea' id='block_1_10' title="bbox 533 1069 2100 1139">
    <p class='ocr_par' dir='ltr' id='par_1_10' title="bbox 533 1069 2100 1139">
     <span class='ocr_line' id='line_1_10' title="bbox 533 1069 2100 1139; baseline -0.001 -15"><span class='ocrx_word' id='word_1_79' title='bbox 533 1084 688 1124; x_wconf 89' lang='lat' dir='ltr'><strong>suum</strong></span> <span class='ocrx_word' id='word_1_80' title='bbox 737 1070 837 1124; x_wconf 89' lang='lat' dir='ltr'><strong>ista</strong></span> <span class='ocrx_word' id='word_1_81' title='bbox 895 1069 1121 1139; x_wconf 88' lang='lat' dir='ltr'><strong>tempori</strong></span> <span class='ocrx_word' id='word_1_82' title='bbox 1175 1069 1584 1133; x_wconf 77' lang='lat' dir='ltr'><strong>convenientia,</strong></span> <span class='ocrx_word' id='word_1_83' title='bbox 1625 1069 1955 1126; x_wconf 88' lang='lat' dir='ltr'><strong>idololatrico</strong></span> <span class='ocrx_word' id='word_1_84' title='bbox 2005 1069 2100 1124; x_wconf 82' lang='lat' dir='ltr'><strong>Ju-</strong></span> 
     </span>
    </p>
   </div>
   <div class='ocr_carea' id='block_1_11' title="bbox 534 1159 2102 1233">
    <p class='ocr_par' dir='ltr' id='par_1_11' title="bbox 534 1159 2102 1233">
     <span class='ocr_line' id='line_1_11' title="bbox 534 1159 2102 1233; baseline 0.001 -17"><span class='ocrx_word' id='word_1_85' title='bbox 534 1161 774 1216; x_wconf 72' lang='lat' dir='ltr'><strong>dmorum</strong></span> <span class='ocrx_word' id='word_1_86' title='bbox 822 1161 1017 1233; x_wconf 86' lang='lat' dir='ltr'><strong>pupulo</strong></span> <span class='ocrx_word' id='word_1_87' title='bbox 1051 1162 1414 1232; x_wconf 65' lang='lat' dir='ltr'><strong>praecipiebat.</strong></span> <span class='ocrx_word' id='word_1_88' title='bbox 1465 1160 1727 1230; x_wconf 80' lang='lat' dir='ltr'><strong>Quocirca</strong></span> <span class='ocrx_word' id='word_1_89' title='bbox 1767 1159 1952 1228; x_wconf 87' lang='lat' dir='ltr'><strong>Isaias,</strong></span> <span class='ocrx_word' id='word_1_90' title='bbox 2008 1171 2102 1217; x_wconf 85' lang='lat' dir='ltr'><strong>aut</strong></span> 
     </span>
    </p>
   </div>
   <div class='ocr_carea' id='block_1_12' title="bbox 536 1252 2099 1323">
    <p class='ocr_par' dir='ltr' id='par_1_12' title="bbox 536 1252 2099 1323">
     <span class='ocr_line' id='line_1_12' title="bbox 536 1252 2099 1323; baseline 0 -17"><span class='ocrx_word' id='word_1_91' title='bbox 536 1252 677 1306; x_wconf 77' lang='lat' dir='ltr'><strong>Deus</strong></span> <span class='ocrx_word' id='word_1_92' title='bbox 712 1252 888 1321; x_wconf 87' lang='lat' dir='ltr'><strong>potius</strong></span> <span class='ocrx_word' id='word_1_93' title='bbox 939 1268 1035 1323; x_wconf 87' lang='lat' dir='ltr'><strong>per</strong></span> <span class='ocrx_word' id='word_1_94' title='bbox 1078 1253 1266 1309; x_wconf 90' lang='lat' dir='ltr'><strong>Isaiam</strong></span> <span class='ocrx_word' id='word_1_95' title='bbox 1309 1254 1384 1308; x_wconf 79' lang='lat' dir='ltr'><strong>ait</strong></span> <span class='ocrx_word' id='word_1_96' title='bbox 1423 1270 1440 1308; x_wconf 90' lang='lat'>:</span> <span class='ocrx_word' id='word_1_97' title='bbox 1484 1254 1688 1308; x_wconf 78' lang='lat' dir='ltr'><strong>Prwter</strong></span> <span class='ocrx_word' id='word_1_98' title='bbox 1730 1271 1812 1308; x_wconf 80' lang='lat' dir='ltr'><strong>me</strong></span> <span class='ocrx_word' id='word_1_99' title='bbox 1873 1269 1976 1308; x_wconf 87' lang='lat' dir='ltr'><strong>non</strong></span> <span class='ocrx_word' id='word_1_100' title='bbox 2025 1264 2099 1308; x_wconf 74' lang='lat' dir='ltr'><strong>est</strong></span> 
     </span>
    </p>
   </div>
   <div class='ocr_carea' id='block_1_13' title="bbox 533 1340 2096 1414">
    <p class='ocr_par' dir='ltr' id='par_1_13' title="bbox 533 1340 2096 1414">
     <span class='ocr_line' id='line_1_13' title="bbox 533 1340 2096 1414; baseline 0 -18"><span class='ocrx_word' id='word_1_101' title='bbox 533 1342 675 1397; x_wconf 82' lang='lat' dir='ltr'><strong>Deus</strong></span> <span class='ocrx_word' id='word_1_102' title='bbox 704 1358 722 1396; x_wconf 88' lang='lat'><strong><em>:</em></strong></span> <span class='ocrx_word' id='word_1_103' title='bbox 753 1340 882 1408; x_wconf 79' lang='lat' dir='ltr'><strong>Quis</strong></span> <span class='ocrx_word' id='word_1_104' title='bbox 924 1353 979 1396; x_wconf 82' lang='lat' dir='ltr'><strong>ut</strong></span> <span class='ocrx_word' id='word_1_105' title='bbox 1014 1360 1128 1414; x_wconf 82' lang='lat' dir='ltr'><strong>ego,</strong></span> <span class='ocrx_word' id='word_1_106' title='bbox 1164 1351 1272 1401; x_wconf 85' lang='lat' dir='ltr'><strong>etc.</strong></span> <span class='ocrx_word' id='word_1_107' title='bbox 1310 1343 1413 1398; x_wconf 78' lang='lat' dir='ltr'><strong>Vos</strong></span> <span class='ocrx_word' id='word_1_108' title='bbox 1444 1343 1566 1398; x_wconf 72' lang='lat' dir='ltr'><strong>estis</strong></span> <span class='ocrx_word' id='word_1_109' title='bbox 1610 1352 1764 1398; x_wconf 74' lang='lat' dir='ltr'><strong>testes</strong></span> <span class='ocrx_word' id='word_1_110' title='bbox 1793 1343 1841 1398; x_wconf 80' lang='lat' dir='ltr'><strong>si</strong></span> <span class='ocrx_word' id='word_1_111' title='bbox 1883 1345 1999 1414; x_wconf 80' lang='lat' dir='ltr'><strong>quis</strong></span> <span class='ocrx_word' id='word_1_112' title='bbox 2031 1345 2096 1398; x_wconf 78' lang='lat' dir='ltr'><strong>sit</strong></span> 
     </span>
    </p>
   </div>
   <div class='ocr_carea' id='block_1_14' title="bbox 534 1431 2096 1501">
    <p class='ocr_par' dir='ltr' id='par_1_14' title="bbox 534 1431 2096 1501">
     <span class='ocr_line' id='line_1_14' title="bbox 534 1431 2096 1501; baseline 0.001 -16"><span class='ocrx_word' id='word_1_113' title='bbox 534 1432 675 1486; x_wconf 77' lang='lat' dir='ltr'><strong>Deus</strong></span> <span class='ocrx_word' id='word_1_114' title='bbox 727 1443 918 1501; x_wconf 63' lang='lat' dir='ltr'><strong>praeter</strong></span> <span class='ocrx_word' id='word_1_115' title='bbox 968 1449 1049 1486; x_wconf 89' lang='lat' dir='ltr'><strong>me</strong></span> <span class='ocrx_word' id='word_1_116' title='bbox 1081 1433 1147 1488; x_wconf 79' lang='grc'><strong>⁸³.</strong></span> <span class='ocrx_word' id='word_1_117' title='bbox 1200 1433 1547 1488; x_wconf 85' lang='lat' dir='ltr'><strong>Snbintulit:</strong></span> <span class='ocrx_word' id='word_1_118' title='bbox 1596 1431 1748 1498; x_wconf 84' lang='lat' dir='ltr'><strong><em>Quod</em></strong></span> <span class='ocrx_word' id='word_1_119' title='bbox 1794 1449 1896 1487; x_wconf 90' lang='lat' dir='ltr'><strong>non</strong></span> <span class='ocrx_word' id='word_1_120' title='bbox 1945 1442 2096 1487; x_wconf 77' lang='lat' dir='ltr'><strong>erant</strong></span> 
     </span>
    </p>
   </div>
   <div class='ocr_carea' id='block_1_15' title="bbox 533 1523 2097 1596">
    <p class='ocr_par' dir='ltr' id='par_1_15' title="bbox 533 1523 2097 1596">
     <span class='ocr_line' id='line_1_15' title="bbox 533 1523 2097 1596; baseline 0.002 -19"><span class='ocrx_word' id='word_1_121' title='bbox 533 1535 656 1577; x_wconf 87' lang='lat' dir='ltr'><strong>tunc</strong></span> <span class='ocrx_word' id='word_1_122' title='bbox 697 1526 790 1595; x_wconf 82' lang='lat' dir='ltr'><strong>qui</strong></span> <span class='ocrx_word' id='word_1_123' title='bbox 837 1525 1096 1596; x_wconf 82' lang='lat' dir='ltr'><strong>ﬁngebant</strong></span> <span class='ocrx_word' id='word_1_124' title='bbox 1143 1535 1193 1580; x_wconf 80' lang='lat' dir='ltr'><strong>et</strong></span> <span class='ocrx_word' id='word_1_125' title='bbox 1241 1525 1579 1592; x_wconf 81' lang='lat' dir='ltr'><strong>sculpebant,</strong></span> <span class='ocrx_word' id='word_1_126' title='bbox 1625 1539 1800 1578; x_wconf 78' lang='lat' dir='ltr'><strong>omnes</strong></span> <span class='ocrx_word' id='word_1_127' title='bbox 1845 1523 1966 1579; x_wconf 79' lang='lat' dir='ltr'><strong>uani</strong></span> <span class='ocrx_word' id='word_1_128' title='bbox 2012 1524 2097 1594; x_wconf 78' lang='lat' dir='ltr'><strong>fa-</strong></span> 
     </span>
    </p>
   </div>
   <div class='ocr_carea' id='block_1_16' title="bbox 533 1615 2100 1687">
    <p class='ocr_par' dir='ltr' id='par_1_16' title="bbox 533 1615 2100 1687">
     <span class='ocr_line' id='line_1_16' title="bbox 533 1615 2100 1687; baseline 0.002 -20"><span class='ocrx_word' id='word_1_129' title='bbox 533 1615 721 1669; x_wconf 76' lang='lat' dir='ltr'><strong>cientes</strong></span> <span class='ocrx_word' id='word_1_130' title='bbox 769 1632 886 1684; x_wconf 74' lang='lat' dir='ltr'><strong>qua:</strong></span> <span class='ocrx_word' id='word_1_131' title='bbox 931 1616 1204 1685; x_wconf 72' lang='lat' dir='ltr'><strong>placebant</strong></span> <span class='ocrx_word' id='word_1_132' title='bbox 1251 1616 1361 1671; x_wconf 73' lang='lat' dir='ltr'><strong>illis</strong></span> <span class='ocrx_word' id='word_1_133' title='bbox 1399 1616 1465 1670; x_wconf 78' lang='lat'><strong>“.</strong></span> <span class='ocrx_word' id='word_1_134' title='bbox 1521 1615 1731 1686; x_wconf 87' lang='lat' dir='ltr'><strong>Ubique</strong></span> <span class='ocrx_word' id='word_1_135' title='bbox 1774 1622 1953 1671; x_wconf 83' lang='lat' dir='ltr'><strong>autem</strong></span> <span class='ocrx_word' id='word_1_136' title='bbox 2003 1631 2100 1687; x_wconf 90' lang='lat' dir='ltr'><strong>per</strong></span> 
     </span>
    </p>
   </div>
   <div class='ocr_carea' id='block_1_17' title="bbox 530 1704 2098 1776">
    <p class='ocr_par' dir='ltr' id='par_1_17' title="bbox 530 1704 2098 1776">
     <span class='ocr_line' id='line_1_17' title="bbox 530 1704 2098 1776; baseline 0.002 -16"><span class='ocrx_word' id='word_1_137' title='bbox 530 1704 674 1760; x_wconf 81' lang='lat' dir='ltr'><strong>illius</strong></span> <span class='ocrx_word' id='word_1_138' title='bbox 731 1707 1066 1776; x_wconf 83' lang='lat' dir='ltr'><strong>praphetiam</strong></span> <span class='ocrx_word' id='word_1_139' title='bbox 1129 1707 1252 1762; x_wconf 89' lang='lat' dir='ltr'><strong>licet</strong></span> <span class='ocrx_word' id='word_1_140' title='bbox 1303 1707 1730 1771; x_wconf 85' lang='lat' dir='ltr'><strong>animadvertas,</strong></span> <span class='ocrx_word' id='word_1_141' title='bbox 1777 1707 2098 1764; x_wconf 79' lang='lat' dir='ltr'><strong>inanimatas</strong></span> 
     </span>
    </p>
   </div>
   <div class='ocr_carea' id='block_1_18' title="bbox 531 1796 2098 1871">
    <p class='ocr_par' dir='ltr' id='par_1_18' title="bbox 531 1796 2098 1871">
     <span class='ocr_line' id='line_1_18' title="bbox 531 1796 2098 1871; baseline 0.004 -20"><span class='ocrx_word' id='word_1_142' title='bbox 531 1796 651 1852; x_wconf 86' lang='lat' dir='ltr'><strong>illas</strong></span> <span class='ocrx_word' id='word_1_143' title='bbox 695 1807 902 1855; x_wconf 82' lang='lat' dir='ltr'><strong>statuas</strong></span> <span class='ocrx_word' id='word_1_144' title='bbox 938 1798 1233 1869; x_wconf 76' lang='lat' dir='ltr'><strong>ﬂagellatas</strong></span> <span class='ocrx_word' id='word_1_145' title='bbox 1268 1818 1282 1854; x_wconf 90' lang='lat'>:</span> <span class='ocrx_word' id='word_1_146' title='bbox 1318 1808 1375 1856; x_wconf 89' lang='lat' dir='ltr'><strong>et</strong></span> <span class='ocrx_word' id='word_1_147' title='bbox 1406 1799 1653 1854; x_wconf 71' lang='lat' dir='ltr'><strong>similiter</strong></span> <span class='ocrx_word' id='word_1_148' title='bbox 1685 1799 1825 1870; x_wconf 90' lang='lat' dir='ltr'><strong>apud</strong></span> <span class='ocrx_word' id='word_1_149' title='bbox 1862 1801 2098 1871; x_wconf 89' lang='lat' dir='ltr'><strong>singulos</strong></span> 
     </span>
    </p>
   </div>
   <div class='ocr_carea' id='block_1_19' title="bbox 2200 691 3784 775">
    <p class='ocr_par' dir='ltr' id='par_1_19' title="bbox 2200 691 3784 775">
     <span class='ocr_line' id='line_1_19' title="bbox 2200 691 3784 775; baseline -0.006 -19"><span class='ocrx_word' id='word_1_150' title='bbox 2200 705 2402 775; x_wconf 78' lang='grc' dir='ltr'>ἔλεγεν,</span> <span class='ocrx_word' id='word_1_151' title='bbox 2417 704 2577 771; x_wconf 85' lang='grc' dir='ltr'>Αὕτη</span> <span class='ocrx_word' id='word_1_152' title='bbox 2595 700 2662 756; x_wconf 81' lang='grc' dir='ltr'><strong>δέ</strong></span> <span class='ocrx_word' id='word_1_153' title='bbox 2674 700 2847 754; x_wconf 81' lang='grc' dir='ltr'>ἐστιν</span> <span class='ocrx_word' id='word_1_154' title='bbox 2863 698 2899 766; x_wconf 76' lang='grc' dir='ltr'>ἡ</span> <span class='ocrx_word' id='word_1_155' title='bbox 2917 695 3148 762; x_wconf 71' lang='grc' dir='ltr'>αἰώνιος</span> <span class='ocrx_word' id='word_1_156' title='bbox 3167 691 3298 762; x_wconf 81' lang='grc' dir='ltr'>ζωὴ,</span> <span class='ocrx_word' id='word_1_157' title='bbox 3317 694 3417 747; x_wconf 80' lang='grc' dir='ltr'><strong>ἵνα</strong></span> <span class='ocrx_word' id='word_1_158' title='bbox 3432 691 3784 763; x_wconf 79' lang='grc' dir='ltr'>γινώσκωσι</span> 
     </span>
    </p>
   </div>
   <div class='ocr_carea' id='block_1_20' title="bbox 2200 785 3781 868">
    <p class='ocr_par' dir='ltr' id='par_1_20' title="bbox 2200 785 3781 868">
     <span class='ocr_line' id='line_1_20' title="bbox 2200 785 3781 868; baseline -0.011 -12"><span class='ocrx_word' id='word_1_159' title='bbox 2200 817 2273 856; x_wconf 85' lang='grc' dir='ltr'><strong>σε</strong></span> <span class='ocrx_word' id='word_1_160' title='bbox 2302 799 2410 855; x_wconf 83' lang='grc' dir='ltr'><strong>τὸν</strong></span> <span class='ocrx_word' id='word_1_161' title='bbox 2433 799 2618 868; x_wconf 80' lang='grc' dir='ltr'>μόνον</span> <span class='ocrx_word' id='word_1_162' title='bbox 2658 792 2951 863; x_wconf 74' lang='grc' dir='ltr'>ἀληθινὸν</span> <span class='ocrx_word' id='word_1_163' title='bbox 2984 788 3152 854; x_wconf 79' lang='grc' dir='ltr'>Θεὸν,</span> <span class='ocrx_word' id='word_1_164' title='bbox 3179 787 3277 843; x_wconf 74' lang='grc' dir='ltr'>καὶ</span> <span class='ocrx_word' id='word_1_165' title='bbox 3307 785 3378 841; x_wconf 78' lang='grc' dir='ltr'>ὃν</span> <span class='ocrx_word' id='word_1_166' title='bbox 3407 785 3781 853; x_wconf 70' lang='grc' dir='ltr'>ἀπέστειλας</span> 
     </span>
    </p>
   </div>
   <div class='ocr_carea' id='block_1_21' title="bbox 2213 872 3786 959">
    <p class='ocr_par' dir='ltr' id='par_1_21' title="bbox 2213 872 3786 959">
     <span class='ocr_line' id='line_1_21' title="bbox 2213 872 3786 959; baseline -0.011 -12"><span class='ocrx_word' id='word_1_167' title='bbox 2213 889 2447 959; x_wconf 80' lang='grc' dir='ltr'><em>Ἰησοῦν</em></span> <span class='ocrx_word' id='word_1_168' title='bbox 2475 887 2758 957; x_wconf 80' lang='grc' dir='ltr'>Χριστόν.</span> <span class='ocrx_word' id='word_1_169' title='bbox 2792 877 2959 947; x_wconf 75' lang='grc' dir='ltr'>Οὗτος</span> <span class='ocrx_word' id='word_1_170' title='bbox 2989 876 3083 936; x_wconf 78' lang='grc' dir='ltr'>οὖν</span> <span class='ocrx_word' id='word_1_171' title='bbox 3130 881 3160 934; x_wconf 98' lang='lat'><strong>6</strong></span> <span class='ocrx_word' id='word_1_172' title='bbox 3196 877 3443 950; x_wconf 80' lang='grc' dir='ltr'>ἀληθινὸς</span> <span class='ocrx_word' id='word_1_173' title='bbox 3469 872 3537 947; x_wconf 77' lang='grc' dir='ltr'>ἦν</span> <span class='ocrx_word' id='word_1_174' title='bbox 3565 875 3720 943; x_wconf 76' lang='grc' dir='ltr'>Θεὸς,</span> <span class='ocrx_word' id='word_1_175' title='bbox 3747 875 3786 930; x_wconf 81' lang='lat'><strong>6</strong></span> 
     </span>
    </p>
   </div>
   <div class='ocr_carea' id='block_1_22' title="bbox 2199 964 3778 1051">
    <p class='ocr_par' dir='ltr' id='par_1_22' title="bbox 2199 964 3778 1051">
     <span class='ocr_line' id='line_1_22' title="bbox 2199 964 3778 1051; baseline -0.01 -17"><span class='ocrx_word' id='word_1_176' title='bbox 2199 976 2279 1045; x_wconf 73' lang='grc' dir='ltr'>εἷς</span> <span class='ocrx_word' id='word_1_177' title='bbox 2313 979 2489 1051; x_wconf 81' lang='grc' dir='ltr'><strong>μόνος,</strong></span> <span class='ocrx_word' id='word_1_178' title='bbox 2526 977 2621 1032; x_wconf 73' lang='grc' dir='ltr'><strong>καὶ</strong></span> <span class='ocrx_word' id='word_1_179' title='bbox 2650 976 2835 1048; x_wconf 72' lang='grc' dir='ltr'>ἕτερος</span> <span class='ocrx_word' id='word_1_180' title='bbox 2875 972 2976 1026; x_wconf 83' lang='grc' dir='ltr'>οὐκ</span> <span class='ocrx_word' id='word_1_181' title='bbox 3009 971 3124 1024; x_wconf 81' lang='grc' dir='ltr'>ἐστι</span> <span class='ocrx_word' id='word_1_182' title='bbox 3152 967 3289 1039; x_wconf 75' lang='grc' dir='ltr'>πλὴν</span> <span class='ocrx_word' id='word_1_183' title='bbox 3318 964 3504 1028; x_wconf 77' lang='grc' dir='ltr'>αὑτοῦ,</span> <span class='ocrx_word' id='word_1_184' title='bbox 3551 964 3663 1037; x_wconf 70' lang='grc'><strong>(26)</strong></span> <span class='ocrx_word' id='word_1_185' title='bbox 3697 965 3778 1037; x_wconf 83' lang='grc' dir='ltr'><strong>μὴ</strong></span> 
     </span>
    </p>
   </div>
   <div class='ocr_carea' id='block_1_23' title="bbox 2202 1055 3779 1143">
    <p class='ocr_par' dir='ltr' id='par_1_23' title="bbox 2202 1055 3779 1143">
     <span class='ocr_line' id='line_1_23' title="bbox 2202 1055 3779 1143; baseline -0.011 -17"><span class='ocrx_word' id='word_1_186' title='bbox 2202 1072 2358 1143; x_wconf 91' lang='grc' dir='ltr'>μόνον</span> <span class='ocrx_word' id='word_1_187' title='bbox 2374 1070 2462 1124; x_wconf 84' lang='grc' dir='ltr'><strong>διὰ</strong></span> <span class='ocrx_word' id='word_1_188' title='bbox 2476 1069 2583 1123; x_wconf 91' lang='grc' dir='ltr'><strong>τῶν</strong></span> <span class='ocrx_word' id='word_1_189' title='bbox 2599 1065 2912 1140; x_wconf 82' lang='grc' dir='ltr'><strong>προφητῶν,</strong></span> <span class='ocrx_word' id='word_1_190' title='bbox 2933 1063 3068 1118; x_wconf 83' lang='grc' dir='ltr'>ἀλλὰ</span> <span class='ocrx_word' id='word_1_191' title='bbox 3082 1061 3168 1116; x_wconf 83' lang='grc' dir='ltr'><strong>διά</strong></span> <span class='ocrx_word' id='word_1_192' title='bbox 3183 1059 3276 1115; x_wconf 86' lang='grc' dir='ltr'><strong>τοῦ</strong></span> <span class='ocrx_word' id='word_1_193' title='bbox 3297 1058 3427 1113; x_wconf 92' lang='grc' dir='ltr'>ἰδίου</span> <span class='ocrx_word' id='word_1_194' title='bbox 3445 1056 3576 1111; x_wconf 84' lang='grc' dir='ltr'>Υίοῦ</span> <span class='ocrx_word' id='word_1_195' title='bbox 3600 1055 3779 1110; x_wconf 87' lang='grc' dir='ltr'>ταῦτα</span> 
     </span>
    </p>
   </div>
   <div class='ocr_carea' id='block_1_24' title="bbox 2198 1149 3782 1230">
    <p class='ocr_par' dir='ltr' id='par_1_24' title="bbox 2198 1149 3782 1230">
     <span class='ocr_line' id='line_1_24' title="bbox 2198 1149 3782 1230; baseline -0.011 -13"><span class='ocrx_word' id='word_1_196' title='bbox 2198 1163 2320 1217; x_wconf 85' lang='grc' dir='ltr'>κατ’</span> <span class='ocrx_word' id='word_1_197' title='bbox 2370 1163 2544 1216; x_wconf 84' lang='grc' dir='ltr'>ἐκεῖνο</span> <span class='ocrx_word' id='word_1_198' title='bbox 2596 1157 2788 1230; x_wconf 78' lang='grc' dir='ltr'><strong>καιροῦ</strong></span> <span class='ocrx_word' id='word_1_199' title='bbox 2827 1152 3327 1226; x_wconf 86' lang='grc' dir='ltr'>εἰδωλολατρεύοντι</span> <span class='ocrx_word' id='word_1_200' title='bbox 3373 1149 3451 1221; x_wconf 80' lang='grc' dir='ltr'>τῷ</span> <span class='ocrx_word' id='word_1_201' title='bbox 3505 1149 3782 1203; x_wconf 76' lang='grc' dir='ltr'>Ἰουδαίων</span> 
     </span>
    </p>
   </div>
   <div class='ocr_carea' id='block_1_25' title="bbox 2199 1240 3778 1324">
    <p class='ocr_par' dir='ltr' id='par_1_25' title="bbox 2199 1240 3778 1324">
     <span class='ocr_line' id='line_1_25' title="bbox 2199 1240 3778 1324; baseline -0.009 -17"><span class='ocrx_word' id='word_1_202' title='bbox 2199 1253 2614 1324; x_wconf 79' lang='grc' dir='ltr'><strong>ἐγκελευόμενος</strong></span> <span class='ocrx_word' id='word_1_203' title='bbox 2644 1250 2804 1304; x_wconf 73' lang='grc' dir='ltr'>ἔθνει.</span> <span class='ocrx_word' id='word_1_204' title='bbox 2830 1247 3034 1302; x_wconf 80' lang='grc' dir='ltr'>Αὐτίκα</span> <span class='ocrx_word' id='word_1_205' title='bbox 3049 1247 3094 1300; x_wconf 78' lang='grc' dir='ltr'>δ’</span> <span class='ocrx_word' id='word_1_206' title='bbox 3118 1242 3210 1300; x_wconf 81' lang='grc' dir='ltr'>οὖν</span> <span class='ocrx_word' id='word_1_207' title='bbox 3230 1245 3258 1297; x_wconf 86' lang='lat'><strong>6</strong></span> <span class='ocrx_word' id='word_1_208' title='bbox 3289 1243 3535 1306; x_wconf 77' lang='grc' dir='ltr'>Ἡσαΐας,</span> <span class='ocrx_word' id='word_1_209' title='bbox 3572 1240 3778 1312; x_wconf 81' lang='grc' dir='ltr'>μᾶλλον</span> 
     </span>
    </p>
   </div>
   <div class='ocr_carea' id='block_1_26' title="bbox 2197 1332 3778 1409">
    <p class='ocr_par' dir='ltr' id='par_1_26' title="bbox 2197 1332 3778 1409">
     <span class='ocr_line' id='line_1_26' title="bbox 2197 1332 3778 1409; baseline -0.009 -9"><span class='ocrx_word' id='word_1_210' title='bbox 2197 1347 2254 1400; x_wconf 86' lang='grc' dir='ltr'>δὲ</span> <span class='ocrx_word' id='word_1_211' title='bbox 2284 1348 2312 1400; x_wconf 88' lang='lat'><strong>6</strong></span> <span class='ocrx_word' id='word_1_212' title='bbox 2343 1345 2474 1409; x_wconf 82' lang='grc' dir='ltr'>Θεὸς</span> <span class='ocrx_word' id='word_1_213' title='bbox 2521 1345 2586 1398; x_wconf 92' lang='grc' dir='ltr'><strong>δι’</strong></span> <span class='ocrx_word' id='word_1_214' title='bbox 2614 1340 2799 1402; x_wconf 79' lang='grc' dir='ltr'>αὑτοῦ,</span> <span class='ocrx_word' id='word_1_215' title='bbox 2841 1338 3045 1392; x_wconf 84' lang='grc' dir='ltr'>εἰπών·</span> <span class='ocrx_word' id='word_1_216' title='bbox 3083 1336 3257 1404; x_wconf 77' lang='grc' dir='ltr'><strong>Πλὴν</strong></span> <span class='ocrx_word' id='word_1_217' title='bbox 3299 1334 3444 1405; x_wconf 81' lang='grc' dir='ltr'>ἐμοῦ</span> <span class='ocrx_word' id='word_1_218' title='bbox 3485 1336 3597 1388; x_wconf 85' lang='grc' dir='ltr'>οὐκ</span> <span class='ocrx_word' id='word_1_219' title='bbox 3639 1332 3778 1387; x_wconf 78' lang='grc' dir='ltr'>ἐστι</span> 
     </span>
    </p>
   </div>
   <div class='ocr_carea' id='block_1_27' title="bbox 2201 1426 3782 1504">
    <p class='ocr_par' dir='ltr' id='par_1_27' title="bbox 2201 1426 3782 1504">
     <span class='ocr_line' id='line_1_27' title="bbox 2201 1426 3782 1504; baseline -0.008 -12"><span class='ocrx_word' id='word_1_220' title='bbox 2201 1439 2362 1503; x_wconf 84' lang='grc' dir='ltr'>Θεός.</span> <span class='ocrx_word' id='word_1_221' title='bbox 2380 1436 2480 1502; x_wconf 84' lang='grc' dir='ltr'><strong>Τίς</strong></span> <span class='ocrx_word' id='word_1_222' title='bbox 2491 1433 2691 1504; x_wconf 82' lang='grc' dir='ltr'>ὥσπερ</span> <span class='ocrx_word' id='word_1_223' title='bbox 2711 1431 2845 1502; x_wconf 73' lang='grc' dir='ltr'>ἐγώ;</span> <span class='ocrx_word' id='word_1_224' title='bbox 2870 1433 2960 1485; x_wconf 69' lang='grc' dir='ltr'>καὶ</span> <span class='ocrx_word' id='word_1_225' title='bbox 2984 1430 3126 1501; x_wconf 80' lang='grc' dir='ltr'><strong>ἑξῆς·</strong></span> <span class='ocrx_word' id='word_1_226' title='bbox 3151 1428 3456 1498; x_wconf 79' lang='grc' dir='ltr'><strong>Μάρτυρες</strong></span> <span class='ocrx_word' id='word_1_227' title='bbox 3471 1426 3580 1498; x_wconf 72' lang='lat'><strong>(27)</strong></span> <span class='ocrx_word' id='word_1_228' title='bbox 3601 1427 3782 1497; x_wconf 79' lang='grc' dir='ltr'><strong>ὑμεῖς</strong></span> 
     </span>
    </p>
   </div>
   <div class='ocr_carea' id='block_1_28' title="bbox 2196 1518 3775 1593">
    <p class='ocr_par' dir='ltr' id='par_1_28' title="bbox 2196 1518 3775 1593">
     <span class='ocr_line' id='line_1_28' title="bbox 2196 1518 3775 1593; baseline -0.007 -10"><span class='ocrx_word' id='word_1_229' title='bbox 2196 1529 2354 1593; x_wconf 86' lang='grc' dir='ltr'>ἐστε,</span> <span class='ocrx_word' id='word_1_230' title='bbox 2389 1529 2440 1582; x_wconf 80' lang='grc' dir='ltr'><strong>εἰ</strong></span> <span class='ocrx_word' id='word_1_231' title='bbox 2484 1527 2617 1582; x_wconf 81' lang='grc' dir='ltr'>ἐστι</span> <span class='ocrx_word' id='word_1_232' title='bbox 2667 1525 2810 1590; x_wconf 82' lang='grc' dir='ltr'><strong>Θεὸς</strong></span> <span class='ocrx_word' id='word_1_233' title='bbox 2848 1521 3014 1591; x_wconf 78' lang='grc' dir='ltr'>πλὴν</span> <span class='ocrx_word' id='word_1_234' title='bbox 3049 1522 3215 1592; x_wconf 81' lang='grc' dir='ltr'>ἐμοῦ,</span> <span class='ocrx_word' id='word_1_235' title='bbox 3256 1521 3502 1592; x_wconf 86' lang='grc' dir='ltr'>ἐπήγαγε</span> <span class='ocrx_word' id='word_1_236' title='bbox 3539 1518 3620 1572; x_wconf 82' lang='grc' dir='ltr'>τό’</span> <span class='ocrx_word' id='word_1_237' title='bbox 3659 1519 3775 1573; x_wconf 69' lang='grc' dir='ltr'><strong>Καὶ</strong></span> 
     </span>
    </p>
   </div>
   <div class='ocr_carea' id='block_1_29' title="bbox 2197 1610 3772 1691">
    <p class='ocr_par' dir='ltr' id='par_1_29' title="bbox 2197 1610 3772 1691">
     <span class='ocr_line' id='line_1_29' title="bbox 2197 1610 3772 1691; baseline -0.008 -17"><span class='ocrx_word' id='word_1_238' title='bbox 2197 1622 2307 1674; x_wconf 82' lang='grc' dir='ltr'>οὐκ</span> <span class='ocrx_word' id='word_1_239' title='bbox 2334 1615 2496 1691; x_wconf 81' lang='grc' dir='ltr'><strong>ἦσαν</strong></span> <span class='ocrx_word' id='word_1_240' title='bbox 2539 1617 2670 1671; x_wconf 81' lang='grc' dir='ltr'>τότε</span> <span class='ocrx_word' id='word_1_241' title='bbox 2711 1619 2764 1670; x_wconf 77' lang='grc' dir='ltr'>οἱ</span> <span class='ocrx_word' id='word_1_242' title='bbox 2796 1614 3178 1679; x_wconf 78' lang='grc' dir='ltr'><strong>πλάσσοντες</strong></span> <span class='ocrx_word' id='word_1_243' title='bbox 3209 1610 3306 1666; x_wconf 79' lang='grc' dir='ltr'>καὶ</span> <span class='ocrx_word' id='word_1_244' title='bbox 3349 1613 3404 1664; x_wconf 76' lang='grc' dir='ltr'>οἱ</span> <span class='ocrx_word' id='word_1_245' title='bbox 3437 1611 3772 1682; x_wconf 68' lang='grc' dir='ltr'>γλύφοντες</span> 
     </span>
    </p>
   </div>
   <div class='ocr_carea' id='block_1_30' title="bbox 2196 1699 3776 1779">
    <p class='ocr_par' dir='ltr' id='par_1_30' title="bbox 2196 1699 3776 1779">
     <span class='ocr_line' id='line_1_30' title="bbox 2196 1699 3776 1779; baseline -0.006 -15"><span class='ocrx_word' id='word_1_246' title='bbox 2196 1709 2418 1776; x_wconf 80' lang='grc' dir='ltr'>πάντες</span> <span class='ocrx_word' id='word_1_247' title='bbox 2441 1707 2698 1779; x_wconf 82' lang='grc' dir='ltr'>μάταιοι,</span> <span class='ocrx_word' id='word_1_248' title='bbox 2734 1703 3048 1771; x_wconf 81' lang='grc' dir='ltr'>ποιοῦντες</span> <span class='ocrx_word' id='word_1_249' title='bbox 3072 1704 3146 1758; x_wconf 84' lang='grc' dir='ltr'>τὰ</span> <span class='ocrx_word' id='word_1_250' title='bbox 3175 1703 3508 1771; x_wconf 81' lang='grc' dir='ltr'><strong>καταθύμια</strong></span> <span class='ocrx_word' id='word_1_251' title='bbox 3548 1699 3776 1760; x_wconf 80' lang='grc' dir='ltr'>αὐτῶν,</span> 
     </span>
    </p>
   </div>
   <div class='ocr_carea' id='block_1_31' title="bbox 2196 1791 3775 1869">
    <p class='ocr_par' dir='ltr' id='par_1_31' title="bbox 2196 1791 3775 1869">
     <span class='ocr_line' id='line_1_31' title="bbox 2196 1791 3775 1869; baseline -0.004 -18"><span class='ocrx_word' id='word_1_252' title='bbox 2196 1798 2308 1851; x_wconf 81' lang='grc' dir='ltr'><strong>Καὶ</strong></span> <span class='ocrx_word' id='word_1_253' title='bbox 2337 1797 2402 1850; x_wconf 86' lang='grc' dir='ltr'><strong>δι’</strong></span> <span class='ocrx_word' id='word_1_254' title='bbox 2431 1796 2559 1868; x_wconf 78' lang='grc' dir='ltr'>ὅλης</span> <span class='ocrx_word' id='word_1_255' title='bbox 2588 1795 2644 1849; x_wconf 86' lang='grc' dir='ltr'>δὲ</span> <span class='ocrx_word' id='word_1_256' title='bbox 2676 1796 2774 1869; x_wconf 67' lang='grc' dir='ltr'>τῆς</span> <span class='ocrx_word' id='word_1_257' title='bbox 2806 1793 2968 1849; x_wconf 83' lang='grc' dir='ltr'>αὐτοῦ</span> <span class='ocrx_word' id='word_1_258' title='bbox 3003 1792 3334 1866; x_wconf 80' lang='grc' dir='ltr'><strong>προφητείας</strong></span> <span class='ocrx_word' id='word_1_259' title='bbox 3361 1791 3542 1863; x_wconf 74' lang='grc' dir='ltr'>εὕροις</span> <span class='ocrx_word' id='word_1_260' title='bbox 3582 1791 3648 1847; x_wconf 80' lang='grc' dir='ltr'>ἂν</span> <span class='ocrx_word' id='word_1_261' title='bbox 3676 1809 3775 1845; x_wconf 60' lang='grc' dir='ltr'>κο.</span> 
     </span>
    </p>
   </div>
   <div class='ocr_carea' id='block_1_32' title="bbox 531 1875 2094 1959">
    <p class='ocr_par' dir='ltr' id='par_1_32' title="bbox 531 1889 2094 1959">
     <span class='ocr_line' id='line_1_32' title="bbox 531 1889 2094 1959; baseline 0.003 -16"><span class='ocrx_word' id='word_1_262' title='bbox 531 1889 914 1957; x_wconf 84' lang='lat' dir='ltr'><strong>prOpbetarum</strong></span> <span class='ocrx_word' id='word_1_263' title='bbox 974 1907 1136 1946; x_wconf 91' lang='lat' dir='ltr'><strong>unum</strong></span> <span class='ocrx_word' id='word_1_264' title='bbox 1177 1892 1342 1946; x_wconf 91' lang='lat' dir='ltr'><strong>Deum</strong></span> <span class='ocrx_word' id='word_1_265' title='bbox 1382 1891 1620 1946; x_wconf 81' lang='lat' dir='ltr'><strong>invenies</strong></span> <span class='ocrx_word' id='word_1_266' title='bbox 1654 1892 2002 1959; x_wconf 90' lang='lat' dir='ltr'><strong>celebratum,</strong></span> <span class='ocrx_word' id='word_1_267' title='bbox 2040 1904 2094 1948; x_wconf 89' lang='lat' dir='ltr'><strong>ut</strong></span> 
     </span>
    </p>
   </div>
   <div class='ocr_carea' id='block_1_33' title="bbox 2196 1875 3774 1959">
    <p class='ocr_par' dir='ltr' id='par_1_33' title="bbox 2198 1879 3774 1959">
     <span class='ocr_line' id='line_1_33' title="bbox 2198 1879 3774 1959; baseline -0.006 -18"><span class='ocrx_word' id='word_1_268' title='bbox 2198 1888 2438 1959; x_wconf 88' lang='grc' dir='ltr'>πτὸμενα</span> <span class='ocrx_word' id='word_1_269' title='bbox 2469 1886 2535 1940; x_wconf 86' lang='grc' dir='ltr'><strong>τὰ</strong></span> <span class='ocrx_word' id='word_1_270' title='bbox 2562 1885 2743 1957; x_wconf 75' lang='grc' dir='ltr'>ἀψυχα</span> <span class='ocrx_word' id='word_1_271' title='bbox 2787 1884 2969 1950; x_wconf 82' lang='grc' dir='ltr'>ξόανα,</span> <span class='ocrx_word' id='word_1_272' title='bbox 2999 1885 3094 1938; x_wconf 75' lang='grc' dir='ltr'>καὶ</span> <span class='ocrx_word' id='word_1_273' title='bbox 3133 1882 3262 1954; x_wconf 84' lang='grc' dir='ltr'>παρ’</span> <span class='ocrx_word' id='word_1_274' title='bbox 3294 1881 3509 1952; x_wconf 80' lang='grc' dir='ltr'><strong>ἑκάστῳ</strong></span> <span class='ocrx_word' id='word_1_275' title='bbox 3537 1879 3594 1933; x_wconf 82' lang='grc' dir='ltr'><strong>δέ</strong></span> <span class='ocrx_word' id='word_1_276' title='bbox 3638 1897 3774 1952; x_wconf 89' lang='grc' dir='ltr'>προ-</span> 
     </span>
    </p>
   </div>
   <div class='ocr_carea' id='block_1_34' title="bbox 532 1979 2099 2037">
    <p class='ocr_par' dir='ltr' id='par_1_34' title="bbox 532 1979 2099 2037">
     <span class='ocr_line' id='line_1_34' title="bbox 532 1979 2099 2037; baseline 0.004 -6"><span class='ocrx_word' id='word_1_277' title='bbox 532 1988 846 2034; x_wconf 87' lang='lat' dir='ltr'><strong>avertantur</strong></span> <span class='ocrx_word' id='word_1_278' title='bbox 875 1981 1118 2036; x_wconf 88' lang='lat' dir='ltr'><strong>homines</strong></span> <span class='ocrx_word' id='word_1_279' title='bbox 1144 1997 1174 2036; x_wconf 88' lang='lat' dir='ltr'><strong>a</strong></span> <span class='ocrx_word' id='word_1_280' title='bbox 1205 1981 1425 2036; x_wconf 84' lang='lat' dir='ltr'><strong>deorum</strong></span> <span class='ocrx_word' id='word_1_281' title='bbox 1457 1979 1814 2036; x_wconf 86' lang='lat' dir='ltr'><strong>multitudine.</strong></span> <span class='ocrx_word' id='word_1_282' title='bbox 1844 1980 1923 2036; x_wconf 78' lang='lat' dir='ltr'><strong>Ad</strong></span> <span class='ocrx_word' id='word_1_283' title='bbox 1953 1998 2099 2037; x_wconf 88' lang='lat' dir='ltr'><strong>eum-</strong></span> 
     </span>
    </p>
   </div>
   <div class='ocr_carea' id='block_1_35' title="bbox 532 2067 2097 2145">
    <p class='ocr_par' dir='ltr' id='par_1_35' title="bbox 532 2067 2097 2145">
     <span class='ocr_line' id='line_1_35' title="bbox 532 2067 2097 2145; baseline 0.003 -22"><span class='ocrx_word' id='word_1_284' title='bbox 532 2067 653 2123; x_wconf 90' lang='lat' dir='ltr'><strong>dem</strong></span> <span class='ocrx_word' id='word_1_285' title='bbox 688 2070 900 2125; x_wconf 88' lang='lat' dir='ltr'><strong>modum</strong></span> <span class='ocrx_word' id='word_1_286' title='bbox 936 2087 1032 2126; x_wconf 87' lang='lat' dir='ltr'><strong>nos</strong></span> <span class='ocrx_word' id='word_1_287' title='bbox 1065 2073 1118 2126; x_wconf 92' lang='lat' dir='ltr'><strong>in</strong></span> <span class='ocrx_word' id='word_1_288' title='bbox 1156 2087 1445 2142; x_wconf 87' lang='lat' dir='ltr'><strong>congressu</strong></span> <span class='ocrx_word' id='word_1_289' title='bbox 1479 2086 1798 2143; x_wconf 89' lang='lat' dir='ltr'><strong>quocunque</strong></span> <span class='ocrx_word' id='word_1_290' title='bbox 1834 2089 1955 2128; x_wconf 89' lang='lat' dir='ltr'><strong>cum</strong></span> <span class='ocrx_word' id='word_1_291' title='bbox 2000 2089 2097 2145; x_wconf 85' lang='lat' dir='ltr'><strong>pa-</strong></span> 
     </span>
    </p>
   </div>
   <div class='ocr_carea' id='block_1_36' title="bbox 531 2159 2097 2237">
    <p class='ocr_par' dir='ltr' id='par_1_36' title="bbox 531 2159 2097 2237">
     <span class='ocr_line' id='line_1_36' title="bbox 531 2159 2097 2237; baseline 0.005 -23"><span class='ocrx_word' id='word_1_292' title='bbox 531 2159 686 2230; x_wconf 88' lang='lat' dir='ltr'><strong>ganis</strong></span> <span class='ocrx_word' id='word_1_293' title='bbox 718 2160 950 2217; x_wconf 86' lang='lat' dir='ltr'><strong>solemus</strong></span> <span class='ocrx_word' id='word_1_294' title='bbox 987 2164 1290 2219; x_wconf 86' lang='lat' dir='ltr'><strong>doctrinam</strong></span> <span class='ocrx_word' id='word_1_295' title='bbox 1317 2165 1383 2219; x_wconf 86' lang='lat' dir='ltr'><strong>de</strong></span> <span class='ocrx_word' id='word_1_296' title='bbox 1409 2163 1627 2219; x_wconf 86' lang='lat' dir='ltr'><strong>Christo</strong></span> <span class='ocrx_word' id='word_1_297' title='bbox 1668 2165 1721 2220; x_wconf 92' lang='lat' dir='ltr'><strong>in</strong></span> <span class='ocrx_word' id='word_1_298' title='bbox 1755 2175 1963 2236; x_wconf 84' lang='lat' dir='ltr'><strong>tempus</strong></span> <span class='ocrx_word' id='word_1_299' title='bbox 1999 2183 2097 2237; x_wconf 87' lang='lat' dir='ltr'><strong>op-</strong></span> 
     </span>
    </p>
   </div>
   <div class='ocr_carea' id='block_1_37' title="bbox 527 2258 2098 2328">
    <p class='ocr_par' dir='ltr' id='par_1_37' title="bbox 527 2258 2098 2328">
     <span class='ocr_line' id='line_1_37' title="bbox 527 2258 2098 2328; baseline 0.005 -22"><span class='ocrx_word' id='word_1_300' title='bbox 527 2261 816 2320; x_wconf 85' lang='lat' dir='ltr'><strong>portunum</strong></span> <span class='ocrx_word' id='word_1_301' title='bbox 849 2269 1136 2324; x_wconf 88' lang='lat' dir='ltr'><strong>reponere,</strong></span> <span class='ocrx_word' id='word_1_302' title='bbox 1170 2266 1225 2313; x_wconf 90' lang='lat' dir='ltr'><strong>et</strong></span> <span class='ocrx_word' id='word_1_303' title='bbox 1251 2258 1302 2311; x_wconf 91' lang='lat' dir='ltr'><strong>in</strong></span> <span class='ocrx_word' id='word_1_304' title='bbox 1338 2258 1585 2328; x_wconf 70' lang='lat' dir='ltr'><strong>praesenti</strong></span> <span class='ocrx_word' id='word_1_305' title='bbox 1630 2259 1830 2313; x_wconf 85' lang='lat' dir='ltr'><strong>erroris</strong></span> <span class='ocrx_word' id='word_1_306' title='bbox 1873 2259 2098 2315; x_wconf 83' lang='lat' dir='ltr'><strong>idolola-</strong></span> 
     </span>
    </p>
   </div>
   <div class='ocr_carea' id='block_1_38' title="bbox 529 2342 2096 2416">
    <p class='ocr_par' dir='ltr' id='par_1_38' title="bbox 529 2342 2096 2416">
     <span class='ocr_line' id='line_1_38' title="bbox 529 2342 2096 2416; baseline 0.006 -18"><span class='ocrx_word' id='word_1_307' title='bbox 529 2342 652 2398; x_wconf 88' lang='lat' dir='ltr'><strong>trici</strong></span> <span class='ocrx_word' id='word_1_308' title='bbox 709 2345 1141 2416; x_wconf 88' lang='lat' dir='ltr'><strong>redargutionem</strong></span> <span class='ocrx_word' id='word_1_309' title='bbox 1201 2361 1535 2416; x_wconf 87' lang='lat' dir='ltr'><strong>proponere,</strong></span> <span class='ocrx_word' id='word_1_310' title='bbox 1585 2355 1641 2403; x_wconf 88' lang='lat' dir='ltr'><strong>et</strong></span> <span class='ocrx_word' id='word_1_311' title='bbox 1694 2348 1784 2404; x_wconf 86' lang='lat' dir='ltr'><strong>Dei</strong></span> <span class='ocrx_word' id='word_1_312' title='bbox 1838 2351 2096 2407; x_wconf 86' lang='lat' dir='ltr'><strong>unitatem</strong></span> 
     </span>
    </p>
   </div>
   <div class='ocr_carea' id='block_1_39' title="bbox 528 2433 2096 2499">
    <p class='ocr_par' dir='ltr' id='par_1_39' title="bbox 528 2433 2096 2499">
     <span class='ocr_line' id='line_1_39' title="bbox 528 2433 2096 2499; baseline 0.008 -12"><span class='ocrx_word' id='word_1_313' title='bbox 528 2433 970 2492; x_wconf 84' lang='lat' dir='ltr'><strong>demonstrativis</strong></span> <span class='ocrx_word' id='word_1_314' title='bbox 1034 2437 1334 2494; x_wconf 89' lang='lat' dir='ltr'><strong>rationibus</strong></span> <span class='ocrx_word' id='word_1_315' title='bbox 1396 2439 1658 2496; x_wconf 88' lang='lat' dir='ltr'><strong>stabilire.</strong></span> <span class='ocrx_word' id='word_1_316' title='bbox 1735 2441 1917 2498; x_wconf 86' lang='lat' dir='ltr'><strong>Discat</strong></span> <span class='ocrx_word' id='word_1_317' title='bbox 1975 2445 2096 2499; x_wconf 88' lang='lat' dir='ltr'><strong>ideo</strong></span> 
     </span>
    </p>
   </div>
   <div class='ocr_carea' id='block_1_40' title="bbox 527 2522 2101 2606">
    <p class='ocr_par' dir='ltr' id='par_1_40' title="bbox 527 2522 2101 2606">
     <span class='ocr_line' id='line_1_40' title="bbox 527 2522 2101 2606; baseline 0.009 -27"><span class='ocrx_word' id='word_1_318' title='bbox 527 2522 831 2593; x_wconf 74' lang='lat' dir='ltr'><strong>Marcellus,</strong></span> <span class='ocrx_word' id='word_1_319' title='bbox 874 2528 919 2584; x_wconf 91' lang='lat' dir='ltr'><strong>si</strong></span> <span class='ocrx_word' id='word_1_320' title='bbox 953 2538 1127 2586; x_wconf 84' lang='lat' dir='ltr'><strong>tamen</strong></span> <span class='ocrx_word' id='word_1_321' title='bbox 1159 2531 1252 2598; x_wconf 87' lang='lat' dir='ltr'><strong>qui</strong></span> <span class='ocrx_word' id='word_1_322' title='bbox 1294 2532 1689 2588; x_wconf 84' lang='lat' dir='ltr'><strong>obveteraverit</strong></span> <span class='ocrx_word' id='word_1_323' title='bbox 1734 2550 1856 2590; x_wconf 91' lang='lat' dir='ltr'><strong>cum</strong></span> <span class='ocrx_word' id='word_1_324' title='bbox 1888 2536 2101 2606; x_wconf 83' lang='lat' dir='ltr'><strong>episco-</strong></span> 
     </span>
    </p>
   </div>
   <div class='ocr_carea' id='block_1_41' title="bbox 524 2618 2095 2697">
    <p class='ocr_par' dir='ltr' id='par_1_41' title="bbox 524 2618 2095 2697">
     <span class='ocr_line' id='line_1_41' title="bbox 524 2618 2095 2697; baseline 0.008 -27"><span class='ocrx_word' id='word_1_325' title='bbox 524 2627 656 2687; x_wconf 86' lang='lat' dir='ltr'><strong>patu</strong></span> <span class='ocrx_word' id='word_1_326' title='bbox 711 2619 763 2675; x_wconf 91' lang='lat' dir='ltr'><strong>in</strong></span> <span class='ocrx_word' id='word_1_327' title='bbox 803 2618 1041 2676; x_wconf 85' lang='lat' dir='ltr'><strong>Ecclesia</strong></span> <span class='ocrx_word' id='word_1_328' title='bbox 1097 2622 1297 2678; x_wconf 88' lang='lat' dir='ltr'><strong>Christi</strong></span> <span class='ocrx_word' id='word_1_329' title='bbox 1341 2623 1576 2680; x_wconf 88' lang='lat' dir='ltr'><strong>nondum</strong></span> <span class='ocrx_word' id='word_1_330' title='bbox 1629 2624 1906 2692; x_wconf 86' lang='lat' dir='ltr'><strong>didicerit,</strong></span> <span class='ocrx_word' id='word_1_331' title='bbox 1953 2628 2095 2697; x_wconf 93' lang='lat' dir='ltr'><strong>quod</strong></span> 
     </span>
    </p>
   </div>
   <div class='ocr_carea' id='block_1_42' title="bbox 526 2709 2092 2784">
    <p class='ocr_par' dir='ltr' id='par_1_42' title="bbox 526 2709 2092 2784">
     <span class='ocr_line' id='line_1_42' title="bbox 526 2709 2092 2784; baseline 0.005 -21"><span class='ocrx_word' id='word_1_332' title='bbox 526 2709 768 2779; x_wconf 84' lang='lat' dir='ltr'><strong>mysterii</strong></span> <span class='ocrx_word' id='word_1_333' title='bbox 820 2709 963 2766; x_wconf 89' lang='lat' dir='ltr'><strong>illius</strong></span> <span class='ocrx_word' id='word_1_334' title='bbox 999 2712 1297 2767; x_wconf 89' lang='lat' dir='ltr'><strong>absconditi</strong></span> <span class='ocrx_word' id='word_1_335' title='bbox 1338 2713 1728 2784; x_wconf 85' lang='lat' dir='ltr'><strong>intelligentia,</strong></span> <span class='ocrx_word' id='word_1_336' title='bbox 1772 2725 1982 2772; x_wconf 85' lang='lat' dir='ltr'><strong>vetusto</strong></span> <span class='ocrx_word' id='word_1_337' title='bbox 2016 2716 2092 2771; x_wconf 93' lang='lat' dir='ltr'><strong>illi</strong></span> 
     </span>
    </p>
   </div>
   <div class='ocr_carea' id='block_1_43' title="bbox 524 2798 2092 2876">
    <p class='ocr_par' dir='ltr' id='par_1_43' title="bbox 524 2798 2092 2876">
     <span class='ocr_line' id='line_1_43' title="bbox 524 2798 2092 2876; baseline 0.008 -27"><span class='ocrx_word' id='word_1_338' title='bbox 524 2798 722 2867; x_wconf 83' lang='lat' dir='ltr'><strong>p0pulo</strong></span> <span class='ocrx_word' id='word_1_339' title='bbox 768 2813 874 2854; x_wconf 87' lang='lat' dir='ltr'><strong>non</strong></span> <span class='ocrx_word' id='word_1_340' title='bbox 934 2802 1430 2858; x_wconf 88' lang='lat' dir='ltr'><strong>communicabatur</strong></span> <span class='ocrx_word' id='word_1_341' title='bbox 1484 2805 1551 2860; x_wconf 92' lang='lat' dir='ltr'><strong>de</strong></span> <span class='ocrx_word' id='word_1_342' title='bbox 1598 2803 1737 2860; x_wconf 85' lang='lat' dir='ltr'><strong>Filio</strong></span> <span class='ocrx_word' id='word_1_343' title='bbox 1782 2805 1913 2872; x_wconf 89' lang='lat' dir='ltr'><strong>Deo,</strong></span> <span class='ocrx_word' id='word_1_344' title='bbox 1961 2823 2092 2876; x_wconf 90' lang='lat' dir='ltr'><strong>pro-</strong></span> 
     </span>
    </p>
   </div>
   <div class='ocr_carea' id='block_1_44' title="bbox 526 2890 2096 2966">
    <p class='ocr_par' dir='ltr' id='par_1_44' title="bbox 526 2890 2096 2966">
     <span class='ocr_line' id='line_1_44' title="bbox 526 2890 2096 2966; baseline 0.007 -27"><span class='ocrx_word' id='word_1_345' title='bbox 526 2895 709 2954; x_wconf 88' lang='lat' dir='ltr'><strong>pterea</strong></span> <span class='ocrx_word' id='word_1_346' title='bbox 751 2890 891 2958; x_wconf 91' lang='lat' dir='ltr'><strong>quod</strong></span> <span class='ocrx_word' id='word_1_347' title='bbox 942 2892 1008 2944; x_wconf 88' lang='lat' dir='ltr'><strong>ab</strong></span> <span class='ocrx_word' id='word_1_348' title='bbox 1051 2892 1352 2948; x_wconf 86' lang='lat' dir='ltr'><strong>idololatria</strong></span> <span class='ocrx_word' id='word_1_349' title='bbox 1391 2894 1732 2963; x_wconf 87' lang='lat' dir='ltr'><strong>impendebat</strong></span> <span class='ocrx_word' id='word_1_350' title='bbox 1781 2896 1847 2951; x_wconf 88' lang='lat' dir='ltr'><strong>iis</strong></span> <span class='ocrx_word' id='word_1_351' title='bbox 1878 2897 2096 2966; x_wconf 88' lang='lat' dir='ltr'><strong>pericu-</strong></span> 
     </span>
    </p>
   </div>
   <div class='ocr_carea' id='block_1_45' title="bbox 527 2979 2096 3059">
    <p class='ocr_par' dir='ltr' id='par_1_45' title="bbox 527 2979 2096 3059">
     <span class='ocr_line' id='line_1_45' title="bbox 527 2979 2096 3059; baseline 0.008 -27"><span class='ocrx_word' id='word_1_352' title='bbox 527 2979 636 3033; x_wconf 90' lang='lat' dir='ltr'><strong>lum</strong></span> <span class='ocrx_word' id='word_1_353' title='bbox 661 3019 677 3044; x_wconf 96' lang='lat'><strong>,</strong></span> <span class='ocrx_word' id='word_1_354' title='bbox 700 2989 754 3035; x_wconf 88' lang='lat' dir='ltr'><strong>et</strong></span> <span class='ocrx_word' id='word_1_355' title='bbox 781 2981 919 3052; x_wconf 90' lang='lat' dir='ltr'><strong>quod</strong></span> <span class='ocrx_word' id='word_1_356' title='bbox 951 2981 1200 3039; x_wconf 69' lang='lat' dir='ltr'><strong>Ecclu-siae</strong></span> <span class='ocrx_word' id='word_1_357' title='bbox 1232 2986 1598 3040; x_wconf 88' lang='lat' dir='ltr'><strong>tantummodo</strong></span> <span class='ocrx_word' id='word_1_358' title='bbox 1626 2988 1938 3059; x_wconf 86' lang='lat' dir='ltr'><strong>mysterium</strong></span> <span class='ocrx_word' id='word_1_359' title='bbox 1967 2989 2096 3045; x_wconf 87' lang='lat' dir='ltr'><strong>illud</strong></span> 
     </span>
    </p>
   </div>
   <div class='ocr_carea' id='block_1_46' title="bbox 525 3069 2093 3143">
    <p class='ocr_par' dir='ltr' id='par_1_46' title="bbox 525 3069 2093 3143">
     <span class='ocr_line' id='line_1_46' title="bbox 525 3069 2093 3143; baseline 0.007 -21"><span class='ocrx_word' id='word_1_360' title='bbox 525 3084 556 3122; x_wconf 89' lang='lat' dir='ltr'><strong>a</strong></span> <span class='ocrx_word' id='word_1_361' title='bbox 591 3069 806 3136; x_wconf 55' lang='lat' dir='ltr'><strong>saeculo,</strong></span> <span class='ocrx_word' id='word_1_362' title='bbox 844 3081 898 3124; x_wconf 90' lang='lat' dir='ltr'><strong>et</strong></span> <span class='ocrx_word' id='word_1_363' title='bbox 943 3074 1375 3143; x_wconf 78' lang='lat' dir='ltr'><strong>generationibus</strong></span> <span class='ocrx_word' id='word_1_364' title='bbox 1426 3075 1796 3131; x_wconf 86' lang='lat' dir='ltr'><strong>absconditum</strong></span> <span class='ocrx_word' id='word_1_365' title='bbox 1845 3094 2093 3134; x_wconf 82' lang='lat' dir='ltr'><strong>reserva-</strong></span> 
     </span>
    </p>
   </div>
   <div class='ocr_carea' id='block_1_47' title="bbox 526 3159 2093 3238">
    <p class='ocr_par' dir='ltr' id='par_1_47' title="bbox 526 3159 2093 3238">
     <span class='ocr_line' id='line_1_47' title="bbox 526 3159 2093 3238; baseline 0.006 -26"><span class='ocrx_word' id='word_1_366' title='bbox 526 3159 688 3215; x_wconf 82' lang='lat' dir='ltr'><strong>hatur</strong></span> <span class='ocrx_word' id='word_1_367' title='bbox 714 3160 1058 3228; x_wconf 89' lang='lat' dir='ltr'><strong>aperiendum</strong></span> <span class='ocrx_word' id='word_1_368' title='bbox 1089 3161 1157 3216; x_wconf 87' lang='lat' dir='ltr'><strong>ab</strong></span> <span class='ocrx_word' id='word_1_369' title='bbox 1209 3162 1374 3231; x_wconf 90' lang='lat' dir='ltr'><strong>ipsius</strong></span> <span class='ocrx_word' id='word_1_370' title='bbox 1405 3165 1597 3233; x_wconf 89' lang='lat' dir='ltr'><strong>gratia.</strong></span> <span class='ocrx_word' id='word_1_371' title='bbox 1627 3163 1684 3217; x_wconf 92' lang='lat' dir='ltr'><strong>In</strong></span> <span class='ocrx_word' id='word_1_372' title='bbox 1711 3181 1816 3234; x_wconf 92' lang='lat' dir='ltr'><strong>quo</strong></span> <span class='ocrx_word' id='word_1_373' title='bbox 1839 3169 2093 3238; x_wconf 86' lang='lat' dir='ltr'><strong>mysterio</strong></span> 
     </span>
    </p>
   </div>
   <div class='ocr_carea' id='block_1_48' title="bbox 525 3249 2090 3326">
    <p class='ocr_par' dir='ltr' id='par_1_48' title="bbox 525 3249 2090 3326">
     <span class='ocr_line' id='line_1_48' title="bbox 525 3249 2090 3326; baseline 0.006 -23"><span class='ocrx_word' id='word_1_374' title='bbox 525 3249 595 3303; x_wconf 89' lang='lat' dir='ltr'><strong>de</strong></span> <span class='ocrx_word' id='word_1_375' title='bbox 632 3261 812 3304; x_wconf 87' lang='lat' dir='ltr'><strong>sancta</strong></span> <span class='ocrx_word' id='word_1_376' title='bbox 848 3250 1110 3308; x_wconf 87' lang='lat' dir='ltr'><strong>Trinitate</strong></span> <span class='ocrx_word' id='word_1_377' title='bbox 1140 3253 1297 3319; x_wconf 86' lang='lat' dir='ltr'><strong>ratio,</strong></span> <span class='ocrx_word' id='word_1_378' title='bbox 1339 3255 1405 3308; x_wconf 88' lang='lat' dir='ltr'><strong>de</strong></span> <span class='ocrx_word' id='word_1_379' title='bbox 1448 3253 1627 3320; x_wconf 83' lang='lat' dir='ltr'><strong>Patre,</strong></span> <span class='ocrx_word' id='word_1_380' title='bbox 1662 3254 1821 3320; x_wconf 83' lang='lat' dir='ltr'><strong>Filio,</strong></span> <span class='ocrx_word' id='word_1_381' title='bbox 1865 3267 1922 3312; x_wconf 89' lang='lat' dir='ltr'><strong>et</strong></span> <span class='ocrx_word' id='word_1_382' title='bbox 1969 3257 2090 3326; x_wconf 90' lang='lat' dir='ltr'><strong>Spi-</strong></span> 
     </span>
    </p>
   </div>
   <div class='ocr_carea' id='block_1_49' title="bbox 523 3339 2088 3418">
    <p class='ocr_par' dir='ltr' id='par_1_49' title="bbox 523 3339 2088 3418">
     <span class='ocr_line' id='line_1_49' title="bbox 523 3339 2088 3418; baseline 0.005 -23"><span class='ocrx_word' id='word_1_383' title='bbox 523 3339 632 3395; x_wconf 84' lang='lat' dir='ltr'><strong>ritu</strong></span> <span class='ocrx_word' id='word_1_384' title='bbox 659 3349 866 3408; x_wconf 84' lang='lat' dir='ltr'><strong>sancto,</strong></span> <span class='ocrx_word' id='word_1_385' title='bbox 897 3341 1150 3397; x_wconf 88' lang='lat' dir='ltr'><strong>nimirum</strong></span> <span class='ocrx_word' id='word_1_386' title='bbox 1181 3343 1758 3414; x_wconf 87' lang='lat' dir='ltr'><strong>comprehendebatur.</strong></span> <span class='ocrx_word' id='word_1_387' title='bbox 1786 3347 1947 3418; x_wconf 83' lang='lat' dir='ltr'><strong>Atqui</strong></span> <span class='ocrx_word' id='word_1_388' title='bbox 1981 3357 2088 3403; x_wconf 81' lang='lat' dir='ltr'><strong>tam</strong></span> 
     </span>
    </p>
   </div>
   <div class='ocr_carea' id='block_1_50' title="bbox 524 3429 2089 3507">
    <p class='ocr_par' dir='ltr' id='par_1_50' title="bbox 524 3429 2089 3507">
     <span class='ocr_line' id='line_1_50' title="bbox 524 3429 2089 3507; baseline 0.007 -23"><span class='ocrx_word' id='word_1_389' title='bbox 524 3429 694 3486; x_wconf 81' lang='lat' dir='ltr'><strong>multa</strong></span> <span class='ocrx_word' id='word_1_390' title='bbox 739 3431 958 3504; x_wconf 77' lang='lat' dir='ltr'><strong>collegit</strong></span> <span class='ocrx_word' id='word_1_391' title='bbox 1006 3435 1060 3489; x_wconf 89' lang='lat' dir='ltr'><strong>in</strong></span> <span class='ocrx_word' id='word_1_392' title='bbox 1109 3451 1308 3500; x_wconf 92' lang='lat' dir='ltr'><strong>unum,</strong></span> <span class='ocrx_word' id='word_1_393' title='bbox 1353 3445 1485 3507; x_wconf 91' lang='lat' dir='ltr'><strong>quot</strong></span> <span class='ocrx_word' id='word_1_394' title='bbox 1536 3436 1620 3493; x_wconf 89' lang='lat' dir='ltr'><strong>vel</strong></span> <span class='ocrx_word' id='word_1_395' title='bbox 1667 3438 1735 3494; x_wconf 90' lang='lat' dir='ltr'><strong>de</strong></span> <span class='ocrx_word' id='word_1_396' title='bbox 1784 3438 2089 3495; x_wconf 71' lang='lat' dir='ltr'><strong>Iudaeorum</strong></span> 
     </span>
    </p>
   </div>
   <div class='ocr_carea' id='block_1_51' title="bbox 523 3522 2090 3601">
    <p class='ocr_par' dir='ltr' id='par_1_51' title="bbox 523 3522 2090 3601">
     <span class='ocr_line' id='line_1_51' title="bbox 523 3522 2090 3601; baseline 0.007 -27"><span class='ocrx_word' id='word_1_397' title='bbox 523 3533 701 3591; x_wconf 58' lang='lat' dir='ltr'><strong>gente;</strong></span> <span class='ocrx_word' id='word_1_398' title='bbox 748 3522 1062 3580; x_wconf 91' lang='lat' dir='ltr'><strong>circumcisa</strong></span> <span class='ocrx_word' id='word_1_399' title='bbox 1115 3525 1372 3597; x_wconf 74' lang='lat' dir='ltr'><strong>magister</strong></span> <span class='ocrx_word' id='word_1_400' title='bbox 1425 3527 1478 3582; x_wconf 90' lang='lat' dir='ltr'><strong>in</strong></span> <span class='ocrx_word' id='word_1_401' title='bbox 1530 3525 1755 3582; x_wconf 71' lang='lat' dir='ltr'><strong>Iudaica</strong></span> <span class='ocrx_word' id='word_1_402' title='bbox 1809 3527 2090 3601; x_wconf 86' lang='lat' dir='ltr'><strong>Synagoga</strong></span> 
     </span>
    </p>
   </div>
   <div class='ocr_carea' id='block_1_52' title="bbox 521 3613 2089 3689">
    <p class='ocr_par' dir='ltr' id='par_1_52' title="bbox 521 3613 2089 3689">
     <span class='ocr_line' id='line_1_52' title="bbox 521 3613 2089 3689; baseline 0.006 -21"><span class='ocrx_word' id='word_1_403' title='bbox 521 3613 998 3672; x_wconf 84' lang='lat' dir='ltr'><strong>concionabundus</strong></span> <span class='ocrx_word' id='word_1_404' title='bbox 1033 3627 1427 3686; x_wconf 83' lang='lat' dir='ltr'><strong>coacervasset,</strong></span> <span class='ocrx_word' id='word_1_405' title='bbox 1469 3627 1525 3674; x_wconf 89' lang='lat' dir='ltr'><strong>et</strong></span> <span class='ocrx_word' id='word_1_406' title='bbox 1567 3618 1827 3689; x_wconf 73' lang='lat' dir='ltr'><strong>gloriatur</strong></span> <span class='ocrx_word' id='word_1_407' title='bbox 1867 3636 1927 3676; x_wconf 89' lang='lat' dir='ltr'><strong>se</strong></span> <span class='ocrx_word' id='word_1_408' title='bbox 1975 3623 2089 3677; x_wconf 69' lang='lat' dir='ltr'><strong>haec</strong></span> 
     </span>
    </p>
   </div>
   <div class='ocr_carea' id='block_1_53' title="bbox 525 3691 2088 3784">
    <p class='ocr_par' dir='ltr' id='par_1_53' title="bbox 525 3691 2088 3784">
     <span class='ocr_line' id='line_1_53' title="bbox 525 3691 2088 3784; baseline 0.008 -26"><span class='ocrx_word' id='word_1_409' title='bbox 525 3703 728 3760; x_wconf 78' lang='lat' dir='ltr'><strong>Christi</strong></span> <span class='ocrx_word' id='word_1_410' title='bbox 781 3706 1058 3776; x_wconf 89' lang='lat' dir='ltr'><strong>discipulis</strong></span> <span class='ocrx_word' id='word_1_411' title='bbox 1111 3691 1448 3775; x_wconf 52' lang='lat' dir='ltr'><strong>exhibere,&quot;</strong></span> <span class='ocrx_word' id='word_1_412' title='bbox 1485 3711 1610 3766; x_wconf 92' lang='lat' dir='ltr'><strong>dum</strong></span> <span class='ocrx_word' id='word_1_413' title='bbox 1665 3711 1876 3784; x_wconf 80' lang='lat' dir='ltr'><strong>ignorat</strong></span> <span class='ocrx_word' id='word_1_414' title='bbox 1947 3715 2088 3784; x_wconf 83' lang='lat' dir='ltr'><strong>quod</strong></span> 
     </span>
    </p>
   </div>
   <div class='ocr_carea' id='block_1_54' title="bbox 527 3793 2088 3875">
    <p class='ocr_par' dir='ltr' id='par_1_54' title="bbox 527 3793 2088 3875">
     <span class='ocr_line' id='line_1_54' title="bbox 527 3793 2088 3875; baseline 0.008 -28"><span class='ocrx_word' id='word_1_415' title='bbox 527 3793 696 3849; x_wconf 86' lang='lat' dir='ltr'><strong>multa</strong></span> <span class='ocrx_word' id='word_1_416' title='bbox 735 3796 907 3850; x_wconf 89' lang='lat' dir='ltr'><strong>adhuc</strong></span> <span class='ocrx_word' id='word_1_417' title='bbox 944 3797 1092 3867; x_wconf 84' lang='lat' dir='ltr'><strong>plura</strong></span> <span class='ocrx_word' id='word_1_418' title='bbox 1124 3796 1339 3855; x_wconf 67' lang='lat' dir='ltr'><strong>Judaaus</strong></span> <span class='ocrx_word' id='word_1_419' title='bbox 1380 3802 1672 3856; x_wconf 87' lang='lat' dir='ltr'><strong>secundum</strong></span> <span class='ocrx_word' id='word_1_420' title='bbox 1706 3817 1924 3857; x_wconf 85' lang='lat' dir='ltr'><strong>carnem</strong></span> <span class='ocrx_word' id='word_1_421' title='bbox 1959 3820 2088 3875; x_wconf 87' lang='lat' dir='ltr'><strong>pro-</strong></span> 
     </span>
    </p>
   </div>
   <div class='ocr_carea' id='block_1_55' title="bbox 531 3885 2090 3961">
    <p class='ocr_par' dir='ltr' id='par_1_55' title="bbox 531 3885 2090 3961">
     <span class='ocr_line' id='line_1_55' title="bbox 531 3885 2090 3961; baseline 0.01 -23"><span class='ocrx_word' id='word_1_422' title='bbox 531 3885 758 3941; x_wconf 85' lang='lat' dir='ltr'><strong>tulisset.</strong></span> <span class='ocrx_word' id='word_1_423' title='bbox 801 3887 1000 3943; x_wconf 86' lang='lat' dir='ltr'><strong>Horum</strong></span> <span class='ocrx_word' id='word_1_424' title='bbox 1050 3892 1222 3961; x_wconf 89' lang='lat' dir='ltr'><strong>gratia</strong></span> <span class='ocrx_word' id='word_1_425' title='bbox 1262 3893 1351 3949; x_wconf 90' lang='lat' dir='ltr'><strong>hic</strong></span> <span class='ocrx_word' id='word_1_426' title='bbox 1399 3893 1660 3949; x_wconf 84' lang='lat' dir='ltr'><strong>insultat:</strong></span> <span class='ocrx_word' id='word_1_427' title='bbox 1694 3909 1799 3951; x_wconf 90' lang='lat' dir='ltr'><strong>non</strong></span> <span class='ocrx_word' id='word_1_428' title='bbox 1829 3911 2090 3953; x_wconf 82' lang='lat' dir='ltr'><strong>verecun-</strong></span> 
     </span>
    </p>
   </div>
   <div class='ocr_carea' id='block_1_56' title="bbox 525 3975 2089 4055">
    <p class='ocr_par' dir='ltr' id='par_1_56' title="bbox 525 3975 2089 4055">
     <span class='ocr_line' id='line_1_56' title="bbox 525 3975 2089 4055; baseline 0.011 -27"><span class='ocrx_word' id='word_1_429' title='bbox 525 3975 683 4031; x_wconf 85' lang='lat' dir='ltr'><strong>datur</strong></span> <span class='ocrx_word' id='word_1_430' title='bbox 735 3990 913 4034; x_wconf 90' lang='lat' dir='ltr'><strong>autem</strong></span> <span class='ocrx_word' id='word_1_431' title='bbox 941 3983 1081 4050; x_wconf 89' lang='lat' dir='ltr'><strong>quod</strong></span> <span class='ocrx_word' id='word_1_432' title='bbox 1116 3983 1463 4055; x_wconf 87' lang='lat' dir='ltr'><strong>theologicam</strong></span> <span class='ocrx_word' id='word_1_433' title='bbox 1499 3986 1837 4042; x_wconf 83' lang='lat' dir='ltr'><strong>verissimam</strong></span> <span class='ocrx_word' id='word_1_434' title='bbox 1867 3987 1934 4044; x_wconf 88' lang='lat' dir='ltr'><strong>de</strong></span> <span class='ocrx_word' id='word_1_435' title='bbox 1962 3987 2089 4045; x_wconf 88' lang='lat' dir='ltr'><strong>Ser-</strong></span> 
     </span>
    </p>
   </div>
   <div class='ocr_carea' id='block_1_57' title="bbox 523 4077 1521 4146">
    <p class='ocr_par' dir='ltr' id='par_1_57' title="bbox 523 4077 1521 4146">
     <span class='ocr_line' id='line_1_57' title="bbox 523 4077 1521 4146; baseline 0.013 -26"><span class='ocrx_word' id='word_1_436' title='bbox 523 4077 922 4126; x_wconf 60' lang='lat' dir='ltr'><strong>vatoreanostro</strong></span> <span class='ocrx_word' id='word_1_437' title='bbox 951 4077 1211 4129; x_wconf 87' lang='lat' dir='ltr'><strong>rationem</strong></span> <span class='ocrx_word' id='word_1_438' title='bbox 1243 4077 1521 4146; x_wconf 89' lang='lat' dir='ltr'><strong>pervertit.</strong></span> 
     </span>
    </p>
   </div>
   <div class='ocr_carea' id='block_1_58' title="bbox 1067 4165 1538 4229">
    <p class='ocr_par' dir='ltr' id='par_1_58' title="bbox 1067 4165 1538 4229">
     <span class='ocr_line' id='line_1_58' title="bbox 1067 4165 1538 4229; baseline -0.004 -9"><span class='ocrx_word' id='word_1_439' title='bbox 1067 4171 1124 4229; x_wconf 54' lang='grc' dir='ltr'>ὦ</span> <span class='ocrx_word' id='word_1_440' title='bbox 1155 4165 1306 4220; x_wconf 80' lang='lat' dir='ltr'><strong>CAP.</strong></span> <span class='ocrx_word' id='word_1_441' title='bbox 1353 4167 1538 4222; x_wconf 79' lang='lat' dir='ltr'><strong>XXIII.</strong></span> 
     </span>
    </p>
   </div>
   <div class='ocr_carea' id='block_1_59' title="bbox 721 4253 1897 4327">
    <p class='ocr_par' dir='ltr' id='par_1_59' title="bbox 721 4253 1897 4327">
     <span class='ocr_line' id='line_1_59' title="bbox 721 4253 1897 4327; baseline 0.005 -19"><span class='ocrx_word' id='word_1_442' title='bbox 721 4253 876 4320; x_wconf 79' lang='lat' dir='ltr'><strong>Quod</strong></span> <span class='ocrx_word' id='word_1_443' title='bbox 910 4254 1149 4311; x_wconf 80' lang='lat' dir='ltr'><strong>Ecclesia</strong></span> <span class='ocrx_word' id='word_1_444' title='bbox 1177 4274 1278 4312; x_wconf 90' lang='lat' dir='ltr'><strong>non</strong></span> <span class='ocrx_word' id='word_1_445' title='bbox 1312 4260 1562 4327; x_wconf 60' lang='lat' dir='ltr'><strong>pra’dt’cat</strong></span> <span class='ocrx_word' id='word_1_446' title='bbox 1591 4260 1713 4314; x_wconf 75' lang='lat' dir='ltr'><strong>deos</strong></span> <span class='ocrx_word' id='word_1_447' title='bbox 1743 4261 1897 4316; x_wconf 79' lang='lat' dir='ltr'><strong>duos.</strong></span> 
     </span>
    </p>
   </div>
   <div class='ocr_carea' id='block_1_60' title="bbox 2199 1971 3776 2052">
    <p class='ocr_par' dir='ltr' id='par_1_60' title="bbox 2199 1971 3776 2052">
     <span class='ocr_line' id='line_1_60' title="bbox 2199 1971 3776 2052; baseline -0.004 -19"><span class='ocrx_word' id='word_1_448' title='bbox 2199 1981 2343 2052; x_wconf 78' lang='grc' dir='ltr'>φήτῃ</span> <span class='ocrx_word' id='word_1_449' title='bbox 2389 1978 2588 2050; x_wconf 82' lang='grc' dir='ltr'>ὁμοίως</span> <span class='ocrx_word' id='word_1_450' title='bbox 2631 1978 2713 2042; x_wconf 90' lang='grc' dir='ltr'><strong>εἰς</strong></span> <span class='ocrx_word' id='word_1_451' title='bbox 2751 1975 3068 2049; x_wconf 85' lang='grc' dir='ltr'>ἀποτροπὴν</span> <span class='ocrx_word' id='word_1_452' title='bbox 3107 1975 3206 2046; x_wconf 86' lang='grc' dir='ltr'>τῆς</span> <span class='ocrx_word' id='word_1_453' title='bbox 3251 1972 3511 2028; x_wconf 85' lang='grc' dir='ltr'>πολυθέου</span> <span class='ocrx_word' id='word_1_454' title='bbox 3562 1971 3776 2045; x_wconf 80' lang='grc' dir='ltr'><strong>πλάνης</strong></span> 
     </span>
    </p>
   </div>
   <div class='ocr_carea' id='block_1_61' title="bbox 2195 2063 3776 2142">
    <p class='ocr_par' dir='ltr' id='par_1_61' title="bbox 2195 2063 3776 2142">
     <span class='ocr_line' id='line_1_61' title="bbox 2195 2063 3776 2142; baseline -0.004 -18"><span class='ocrx_word' id='word_1_455' title='bbox 2195 2070 2286 2124; x_wconf 79' lang='grc' dir='ltr'>τὸν</span> <span class='ocrx_word' id='word_1_456' title='bbox 2314 2071 2410 2124; x_wconf 83' lang='grc' dir='ltr'><strong>ἐνα</strong></span> <span class='ocrx_word' id='word_1_457' title='bbox 2439 2070 2569 2125; x_wconf 82' lang='grc' dir='ltr'>Θεὸν</span> <span class='ocrx_word' id='word_1_458' title='bbox 2594 2069 2994 2142; x_wconf 81' lang='grc' dir='ltr'><strong>κηρυττόμενον</strong></span> <span class='ocrx_word' id='word_1_459' title='bbox 3020 2067 3289 2139; x_wconf 77' lang='grc' dir='ltr'><strong>εὑρήσεις.</strong></span> <span class='ocrx_word' id='word_1_460' title='bbox 3318 2063 3476 2118; x_wconf 73' lang='grc' dir='ltr'>Οὕτω</span> <span class='ocrx_word' id='word_1_461' title='bbox 3495 2065 3590 2119; x_wconf 78' lang='grc' dir='ltr'>καὶ</span> <span class='ocrx_word' id='word_1_462' title='bbox 3611 2066 3776 2136; x_wconf 79' lang='grc' dir='ltr'>ἡμεῖς</span> 
     </span>
    </p>
   </div>
   <div class='ocr_carea' id='block_1_62' title="bbox 2197 2159 3778 2238">
    <p class='ocr_par' dir='ltr' id='par_1_62' title="bbox 2197 2159 3778 2238">
     <span class='ocr_line' id='line_1_62' title="bbox 2197 2159 3778 2238; baseline -0.005 -19"><span class='ocrx_word' id='word_1_463' title='bbox 2197 2164 2466 2236; x_wconf 81' lang='grc' dir='ltr'><strong>εἰώθαμεν</strong></span> <span class='ocrx_word' id='word_1_464' title='bbox 2504 2164 2768 2238; x_wconf 80' lang='grc' dir='ltr'>Ἐλλήνων</span> <span class='ocrx_word' id='word_1_465' title='bbox 2797 2166 2908 2227; x_wconf 84' lang='grc' dir='ltr'>τοῖς</span> <span class='ocrx_word' id='word_1_466' title='bbox 2953 2161 3354 2232; x_wconf 84' lang='grc' dir='ltr'>δεισιδαίμοσιν,</span> <span class='ocrx_word' id='word_1_467' title='bbox 3387 2161 3445 2212; x_wconf 90' lang='grc' dir='ltr'><strong>ἐν</strong></span> <span class='ocrx_word' id='word_1_468' title='bbox 3488 2162 3600 2224; x_wconf 85' lang='grc' dir='ltr'>τοῖς</span> <span class='ocrx_word' id='word_1_469' title='bbox 3635 2159 3778 2234; x_wconf 83' lang='grc' dir='ltr'>πρὸς</span> 
     </span>
    </p>
   </div>
   <div class='ocr_carea' id='block_1_63' title="bbox 2198 2251 3777 2334">
    <p class='ocr_par' dir='ltr' id='par_1_63' title="bbox 2198 2251 3777 2334">
     <span class='ocr_line' id='line_1_63' title="bbox 2198 2251 3777 2334; baseline -0.004 -24"><span class='ocrx_word' id='word_1_470' title='bbox 2198 2257 2391 2334; x_wconf 61' lang='grc' dir='ltr'>αύτῲς</span> <span class='ocrx_word' id='word_1_471' title='bbox 2411 2257 2694 2326; x_wconf 85' lang='grc' dir='ltr'>διαλόγοις,</span> <span class='ocrx_word' id='word_1_472' title='bbox 2729 2255 2828 2328; x_wconf 79' lang='grc' dir='ltr'>τὴν</span> <span class='ocrx_word' id='word_1_473' title='bbox 2851 2255 2949 2326; x_wconf 83' lang='grc' dir='ltr'><strong>μὲν</strong></span> <span class='ocrx_word' id='word_1_474' title='bbox 2973 2271 3038 2306; x_wconf 91' lang='grc' dir='ltr'><strong>πε</strong></span> <span class='ocrx_word' id='word_1_475' title='bbox 3049 2254 3101 2324; x_wconf 73' lang='lat' dir='ltr'><strong>pl</strong></span> <span class='ocrx_word' id='word_1_476' title='bbox 3129 2252 3220 2306; x_wconf 87' lang='grc' dir='ltr'><strong>τοῦ</strong></span> <span class='ocrx_word' id='word_1_477' title='bbox 3249 2251 3488 2324; x_wconf 78' lang='grc' dir='ltr'>Χριστοῦ</span> <span class='ocrx_word' id='word_1_478' title='bbox 3518 2251 3777 2304; x_wconf 82' lang='grc' dir='ltr'>διδασκα-</span> 
     </span>
    </p>
   </div>
   <div class='ocr_carea' id='block_1_64' title="bbox 2199 2343 3774 2421">
    <p class='ocr_par' dir='ltr' id='par_1_64' title="bbox 2199 2343 3774 2421">
     <span class='ocr_line' id='line_1_64' title="bbox 2199 2343 3774 2421; baseline -0.005 -18"><span class='ocrx_word' id='word_1_479' title='bbox 2199 2349 2339 2413; x_wconf 87' lang='grc' dir='ltr'>λίαν,</span> <span class='ocrx_word' id='word_1_480' title='bbox 2364 2352 2443 2413; x_wconf 89' lang='grc' dir='ltr'><strong>εἰς</strong></span> <span class='ocrx_word' id='word_1_481' title='bbox 2481 2348 2738 2421; x_wconf 78' lang='grc' dir='ltr'>εῦκαιρον</span> <span class='ocrx_word' id='word_1_482' title='bbox 2777 2344 3152 2418; x_wconf 83' lang='grc' dir='ltr'>ταμιεύεσθαι,</span> <span class='ocrx_word' id='word_1_483' title='bbox 3186 2344 3322 2408; x_wconf 80' lang='grc' dir='ltr'>τέως</span> <span class='ocrx_word' id='word_1_484' title='bbox 3358 2344 3415 2398; x_wconf 85' lang='grc' dir='ltr'>δὲ</span> <span class='ocrx_word' id='word_1_485' title='bbox 3456 2344 3642 2407; x_wconf 81' lang='grc' dir='ltr'>αὐτοῖς</span> <span class='ocrx_word' id='word_1_486' title='bbox 3669 2343 3774 2412; x_wconf 81' lang='grc' dir='ltr'><strong>τῆς</strong></span> 
     </span>
    </p>
   </div>
   <div class='ocr_carea' id='block_1_65' title="bbox 2194 2431 3774 2510">
    <p class='ocr_par' dir='ltr' id='par_1_65' title="bbox 2194 2431 3774 2510">
     <span class='ocr_line' id='line_1_65' title="bbox 2194 2431 3774 2510; baseline -0.005 -18"><span class='ocrx_word' id='word_1_487' title='bbox 2194 2437 2575 2510; x_wconf 69' lang='grc' dir='ltr'>εἰδωλολάτραι)</span> <span class='ocrx_word' id='word_1_488' title='bbox 2624 2437 2832 2508; x_wconf 80' lang='grc' dir='ltr'>πλάνης</span> <span class='ocrx_word' id='word_1_489' title='bbox 2874 2434 3129 2504; x_wconf 73' lang='grc' dir='ltr'>ἐλέγχους</span> <span class='ocrx_word' id='word_1_490' title='bbox 3175 2434 3504 2506; x_wconf 82' lang='grc' dir='ltr'>προσφέρειν</span> <span class='ocrx_word' id='word_1_491' title='bbox 3542 2432 3639 2486; x_wconf 75' lang='grc' dir='ltr'>καὶ</span> <span class='ocrx_word' id='word_1_492' title='bbox 3679 2431 3774 2484; x_wconf 86' lang='grc' dir='ltr'>τὸν</span> 
     </span>
    </p>
   </div>
   <div class='ocr_carea' id='block_1_66' title="bbox 2193 2521 3769 2590">
    <p class='ocr_par' dir='ltr' id='par_1_66' title="bbox 2193 2521 3769 2590">
     <span class='ocr_line' id='line_1_66' title="bbox 2193 2521 3769 2590; baseline -0.004 -9"><span class='ocrx_word' id='word_1_493' title='bbox 2193 2529 2288 2583; x_wconf 74' lang='grc' dir='ltr'>ἕνα</span> <span class='ocrx_word' id='word_1_494' title='bbox 2335 2524 2470 2581; x_wconf 80' lang='grc' dir='ltr'>εἶναι</span> <span class='ocrx_word' id='word_1_495' title='bbox 2512 2526 2646 2581; x_wconf 81' lang='grc' dir='ltr'>Θεὸν</span> <span class='ocrx_word' id='word_1_496' title='bbox 2679 2526 3074 2587; x_wconf 83' lang='grc' dir='ltr'>ἀποδεικτικοῖς</span> <span class='ocrx_word' id='word_1_497' title='bbox 3111 2523 3539 2587; x_wconf 81' lang='grc' dir='ltr'>κατασκευάζειν</span> <span class='ocrx_word' id='word_1_498' title='bbox 3567 2521 3769 2590; x_wconf 84' lang='grc' dir='ltr'>λόγοις.</span> 
     </span>
    </p>
   </div>
   <div class='ocr_carea' id='block_1_67' title="bbox 2193 2614 3770 2690">
    <p class='ocr_par' dir='ltr' id='par_1_67' title="bbox 2193 2614 3770 2690">
     <span class='ocr_line' id='line_1_67' title="bbox 2193 2614 3770 2690; baseline -0.005 -15"><span class='ocrx_word' id='word_1_499' title='bbox 2193 2621 2524 2676; x_wconf 84' lang='grc' dir='ltr'>Μανθανέτω</span> <span class='ocrx_word' id='word_1_500' title='bbox 2563 2619 2741 2674; x_wconf 78' lang='grc' dir='ltr'>τοίνυν</span> <span class='ocrx_word' id='word_1_501' title='bbox 2790 2617 3126 2690; x_wconf 82' lang='grc' dir='ltr'>Μάρκελλος,</span> <span class='ocrx_word' id='word_1_502' title='bbox 3176 2617 3224 2669; x_wconf 80' lang='grc' dir='ltr'><strong>εἰ</strong></span> <span class='ocrx_word' id='word_1_503' title='bbox 3273 2614 3659 2687; x_wconf 82' lang='grc' dir='ltr'>καταγηράσας</span> <span class='ocrx_word' id='word_1_504' title='bbox 3707 2615 3770 2667; x_wconf 89' lang='grc' dir='ltr'><strong>ἐν</strong></span> 
     </span>
    </p>
   </div>
   <div class='ocr_carea' id='block_1_68' title="bbox 2194 2702 3765 2782">
    <p class='ocr_par' dir='ltr' id='par_1_68' title="bbox 2194 2702 3765 2782">
     <span class='ocr_line' id='line_1_68' title="bbox 2194 2702 3765 2782; baseline -0.005 -18"><span class='ocrx_word' id='word_1_505' title='bbox 2194 2711 2465 2781; x_wconf 78' lang='grc' dir='ltr'>ἐπισκοπῇ</span> <span class='ocrx_word' id='word_1_506' title='bbox 2503 2709 2602 2781; x_wconf 83' lang='grc' dir='ltr'>τῆς</span> <span class='ocrx_word' id='word_1_507' title='bbox 2653 2707 2890 2782; x_wconf 78' lang='grc' dir='ltr'>Χριστοῦ</span> <span class='ocrx_word' id='word_1_508' title='bbox 2949 2706 3292 2778; x_wconf 88' lang='grc' dir='ltr'>Ἐκκλησίας,</span> <span class='ocrx_word' id='word_1_509' title='bbox 3339 2704 3488 2759; x_wconf 75' lang='grc' dir='ltr'>οὔπω</span> <span class='ocrx_word' id='word_1_510' title='bbox 3538 2704 3631 2758; x_wconf 84' lang='grc' dir='ltr'>καὶ</span> <span class='ocrx_word' id='word_1_511' title='bbox 3665 2702 3765 2756; x_wconf 90' lang='grc' dir='ltr'><strong>νῦν</strong></span> 
     </span>
    </p>
   </div>
   <div class='ocr_carea' id='block_1_69' title="bbox 2196 2793 3767 2873">
    <p class='ocr_par' dir='ltr' id='par_1_69' title="bbox 2196 2793 3767 2873">
     <span class='ocr_line' id='line_1_69' title="bbox 2196 2793 3767 2873; baseline -0.006 -19"><span class='ocrx_word' id='word_1_512' title='bbox 2196 2799 2536 2873; x_wconf 80' lang='grc' dir='ltr'>μεμάθηκεν,</span> <span class='ocrx_word' id='word_1_513' title='bbox 2563 2800 2644 2852; x_wconf 85' lang='grc' dir='ltr'>ὅτι</span> <span class='ocrx_word' id='word_1_514' title='bbox 2674 2797 2750 2868; x_wconf 84' lang='grc' dir='ltr'>τῷ</span> <span class='ocrx_word' id='word_1_515' title='bbox 2779 2796 2991 2867; x_wconf 84' lang='grc' dir='ltr'>παλαιῷ</span> <span class='ocrx_word' id='word_1_516' title='bbox 3017 2797 3130 2869; x_wconf 88' lang='grc' dir='ltr'>λαῷ</span> <span class='ocrx_word' id='word_1_517' title='bbox 3158 2799 3192 2868; x_wconf 88' lang='grc' dir='ltr'>ἡ</span> <span class='ocrx_word' id='word_1_518' title='bbox 3221 2797 3316 2850; x_wconf 86' lang='grc' dir='ltr'><strong>τοῦ</strong></span> <span class='ocrx_word' id='word_1_519' title='bbox 3343 2793 3767 2867; x_wconf 79' lang='grc' dir='ltr'>ἀποκεκρυμμέ-</span> 
     </span>
    </p>
   </div>
   <div class='ocr_carea' id='block_1_70' title="bbox 2193 2883 3770 2959">
    <p class='ocr_par' dir='ltr' id='par_1_70' title="bbox 2193 2883 3770 2959">
     <span class='ocr_line' id='line_1_70' title="bbox 2193 2883 3770 2959; baseline -0.003 -19"><span class='ocrx_word' id='word_1_520' title='bbox 2193 2903 2284 2940; x_wconf 87' lang='grc' dir='ltr'><strong>νου</strong></span> <span class='ocrx_word' id='word_1_521' title='bbox 2317 2886 2614 2959; x_wconf 83' lang='grc' dir='ltr'>μυστηρίου</span> <span class='ocrx_word' id='word_1_522' title='bbox 2643 2889 2768 2959; x_wconf 88' lang='grc' dir='ltr'><strong>περί</strong></span> <span class='ocrx_word' id='word_1_523' title='bbox 2794 2887 2888 2940; x_wconf 88' lang='grc' dir='ltr'><strong>τοῦ</strong></span> <span class='ocrx_word' id='word_1_524' title='bbox 2918 2885 3047 2940; x_wconf 87' lang='grc' dir='ltr'>Υἱοῦ</span> <span class='ocrx_word' id='word_1_525' title='bbox 3078 2885 3170 2940; x_wconf 87' lang='grc' dir='ltr'><strong>τοῦ</strong></span> <span class='ocrx_word' id='word_1_526' title='bbox 3191 2885 3326 2940; x_wconf 88' lang='grc' dir='ltr'>Θεοῦ</span> <span class='ocrx_word' id='word_1_527' title='bbox 3349 2885 3546 2955; x_wconf 89' lang='grc' dir='ltr'>γνῶσις</span> <span class='ocrx_word' id='word_1_528' title='bbox 3573 2883 3770 2937; x_wconf 78' lang='grc' dir='ltr'>κατάλο</span> 
     </span>
    </p>
   </div>
   <div class='ocr_carea' id='block_1_71' title="bbox 2193 2973 3767 3050">
    <p class='ocr_par' dir='ltr' id='par_1_71' title="bbox 2193 2973 3767 3050">
     <span class='ocr_line' id='line_1_71' title="bbox 2193 2973 3767 3050; baseline -0.001 -20"><span class='ocrx_word' id='word_1_529' title='bbox 2193 2976 2350 3048; x_wconf 85' lang='grc' dir='ltr'>ληλος</span> <span class='ocrx_word' id='word_1_530' title='bbox 2381 2977 2626 3048; x_wconf 77' lang='grc' dir='ltr'>οὐδαμῶς</span> <span class='ocrx_word' id='word_1_531' title='bbox 2658 2973 2745 3049; x_wconf 77' lang='grc' dir='ltr'>ἦν,</span> <span class='ocrx_word' id='word_1_532' title='bbox 2786 2976 3086 3050; x_wconf 82' lang='grc' dir='ltr'>ὀλισθηρῶς</span> <span class='ocrx_word' id='word_1_533' title='bbox 3118 2977 3292 3049; x_wconf 78' lang='grc' dir='ltr'>ἔχοντι</span> <span class='ocrx_word' id='word_1_534' title='bbox 3319 2978 3456 3050; x_wconf 81' lang='grc' dir='ltr'>πρὸς</span> <span class='ocrx_word' id='word_1_535' title='bbox 3484 2976 3767 3031; x_wconf 87' lang='grc' dir='ltr'>εἰδωλολα-</span> 
     </span>
    </p>
   </div>
   <div class='ocr_carea' id='block_1_72' title="bbox 2193 3060 3767 3144">
    <p class='ocr_par' dir='ltr' id='par_1_72' title="bbox 2193 3060 3767 3144">
     <span class='ocr_line' id='line_1_72' title="bbox 2193 3060 3767 3144; baseline 0.001 -23"><span class='ocrx_word' id='word_1_536' title='bbox 2193 3071 2399 3142; x_wconf 86' lang='grc' dir='ltr'>τρείαν,</span> <span class='ocrx_word' id='word_1_537' title='bbox 2427 3071 2520 3124; x_wconf 73' lang='grc' dir='ltr'>καὶ</span> <span class='ocrx_word' id='word_1_538' title='bbox 2539 3070 2614 3133; x_wconf 79' lang='grc' dir='ltr'><strong>ὡς</strong></span> <span class='ocrx_word' id='word_1_539' title='bbox 2637 3070 2775 3144; x_wconf 82' lang='grc' dir='ltr'>μόνῃ</span> <span class='ocrx_word' id='word_1_540' title='bbox 2794 3073 2860 3142; x_wconf 82' lang='grc' dir='ltr'><strong>τῇ</strong></span> <span class='ocrx_word' id='word_1_541' title='bbox 2879 3069 3043 3124; x_wconf 84' lang='grc' dir='ltr'>αὑτοῦ</span> <span class='ocrx_word' id='word_1_542' title='bbox 3076 3070 3369 3142; x_wconf 76' lang='grc' dir='ltr'>Ἐκκλησία</span> <span class='ocrx_word' id='word_1_543' title='bbox 3389 3060 3451 3123; x_wconf 78' lang='grc' dir='ltr'>τὸ</span> <span class='ocrx_word' id='word_1_544' title='bbox 3469 3070 3767 3142; x_wconf 84' lang='grc' dir='ltr'>μυστήριον</span> 
     </span>
    </p>
   </div>
   <div class='ocr_carea' id='block_1_73' title="bbox 2194 3161 3764 3234">
    <p class='ocr_par' dir='ltr' id='par_1_73' title="bbox 2194 3161 3764 3234">
     <span class='ocr_line' id='line_1_73' title="bbox 2194 3161 3764 3234; baseline 0 -20"><span class='ocrx_word' id='word_1_545' title='bbox 2194 3161 2254 3214; x_wconf 81' lang='grc' dir='ltr'>τὸ</span> <span class='ocrx_word' id='word_1_546' title='bbox 2283 3162 2767 3234; x_wconf 83' lang='grc' dir='ltr'>ἀποκεκρυμμένον</span> <span class='ocrx_word' id='word_1_547' title='bbox 2815 3162 2922 3217; x_wconf 83' lang='grc' dir='ltr'>ἀπὸ</span> <span class='ocrx_word' id='word_1_548' title='bbox 2953 3163 3060 3216; x_wconf 83' lang='grc' dir='ltr'><strong>τῶν</strong></span> <span class='ocrx_word' id='word_1_549' title='bbox 3098 3161 3326 3228; x_wconf 86' lang='grc' dir='ltr'>αἰώνων,</span> <span class='ocrx_word' id='word_1_550' title='bbox 3364 3163 3462 3216; x_wconf 73' lang='grc' dir='ltr'>καὶ</span> <span class='ocrx_word' id='word_1_551' title='bbox 3510 3161 3624 3215; x_wconf 76' lang='grc' dir='ltr'>ἀπὸ</span> <span class='ocrx_word' id='word_1_552' title='bbox 3659 3161 3764 3215; x_wconf 89' lang='grc' dir='ltr'><strong>τῶν</strong></span> 
     </span>
    </p>
   </div>
   <div class='ocr_carea' id='block_1_74' title="bbox 2197 3246 3765 3324">
    <p class='ocr_par' dir='ltr' id='par_1_74' title="bbox 2197 3246 3765 3324">
     <span class='ocr_line' id='line_1_74' title="bbox 2197 3246 3765 3324; baseline 0.001 -20"><span class='ocrx_word' id='word_1_553' title='bbox 2197 3252 2414 3322; x_wconf 88' lang='grc' dir='ltr'>γενεῶν,</span> <span class='ocrx_word' id='word_1_554' title='bbox 2439 3251 2527 3305; x_wconf 81' lang='grc' dir='ltr'>διὰ</span> <span class='ocrx_word' id='word_1_555' title='bbox 2553 3255 2651 3324; x_wconf 73' lang='grc' dir='ltr'>τῆς</span> <span class='ocrx_word' id='word_1_556' title='bbox 2683 3252 2846 3306; x_wconf 80' lang='grc' dir='ltr'>αὑτοῦ</span> <span class='ocrx_word' id='word_1_557' title='bbox 2869 3252 3087 3324; x_wconf 88' lang='grc' dir='ltr'>χάριτος</span> <span class='ocrx_word' id='word_1_558' title='bbox 3114 3251 3450 3324; x_wconf 87' lang='grc' dir='ltr'>ἐταμιεύετο.</span> <span class='ocrx_word' id='word_1_559' title='bbox 3469 3253 3560 3306; x_wconf 88' lang='grc' dir='ltr'>Ἐν</span> <span class='ocrx_word' id='word_1_560' title='bbox 3594 3246 3638 3321; x_wconf 84' lang='grc' dir='ltr'><strong>ᾦ</strong></span> <span class='ocrx_word' id='word_1_561' title='bbox 3668 3269 3765 3321; x_wconf 85' lang='grc' dir='ltr'><strong>μυ-</strong></span> 
     </span>
    </p>
   </div>
   <div class='ocr_carea' id='block_1_75' title="bbox 2198 3343 3766 3419">
    <p class='ocr_par' dir='ltr' id='par_1_75' title="bbox 2198 3343 3766 3419">
     <span class='ocr_line' id='line_1_75' title="bbox 2198 3343 3766 3419; baseline 0.001 -23"><span class='ocrx_word' id='word_1_562' title='bbox 2198 3343 2401 3415; x_wconf 83' lang='grc' dir='ltr'>στηρίῳ</span> <span class='ocrx_word' id='word_1_563' title='bbox 2439 3346 2466 3398; x_wconf 87' lang='lat'><strong>6</strong></span> <span class='ocrx_word' id='word_1_564' title='bbox 2494 3345 2622 3416; x_wconf 72' lang='grc' dir='ltr'>περὶ</span> <span class='ocrx_word' id='word_1_565' title='bbox 2655 3345 2753 3416; x_wconf 85' lang='grc' dir='ltr'><strong>τῆς</strong></span> <span class='ocrx_word' id='word_1_566' title='bbox 2779 3344 2936 3415; x_wconf 82' lang='grc' dir='ltr'>ἁγίας</span> <span class='ocrx_word' id='word_1_567' title='bbox 2964 3345 3189 3418; x_wconf 82' lang='grc' dir='ltr'>Τριάδος</span> <span class='ocrx_word' id='word_1_568' title='bbox 3219 3344 3433 3419; x_wconf 82' lang='grc' dir='ltr'>Πατρὸς</span> <span class='ocrx_word' id='word_1_569' title='bbox 3473 3346 3569 3398; x_wconf 73' lang='grc' dir='ltr'>καὶ</span> <span class='ocrx_word' id='word_1_570' title='bbox 3610 3344 3766 3409; x_wconf 85' lang='grc' dir='ltr'>Υίοῦ,</span> 
     </span>
    </p>
   </div>
   <div class='ocr_carea' id='block_1_76' title="bbox 2196 3435 3766 3508">
    <p class='ocr_par' dir='ltr' id='par_1_76' title="bbox 2196 3435 3766 3508">
     <span class='ocr_line' id='line_1_76' title="bbox 2196 3435 3766 3508; baseline 0.001 -20"><span class='ocrx_word' id='word_1_571' title='bbox 2196 3435 2290 3489; x_wconf 73' lang='grc' dir='ltr'>καὶ</span> <span class='ocrx_word' id='word_1_572' title='bbox 2313 3435 2464 3505; x_wconf 83' lang='grc' dir='ltr'>ἁγίου</span> <span class='ocrx_word' id='word_1_573' title='bbox 2489 3435 2802 3508; x_wconf 88' lang='grc' dir='ltr'>Πνεύματος</span> <span class='ocrx_word' id='word_1_574' title='bbox 2830 3437 3132 3508; x_wconf 86' lang='grc' dir='ltr'>περιείχετο</span> <span class='ocrx_word' id='word_1_575' title='bbox 3154 3437 3331 3505; x_wconf 89' lang='grc' dir='ltr'>λόγος.</span> <span class='ocrx_word' id='word_1_576' title='bbox 3366 3437 3423 3491; x_wconf 89' lang='lat'><strong>&#39;0</strong></span> <span class='ocrx_word' id='word_1_577' title='bbox 3451 3437 3506 3490; x_wconf 80' lang='grc' dir='ltr'>δὲ</span> <span class='ocrx_word' id='word_1_578' title='bbox 3527 3435 3766 3490; x_wconf 81' lang='grc' dir='ltr'>τοσαῦτα</span> 
     </span>
    </p>
   </div>
   <div class='ocr_carea' id='block_1_77' title="bbox 2198 3526 3760 3595">
    <p class='ocr_par' dir='ltr' id='par_1_77' title="bbox 2198 3526 3760 3595">
     <span class='ocr_line' id='line_1_77' title="bbox 2198 3526 3760 3595; baseline 0.001 -18"><span class='ocrx_word' id='word_1_579' title='bbox 2198 3526 2536 3595; x_wconf 89' lang='grc' dir='ltr'>συναγαγὼν,</span> <span class='ocrx_word' id='word_1_580' title='bbox 2589 3527 2688 3580; x_wconf 81' lang='grc' dir='ltr'>ὅσα</span> <span class='ocrx_word' id='word_1_581' title='bbox 2734 3527 2800 3580; x_wconf 85' lang='grc' dir='ltr'>ἂν</span> <span class='ocrx_word' id='word_1_582' title='bbox 2848 3526 2990 3580; x_wconf 73' lang='grc' dir='ltr'>εἴποι</span> <span class='ocrx_word' id='word_1_583' title='bbox 3042 3527 3137 3580; x_wconf 78' lang='grc' dir='ltr'>καὶ</span> <span class='ocrx_word' id='word_1_584' title='bbox 3199 3527 3467 3581; x_wconf 83' lang='grc' dir='ltr'>Ἰουδαίων</span> <span class='ocrx_word' id='word_1_585' title='bbox 3507 3526 3760 3580; x_wconf 86' lang='grc' dir='ltr'>διδάσκα-</span> 
     </span>
    </p>
   </div>
   <div class='ocr_carea' id='block_1_78' title="bbox 2194 3613 3763 3688">
    <p class='ocr_par' dir='ltr' id='par_1_78' title="bbox 2194 3613 3763 3688">
     <span class='ocr_line' id='line_1_78' title="bbox 2194 3613 3763 3688; baseline 0 -20"><span class='ocrx_word' id='word_1_586' title='bbox 2194 3613 2284 3680; x_wconf 91' lang='grc' dir='ltr'><strong>λος</strong></span> <span class='ocrx_word' id='word_1_587' title='bbox 2302 3617 2429 3687; x_wconf 81' lang='grc' dir='ltr'>περὶ</span> <span class='ocrx_word' id='word_1_588' title='bbox 2460 3617 2558 3687; x_wconf 78' lang='grc' dir='ltr'>τῆς</span> <span class='ocrx_word' id='word_1_589' title='bbox 2594 3618 2829 3688; x_wconf 83' lang='grc' dir='ltr'>ἐκτομῆς</span> <span class='ocrx_word' id='word_1_590' title='bbox 2868 3617 2979 3687; x_wconf 76' lang='grc'><strong>(28)</strong></span> <span class='ocrx_word' id='word_1_591' title='bbox 3011 3617 3212 3687; x_wconf 84' lang='grc' dir='ltr'>ὁμιλῶν</span> <span class='ocrx_word' id='word_1_592' title='bbox 3239 3618 3299 3670; x_wconf 87' lang='grc' dir='ltr'><strong>ἐν</strong></span> <span class='ocrx_word' id='word_1_593' title='bbox 3350 3617 3607 3670; x_wconf 85' lang='grc' dir='ltr'>Ἰουδαίων</span> <span class='ocrx_word' id='word_1_594' title='bbox 3634 3633 3763 3669; x_wconf 82' lang='grc' dir='ltr'>συν-</span> 
     </span>
    </p>
   </div>
   <div class='ocr_carea' id='block_1_79' title="bbox 2195 3705 3768 3779">
    <p class='ocr_par' dir='ltr' id='par_1_79' title="bbox 2195 3705 3768 3779">
     <span class='ocr_line' id='line_1_79' title="bbox 2195 3705 3768 3779; baseline 0.001 -20"><span class='ocrx_word' id='word_1_595' title='bbox 2195 3709 2408 3777; x_wconf 83' lang='grc' dir='ltr'>αγωγῇ,</span> <span class='ocrx_word' id='word_1_596' title='bbox 2461 3705 2782 3777; x_wconf 83' lang='grc' dir='ltr'>σεμνύνεται</span> <span class='ocrx_word' id='word_1_597' title='bbox 2823 3710 2934 3771; x_wconf 84' lang='grc' dir='ltr'>τοῖς</span> <span class='ocrx_word' id='word_1_598' title='bbox 2985 3707 3221 3778; x_wconf 89' lang='grc' dir='ltr'>Χριστοῦ</span> <span class='ocrx_word' id='word_1_599' title='bbox 3275 3707 3535 3779; x_wconf 81' lang='grc' dir='ltr'>μαθηταῖς</span> <span class='ocrx_word' id='word_1_600' title='bbox 3585 3706 3768 3760; x_wconf 84' lang='grc' dir='ltr'>ταῦτα</span> 
     </span>
    </p>
   </div>
   <div class='ocr_carea' id='block_1_80' title="bbox 2196 3798 3765 3870">
    <p class='ocr_par' dir='ltr' id='par_1_80' title="bbox 2196 3798 3765 3870">
     <span class='ocr_line' id='line_1_80' title="bbox 2196 3798 3765 3870; baseline 0.003 -19"><span class='ocrx_word' id='word_1_601' title='bbox 2196 3798 2644 3870; x_wconf 61' lang='grc' dir='ltr'>προϐαλλόμενος</span> <span class='ocrx_word' id='word_1_602' title='bbox 2691 3800 2793 3853; x_wconf 84' lang='grc' dir='ltr'>οὐκ</span> <span class='ocrx_word' id='word_1_603' title='bbox 2829 3798 2982 3864; x_wconf 82' lang='grc' dir='ltr'>εἰδὼς</span> <span class='ocrx_word' id='word_1_604' title='bbox 2999 3803 3080 3856; x_wconf 82' lang='grc' dir='ltr'>ὅτι</span> <span class='ocrx_word' id='word_1_605' title='bbox 3115 3800 3335 3856; x_wconf 87' lang='grc' dir='ltr'>πλείονα</span> <span class='ocrx_word' id='word_1_606' title='bbox 3351 3800 3512 3854; x_wconf 79' lang='grc' dir='ltr'>αὑτοῦ</span> <span class='ocrx_word' id='word_1_607' title='bbox 3529 3801 3671 3854; x_wconf 83' lang='grc' dir='ltr'>εἴποι</span> <span class='ocrx_word' id='word_1_608' title='bbox 3695 3799 3765 3855; x_wconf 80' lang='grc' dir='ltr'>ἂν</span> 
     </span>
    </p>
   </div>
   <div class='ocr_carea' id='block_1_81' title="bbox 2193 3890 3760 3966">
    <p class='ocr_par' dir='ltr' id='par_1_81' title="bbox 2193 3890 3760 3966">
     <span class='ocr_line' id='line_1_81' title="bbox 2193 3890 3760 3966; baseline 0 -20"><span class='ocrx_word' id='word_1_609' title='bbox 2193 3893 2224 3946; x_wconf 91' lang='lat'><strong>6</strong></span> <span class='ocrx_word' id='word_1_610' title='bbox 2256 3892 2562 3964; x_wconf 80' lang='grc' dir='ltr'>σωματικὸς</span> <span class='ocrx_word' id='word_1_611' title='bbox 2600 3893 3011 3959; x_wconf 78' lang='grc' dir='ltr'>Ἰουδαῖος.Ἐπὶ</span> <span class='ocrx_word' id='word_1_612' title='bbox 3041 3894 3252 3958; x_wconf 84' lang='grc' dir='ltr'>τούτοις</span> <span class='ocrx_word' id='word_1_613' title='bbox 3286 3894 3386 3965; x_wconf 79' lang='grc' dir='ltr'><strong>μὲν</strong></span> <span class='ocrx_word' id='word_1_614' title='bbox 3436 3890 3530 3948; x_wconf 84' lang='grc' dir='ltr'>οὖν</span> <span class='ocrx_word' id='word_1_615' title='bbox 3585 3895 3760 3966; x_wconf 82' lang='grc' dir='ltr'>αὐχεῖ,</span> 
     </span>
    </p>
   </div>
   <div class='ocr_carea' id='block_1_82' title="bbox 2195 3985 3766 4059">
    <p class='ocr_par' dir='ltr' id='par_1_82' title="bbox 2195 3985 3766 4059">
     <span class='ocr_line' id='line_1_82' title="bbox 2195 3985 3766 4059; baseline -0.001 -19"><span class='ocrx_word' id='word_1_616' title='bbox 2195 3985 2307 4058; x_wconf 73' lang='grc'><strong>(29)</strong></span> <span class='ocrx_word' id='word_1_617' title='bbox 2341 3985 2436 4050; x_wconf 82' lang='grc' dir='ltr'><strong>τὰς</strong></span> <span class='ocrx_word' id='word_1_618' title='bbox 2465 3986 2509 4039; x_wconf 83' lang='grc' dir='ltr'>δ’</span> <span class='ocrx_word' id='word_1_619' title='bbox 2549 3985 2765 4058; x_wconf 87' lang='grc' dir='ltr'>ἀληθεῖς</span> <span class='ocrx_word' id='word_1_620' title='bbox 2809 3988 2938 4059; x_wconf 82' lang='grc' dir='ltr'>περὶ</span> <span class='ocrx_word' id='word_1_621' title='bbox 2972 3986 3066 4041; x_wconf 89' lang='grc' dir='ltr'><strong>τοῦ</strong></span> <span class='ocrx_word' id='word_1_622' title='bbox 3112 3987 3362 4059; x_wconf 80' lang='grc' dir='ltr'>Σωτῆρος</span> <span class='ocrx_word' id='word_1_623' title='bbox 3395 3987 3550 4058; x_wconf 74' lang='grc' dir='ltr'>ἡμῶν</span> <span class='ocrx_word' id='word_1_624' title='bbox 3587 3986 3766 4040; x_wconf 85' lang='grc' dir='ltr'>θεολο-</span> 
     </span>
    </p>
   </div>
   <div class='ocr_carea' id='block_1_83' title="bbox 2194 4080 3255 4153">
    <p class='ocr_par' dir='ltr' id='par_1_83' title="bbox 2194 4080 3255 4153">
     <span class='ocr_line' id='line_1_83' title="bbox 2194 4080 3255 4153; baseline 0.003 -20"><span class='ocrx_word' id='word_1_625' title='bbox 2194 4080 2318 4150; x_wconf 89' lang='grc' dir='ltr'>γίας</span> <span class='ocrx_word' id='word_1_626' title='bbox 2344 4081 2682 4153; x_wconf 81' lang='grc' dir='ltr'>διαστρέφων</span> <span class='ocrx_word' id='word_1_627' title='bbox 2711 4082 2812 4136; x_wconf 83' lang='grc' dir='ltr'>οὐκ</span> <span class='ocrx_word' id='word_1_628' title='bbox 2843 4081 3255 4150; x_wconf 78' lang='grc' dir='ltr'>ἐγκαλύπτεται.</span> 
     </span>
    </p>
   </div>
   <div class='ocr_carea' id='block_1_84' title="bbox 2822 4171 3138 4228">
    <p class='ocr_par' dir='ltr' id='par_1_84' title="bbox 2822 4171 3138 4228">
     <span class='ocr_line' id='line_1_84' title="bbox 2822 4171 3138 4228; baseline 0.006 -2"><span class='ocrx_word' id='word_1_629' title='bbox 2822 4171 2978 4226; x_wconf 82' lang='grc' dir='ltr'>ΚΕΦ.</span> <span class='ocrx_word' id='word_1_630' title='bbox 3011 4173 3138 4228; x_wconf 75' lang='lat' dir='ltr'><strong>Kl&quot;.</strong></span> 
     </span>
    </p>
   </div>
   <div class='ocr_carea' id='block_1_85' title="bbox 2300 4263 3654 4334">
    <p class='ocr_par' dir='ltr' id='par_1_85' title="bbox 2300 4263 3654 4334">
     <span class='ocr_line' id='line_1_85' title="bbox 2300 4263 3654 4334; baseline 0 -17"><span class='ocrx_word' id='word_1_631' title='bbox 2300 4263 2422 4318; x_wconf 83' lang='grc' dir='ltr'>Ὅτι</span> <span class='ocrx_word' id='word_1_632' title='bbox 2445 4264 2532 4333; x_wconf 79' lang='grc' dir='ltr'><strong>μὴ</strong></span> <span class='ocrx_word' id='word_1_633' title='bbox 2561 4263 2670 4319; x_wconf 83' lang='grc' dir='ltr'><strong>δύο</strong></span> <span class='ocrx_word' id='word_1_634' title='bbox 2701 4264 2879 4331; x_wconf 85' lang='grc' dir='ltr'>θεοὺς</span> <span class='ocrx_word' id='word_1_635' title='bbox 2907 4265 2946 4334; x_wconf 78' lang='grc' dir='ltr'><strong><em>ἠ</em></strong></span> <span class='ocrx_word' id='word_1_636' title='bbox 2993 4265 3329 4333; x_wconf 75' lang='grc' dir='ltr'>Ἐκκλησία</span> <span class='ocrx_word' id='word_1_637' title='bbox 3359 4263 3654 4333; x_wconf 81' lang='grc' dir='ltr'>κηρύττει.</span> 
     </span>
    </p>
   </div>
   <div class='ocr_carea' id='block_1_86' title="bbox 595 4345 2094 4424">
    <p class='ocr_par' dir='ltr' id='par_1_86' title="bbox 595 4345 2085 4420">
     <span class='ocr_line' id='line_1_86' title="bbox 595 4345 2085 4420; baseline 0.005 -20"><span class='ocrx_word' id='word_1_638' title='bbox 595 4345 840 4415; x_wconf 90' lang='lat' dir='ltr'><strong>.nprimis</strong></span> <span class='ocrx_word' id='word_1_639' title='bbox 884 4363 990 4403; x_wconf 91' lang='lat' dir='ltr'><strong>non</strong></span> <span class='ocrx_word' id='word_1_640' title='bbox 1048 4348 1303 4420; x_wconf 89' lang='lat' dir='ltr'><strong>intelligit</strong></span> <span class='ocrx_word' id='word_1_641' title='bbox 1350 4349 1551 4404; x_wconf 88' lang='lat' dir='ltr'><strong>dictum</strong></span> <span class='ocrx_word' id='word_1_642' title='bbox 1604 4351 1765 4405; x_wconf 83' lang='lat' dir='ltr'><strong>divini</strong></span> <span class='ocrx_word' id='word_1_643' title='bbox 1812 4351 2085 4420; x_wconf 87' lang='lat' dir='ltr'><strong>Apostoli,</strong></span> 
     </span>
    </p>
   </div>
   <div class='ocr_carea' id='block_1_87' title="bbox 2196 4345 3769 4424">
    <p class='ocr_par' dir='ltr' id='par_1_87' title="bbox 2263 4349 3769 4424">
     <span class='ocr_line' id='line_1_87' title="bbox 2263 4349 3769 4424; baseline -0.001 -20"><span class='ocrx_word' id='word_1_644' title='bbox 2263 4352 2470 4406; x_wconf 78' lang='grc' dir='ltr'>Αὐτίκα</span> <span class='ocrx_word' id='word_1_645' title='bbox 2486 4353 2530 4406; x_wconf 82' lang='grc' dir='ltr'>δ’</span> <span class='ocrx_word' id='word_1_646' title='bbox 2557 4349 2650 4406; x_wconf 83' lang='grc' dir='ltr'>οὖν</span> <span class='ocrx_word' id='word_1_647' title='bbox 2670 4353 2730 4406; x_wconf 81' lang='grc' dir='ltr'>οὐ</span> <span class='ocrx_word' id='word_1_648' title='bbox 2753 4352 2965 4424; x_wconf 87' lang='grc' dir='ltr'>συνίησι</span> <span class='ocrx_word' id='word_1_649' title='bbox 2993 4351 3094 4416; x_wconf 78' lang='grc' dir='ltr'>τὰς</span> <span class='ocrx_word' id='word_1_650' title='bbox 3114 4351 3296 4422; x_wconf 82' lang='grc' dir='ltr'>φωνὰς</span> <span class='ocrx_word' id='word_1_651' title='bbox 3317 4351 3411 4406; x_wconf 88' lang='grc' dir='ltr'><strong>τοῦ</strong></span> <span class='ocrx_word' id='word_1_652' title='bbox 3429 4350 3573 4405; x_wconf 89' lang='grc' dir='ltr'>θείου</span> <span class='ocrx_word' id='word_1_653' title='bbox 3611 4350 3769 4404; x_wconf 82' lang='grc' dir='ltr'>’Δπο-</span> 
     </span>
    </p>
   </div>
   <div class='ocr_carea' id='block_1_88' title="bbox 523 4433 2094 4518">
    <p class='ocr_par' dir='ltr' id='par_1_88' title="bbox 523 4433 2084 4512">
     <span class='ocr_line' id='line_1_88' title="bbox 523 4433 2084 4512; baseline 0.006 -24"><span class='ocrx_word' id='word_1_654' title='bbox 523 4433 615 4503; x_wconf 87' lang='lat' dir='ltr'><strong>qui</strong></span> <span class='ocrx_word' id='word_1_655' title='bbox 656 4434 1013 4492; x_wconf 89' lang='lat' dir='ltr'><strong>diversimode</strong></span> <span class='ocrx_word' id='word_1_656' title='bbox 1054 4437 1208 4493; x_wconf 88' lang='lat' dir='ltr'><strong>docet</strong></span> <span class='ocrx_word' id='word_1_657' title='bbox 1255 4453 1379 4493; x_wconf 89' lang='lat' dir='ltr'><strong>esse</strong></span> <span class='ocrx_word' id='word_1_658' title='bbox 1418 4439 1564 4494; x_wconf 91' lang='lat' dir='ltr'><strong>illum</strong></span> <span class='ocrx_word' id='word_1_659' title='bbox 1620 4439 1711 4495; x_wconf 90' lang='lat' dir='ltr'><strong>Dei</strong></span> <span class='ocrx_word' id='word_1_660' title='bbox 1762 4440 2084 4512; x_wconf 80' lang='lat' dir='ltr'><strong>imaginem,</strong></span> 
     </span>
    </p>
   </div>
   <div class='ocr_carea' id='block_1_89' title="bbox 2196 4433 3767 4518">
    <p class='ocr_par' dir='ltr' id='par_1_89' title="bbox 2196 4439 3767 4518">
     <span class='ocr_line' id='line_1_89' title="bbox 2196 4439 3767 4518; baseline -0.001 -20"><span class='ocrx_word' id='word_1_661' title='bbox 2196 4445 2400 4509; x_wconf 88' lang='grc' dir='ltr'>στόλου,</span> <span class='ocrx_word' id='word_1_662' title='bbox 2433 4444 2702 4518; x_wconf 85' lang='grc' dir='ltr'>διαφόρως</span> <span class='ocrx_word' id='word_1_663' title='bbox 2733 4443 3058 4510; x_wconf 80' lang='grc' dir='ltr'>διδάξαντος,</span> <span class='ocrx_word' id='word_1_664' title='bbox 3095 4444 3257 4499; x_wconf 74' lang='grc' dir='ltr'>αὐτὸν</span> <span class='ocrx_word' id='word_1_665' title='bbox 3288 4439 3428 4498; x_wconf 79' lang='grc' dir='ltr'>εἶναι</span> <span class='ocrx_word' id='word_1_666' title='bbox 3457 4443 3642 4498; x_wconf 86' lang='grc' dir='ltr'>εἰκόνα</span> <span class='ocrx_word' id='word_1_667' title='bbox 3668 4443 3767 4497; x_wconf 84' lang='grc' dir='ltr'><strong>τοῦ</strong></span> 
     </span>
    </p>
   </div>
   <div class='ocr_carea' id='block_1_90' title="bbox 525 4527 2094 4639">
    <p class='ocr_par' dir='ltr' id='par_1_90' title="bbox 525 4527 2087 4608">
     <span class='ocr_line' id='line_1_90' title="bbox 525 4527 2087 4608; baseline 0.01 -30"><span class='ocrx_word' id='word_1_668' title='bbox 525 4527 702 4582; x_wconf 88' lang='lat' dir='ltr'><strong>verbis</strong></span> <span class='ocrx_word' id='word_1_669' title='bbox 735 4544 765 4582; x_wconf 90' lang='lat' dir='ltr'><strong>a</strong></span> <span class='ocrx_word' id='word_1_670' title='bbox 795 4544 879 4584; x_wconf 92' lang='lat' dir='ltr'><strong>me</strong></span> <span class='ocrx_word' id='word_1_671' title='bbox 919 4533 1207 4600; x_wconf 90' lang='lat' dir='ltr'><strong>propositis</strong></span> <span class='ocrx_word' id='word_1_672' title='bbox 1234 4548 1249 4587; x_wconf 85' lang='lat'><strong>:</strong></span> <span class='ocrx_word' id='word_1_673' title='bbox 1279 4531 1420 4586; x_wconf 89' lang='lat' dir='ltr'><strong>unde</strong></span> <span class='ocrx_word' id='word_1_674' title='bbox 1449 4549 1545 4602; x_wconf 88' lang='lat' dir='ltr'><strong>par</strong></span> <span class='ocrx_word' id='word_1_675' title='bbox 1579 4533 1680 4589; x_wconf 83' lang='lat' dir='ltr'><strong>luit</strong></span> <span class='ocrx_word' id='word_1_676' title='bbox 1716 4544 1774 4589; x_wconf 92' lang='lat' dir='ltr'><strong>ut</strong></span> <span class='ocrx_word' id='word_1_677' title='bbox 1821 4536 2087 4608; x_wconf 81' lang='lat' dir='ltr'><strong>intellige-</strong></span> 
     </span>
    </p>
   </div>
   <div class='ocr_carea' id='block_1_91' title="bbox 2196 4527 3770 4639">
    <p class='ocr_par' dir='ltr' id='par_1_91' title="bbox 2196 4529 3770 4607">
     <span class='ocr_line' id='line_1_91' title="bbox 2196 4529 3770 4607; baseline -0.003 -17"><span class='ocrx_word' id='word_1_678' title='bbox 2196 4536 2349 4602; x_wconf 88' lang='grc' dir='ltr'>Θεοῦ,</span> <span class='ocrx_word' id='word_1_679' title='bbox 2386 4537 2452 4590; x_wconf 85' lang='grc' dir='ltr'><strong>δι’</strong></span> <span class='ocrx_word' id='word_1_680' title='bbox 2485 4529 2560 4591; x_wconf 83' lang='grc' dir='ltr'>ὧν</span> <span class='ocrx_word' id='word_1_681' title='bbox 2599 4535 2862 4607; x_wconf 84' lang='grc' dir='ltr'>ἐξεθέμην</span> <span class='ocrx_word' id='word_1_682' title='bbox 2894 4535 3060 4591; x_wconf 82' lang='grc' dir='ltr'>αὑτοῦ</span> <span class='ocrx_word' id='word_1_683' title='bbox 3093 4535 3290 4601; x_wconf 79' lang='grc' dir='ltr'>λέξεων</span> <span class='ocrx_word' id='word_1_684' title='bbox 3313 4552 3326 4566; x_wconf 91' lang='grc'><strong>·</strong></span> <span class='ocrx_word' id='word_1_685' title='bbox 3358 4533 3476 4590; x_wconf 82' lang='grc' dir='ltr'>δέον</span> <span class='ocrx_word' id='word_1_686' title='bbox 3513 4533 3770 4588; x_wconf 87' lang='grc' dir='ltr'>ἐντεῦθεν</span> 
     </span>
    </p>
   </div>
   <div class='ocr_carea' id='block_1_92' title="bbox 524 4618 2094 4700">
    <p class='ocr_par' dir='ltr' id='par_1_92' title="bbox 524 4618 2082 4694">
     <span class='ocr_line' id='line_1_92' title="bbox 524 4618 2082 4694; baseline 0.01 -25"><span class='ocrx_word' id='word_1_687' title='bbox 524 4623 629 4684; x_wconf 83' lang='lat' dir='ltr'><strong>ret,</strong></span> <span class='ocrx_word' id='word_1_688' title='bbox 677 4618 818 4686; x_wconf 86' lang='lat' dir='ltr'><strong>quod</strong></span> <span class='ocrx_word' id='word_1_689' title='bbox 862 4621 1098 4676; x_wconf 82' lang='lat' dir='ltr'><strong>Ecclesia</strong></span> <span class='ocrx_word' id='word_1_690' title='bbox 1145 4623 1240 4678; x_wconf 89' lang='lat' dir='ltr'><strong>Dei</strong></span> <span class='ocrx_word' id='word_1_691' title='bbox 1286 4639 1390 4678; x_wconf 91' lang='lat' dir='ltr'><strong>non</strong></span> <span class='ocrx_word' id='word_1_692' title='bbox 1442 4625 1696 4694; x_wconf 70' lang='lat' dir='ltr'><strong>prmdicat</strong></span> <span class='ocrx_word' id='word_1_693' title='bbox 1745 4626 1880 4682; x_wconf 85' lang='lat' dir='ltr'><strong>duos</strong></span> <span class='ocrx_word' id='word_1_694' title='bbox 1932 4627 2082 4685; x_wconf 92' lang='lat' dir='ltr'><strong>deos.</strong></span> 
     </span>
    </p>
   </div>
   <div class='ocr_carea' id='block_1_93' title="bbox 2196 4618 3772 4700">
    <p class='ocr_par' dir='ltr' id='par_1_93' title="bbox 2196 4624 3772 4700">
     <span class='ocr_line' id='line_1_93' title="bbox 2196 4624 3772 4700; baseline -0.002 -19"><span class='ocrx_word' id='word_1_695' title='bbox 2196 4630 2451 4693; x_wconf 89' lang='grc' dir='ltr'>συνεῖναι,</span> <span class='ocrx_word' id='word_1_696' title='bbox 2479 4626 2554 4692; x_wconf 86' lang='grc' dir='ltr'>ὼς</span> <span class='ocrx_word' id='word_1_697' title='bbox 2585 4627 2647 4681; x_wconf 84' lang='grc' dir='ltr'>οὐ</span> <span class='ocrx_word' id='word_1_698' title='bbox 2672 4626 2766 4681; x_wconf 91' lang='grc' dir='ltr'><strong>δύο</strong></span> <span class='ocrx_word' id='word_1_699' title='bbox 2801 4627 2954 4692; x_wconf 82' lang='grc' dir='ltr'>θεοὺς</span> <span class='ocrx_word' id='word_1_700' title='bbox 2984 4629 3019 4700; x_wconf 78' lang='grc' dir='ltr'><strong>ἡ</strong></span> <span class='ocrx_word' id='word_1_701' title='bbox 3055 4626 3349 4700; x_wconf 87' lang='grc' dir='ltr'>Ἐκκλησία</span> <span class='ocrx_word' id='word_1_702' title='bbox 3377 4624 3469 4680; x_wconf 83' lang='grc' dir='ltr'><strong>τοῦ</strong></span> <span class='ocrx_word' id='word_1_703' title='bbox 3504 4625 3640 4680; x_wconf 89' lang='grc' dir='ltr'>Θεοῦ</span> <span class='ocrx_word' id='word_1_704' title='bbox 3662 4641 3772 4695; x_wconf 85' lang='grc' dir='ltr'>κη-</span> 
     </span>
    </p>
   </div>
   <div class='ocr_carea' id='block_1_94' title="bbox 521 4705 2094 4792">
    <p class='ocr_par' dir='ltr' id='par_1_94' title="bbox 521 4705 2084 4789">
     <span class='ocr_line' id='line_1_94' title="bbox 521 4705 2084 4789; baseline 0.011 -30"><span class='ocrx_word' id='word_1_705' title='bbox 521 4705 657 4760; x_wconf 82' lang='lat' dir='ltr'><strong>Nam</strong></span> <span class='ocrx_word' id='word_1_706' title='bbox 705 4724 803 4764; x_wconf 88' lang='lat' dir='ltr'><strong>nec</strong></span> <span class='ocrx_word' id='word_1_707' title='bbox 832 4711 965 4767; x_wconf 90' lang='lat' dir='ltr'><strong>duos</strong></span> <span class='ocrx_word' id='word_1_708' title='bbox 999 4714 1262 4783; x_wconf 84' lang='lat' dir='ltr'><strong>ingenitos</strong></span> <span class='ocrx_word' id='word_1_709' title='bbox 1289 4716 1460 4772; x_wconf 88' lang='lat' dir='ltr'><strong>credit</strong></span> <span class='ocrx_word' id='word_1_710' title='bbox 1490 4725 1583 4772; x_wconf 91' lang='lat' dir='ltr'><strong>aut</strong></span> <span class='ocrx_word' id='word_1_711' title='bbox 1627 4717 2084 4789; x_wconf 88' lang='lat' dir='ltr'><strong>imprincipiatos,</strong></span> 
     </span>
    </p>
   </div>
   <div class='ocr_carea' id='block_1_95' title="bbox 2196 4705 3771 4792">
    <p class='ocr_par' dir='ltr' id='par_1_95' title="bbox 2196 4717 3771 4792">
     <span class='ocr_line' id='line_1_95' title="bbox 2196 4717 3771 4792; baseline -0.001 -20"><span class='ocrx_word' id='word_1_712' title='bbox 2196 4717 2396 4792; x_wconf 91' lang='grc' dir='ltr'>ρύττει·</span> <span class='ocrx_word' id='word_1_713' title='bbox 2433 4719 2494 4771; x_wconf 86' lang='grc' dir='ltr'><strong>ού</strong></span> <span class='ocrx_word' id='word_1_714' title='bbox 2521 4718 2628 4791; x_wconf 81' lang='grc' dir='ltr'>γὰρ</span> <span class='ocrx_word' id='word_1_715' title='bbox 2671 4717 2762 4772; x_wconf 91' lang='grc' dir='ltr'><strong>δύο</strong></span> <span class='ocrx_word' id='word_1_716' title='bbox 2801 4719 3090 4790; x_wconf 84' lang='grc' dir='ltr'>ἀγέννητα,</span> <span class='ocrx_word' id='word_1_717' title='bbox 3133 4718 3255 4772; x_wconf 80' lang='grc' dir='ltr'>οὐδὲ</span> <span class='ocrx_word' id='word_1_718' title='bbox 3291 4717 3386 4772; x_wconf 89' lang='grc' dir='ltr'><strong>δύο</strong></span> <span class='ocrx_word' id='word_1_719' title='bbox 3405 4717 3638 4790; x_wconf 81' lang='grc' dir='ltr'>ἀναρχα,</span> <span class='ocrx_word' id='word_1_720' title='bbox 3685 4717 3771 4780; x_wconf 84' lang='grc' dir='ltr'>ὡς</span> 
     </span>
    </p>
   </div>
   <div class='ocr_carea' id='block_1_96' title="bbox 523 4802 2094 4885">
    <p class='ocr_par' dir='ltr' id='par_1_96' title="bbox 523 4802 2084 4870">
     <span class='ocr_line' id='line_1_96' title="bbox 523 4802 2084 4870; baseline 0.011 -18"><span class='ocrx_word' id='word_1_721' title='bbox 523 4806 585 4852; x_wconf 90' lang='lat' dir='ltr'><strong>ut</strong></span> <span class='ocrx_word' id='word_1_722' title='bbox 617 4813 721 4852; x_wconf 91' lang='lat' dir='ltr'><strong>nou</strong></span> <span class='ocrx_word' id='word_1_723' title='bbox 749 4802 913 4857; x_wconf 89' lang='lat' dir='ltr'><strong>semel</strong></span> <span class='ocrx_word' id='word_1_724' title='bbox 948 4804 1202 4870; x_wconf 78' lang='lat' dir='ltr'><strong>diximus,</strong></span> <span class='ocrx_word' id='word_1_725' title='bbox 1231 4807 1325 4862; x_wconf 89' lang='lat' dir='ltr'><strong>sed</strong></span> <span class='ocrx_word' id='word_1_726' title='bbox 1358 4823 1458 4864; x_wconf 91' lang='lat' dir='ltr'><strong>nec</strong></span> <span class='ocrx_word' id='word_1_727' title='bbox 1490 4808 1624 4866; x_wconf 84' lang='lat' dir='ltr'><strong>duas</strong></span> <span class='ocrx_word' id='word_1_728' title='bbox 1655 4811 1990 4868; x_wconf 86' lang='lat' dir='ltr'><strong>substantias</strong></span> <span class='ocrx_word' id='word_1_729' title='bbox 2015 4827 2084 4869; x_wconf 81' lang='lat' dir='ltr'><strong>ex</strong></span> 
     </span>
    </p>
   </div>
   <div class='ocr_carea' id='block_1_97' title="bbox 2196 4802 3773 4885">
    <p class='ocr_par' dir='ltr' id='par_1_97' title="bbox 2196 4809 3773 4885">
     <span class='ocr_line' id='line_1_97' title="bbox 2196 4809 3773 4885; baseline -0.002 -21"><span class='ocrx_word' id='word_1_730' title='bbox 2196 4811 2450 4875; x_wconf 84' lang='grc' dir='ltr'>πολλάκις</span> <span class='ocrx_word' id='word_1_731' title='bbox 2479 4813 2610 4884; x_wconf 78' lang='grc' dir='ltr'>ἡμῖν</span> <span class='ocrx_word' id='word_1_732' title='bbox 2639 4813 2873 4885; x_wconf 78' lang='grc' dir='ltr'>εἴρηται,</span> <span class='ocrx_word' id='word_1_733' title='bbox 2899 4811 3021 4866; x_wconf 83' lang='grc' dir='ltr'>οὐδὲ</span> <span class='ocrx_word' id='word_1_734' title='bbox 3047 4811 3141 4865; x_wconf 91' lang='grc' dir='ltr'><strong>δύο</strong></span> <span class='ocrx_word' id='word_1_735' title='bbox 3184 4810 3368 4876; x_wconf 85' lang='grc' dir='ltr'>ούσίας</span> <span class='ocrx_word' id='word_1_736' title='bbox 3399 4809 3457 4878; x_wconf 81' lang='grc' dir='ltr'>ἐξ</span> <span class='ocrx_word' id='word_1_737' title='bbox 3493 4809 3773 4880; x_wconf 83' lang='grc' dir='ltr'>ἰσοτιμίας</span> 
     </span>
    </p>
   </div>
   <div class='ocr_carea' id='block_1_98' title="bbox 522 4886 2094 4975">
    <p class='ocr_par' dir='ltr' id='par_1_98' title="bbox 522 4886 2085 4970">
     <span class='ocr_line' id='line_1_98' title="bbox 522 4886 2085 4970; baseline 0.009 -29"><span class='ocrx_word' id='word_1_738' title='bbox 522 4886 748 4944; x_wconf 77' lang='lat' dir='ltr'><strong>adverso</strong></span> <span class='ocrx_word' id='word_1_739' title='bbox 786 4890 1118 4949; x_wconf 87' lang='lat' dir='ltr'><strong>introductas</strong></span> <span class='ocrx_word' id='word_1_740' title='bbox 1164 4895 1366 4952; x_wconf 90' lang='lat' dir='ltr'><strong>honore</strong></span> <span class='ocrx_word' id='word_1_741' title='bbox 1405 4912 1561 4967; x_wconf 88' lang='lat' dir='ltr'><strong>pares</strong></span> <span class='ocrx_word' id='word_1_742' title='bbox 1603 4899 1799 4954; x_wconf 88' lang='lat' dir='ltr'><strong>asserit</strong></span> <span class='ocrx_word' id='word_1_743' title='bbox 1840 4914 1856 4954; x_wconf 89' lang='lat'><strong>:</strong></span> <span class='ocrx_word' id='word_1_744' title='bbox 1903 4899 2085 4970; x_wconf 89' lang='lat' dir='ltr'><strong>itaque</strong></span> 
     </span>
    </p>
   </div>
   <div class='ocr_carea' id='block_1_99' title="bbox 2196 4886 3770 4975">
    <p class='ocr_par' dir='ltr' id='par_1_99' title="bbox 2196 4899 3770 4975">
     <span class='ocr_line' id='line_1_99' title="bbox 2196 4899 3770 4975; baseline -0.001 -19"><span class='ocrx_word' id='word_1_745' title='bbox 2196 4901 2759 4975; x_wconf 79' lang='grc' dir='ltr'>ἀντιπαρεξαγομένας</span> <span class='ocrx_word' id='word_1_746' title='bbox 2803 4902 3060 4975; x_wconf 80' lang='grc' dir='ltr'>ἀλλήλαις</span> <span class='ocrx_word' id='word_1_747' title='bbox 3093 4901 3204 4975; x_wconf 76' lang='lat'><strong>(30)</strong></span> <span class='ocrx_word' id='word_1_748' title='bbox 3242 4901 3472 4971; x_wconf 81' lang='grc' dir='ltr'>εἰσάγει’</span> <span class='ocrx_word' id='word_1_749' title='bbox 3512 4899 3594 4954; x_wconf 82' lang='grc' dir='ltr'><strong>διδ</strong></span> <span class='ocrx_word' id='word_1_750' title='bbox 3640 4899 3770 4954; x_wconf 68' lang='grc' dir='ltr'>οὑδὶ</span> 
     </span>
    </p>
   </div>
   <div class='ocr_carea' id='block_1_100' title="bbox 520 4982 2094 5069">
    <p class='ocr_par' dir='ltr' id='par_1_100' title="bbox 520 4982 2079 5060">
     <span class='ocr_line' id='line_1_100' title="bbox 520 4982 2079 5060; baseline 0.005 -24"><span class='ocrx_word' id='word_1_751' title='bbox 520 4995 698 5051; x_wconf 87' lang='lat' dir='ltr'><strong>neque</strong></span> <span class='ocrx_word' id='word_1_752' title='bbox 725 4983 859 5039; x_wconf 87' lang='lat' dir='ltr'><strong>duos</strong></span> <span class='ocrx_word' id='word_1_753' title='bbox 885 4982 1034 5051; x_wconf 86' lang='lat' dir='ltr'><strong>deos,</strong></span> <span class='ocrx_word' id='word_1_754' title='bbox 1083 4987 1174 5041; x_wconf 88' lang='lat' dir='ltr'><strong>sed</strong></span> <span class='ocrx_word' id='word_1_755' title='bbox 1206 4989 1423 5044; x_wconf 90' lang='lat' dir='ltr'><strong>unicum</strong></span> <span class='ocrx_word' id='word_1_756' title='bbox 1465 4990 1788 5060; x_wconf 89' lang='lat' dir='ltr'><strong>principium</strong></span> <span class='ocrx_word' id='word_1_757' title='bbox 1821 4997 1876 5044; x_wconf 91' lang='lat' dir='ltr'><strong>et</strong></span> <span class='ocrx_word' id='word_1_758' title='bbox 1912 4989 2079 5044; x_wconf 90' lang='lat' dir='ltr'><strong>Deum</strong></span> 
     </span>
    </p>
   </div>
   <div class='ocr_carea' id='block_1_101' title="bbox 2196 4982 3771 5069">
    <p class='ocr_par' dir='ltr' id='par_1_101' title="bbox 2196 4991 3771 5069">
     <span class='ocr_line' id='line_1_101' title="bbox 2196 4991 3771 5069; baseline -0.003 -21"><span class='ocrx_word' id='word_1_759' title='bbox 2196 4992 2279 5048; x_wconf 76' lang='grc' dir='ltr'>Βύο</span> <span class='ocrx_word' id='word_1_760' title='bbox 2308 4994 2493 5060; x_wconf 82' lang='grc' dir='ltr'>θεοὺς,</span> <span class='ocrx_word' id='word_1_761' title='bbox 2520 4994 2657 5050; x_wconf 82' lang='grc' dir='ltr'><strong>ἀλλά</strong></span> <span class='ocrx_word' id='word_1_762' title='bbox 2685 4995 2812 5066; x_wconf 89' lang='grc' dir='ltr'>μίαν</span> <span class='ocrx_word' id='word_1_763' title='bbox 2833 4995 3008 5069; x_wconf 77' lang='grc' dir='ltr'>ἀρχὴν</span> <span class='ocrx_word' id='word_1_764' title='bbox 3026 4995 3119 5048; x_wconf 74' lang='grc' dir='ltr'>καὶ</span> <span class='ocrx_word' id='word_1_765' title='bbox 3139 4993 3271 5048; x_wconf 83' lang='grc' dir='ltr'>Θεὸν</span> <span class='ocrx_word' id='word_1_766' title='bbox 3296 4991 3456 5058; x_wconf 74' lang='grc' dir='ltr'>εἶναι,</span> <span class='ocrx_word' id='word_1_767' title='bbox 3487 4991 3578 5045; x_wconf 78' lang='grc' dir='ltr'><strong>τὸν</strong></span> <span class='ocrx_word' id='word_1_768' title='bbox 3599 4991 3771 5044; x_wconf 83' lang='grc' dir='ltr'>αὐτὸν</span> 
     </span>
    </p>
   </div>
   <div class='ocr_carea' id='block_1_102' title="bbox 521 5071 2094 5159">
    <p class='ocr_par' dir='ltr' id='par_1_102' title="bbox 521 5071 2085 5150">
     <span class='ocr_line' id='line_1_102' title="bbox 521 5071 2085 5150; baseline 0.008 -26"><span class='ocrx_word' id='word_1_769' title='bbox 521 5071 779 5138; x_wconf 68' lang='lat' dir='ltr'><strong>praedicat</strong></span> <span class='ocrx_word' id='word_1_770' title='bbox 817 5089 937 5129; x_wconf 88' lang='lat' dir='ltr'><strong>esse</strong></span> <span class='ocrx_word' id='word_1_771' title='bbox 970 5074 1181 5131; x_wconf 87' lang='lat' dir='ltr'><strong>Patrem</strong></span> <span class='ocrx_word' id='word_1_772' title='bbox 1225 5079 1433 5134; x_wconf 88' lang='lat' dir='ltr'><strong>scilicet</strong></span> <span class='ocrx_word' id='word_1_773' title='bbox 1475 5080 1732 5150; x_wconf 87' lang='lat' dir='ltr'><strong>unigeniti</strong></span> <span class='ocrx_word' id='word_1_774' title='bbox 1789 5089 1845 5137; x_wconf 84' lang='lat' dir='ltr'><strong>et</strong></span> <span class='ocrx_word' id='word_1_775' title='bbox 1899 5080 2085 5138; x_wconf 89' lang='lat' dir='ltr'><strong>dilecti</strong></span> 
     </span>
    </p>
   </div>
   <div class='ocr_carea' id='block_1_103' title="bbox 2196 5071 3769 5159">
    <p class='ocr_par' dir='ltr' id='par_1_103' title="bbox 2196 5085 3769 5159">
     <span class='ocr_line' id='line_1_103' title="bbox 2196 5085 3769 5159; baseline -0.001 -19"><span class='ocrx_word' id='word_1_776' title='bbox 2196 5085 2404 5158; x_wconf 81' lang='grc' dir='ltr'>Πατέρα</span> <span class='ocrx_word' id='word_1_777' title='bbox 2431 5086 2754 5143; x_wconf 86' lang='grc' dir='ltr'>διδάσκουσα</span> <span class='ocrx_word' id='word_1_778' title='bbox 2783 5085 2922 5145; x_wconf 78' lang='grc' dir='ltr'>εῖναι</span> <span class='ocrx_word' id='word_1_779' title='bbox 2943 5087 3036 5142; x_wconf 87' lang='grc' dir='ltr'><strong>τοῦ</strong></span> <span class='ocrx_word' id='word_1_780' title='bbox 3075 5086 3392 5159; x_wconf 83' lang='grc' dir='ltr'>μονογενοῦς</span> <span class='ocrx_word' id='word_1_781' title='bbox 3417 5085 3512 5140; x_wconf 75' lang='grc' dir='ltr'>καὶ</span> <span class='ocrx_word' id='word_1_782' title='bbox 3539 5085 3769 5154; x_wconf 87' lang='grc' dir='ltr'>ἀγαπη-</span> 
     </span>
    </p>
   </div>
   <div class='ocr_carea' id='block_1_104' title="bbox 521 5161 2094 5250">
    <p class='ocr_par' dir='ltr' id='par_1_104' title="bbox 521 5161 2085 5243">
     <span class='ocr_line' id='line_1_104' title="bbox 521 5161 2085 5243; baseline 0.008 -26"><span class='ocrx_word' id='word_1_783' title='bbox 521 5161 676 5229; x_wconf 83' lang='lat' dir='ltr'><strong>Filii,</strong></span> <span class='ocrx_word' id='word_1_784' title='bbox 704 5178 865 5218; x_wconf 90' lang='lat' dir='ltr'><strong>unam</strong></span> <span class='ocrx_word' id='word_1_785' title='bbox 902 5181 1116 5236; x_wconf 90' lang='lat' dir='ltr'><strong>quoque</strong></span> <span class='ocrx_word' id='word_1_786' title='bbox 1153 5168 1440 5239; x_wconf 87' lang='lat' dir='ltr'><strong>imaginem</strong></span> <span class='ocrx_word' id='word_1_787' title='bbox 1482 5170 1770 5228; x_wconf 83' lang='lat' dir='ltr'><strong>invisibilis</strong></span> <span class='ocrx_word' id='word_1_788' title='bbox 1801 5169 1918 5239; x_wconf 90' lang='lat' dir='ltr'><strong>Dei,</strong></span> <span class='ocrx_word' id='word_1_789' title='bbox 1964 5187 2085 5243; x_wconf 69' lang='lat' dir='ltr'><strong>qua:</strong></span> 
     </span>
    </p>
   </div>
   <div class='ocr_carea' id='block_1_105' title="bbox 2196 5161 3769 5250">
    <p class='ocr_par' dir='ltr' id='par_1_105' title="bbox 2196 5173 3769 5250">
     <span class='ocr_line' id='line_1_105' title="bbox 2196 5173 3769 5250; baseline -0.003 -20"><span class='ocrx_word' id='word_1_790' title='bbox 2196 5176 2282 5230; x_wconf 82' lang='grc' dir='ltr'><strong>τοῦ</strong></span> <span class='ocrx_word' id='word_1_791' title='bbox 2313 5177 2465 5246; x_wconf 85' lang='grc' dir='ltr'>Υἰοῦ,</span> <span class='ocrx_word' id='word_1_792' title='bbox 2495 5178 2756 5245; x_wconf 88' lang='grc' dir='ltr'>ὡσαύτως</span> <span class='ocrx_word' id='word_1_793' title='bbox 2784 5179 2842 5235; x_wconf 84' lang='grc' dir='ltr'><strong>δέ</strong></span> <span class='ocrx_word' id='word_1_794' title='bbox 2874 5178 2970 5233; x_wconf 74' lang='grc' dir='ltr'>καὶ</span> <span class='ocrx_word' id='word_1_795' title='bbox 3015 5178 3143 5250; x_wconf 86' lang='grc' dir='ltr'>μίαν</span> <span class='ocrx_word' id='word_1_796' title='bbox 3171 5177 3356 5232; x_wconf 86' lang='grc' dir='ltr'>εἰκόνα</span> <span class='ocrx_word' id='word_1_797' title='bbox 3378 5174 3472 5230; x_wconf 85' lang='grc' dir='ltr'><strong>τοῦ</strong></span> <span class='ocrx_word' id='word_1_798' title='bbox 3503 5173 3638 5230; x_wconf 88' lang='grc' dir='ltr'>Θεοῦ</span> <span class='ocrx_word' id='word_1_799' title='bbox 3665 5173 3769 5228; x_wconf 84' lang='grc' dir='ltr'><strong>τοῦ</strong></span> 
     </span>
    </p>
   </div>
   <div class='ocr_carea' id='block_1_106' title="bbox 585 5348 2094 5438">
    <p class='ocr_par' dir='ltr' id='par_1_106' title="bbox 585 5348 2091 5429">
     <span class='ocr_line' id='line_1_106' title="bbox 585 5348 2091 5429; baseline 0.011 -28"><span class='ocrx_word' id='word_1_800' title='bbox 585 5352 644 5412; x_wconf 58' lang='lat'><strong>&gt;3</strong></span> <span class='ocrx_word' id='word_1_801' title='bbox 681 5348 776 5404; x_wconf 85' lang='lat' dir='ltr'><strong>Ed.</strong></span> <span class='ocrx_word' id='word_1_802' title='bbox 804 5348 1004 5418; x_wconf 86' lang='lat' dir='ltr'><strong>Paris.,</strong></span> <span class='ocrx_word' id='word_1_803' title='bbox 1038 5366 1162 5424; x_wconf 87' lang='lat' dir='ltr'><strong>pag.</strong></span> <span class='ocrx_word' id='word_1_804' title='bbox 1197 5353 1322 5419; x_wconf 69' lang='lat'><strong>“0,</strong></span> <span class='ocrx_word' id='word_1_805' title='bbox 1361 5353 1482 5408; x_wconf 74' lang='lat' dir='ltr'><strong>Ml.</strong></span> <span class='ocrx_word' id='word_1_806' title='bbox 1596 5356 1640 5391; x_wconf 80' lang='grc'><strong>⁸³</strong></span> <span class='ocrx_word' id='word_1_807' title='bbox 1679 5357 1842 5417; x_wconf 80' lang='lat' dir='ltr'><strong>Joan.</strong></span> <span class='ocrx_word' id='word_1_808' title='bbox 1873 5375 2017 5429; x_wconf 79' lang='lat' dir='ltr'><strong>xvu,</strong></span> <span class='ocrx_word' id='word_1_809' title='bbox 2057 5362 2091 5417; x_wconf 78' lang='lat'><strong>3</strong></span> 
     </span>
    </p>
   </div>
   <div class='ocr_carea' id='block_1_107' title="bbox 2196 5348 3406 5438">
    <p class='ocr_par' dir='ltr' id='par_1_107' title="bbox 2196 5363 3406 5438">
     <span class='ocr_line' id='line_1_107' title="bbox 2196 5363 3406 5438; baseline 0 -18"><span class='ocrx_word' id='word_1_810' title='bbox 2196 5365 2233 5397; x_wconf 77' lang='grc' dir='ltr'><strong>ιι</strong></span> <span class='ocrx_word' id='word_1_811' title='bbox 2272 5363 2371 5422; x_wconf 88' lang='lat' dir='ltr'><strong>lsa.</strong></span> <span class='ocrx_word' id='word_1_812' title='bbox 2399 5382 2524 5434; x_wconf 78' lang='lat' dir='ltr'><strong>m,</strong></span> <span class='ocrx_word' id='word_1_813' title='bbox 2552 5367 2641 5438; x_wconf 78' lang='grc' dir='ltr'><strong>ιι,</strong></span> <span class='ocrx_word' id='word_1_814' title='bbox 2669 5368 2755 5433; x_wconf 84' lang='lat' dir='ltr'><strong>ts,</strong></span> <span class='ocrx_word' id='word_1_815' title='bbox 2788 5368 2876 5435; x_wconf 75' lang='grc' dir='ltr'>ιθ,</span> <span class='ocrx_word' id='word_1_816' title='bbox 2903 5367 2997 5423; x_wconf 76' lang='lat' dir='ltr'><strong>at.</strong></span> <span class='ocrx_word' id='word_1_817' title='bbox 3072 5364 3118 5398; x_wconf 71' lang='grc' dir='ltr'><strong>σι</strong></span> <span class='ocrx_word' id='word_1_818' title='bbox 3157 5363 3289 5422; x_wconf 86' lang='lat' dir='ltr'><strong>ibid.</strong></span> <span class='ocrx_word' id='word_1_819' title='bbox 3311 5363 3406 5420; x_wconf 76' lang='lat' dir='ltr'><strong>so.</strong></span> 
     </span>
    </p>
   </div>
   <div class='ocr_carea' id='block_1_108' title="bbox 593 5529 1096 5605">
    <p class='ocr_par' dir='ltr' id='par_1_108' title="bbox 593 5529 1096 5605">
     <span class='ocr_line' id='line_1_108' title="bbox 593 5529 1096 5605; baseline 0.002 0"><span class='ocrx_word' id='word_1_820' title='bbox 593 5529 706 5605; x_wconf 64' lang='grc'><strong>(29)</strong></span> <span class='ocrx_word' id='word_1_821' title='bbox 736 5532 903 5605; x_wconf 64' lang='grc' dir='ltr'>Ῡυιεο</span> <span class='ocrx_word' id='word_1_822' title='bbox 934 5533 982 5586; x_wconf 65' lang='grc' dir='ltr'>εἰ</span> <span class='ocrx_word' id='word_1_823' title='bbox 1003 5534 1096 5605; x_wconf 80' lang='grc' dir='ltr'><strong>μή·</strong></span> 
     </span>
    </p>
   </div>
   <div class='ocr_carea' id='block_1_109' title="bbox 587 5600 1869 5679">
    <p class='ocr_par' dir='ltr' id='par_1_109' title="bbox 587 5600 1869 5679">
     <span class='ocr_line' id='line_1_109' title="bbox 587 5600 1869 5679; baseline 0.008 -25"><span class='ocrx_word' id='word_1_824' title='bbox 737 5600 906 5679; x_wconf 51' lang='grc' dir='ltr'>ᾐιιῇιο</span> <span class='ocrx_word' id='word_1_825' title='bbox 929 5600 1022 5679; x_wconf 46' lang='grc' dir='ltr'>κ-αἱ</span> <span class='ocrx_word' id='word_1_826' title='bbox 1049 5600 1317 5679; x_wconf 38' lang='grc' dir='ltr'>μάρτη-θι</span> <span class='ocrx_word' id='word_1_827' title='bbox 1345 5619 1492 5679; x_wconf 72' lang='lat' dir='ltr'><strong>mox,</strong></span> <span class='ocrx_word' id='word_1_828' title='bbox 1514 5607 1794 5679; x_wconf 82' lang='grc' dir='ltr'>ἐπήγαγεν</span> <span class='ocrx_word' id='word_1_829' title='bbox 1819 5608 1869 5664; x_wconf 88' lang='lat'>6.</span> 
     </span>
    </p>
   </div>
   <div class='ocr_carea' id='block_1_110' title="bbox 595 5670 2080 5754">
    <p class='ocr_par' dir='ltr' id='par_1_110' title="bbox 595 5670 2080 5754">
     <span class='ocr_line' id='line_1_110' title="bbox 595 5670 2080 5754; baseline 0.005 -26"><span class='ocrx_word' id='word_1_830' title='bbox 595 5670 708 5754; x_wconf 55' lang='grc'><strong>(28)</strong></span> <span class='ocrx_word' id='word_1_831' title='bbox 743 5673 882 5754; x_wconf 76' lang='grc' dir='ltr'><strong>Περί</strong></span> <span class='ocrx_word' id='word_1_832' title='bbox 906 5674 1015 5742; x_wconf 83' lang='grc' dir='ltr'><strong>τῆς</strong></span> <span class='ocrx_word' id='word_1_833' title='bbox 1051 5670 1329 5754; x_wconf 59' lang='grc' dir='ltr'>ἐπιτομῆς.</span> <span class='ocrx_word' id='word_1_834' title='bbox 1361 5670 1486 5754; x_wconf 62' lang='lat' dir='ltr'><strong>Non</strong></span> <span class='ocrx_word' id='word_1_835' title='bbox 1519 5670 2080 5754; x_wconf 50' lang='lat' dir='ltr'><strong>est&quot;dé_ci_rcum_cisa</strong></span> 
     </span>
    </p>
   </div>
   <div class='ocr_carea' id='block_1_111' title="bbox 528 5747 2079 5819">
    <p class='ocr_par' dir='ltr' id='par_1_111' title="bbox 528 5747 2079 5819">
     <span class='ocr_line' id='line_1_111' title="bbox 528 5747 2079 5819; baseline 0.004 -23"><span class='ocrx_word' id='word_1_836' title='bbox 528 5750 687 5813; x_wconf 85' lang='lat' dir='ltr'><strong>gente</strong></span> <span class='ocrx_word' id='word_1_837' title='bbox 740 5747 1020 5819; x_wconf 71' lang='lat' dir='ltr'><strong>magister,</strong></span> <span class='ocrx_word' id='word_1_838' title='bbox 1066 5753 1125 5819; x_wconf 83' lang='lat' dir='ltr'><strong>ut</strong></span> <span class='ocrx_word' id='word_1_839' title='bbox 1170 5749 1229 5819; x_wconf 70' lang='lat' dir='ltr'><strong>in</strong></span> <span class='ocrx_word' id='word_1_840' title='bbox 1269 5747 1542 5819; x_wconf 82' lang='lat' dir='ltr'><strong>versione,</strong></span> <span class='ocrx_word' id='word_1_841' title='bbox 1591 5749 1747 5818; x_wconf 87' lang='lat' dir='ltr'><strong>quasi</strong></span> <span class='ocrx_word' id='word_1_842' title='bbox 1801 5749 2079 5819; x_wconf 84' lang='lat' dir='ltr'><strong>legendum</strong></span> 
     </span>
    </p>
   </div>
   <div class='ocr_carea' id='block_1_112' title="bbox 528 5811 2083 5891">
    <p class='ocr_par' dir='ltr' id='par_1_112' title="bbox 528 5811 2083 5891">
     <span class='ocr_line' id='line_1_112' title="bbox 528 5811 2083 5891; baseline 0.005 -24"><span class='ocrx_word' id='word_1_843' title='bbox 528 5811 675 5870; x_wconf 72' lang='lat' dir='ltr'><strong>esset</strong></span> <span class='ocrx_word' id='word_1_844' title='bbox 707 5811 855 5882; x_wconf 77' lang='grc' dir='ltr'>παρὰ</span> <span class='ocrx_word' id='word_1_845' title='bbox 884 5823 977 5870; x_wconf 82' lang='lat' dir='ltr'><strong>aut</strong></span> <span class='ocrx_word' id='word_1_846' title='bbox 997 5813 1104 5867; x_wconf 82' lang='grc' dir='ltr'><strong>ἀπὸ</strong></span> <span class='ocrx_word' id='word_1_847' title='bbox 1133 5815 1231 5887; x_wconf 82' lang='grc' dir='ltr'>τῆς</span> <span class='ocrx_word' id='word_1_848' title='bbox 1262 5817 1580 5891; x_wconf 79' lang='grc' dir='ltr'>περιτομῆς.</span> <span class='ocrx_word' id='word_1_849' title='bbox 1609 5811 1716 5876; x_wconf 73' lang='lat' dir='ltr'><strong>Sed</strong></span> <span class='ocrx_word' id='word_1_850' title='bbox 1748 5811 1898 5876; x_wconf 56' lang='lat' dir='ltr'><strong>rect&#39;a</strong></span> <span class='ocrx_word' id='word_1_851' title='bbox 1925 5820 2083 5876; x_wconf 81' lang='lat' dir='ltr'><strong>lcetio</strong></span> 
     </span>
    </p>
   </div>
   <div class='ocr_carea' id='block_1_113' title="bbox 2186 5537 3763 5618">
    <p class='ocr_par' dir='ltr' id='par_1_113' title="bbox 2186 5537 3763 5618">
     <span class='ocr_line' id='line_1_113' title="bbox 2186 5537 3763 5618; baseline -0.002 -19"><span class='ocrx_word' id='word_1_852' title='bbox 2186 5553 2270 5618; x_wconf 79' lang='lat' dir='ltr'><strong>est</strong></span> <span class='ocrx_word' id='word_1_853' title='bbox 2308 5545 2567 5618; x_wconf 81' lang='grc' dir='ltr'>ἐκτομῆς,</span> <span class='ocrx_word' id='word_1_854' title='bbox 2596 5545 2666 5601; x_wconf 91' lang='lat' dir='ltr'><strong>de</strong></span> <span class='ocrx_word' id='word_1_855' title='bbox 2712 5543 3010 5618; x_wconf 81' lang='lat' dir='ltr'><strong>excisione,</strong></span> <span class='ocrx_word' id='word_1_856' title='bbox 3051 5550 3109 5598; x_wconf 89' lang='lat' dir='ltr'><strong>et</strong></span> <span class='ocrx_word' id='word_1_857' title='bbox 3158 5539 3528 5618; x_wconf 77' lang='lat' dir='ltr'><strong>eradicatione</strong></span> <span class='ocrx_word' id='word_1_858' title='bbox 3579 5537 3763 5610; x_wconf 76' lang='lat' dir='ltr'><strong>gentis</strong></span> 
     </span>
    </p>
   </div>
   <div class='ocr_carea' id='block_1_114' title="bbox 2185 5609 3480 5686">
    <p class='ocr_par' dir='ltr' id='par_1_114' title="bbox 2185 5609 3480 5686">
     <span class='ocr_line' id='line_1_114' title="bbox 2185 5609 3480 5686; baseline -0.001 -18"><span class='ocrx_word' id='word_1_859' title='bbox 2185 5615 2254 5671; x_wconf 86' lang='lat' dir='ltr'><strong>ab</strong></span> <span class='ocrx_word' id='word_1_860' title='bbox 2286 5609 2587 5671; x_wconf 68' lang='lat' dir='ltr'><strong>idololatria</strong></span> <span class='ocrx_word' id='word_1_861' title='bbox 2613 5633 2650 5686; x_wconf 13' lang='lat'><strong>;7</strong></span> <span class='ocrx_word' id='word_1_862' title='bbox 2671 5615 2878 5686; x_wconf 80' lang='lat' dir='ltr'><strong>statim,</strong></span> <span class='ocrx_word' id='word_1_863' title='bbox 2901 5614 2996 5668; x_wconf 71' lang='grc' dir='ltr'>καὶ</span> <span class='ocrx_word' id='word_1_864' title='bbox 3028 5611 3368 5686; x_wconf 83' lang='grc' dir='ltr'>σεμνύνεται.</span> <span class='ocrx_word' id='word_1_865' title='bbox 3405 5609 3480 5667; x_wconf 75' lang='grc' dir='ltr'>Μ.</span> 
     </span>
    </p>
   </div>
   <div class='ocr_carea' id='block_1_115' title="bbox 2255 5684 2909 5755">
    <p class='ocr_par' dir='ltr' id='par_1_115' title="bbox 2255 5684 2909 5755">
     <span class='ocr_line' id='line_1_115' title="bbox 2255 5684 2909 5755; baseline 0 -16"><span class='ocrx_word' id='word_1_866' title='bbox 2255 5686 2370 5755; x_wconf 77' lang='grc'>(9.9)</span> <span class='ocrx_word' id='word_1_867' title='bbox 2400 5687 2570 5755; x_wconf 86' lang='lat' dir='ltr'><strong>Vulgo</strong></span> <span class='ocrx_word' id='word_1_868' title='bbox 2601 5685 2700 5755; x_wconf 71' lang='grc' dir='ltr'><strong>μὲν</strong></span> <span class='ocrx_word' id='word_1_869' title='bbox 2731 5684 2909 5755; x_wconf 81' lang='grc' dir='ltr'>αὐχεῖ.</span> 
     </span>
    </p>
   </div>
   <div class='ocr_carea' id='block_1_116' title="bbox 2259 5754 2864 5829">
    <p class='ocr_par' dir='ltr' id='par_1_116' title="bbox 2259 5754 2864 5829">
     <span class='ocr_line' id='line_1_116' title="bbox 2259 5754 2864 5829; baseline -0.008 -18"><span class='ocrx_word' id='word_1_870' title='bbox 2259 5754 2371 5829; x_wconf 83' lang='lat'><strong>(30)</strong></span> <span class='ocrx_word' id='word_1_871' title='bbox 2403 5754 2572 5827; x_wconf 81' lang='lat' dir='ltr'><strong>Vulgo</strong></span> <span class='ocrx_word' id='word_1_872' title='bbox 2595 5754 2864 5827; x_wconf 77' lang='grc' dir='ltr'>ἀλλήλοις.</span> 
     </span>
    </p>
   </div>
  </div>
