4082 6398
262 375 372 433 ’961

1207 362 1295 419 DE
1334 359 1865 419 ECCLESIASTICA
1904 357 2296 417 Tl‘lEOLOGIA
2348 358 2477 416 LIB.
2516 356 2574 417 il.

3400 350 3506 412 96%

264 492 527 568 ἀοράτου,
572 490 671 563 τὴν
711 487 883 560 αὐτὴν
932 478 1097 540 οὖσαν
1136 483 1214 555 τῷ
1257 484 1532 555 μονογενεί
1578 481 1671 534 καὶ
1717 481 1850 549 άγα-

1967 482 2138 537 aadem
2181 481 2251 536 sit
2293 495 2414 535 cum
2452 475 2729 548 unigenito
2770 484 2827 531 et
2856 472 3053 530 dilecto
3091 470 3267 528 Filio:
3297 469 3510 528 etiamsi

270 583 432 657 πητῷ
448 582 562 654 Υἱῷ
584 580 767 648 αὑτοῦ,
792 578 896 632 κᾶν
911 576 1045 650 λέγῃ
1063 575 1119 628 δὲ
1146 576 1174 629 ό
1208 574 1547 639 Ἀπόστολος,
1582 570 1844 640 θεολογῶν

268 677 367 730 τὸν
392 676 628 746 Πατέρα·
665 672 727 725 '0
752 669 1041 741 μακάριος
1065 666 1161 720 καὶ
1190 666 1379 736 μόνος
1399 664 1725 731 δυνάστης,
1754 664 1846 716 καὶ

268 767 457 821 πάλιν·
478 766 530 819 '0
537 765 726 834 μόνος
741 762 896 832 ἔχων
909 758 1265 823 ἀθανασίαν,
1280 756 1405 826 φῶς
1427 754 1604 809 οἰκῶν
1630 754 1850 823 ἀπρόσ-

276 873 436 920 ιτον,
494 856 588 908 καὶ
633 848 809 915 αὖθις·
865 849 948 917 Τῷ
1000 846 1068 903 δὲ
1126 846 1379 913 ,βασιλεῖ
1430 845 1548 900 τῶν
1597 845 1843 910 αἰώνων,

265 948 570 1018 ἀφθάρτῳ,
612 944 859 1015 ἀοράτῳ,
900 944 1066 1013 μόνῳ
1120 939 1260 1007 Θεῷ,
1312 940 1403 993 καὶ
1446 939 1625 993 πάλινσ
1673 941 1850 1004 Μόνῳ

266 1038 447 1109 ισοφῷ
490 1037 612 1103 Θεῷ
652 1037 750 1091 διὰ
792 1033 987 1104 Ἰησοῦ
1029 1030 1287 1100 Χριστοῦ
1322 1031 1361 1100 vi
1395 1029 1544 1095 δόξα
1583 1032 1670 1097 εἰς
1708 1029 1850 1095 τοὺς

265 1130 514 1195 αἰῶνας,
549 1127 729 1200 ἁμήν.
758 1125 877 1180 Κᾶν
902 1123 1101 1177 τούτων
1142 1121 1219 1175 ἐτι
1252 1122 1471 1175 πλείονα
1514 1120 1721 1190 λέγοιτο
1770 1121 1849 1182 εἰς

264 1221 583 1290 δοξολογίαν
615 1219 709 1274 τοῦ
734 1218 853 1282 ἑνὸς
882 1218 976 1271 καὶ
1002 1215 1095 1268 ἐπὶ
1123 1214 1336 1269 πάντων
1362 1214 1495 1267 Θεοῦ
1526 1214 1619 1267 καὶ
1646 1211 1850 1266 τούτων

274 1315 532 1369 ἁπάντων
561 1312 667 1384 χρὴ
699 1313 837 1366 νοεῖν
869 1308 1054 1363 εἰκόνα
1100 1305 1237 1363 εἶναι
1276 1308 1368 1361 τὸν
1420 1306 1680 1378 μονογενῆ
1723 1303 1850 1358 Υἰὸν

270 1408 373 1463 τοῦ
417 1405 553 1460 Θεοῦ
584 1406 682 1476 οὐχ
712 1404 788 1467 ὼς
821 1403 1015 1474 ἀψύχῳ
1051 1401 1171 1475 ὕλῃ,
1202 1400 1315 1455 ἀλλ’
1348 1399 1425 1463 ὡς
1456 1401 1514 1453 ὲν
1548 1396 1661 1468 Υἰῷ
1691 1395 1851 1460 ζῶντι

272 1493 741 1567 ίμεμορφωμένην·
772 1490 876 1545 κᾶν
910 1492 1071 1555 αὐτὸς
1099 1493 1127 1545 ὁ
1174 1488 1365 1560 Σωτὴρ
1408 1489 1568 1560 μόνον
1597 1486 1852 1557 ἀληθινὸν

268 1587 413 1642 θεὸν
459 1586 686 1659 διδάσκῃ
728 1580 869 1639 εἶναι
913 1584 1005 1637 τὸν
1032 1582 1251 1655 Πατέρα
1283 1582 1480 1650 λέγων,
1516 1581 1644 1634 Ἵνα
1684 1578 1853 1649 γινώ-

196 1666 197 1669 Ὶ
274 1680 478 1736 σκωσί
520 1693 595 1733 σε
636 1678 744 1732 τόν
798 1679 992 1747 μόνον
1040 1674 1331 1745 ἀληθινὸν
1377 1673 1544 1738 Θεὸν,
1592 1672 1704 1727 ἀλλ’
1754 1673 1854 1726 οὐκ

282 1772 618 1843 ἀποκνητέον
646 1772 741 1825 καὶ
776 1770 936 1824 αὑτὸν
982 1768 1112 1822 Θεὸν
1154 1766 1403 1837 ἀληθινὸν
1445 1765 1745 1837 ὁμολογεῖν,
1778 1764 1855 1827 ὼς

270 1866 340 1919 ἐν
371 1864 560 1929 εἰκόνι,
603 1863 700 1917 καὶ
743 1860 899 1915 τοῦτο
942 1859 1298 1931 κεκτημένοψ
1345 1858 1431 1911 ἵνα
1472 1860 1507 1929 ή
1551 1854 1646 1909 τοῦ
1694 1854 1855 1926 μόνου

275 1956 566 2030 προσθήκη
601 1954 745 2026 μόνῳ
776 1952 854 2024 τῷ
876 1952 1071 2024 Πατρί,
1098 1951 1173 2015 ὡς
1202 1949 1268 2005 ἂν
1299 1947 1411 2019 (31)
1443 1946 1733 2019 ἀρχετύπῳ
1762 1947 1859 2017 τῆς

272 2048 509 2112 εἰκόνος,
555 2044 788 2118 άρμόζῃ.
829 2042 1151 2112 Σαφέστατα
1183 2039 1314 2109 γοῦν
1341 2037 1526 2092 εἰκόνα
1566 2038 1659 2090 καὶ
1684 2037 1860 2091 ἀπαύ-

276 2155 473 2209 γασμα
496 2135 590 2190 τοῦ
616 2135 825 2205 Πατρὸς
849 2135 908 2187 ὲν
937 2134 1117 2205 μορφῇ
1141 2148 1202 2185 τε
1231 2130 1325 2186 τοῦ
1351 2127 1488 2183 Θεοῦ
1521 2124 1665 2181 εἶναι
1697 2129 1860 2181 αὐτὸν

284 2232 314 2284 ό
357 2227 639 2291 θεσπέσιος
673 2223 877 2289 ἐδίδαξε
910 2224 1142 2289 Παῦλος,
1180 2221 1257 2286 ὡς
1285 2221 1373 2276 διὰ
1415 2219 1523 2273 τῶν
1553 2218 1861 2290 ἔμπροσθεν

276 2316 657 2372 ἀποδέδεικται
690 2330 704 2345 ο
776 2312 966 2384 ὥσπερ
1028 2306 1120 2365 οὖν
1197 2310 1317 2373 ἑνὸς
1378 2306 1687 2379 ὑφεστῶτος
1751 2308 1864 2360 Πα-

281 2406 435 2477 τρός,
483 2406 575 2459 καὶ
639 2404 758 2468 ἑνὸς
820 2401 950 2457 Υἱοῦ
1007 2401 1203 2471 φύντος
1236 2403 1301 2454 ὲκ
1350 2398 1444 2453 τοῦ
1491 2397 1702 2469 Πατρὸς
1763 2397 1864 2451 οὐκ

282 2500 355 2554 ηᾶν
399 2515 484 2562 τις
522 2495 797 2569 εὐφρονῶν
840 2493 983 2548 εἴποι
1012 2494 1106 2547 δύο
1146 2493 1388 2563 πατέρας
1430 2491 1715 2563 ὑπάρχειν,
1742 2490 1865 2544 οὐδὲ

281 2576 439 2654 ⁸υἰοὺς
479 2588 593 2644 δύο.
638 2588 748 2641 Καὶ
792 2585 982 2658 ὥσπερ
1042 2585 1305 2656 βασιλέως
1352 2582 1683 2655 κρατοῦντος
1727 2582 1863 2647 ἑνὸς,

283 2680 498 2743 εἰκόνος
528 2679 584 2733 δὲ
612 2678 775 2734 αὑτοῦ
826 2676 1104 2747 πανταχοῦ
1138 2677 1241 2747 γῆς
1285 2673 1699 2747 προφερομένης
1729 2672 1864 2744 (52),

286 2772 393 2824 οὐκ
440 2771 505 2825 ἄν
547 2788 633 2835 τις
678 2768 969 2841 σωφρονῶν
1016 2768 1107 2821 δύο
1151 2768 1293 2821 εἴποι
1338 2766 1465 2829 τοὺς
1512 2764 1864 2836 κρατοῦντας,

286 2861 407 2916 ἀλλ’
434 2861 528 2917 ἕνα
555 2861 645 2915 τὸν
669 2862 765 2915 καὶ
783 2860 870 2913 διά
890 2862 990 2930 τῆς
1019 2858 1225 2922 εἰκόνος
1252 2856 1579 2928 τιμώμενοψ
1606 2854 1747 2909 κατὰ
1777 2853 1869 2908 τὸν

291 2953 458 3007 αὐτὸν
471 2953 690 3025 τρόπον,
705 2953 779 3016 ὡς
796 2952 889 3006 καὶ
908 2950 1167 3014 πολλάκις
1192 2951 1325 3020 ήμῖν
1339 2947 1573 3020 εῐρηται,
1591 2947 1686 3000 καὶ
1702 2948 1734 3017 ἡ
1750 2945 1872 2998 Ἐκ-

292 3044 493 3116 κλησία
526 3043 619 3098 τοῦ
661 3042 798 3097 Θεοῦ
831 3043 927 3097 ἕνα
960 3039 1350 3113 παραλαϐοῦσα
1389 3037 1521 3092 Θεὸν
1567 3036 1745 3091 σέϐειν
1779 3035 1871 3089 τὸν

1947 572 2090 628 dicat
2131 572 2449 643 Apostolus.
2492 570 2750 626 deiﬁcans
2798 568 3047 633 Patrem,
3096 566 3200 633 Qui
3241 564 3423 619 beatus
3462 574 3512 621 et

1947 668 2090 724 solus
2127 679 2305 738 potens
2340 679 2412 724 est
2439 668 2505 720 “.
2538 666 2605 722 Et
2652 680 2866 730 rursus,
2908 662 3008 730 Qui
3041 662 3185 717 solus
3215 660 3363 715 habet
3411 660 3516 715 im-

1947 760 2338 826 mortalitatem,
2369 760 2535 814 lucem
2576 758 2816 811 habitans
2864 759 3182 809 inaccessam
3206 752 3272 808 “.
3307 752 3374 808 Et
3415 754 3517 809 ite-

1951 868 2090 918 rmn,
2134 850 2261 922 Regi
2291 859 2464 905 autem
2497 849 2834 913 swculornm,
2875 844 3293 914 incorruptibili,
3329 844 3515 899 invisi-

1950 942 2059 1005 bili,
2104 940 2204 996 soli
2241 939 2344 994 Deo
2372 940 2437 995 ⁶“’.
2469 938 2534 993 Et
2571 941 2787 1001 iterum,
2833 935 2949 991 Soli
2993 935 3216 1004 sapienti
3254 933 3381 997 Deo,
3420 948 3515 1001 per

1948 1032 2128 1088 Jesum
2176 1031 2443 1087 Christum
2484 1032 2553 1085 sit
2601 1030 2768 1100 gloria
2816 1030 2874 1082 in
2921 1026 3116 1081 saecula
3166 1024 3514 1090 amatorum,

1950 1126 2112 1179 Amen
2147 1124 2212 1179 ⁸³.
2268 1123 2429 1177 Plura
2487 1122 2663 1176 adhuc
2716 1134 2839 1175 cum
2896 1125 3144 1189 poterant
3196 1114 3413 1184 allegari
3462 1114 3516 1168 in

1949 1217 2127 1272 Patris
2167 1215 2505 1285 doxologiam
2532 1254 2548 1281 ,
2589 1213 2681 1283 qui
2716 1227 2853 1268 unus
2883 1219 2997 1274 est,
3044 1219 3100 1265 et
3144 1224 3304 1279 super
3336 1209 3516 1263 omnia

1954 1307 2125 1372 Deus,
2156 1322 2384 1378 quorum
2430 1307 2669 1360 omnium
2713 1316 2866 1358 mens
2906 1311 3022 1365 est,
3065 1308 3122 1354 ut
3157 1298 3519 1369 intelligamus

1951 1398 2147 1454 Filium
2199 1398 2533 1469 unigenitum
2582 1397 2674 1451 Dei
2725 1409 2847 1451 esse
2894 1392 3179 1462 imaginem
3230 1405 3333 1444 non
3374 1389 3520 1444 utin

1953 1489 2173 1543 materia
2210 1487 2455 1553 inanitni,
2494 1486 2588 1541 sed
2618 1495 2674 1539 ut
2707 1486 2759 1539 in
2800 1482 2936 1538 Filio
2968 1482 3088 1535 vivo
3132 1480 3517 1543 assimilatam;

1951 1581 2081 1652 quin
2123 1589 2176 1634 et
2218 1579 2331 1649 ipse
2362 1578 2619 1634 Servatur
2655 1591 2777 1631 cum
2808 1576 2976 1630 Deum
3018 1589 3180 1628 unum
3221 1572 3392 1627 solum
3435 1586 3523 1625 ve-

1954 1685 2071 1724 rum
2103 1682 2223 1723 esse
2257 1668 2467 1731 doceat,
2514 1666 2784 1734 inquiens,
2823 1661 2892 1717 Ut
2935 1670 3242 1731 cognoscant
3278 1671 3326 1714 te
3362 1674 3523 1713 unum

1954 1761 2120 1816 solum
2147 1776 2323 1815 verum
2358 1762 2524 1813 Deum
2546 1758 2590 1789 "
2617 1775 2632 1825 ;
2668 1756 2763 1812 sed
2791 1770 2895 1810 non
2928 1765 3107 1809 tamen
3132 1767 3440 1823 gravemur,
3469 1761 3526 1805 et

1960 1869 2140 1908 verum
2174 1853 2335 1907 Deum
2364 1849 2635 1914 conﬁteri,
2663 1858 2719 1903 et
2745 1845 2943 1903 Filium
2989 1843 3151 1898 veluti
3193 1843 3246 1896 in
3293 1842 3528 1910 imagine

1960 1945 2332 2011 resultantem,
2381 1953 2443 1997 ut
2505 1940 2710 1995 additio
2757 1937 2849 1993 illa
2896 1935 3066 2003 solus,
3108 1933 3208 1990 soli
3249 1932 3394 1987 Patri
3432 1933 3529 1985 ad-

1960 2043 2189 2104 aptetur,
2210 2040 2396 2102 utpote
2409 2031 2499 2100 qui
2525 2026 2776 2098 imaginis
2800 2026 2872 2080 sit
2891 2024 3244 2092 arclielypon.
3263 2017 3528 2086 Quocirca

1959 2125 2258 2181 clarissime
2282 2122 2517 2177 ostendit
2548 2119 2764 2174 divinus
2793 2115 3015 2180 Paulus,
3044 2115 3217 2185 ipsum
3246 2124 3364 2166 esse
3393 2109 3530 2163 ima-

1959 2220 2136 2290 ginem
2174 2214 2496 2278 eﬂluentem,
2545 2213 2717 2267 lucem
2762 2209 2972 2274 Patris,
3016 2216 3071 2262 et
3115 2208 3166 2261 in
3208 2204 3378 2258 forma
3434 2201 3529 2255 Ι)ιί

1960 2309 2267 2374 exstitisse;
2299 2306 2440 2377 quod
2479 2304 2533 2359 in
2564 2301 2932 2373 superioribus
2959 2297 3194 2368 positum
3239 2304 3323 2349 est
3362 2310 3390 2347 a
3432 2308 3533 2345 no-

1962 2403 2045 2458 bis
2083 2418 2100 2458 :
2142 2399 2310 2457 veluti
2353 2398 2521 2468 igitur
2562 2410 2685 2451 cum
2736 2407 2875 2448 unus
2945 2390 3207 2447 subsistat
3252 2386 3433 2453 Pater,
3476 2392 3533 2438 et

1963 2514 2101 2553 unus
2128 2498 2192 2552 de
2221 2495 2381 2549 Patre
2409 2492 2478 2547 sit
2506 2501 2658 2546 ortus
2682 2486 2874 2549 Filius,
2913 2497 3070 2538 nemo
3116 2480 3358 2553 prudens
3384 2475 3532 2531 ναὶν-

1964 2589 2191 2645 maverit
2218 2586 2353 2641 duos
2386 2590 2590 2654 patres,
2628 2586 2722 2634 aut
2764 2576 2903 2631 ﬁlios
2944 2575 3108 2640 duos;
3135 2579 3191 2628 et
3229 2569 3392 2626 veluti
3442 2566 3535 2622 ubi

1965 2696 2062 2737 rex
2088 2693 2224 2733 unus
2258 2684 2343 2731 est
2377 2688 2499 2731 cum
2530 2670 2776 2741 imperio,
2805 2667 2962 2737 cujus
3000 2668 3174 2734 imago
3204 2663 3407 2735 ubique
3428 2669 3538 2714 ter-

1966 2789 2151 2831 rarum
2193 2771 2487 2833 deferatur,
2534 2778 2690 2819 nemo
2730 2762 2968 2832 prudens
2998 2758 3133 2812 duos
3178 2752 3375 2809 dixerit
3417 2764 3540 2806 esse

1970 2879 2160 2937 reges:
2190 2861 2283 2918 sed
2314 2874 2478 2916 unum
2522 2855 2612 2926 qui
2652 2869 2749 2924 per
2777 2861 2832 2907 et
2875 2851 2928 2904 in
2959 2848 3196 2918 imagine
3234 2860 3330 2901 sua
3368 2842 3540 2897 bono-

1969 2933 2140 3013 raiur.
2166 2952 2370 3009 Eodem
2401 2951 2559 3004 modo
2589 2956 2646 3000 ut
2683 2946 2796 3016 jam
2839 2940 3044 3013 pluries
3077 2939 3281 2992 dictum
3308 2944 3411 2999 est,
3442 2933 3543 2987 Ec-

1970 3046 2133 3103 clesia
2157 3044 2274 3109 Dei,
2299 3057 2419 3112 qua:
2446 3038 2655 3108 accepit
2689 3035 2845 3090 unius
2862 3038 2921 3096 ᾗ
2939 3030 3275 3097 Deicultum,
3296 3025 3541 3082 eumdem

291 3139 479 3202 αὑτὸν,
516 3136 608 3191 καὶ
646 3136 731 3190 διὰ
764 3134 858 3189 τοῦ
891 3133 1041 3198 Υἰοῦ,
1099 3133 1174 3197 ὼς
1228 3129 1318 3185 διά
1361 3128 1502 3203 [τοῦ]
1534 3129 1641 3199 ('55)
1665 3127 1866 3190 εἰκόνος

1974 3139 2140 3193 Deum
2185 3151 2282 3207 per
2312 3133 2508 3188 Filium
2554 3128 2840 3200 imaginem
2881 3138 3034 3179 suam
3075 3120 3283 3176 scilicet
3317 3118 3546 3174 adorare

298 3228 450 3301 μένει
478 3226 881 3298 προσκυνοῦσα.
917 3226 984 3277 "A
1010 3223 1075 3295 δὴ
1103 3223 1197 3277 καὶ
1222 3223 1297 3294 μὴ
1324 3222 1503 3284 συνεὶς
1529 3219 1865 3291 Μάρκελλος,

296 3322 398 3393 τὴν
441 3318 623 3372 εἰκόνα
662 3315 758 3369 τοῦ
796 3314 932 3367 Θεοῦ
979 3313 1075 3366 τοῦ
1102 3314 1332 3383 ἀοράτου
1364 3310 1464 3381 τὴν
1502 3309 1702 3378 σάρκα
1732 3306 1870 3363 εἶναι

296 3410 395 3466 τοῦ
441 3411 705 3480 Σωτῆρος
729 3408 1065 3478 ἀπεφήνατο,
1098 3406 1165 3476 ἢν
1206 3406 1235 3458 ό
1285 3402 1605 3465 Ἀπόστολος
1629 3399 1872 3470 μορφὴν

299 3502 458 3577 [τοῦ]
505 3501 728 3555 δούλου
784 3498 1069 3569 κέκληκεν⁸
1122 3497 1183 3549 οὐ
1227 3496 1601 3566 λογισάμενος,
1646 3494 1728 3545 ὅτι
1778 3489 1874 3543 καὶ

295 3596 502 3658 πάντες
527 3592 821 3664 ἅνθρωποι,
852 3590 989 3643 κατά
1010 3589 1105 3660 τὴν
1130 3589 1328 3658 σάρκα,
1350 3585 1443 3639 τοῦ
1471 3584 1722 3654 Σωτῆρος
1748 3596 1877 3648 τυγ-

298 3688 525 3759 χάνουσι
553 3681 993 3755 μεμορφωμένοι.
1027 3679 1140 3733 Καὶ
1174 3678 1236 3731 τὸ
1271 3678 1367 3749 μὲν
1398 3676 1557 3747 σῶμα
1599 3674 1628 3728 ὃ
1663 3671 1876 3741 ἀνείλη-

303 3793 405 3846 φεν
434 3777 463 3827 ό
487 3773 696 3845 Σωτὴρ,
727 3771 826 3843 τῆς
856 3771 1151 3840 άγεννήτου
1174 3768 1268 3821 καὶ
1299 3768 1539 3839 άρῤήτου
1566 3765 1659 3818 καὶ
1685 3779 1879 3834 πατρι-

299 3867 410 3938 κῆς
441 3865 690 3934 Θεότητος
724 3863 906 3917 εἰκόνα
939 3859 1075 3914 εἷναι
1108 3859 1517 3931 διῖσχυρίζεταιο
1551 3857 1642 3910 τὸν
1670 3856 1726 3909 δὲ
1752 3854 1877 3908 Υἱὸν

303 3959 402 4015 τοῦ
458 3957 591 4013 Θεοῦ
632 3957 722 4010 τὸν
773 3954 1053 4027 μονογενῆ,
1104 3952 1171 4005 δι’
1216 3946 1277 4005 οὗ
1317 3948 1388 4004 τά
1433 3950 1612 4004 πάντα
1649 3945 1877 4017 συνέστη

305 4054 548 4123 ("arta
576 4048 686 4119 γὰρ
722 4047 796 4100 δι’
836 4044 1020 4099 αὐτοῦ
1054 4042 1311 4112 ἐγένετο,
1345 4041 1442 4094 καὶ
1483 4040 1662 4110 χωρὶς
1696 4037 1880 4093 αὑτοῦ

304 4143 537 4215 ἐγένετο
568 4140 710 4195 οὐδὲ
730 4139 837 4209 ἓν),
861 4139 1102 4209 ἀρνεῖται.
1128 4131 1265 4187 εἶναι
1288 4133 1471 4187 εἰκόνα
1499 4132 1593 4185 τοῦ
1619 4130 1754 4186 Θεοῦ
1788 4131 1884 4186 αύ-

308 4224 429 4300 ἷταίς
464 4232 751 4295 συλλαϐαῖς
786 4229 981 4298 λέγων,
1029 4247 1049 4281 ι
1097 4226 1305 4281 Οὐκοῦν
1339 4225 1623 4298 πρόδηλον,
1665 4224 1747 4278 ὅτι
1778 4222 1885 4296 πρὸ

315 4349 338 4383 1
377 4329 475 4399 τῆς
518 4324 612 4381 τοῦ
663 4323 928 4396 ἡμετέρου
976 4320 1225 4392 σώματος
1269 4318 1611 4390 ἀναλήψεως,
1659 4318 1688 4370 ό
1712 4316 1886 4386 Λόγος

316 4441 339 4475 ί
378 4420 502 4477 καθ’
555 4417 744 4472 ἑαυτὸν
794 4416 892 4469 οὐκ
938 4409 1006 4485 ἦν
1051 4411 1213 4466 εἰκὼν
1247 4410 1340 4465 τοῦ
1382 4411 1609 4481 ἀοράτου
1652 4406 1808 4463 Θεοῦ.
1860 4425 1879 4459 ι

1971 3205 2296 3301 perseverat.
2340 3220 2494 3289 Quod
2523 3233 2646 3274 cum
2689 3212 2972 3270 Marcellus
3002 3212 3306 3280 ignoraret,
3350 3205 3542 3275 imagi-

1972 3294 2096 3374 nem
2129 3316 2274 3372 illam
2307 3311 2398 3367 Dei
2433 3307 2715 3364 invisibilis
2743 3305 2878 3359 dixit
2919 3316 3042 3357 esse
3081 3313 3295 3355 carnem
3337 3294 3537 3351 Serva-

1975 3409 2126 3473 toris,
2153 3420 2313 3477 quam
2346 3398 2634 3472 Apostolus
2672 3396 2806 3451 servi
2854 3394 3082 3463 formam
3104 3391 3149 3419 ⁷⁴³
3197 3386 3495 3441 nominavit
3522 3403 3538 3440 :

1974 3498 2195 3554 minime
2231 3491 2539 3561 recogitans
2583 3487 2725 3559 quod
2764 3482 3059 3541 secundum
3092 3492 3310 3534 carnem
3350 3478 3548 3531 Serva-

1976 3588 2108 3644 toris
2132 3586 2377 3641 homines
2403 3578 2599 3650 singuli
2636 3575 2926 3645 imaginem
2958 3571 3380 3638 circumgestent
3406 3565 3545 3635 ejus.

1976 3682 2180 3750 Corpus
2225 3678 2405 3745 itaque
2455 3673 2596 3742 quod
2647 3666 2937 3736 assumpsit
2980 3663 3255 3724 Servatur,
3306 3657 3398 3713 ille
3427 3672 3549 3712 esse

1980 3772 2262 3845 ingenitae,
2310 3765 2633 3829 ineil'abilis,
2681 3770 2921 3832 paternae
2984 3754 3208 3811 deitatis
3257 3749 3546 3820 imaginem

1980 3870 2253 3920 asseverat
2292 3878 2308 3915 :
2354 3858 2548 3914 Filium
2594 3864 2776 3909 autem
2825 3849 3196 3919 unigenitum,
3242 3858 3339 3914 per
3388 3857 3548 3912 quem

1981 3956 2160 4011 omnia
2190 3953 2508 4012 subsistunt,
2538 3946 2677 4001 Nam
2703 3943 2880 3999 omnia
2906 3956 2999 4011 per
3026 3938 3174 3992 illum
3207 3935 3351 4005 facta
3380 3941 3502 3987 sunt
3528 3970 3547 3995 ,

1981 4057 2028 4101 et
2055 4046 2163 4100 sine
2190 4043 2281 4098 illo
2314 4044 2513 4112 [actum
2540 4046 2617 4092 est
2648 4034 2781 4089 nihil
2804 4032 2849 4064 '“
2871 4070 2889 4098 ,
2921 4035 3082 4100 negat
3111 4026 3400 4096 imaginem
3430 4037 3551 4078 esse

1984 4137 2116 4204 Dei,
2163 4135 2382 4192 totidem
2437 4131 2618 4185 verbis
2673 4127 2957 4183 scribens:
2997 4140 3016 4175 ι
3046 4120 3309 4188 Quocirca
3366 4126 3550 4186 patet,

1990 4250 2009 4284 ι
2054 4230 2194 4299 quod
2240 4236 2365 4282 ante
2405 4232 2740 4293 assumptum
2772 4232 2966 4287 corpus
2998 4222 3275 4275 nostrum,
3318 4208 3551 4264 Verbum

1992 4341 2011 4376 ι
2056 4338 2152 4394 per
2188 4335 2247 4376 se
2290 4334 2394 4374 non
2445 4324 2564 4371 erat
2613 4314 2787 4383 imago
2834 4308 3077 4365 Patris.)
3137 4302 3345 4359 Videsis
3389 4316 3550 4368 quant

1985 4422 2259 4489 pervertat
2333 4406 2735 4478 interpretando
2791 4399 3031 4472 Apostoli
3110 4404 3378 4456 mentem,
3426 4406 3549 4446 cum

324 4513 489 4587 Ὁρᾷς
521 4512 621 4583 ὅσῃ
653 4481 1237 4578 διαστροφῇνκέχρηται
1266 4504 1363 4574 τῆς
1391 4500 1749 4574 άποστολικῆς
1792 4502 1866 4574 ἐρ·

1987 4481 2226 4564 ioannes
2252 4500 2577 4573 evangelista
2603 4495 2915 4568 mysterium
2946 4489 3097 4553 illud,
3125 4484 3265 4556 quod
3298 4481 3465 4551 Moysi
3499 4488 3556 4536 et

306 4574 565 4678 ’μηνείαᾳ
589 4574 744 4657 δύτω
761 4574 825 4654 δὲ.
838 4574 1333 4667 τοῦ-εὐαγγελιστοῦ
1374 4595 1642 4658 Ἰωάννου,
1661 4594 1723 4647 τὸ
1744 4597 1866 4667 παρέ

1987 4597 2263 4670 prophetis
2291 4589 2593 4651 abstrusius
2620 4595 2776 4653 erat,
2804 4582 3081 4653 cognitum
3116 4574 3463 4629 atmuntiaret
3495 4580 3553 4624 ct

310 4701 510 4787 ΔΜωσεϊ
564 4697 658 4751 καὶ
708 4696 822 4758 τοῖς
872 4694 1077 4755 λοιποῖς
1136 4692 1441 4763 προφήταις
1498 4688 1892 4761 κεκρυμμένως

309 4781 661 4875 ζὲγνωσμένον
696 4786 1010 4859 μυστήριον,
1053 4782 1535 4854 εὐαγγελιζομένου
1567 4781 1662 4834 καὶ
1693 4782 1893 4834 ἀνακα-

1986 4666 2201 4745 eﬁ‘erret
2230 4699 2420 4754 magna
2453 4678 2794 4752 praedicantis
2829 4689 2959 4728 voce
2994 4688 3008 4727 :
3042 4668 3109 4723 In
3140 4666 3399 4737 principio
3443 4672 3555 4717 erat

1999 4779 2243 4842 Verbum,
2274 4788 2320 4830 et
2361 4773 2583 4828 Verbum
2625 4777 2736 4824 erat
2777 4764 2916 4835 apud
2965 4760 3151 4823 Deum,
3182 4768 3228 4811 et
3266 4756 3402 4809 Deus
3442 4762 3554 4806 erat

320 4848 633 4945 λύπτοντος,
664 4848 954 4951 μεγάλητε
986 4848 1095 4947 (54)
1132 4848 1494 4947 κηρύττοντος
1536 4872 1631 4943 βοῇ
1671 4872 1751 4925 τό·
1791 4872 1866 4925 ’Et

1997 4871 2221 4929 Verbum
2249 4885 2267 4924 .'
2299 4868 2476 4923 omnia
2517 4878 2610 4934 per
2645 4863 2817 4931 ipsum
2850 4857 2995 4927 facta
3033 4861 3185 4916 sunt,
3217 4862 3263 4903 et
3304 4852 3414 4902 sine
3445 4848 3556 4915 ipso

321 4975 481 5049 ἀρχῇ
498 4972 577 5046 ἦν
613 4977 646 5028 ό
672 4972 881 5041 Λόγος,
904 4968 1003 5023 καί
1026 4972 1057 5022 ὀ
1078 4970 1268 5037 Λόγος
1294 4962 1373 5037 ἦν
1407 4965 1557 5034 πρὸς
1584 4964 1690 5018 τὸν
1724 4964 1889 5029 Θεὸν,

1996 4964 2197 5031 [actum
2226 4969 2303 5015 est
2336 4956 2469 5012 nihil
2493 4956 2563 5021 ⁷⁸,
2592 4965 2821 5020 cumque
2846 4954 3073 5003 testetur
3104 4958 3225 4997 eum
3257 4942 3428 4994 lucem
3459 4953 3525 4990 ex
3552 4970 3559 4976 -

324 5031 589 5133 aede
604 5062 682 5136 ἦν
703 5068 734 5118 ό
752 5031 959 5134 Ᾰόᾷἐος-
992 5031 1187 5113 πάντα
1206 5031 1278 5112 δέ
1298 5031 1483 5112 αὑτοῦ
1503 5056 1738 5127 ἐγένετο
1755 5055 1866 5128 [(55

1998 5054 2203 5110 stitisse
2247 5049 2635 5107 illuminantem
2676 5054 2895 5099 omnem
2940 5036 3210 5093 hominem
3254 5031 3556 5084 venientem

323 5160 426 5217 καί
446 5160 625 5229 χωρὶς
652 5156 836 5211 αὑτοῦ
858 5152 1092 5225 ἐγένετο
1119 5149 1260 5204 οὐδὲ
1285 5148 1399 5221 Er],
1431 5149 1521 5202 καὶ
1551 5146 1897 5219 μαρτυρομέ-

322 5272 442 5319 νου,
471 5254 553 5307 ὃτι
577 5246 645 5323 ἦν
675 5249 734 5303 τὸ
764 5248 878 5318 φῶς
908 5244 1136 5316 φωτίζον
1165 5243 1338 5297 πάντά
1361 5240 1643 5313 ἄνθρωπον
1672 5238 1898 5311 ἐρχόμε-

2002 5145 2054 5198 in
2091 5144 2231 5197 hunc
2262 5137 2560 5194 mundum:
2605 5132 2672 5186 In
2712 5129 2907 5184 mundo
2947 5135 3091 5191 erat,
3124 5134 3168 5177 et
3199 5120 3425 5174 mundus
3467 5133 3561 5186 per

2001 5235 2167 5305 ipsum
2213 5233 2383 5302 [actus
2422 5235 2529 5292 est,
2572 5234 2619 5281 et
2653 5221 2878 5278 mundus
2921 5234 3039 5273 eum
3082 5230 3183 5269 non
3227 5209 3461 5283 cognovit
3491 5208 3558 5266 ⁷⁸.

400 5464 460 5522 ›Ῑ4
497 5456 593 5511 Ed.
624 5453 825 5516 Paris.,
854 5465 976 5521 pag.
1009 5448 1133 5522 ῌὲ.
1155 5518 1195 5522 __
1222 5445 1267 5522 f5
1304 5443 1320 5497 1
1355 5440 1701 5522 Tim.vt,__15_.
1814 5439 1859 5472 “

1973 5438 2025 5522 d_.
2056 5437 2166 5522 l6...
2340 5432 2479 5522 'l'li‘u‘n.
2507 5445 2548 5497 ι,
2570 5428 2655 5484 17.
2732 5427 2777 5459 ⁸³
2813 5424 3104 5487 Rom.xvr,
3128 5418 3220 5473 27.
3318 5417 3364 5449 ”
3399 5415 3569 5474 Joan.

318 5503 593 5595 ‘xv't‘i‘,
628 5503 1083 5592 :'°—P_liil'ipp."n,7.
1123 5503 1417 5580 ’"JoanJ,
1448 5515 1501 5568 ’5.
1558 5503 1622 5543 ’⁷⁸
1659 5509 1858 5565 Joan.t

1992 5510 2046 5562 5.
2121 5505 2168 5537 ⁷³
2208 5506 2337 5561 ibid.
2366 5503 2454 5558 10.

404 5702 521 5774 (5i)
555 5699 724 5774 _V_u|go
749 5697 897 5751 deest
927 5694 1008 5749 ἄν.

343 5792 368 5815 ο
415 5769 526 5841 32)
555 5769 662 5838 Mp.
694 5784 821 5837 περι
866 5783 949 5839 ερ.

412 5774 529 5893 issi
559 5838 666 5893 Τοῦ
700 5854 808 5893 om.
826 5783 924 5893 Tne
952 5843 1004 5892 et
1028 5849 1152 5890 mox
1179 5832 1356 5893 codd.;
1384 5843 1507 5886 mox
1535 5844 1564 5882 v

509 5825 529 5912 ᾗ
559 5825 666 5896 Τὸῦ
700 5825 808 5895 oni.
837 5825 924 5893 hic
952 5843 1004 5892 et
1028 5849 1152 5890 mox
1179 5832 1356 5900 codd.;
1384 5843 1507 5886 mox
1535 5828 1692 5901 vulgo
1725 5825 1759 5880 ἃ
1779 5825 1858 5883 δέ.

2073 5686 2186 5754 (δι)
2213 5685 2384 5754 Vulgo
2419 5682 2627 5755 μεγάλῃ
2652 5682 2739 5752 τῇ.

2071 5738 2184 5829 (όὸᾗ
2219 5738 2348 5812 Οἶιιῗ
2373 5738 2531 5843 codd.
2556 5738 2674 5808 Mox
2692 5738 2864 5805 "vulso
2890 5744 3005 5819 φῶς
3028 5738 3095 5817 ῆν
3127 5740 3208 5797 ca.

2700 5912 2745 5925 ὁ
