4082 6452
296 346 427 404 ’9ῧεῦ

969 464 1123 518 ΚΕΦ-
1167 466 1291 519 KE'.

527 553 734 620 Ὅπως
760 557 792 607 δ
812 554 990 620 αὐτὸς
1018 557 1204 622 ἐαυτῷ
1227 559 1465 612 ἐναντία
1496 560 1736 628 ἔγραψε.

373 634 539 698 Ἐἶτα
575 648 669 699 καὶ
706 646 864 710 αὐτὸς
901 649 1074 719 ἑαυτῷ
1111 650 1368 704 τάναντία
1399 652 1509 720 (47)
1550 653 1776 724 γράφων
1805 670 1903 706 ουκ

303 732 608 792 αἴσθεται.
650 737 964 808 Ἐνέτέροις
995 739 1091 808 μὲν
1122 739 1228 810 γάρ
1259 741 1663 810 διῖσχυρίζεται,
1703 744 1903 815 μηδένα

306 819 410 872 τοῦ
462 825 740 896 προτέρου
773 822 935 889 λαοῦ,
969 827 1035 880 τὰ
1084 829 1223 882 κατά
1266 829 1355 882 τὸν
1383 832 1552 898 Λόγον
1588 835 1897 901 ἐγνωκέναι.

299 908 652 984 Μυστήριον
679 913 935 988 γὰρεῖναι
963 919 1469 991 ἀποκεκρυμμένον.
1496 925 1696 996 Γράφει
1719 925 1773 979 δὲ
1799 921 1900 980 ὦδε

308 1003 523 1067 αὑταῖς
555 1005 769 1074 λέξεσι·
795 1028 824 1059 ·‹
849 1009 913 1060 Τί
939 1011 1044 1081 γὰρ
1069 1011 1250 1083 ἕτερον
1286 1011 1352 1084 ἦν
1382 1017 1864 1089 ἀποκεκρυμμένον
1882 1061 1896 1085 ,

315 1111 336 1142 ι
351 1099 676 1167 μυστήριον
696 1099 728 1169 ἢ
755 1100 813 1152 τὸ
837 1102 976 1154 κατὰ
997 1102 1087 1155 τὸν
1109 1104 1276 1172 Λόγον
1302 1106 1473 1169 ;οὖτω
1487 1109 1541 1161 δὲ
1561 1109 1670 1180 (48)
1686 1107 1752 1180 ἦν
1767 1113 1900 1165 ἀπο-

313 1201 332 1232 t
358 1188 761 1258 κεκρυμμένον
786 1191 844 1242 ἐν
871 1190 948 1261 τῷ
965 1192 1101 1263 Θεῷ,
1137 1196 1285 1248 τουτί
1318 1198 1578 1270 πρότερον
1612 1201 1671 1252 τὸ
1699 1203 1899 1272 μυστή-

312 1291 333 1324 σ
367 1291 518 1344 ριον,
547 1278 690 1332 ὥστε
728 1281 928 1351 μηδένα
971 1284 1064 1336 τοῦ
1099 1286 1359 1358 προτέρου
1394 1289 1544 1354 λαοῦ,
1601 1292 1785 1360 σαφῶς
1831 1295 1898 1348 τά

309 1378 331 1412 α
351 1365 508 1416 κατὰ
533 1367 626 1420 τὸν
654 1369 822 1438 Λόγον
843 1370 1064 1425 εἰδέναι’
1095 1373 1206 1426 ἀλλ’
1234 1376 1396 1446 ἡμᾶς,
1424 1379 1515 1431 τοῦ
1547 1379 1774 1434 πλούτου
1800 1384 1898 1453 τῆς

305 1470 331 1504 ‹
361 1453 538 1526 δόξης
599 1459 693 1510 καὶ
736 1459 827 1513 τοῦ
876 1463 1360 1536 ἀποκεκρυμμένου
1423 1473 1716 1543 μυστηρίου
1762 1476 1895 1528 ἀπο-

311 1561 334 1596 (
360 1544 569 1600 λαύειν
591 1551 724 1603 νυνί.
754 1570 771 1602 ι
794 1553 902 1605 Καὶ
929 1549 1082 1619 αὖθις
1113 1558 1370 1627 ἐπιλέγει,
1392 1581 1409 1612 ι
1435 1563 1490 1613 Ὁ
1506 1563 1560 1616 δὲ
1597 1565 1736 1636 ἱερὸς
1764 1567 1898 1620 ἀπό-

313 1654 333 1687 (
356 1637 560 1701 στολός
587 1658 647 1692 τε
677 1644 770 1696 καὶ
798 1644 1038 1718 μαθητὴς
1063 1647 1154 1700 τοῦ
1182 1652 1384 1721 Κυρίου
1421 1655 1686 1725 Ἰωάννης,
1713 1657 1896 1726 σαφῶς

289 1745 330 1777 -Ι
355 1729 462 1780 καὶ
511 1731 810 1804 διαρρήδην
836 1737 892 1788 ὲν
936 1738 1073 1810 ἀρχῇ
1110 1741 1204 1793 τοῦ
1244 1743 1571 1814 Εὐαγγελίου
1609 1749 1893 1811 διδάσκων,

1304 354 1388 409 DE
1429 355 1956 413 ECCLESIASTICA
1994 361 2374 416 TllEOL()ClA
2416 363 2541 418 LIB.
2585 362 2642 418 11.

1937 481 1984 535 A

3459 363 3563 420 966

2609 475 2757 530 CAP.
2795 475 2953 531 XXV.

2270 565 2507 630 Qualiter
2534 567 2632 620 sibi
2663 568 2762 635 ipsi
2792 567 3054 620 contraria
3081 565 3291 620 scribat.

2074 653 2185 708 Non
2237 657 2482 726 intelligit
2512 673 2672 727 porro
2703 659 2846 727 quod
2889 657 2988 710 sibi
3020 655 3119 723 ipsi
3147 656 3561 711 contradictoria

2003 747 2211 802 scribit.
2249 747 2456 801 Alicubi
2498 747 2761 815 siquidem
2793 755 3168 802 asseveranter
3202 744 3410 810 statuit,
3440 745 3562 799 nul-

2004 838 2109 888 lum
2160 839 2368 906 penitus
2408 839 2472 892 de
2515 838 2732 906 antiquo
2786 837 2876 892 illo
2927 834 3120 905 p0pulo
3169 835 3454 904 quidquam
3493 835 3562 888 de

2003 927 2177 984 Verbo
2208 931 2538 997 cognovisse.
2588 928 2722 982 Nam
2752 937 2868 982 erat
2888 927 3204 996 mysterium
3244 931 3302 988 ιζ(
3329 925 3560 978 abscon-

2001 1020 2188 1084 ditum,
2217 1020 2408 1089 inquit.
2444 1019 2616 1074 Verba
2648 1020 2761 1088 ejus
2785 1028 2910 1073 sunt
2942 1017 3032 1089 [Β.
3057 1018 3217 1084 XLV,
3253 1017 3376 1071 coll.
3406 1032 3459 1081 β.
3487 1016 3558 1068 40

2002 1109 2064 1181 D]
2099 1126 2113 1163 :
2155 1130 2173 1161 ι
2199 1110 2332 1176 Quid
2361 1110 2504 1164 aliud
2531 1119 2643 1164 erat
2675 1113 2984 1180 mysterium
3010 1110 3134 1163 illud
3157 1111 3554 1168 absconditum,

2005 1219 2024 1251 ‹
2049 1216 2203 1269 quam
2234 1201 2358 1255 illud
2395 1202 2457 1255 de
2483 1199 2696 1256 Verbo?
2750 1201 2878 1255 Nam
2911 1211 3028 1255 erat
3091 1202 3190 1255 hoc
3238 1199 3553 1270 mysterium

2004 1311 2022 1342 ‹
2046 1293 2179 1347 adeo
2203 1293 2326 1345 olim
2361 1294 2412 1346 in
2451 1293 2558 1347 Deo
2583 1294 2974 1357 absconditum,
3009 1302 3069 1346 ut
3097 1306 3130 1346 e
3153 1293 3315 1362 priori
3346 1291 3434 1345 illo
3460 1306 3556 1361 po-

2003 1400 2021 1431 (
2045 1383 2186 1450 pulo,
2216 1383 2388 1438 nullus
2414 1383 2568 1452 plane
2600 1385 2699 1440 hoc
2734 1387 2904 1453 ipsum
2947 1385 3282 1454 intelligeret.
3315 1383 3418 1438 Sed
3458 1399 3555 1438 no-

2004 1474 2126 1527 ibis
2166 1473 2275 1540 jam
2322 1489 2572 1529 concessa
2628 1485 2709 1529 est
2769 1475 2952 1530 fruitio
3007 1475 3313 1529 divitiarum
3374 1475 3554 1543 gloriae

2003 1583 2020 1615 ι
2049 1564 2233 1633 ipsius,
2270 1574 2324 1620 et
2374 1567 2611 1638 mysterii
2646 1567 2788 1620 illius
2831 1567 3270 1622 reconditissimi.
3299 1586 3316 1616 ι
3359 1566 3552 1619 Statim

1998 1672 2126 1710 vero
2187 1657 2450 1711 subinl'ert
2484 1656 2576 1727 [Β.
2609 1655 2769 1710 XLVI
2817 1657 2939 1713 coll.
2993 1672 3048 1726 p.
3095 1657 3164 1712 56
3210 1658 3250 1710 D
3302 1656 3400 1710 118
3428 1654 3490 1726 C]
3535 1674 3549 1708 :

2005 1747 2430 1802 «Sanctissimus
2478 1763 2602 1802 vero
2651 1748 2940 1817 apostolus,
2988 1756 3042 1802 et
3070 1747 3278 1800 Domini
3320 1748 3554 1816 discipu-

291 1837 326 1868 -‹
353 1818 434 1883 ὡς
447 1822 820 1894 ἀγνοούμενον
841 1829 897 1879 ἐν
919 1830 1220 1901 ἀνθρώποις
1240 1835 1518 1907 πρότερον,
1547 1839 1715 1906 Λόγον
1733 1841 1886 1894 αὐτὸν

2002 1860 2016 1889 ι
2044 1841 2121 1892 Ius
2147 1839 2399 1904 Joannes,
2441 1841 2667 1894 exertim
2699 1848 2756 1893 et
2797 1848 2981 1909 aperte
3008 1840 3058 1892 in
3093 1849 3282 1893 exortu
3321 1840 3556 1905 Evange-

295 1927 325 1959 ·‹
355 1910 459 1963 τοῦ
502 1918 944 1990 παντοκράτορος
979 1921 1276 1992 ὀνομάζων,
1309 1928 1477 1993 οὕτως
1502 1929 1625 2003 ἔφη,
1669 1933 1764 1985 Ἐν
1798 1936 1892 2003 ἀρ-

295 2021 327 2052 ε(
471 2001 559 2075 ἦν
587 2010 620 2060 ό
648 2010 854 2079 Λόγος.
886 2031 904 2063 ι
951 2015 1038 2066 Ἐν
1061 2015 1278 2081 ’τούτοις
1303 2019 1400 2090 μὲν
1429 2018 1522 2074 οὖν
1547 2001 1890 2096 ἀποκεκρυμ-

283 2095 472 2164 ’μένον
500 2101 809 2172 μυστήριον
854 2103 1140 2176 διορίζεται
1169 2104 1305 2163 εἶναι
1326 2111 1405 2174 τὸ,
1442 2113 1568 2184 περὶ
1600 2114 1691 2166 τοῦ
1723 2095 1890 2184 Λόγον

290 2186 445 2256 ἔχειν
465 2189 578 2244 τὸν
601 2191 750 2258 Θεὸν,
785 2194 840 2247 ὲν
872 2195 926 2246 δὲ
955 2197 1074 2260 ταῖς
1103 2198 1300 2270 ἀρτίως
1327 2203 1740 2271 παρατεθείσαις
1765 2224 1892 2278 προ-

292 2283 584 2349 φητικιῖς
611 2286 828 2350 φωναῖς,
850 2286 1026 2350 πάσας
1047 2288 1143 2352 τὰς
1171 2289 1318 2354 θείας
1342 2293 1559 2362 Γραφὰς
1580 2295 1886 2366 κηρύττειν,

279 2372 367 2426 ’τὰ
418 2376 570 2445 περί
620 2374 782 2430 αὐτοῦ
834 2379 1128 2451 συνίστησι,
1169 2382 1263 2435 καὶ
1313 2384 1530 2452 συνάγει
1563 2387 1690 2457 περί
1717 2388 1887 2456 Λόγου

295 2462 464 2527 Θεοῦ,
501 2464 770 2529 πλείστας
790 2467 919 2528 ὅσας
951 2470 1270 2542 μαρτυρίας.
1297 2472 1408 2524 Οὐκ
1436 2469 1543 2544 ἆρα
1571 2471 1638 2545 ἧν
1671 2476 1891 2544 ἀγνοού-

300 2571 472 2624 μενος
502 2555 590 2626 ’τῷ
623 2559 869 2630 προτέρῳ
895 2559 1026 2631 λαῷ⁶
1058 2563 1256 2626 πάντες
1284 2564 1390 2636 γάρ
1418 2566 1592 2628 αὐτοὶ,
1629 2569 1752 2631 τοὺς
1779 2586 1888 2621 τοι-

297 2645 502 2710 ούτους
541 2647 730 2717 λόγους
762 2650 955 2720 ᾔδεσαν
993 2652 1095 2705 ἀνὰ
1122 2653 1311 2723 στόμα,
1349 2658 1440 2709 καὶ
1464 2657 1551 2710 διὰ
1585 2661 1801 2730 μνήμης
1824 2660 1891 2713 τὰ

303 2741 634 2809 προφητικὰ
655 2741 807 2810 λόγια
831 2744 1104 2815 φέροντες.
1138 2747 1294 2800 Ἀλλά
1313 2749 1401 2802 τὸν
1429 2754 1754 2822 γραμματέα
1783 2755 1889 2806 τῶν

317 2829 598 2885 Ἰουδαίων
623 2835 754 2904 ἡμῖν
784 2837 813 2888 ό
843 2837 1159 2906 Χριστιανὸς
1191 2841 1529 2911 προΐσχεται·
1557 2845 1654 2896 οὐκ
1681 2846 1889 2899 ἀκούων

302 2919 403 2972 τοῦ
429 2922 685 2994 Σωτῆρος
713 2924 980 2994 λέγοντος,
1015 2930 1158 2982 0ὺαί
1193 2930 1353 3000 ὑμῖν,
1385 2935 1758 3002 γραμματεῖς,
1791 2937 1887 2990 καὶ

298 3013 624 3080 Φαρισαῖοι
645 3017 978 3085 ὑποκριταὶ,
1018 3019 1282 3091 θαυμάζει
1311 3041 1369 3075 τε
1413 3025 1573 3078 αὐτὸν
1606 3025 1710 3096 (49)
1743 3028 1889 3100 ὅρκῳ

302 3105 677 3178 πιστούμενον
727 3110 806 3162 ὅτι
847 3109 950 3176 Εἷς
989 3113 1158 3166 ἐστιν
1195 3119 1228 3168 ό
1275 3116 1437 3181 Θεὸς,
1483 3118 1578 3171 καὶ
1622 3122 1732 3173 οὐκ
1759 3122 1888 3175 ἔστι

299 3194 483 3262 πλὴν
525 3198 730 3262 αὐτοῦ,
765 3199 864 3274 ούικ
896 3200 1070 3265 εἰδὼς,
1109 3204 1188 3256 ὅτι
1221 3205 1313 3258 καὶ
1358 3206 1426 3258 τὰ
1471 3207 1753 3278 (δαιμόνια
1801 3229 1888 3264 πι-

302 3302 322 3333 σ
350 3282 633 3347 στεύουσι,
665 3287 756 3337 καὶ
785 3289 1081 3354 φρίττουσι.
1111 3309 1130 3342 ι
1173 3291 1336 3361 Τήρει
1371 3293 1426 3344 δὲ
1445 3295 1591 3358 ὅπως
1624 3297 1681 3361 ἐξ
1709 3298 1886 3351 αὐτῶν

295 3374 413 3428 τῶν
439 3376 796 3445 προφητικῶν
820 3378 1070 3448 Γραφῶν,
1101 3381 1167 3434 τὰ
1201 3384 1324 3452 περί
1349 3383 1520 3450 Λόγου
1545 3387 1762 3453 συνάγει
1788 3389 1881 3441 τοῦ

296 3465 413 3517 τῶν
446 3468 738 3536 πρακτέων
773 3469 1182 3526 διδασκαλικοῦ·
1217 3474 1273 3526 ὃν
1314 3476 1405 3528 καὶ
1452 3478 1715 3529 Ἰουδαίων
1760 3483 1885 3532 παῖ-

296 3555 389 3618 δες
421 3558 712 3628 γνωρίζειν
738 3561 1156 3631 ὁμολογήσουσιν
1185 3566 1317 3635 (50),
1344 3567 1438 3620 ἆτε
1462 3569 1566 3640 πρὸ
1595 3571 1626 3639 ἡ
1637 3568 1753 3638 μῶν
1770 3570 1886 3622 τοῦ-

299 3662 398 3697 τον
455 3649 878 3720 παρειληφότες.
941 3654 1078 3706 Ἀλλ’
1109 3657 1231 3709 οὐδὲ
1272 3659 1432 3721 αὐτὸς
1474 3660 1756 3722 Σαϐἐλλιος
1794 3662 1883 3714 τὸν

303 3738 554 3791 τοιοῦτον
588 3741 767 3810 ἠγνόει
789 3744 978 3811 Λόγον.
1016 3747 1138 3810 Πῶς
1156 3743 1247 3802 οὖν
1275 3750 1557 3816 Ἰουδαίους
1586 3753 1675 3805 καὶ
1697 3753 1884 3806 Σαϐέλ-

297 3829 424 3882 λιον
474 3830 708 3896 κόπτων,
748 3835 820 3904 μὴ
854 3837 1145 3903 ἐγνωκέναι
1196 3840 1285 3892 τὸν
1331 3841 1499 3909 Λόγον
1557 3843 1679 3913 ἔφη,
1714 3844 1777 3897 δι’
1810 3838 1883 3897 ὦν

311 3919 636 3992 παρεθέμην
665 3922 826 3976 αὐτοῦ
863 3927 1088 3994 φωνῶν;
1137 3929 1244 3981 Καὶ
1285 3931 1466 4002 ἐπειδὴ
1504 3933 1881 4003 ἀποπέφανται

304 4013 335 4064 ὁ
363 4013 548 4076 αὐτὸς,
591 4014 676 4067 διὰ
715 4016 822 4069 τῶν
849 4018 1170 4089 ἔμπροσθεν,
1215 4023 1290 4085 ὡς
1330 4023 1500 4087 οὐδεὶς
1533 4024 1750 4078 ἐδύνατο
1792 4027 1882 4080 τὸν

307 4103 447 4158 Θεὸν
491 4106 705 4170 εἰδέναι,
737 4109 855 4161 οὐδὲ
883 4111 972 4164 τὸν
1003 4112 1170 4180 Λόγον
1196 4112 1476 4185 γνωρίζειν
1504 4117 1667 4170 αὑτοῦ
1721 4120 1768 4170 εἰ
1804 4120 1876 4190 μὴ

308 4193 409 4265 τὴν
449 4196 633 4250 εἰκόνα
680 4199 887 4268 εἰλήφει
915 4201 1006 4253 τοῦ
1064 4203 1292 4274 ἀοράτου
1331 4204 1487 4270 Θεοῦ,
1545 4206 1741 4280 δηλαδὴ
1783 4209 1880 4280 τὴν

305 4285 512 4355 σάρκα,
546 4287 621 4350 ὡς
654 4289 811 4353 αὐτὸς
839 4290 977 4361 ἔφη·
1030 4292 1136 4362 (διὰ
1181 4294 1346 4364 μόνης
1376 4295 1484 4367 γάρ
1535 4298 1632 4368 τῆς
1673 4301 1878 4364 εἰκόνος

309 4376 669 4448 γνωρίζεσθαι
709 4379 800 4433 τὸν
832 4381 962 4434 Θεὸν
993 4383 1084 4435 καὶ
1115 4383 1204 4436 τὸν
1251 4385 1434 4438 τούτου
1479 4387 1648 4454 Λόγον
1689 4389 1879 4443 διετεί-

1916 3158 1956 3214 C

1995 1949 2012 1978 ι
2041 1930 2116 1992 lii,
2151 1930 2310 1984 veluti
2344 1930 2432 1998 qui
2467 1929 2680 1982 doceret
2722 1927 2864 1997 quod
2922 1927 3068 1996 prius
3099 1925 3443 1996 ignorabatur
3478 1924 3558 1976 in.

1996 2043 2014 2074 ι
2041 2033 2121 2077 ter
2149 2024 2411 2088 homines,
2449 2021 2683 2077 Verbum
2736 2020 3120 2090 omnipotentis
3157 2031 3278 2071 eum
3312 2017 3554 2070 nominat

1998 2133 2014 2164 ι
2045 2115 2118 2166 ita
2172 2114 2436 2181 inquiens,
2478 2111 2547 2164 In
2599 2111 2850 2179 principio
2893 2118 3006 2162 erat
3061 2107 3281 2162 Verbum
3302 2109 3369 2161 ⁸³.
3398 2126 3420 2160 ι
3472 2107 3553 2161 Ita

1991 2205 2262 2258 contendit
2300 2205 2343 2257 is
2363 2219 2459 2271 per
2489 2205 2588 2256 ista
2630 2202 3000 2256 absconditum
3044 2200 3355 2270 mysterium
3387 2199 3553 2252 fuisse

1992 2295 2140 2357 illud,
2165 2295 2329 2347 Deum
2360 2293 2610 2347 habuisse
2645 2291 2902 2346 Verbum.
2940 2290 3248 2357 Scripturas
3278 2303 3407 2342 vero
3429 2302 3552 2340 om-

1991 2401 2087 2440 nes
2109 2398 2278 2454 nuper
2309 2384 2587 2448 recitatas,
2609 2393 2663 2435 et
2681 2381 2950 2450 appositas
2967 2378 3346 2449 prophetarum
3366 2393 3548 2447 voces,

1993 2475 2288 2542 praedicare
2309 2472 2422 2526 vult
2446 2487 2564 2542 qua:
2597 2480 2722 2526 sunt
2746 2470 2814 2525 de
2835 2469 3030 2535 Verbo,
3050 2485 3184 2539 quas
3203 2472 3466 2537 plurimas
3494 2471 3548 2523 in

1992 2568 2146 2634 hujus
2164 2565 2239 2620 rei
2260 2564 2619 2620 testimonium
2635 2561 2990 2617 coacervavit.
3009 2559 3086 2614 lla
3104 2577 3207 2616 non
3223 2568 3340 2615 erat
3353 2561 3550 2628 populo

1992 2655 2062 2708 illi
2104 2654 2270 2724 priori
2298 2655 2596 2722 ignoratum
2630 2652 2732 2706 hoc
2765 2652 3076 2722 mysterium
3108 2651 3374 2705 :universi
3403 2650 3548 2705 enim

1991 2753 2269 2810 noverant,
2304 2750 2356 2797 et
2384 2744 2647 2796 memoria
2680 2745 2936 2797 tenebant
2981 2750 3034 2796 et
3080 2755 3175 2795 ore
3217 2741 3551 2809 usurpabant

1991 2837 2375 2907 prophetarum
2399 2837 2486 2888 illa
2505 2835 2744 2892 oracula.
2759 2837 2829 2888 At
2860 2835 3000 2891 enim
3017 2842 3072 2888 et
3087 2835 3151 2887 de
3167 2832 3366 2888 Judaeis
3393 2833 3548 2887 nobis

1990 2929 2220 2984 scribam
2257 2936 2609 2997 repraesentat
2641 2926 2981 2981 Christianus
3016 2940 3136 2980 cum
3175 2925 3246 2979 sit
3283 2942 3295 2978 :
3330 2941 3434 2978 non
3467 2935 3549 2978 at—

1992 3021 2216 3073 tendens
2248 3019 2391 3086 quod
2433 3019 2691 3070 Servator
2737 3016 2893 3081 dixit,
2949 3013 3034 3068 Vae
3068 3015 3232 3078 vobis,
3268 3012 3464 3068 Scriba:
3499 3024 3548 3067 et

1994 3109 2250 3164 Pharisazi
2295 3109 2581 3178 hypocrin
2601 3109 2667 3161 ⁸⁸.
2708 3107 2966 3177 lllumque
3011 3108 3233 3176 suspicit
3258 3108 3400 3174 quod
3428 3123 3547 3162 cum

1943 3193 1956 3210 ’
1984 3201 2330 3271 jurejurando
2359 3201 2577 3265 dixerit,
2604 3197 2758 3264 Quod
2781 3215 2914 3252 unus
2947 3199 3082 3252 Deus
3107 3209 3154 3252 et
3181 3208 3373 3268 praeter
3406 3216 3546 3261 eum,

1987 3307 2089 3344 non
2112 3299 2186 3343 est
2213 3289 2367 3344 alius.
2399 3289 2558 3354 Quasi
2578 3287 2809 3342 nesciret
2832 3288 2970 3355 quod
2997 3298 3052 3339 et
3084 3305 3104 3338 ‹
3136 3287 3403 3341 daemones
3430 3303 3550 3341 cre-

1987 3380 2114 3432 dant
2140 3387 2192 3433 et
2223 3379 2663 3432 contremiscant.
2691 3396 2711 3429 ι
2745 3376 2881 3430 Nota
2915 3377 3043 3430 mihi
3075 3385 3253 3430 autem
3288 3378 3549 3444 quemad-

1987 3469 2202 3522 modum
2257 3469 2322 3521 de
2367 3467 2695 3537 propheticis
2723 3467 3018 3536 Scripturis
3051 3466 3257 3536 colligit
3305 3483 3422 3536 quae
3475 3468 3542 3522 ad

1984 3560 2204 3613 verbum
2258 3558 2383 3612 illud
2422 3559 2711 3628 pertinent,
2759 3561 2898 3629 quod
2933 3569 3017 3613 est
3039 3561 3362 3629 agendorum
3396 3577 3546 3615 com-

1985 3649 2427 3705 mouefactorinm
2472 3672 2503 3726 ε.
2538 3651 2680 3719 quod
2709 3651 2878 3718 ipsum
2919 3649 3232 3705 fatebuntur
3284 3666 3342 3706 se
3374 3668 3543 3722 agno~

1983 3754 2134 3794 scere
2159 3736 2248 3793 vel
2274 3735 2472 3800 Judaei,
2519 3738 2679 3790 veluti
2714 3739 2803 3806 qui
2849 3749 2974 3793 ante
3012 3753 3107 3794 uos
3151 3740 3255 3795 hoc
3278 3739 3388 3808 jam
3411 3743 3541 3797 olim

1982 3830 2364 3886 edocebantur.
2401 3829 2506 3884 Sed
2533 3846 2630 3884 nec
2653 3831 2878 3899 ipsemet
2913 3830 3182 3885 Sabellius
3208 3831 3544 3901 hujuscemo-

1981 3924 2032 3978 di
2068 3923 2301 3979 Verbum
2343 3922 2643 3991 ignorabat.
2683 3922 2852 3987 Quam
2895 3921 3163 3976 immerito
3217 3923 3414 3978 idcirco
3446 3923 3541 3979 ﬂa-

1975 4014 2458 4082 gellatSabellium
2511 4013 2822 4074 etludacos,
2871 4013 2924 4067 in
2971 4017 3237 4083 excerptis
3275 4030 3305 4068 a
3345 4031 3431 4070 me
3472 4016 3540 4070 de

1981 4108 2145 4175 ipsius
2181 4106 2317 4160 libro
2351 4105 2558 4174 positis,
2602 4105 2740 4173 quod
2780 4103 3010 4158 Verbum
3043 4106 3376 4171 ignorabant,
3417 4121 3538 4162 cum

1979 4211 2174 4251 nomen
2203 4195 2254 4250 id
2284 4195 2352 4248 ab
2386 4196 2472 4248 illo
2498 4197 2687 4249 scitum
2722 4194 2812 4256 sit,
2847 4195 2987 4262 quod
3020 4194 3183 4249 Deum
3229 4197 3409 4251 videre
3440 4213 3539 4252 nc-

1979 4302 2066 4341 mo
2091 4298 2319 4354 poterat,
2344 4288 2437 4342 sed
2471 4302 2570 4341 nec
2617 4287 2783 4356 ipsius
2811 4284 3043 4340 Verbum
3086 4287 3400 4357 intelligere,
3433 4289 3536 4343 nisi

1979 4380 2264 4450 imaginem
2295 4381 2542 4435 induerat
2587 4381 2869 4435 invisibilis
2907 4381 3035 4444 Dei,
3087 4395 3307 4433 carnem
3344 4395 3536 4450 nempe

307 4485 459 4533 νατο,
492 4469 589 4540 τὴν
625 4471 800 4542 σάρκα
835 4471 1006 4542 λέγων
1060 4472 1314 4547 εἶναιτὴν
1347 4478 1527 4531 εἰκόνα
1631 4481 1872 4553 ὑπομνη-

1989 4470 2260 4524 intendens
2299 4471 2580 4538 imaginem
2622 4469 2799 4534 illam;
2859 4484 2984 4522 nam
3015 4485 3110 4538 per
3145 4468 3313 4522 solam
3345 4469 3534 4538 imagi-

303 4559 466 4611 ’στέον
513 4559 599 4611 διά
631 4560 737 4612 τῶν
787 4565 1158 4633 προκειμένων
1204 4565 1278 4629 ὡς
1303 4566 1423 4636 δίχα
1475 4569 1571 4639 τῆς
1614 4571 1874 4641 ἐνσάρκου

310 4649 608 4720 παρουσίας
638 4652 870 4704 Ἰουδαῖοι
922 4654 1119 4718 πάντες
1163 4655 1252 4708 τὸν
1276 4655 1428 4724 λόγον
1471 4657 1562 4710 τοῦ
1595 4658 1750 4723 Θεοῦ,
1784 4660 1878 4713 καὶ

305 4741 432 4803 τοὺς
473 4741 660 4808 λόγους
691 4743 815 4805 τοὺς
852 4744 909 4795 ἐν
932 4749 1050 4807 ταῖς
1082 4751 1442 4818 προφητικαίς
1469 4753 1724 4820 γραφαῖς,
1767 4751 1875 4802 τῶν

300 4830 470 4883 ὁσίων
510 4832 684 4904 ἔργων
743 4836 1225 4905 παραγγελτικοὺς,
1271 4840 1511 4910 ἀκριϐῶς
1565 4841 1774 4911 ᾔδεσαν,
1819 4844 1877 4907 ἐξ

311 4919 533 4974 ἁπαλῶν
584 4925 787 4995 ὀνύχων
835 4926 1053 4990 τούτους
1099 4931 1596 5000 καταμελετῶντες’
1645 4934 1738 4985 καὶ
1787 4935 1876 4987 τὸν

308 5010 441 5064 Θεὸν
469 5013 774 5084 ὡμολόγουν
797 5017 885 5071 τὸν
910 5018 1123 5072 πάντων
1154 5021 1378 5091 ποιητὴν
1403 5022 1495 5074 καὶ
1516 5021 1837 5095 δημιουργόν
1857 5043 1870 5056 ·

306 5102 497 5176 ὥσπερ
530 5103 622 5162 οὖν
663 5110 756 5161 καὶ
777 5109 1152 5181 γραμματεὺς,
1185 5112 1213 5164 ὁ
1239 5111 1304 5162 δι’
1335 5111 1495 5182 ὅρκου
1525 5114 1880 5184 πιστούμενος

389 5316 447 5374 is
482 5311 579 5366 Ed.
607 5310 781 5368 Paris.
831 5331 949 5386 pag.
986 5317 1109 5371 144.
1195 5317 1234 5348 ⁸⁸
1269 5315 1422 5372 Joan.
1455 5332 1494 5382 ι,
1527 5317 1579 5370 1.
1655 5319 1700 5350 ⁸³
1720 5318 1910 5376 Matth.

313 5546 318 5550 ’
373 5556 484 5627 (47)
526 5556 694 5623 Vulgo
723 5558 939 5612 ἐναντία

398 5627 485 5702 i8)
519 5627 860 5702 Yu'80.9§w
881 5631 1010 5702 γάρ-

398 5629 464 5680 48
519 5629 688 5695 Vulgo
719 5629 860 5681 οὕτω
881 5631 1010 5702 γάρ.

295 5771 312 5786 ν
371 5629 485 5770 (49)
516 5694 835 5765 Θαυμάξέτε
861 5702 1064 5756 αὐτόν.
1106 5703 1236 5770 lmo,
1272 5699 1537 5772 Bautdtfst
1565 5717 1643 5754 τε.
1674 5701 1858 5759 Admi-

1979 4574 2098 4614 nem
2126 4560 2377 4630 cognosci
2407 4561 2647 4629 potuisse
2684 4561 2872 4625 Deum,
2901 4569 2954 4613 et
2979 4560 3142 4628 ipsius
3173 4559 3266 4614 Dei
3296 4557 3530 4614 Verbum

1977 4653 2270 4706 contendat
2295 4666 2514 4705 carnem
2545 4666 2795 4706 asserens
2834 4650 3001 4705 fuisse
3045 4651 3330 4720 imaginem
3359 4651 3528 4706 illam.

1979 4743 2083 4798 Sed
2115 4742 2423 4797 meminisse
2457 4742 2712 4796 debemus
2753 4743 2803 4795 in
2857 4743 3223 4811 superioribus
3277 4743 3529 4812 positum,

1975 4836 2114 4907 quod
2143 4835 2346 4903 absque
2383 4833 2583 4887 carnali
2643 4835 2947 4902 prmsentia,
2989 4833 3155 4889 Judaei
3198 4849 3385 4889 omnes
3413 4851 3532 4889 ver-

1978 4927 2102 4980 bum
2161 4925 2274 4987 Dei,
2307 4933 2360 4978 et
2389 4925 2552 4979 verba
2600 4923 2723 4988 Dei,
2763 4940 2882 4992 qua:
2921 4926 3114 4979 divinis
3151 4931 3530 4995 prophetarum

1979 5017 2274 5086 Scripturis
2332 5017 2533 5080 insunt,
2576 5017 2644 5069 ad
2693 5026 2877 5071 sancta
2925 5032 3088 5086 opera
3149 5018 3528 5081 admonitoria,

1983 5109 2321 5166 exactissime
2369 5107 2667 5173 callebant,
2703 5124 2824 5163 cum
2868 5126 2898 5163 a
2961 5112 3157 5166 teneris
3207 5110 3526 5180 unguiculis.

1947 5332 2080 5372 mu
2144 5315 2233 5370 15.

1964 5569 2116 5615 ratur
2145 5561 2428 5616 Marcellus
2456 5561 2685 5614 scribam
2723 5560 2895 5614 illum.
2930 5559 2999 5613 Μ.

2036 5631 2149 5703 (50)
2177 5633 2343 5703 Vulgo
2367 5631 2800 5703 apoloyobotvet
2841 5629 3188 5699 ἀποπέφαται
3221 5639 3271 5686 ct
3315 5644 3433 5684 mox
3471 5647 3522 5684 τ.

1968 5697 2144 5772 σάρκα
2174 5697 2312 5756 εἶναι
2352 5697 2449 5774 τῆν
2479 5697 2680 5770 εἰκόνα,
2714 5702 2806 5764 ὡς.
