4082 6396
293 369 400 429 969

1229 371 1320 428 DE
1357 372 1893 432 ECCLESIASTICA
1933 376 2324 438 THEOLOGIA
2363 379 2492 435 LIB.
2529 378 2617 436 111.

3459 380 3566 438 970

361 486 480 570 μὲν
509 489 833 570 ,εἰληφέναι
871 489 987 570 τῂν
1007 492 1126 548 ἀπὸ
1154 495 1553 570 τετρακοσίων
1579 495 1882 570 έςῶνητέ-

2054 511 2176 553 ante
2211 516 2375 554 annos
2398 515 2546 563 cccc,
2573 499 2731 570 ﬁnem
2763 513 2880 554 vero
2899 498 3206 552 habiturum
3235 496 3290 552 in
3317 512 3528 570 consum
3549 527 3566 539 -

362 558 474 622 λος
499 557 566 611 δὲ
585 557 745 625 ἕξειν
759 562 829 614 ἐν
856 557 941 629 τῆ
964 557 1286 630 συντελείξῑ
1315 557 1878 629 διεϐεϐαιοῦτοίδια-

363 630 668 705 στρόφους
714 634 1065 702 ποιούμενος
1108 633 1215 700 τὰς
1249 634 1364 686 τῶν
1402 636 1573 689 θείων
1621 637 1881 705 Γραφῶν

365 696 702 766 ἑρμηνείας.
884 696 900 702 ’
1043 696 1055 700 ⁷
1192 696 1204 700 ⁷
1669 696 1684 704 ⁷
1731 713 1740 718 ’

2058 572 2288 623 motione
2338 571 2519 624 διεσαίὶ
2553 585 2570 621 ;
2603 581 2658 622 ιιι
2711 570 2806 623 hoc
2840 586 2992 621 suum
3035 571 3226 638 dogma
3270 569 3563 635 confirmet.

2053 656 2210 708 quam
2241 657 2476 707 perverse
2511 639 2816 708 Scripturas
2840 642 3235 708 interpretetur.

295 753 414 855 ιδπέ
427 753 773 855 Ἔξηγήᾶεις
794 771 904 840 τῆς
933 773 1146 844 ὑγιοῦς
1173 773 1444 840 διανοίας
1469 775 1587 830 τῶν
1623 754 1887 845 ἀναγνωέ

1988 776 2074 829 14.
2109 774 2406 844 Επρίίσαιῐο
2439 779 2566 830 recti
2618 786 2666 831 et
2694 793 2810 831 sant
2857 794 3037 831 sensus
3066 777 3302 830 locorum
3350 775 3573 829 allecto-

368 852 634 906 σματων.

2060 864 2196 900 rum.

295 907 630 986 tE'.“':QJch_
647 911 871 986 εἴρηται
908 930 939 986 ¢_
956 911 1031 966 Td
1080 913 1276 986 πάντα
1304 915 1748 984 ὑποταγήσεται
1801 915 1883 981 τῷ

1988 916 2074 972 15.
2102 917 2374 982 Quomodo
2392 918 2607 980 dicitur,
2643 936 2661 967 ι
2687 916 2876 971 Omnia
2903 917 3136 986 subjecta
3165 917 3290 984 ﬁent
3319 914 3486 980 Filio,
3517 922 3573 970 et

377 976 506 1050 Υίῷ,
536 981 635 1034 καὶ
662 976 843 1048 αὑτὸς
866 981 945 1046 τῷ
977 985 1178 1050 Πατρί.
1223 1004 1240 1036 ι

2057 988 2166 1055 ipse
2192 986 2500 1056 subjicietur
2533 986 2683 1040 Patri
2711 1005 2828 1041 suo.
2859 1007 2878 1038 ι

300 1053 409 1131 ις’Ᾱ
438 1049 638 1131 ’ξοπως
669 1053 894 1131 εξρηται
922 1051 1002 1117 τῷ
1014 1049 1368 1131 ’Ἀποστόλῳ
1386 1071 1399 1084 ’
1439 1071 1462 1108 ι
1495 1057 1630 1110 Τότε
1657 1056 1828 1111 ἔσται
1849 1058 1884 1109 ὁ

1988 1049 2218 1122 16.’ριιο
2250 1049 2402 1131 sensu
2431 1057 2500 1131 _ab
2526 1056 2780 1131 Apostolo
2803 1058 3002 1110 dictum
3034 1068 3134 1123 est,
3171 1076 3188 1107 ι
3216 1056 3382 1110 Deum
3414 1055 3567 1123 futu-

368 1118 511 1184 Θεὸς
538 1120 610 1174 τὰ
642 1118 837 1175 πάντα
862 1124 932 1176 ἐν
955 1124 1165 1178 πᾶσιν.
1188 1143 1207 1175 ι

296 1185 385 1250 ιζ’.
419 1189 624 1264 "01mg
638 1194 697 1244 ai
725 1192 870 1246 θεῖαι
902 1195 1132 1264 Γραφαὶ
1167 1193 1240 1247 τὰ
1263 1196 1394 1264 περὶ
1422 1195 1530 1262 τῆς
1554 1196 1659 1250 τοῦ
1683 1193 1850 1263 Σωτῆ
1869 1224 1884 1234 -

360 1275 467 1333 ρος
504 1261 682 1333 ,ἡμῶν
722 1261 1122 1329 ἀτελευτήτου
1172 1261 1495 1332 ,ϐασιλείας
1521 1261 1879 1333 παριστῶσι,

363 1331 465 1406 καὶ
484 1329 564 1395 ὡς
592 1332 944 1406 Μάρκελλος
974 1333 1171 1403 γυμνῇ
1204 1335 1278 1404 τῇ
1315 1329 1550 1406 κεφαλῇ
1573 1329 1880 1400 παυθήσεο

362 1402 504 1474 adat
539 1403 726 1474 αὑτοῦ
761 1401 877 1474 τῂν
896 1401 1226 1467 βασιλείαν
1247 1401 1639 1474 ίᾶπεςραίνὲτο.

294 1473 388 1539 ιη’.
429 1469 620 1545 Ὅπως
651 1472 720 1525 ὲν
747 1471 820 1540 τῇ
853 1474 1143 1545 βασιλείᾳ
1177 1477 1283 1530 τοῦ
1319 1469 1454 1531 Υὶοῦ
1485 1476 1554 1530 ἒν
1591 1473 1884 1545 γενήσον-

363 1554 458 1592 ται
507 1539 730 1608 πάντες
772 1539 824 1597 οι
865 1543 974 1612 τῆς
1021 1539 1155 1597 τότε
1197 1539 1635 1615 μακαριότητος
1670 1539 1875 1608 ἀξιού-

356 1625 549 1677 μενοι.

291 1677 383 1737 ιϐ’.
421 1680 549 1734 Ὅτι
591 1678 793 1750 ὥσπερ
818 1685 852 1736 ό
891 1684 1096 1753 Πατὴρ
1122 1685 1219 1740 καὶ
1253 1689 1286 1740 ό
1319 1685 1452 1752 Υἱὸς
1493 1685 1562 1740 ἓν
1590 1681 1742 1739 εἶναι
1773 1683 1878 1738 λέ-

362 1766 593 1824 γονται,
625 1753 778 1805 οὕτω
798 1753 895 1806 καὶ
922 1754 1147 1821 πάντες
1179 1757 1424 1810 ἔσονται
1454 1759 1507 1810 οἱ
1537 1755 1710 1824 ἅγιοι.

2059 1143 2176 1180 rum
2205 1129 2383 1181 omnia
2423 1129 2477 1181 in
2513 1127 2776 1182 omnibus.
2802 1147 2820 1180 ο

1988 1196 2075 1250 17.
2112 1195 2264 1262 Quod
2311 1214 2479 1251 sacrte
2511 1197 2802 1265 Scripturte
2829 1198 2892 1251 de
2933 1194 3374 1250 indeterminabili
3408 1211 3567 1264 regno

2057 1266 2352 1321 Servatoris
2382 1268 2553 1321 nostri
2581 1269 2877 1321 doctrinam
2911 1276 3289 1336 repra'sentant
3315 1283 3333 1320 :
3353 1278 3399 1319 et
3426 1267 3567 1334 quod

2058 1337 2343 1420 Marcellus
2371 1339 2626 1407 perfricta
2655 1339 2828 1409 [route
2862 1349 3127 1392 asseverat
3160 1337 3469 1391 habiturum
3497 1336 3567 1404 ﬁ-

2059 1423 2174 1460 nem
2198 1424 2310 1470 etus
2345 1424 2585 1477 regnum.

1989 1477 2075 1531 18.
2106 1477 2222 1542 Quo
2247 1495 2400 1532 sensu
2440 1481 2496 1531 in
2547 1494 2702 1548 regno
2733 1477 2861 1532 Filii
2897 1493 3058 1530 unum
3087 1477 3213 1548 ﬁent
3243 1492 3422 1530 onmes
3474 1477 3566 1544 qui

2059 1556 2184 1600 tunc
2209 1549 2528 1602 beatitudine
2561 1546 2660 1602 illa
2697 1559 2848 1601 erant
2883 1549 3030 1616 digni
3061 1546 3247 1602 habiti.

1989 1677 2077 1732 19.
2105 1679 2258 1745 Quod
2289 1681 2731 1751 quemadmodum
2768 1681 2926 1735 Pater
2952 1691 3001 1735 et
3040 1679 3210 1734 Filius
3234 1697 3398 1734 unum
3421 1688 3566 1748 sunt,

2061 1751 2147 1822 ita
2165 1767 2366 1822 quoque
2397 1752 2569 1822 sancti
2598 1768 2773 1806 omnes
2796 1752 2966 1822 futuri
2993 1762 3111 1805 sunt
3133 1767 3323 1822 unum.

291 1819 714 1916 καιξοτιὶὼςκό
756 1824 964 1916 Πατιὴρ
997 1825 1068 1878 ἐν
1101 1817 1342 1916 iniria
1389 1828 1487 1909 καὶ
1532 1817 1665 1891 Υἱὸς
1693 1825 1771 1916 ἐν
1805 1822 1884 1887 τῷ

1988 1817 2078 1872 20.
2111 1817 2431 1902 Ωιιοάέἱειιε
2460 1820 2728 1903 Pater_est
2763 1819 3091 1916 inaliilionet
3124 1819 3298 1874 Filius
3319 1821 3374 1874 in
3407 1817 3570 1874 Patre

363 1890 568 1965 Hatpl,
605 1892 758 1965 οὕτω
795 1890 1004 1965 καὶίέν
1031 1895 1158 1965 τοῖς
1188 1890 1376 1965 ἁγίοις
1415 1890 1650 1965 ἅπασιν
1686 1895 1881 1965 ἔσται.

2061 1905 2178 1956 suo,
2208 1892 2286 1944 ita
2317 1901 2364 1944 et
2393 1893 2446 1944 in
2475 1893 2671 1945 sanctis
2700 1892 2939 1945 omnibus
2964 1893 3086 1944 erit.

291 1961 768 2035 xa'._”Onmc_yph
796 1963 960 2017 νοεῖν
988 1964 1074 2030 τὸ,
1099 1984 1117 2016 ι
1134 1959 1206 2017 Ὃ
1233 1959 1504 2034 ἑωρακὼς
1531 1964 1636 2035 ἐμὲ
1666 1963 1886 2033 ἑώρακε

1992 1959 2082 2014 21.
2103 1959 2229 2035 Quo
2256 1977 2422 2035 sensu
2451 1962 2650 2035 dictum
2687 1960 2819 2014 illud
2850 1962 3070 2030 intelligi
3113 1961 3279 2026 debet,
3323 1978 3344 2012 ι
3367 1960 3471 2028 Qui
3491 1975 3572 2014 me

365 2029 472 2084 τὸν
496 2029 788 2100 Πατέρα.)

951 2281 1109 2334 ΚΕΦ.
1151 2282 1230 2334 A'.

2063 2032 2216 2097 vidit,
2251 2034 2294 2084 is
2317 2033 2447 2084 vidit
2463 2042 2514 2085 et
2548 2029 2784 2085 Patrem.
2815 2049 2834 2084 ι

2618 2281 2676 2340 »Β
2703 2273 2854 2330 CAP.
2889 2272 2926 2326 1.

304 2368 405 2437 Ὠς
457 2369 835 2439 διαστρόφως
875 2371 1232 2439 Μάρκελλος
1274 2373 1382 2437 τὰς
1430 2371 1595 2437 θείας
1639 2371 1885 2441 Γραφὰς

1988 2370 2157 2436 Quam
2196 2384 2434 2438 perverse
2474 2365 3130 2441 Marcellusinterpretari
3173 2382 3336 2421 ausus
3370 2376 3447 2421 est
3479 2383 3572 2421 sa-

781 2441 1135 2510 ἐρμηνεύειν
1173 2441 1421 2510 ἐτόλμα.

376 2532 438 2585 '0
469 2532 570 2603 μὲν
601 2525 694 2585 οὖν
731 2532 903 2603 μέγας
933 2532 1323 2606 εὐαγγελιστὴς
1365 2533 1618 2604 Ἰωάννης
1663 2531 1759 2604 τὴν
1790 2531 1884 2584 τοῦ

293 2625 549 2697 Σωτῆρος
579 2627 610 2697 ή
620 2626 734 2697 μῶν
762 2625 1041 2695 θεολογίαν
1070 2627 1162 2681 τὸν
1188 2626 1519 2681 ἀποδοθέντα
1550 2627 1752 2697 τρόπον
1775 2626 1888 2681 δια-

295 2719 478 2789 φόρως
504 2717 906 2790 εὐηγγελίζετο.
957 2719 1278 2790 Μάρκελλος
1311 2719 1356 2772 δ’
1382 2720 1532 2782 ὅπως
1565 2718 1768 2788 ταύτην
1795 2720 1891 2790 ἀρ-

293 2809 601 2880 νησάμενος
643 2810 735 2863 ἐπὶ
781 2810 880 2881 τὴν
927 2810 1224 2880 Ἰουδαῖκὴν
1279 2808 1565 2874 ἐξώκειλεν
1609 2809 1888 2872 ἀπιστίαν,

293 2901 588 2973 δεδήλωται
625 2901 737 2971 (51)
771 2902 838 2955 δι’
876 2897 951 2956 ὧν
983 2901 1339 2972 ὲλήλεγκταιο
1393 2901 1470 2964 ὡς
1517 2901 1575 2954 δὲ
1635 2901 1727 2953 καὶ
1782 2900 1892 2953 δια-

296 2991 544 3064 στρόφως
567 2992 666 3056 τὰς
694 2993 1131 3064 ὁμολογουμένας
1157 2993 1250 3045 καὶ
1286 2995 1477 3062 σαφεῖς
1502 2991 1743 3063 περὶτοῦ
1775 2993 1892 3044 Σωο

2591 2453 2707 2491 cras
2724 2435 2968 2490 Litteras.

2052 2530 2282 2603 Magnus
2307 2530 2428 2586 ideo
2464 2528 2810 2601 Evangelista
2844 2527 3102 2596 Joannes,
3133 2526 3442 2586 Servatoris
3476 2544 3572 2584 no-

1989 2622 2090 2677 stri
2137 2621 2500 2688 divinitatem,
2533 2627 2593 2675 ut
2625 2619 2930 2690 praefertur,
2965 2632 3068 2673 non
3126 2634 3232 2675 uno
3289 2619 3451 2676 modo
3475 2635 3574 2675 sn-

1992 2713 2280 2769 nuntiavit.
2331 2713 2614 2782 Quomodo
2648 2720 2829 2766 autem
2887 2709 3034 2766 illam
3087 2709 3370 2767 Marcellus
3407 2712 3574 2768 abne-

1991 2805 2169 2878 gando
2209 2806 2275 2860 ad
2321 2804 2604 2860 Judaicam
2639 2802 2921 2874 perﬁdiam
2968 2803 3166 2872 erupit,
3217 2803 3293 2860 ibi
3341 2805 3573 2860 manife-

1993 2905 2189 2950 statur.
2228 2896 2510 2963 Quomodo
2541 2908 2673 2950 vero
2725 2905 2980 2963 perverse
3017 2892 3405 2963 interpretatus
3429 2909 3575 2952 esset

1995 2995 2236 3056 apertam
2269 2997 2326 3042 et
2359 2986 2411 3040 in
2437 2984 2685 3041 confesso
2723 2983 2950 3054 positam
2977 2983 3042 3038 de
3069 2986 3256 3040 eodem
3287 2986 3574 3045 Servatore

293 3084 463 3156 τῆρος
481 3085 640 3156 ἡμῶν
671 3087 1068 3157 παρηρμήνευε
1093 3085 1463 3148 διδασκαλίας,
1496 3085 1688 3155 μάθοις
1708 3083 1774 3137 ἂν
1800 3087 1887 3139 καὶ

1997 3078 2292 3149 Scripturae
2329 3080 2656 3144 doctrinam,
2705 3094 2830 3135 cum
2855 3095 2887 3136 e
2919 3078 3103 3136 multis
3141 3080 3263 3138 aliis
3285 3082 3452 3153 ipsius
3487 3084 3571 3136 in-

291 3173 354 3246 ὲξ
383 3174 588 3246 ἐτέρων
621 3177 719 3247 μὲν
742 3177 1008 3229 πλείστων
1037 3177 1176 3229 ὅσων
1197 3176 1362 3230 αὐτοῦ
1396 3175 1724 3248 διηγήσεων,
1749 3176 1891 3250 ἀτὰρ

289 3267 359 3339 δὴ
415 3268 511 3320 καὶ
564 3269 630 3319 ὲκ
674 3269 775 3337 τῆς
833 3267 1005 3331 οὕτως
1047 3268 1279 3338 ἐχούσης
1309 3272 1367 3321 ἐν
1422 3273 1536 3333 τοῖς
1581 3269 1893 3339 Σολομῶνος

291 3358 642 3430 Παροιμίαις.
689 3357 981 3425 Εῐσάγεται
1008 3359 1042 3427 ἡ
1075 3357 1246 3424 Σοφία
1286 3357 1729 3428 αὐτοπροσώπως
1761 3359 1892 3430 περὶ

291 3450 493 3520 ἑαυτῆς
515 3448 686 3504 ταῦτα
706 3448 1086 3520 διεξερχομένη
1112 3447 1244 3519 (52)·
1273 3448 1420 3518 Ἐγὼ
1453 3449 1492 3516 ἡ
1528 3450 1718 3517 Σοφιά
1748 3466 1888 3502 κατ·

294 3539 622 3606 εσκήνωσα
647 3538 915 3607 βουλὴν,
947 3538 1046 3592 καὶ
1074 3536 1320 3608 γνῶσιν,
1366 3538 1463 3592 καὶ
1503 3539 1748 3592 ἔννοιαν
1776 3536 1891 3608 ἐγὼ

290 3631 779 3701 ἐπεκαλεσάμην.
809 3631 997 3697 Φόϐος
1021 3631 1241 3698 Κυρίου
1261 3632 1432 3700 μισεῖ
1449 3631 1686 3697 κακίαν,
1719 3631 1890 3699 ὕϐριν

293 3737 361 3774 τε
387 3722 487 3777 καὶ
515 3724 956 3792 ὑπερηφανίαν,
1003 3722 1101 3776 καὶ
1135 3723 1310 3786 ὀδοὺς
1343 3723 1642 3793 πονηρῶν,
1680 3723 1890 3793 ἐμίση-

291 3827 380 3867 σα
429 3812 500 3868 δέ
554 3813 670 3883 ἐγὼ
718 3813 1194 3884 διεστραμμένας
1247 3814 1427 3880 ὀδοὺς
1481 3814 1698 3868 κακῶν.
1749 3813 1887 3884 Ἐμὴ

285 3905 495 3974 βουλὴ
520 3905 620 3958 καὶ
643 3904 944 3974 ἀσφάλεια
962 3923 974 3935 ⁸
1002 3905 1115 3974 ἐμὴ
1145 3907 1417 3972 σύνεσις.
1448 3905 1561 3974 ἐμὴ
1596 3906 1664 3959 δὲ
1687 3907 1885 3976 ἰσχύς.

292 3994 375 4048 Δι’
400 3995 548 4064 ἐμοῦ
583 3994 869 4061 ,ϐασιλεῖς
895 3994 1323 4058 βασιλεύουσι,
1373 3994 1471 4046 καὶ
1513 3997 1565 4047 οἱ
1593 3987 1890 4048 δυνάσται

294 4086 594 4156 γράφουσι
619 4087 1030 4154 δικαιοσύνην.
1066 4089 1143 4140 Δι’
1167 4087 1315 4156 ἐμοῦ
1331 4085 1691 4158 μεγιστᾶνες
1711 4103 1890 4156 μεγα-

292 4177 604 4241 λύνονται,
644 4177 745 4233 καὶ
787 4179 1067 4246 τύραννοι
1112 4177 1186 4230 δι’
1233 4177 1378 4247 ἐμοῦ
1418 4175 1708 4244 κρατοῦσι
1750 4175 1884 4246 γῆς.

308 4265 458 4337 Ἐγὼ
501 4268 645 4336 τοὺς
677 4269 782 4339 ἐμὲ
819 4267 1150 4337 φιλοῦντας
1186 4268 1416 4338 ἀγαπῶ,
1468 4270 1522 4321 οί
1554 4268 1622 4321 δέ
1651 4267 1756 4336 ἐμὲ
1781 4267 1888 4334 ζη-

292 4355 545 4423 τοῦντες
568 4356 900 4427 εὑρήσουσι
930 4357 1124 4428 χάριν.
1153 4357 1426 4422 Πλοῦτος
1455 4356 1553 4410 καὶ
1578 4356 1728 4421 δόξα
1755 4357 1886 4425 ἐμοὶ

292 4446 571 4517 ὑπάρχει,
616 4449 714 4503 καὶ
769 4427 986 4518 κτῆσις
1039 4449 1306 4514 πολλῶν,
1356 4449 1453 4502 καὶ
1507 4450 1882 4520 δικαιοσύνη.
1917 4427 1962 4481 D

290 4536 547 4593 Βέλτιον
575 4539 679 4609 ἐμὲ
703 4538 1082 4608 καρπίζεσθαι
1115 4539 1268 4610 ὑπὲρ
1291 4541 1548 4610 χρυσίον
1582 4540 1680 4594 καὶ
1711 4543 1888 4596 λίθον

291 4630 510 4700 τίμιον,
535 4631 608 4685 τὰ
627 4631 696 4684 δὲ
709 4631 821 4701 ἐμὰ
839 4630 1176 4701 γεννήματα
1191 4632 1451 4700 κρείσσω
1470 4632 1754 4700 ἀργυρίου
1784 4634 1854 4687 ἐκ

289 4720 551 4776 λέκτου·
605 4721 676 4774 ἐν
726 4721 888 4788 όδοῖς
947 4721 1340 4790 δικαιοσύνης
1400 4720 1722 4792 περιπατῶ,
1785 4724 1884 4778 καὶ

290 4811 414 4865 ἀνὰ
439 4811 630 4880 μέσον
656 4812 770 4884 (55)
809 4811 966 4865 ὁδῶν
988 4811 1378 4880 δικαιώματος
1413 4814 1882 4884 ἀναστρέφομαι,

291 4903 398 4956 ἵνα
422 4905 648 4973 μερίσω
675 4903 800 4969 τοῖς
827 4903 931 4972 ἐμὲ
966 4901 1280 4972 ἀγαπῶσιν
1309 4902 1590 4972 ὕπαρξιν,
1621 4905 1721 4957 καὶ
1742 4905 1885 4972 τοὺς

291 4994 638 5062 θησαυροὺς
676 4993 874 5048 αὐτῶν
901 4993 1192 5064 ἐμπλήσω
1233 4994 1492 5064 ἀγαθῶν.
1540 4996 1674 5050 Ἐὰν
1700 4998 1884 5066 ἀναγ-

290 5086 474 5156 γείλω
501 5085 643 5155 ὑμῖν
662 5087 736 5140 τὰ
765 5087 891 5148 καθῗ
920 5085 1149 5155 ἡμέραν
1172 5085 1508 5154 γιγνόμενα,
1536 5090 1882 5158 μνημονεύ-

288 5191 386 5231 σω
435 5177 508 5232 τὰ
547 5177 618 5242 ἐξ
658 5177 872 5245 αἰῶνος
915 5176 1262 5247 ἀριθμῆσαι.
1317 5178 1534 5245 Κύριος
1575 5178 1779 5233 ἐκτισέ
1803 5199 1882 5250 με

287 5268 493 5338 ἀρχὴν
519 5267 676 5324 όδῶν
702 5269 891 5324 αὐτοῦ
921 5272 1009 5335 εἰς
1039 5270 1182 5339 ἔργα
1211 5268 1426 5323 αὐτοῦ’
1458 5268 1574 5338 πρὸ
1599 5269 1705 5324 τοῦ
1742 5272 1880 5326 αἰῶ-

370 5416 430 5474 ›Ῑ‹
463 5410 565 5466 Ed.
597 5409 794 5475 Paris.,
831 5425 954 5481 pag.
988 5411 1113 5466 M8.
1187 5413 1234 5445 ”
1267 5411 1428 5466 Prov.
1467 5427 1589 5478 vnt,
1612 5413 1799 5471 12-51.

365 5572 579 5645 (51)Δι’
736 5575 1044 5648 λέλεκται.
1097 5576 1152 5648 In
1203 5578 1371 5648 priori
1408 5578 1570 5634 libro.
1614 5581 1744 5648 Quae
1782 5597 1876 5638 se-

290 5656 537 5724 quuntur
560 5646 624 5699 ad
644 5647 789 5724 hunc
809 5646 1362 5724 librumjel'erujttnr,
1387 5646 1732 5724 cujus_veluti
1757 5655 1876 5724 epi-

291 5723 476 5790 tonth
509 5717 990 5790 Qmprebendnnt.
1006 5715 1087 5790 _M.
1111 5747 1181 5756 —
1208 5717 1328 5790 Mos
1346 5715 1507 5790 vulg'o
1525 5720 1652 5774 Σαλ.

365 5785 479 5867 (52)
505 5784 722 5867 τῇ
759 5785 966 5867 Σοφία.
1003 5784 1176 5867 Locus
1196 5798 1280 5842 est
1301 5784 1466 5867 ξεονξ
1490 5805 1613 5867 _vm,
1643 5790 1750 5858 12;
1781 5808 1870 5867 se-

288 5851 484 5928 quitur
504 5851 644 5910 LIX
665 5851 955 5917 Eusebius,
986 5869 1015 5910 a
1045 5857 1243 5925 quibus
1281 5857 1462 5914 didert
1489 5851 1866 5930 interpretatio

681 5947 966 6011 Pnnou
991 5950 1116 6012 .Gu.
1154 5951 1388 6014 XXIV.

1995 3171 2474 3240 terpretationibus
2512 3170 2704 3240 liquet,
2765 3181 2876 3227 tum
2909 3175 3180 3243 praecipue
3227 3187 3296 3227 ex
3351 3173 3465 3240 illa,
3504 3173 3573 3229 de

1989 3258 2303 3316 Proverbiis
2362 3259 2690 3327 Salomonis,
2743 3261 2834 3316 ubi
2883 3261 3245 3316 introducitur
3296 3262 3573 3334 Sapientia

1990 3353 2350 3421 personaliter
2373 3352 2438 3406 de
2467 3351 2646 3422 seipsa
2677 3352 2748 3405 ita
2779 3352 3058 3422 prolocuta
3077 3353 3123 3385 δ’
3156 3367 3172 3406 :
3200 3352 3315 3424 Ego
3346 3353 3573 3424 Sapie'n-

1991 3443 2068 3494 tia
2098 3441 2276 3495 habito
2301 3443 2358 3496 in
2390 3441 2632 3507 consilio,
2677 3453 2724 3497 et
2764 3443 2986 3498 eruditis
3011 3444 3264 3500 intersum
3293 3447 3569 3517 cogitatio-

1989 3533 2165 3591 nibus.
2221 3532 2403 3588 Timor
2434 3533 2644 3589 Domini
2692 3537 2802 3589 odit
2850 3536 3072 3603 malum,
3130 3539 3487 3607 arrogantiam
3518 3549 3570 3594 et

1988 3623 2309 3693 superbiam,
2348 3635 2396 3680 et
2422 3625 2562 3680 viam
2594 3642 2812 3694 pravam
2845 3643 2864 3681 :
2892 3636 2941 3680 et
2972 3644 3029 3682 os
3059 3627 3287 3699 bilingue
3317 3631 3566 3684 detestor.

1989 3714 2165 3770 Meum
2191 3729 2266 3770 est
2291 3718 2567 3771 consilium
2589 3726 2640 3771 et
2671 3719 2912 3786 aequitas,
2963 3735 3074 3774 mea
3097 3729 3173 3774 est
3194 3730 3240 3774 et
3267 3723 3566 3790 prudentia,

1991 3826 2108 3863 mea
2148 3821 2226 3863 est
2255 3811 2538 3878 fortitudo.
2565 3807 2672 3864 Per
2703 3825 2785 3864 me
2818 3826 2960 3884 reges
2983 3822 3226 3881 regnant,
3259 3823 3308 3868 et
3335 3814 3570 3867 condito-

1991 3915 2070 3953 res
2101 3901 2270 3971 legum
2310 3901 2463 3970 justa
2491 3901 2794 3956 decernunt.
2843 3899 2950 3958 Per
2976 3921 3058 3959 me
3109 3905 3367 3975 principes
3399 3905 3566 3974 impe-

1991 4003 2132 4059 rant,
2160 4004 2206 4046 et
2243 4003 2476 4061 potentes
2507 3995 2790 4048 decernunt
2829 3994 3117 4063 justitiam.
3153 3995 3265 4068 Ego
3294 3999 3567 4068 diligentes

1989 4098 2071 4136 me
2092 4083 2278 4154 diligo,
2307 4092 2359 4137 et
2389 4086 2480 4155 qui
2504 4097 2859 4156 quteruntme,
2903 4089 3159 4143 invenient
3180 4090 3426 4159 gratiam.
3451 4088 3568 4143 Me-

1990 4190 2106 4227 cum
2136 4185 2260 4230 sunt
2292 4177 2513 4242 divitiae,
2550 4189 2598 4233 et
2638 4179 2830 4250 gloria,
2858 4196 2976 4248 opes
3001 4179 3236 4248 superbae
3261 4191 3309 4235 et
3329 4182 3562 4252 justitia.

1992 4267 2182 4321 Melior
2213 4277 2289 4323 est
2327 4269 2532 4339 fructus
2570 4289 2715 4327 meus
2757 4289 2887 4328 auro
2923 4285 2972 4328 et
3007 4275 3180 4344 lapide
3216 4278 3440 4342 pretioso
3470 4291 3490 4328 .'
3514 4287 3565 4331 et

1988 4361 2254 4429 genimina
2281 4377 2392 4415 mea
2417 4375 2632 4434 argento
2660 4365 2840 4420 electo.
2879 4366 2944 4422 In
2969 4368 3062 4422 viis
3081 4367 3302 4435 justitite
3328 4369 3561 4442 ambulo.

1991 4448 2059 4504 In
2094 4452 2263 4505 medio
2298 4453 2606 4507 semitarum
2633 4447 2826 4523 judicii
2863 4474 3155 4523 conversor,
3188 4467 3246 4512 ut
3287 4460 3448 4513 ditem
3479 4461 3566 4513 di-

1986 4539 2202 4612 ligentes
2233 4560 2336 4612 me,
2383 4555 2432 4600 et
2472 4547 2745 4604 thesauros
2781 4566 2960 4604 eorum
2992 4550 3240 4620 repleam.
3268 4550 3328 4606 Si
3350 4569 3563 4606 annun-

1987 4639 2184 4691 tiavero
2209 4639 2374 4709 {vobis
2423 4657 2541 4710 qua:
2570 4658 2663 4711 per
2682 4643 2797 4698 dies
2851 4645 3191 4709 creabantur,
3247 4648 3565 4700 numeratim

1985 4731 2301 4784 recordabar
2351 4749 2534 4786 eorum
2565 4751 2684 4804 qua:
2728 4754 2760 4790 a
2784 4737 3000 4793 saeculo.
3037 4737 3293 4795 Dominus
3331 4743 3562 4812 possedit

1985 4835 2068 4874 me
2109 4831 2317 4876 mutum
2347 4825 2552 4880 viarum
2584 4842 2802 4881 suarum
2833 4831 2903 4882 ad
2945 4848 3102 4901 opera
3144 4849 3264 4899 sua,
3304 4845 3425 4888 ante
3455 4852 3560 4889 sa:-

1985 4912 2105 4964 cula
2137 4914 2380 4980 [uidebit
2409 4931 2528 4982 me;
2576 4919 2630 4973 in
2680 4921 2957 4989 principio,
3007 4923 3314 4993 priusquam
3362 4935 3559 4980 terram

1983 5004 2246 5056 conderet.
2279 5003 2532 5062 Nondum
2560 5020 2706 5064 erant
2740 5013 2938 5081 abyssi,
2976 5023 3026 5066 et
3055 5032 3146 5084 ego
3167 5016 3282 5084 jam
3307 5027 3558 5087 concepta

1984 5093 2063 5162 fui
2098 5110 2116 5147 :
2152 5097 2370 5150 necdum
2416 5098 2586 5167 fontes
2642 5118 2899 5171 aquarum
2956 5117 3233 5172 eruperant
3273 5125 3292 5161 :
3337 5111 3557 5163 necdum

1985 5198 2184 5242 montes
2240 5193 2385 5259 gravi
2430 5192 2564 5247 mole
2595 5197 2955 5254 constiterant.
2988 5199 3123 5254 Ante
3173 5201 3330 5255 colles
3379 5219 3557 5259 omnes

1981 5293 2076 5347 ego
2103 5281 2457 5346 parturiebar.
2503 5283 2760 5342 Dominus
2784 5288 2904 5358 fecit
2935 5291 3190 5361 regiones,
3217 5303 3264 5346 et
3285 5296 3560 5348 inhabita-

1986 5590 2378 5673 vttlgaris;_,pro
2410 5594 2626 5673 βουλήν,
2661 5595 3016 5673 Symmacltus
3047 5599 3284 5673 habebat
3309 5615 3552 5673 πανουρ-

1993 5660 2129 5728 (ia),
2160 5660 2299 5716 male
2327 5665 2377 5718 in
2410 5660 2534 5719 eod.
2561 5660 2753 5721 nostro
2781 5667 2993 5722 εὐνοίαν
3027 5678 3172 5726 esset
3202 5670 3432 5726 ὲννοίαν.
3453 5660 3523 5724 Μ.

1977 5732 2393 5871 le
2438 5734 2843 5851 Stxaubuatoc.
2898 5740 3003 5794 Alii
3043 5738 3246 5811 τρισῶν
3294 5740 3553 5812 ἀληθείας

3152 5971 3224 6035 31
