4082 6388
290 364 396 419 973

1307 367 1395 421 DE
1438 366 1976 423 ECCLESIASTICA
2020 368 2412 426 THEOLOGIA
2452 371 2581 428 LIB.
2625 372 2712 428 ΙΙΙ.

3461 379 3570 436 974

287 480 438 553 αὑτῷ
468 481 579 555 (61)
617 482 786 555 σοφὴν
814 481 925 548 ῑξιν
967 483 1259 537 ὑπολαϐεῖν
1293 483 1527 556 ἀδελφήν
1552 483 1661 536 τῶν
1694 484 1752 537 ἦν
1778 484 1862 537 ἀν¹

1980 484 2259 555 pientiam,
2284 500 2529 541 sororem
2559 486 2706 541 dicat
2735 486 3054 541 nominatim
3085 486 3327 541 habitum
3378 503 3567 548 eorum

288 572 529 647 θρώποις
563 575 971 647 κατορθούντων
997 576 1285 645 λέγεσθαις
1314 577 1376 629 ΕΞ
1402 576 1458 629 δὲ
1486 576 1578 628 ἐπὶ
1614 576 1706 629 τὸν
1742 576 1879 647 Χρι-

289 668 414 721 στὸν
446 667 543 721 τοῦ
572 667 707 721 Θεοῦ
744 668 997 731 ὲκλάὅοις
1036 670 1095 721 τὸ
1129 668 1440 740 εἰρημένον,
1487 668 1721 739 Χριστὸς
1773 667 1881 739 γὰρ

288 759 423 815 Θεοῦ
450 762 678 830 δύναμις
710 762 804 815 καὶ
846 760 981 814 Θεοῦ
1013 763 1180 830 Σοφία
1200 802 1213 823 ,
1250 762 1402 814 οὐδὲν
1444 760 1693 831 ἐμποδὼν
1730 760 1880 813 ἔσται

283 856 355 925 τῇ
404 853 642 925 διανοίᾳ,
685 854 809 907 ἐπεὶ
845 856 937 907 καὶ
976 854 1074 925 τὴν
1106 855 1242 926 πρὸς
1284 856 1430 925 ἡμᾶς
1459 854 1560 906 οὐκ
1600 854 1879 907 ἀναίνεται

289 946 630 1019 ἀδελφότητα
679 947 745 1001 δι’
778 948 1082 1019 ὑπερϐολὴν
1132 947 1566 1019 φιλανθρωπίας.
1627 949 1690 1001 Εἰ
1722 948 1778 1001 δὲ
1820 948 1879 1001 ἓν

287 1040 385 1097 καὶ
404 1039 598 1094 ταύτὸν
622 1034 689 1109 ἦν
722 1039 751 1091 ό
775 1038 930 1103 Θεὸς,
970 1041 1065 1093 καὶ
1103 1041 1136 1111 ή
1166 1042 1222 1093 ἐν
1244 1043 1363 1103 ταῖς
1393 1040 1724 1110 Παροιμίαις
1768 1040 1880 1093 εἰσ-

286 1131 531 1202 αγομένη
546 1132 717 1200 Σοφία
729 1131 840 1196 ἕξις
856 1128 989 1185 οὖσα
1013 1133 1150 1203 σοφὴ
1179 1133 1237 1185 ἐν
1267 1132 1414 1202 αὑτῷ
1440 1132 1724 1204 νοουμένη,
1746 1132 1880 1186 καθὸ

287 1218 453 1287 σοφὸς
481 1220 509 1271 ὁ
539 1219 691 1282 Θεὸς.
726 1220 780 1271 τί
805 1220 1042 1273 ἐκώλυεν
1072 1221 1191 1275 ἀντὶ
1235 1225 1335 1291 τῆς
1384 1221 1585 1289 Σοφίας
1629 1222 1719 1275 τὸν
1745 1221 1878 1275 Θεὸν

283 1310 720 1383 ἀναγεγράφθαι;
737 1310 879 1366 ὥστε
890 1313 971 1379 τὸ,
1004 1314 1065 1366 Ἠ
1078 1314 1267 1382 Σοφία
1287 1314 1674 1382 ᾠκοδόμησεν
1692 1314 1879 1384 ἑαυτῇ

283 1398 476 1468 οἷκον,
500 1403 598 1455 καὶ
630 1403 923 1471 ὑπήρεισε
951 1406 1219 1471 στύλους
1246 1404 1415 1470 ἑπτὰ,
1446 1409 1539 1459 καὶ
1569 1408 1635 1459 τά
1670 1407 1879 1472 τούτοις

285 1494 609 1567 συνημμένα
645 1497 894 1567 εἰρῆσθαι
928 1498 1049 1552 ἀντὶ
1077 1497 1193 1563 τοῦ,
1232 1498 1282 1550 Ὀ
1313 1499 1459 1563 Θεὸς
1487 1500 1878 1571 ᾠκοδόμησεν

278 1584 477 1652 ἐαυτῷ
491 1583 679 1655 οἷκον,
694 1590 789 1642 καὶ
811 1589 879 1643 τὰ
902 1589 1029 1660 ἑξῆς
1056 1606 1069 1620 ·
1095 1594 1193 1643 καὶ
1217 1590 1379 1644 πάλιν
1405 1592 1529 1645 ἀντὶ
1547 1593 1661 1646 τοῦ·
1684 1592 1876 1649 Εἶπον

280 1677 400 1747 τὴν
429 1680 658 1746 Σοφίαν
690 1679 816 1747 σὴν
844 1679 1126 1748 ἀδελφὴν
1154 1676 1339 1746 εἶναι,
1376 1680 1627 1753 λελέχθαι
1650 1725 1664 1748 ,
1686 1680 1876 1739 Εἶπον

279 1770 392 1823 τὸν
423 1770 575 1824 Θεὸν
605 1772 722 1824 σόν
747 1772 1019 1840 ἀδελφὸν
1049 1769 1223 1828 εἶναι.
1279 1773 1419 1825 Ἀλλ’
1467 1777 1601 1847 ὁρᾷς
1649 1776 1725 1840 ὡς
1775 1777 1872 1850 τὴν

1981 577 2071 646 qui
2127 577 2267 632 inter
2319 578 2569 634 homines
2642 589 2793 633 recta
2873 580 3209 649 operantur?
3243 578 3395 647 Quod
3426 583 3470 634 si
3502 584 3571 634 da

1980 669 2199 725 Christo
2232 670 2324 726 Dei
2367 672 2600 741 accipiat
2632 674 2755 741 quis
2798 671 2929 726 illud
2971 672 3173 726 dictum
3205 688 3370 727 :nam
3402 671 3567 727 Chri-

1980 771 2098 815 stus
2146 760 2240 815 Dei
2297 772 2535 828 potestas
2580 771 2665 816 est
2708 771 2763 815 et
2809 760 3108 832 Sapientia,
3161 761 3297 817 nihil
3342 762 3568 832 impedit

1984 853 2121 908 hanc
2166 854 2602 924 intelligentiam,
2648 854 3088 923 quandoquidem
3135 857 3204 909 ob
3237 856 3565 912 immensum

1980 962 2137 1000 suum
2175 948 2228 1001 in
2275 948 2573 1002 humanum
2619 964 2787 1017 genus
2836 962 3075 1003 amorem
3130 965 3236 1003 non
3296 952 3567 1005 recusavit

1979 1037 2122 1093 hanc
2171 1040 2592 1096 fraternitatem.
2642 1041 2793 1109 Quod
2843 1043 2887 1098 si
2935 1059 3097 1097 unum
3149 1053 3267 1097 erat
3309 1044 3563 1113 idemque

1982 1134 2146 1199 Deus,
2177 1145 2231 1189 et
2270 1151 2391 1204 qua:
2433 1139 2485 1190 in
2530 1136 2837 1192 Proverbiis
2870 1137 3232 1193 introducitur
3262 1137 3561 1207 Sapientia,

1979 1241 2101 1295 quae
2130 1230 2345 1299 sapiens
2375 1229 2595 1297 quidam
2643 1230 2863 1285 habitus
2892 1240 2975 1286 est
3006 1231 3060 1285 in
3099 1230 3189 1286 illo
3219 1230 3560 1294 intellectus,

1979 1320 2034 1372 in
2062 1330 2325 1388 quantum
2357 1321 2500 1377 Dens
2548 1322 2786 1390 sapiens,
2821 1323 2951 1392 quid
2982 1323 3234 1389 prohibet
3272 1325 3438 1379 Deum
3472 1323 3564 1379 hic

1976 1427 2075 1481 pro
2110 1411 2388 1483 Sapientia
2433 1415 2655 1470 rescribi
2686 1432 2700 1469 :
2733 1426 2790 1469 ut
2830 1417 2910 1472 sic
2952 1417 3041 1471 ubi
3090 1418 3291 1471 dictum
3321 1426 3427 1481 est,
3461 1415 3565 1470 Sa-

1976 1503 2174 1570 pientia
2202 1504 2481 1574 aediﬁcavit
2514 1506 2619 1559 sibi
2662 1507 2896 1571 domum,
2928 1518 2973 1559 et
3009 1508 3259 1560 solidnvit
3287 1508 3560 1560 columnas

1975 1605 2187 1664 septem,
2223 1607 2277 1650 et
2301 1613 2419 1666 qu:e
2441 1606 2763 1667 sequuntur,
2786 1599 2988 1652 dictum
3020 1599 3091 1651 sit
3119 1614 3237 1667 pro,
3267 1596 3404 1652 Deus
3430 1598 3563 1652 (Edi-

1975 1688 2149 1755 ﬁcavit
2194 1688 2292 1741 sibi
2319 1691 2712 1756 domum,etc.;
2750 1698 2805 1743 et
2836 1690 3028 1743 iterum
3062 1705 3157 1759 pro
3185 1705 3269 1753 eo,
3303 1690 3426 1743 Dixi
3452 1687 3560 1744 Sa-

1976 1780 2229 1848 pientiam
2250 1797 2482 1834 sororem
2511 1792 2680 1846 tuam,
2713 1782 2947 1842 dicatur,
2988 1782 3111 1835 Dixi
3147 1782 3311 1836 Deum
3338 1782 3559 1851 fratrem

277 1861 453 1933 ἀκοὴν
496 1862 721 1934 πλήττει
766 1866 799 1934 ή
839 1863 1062 1935 τοιαύτη
1099 1864 1273 1935 φωνὴ,
1318 1866 1417 1919 οὐκ
1456 1865 1656 1936 ἔχουσα
1701 1869 1862 1940 ἁρμο-

1975 1882 2141 1924 tuum.
2173 1872 2277 1926 Sed
2315 1882 2371 1925 ut
2401 1888 2561 1927 aures
2594 1873 2870 1942 percutiat
2900 1873 2998 1928 ista
3032 1873 3220 1936 dictio,
3254 1850 3404 1930 vides
3448 1884 3558 1929 tam

278 1954 421 2008 νίαν.
450 1956 513 2007 Εἰ
530 1955 577 2008 δ’
610 1956 703 2008 ἐπὶ
728 1956 820 2008 τὸν
848 1957 976 2010 Υἰὸν
1000 1958 1252 2021 ὲκλάϐοις
1274 1958 1341 2011 τά
1373 1958 1552 2028 λόγια,
1578 1960 1743 2024 αὐτὸς
1760 1961 1871 2033 γὰρ

277 2040 409 2117 ἧνή
446 2046 634 2116 Σοφία,
680 2048 858 2101 πάντα
894 2065 977 2101 σοι
1017 2048 1294 2119 εὑροήσει,
1326 2048 1553 2119 μηδενὸς
1578 2050 1871 2114 δυσσεϐοῦς

274 2140 550 2211 νοήματος
603 2139 854 2210 ἐμποδὼν
918 2141 1205 2211 ἱσταμένου
1228 2180 1243 2205 ,
1272 2142 1870 2213 συνεπιμαρτυροῦντος

274 2232 372 2286 τοῦ
411 2232 707 2287 ἀποστόλου
752 2232 988 2297 Παύλου,
1033 2233 1091 2296 ὃς
1137 2232 1229 2286 τὸν
1274 2235 1502 2305 Σωτῆρα
1534 2235 1628 2288 καὶ
1664 2236 1867 2308 Κύριον

274 2325 436 2396 ἡμῶν
477 2324 685 2394 Ἰησοῦν
712 2326 945 2397 Χριστὸν
978 2325 1206 2396 λαμπρᾷ
1227 2329 1295 2397 τῇ
1330 2328 1479 2397 φωνῇ
1513 2327 1712 2397 Σοφίαν
1733 2328 1869 2381 ὠνό-

276 2434 453 2487 μασεν
482 2416 670 2471 εἰπών·
699 2417 952 2485 Χριστὸς
980 2417 1126 2471 Θεοῦ
1161 2417 1415 2487 δύναμις
1446 2418 1545 2472 καὶ
1580 2419 1728 2473 Θεοῦ
1760 2424 1869 2475 Σο-

272 2509 404 2577 φία.
430 2508 647 2562 Τούτων
677 2502 782 2564 ὧδέ
832 2526 910 2579 πη
960 2510 1527 2580 κατασκευασμένων,
1573 2510 1866 2565 ἀκόλουθόν

272 2601 395 2655 ἐστι
418 2600 557 2671 μετά
579 2601 687 2654 τῶν
708 2601 1147 2672 προεκτεθέντων
1181 2602 1458 2665 ἁπάντων,
1486 2600 1547 2667 ἐξ
1578 2604 1742 2656 αὐτοῦ
1770 2604 1864 2657 τοῦ

275 2693 571 2766 προσώπου
599 2694 693 2747 καὶ
722 2693 802 2757 τὸ,
844 2695 1057 2763 Κύριος
1087 2694 1292 2748 ἐκτισέ
1338 2711 1414 2764 με
1456 2695 1657 2764 ἀρχὴν
1710 2694 1866 2749 όδῶν

272 2782 461 2839 αὐτοῦ
488 2786 575 2848 εἰς
599 2784 745 2854 ἔργα
776 2784 987 2847 αὐτοῦ,
1018 2783 1302 2853 λελέχθαι·
1348 2786 1398 2838 εί
1427 2785 1483 2838 δὲ
1517 2786 1662 2853 λέγοι
1716 2787 1865 2840 ὲκτί-

274 2874 400 2928 σθαι
446 2876 556 2944 (62)
599 2876 814 2940 ἑαυτὸν,
856 2877 957 2947 οὐχ
990 2877 1067 2941 ὼς
1114 2880 1179 2931 ὲκ
1220 2877 1315 2931 τοῦ
1370 2879 1444 2948 μὴ
1489 2878 1641 2941 ὄντος
1684 2882 1764 2943 εἰς
1804 2879 1867 2933 τὸ

272 2964 414 3022 εἶναι
461 2968 769 3041 παρελθὼν,
803 2969 948 3022 τοῦτ’
982 2970 1047 3024 ἂν
1079 2970 1244 3035 εἴποι,
1276 2972 1387 3023 οὐδ’
1414 2971 1489 3033 ὡς
1517 2972 1717 3043 ὁμοίως
1750 2976 1865 3037 τοῖς

267 3060 478 3125 λοιποῖς
512 3062 796 3133 κτίσμασι,
832 3063 926 3116 καὶ
970 3062 1133 3126 αὐτὸς
1168 3063 1233 3115 ὲκ
1271 3062 1366 3115 τοῦ
1414 3062 1489 3133 μὴ
1522 3064 1674 3126 ὄντος
1702 3080 1865 3133 γεγο-

1972 1960 2286 2032 incongrua.
2347 1961 2500 2028 Quod
2550 1963 2595 2016 si
2646 1963 2714 2017 de
2772 1962 2910 2017 Filio
2964 1963 3299 2033 Sapientiam
3351 1962 3559 2031 capias,

1970 2054 2150 2107 omnia
2187 2055 2323 2108 bene
2356 2054 2566 2127 ﬂuent:
2599 2068 2699 2109 nec
2729 2063 2985 2110 occurret
3010 2055 3103 2108 tibi
3138 2054 3433 2125 quidquam
3469 2051 3559 2107 hic

1972 2145 2283 2212 impietatis,
2316 2161 2439 2199 cum
2476 2147 2761 2216 perhibeat
2812 2146 2905 2201 tibi
2943 2146 3313 2201 testimonium
3362 2146 3559 2199 beatus

1970 2236 2166 2291 Paulus
2191 2237 2599 2307 apostolus,qui
2620 2238 2939 2307 pronuntiat
2960 2238 3106 2293 clare
3128 2237 3476 2291 Servatorem
3500 2244 3558 2290 et

1969 2325 2255 2381 Dominum
2286 2335 2529 2381 nostrum
2561 2325 2744 2381 Jesum
2771 2326 3051 2382 Christum
3095 2327 3187 2381 Dei
3219 2326 3557 2394 Sapientiam

1968 2420 2383 2485 nominandum,
2436 2420 2525 2474 ubi
2570 2420 2666 2485 ait,
2700 2419 2943 2475 Christus
2977 2419 3070 2472 Dei
3114 2419 3347 2489 potentia
3378 2428 3426 2471 et
3454 2416 3557 2471 Sa-

1965 2515 2166 2585 pientia
2187 2517 2253 2568 ".
2281 2513 2378 2569 llis
2404 2516 2471 2569 ad
2504 2516 2647 2570 hunc
2676 2514 2891 2568 modum
2925 2514 2995 2566 ita
3029 2512 3327 2582 apparatis,
3357 2512 3426 2566 ad
3458 2526 3553 2565 su-

1966 2599 2151 2677 perius
2177 2607 2448 2676 pr0posita
2486 2621 2823 2677 consequens
2863 2616 2944 2659 est
2987 2605 3107 2670 hoc,
3135 2604 3393 2658 Dominus
3422 2619 3552 2657 con-

1965 2697 2105 2751 didit
2138 2714 2218 2752 me
2238 2699 2556 2769 principium
2586 2700 2789 2753 viarum
2817 2714 3037 2750 suarum
3065 2698 3133 2752 ad
3157 2714 3315 2764 opera
3338 2696 3455 2766 ejus
3481 2696 3552 2762 ⁸³,

1967 2805 1999 2845 e
2054 2805 2287 2860 persona
2334 2789 2453 2859 ejus
2499 2791 2773 2860 usurpari.
2811 2790 2963 2857 Quod
2994 2791 3039 2846 si
3086 2790 3235 2843 dicat
3271 2791 3551 2845 conditum

1970 2882 2117 2936 illum
2146 2881 2333 2946 fuisse,
2363 2898 2468 2937 non
2499 2883 2570 2936 ita
2596 2883 2752 2948 dixit,
2776 2883 2931 2952 quasi
2964 2882 3123 2936 vellet
3149 2881 3400 2951 intelligi,
3426 2896 3550 2937 eut-

1965 2974 2035 3027 de
2067 2989 2175 3028 non
2207 2984 2335 3029 ente
2364 2975 2430 3029 ad
2459 2988 2579 3028 esse
2609 2975 2944 3043 processisse
2965 2993 2977 3029 :
2997 2989 3097 3028 nec
3126 2974 3290 3043 quod,
3323 2974 3392 3028 ad
3437 2988 3553 3027 mo-

1967 3064 2093 3119 dum
2133 3076 2508 3121 creaturarum
2541 3066 2897 3136 reliquarum,
2937 3068 3001 3121 de
3054 3082 3158 3121 non
3191 3076 3317 3121 ente
3347 3067 3551 3135 produv

269 3150 400 3215 νὼς,
486 3172 629 3216 τινες
657 3156 758 3208 οὑκ
781 3154 957 3226 ὀρθῶς
980 3154 1363 3225 ὑπειλήφασιν,
1384 3155 1496 3207 ἀλλ’
1519 3156 1590 3218 ὡς
1616 3155 1862 3224 ὑφεστὼς

1968 3157 2213 3222 cebatur,
2243 3158 2387 3225 quod
2423 3156 2669 3212 nonnulli
2708 3158 2889 3212 minus
2919 3172 3064 3212 reete
3096 3166 3220 3211 sunt
3252 3157 3503 3211 arbitrati
3535 3176 3551 3210 :

266 3245 376 3313 μὲν
420 3247 515 3297 καὶ
558 3245 688 3309 ζῶν,
735 3244 919 3314 προὼν
960 3262 1019 3296 τε
1064 3245 1159 3296 καὶ
1198 3248 1569 3317 προῦπάρχων
1617 3248 1720 3315 τῆς
1763 3246 1857 3299 τοῦ

1966 3246 2059 3298 sed
2092 3248 2234 3315 quod
2265 3247 2567 3302 subsistens
2615 3256 2672 3300 et
2709 3249 2919 3312 vivens,
2968 3250 3062 3303 sed
3106 3248 3249 3317 quod
3293 3251 3554 3316 prmexsi-

267 3335 476 3398 πάντος
505 3334 709 3405 κόσμου
748 3335 1081 3396 συστάσεως,
1112 3335 1299 3403 ἄρχειν
1333 3336 1389 3388 δὲ
1419 3337 1529 3389 τῶν
1572 3338 1709 3390 ὅλων
1753 3337 1859 3389 ὑπὸ

264 3427 479 3498 Κυρίου
495 3426 589 3480 τοῦ
618 3424 781 3481 αὑτοῦ
801 3427 1011 3497 Πατρὸς
1035 3428 1510 3498 κατατεταγμένος
1533 3445 1546 3457 ·
1566 3427 1683 3493 τοῦ,
1703 3429 1860 3481 ἔκτι-

262 3532 407 3585 σεν,
440 3520 674 3574 ἐνταῦθα
711 3520 831 3575 ἀντὶ
860 3519 977 3583 τοῦ,
1013 3519 1357 3584 κατέταξεν.
1395 3520 1428 3592 ἢ
1457 3520 1855 3588 κατέστησεν,

261 3613 583 3685 εἰρημένου.
617 3613 922 3684 Διαρῤήδην
937 3613 1066 3682 γοῦν
1089 3614 1213 3677 τοὺς
1239 3615 1297 3666 ὲν
1329 3613 1636 3685 ἀνθρώποις
1666 3614 1857 3686 ἄρχον-

261 3722 367 3770 ⁴τας
396 3707 490 3759 καὶ
519 3706 795 3778 ἡγεμόνας
827 3707 1003 3759 κτίσιν
1024 3706 1309 3775 ὠνόμασεν
1336 3708 1363 3759 ὁ
1393 3707 1562 3761 εἰπὼν
1598 3708 1857 3761 Ἀπόστο-

264 3802 379 3865 λος·
433 3798 799 3867 ’Υποτάγητε
845 3796 1014 3868 πάσῃ
1063 3798 1257 3852 κτίσει
1308 3799 1652 3868 ἀνθρωπίνῃ
1679 3839 1693 3863 ,
1757 3798 1857 3854 διὰ

264 3894 378 3951 τὸν
417 3893 667 3959 Κύριον·
708 3889 831 3944 εἶτε
853 3889 1131 3954 βασιλεῖ,
1179 3890 1259 3953 ὡς
1303 3888 1689 3959 ὑπερέχοντι·
1735 3889 1856 3943 εἴτε

263 3983 579 4052 ἡγεμόσιν,
607 3982 687 4046 ὼς
719 3979 795 4034 δι’
819 3980 1009 4034 αὑτοῦ
1033 3980 1458 4050 πεμπομένοις.
1484 3979 1592 4034 Καὶ
1617 3980 1647 4032 ὁ
1684 3977 1854 4032 εἰπὼν

264 4074 320 4127 δὲ
334 4074 642 4147 προφήτης,
671 4067 1008 4138 Ἓτοιμάζου
1028 4070 1137 4123 τοῦ
1152 4070 1566 4124 ἐπικαλεῖσθαι
1581 4067 1690 4123 τὸν
1706 4070 1854 4123 Θεόν

262 4177 382 4219 σου
434 4161 703 4231 Ἰσραήλ·
737 4160 889 4215 διότι
940 4160 1069 4216 ἰδοὺ
1104 4160 1368 4229 στερεῶν
1405 4162 1698 4229 βρόντην,
1748 4161 1848 4214 καὶ

260 4254 471 4316 κτίζων
498 4253 757 4323 πνεῦμα,
792 4253 890 4307 καὶ
944 4252 1335 4323 ἀναγγέλλων
1363 4256 1449 4319 εἰς
1500 4252 1852 4321 ἀνθρώπους

259 4348 371 4401 τὸν
396 4347 658 4415 Χριστὸν
697 4346 903 4400 αὑτοῦ.
936 4345 1047 4398 Καὶ
1076 4344 1158 4409 τὸ,
1194 4344 1491 4414 Γραφήτω
1533 4344 1645 4416 (65)
1694 4345 1849 4414 αὕτη

255 4442 348 4505 είς
384 4438 600 4508 γενεὰν
622 4437 853 4506 ἑτέραν,
881 4436 981 4491 καὶ
1009 4436 1161 4503 λαὸς
1191 4440 1223 4491 ό
1254 4436 1591 4505 κτιζόμενος
1619 4435 1850 4491 αἰνέσει

1965 3345 2138 3400 stens,
2168 3345 2222 3390 et
2254 3338 2695 3404 prmsubsistens,
2738 3348 2869 3392 ante
2902 3354 3119 3393 omnem
3152 3339 3335 3393 mundi
3362 3341 3552 3394 condi.-

1967 3425 2167 3480 tionetn
2197 3439 2313 3481 erat
2340 3445 2354 3481 :
2387 3435 2444 3492 >3
2474 3430 2730 3498 quodque
2762 3445 2792 3483 a
2835 3430 3061 3485 Domino
3089 3445 3188 3484 suo
3224 3431 3382 3485 Patre
3417 3446 3549 3486 con-

1962 3518 2184 3572 stitutus
2230 3529 2313 3573 est
2341 3520 2582 3574 omnium
2621 3521 2951 3585 dominator,
2984 3522 3161 3590 posito
3204 3522 3314 3587 illo,
3366 3526 3549 3580 condi.-

1963 3610 2059 3674 dit,
2118 3610 2223 3678 hoc
2274 3612 2327 3665 in
2378 3612 2516 3673 loco,
2565 3628 2663 3681 pro
2708 3614 3002 3679 constituit,
3036 3613 3127 3667 vel
3152 3613 3435 3669 ordinavit.
3463 3616 3550 3670 Di-

1961 3704 2124 3756 sertis
2150 3704 2327 3757 verbis
2356 3704 2628 3773 principes
2654 3714 2709 3758 et
2736 3707 2902 3760 duces
2926 3706 3069 3760 inter
3091 3706 3360 3769 homines,
3393 3723 3548 3763 crea-

1965 3803 2138 3848 turam
2171 3796 2462 3863 Apostolus
2502 3796 2827 3862 nominavit,
2858 3798 2946 3852 ubi
2972 3798 3087 3851 ait:
3118 3798 3355 3867 Subjecti
3383 3810 3546 3853 estote

1962 3884 2102 3937 omni
2138 3884 2385 3939 humanm
2427 3897 2686 3941 creaturae
2718 3897 2931 3957 prapter
2967 3886 3276 3954 Dominum,
3302 3891 3409 3943 sive
3438 3893 3549 3961 regi

1961 3984 2017 4027 ut
2047 3975 2343 4043 excellenti,
2367 3977 2473 4032 sive
2494 3980 2818 4049 principibus
2857 3990 2915 4033 ut
2951 3979 3015 4033 ab
3050 3979 3145 4033 illo
3174 3980 3349 4035 missis
3364 3980 3430 4035 ⁸⁸.
3478 3983 3547 4036 Et

1960 4068 2223 4136 propheta
2258 4070 2348 4138 qui
2383 4070 2520 4125 dixit
2550 4086 2564 4123 :
2596 4068 2939 4140 Praeparare,
2970 4081 3027 4124 ut
3059 4082 3266 4127 vocetur
3300 4088 3457 4142 super
3493 4079 3545 4127 te

1960 4157 2101 4212 Deus
2124 4159 2296 4215 Israel
2330 4177 2349 4215 :
2373 4172 2649 4231 propterea
2683 4179 2800 4217 ecce
2834 4162 3017 4232 ﬁrmat
3042 4164 3264 4227 tonitru,
3289 4174 3337 4216 et
3362 4163 3544 4219 condit

1958 4261 2155 4316 ventos,
2192 4260 2243 4305 et
2267 4254 2553 4321 annuntiat
2583 4256 2719 4308 inter
2755 4254 2993 4309 homines
3016 4254 3284 4309 Christum
3311 4257 3539 4310 suum”.

1961 4343 2026 4395 Et
2061 4344 2208 4406 illud,
2240 4345 2523 4399 Scribatur
2551 4346 2645 4400 illa
2679 4347 2735 4400 in
2764 4346 3158 4416 generationem
3199 4347 3449 4412 alteram,
3481 4357 3543 4403 ut

1957 4435 2180 4501 populus
2205 4437 2296 4506 qui
2312 4439 2559 4490 conditur
2576 4438 2749 4492 laudet
2767 4438 3121 4492 Dominum“.
3144 4438 3276 4492 Illud
3302 4439 3540 4498 condidit

256 4531 370 4586 τὸν
390 4532 628 4598 Κύριον·
648 4529 729 4593 τὸ,
753 4528 986 4593 κτίζων,
999 4530 1092 4584 ἐπὶ
1109 4527 1204 4582 τοῦ
1221 4528 1504 4597 γεγονότος
1524 4528 1582 4591 ἐξ
1599 4528 1844 4599 ἀνυπαρ-

1965 4541 2054 4593 pro
2086 4541 2151 4581 eo
2185 4530 2327 4597 quod
2368 4528 2470 4582 fuit
2497 4539 2772 4600 sumptum
2809 4539 2914 4596 est,
2939 4532 3063 4600 quia
3087 4531 3199 4599 jam
3246 4540 3373 4585 ante
3397 4541 3537 4586 erat.

257 4622 377 4687 ξίας
409 4623 762 4693 παρείληφεν.
785 4620 859 4673 Οὑ
876 4620 983 4691 γάρ
1017 4620 1138 4679 τότε
1160 4619 1374 4677 ἔκτισεν
1390 4621 1419 4675 ὁ
1439 4618 1571 4682 Θεὸς
1601 4619 1661 4673 τὸ
1684 4618 1847 4672 πνεῦ-

257 4731 360 4784 μα,
386 4714 473 4767 ὅτε
494 4712 585 4767 τὸν
605 4712 838 4783 Χριστὸν
869 4710 1034 4765 αὑτοῦ
1063 4712 1128 4764 δι’
1146 4709 1312 4765 αὑτοῦ
1344 4711 1508 4765 πᾶσιν
1538 4709 1844 4781 ἀνθρώποις

253 4802 647 4874 κατήγγειλεν·
676 4801 826 4855 οὐδὲν
876 4800 985 4872 γὰρ
1036 4801 1348 4871 πρόσφατον
1387 4800 1491 4855 ὑπὸ
1532 4800 1623 4853 τὸν
1672 4800 1842 4869 ἥλιον.

268 4896 409 4950 Ἀλλ’
424 4891 493 4966 ἦν
529 4895 650 4966 μὲν,
673 4895 768 4948 καὶ
787 4893 1163 4965 προῡπῆρχεν,
1185 4890 1545 4950 ἀπεστέλλετο
1566 4892 1620 4945 δὲ
1643 4892 1763 4945 καθ’
1781 4892 1842 4945 ὃν

251 4989 447 5060 καιρὸν
493 4983 633 5059 ἦσαν
674 4989 724 5039 οἱ
770 4984 1057 5042 ἀπόστολοι
1105 4983 1477 5054 συνηγμένοι·
1531 4985 1620 5037 ὅτε
1673 4983 1836 5053 δίκην

252 5080 506 5153 βροντῆς,
536 5080 749 5149 ἐγένετο
768 5074 899 5150 ἦχος
927 5080 990 5132 ὲκ
1017 5074 1109 5129 τοῦ
1136 5074 1366 5146 οὐρανοῦ
1383 5116 1399 5141 ,
1455 5074 1646 5146 ὥσπερ
1675 5092 1840 5146 φερο-

254 5172 426 5242 μένης
475 5173 643 5242 πνοῆς
697 5170 912 5240 βιαίας,
962 5166 1361 5239 ἐπληρώθησαν
1406 5184 1467 5219 τε
1519 5166 1839 5237 Πνεύματος

250 5262 409 5331 ἁγίου
426 5278 440 5293 ·
473 5262 568 5315 καὶ
595 5259 766 5323 οὕτως
791 5262 871 5323 είς
895 5259 1103 5322 πάντας
1130 5256 1451 5329 ἀνθρώπους
1477 5258 1569 5313 τὸν
1602 5259 1838 5331 Χριστὸν

245 5352 345 5408 τοῦ
375 5351 508 5405 Θεοῦ
535 5350 924 5423 κατήγγειλαν,
949 5349 1258 5414 ἀκολούθως
1290 5351 1356 5420 τῇ
1390 5349 1700 5423 προφητεία
1729 5365 1836 5418 φη-

314 5542 376 5601 ἦ(
410 5534 511 5590 Ed.
541 5532 747 5595 Paris.,
777 5547 899 5603 pag.
934 5532 1056 5587 151.
1134 5532 1180 5567 θ’
1213 5532 1234 5586 ι
1264 5532 1392 5588 (lor.
1418 5547 1457 5595 ι,
1493 5530 1584 5588 24.

242 5609 296 5644 ⁸⁸
325 5606 471 5661 Psal.
502 5620 577 5672 cr,
604 5606 689 5660 l9.
1355 5649 1371 5663 .

465 5788 637 5863 Yulgo
673 5788 886 5863 σοφίαν,
921 5787 1034 5855 ἴξιν
1060 5795 1113 5842 et
1147 5803 1271 5844 mox
1302 5785 1543 5844 ὲκλάδοιο

339 5858 433 5932 62)
468 5858 638 5932 Vulgo
664 5858 847 5916 αὐτόν.

1689 5530 1735 5563 ”
1748 5527 1908 5586 Prov.
1937 5547 2056 5598 vm,
2076 5530 2168 5593 23.

1951 4618 2138 4689 Neque
2165 4624 2310 4676 enim
2344 4634 2456 4678 tum
2486 4624 2727 4679 condidit
2751 4624 2892 4679 Deus
2916 4625 3187 4694 spiritum,
3220 4640 3346 4681 cum
3380 4624 3542 4684 Chrio-

1951 4723 2093 4767 stum
2128 4731 2284 4768 suum
2318 4731 2415 4785 per
2458 4716 2610 4770 illum
2662 4717 2930 4772 universis
2976 4718 3290 4774 hominibus
3327 4734 3541 4775 annuo-

1924 4806 2110 4859 .tiaret
2138 4822 2151 4860 :
2183 4807 2308 4874 quia
2349 4806 2480 4862 nihil
2526 4809 2648 4863 novi
2694 4818 2779 4863 est
2828 4809 2931 4864 sub
2983 4810 3097 4865 sole
3142 4811 3285 4865 :sed
3321 4820 3439 4865 erat
3483 4818 3539 4864 et

1950 4898 2243 4951 exsistebat
2274 4906 2439 4953 ante:
2470 4900 2788 4954 mittebatur
2823 4909 3005 4957 autem
3037 4916 3104 4958 eo
3135 4911 3377 4971 tempore
3410 4918 3535 4959 euut

1952 4986 2003 5040 in
2037 5002 2200 5041 unum
2231 4990 2542 5059 congregati
2585 4989 2816 5059 apostoli
2863 4999 3021 5045 erant
3049 5009 3061 5044 ι
3090 5006 3213 5045 cum
3257 4990 3323 5044 ad
3362 4991 3535 5046 instar

1951 5080 2186 5135 tonitrus
2222 5079 2396 5134 faetus
2432 5090 2513 5135 est
2558 5081 2773 5135 sonitus
2808 5081 2999 5152 ingens
3047 5083 3115 5136 de
3159 5080 3300 5136 caelo
3328 5099 3342 5135 :
3367 5082 3532 5139 veluti

1949 5170 2309 5226 descendente
2346 5173 2542 5241 Spiritu
2585 5172 3011 5238 vehementiore,
3065 5182 3121 5230 et
3166 5173 3360 5242 repleti
3404 5184 3535 5232 sunt

1949 5261 2156 5332 Spiritu
2182 5273 2391 5319 sancto.
2419 5264 2594 5335 Atque
2622 5265 2697 5319 ita
2715 5265 2992 5322 Christum
3022 5264 3254 5331 Domini,
3294 5267 3346 5321 in
3376 5281 3533 5322 munv

1948 5353 2076 5407 dum
2138 5355 2454 5410 universum
2526 5354 3155 5424 annuntiarunttjnxta
3213 5357 3531 5415 vaticinium

2284 5531 2530 5590 “lPetr.
2567 5533 2745 5599 ".15,
2788 5534 2873 5587 14.
2965 5534 3289 5601 ⁹⁸Ληισειν,
3322 5534 3527 5601 8,15.

2166 5783 2335 5857 Vulgo
2368 5786 2506 5858 αὐτή
2530 5826 2546 5852 ,
2573 5795 2625 5842 et
2657 5801 2780 5844 mox
2812 5785 3021 5855 αἱνήσε,
