4082 6406
537 425 639 482 979

1205 419 1477 480 EUSEBII
1515 413 1994 476 CESARIENSIS
2030 418 2180 474 OPP.
2223 414 2404 472 PARS
2443 414 2530 473 IV.
2573 451 2640 460 —
2682 415 3106 476 DOGMATICA.

3689 410 3799 476 980

539 545 978 616 possessionem,
1025 552 1082 596 et
1131 539 1516 609 pr0prictatem
1547 537 1878 608 peculiarem
1939 537 2096 606 possi-

2217 535 2619 606 παραλέλεκται
2685 538 2813 607 παρ’
2854 535 3147 607 Ἑϐραίοις,
3202 536 3338 607 ὅπερ
3391 532 3453 587 οὒ
3494 535 3670 587 κεῖται
3700 533 3794 584 ἐπὶ

539 639 735 693 dentis.
769 635 1020 704 Inquieus
1048 634 1168 687 ideo
1200 633 1294 688 Dei
1326 631 1532 698 Filius,
1573 630 1830 684 Dominus
1878 630 2111 684 condidit

538 747 620 784 me
649 728 962 796 principium
993 726 1201 780 uiarum
1231 741 1454 778 suarum
1488 724 1558 778 ad
1592 739 1749 792 opera
1788 737 1919 789 sua,
1950 725 2112 779 simul

537 829 594 874 et
620 819 740 890 ejus
769 819 972 872 indicat
1009 815 1506 886 praaexsisteutiam
1530 854 1546 880 ,
1595 827 1651 871 et
1689 817 2013 886 peculiarem
2045 817 2113 871 ad

536 909 754 968 Patrem
803 911 1231 982 pr0prietatem;
1279 923 1484 964 necnon
1536 908 1823 962 utilitatem
1856 913 1913 970 >14
1945 924 2110 977 quam

536 1009 761 1070 paterna
802 1001 919 1068 ejus
965 1015 1128 1070 opera
1161 1040 1175 1065 ,
1229 1000 1296 1054 de
1346 999 1490 1053 illius
1537 999 2008 1053 administratione
2056 1007 2112 1053 et

537 1095 876 1162 providentia
907 1103 1228 1164 perceptura
1263 1103 1421 1148 erant
1462 1110 1477 1148 :
1521 1093 1642 1147 inde
1671 1104 1722 1147 et
1759 1091 1942 1159 infert,
1975 1087 2110 1146 Ante

533 1183 727 1240 satcula
760 1185 997 1255 [undavit
1025 1203 1127 1240 me.
1164 1183 1231 1239 In
1266 1185 1526 1254 principio
1561 1187 1867 1254 priusquam
1913 1194 2108 1237 terram

533 1283 722 1351 faceret
746 1322 762 1347 ,
787 1291 1063 1350 antequam
1091 1279 1381 1346 prodierint
1415 1279 1586 1346 fontes
1604 1291 1904 1345 aquarum:
1933 1273 2110 1344 prius-

530 1391 688 1444 quam
722 1383 921 1426 montes
955 1368 1340 1432 stabilirentur,
1387 1378 1510 1421 ante
1533 1384 1710 1421 onmes
1751 1366 1908 1419 colles
1927 1365 2106 1434 genuit

531 1483 613 1519 me
648 1463 714 1518 “.
745 1463 950 1530 Quibus
974 1461 1204 1530 singulis
1233 1459 1568 1522 declaratur,
1611 1475 1775 1527 quam
1827 1458 1991 1511 fuerit
2021 1457 2107 1511 ille

477 1565 486 1570 ‘
531 1555 680 1609 utilis
723 1564 777 1609 et
823 1551 1160 1608 necessarius
1207 1565 1387 1604 rerqu
1422 1550 1762 1604 universitati
1801 1568 1815 1603 :
1851 1551 2106 1605 docetur-

528 1660 634 1714 que
661 1644 802 1715 quod
826 1650 1034 1706 eterat,
1061 1651 1114 1696 et
1135 1649 1261 1694 ante
1292 1644 1431 1703 era‘t,
1455 1649 1508 1694 et
1542 1651 1666 1694 ante
1696 1641 1952 1694 mundum
1982 1639 2100 1694 uui-

525 1747 745 1790 versum
785 1735 1135 1800 subsistebat,
1205 1743 1260 1790 et
1287 1734 1447 1790 rebus
1483 1735 1734 1789 omnibus
1759 1734 2103 1804 praesidebat.

525 1829 660 1882 Cum
712 1827 855 1882 enim
893 1827 945 1881 in
989 1827 1212 1881 historia
1250 1826 1546 1882 creationis
1568 1823 1745 1881 Moses
1775 1829 2103 1896 supercmle-

2213 631 2312 699 τῆς
2373 630 2743 701 προκειμένης
2793 629 3031 699 γραφῆς.
3090 627 3320 699 Πλείοτη
3381 627 3428 680 δ’
3474 625 3542 680 ἂν
3589 623 3801 692 γένοιτο

2212 720 2328 786 τοῦ,
2361 721 2703 787 ἕκτισεριαί
2732 719 2851 784 τοῦ,
2883 718 3201 784 ἐκτήσατο,
3231 719 3460 790 διαφορά
3483 717 3561 788 τῷ
3575 715 3675 787 τὴν
3699 715 3800 786 μὲν

2213 815 2388 869 κτίσιν
2408 814 2550 869 κατά
2573 815 2672 887 τὴν
2704 814 3017 884 κοινοτέραν
3041 813 3301 879 διάνοιαν,
3329 813 3426 883 τὴν
3453 812 3518 864 ὲκ
3563 809 3660 864 τοῦ
3719 809 3800 879 μὴ

2211 909 2361 970 bno;
2394 909 2475 970 εἰς
2505 907 2566 960 τὸ
2587 902 2726 959 εἶναι
2763 906 2993 978 πάροδον
3031 904 3315 974 σημαίνειν
3333 921 3346 934 ·
3373 902 3472 975 τὴν
3495 901 3553 954 δὲ
3579 901 3797 972 κτῆσιν,

2210 998 2304 1052 τοῦ
2334 998 2782 1070 προϋπάρχοντος
2829 997 3133 1061 ἰδιάζουσαν
3173 995 3480 1065 οἰκειότητα
3527 993 3665 1064 πρὸς
3701 991 3802 1045 τὸν
3875 1027 3877 1029 ι

2210 1088 2504 1161 κτώμενον.
2562 1089 2749 1157 Λέγων
2781 1089 2960 1142 τοίνυν
2992 1091 3019 1142 ὁ
3061 1088 3190 1150 Υἰδς
3223 1086 3316 1140 τοῦ
3348 1085 3483 1140 Θεοῦ
3535 1085 3618 1147 τὸ,
3671 1084 3798 1137 Κύ-

2203 1201 2333 1248 ριος
2359 1180 2560 1235 ἓκτισέ
2569 1199 2645 1250 με
2669 1182 2868 1251 ἀρχὴν
2895 1180 3051 1236 ὁδῶν
3071 1180 3259 1236 αὑτοῦ
3289 1183 3377 1246 είς
3411 1179 3555 1248 ἔργα
3580 1177 3799 1246 αὑτοῦ,

2207 1271 2342 1344 ὁμοῦ
2403 1276 2496 1326 καὶ
2561 1275 2660 1345 τὴν
2719 1275 3062 1346 προῦπαρξιν
3104 1271 3268 1326 αὑτοῦ
3317 1271 3500 1344 ὲδήλου
3561 1270 3654 1324 καὶ
3691 1269 3800 1341 τὴν

2211 1366 2516 1430 ἰδιάζουσαν
2552 1366 2689 1437 πρὸς
2744 1365 2835 1418 τὸν
2868 1365 3086 1436 Πατέρα
3129 1364 3434 1434 οἰκειότητα
3461 1405 3476 1427 ,
3520 1360 3657 1433 ὁμοῦ
3697 1361 3798 1415 καὶ

2205 1454 2267 1510 τὸ
2291 1458 2559 1528 χρήσιμον
2588 1457 2680 1508 καὶ
2709 1456 3001 1525 ἀναγκαῖον
3018 1457 3115 1526 τῆς
3146 1455 3372 1516 οἰκείας,
3400 1453 3526 1524 περί
3567 1450 3636 1504 τὰ
3686 1467 3800 1504 πα-

2206 1551 2357 1621 τρῷα
2390 1550 2548 1622 ἔργα,
2604 1549 2860 1621 προνοίας
2925 1566 2984 1601 τε
3016 1549 3109 1601 καί
3150 1547 3486 1618 διοικήσεως.
3539 1544 3631 1598 Διὸ
3664 1543 3797 1614 ἑξῆς

2206 1644 2420 1714 ἐπάγει,
2469 1642 2591 1711 Πρὸ
2617 1641 2724 1696 τοῦ
2747 1640 2964 1707 αἰῶνος
3000 1637 3358 1708 ἐθεμελίωσέ
3384 1654 3462 1707 με
3481 1654 3494 1666 ⁶
3529 1637 3599 1689 ἐν
3631 1633 3798 1718 ἀρχῇ

2207 1735 2320 1804 πρὸ
2357 1734 2463 1788 τοῦ
2489 1734 2603 1802 τὴν
2636 1731 2749 1802 γῆν
2775 1731 3042 1801 ποιῆσαι,
3066 1731 3177 1800 πρὸ
3203 1730 3308 1784 τοῦ
3337 1729 3651 1799 προελθεῖν
3683 1730 3798 1796 τὰς

2207 1827 2404 1898 πηγὰς
2452 1825 2569 1879 τῶν
2622 1821 2888 1880 ὑδάτων⁸
2946 1824 3059 1893 πρὸ
3119 1822 3226 1877 τοῦ
3275 1823 3381 1892 ὄρη
3403 1821 3794 1891 ἑδρασθῆναι,

525 1919 688 1973 stium
718 1929 775 1974 et
823 1921 1171 1976 invisibilium
1229 1929 1553 1989 potestatum
1610 1921 1940 1974 mentionem
1992 1936 2096 1974 non

2203 1919 2451 1989 rrpb(72)
2502 1918 2570 1971 δὲ
2620 1916 2864 1971 πάντων
2904 1915 3152 1981 βουνῶν
3207 1913 3392 1985 γεννᾷ
3426 1932 3531 1983 με·
3593 1914 3662 1966 δι’
3714 1907 3796 1968 ὧν

527 2013 750 2068 fecisset
769 2015 992 2068 omnino
1017 2013 1216 2078 ullam,
1245 2020 1466 2081 propter
1495 2011 1706 2065 illorum
1735 2010 2103 2080 imperfectio-

526 2118 647 2158 nem
677 2103 767 2172 qui
793 2104 1072 2157 erudiendi
1101 2113 1258 2157 erant
1287 2118 1382 2171 per
1413 2101 1559 2154 illum
1597 2118 1612 2155 :
1641 2114 1700 2154 at
1741 2101 1927 2156 mundi
1957 2102 2100 2155 invi-

523 2195 698 2251 sibilis
721 2197 1129 2265 productionem
1158 2195 1334 2250 obiret
1358 2205 1412 2249 et
1439 2188 1672 2262 quatuor
1701 2195 2098 2250 elementorum

523 2288 744 2342 fecisset
775 2287 827 2340 in
857 2287 1122 2356 principio
1154 2287 1486 2341 mentionem
1529 2287 1676 2348 coeli,
1709 2296 1888 2352 terra,
1920 2286 2100 2357 abyssi

520 2389 577 2434 et
607 2394 781 2448 aqua},
810 2379 1035 2434 istorum
1068 2378 1172 2433 duo
1199 2394 1227 2431 a
1258 2378 1366 2433 Deo
1395 2389 1576 2434 creata
1611 2379 1747 2432 dixit
1777 2398 1790 2434 :
1822 2395 1947 2433 nam
1999 2380 2098 2443 ait,

520 2474 585 2528 In
606 2473 861 2544 principio
880 2473 1070 2527 creavit
1111 2471 1249 2525 Deus
1285 2471 1472 2525 caelum
1494 2482 1540 2525 et
1570 2483 1766 2525 terram
1789 2474 1854 2525 η.
1892 2472 1958 2526 At
1993 2487 2097 2525 non

519 2567 584 2618 ad
629 2565 774 2619 hunc
819 2565 1034 2618 modum
1086 2563 1155 2618 de
1198 2579 1338 2633 aqua
1379 2574 1433 2618 et
1481 2565 1676 2634 abysso
1716 2565 1925 2620 locutus
1969 2576 2093 2622 est:

515 2655 671 2724 quasi
701 2665 755 2708 et
780 2653 868 2708 illa
897 2669 925 2708 a
971 2653 1081 2708 Deo
1106 2654 1364 2724 producta
1386 2656 1572 2708 ruisset
1610 2673 1623 2709 :
1655 2657 1748 2709 sed
1775 2657 2096 2726 simpliciter

517 2749 653 2803 dixit
681 2787 698 2811 ,
733 2745 799 2800 Et
837 2748 1063 2801 tenebras
1114 2757 1261 2798 erant
1295 2763 1452 2814 super
1484 2747 1727 2816 abyssum
1757 2787 1772 2810 ,
1799 2760 1846 2801 el
1878 2750 2096 2816 spiritus

513 2841 614 2895 Dei
657 2840 924 2909 ferebatur
961 2857 1118 2907 super
1153 2858 1320 2910 aquas
1359 2842 1423 2897 ".
1467 2839 1790 2894 Necessario
1832 2856 1927 2908 per
1955 2856 2096 2910 pra:-

513 2932 658 2986 dicta
691 2930 913 2995 docuit,
949 2941 1005 2984 ut
1032 2941 1086 2984 et
1112 2930 1281 2986 Filius
1325 2931 1416 2984 Dei
1441 2966 1457 2994 ,
1507 2933 1650 2999 quod
1693 2932 1880 3001 genita
1913 2944 2092 3000 erant,

512 3032 570 3077 vt
606 3025 750 3094 quod
782 3023 898 3093 ipse
916 3034 1041 3077 ante
1071 3023 1160 3077 illa
1196 3025 1376 3077 omnia
1399 3024 1502 3076 fuit
1531 3042 1544 3079 :
1574 3033 1625 3078 et
1653 3041 1746 3094 per
1781 3025 1951 3088 ipsum
1978 3042 2095 3081 om-

513 3115 605 3168 nia
656 3115 873 3170 condita
910 3125 1078 3168 sunt:
1113 3114 1235 3168 ideo
1279 3114 1353 3166 ait
1378 3155 1394 3178 ,
1441 3115 1578 3167 Ante
1619 3117 1814 3169 swcula
1857 3115 2093 3191 [undavit

512 3224 595 3261 me
619 3247 635 3269 .
688 3208 742 3260 in
787 3207 1048 3276 principio
1075 3246 1089 3269 ,
1123 3207 1428 3276 priusquam
1472 3217 1664 3259 terram
1708 3210 1948 3262 conderet
1983 3226 2002 3264 :
2042 3222 2090 3264 et

2205 2012 2460 2065 ἁπάντων
2483 2006 2544 2063 τὸ
2575 2010 2635 2074 ἐξ
2664 2009 2830 2062 αὑτοῦ
2871 2007 3146 2070 λυσιτελὲς
3197 2008 3291 2060 καὶ
3327 2008 3624 2074 ἀναγκαῖον
3677 2010 3795 2070 τοῖς

2203 2105 2368 2156 πᾶσιν
2396 2101 2758 2155 ὲνδείκνυταισ
2797 2101 2878 2154 ὄτι
2911 2118 2969 2154 τε
3010 2096 3098 2171 ἦν,
3131 2101 3226 2154 καὶ
3279 2100 3492 2172 προῆν,
3554 2101 3648 2152 καὶ
3692 2100 3792 2154 τοῦ

2203 2196 2517 2266 σύμπαντος
2577 2195 2781 2265 κόσμου
2845 2190 3167 2266 προῦπῆρχέ
3222 2210 3280 2246 τε
3346 2194 3440 2247 καὶ
3496 2194 3792 2264 καθηγεῖτο

2199 2289 2513 2357 ἀναγκαίως
2555 2287 2845 2341 διδάσκων.
2906 2287 3150 2351 Μωσέως
3175 2286 3306 2358 γάρ,
3357 2289 3414 2339 ὲν
3465 2287 3532 2359 τῇ
3584 2304 3790 2358 κοσμο-

2200 2381 2352 2453 ποιίᾳ
2382 2380 2492 2434 τῶν
2529 2381 2628 2452 μὲν
2655 2379 3042 2452 ὑπερκοσμίων
3095 2381 3189 2434 καὶ
3238 2378 3459 2448 ἀφανῶν
3505 2379 3789 2450 δυνάμεων

2202 2473 2472 2544 μηδεμίαν
2535 2473 2752 2543 μνήμην
2784 2471 3151 2542 πεποιημένου
3206 2472 3293 2525 διὰ
3350 2471 3411 2524 τὸ
3449 2463 3642 2535 ἀτελὲς
3680 2471 3790 2524 τῶν

2197 2563 2264 2616 δι’
2296 2562 2459 2616 αὑτοῦ
2493 2559 3060 2632 παιδαγωγουμένων,
3094 2561 3185 2615 τοῦ
3218 2561 3277 2614 δὲ
3335 2559 3534 2633 ὁρατοῦ
3578 2559 3785 2632 κόσμου

2197 2655 2294 2726 τὴν
2335 2654 2590 2709 σύστασιν
2619 2653 3018 2720 διεξελθόντος,
3054 2654 3328 2724 τεττάρων
3392 2670 3453 2706 τε
3504 2653 3785 2722 στοιχείων

2197 2752 2256 2802 ὲν
2289 2750 2431 2820 ἀρχῇ
2459 2747 2956 2819 μνημονεύσαντος,
2993 2744 3222 2818 ούρανοῦ
3247 2746 3338 2798 καί
3362 2746 3466 2817 γῆς
3500 2745 3594 2798 καὶ
3624 2744 3782 2798 ἀϐύσ-

2199 2861 2292 2896 σου
2320 2847 2413 2896 καὶ
2443 2844 2667 2908 ὓδατος,
2713 2844 2931 2899 καὶδύο
2989 2844 3085 2914 μὲν
3141 2843 3470 2914 πεποιῆσθαι
3536 2841 3641 2894 ὑπὸ
3687 2841 3778 2894 τοῦ

2196 2935 2332 2989 Θεοῦ
2363 2938 2474 3007 (75)
2500 2939 2804 3012 εἰρηκότος·
2823 2935 3092 3007 Ἐνάρχῇ
3125 2937 3253 3007 γὰρ,
3279 2937 3465 3006 φησὶν,
3497 2932 3781 3004 ἐποίησεν

2196 3031 2229 3081 ὀ
2249 3029 2388 3095 Θεὸς
2427 3029 2532 3082 τὸν
2561 3029 2824 3098 ori-pardis
2841 3029 2937 3082 καὶ
2962 3027 3075 3097 τὴν
3098 3027 3215 3096 γῆν
3233 3044 3246 3057 °
3276 3029 3374 3080 οὐκ
3405 3027 3485 3080 ἔτι
3511 3027 3567 3080 δὲ
3588 3027 3778 3098 ὁμοίως

2197 3120 2292 3172 καὶ
2317 3120 2410 3173 ἐπὶ
2428 3122 2521 3174 τοῦ
2554 3120 2743 3184 ὓδατος
2777 3119 2992 3189 καὶτῆς
3021 3119 3259 3172 ἀϐύσσου
3297 3115 3659 3189 μνησθέντος,
3702 3119 3774 3181 ὡς

2197 3210 2303 3281 ἄρα
2333 3211 2417 3280 εἴη
2449 3213 2542 3266 καὶ
2573 3213 2748 3266 ταῦτα
2767 3211 3022 3281 γεννητά,
3086 3210 3200 3264 ἀλλ’
3235 3210 3422 3273 ἀπλῶς
3481 3212 3768 3280 είρηκότοςδ

509 3301 815 3370 priusquam
834 3302 1047 3370 abyssas
1071 3299 1261 3362 faceret
1281 3315 1298 3352 :
1311 3300 1618 3368 priusquam
1641 3303 1956 3356 scaturirent
1970 3303 2096 3370 [on-

2199 3305 2306 3359 Καὶ
2331 3306 2550 3369 σκότος
2576 3303 2776 3357 ἐπάνω
2800 3303 2908 3372 τῆς
2927 3304 3226 3367 ἀϐύσσου,
3251 3303 3351 3356 καί
3381 3304 3617 3373 πνεῦμα
3637 3302 3772 3357 Θεοῦ

506 3397 585 3445 ιιι
602 3392 927 3458 aquarum“.
947 3390 1174 3445 Istorum
1193 3391 1376 3457 trium,
1398 3400 1572 3452 terrae,
1591 3393 1791 3462 abyssi,
1807 3408 2090 3464 aquarum,

513 3482 654 3536 facta
670 3482 962 3548 mentione,
977 3492 1226 3551 quartum
1245 3493 1299 3536 et
1313 3483 1655 3551 praestantius
1672 3484 1738 3537 ad
1761 3497 2090 3551 postremum

513 3575 689 3628 locum
712 3575 1034 3640 reservavit,
1068 3573 1260 3630 cmlum
1295 3589 1505 3645 nempe,
1541 3575 1680 3629 unde
1710 3575 1788 3630 ait
1813 3577 2089 3647 deinceps,

509 3665 732 3730 Quando
766 3666 986 3733 parabat
1024 3665 1198 3729 caelos,
1233 3668 1447 3720 aderam
1479 3684 1581 3720 una
1617 3684 1734 3721 cum
1760 3686 1818 3723 eo
1853 3670 1940 3724 ¹³“.

2196 3395 2513 3464 ἐπεφέρετο
2543 3393 2742 3448 ἐπάνω
2776 3394 2879 3448 τοῦ
2910 3393 3160 3459 ὕδατος,
3194 3393 3507 3461 ἀναγκαίως
3560 3393 3647 3447 διά
3671 3391 3776 3444 τῶν

2199 3488 2574 3558 προκειμένων
2618 3487 2860 3541 διδάσκει
2906 3488 2999 3540 καὶ
3047 3488 3174 3558 περὶ
3232 3487 3411 3540 αὐτῶν
3457 3491 3484 3540 ὁ
3525 3488 3649 3550 Υἱὸς
3679 3484 3770 3538 τοῦ

2195 3578 2352 3642 Θεοῦ,
2385 3580 2465 3632 ὅτι
2502 3595 2561 3631 τε
2589 3578 2822 3648 γεννητὰ
2855 3578 2963 3648 εἴη,
2986 3581 3080 3632 καὶ
3109 3579 3185 3642 ὡς
3219 3580 3382 3644 αὐτὸς
3425 3581 3527 3650 πρὸ
3556 3580 3771 3633 πάντων

2196 3671 2304 3742 εἴη,
2330 3672 2423 3724 καὶ
2449 3671 2514 3724 δι’
2549 3671 2716 3724 αὐτοῦ
2738 3673 2806 3726 τὰ
2833 3671 3012 3725 πάντα
3046 3672 3329 3752 πεποίητο.
3357 3673 3445 3726 Διό
3470 3690 3621 3743 φησι,
3652 3669 3772 3740 Πρὸ

508 3761 614 3812 τοῦ
645 3757 860 3824 αἰῶνος
893 3758 1252 3827 ἐθεμελίωσέ
1283 3775 1380 3826 με·
1412 3758 1483 3811 ἐν
1519 3758 1678 3828 ἀρχῇ
1716 3759 1830 3828 πρὸ
1880 3763 1986 3814 τοῦ
2046 3761 2161 3832 τὴν
2197 3763 2313 3831 γῆν
2334 3761 2581 3832 ποιῆσαι
2601 3781 2614 3794 ο
2642 3765 2738 3817 καὶ
2769 3765 2882 3833 πρὸ
2908 3765 3014 3820 τοῦ
3047 3769 3151 3832 τὰς
3180 3767 3488 3832 ἀϐύσσους
3505 3767 3775 3835 ποιῆσαι·

503 3849 617 3919 πρὸ
635 3849 742 3904 τοῦ
771 3849 1086 3920 προελθεῖν
1115 3851 1222 3916 τὰς
1247 3850 1448 3920 πηγὰς
1485 3850 1603 3904 τῶν
1636 3851 1889 3906 ὑδάτων.
1922 3854 2103 3924 Τριῶν
2149 3856 2204 3908 δὲ
2253 3855 2458 3908 τούτων
2478 3856 2878 3928 μνημονεύσας,
2905 3857 3011 3926 γῆς
3041 3859 3135 3910 καὶ
3175 3857 3415 3911 ἀϐύσσου
3445 3858 3537 3912 καὶ
3565 3858 3785 3923 ὓδατος,

502 3945 566 4000 ὼ
595 3945 856 4018 τέταρτον
889 3945 1082 4014 ἐπάγει
1103 3944 1434 4012 τελευταῖον,
1466 3945 1530 3998 τὸ
1573 3949 1818 4018 κρεῖττον
1847 3948 2086 4017 φυλάξας
2115 3950 2205 4005 τὸν
2253 3953 2500 4024 οὐρανόν.
2528 3953 2620 4006 Διὸ
2650 3953 2901 4026 ἐπιφέρει
2938 3955 3085 4024 ἑξῆς,
3133 3955 3342 4009 Ἠνίκα
3371 3955 3643 4023 ἡτοίμαζε
3672 3957 3782 4010 τὸν

503 4043 784 4108 οὐρανὸν,
811 4041 1218 4111 συμπαρήμην
1239 4043 1419 4110 αὐτῷ.

572 4132 704 4198 Quae
730 4146 856 4186 cum
889 4144 994 4186 tam
1023 4135 1303 4190 evidenter
1330 4136 1384 4190 in
1414 4135 1614 4190 divinis
1647 4135 1944 4208 Scripturis
1963 4157 2090 4211 pro-

507 4234 818 4292 ponantur,
858 4234 912 4280 et
943 4227 1090 4279 brevi
1149 4227 1383 4296 quadam
1434 4229 1598 4283 veluti
1656 4246 1750 4297 per
1793 4232 2089 4299 epitomen,

507 4317 853 4372 enarratione
883 4318 990 4371 sint
1029 4335 1058 4371 a
1110 4321 1265 4374 nobis
1293 4325 1536 4390 exposita
1570 4361 1585 4386 ,
1642 4323 1926 4378 audiamus
1953 4341 2091 4394 quo-

507 4412 668 4466 modo
697 4409 982 4466 Marcellus
1011 4454 1024 4476 ,
1053 4411 1260 4480 deiecta
1294 4413 1346 4466 in
1381 4414 1603 4468 lnnnum
1644 4414 2091 4484 interpretatione

506 4519 626 4567 sua,
666 4505 781 4558 haec
821 4503 1002 4558 omnia
1031 4512 1088 4559 et
1117 4504 1330 4574 singula
1359 4505 1424 4559 de
1473 4516 1727 4573 suscepta
1759 4521 1922 4560 carne
1955 4521 2087 4561 coa-

505 4595 675 4648 teudit
701 4595 971 4663 usurpari.
1001 4595 1074 4648 Ita
1103 4596 1245 4651 enim
1265 4596 1457 4650 scribit
1493 4595 1582 4668 [Β.
1603 4597 1765 4659 XVII,
1793 4596 1923 4651 coll.
1945 4613 1997 4666 p.
2018 4598 2089 4653 45

508 4684 573 4758 D]
597 4701 611 4737 :
649 4705 667 4736 ι
695 4686 804 4742 IIoc
839 4685 1086 4741 atl'buuc
1113 4690 1326 4742 modum
1354 4689 1556 4758 posito,
1574 4700 2008 4757 consequensest
2031 4697 2088 4742 ut

510 4799 530 4827 ι
561 4781 969 4833 considereums
992 4778 1335 4835 Prnverbiale
1355 4781 1482 4834 illud
1499 4791 1678 4850 caput,
1700 4779 1951 4834 Dominus
1970 4797 2089 4833 con-

499 4874 528 4919 ‘c
565 4871 698 4922 didit
724 4886 804 4922 me
843 4871 1158 4939 principium
1185 4873 1389 4926 uiarum
1411 4873 1546 4941 ejus.
1573 4871 1710 4926 Vere
1735 4873 1877 4926 enim
1907 4873 2089 4926 curuli-

510 4983 529 5012 ο
561 4963 662 5025 dit,
689 4962 941 5031 quiquod
969 4978 1074 5014 non
1093 4963 1381 5028 eratfccit,
1414 4963 1678 5017 Dominus
1707 4973 1892 5016 noster
1921 4962 2080 5016 Deus.

510 5075 526 5103 ι
559 5054 789 5108 Carnem
807 5053 950 5106 enim
976 5067 1136 5122 quam
1155 5057 1446 5123 assumpsit
1471 5056 1722 5120 Verbum,
1741 5070 1862 5107 cum
1884 5070 1986 5106 non
2007 5068 2087 5105 es-

507 5166 523 5194 ο
566 5157 670 5211 set,
701 5143 962 5199 condidit.
1001 5164 1018 5195 ι
1040 5145 1106 5197 Ει
1134 5147 1435 5198 subnectit:
1471 5165 1489 5196 r
1518 5144 1682 5214 Igitur
1705 5145 1758 5197 in
1790 5144 2086 5198 umissimo

508 5255 525 5285 ι
566 5237 798 5291 maxime
813 5248 1076 5304 tempore,
1096 5237 1224 5290 licet
1241 5237 1345 5291 hoc
1365 5254 1558 5291 novum
1583 5237 1898 5307 mysterium
1925 5252 2082 5290 reve-

508 5346 526 5378 ι
563 5327 776 5380 labatur
819 5344 832 5380 :
884 5339 941 5380 ut
983 5329 1042 5389 ὥ
1082 5325 1153 5380 ob
1197 5325 1248 5380 id
1293 5327 1464 5395 ipsum
1498 5344 1601 5380 non
1640 5327 1910 5381 immerito
1947 5341 2084 5394 prue-

2262 4141 2478 4196 Τούτων
2531 4141 2710 4196 τοίνυν
2769 4141 2874 4194 ὑπὸ
2942 4141 3040 4211 τῆς
3073 4141 3222 4204 θείας
3274 4142 3498 4214 Γραφῆς
3536 4144 3789 4214 ἐναργῶς.

2193 4232 2636 4303 παρισταμένων,
2675 4232 2932 4303 βραχείας
2965 4248 3024 4283 τε
3055 4233 3184 4302 παρ’
3217 4233 3394 4302 ἡμῶν,
3431 4233 3506 4295 ὼς
3552 4233 3612 4284 ὲν
3665 4236 3783 4286 ὲπι-

2190 4327 2353 4394 τομῇ.
2401 4323 2701 4393 διηγήσεως
2744 4323 3152 4392 τετυχηκότων,
3187 4323 3581 4394 ἐπακούσωμεν
3631 4325 3780 4389 ὅπως

2190 4416 2526 4486 Μάρκελλος,
2563 4417 2737 4486 χαμαὶ
2763 4416 2939 4486 βαλὼν
2969 4416 3066 4487 τὴν
3093 4415 3331 4469 διάνοιαν
3353 4455 3367 4479 ,
3396 4415 3570 4469 ταῦτα
3602 4418 3782 4470 πάντα

2189 4507 2577 4578 διῖσχυρίζεται
2615 4509 2742 4579 περί
2772 4508 2870 4578 τῆς
2908 4507 3110 4580 σαρκὸς
3139 4508 3424 4578 εἰρῆσθαι,
3458 4504 3526 4580 ἦς
3559 4510 3781 4581 ἀνείλη-

2191 4616 2290 4666 φεν
2319 4599 2346 4650 ὁ
2376 4599 2564 4670 Σωτὴρ
2589 4640 2603 4662 ,
2627 4599 2852 4670 γράφων
2886 4599 3026 4652 κατὰ
3050 4598 3193 4666 λέξιν
3227 4599 3414 4652 τοῦτον
3433 4601 3524 4652 τὸν
3553 4603 3777 4672 τρόπον·

2195 4712 2213 4741 ι
2245 4691 2446 4744 Τούτου
2480 4691 2656 4744 τοίνυν
2684 4691 2855 4754 οὕτως
2879 4691 3093 4762 ἔχοντος
3113 4731 3128 4754 ,
3162 4691 3454 4746 ἀκόλουθόν
3494 4696 3615 4748 ἐστι
3660 4712 3781 4749 σκο-

2194 4802 2212 4832 ‹
2251 4784 2372 4834 πεῖν
2396 4785 2463 4852 τῇ
2482 4781 2687 4853 διανοίᾳ
2741 4782 2800 4834 τὸ
2853 4782 3236 4852 παροιμιωδῶς
3282 4784 3594 4852 εἰρημένον,
3632 4786 3782 4839 τουτὶ

2194 4873 2548 4948 (κεφάλαιον,
2577 4875 2790 4942 Κύριος
2834 4873 3038 4927 ἐκτισέ
3056 4891 3131 4942 με
3161 4873 3356 4942 ἀρχὴν
3371 4873 3527 4928 ὁδῶν
3565 4877 3780 4930 αὐτοῦ.

2195 4981 2211 5012 t
2237 4963 2453 5014 Ἔκτισε
2477 4963 2584 5034 γὰρ
2616 4963 2830 5032 ἀληθῶς
2858 4963 2918 5015 τὸ
2948 4964 3020 5034 μὴ
3039 4964 3096 5016 ὃν
3125 4963 3784 5035 πεποιηκὼςὸΔεσπὸτης

2193 5072 2212 5103 ε
2241 5052 2399 5124 ἡμῶν
2429 5055 2456 5106 ὁ
2499 5055 2650 5118 Θεύς.
2687 5056 2800 5108 Οὐκ
2829 5049 2996 5108 οὖσαν
3021 5055 3131 5125 γάρ
3163 5055 3261 5124 τὴν
3293 5054 3493 5125 σάρκα.
3527 5054 3599 5124 ἣν
3632 5056 3783 5108 ἀνεί-

2192 5162 2210 5194 ι
2249 5144 2416 5214 ληφεν
2453 5142 2481 5194 ὁ
2509 5144 2701 5212 Λόγος,
2722 5143 2855 5196 ἀλλὰ
2886 5143 2960 5214 μὴ
2992 5140 3157 5198 οὖσαν
3179 5144 3381 5197 ἔκτισε.
3415 5163 3435 5196 ι
3457 5145 3568 5197 Καὶ
3600 5145 3786 5198 ὲπιλέ-

2186 5252 2272 5302 γει
2293 5253 2305 5266 ο
2338 5254 2355 5286 t
2394 5235 2603 5290 υύκοῦν
2633 5237 2682 5288 εἰ
2715 5239 2810 5290 καὶ
2840 5237 2909 5290 τὰ
2961 5236 3198 5306 μάλιστα
3251 5239 3339 5291 ἐπ’
3367 5237 3617 5307 ἐσχάτων
3677 5238 3788 5292 τῶν

2192 5345 2210 5379 ι
2251 5327 2458 5398 καιρῶν
2483 5328 2633 5381 τουτὶ
2661 5329 2846 5380 καινὸν
2891 5328 3144 5398 ἀπεφάνη
3198 5330 3530 5399 μυστήριονο
3571 5328 3655 5391 ὡς
3698 5329 3790 5381 διὰ

508 5439 524 5466 ι
565 5420 736 5474 visum
769 5423 1032 5488 propheta
1059 5418 1278 5483 dixerit,
1307 5421 1441 5474 Ante
1470 5422 1664 5474 sarcula
1691 5421 1934 5489 {undavit
1972 5435 2076 5484 me,

2199 5439 2210 5470 ι
2255 5419 2413 5472 τοῦτο
2449 5421 2552 5490 πρὸ
2584 5419 2678 5473 τοῦ
2707 5421 2903 5483 αἰῶνος
2935 5421 3126 5481 τούτου
3171 5420 3510 5492 προωρίσθαι
3549 5421 3788 5483 εἰκότως

575 5601 634 5659 ἧς
661 5597 782 5668 Ed,
801 5597 997 5668 Paris,
1023 5613 1144 5668 pag.
1179 5597 1300 5665 15.1,
1334 5597 1457 5653 155.

531 5667 574 5696 ⁸·
603 5667 732 5720 inid.
765 5665 855 5719 27.

573 5852 688 5921 (τε)
719 5853 884 5922 Vulgo
909 5869 1018 5908 om.
1045 5853 1123 5906 δέ.

1560 5601 1600 5631 ὀ
1636 5597 1797 5654 Prov.
1828 5614 1943 5665 \‘Ill,
1980 5598 2072 5664 25,
2108 5600 2196 5654 25.

2297 5598 2334 5630 “
2378 5598 2514 5651 Gen.
2552 5613 2594 5660 t,
2629 5597 2676 5650 I.
2776 5598 2817 5626 "
2845 5597 2973 5650 ibid.
3001 5597 3056 5650 2.
3163 5596 3381 5653 "Prov.
3410 5612 3527 5659 vni,
3551 5599 3649 5652 ‘23.
3688 5600 3787 5654 τι.

2262 5851 2370 5923 (75)
2402 5850 2566 5922 Vulgo
2597 5848 2873 5923 εἰρηκότα.
2909 5881 2974 5892 --
2999 5851 3124 5908 Cor.
3150 5852 3254 5906 iam
3287 5849 3358 5907 Μ.
