4082 6526
395 406 492 461 981
574 424 579 427 ‘

1348 408 1434 462 DE
1475 401 2015 463 ECtZLESlASTiCA
2054 400 2469 457 THEOLOGIA
2506 399 2632 456 LIB.
2675 399 2775 456 111⁵.-

3562 401 3672 458 98%

398 539 415 571 ι
450 523 477 574 6
498 522 785 592 προφήτης
810 519 936 591 ἔφη,
958 521 1076 591 Πρὸ
1110 522 1215 575 τοῦ
1248 520 1462 587 αίῶνος
1486 518 1842 591 ἐθεμελίωσέ
1886 532 1953 586 με

2060 570 2061 573 η
2096 535 2113 565 ι
2150 530 2366 571 carnem
2390 530 2583 586 nempe
2618 516 2944 586 intelligens.
2968 534 2985 567 τ
3021 514 3083 569 Et
3121 515 3283 571 infert
3306 516 3500 571 iterum
3522 536 3533 571 :
3557 538 3574 568 ι
3598 518 3677 573 1η·

395 632 414 665 ι
455 612 696 683 δηλονότι
715 614 811 685 τὴν
833 614 1029 685 σάρκα.
1045 631 1067 667 s
1083 614 1194 667 Kal.
1208 610 1362 679 αὖθις
1376 614 1573 683 ἐπάγει
1589 612 1781 681 λέγων·
1813 629 1831 662 ι
1845 604 1978 666 Εἶτα

394 723 414 756 t
449 703 621 774 ἐντῇ
646 703 823 775 ἀρχῇ,
855 706 1010 776 φησὶ,
1051 706 1165 774 πρὸ
1213 706 1321 760 τοῦ
1371 704 1487 774 τὴν
1532 704 1651 777 γῆν
1706 702 1983 772 naniam.

394 816 413 847 ι
443 795 552 867 Γῆν
583 797 740 850 ποίαν
766 814 780 863 ;
808 796 1035 868 ταύτην,
1058 798 1321 868 δηλονότι,
1347 798 1444 870 τὴν
1466 799 1744 871 ἡμετέραν
1774 800 1972 871 σάρκα,

393 904 413 937 t
444 886 541 957 τὴν
575 887 712 957 μετὰ
738 888 836 959 τὴν
866 888 1149 960 παρακοὴν
1174 888 1279 959 γῆν
1316 887 1472 953 αὖθις
1510 889 1831 960 γενομένην.
1880 888 1973 959 Γῆ

392 997 412 1030 ι
448 979 558 1048 γὰρ
588 974 664 1043 εἴ,
698 980 833 1051 φησὶ
860 1019 874 1044 ,
927 979 1026 1033 καὶ
1064 982 1151 1046 εἰς
1206 980 1323 1050 γῆν
1368 983 1700 1050 ἀπελεύσῃ.
1735 1002 1754 1034 τ
1810 984 1973 1052 Ὁρᾷς

384 1072 508 1125 ὅσον
541 1071 829 1144 διήμαρτε,
861 1074 959 1144 τῆς
995 1074 1091 1144 μὲν
1121 1074 1335 1139 εὐθείας
1367 1076 1682 1148 ἐκτραπεὶς,
1715 1078 1973 1148 τραχεῖαν

384 1165 444 1218 δὲ
465 1167 560 1218 καὶ
590 1164 986 1229 δύσϐατον,καὶ
1018 1166 1208 1238 ὥσπερ
1261 1167 1383 1221 τινὰ
1438 1167 1755 1240 ἀνεξίτητον
1792 1168 1972 1239 ἐαυτῷ

383 1257 714 1328 περινοήσας
745 1258 881 1312 όδόν.
911 1258 1018 1313 Θέα
1049 1259 1202 1327 γοῦν,
1240 1261 1389 1324 ὅπως
1432 1260 1749 1325 ἐξεόιάσατο
1794 1262 1972 1315 πάντα

384 1350 589 1421 μᾶλλον
629 1351 986 1422 ἀναίσχυντον
1016 1353 1112 1406 καλ⁵
1150 1352 1339 1424 ἀναιδῆ
1372 1353 1529 1422 λόγον
1579 1354 1691 1425 (74)
1741 1354 1973 1424 φθεγγόο

384 1460 564 1515 μενος,
590 1445 623 1514 ἢ
648 1445 744 1517 τὴν
767 1445 965 1514 Σοφίαν
1002 1444 1164 1500 αὐτὸν
1199 1441 1339 1498 εἶναι
1382 1446 1474 1499 τὸν
1505 1445 1633 1499 Υίὸν
1678 1446 1774 1499 τοῦ
1834 1447 1969 1500 Θεοῦ

377 1535 681 1607 ὁμολογεῖν.
730 1536 803 1589 Τὸ
845 1537 945 1607 μὲν
975 1533 1091 1601 οὖν,
1140 1538 1357 1607 Κύριος
1411 1536 1614 1591 ἔκτισε
1652 1555 1730 1607 με
1772 1538 1971 1608 ἀρχὴν

375 1626 535 1681 ὁδῶν
558 1629 744 1683 αὑτοῦ
779 1632 867 1694 είς
898 1632 1042 1699 ἔργα
1072 1630 1260 1684 αὐτοῦ
1288 1628 1366 1699 τῷ
1399 1629 1511 1701 (75)
1536 1671 1550 1694 ,
1590 1630 1682 1684 τοῦ
1719 1631 1969 1703 Σωτῆρος

374 1720 637 1791 ἀναφέρει
651 1720 947 1792 προσώπῳ,
965 1720 1240 1792 ὁμολογῶν
1270 1722 1432 1775 αὐτὸν
1451 1717 1590 1776 εἶναι
1623 1722 1714 1775 τὸν
1740 1723 1798 1775 ἐν
1816 1723 1967 1790 Παρ-

371 1813 581 1882 οιμίαις
625 1814 798 1868 ταῦτα
836 1816 1131 1884 φάσκοντα.
1166 1816 1328 1883 Λέγει
1361 1814 1406 1867 δ’
1436 1810 1529 1869 οὖν
1568 1816 1751 1879 αὐτοῖς
1786 1817 1967 1886 ῥήμα-

2086 626 2105 659 ι
2138 608 2419 677 principio,
2444 608 2640 676 inquit.
2674 608 2982 677 priusquam
3017 616 3213 662 terram
3237 608 3501 663 conderet.
3534 607 3668 662 Ter-

2085 714 2103 748 τ
2142 712 2255 751 ram
2287 697 2628 766 quatnnam?
2661 707 2901 752 nostram
2955 698 3207 751 nimirum
3236 713 3456 752 carnem
3485 737 3502 762 ,
3542 712 3669 766 qua:

2085 806 2103 839 ι
2146 798 2266 857 post
2315 788 2815 858 transgressionem
2873 797 3015 843 terra
3065 789 3280 843 demum
3338 788 3483 843 facta
3540 788 3662 843 fuit.

2086 900 2102 930 ι
2150 878 2294 932 Ναττι
2322 889 2463 932 terra
2498 896 2570 943 es,
2605 881 2821 948 inquit,
2857 890 2904 932 et
2941 880 2995 933 in
3049 889 3242 932 terram
3272 880 3600 934 revertere“.
3637 898 3656 930 τ

2083 974 2243 1028 Vides
2306 982 2565 1042 quantum
2619 972 2709 1026 ille
2743 973 3018 1027 aberravit
3049 988 3077 1026 a
3124 980 3270 1026 recta
3310 971 3394 1025 via
3448 972 3666 1037 devius,

2078 1066 2216 1119 viam
2279 1065 2381 1120 sibi
2429 1065 2793 1120 adinveniens
2837 1081 3123 1134 asperam,
3169 1064 3654 1134 impermeabilem,

2078 1156 2368 1213 dilliculter
2390 1157 2802 1213 transeundam.
2839 1156 2972 1212 Vide
3005 1174 3135 1229 ergo
3163 1158 3396 1228 qualiter
3426 1158 3517 1214 ille
3554 1159 3659 1214 im-

2077 1249 2344 1320 pudenter
2387 1250 2567 1305 omnia
2601 1260 2655 1305 et
2703 1250 2987 1321 proﬂigato
3022 1252 3225 1322 pudore
3271 1252 3448 1319 potius
3475 1252 3656 1322 eloqui

2076 1344 2290 1408 maluit,
2327 1360 2490 1411 quam
2527 1344 2617 1413 qui
2646 1344 2741 1399 Dei
2778 1344 3055 1413 Sapientia
3096 1352 3212 1410 est,
3248 1354 3305 1398 ut
3330 1343 3525 1398 Filium
3562 1359 3653 1399 ve-

2075 1437 2133 1490 lit
2164 1438 2433 1492 conliteri.
2459 1437 2593 1491 Illud
2618 1452 2746 1508 ergo
2767 1476 2783 1501 ,
2814 1437 3065 1491 Dominus
3108 1438 3303 1492 creavit
3330 1455 3412 1492 τττε
3452 1440 3654 1507 princi-

2070 1533 2215 1601 pium
2237 1533 2438 1588 viarum
2464 1550 2704 1599 suarum,
2734 1536 2803 1586 ad
2830 1550 2987 1601 Opera
3012 1550 3132 1600 sua,
3154 1536 3218 1588 ad
3250 1549 3534 1605 personam
3564 1549 3652 1589 re-

2075 1626 2198 1679 tulit
2226 1627 2559 1693 Servatoris,
2600 1626 2888 1683 confessus
2937 1627 3086 1683 illum
3117 1629 3365 1683 eumdem
3389 1644 3528 1695 esse,
3557 1631 3651 1699 qui

2073 1719 2126 1772 in
2157 1718 2467 1773 Proverbiis
2499 1719 2611 1773 haec
2638 1719 2922 1789 profatur;
2950 1721 3023 1773 ait
3047 1720 3209 1789 igitur
3242 1720 3393 1775 hisce
3425 1719 3648 1775 totidem

2072 1809 2253 1865 verbis
2304 1810 2393 1881 [Ιί.
2442 1808 2580 1881 XI]:
2637 1829 2655 1860 ι
2706 1812 2971 1876 Quocirca
3030 1828 3152 1865 cum
3209 1821 3419 1867 vetusta
3467 1813 3651 1868 omnia

373 1920 457 1957 σιν
477 1920 490 1935 ·
532 1925 550 1955 ι
578 1904 787 1958 Οὐκοῦν
812 1906 1038 1970 είκότως
1074 1905 1181 1961 τῶν
1214 1906 1459 1979 ἀρχαίων
1490 1906 1953 1978 παρεληλυθότων,

2073 1921 2090 1953 ι
2135 1902 2589 1971 ρτωιειίιιιλυτ·ἱιιι
2618 1945 2632 1969 ,
2673 1905 2849 1957 futura
2881 1914 3060 1958 autem
3104 1916 3288 1960 essent
3320 1907 3502 1961 omnia
3548 1921 3649 1962 no.

376 2013 395 2045 ι
438 1996 639 2049 καινῶν
666 1996 723 2049 δὲ
752 1996 972 2051 ἔσεσθαι
1002 1998 1304 2069 μελλόντων
1333 1998 1590 2053 ἁπάντων
1615 1999 1704 2053 διὰ
1734 2000 1834 2071 τῆς
1865 1999 1959 2053 τοῦ

375 2104 395 2137 ι
428 2087 678 2158 Σωτῆρος
732 2088 893 2159 ἡμῶν
933 2091 1277 2161 καινότητος,
1329 2095 1358 2146 6
1410 2093 1676 2165 δεσπότης
1726 2094 1884 2165 ἡμῶν
1930 2097 1959 2148 6

372 2195 393 2227 τ
427 2179 662 2248 Χριστὸς
715 2180 803 2233 διὰ
852 2180 945 2234 τοῦ
1000 2183 1283 2254 προφήτου
1340 2184 1469 2237 ἐϐόα
1516 2184 1711 2253 λέγων,
1739 2187 1959 2254 Κύριος

245 2282 259 2292 ’
371 2289 392 2321 ι
426 2270 629 2325 ἔκτισὲ
646 2290 722 2341 με
747 2272 945 2343 ἀρχὴν
973 2274 1131 2328 ὁδῶν
1160 2275 1369 2329 αὐτοῦ.
1420 2296 1437 2327 τ
1481 2276 1651 2331 Τοῦτο
1691 2276 1736 2330 δ’
1787 2277 1957 2331 εἰπὼν

365 2363 459 2415 ἐπὶ
480 2365 580 2435 τὴν
627 2364 808 2437 σάρκα
830 2364 924 2419 τοῦ
976 2367 1227 2439 Σωτῆρος
1279 2367 1436 2437 ἡμῶν
1492 2368 1823 2423 καταϐάλλει
1856 2370 1955 2441 τὴν

361 2453 600 2509 διάνοιαν
620 2496 634 2520 ,
677 2456 805 2527 ἑξῆς
834 2457 1103 2527 ἐπιλέγων
1128 2476 1141 2489 ο
1184 2479 1201 2511 t
1236 2460 1459 2513 Ἔκτισε
1479 2460 1585 2533 γὰρ
1622 2461 1859 2533 ἀληθῶς,
1892 2462 1954 2515 τὸ

367 2563 387 2596 τ
421 2547 495 2617 μὴ
528 2546 589 2600 ὃν
636 2549 976 2621 πεποιηκὼς,
1003 2553 1032 2604 6
1060 2552 1340 2623 Δεσπότης
1387 2553 1547 2625 ἡμῶν
1590 2557 1618 2608 6
1652 2554 1804 2617 Θεός.
1839 2556 1954 2609 Οὐκ

365 2653 385 2686 t
422 2632 587 2690 οὖσαν
614 2638 722 2711 γὰρ
745 2640 844 2711 τὴν
873 2641 1052 2714 σάρκα
1070 2684 1084 2709 ,
1120 2644 1190 2715 ἦν
1220 2645 1511 2717 ἀνείληφεν
1537 2647 1566 2699 6
1585 2646 1777 2714 Λόγος,
1814 2646 1953 2701 ἀλλὰ

365 2744 385 2780 t
428 2730 503 2801 μὴ
538 2727 704 2786 οὖσαν
732 2732 945 2788 ἔκτισεν
971 2738 1144 2810 ἀρχὴν
1178 2736 1332 2811 [τῶν]
1364 2739 1499 2793 ὁδῶν
1540 2739 1726 2794 αὑτοῦ.
1771 2760 1790 2793 τ
1840 2742 1950 2795 Καὶ

355 2822 420 2878 οὐ
448 2827 694 2898 συνίησιν
725 2831 754 2883 6
793 2834 1059 2899 γενναῖος,
1085 2834 1162 2897 ὡς
1191 2834 1289 2905 μία
1328 2851 1414 2898 τις
1446 2834 1715 2907 ἐκφρασις
1746 2838 1842 2891 καὶ
1892 2836 1951 2889 ἓν

361 2919 651 2990 πρόσωπον
689 2924 949 2995 τυγχάνει
974 2925 1035 2979 τὸ
1070 2928 1271 2998 φῆσαν,
1306 2928 1455 2996 Ἐγὼ
1479 2931 1518 2998 ἡ
1544 2931 1754 2999 Σοφία,
1811 2947 1951 2985 κατ-

355 3014 681 3083 εσκήνωσα
729 3017 978 3087 ,ϐουλὴν
1008 3062 1023 3085 ,
1073 3022 1166 3074 καὶ
1210 3021 1302 3085 τὸ,
1356 3023 1573 3089 Κύριος
1617 3022 1822 3077 ἔκτισέ
1848 3041 1945 3093 με.

359 3105 524 3159 Ὥστε
554 3104 655 3179 (εὖ)
690 3110 783 3162 ἐπὶ
816 3109 914 3183 τὴν
946 3112 1125 3182 σάρκα
1144 3113 1397 3182 ἁνάγοιτο
1431 3113 1658 3186 θάτερον
1682 3156 1696 3179 ,
1732 3116 1945 3189 ἀνάγκη

2074 2015 2092 2047 ι
2131 2012 2218 2061 va,
2251 2012 2348 2067 per
2375 2007 2430 2051 ct
2462 2010 2685 2067 propter
2730 1998 3067 2051 nobilitatem
3101 1995 3409 2052 Servatoris
3455 1998 3649 2062 nostri,

2069 2108 2086 2139 ι
2132 2088 2393 2143 Dominus
2426 2101 2613 2143 noster
2662 2090 2915 2146 Christus
2944 2106 3041 2160 per
3074 2092 3392 2161 pr0pbetam
3443 2092 3651 2161 procla-

2068 2198 2085 2229 ι
2126 2190 2262 2244 mat,
2309 2179 2584 2249 inquiens,
2608 2181 2881 2259 Dominus
2929 2184 3169 2237 condidit
3198 2200 3279 2238 me
3325 2185 3649 2253 principium

2067 2290 2085 2324 ι
2127 2274 2329 2326 viarum
2356 2290 2595 2328 suarum.
2631 2294 2647 2325 τ
2684 2275 2807 2329 llaec
2835 2275 3152 2345 prolocutus
3180 2276 3247 2331 ad
3279 2290 3497 2331 carnem
3520 2278 3650 2332 Ser-

2060 2368 2287 2426 vatoris.
2324 2367 2714 2437 cogitationem
2748 2384 2902 2424 suam
2936 2369 3117 2437 dejicit
3146 2410 3162 2433 ,
3205 2370 3257 2423 in
3291 2370 3647 2439 sequentibus

2058 2456 2345 2523 inquiens:
2380 2474 2399 2507 ι
2440 2454 2574 2510 Vere
2629 2458 2771 2511 enim
2800 2456 3041 2510 condidit
3066 2457 3157 2525 qui
3188 2473 3291 2510 non
3321 2471 3416 2511 ens
3436 2458 3645 2511 creavit

2062 2565 2079 2598 ι
2109 2547 2368 2602 Dominus
2398 2560 2582 2602 noster
2602 2547 2911 2602 Dens.Nam
2929 2564 3150 2603 carnem
3170 2564 3272 2603 non
3288 2548 3638 2603 exsistentem

2060 2656 2077 2689 ι
2104 2639 2344 2708 suscepit
2387 2649 2628 2693 nostram
2654 2641 2910 2705 Verbum,
2930 2650 3121 2695 etcum
3143 2641 3461 2707 susciperet,
3487 2644 3640 2708 prin-

2062 2733 2301 2802 «cipiunt
2353 2734 2556 2788 viarum
2596 2751 2815 2788 suarum
2849 2734 2999 2788 fecit.
3041 2752 3060 2785 τ
3094 2732 3207 2789 Nec
3260 2734 3511 2804 intelligit
3556 2735 3641 2787 vir

2053 2824 2323 2895 optimus,
2353 2826 2499 2894 quod
2542 2836 2597 2881 et
2652 2827 2812 2881 unica
2844 2825 3011 2881 dictio
3055 2835 3111 2880 et
3160 2841 3391 2897 persona
3421 2842 3639 2898 quoque

2053 2919 2211 2973 unica
2247 2917 2339 2982 sit,
2370 2920 2460 2988 qui
2489 2920 2644 2983 dixit,
2680 2917 2793 2988 Ego
2831 2918 3103 2988 Sapientia
3133 2918 3412 2972 consilium
3440 2920 3640 2985 consti-

2053 3013 2129 3065 tui
2166 3010 2232 3075 ",
2275 3020 2347 3076 et,
2381 3011 2637 3067 Dominus
2691 3012 2925 3065 condidit
2958 3027 3038 3065 me
3064 3010 3129 3067 ¹⁸.
3154 3010 3394 3076 Quorum
3428 3019 3639 3064 utrum-

2050 3119 2155 3174 que
2188 3104 2273 3159 vel
2320 3105 2638 3158 utrnmlibet
2682 3106 2748 3158 dt:
2771 3118 2935 3158 carne
2970 3103 3341 3172 praedicatur:
3381 3102 3522 3173 quod
3557 3104 3636 3158 sic

355 3198 548 3253 καὶτὸ
582 3199 803 3271 ἕτερον’
851 3204 945 3255 καὶ⁸
995 3206 1029 3274 ἡ
1076 3204 1243 3273 Σοφία
1280 3205 1433 3259 ἔσται
1480 3205 1613 3277 ήτὰ
1662 3208 1948 3279 ἀμφότερα

2060 3197 2209 3264 plane
2261 3206 2549 3267 utrumque
2578 3207 2633 3251 et
2685 3198 2959 3267 Sapientia
2996 3197 3122 3260 erit,
3164 3212 3286 3266 qua:
3320 3205 3375 3252 et
3410 3197 3517 3252 boc
3546 3197 3633 3249 di-

352 3288 604 3357 λέγουσα.
642 3292 705 3343 Εἰ
734 3291 791 3344 δὲ
835 3295 868 3363 ἡ
910 3294 1048 3364 σὰρξ
1092 3295 1240 3363 λέγει
1297 3296 1439 3350 κατὰ
1492 3297 1811 3369 Μάρκελλον
1862 3299 1943 3362 τὸ,

351 3377 570 3445 Κύριος
592 3380 796 3433 ἕκτισέ
820 3397 899 3450 με
928 3382 1129 3449 ἀρχὴν
1158 3382 1323 3455 [τῶν]
1351 3384 1506 3438 ὁδῶν
1546 3387 1764 3452 αὐτοῦ,
1805 3388 1941 3456 αὕτη

351 3469 419 3524 ἂν
443 3473 526 3541 εἴη
556 3475 589 3543 ή
653 3473 852 3543 Σοφία·
887 3475 982 3528 καὶ
1035 3474 1187 3529 ἔσται
1219 3479 1252 3548 ἡ
1287 3476 1422 3551 σὰρξ
1462 3481 1494 3550 ὴ
1523 3480 1825 3548 φάσκουσα,
1863 3483 1941 3533 Δι’

347 3564 495 3633 ἐμοῦ
510 3565 796 3632 ,βασιλεῖς
839 3566 1268 3636 βασιλεύουσι,
1326 3571 1425 3624 καὶ
1464 3570 1538 3625 δι’
1593 3571 1740 3642 ἐμοῦ
1779 3589 1942 3643 μεγι-

347 3651 574 3721 στᾶνες
593 3656 1051 3725 μεγαλύνονται.
1088 3659 1213 3724 Πῶς
1251 3660 1296 3713 δ’
1327 3660 1394 3716 ἂν
1436 3661 1581 3716 εἴποι
1612 3665 1647 3735 ἡ
1697 3663 1832 3735 σὰρξ
1856 3665 1937 3731 τὸ,

345 3747 759 3815 Μνημονεύσω
796 3750 869 3803 τὰ
893 3749 962 3815 ἐξ
989 3750 1206 3818 αἰῶνος
1234 3754 1597 3824 ἀριθμῆσαι;
1634 3751 1715 3821 οἷς
1742 3759 1938 3827 ἐπάγει

346 3838 429 3899 τὸ.
463 3841 681 3909 Κύριος
721 3842 924 3897 ἐκτισέ
969 3860 1049 3913 με
1109 3846 1309 3916 ἀρχῷ·
1339 3846 1504 3922 [τῶν]
1537 3850 1695 3905 ὁδῶν
1726 3857 1932 3911 αὐτοῦ.

348 3932 474 3985 Ὅδε
508 3934 603 3986 καὶ
633 3934 776 3998 τίνες
801 3937 854 3989 αἱ
879 3936 989 3989 ὁδοὶ
1022 3940 1319 4011 παρίστησι
1369 3942 1543 4011 λέγων
1576 3943 1733 4015 ἑξῆς
1771 3967 1790 4000 ι
1830 3945 1934 4004 Οὖ-

351 4043 370 4076 ι
400 4043 494 4089 τος
517 4026 625 4097 γὰρ
647 4030 779 4099 ἡμῖν
804 4033 916 4095 τοῖς
944 4031 1172 4097 δικαίως
1234 4032 1615 4090 πολιτεύεσθαι
1654 4038 1931 4109 μέλλουσι,

350 4135 369 4170 ι
397 4116 705 4185 θεοσεϐείας
751 4122 868 4187 ὁδὸς
918 4124 1173 4193 γέγονεν’
1206 4126 1349 4199 ἀρχὴ
1406 4129 1594 4184 πασῶν
1630 4131 1737 4187 τῶν
1796 4136 1934 4205 μετὰ

350 4210 368 4262 ι
405 4211 738 4267 ταῦταὸὃῶν.
765 4236 782 4267 ι
806 4218 916 4270 Καὶ
934 4218 1310 4291 προστίθησιν,
1340 4240 1358 4273 τ
1377 4222 1576 4292 ἀρχὴν
1594 4224 1651 4277 δέ
1676 4225 1831 4280 ὁδῶν
1844 4229 1932 4282 διά

348 4320 367 4353 ι
397 4303 557 4356 τοῦτο
588 4306 813 4370 εἰκότως
845 4308 1032 4381 εἴρηκε
1071 4310 1163 4363 τὸν
1198 4310 1467 4383 δεσπότην
1496 4316 1656 4385 ἡμῶν
1687 4316 1779 4371 τὸν
1816 4320 1929 4373 Σω-

345 4414 366 4446 ι
404 4396 567 4467 τῆρα,
595 4397 727 4451 διότι
770 4404 863 4453 καὶ
892 4402 1001 4455 τῶν
1033 4402 1256 4475 ἐτέρων,
1296 4396 1372 4458 ὧν
1406 4408 1741 4479 ἐσχήκαμεν,
1793 4412 1930 4467 ὁδῶν

344 4506 365 4541 ι
398 4489 535 4559 μετὰ
558 4491 657 4563 τὴν
690 4494 911 4566 πρώτην
971 4494 1089 4548 ὁδὸν
1134 4497 1276 4568 ἀρχὴ
1305 4498 1494 4567 γέγονε
1515 4516 1528 4529 ·
1562 4502 1660 4565 τὰς
1685 4502 1771 4556 διὰ
1820 4504 1928 4557 τῶν

2052 3290 2128 3344 ait
2149 3330 2165 3354 ,
2191 3300 2352 3357 atque
2381 3290 2529 3343 illud.
2568 3289 2721 3356 Quod
2750 3290 2794 3343 si
2831 3306 2897 3343 ex
2936 3290 3206 3344 sententia
3237 3288 3475 3344 Marcelli
3504 3305 3633 3345 caro

2050 3381 2221 3447 dicat,
2255 3381 2514 3435 Dominus
2545 3384 2735 3435 creauit
2772 3398 2853 3435 me
2886 3382 3208 3451 principium
3249 3383 3458 3436 viarum
3502 3401 3632 3437 suu-

2048 3488 2187 3537 rum,
2230 3471 2320 3525 illa
2352 3474 2459 3527 erit
2493 3472 2793 3542 Sapientia,
2826 3485 2990 3542 atque
3012 3488 3142 3528 caro
3180 3489 3300 3543 quae
3325 3474 3478 3539 dicit,
3528 3473 3633 3527 Fer

2045 3580 2123 3617 me
2148 3579 2291 3631 reges
2319 3573 2536 3633 regnant
2564 3604 2580 3629 ,
2626 3575 2673 3619 et
2706 3581 2801 3634 per
2832 3581 2915 3619 me
2957 3576 3226 3636 magnates
3256 3567 3434 3637 magni
3466 3566 3626 3635 ﬁunt,

2044 3665 2099 3710 at
2123 3657 2396 3725 quomodo
2426 3658 2606 3712 dicere
2658 3658 2857 3729 poterit
2901 3672 3052 3723 caro,
3098 3656 3404 3714 Memorabo
3443 3674 3625 3714 eorum

2040 3768 2158 3820 qua:
2202 3761 2323 3804 sunt
2374 3768 2407 3804 a
2452 3751 2691 3806 smculo.’
2736 3750 2935 3820 quibus
2987 3750 3312 3805 subnectit:
3366 3749 3625 3806 Dominus

2042 3843 2275 3896 condidit
2307 3859 2387 3896 me
2424 3843 2739 3911 principium
2774 3841 2981 3894 uiarum
3022 3841 3161 3911 ejus.
3201 3840 3458 3909 Quaenam
3493 3856 3624 3898 vero

2039 3937 2146 3989 sint
2178 3937 2280 3990 illae
2322 3936 2419 3989 via:
2468 3936 2624 3989 docet
2660 3935 2710 3988 in
2748 3935 3099 4005 sequentibus
3136 3934 3226 4007 [Β.
3268 3933 3381 4006 XII]
3416 3955 3429 3991 :
3469 3956 3488 3989 ι
3542 3935 3620 3991 ita

2044 4046 2062 4080 ι
2096 4030 2237 4083 enim
2261 4028 2348 4083 ille
2377 4027 2554 4093 nobis,
2577 4028 2667 4097 qui
2693 4028 2994 4083 secundum
3028 4028 3291 4082 rationem
3314 4029 3514 4098 justam
3539 4030 3623 4083 in-

2042 4138 2060 4171 ι
2101 4121 2328 4175 stituere
2374 4121 2538 4173 vitam
2571 4119 2819 4175 volumus
2844 4160 2860 4182 ,
2906 4119 3124 4191 pietatis
3157 4122 3240 4175 via
3279 4121 3455 4179 l'actus
3483 4133 3567 4179 est
3600 4142 3615 4178 :

2042 4232 2059 4265 ι
2099 4214 2424 4284 principium
2462 4214 2674 4268 viarum
2716 4213 2958 4268 omnium
2988 4216 3370 4284 posteriorum.
3407 4233 3427 4268 ι
3456 4217 3620 4272 Addit

2034 4316 2213 4359 autem
2250 4325 2268 4358 τ
2302 4306 2622 4375 principium
2653 4306 2855 4360 viarum
2880 4308 2950 4361 ob
2993 4307 3095 4360 hoc
3126 4308 3297 4375 ipsum
3333 4307 3617 4364 Dominum

2040 4412 2057 4445 ι
2092 4409 2235 4458 esse,
2257 4405 2312 4450 et
2335 4394 2683 4451 Servatorem
2711 4406 2955 4451 nostrum
2990 4412 3005 4450 :
3031 4408 3313 4468 prOpterea
3341 4379 3617 4468 quod°via-

2039 4508 2057 4539 ι
2103 4506 2242 4554 ιοιιιιι,
2285 4504 2421 4559 quas
2480 4489 2707 4559 ingressi
2763 4504 2953 4544 sumus
2991 4500 3111 4560 post
3160 4491 3391 4560 primam
3426 4493 3568 4547 viam
3596 4536 3611 4557 .

344 4598 365 4632 ι
405 4582 565 4654 ἱερῶν
624 4584 937 4639 ἀποστόλων
990 4587 1165 4659 δηλῶν
1216 4591 1564 4662 παραδόσεις,
1607 4594 1714 4647 τῶν
1786 4598 1922 4666 μετὰ

2097 4580 2422 4649 principium
2446 4581 2679 4636 exstitit.
2715 4579 2897 4635 lnnuit
2924 4591 3110 4636 autem
3145 4582 3471 4640 traditiones
3516 4600 3613 4640 ac-

344 4690 364 4724 I
395 4673 599 4745 ὑψηλοῦ
620 4714 634 4740 ,
677 4676 819 4729 κατὰ
843 4678 940 4748 τὴν
981 4681 1339 4752 προφητείαν,
1370 4685 1723 4757 κηρύγματος
1753 4706 1922 4760 κηρυ-

2082 4685 2266 4744 ceptas
2283 4689 2312 4727 a
2331 4675 2527 4729 divinis
2541 4677 2823 4744 apostolis,
2839 4675 2951 4743 qui,
2968 4677 3262 4730 secundum
3278 4678 3611 4746 prophetias,

341 4783 361 4816 τ
395 4765 601 4832 ξάντων
648 4770 778 4840 ἡμῖν
806 4771 866 4824 τὸ
902 4772 1087 4827 καινὸν
1129 4774 1287 4829 τοῦτο
1319 4779 1635 4848 μυστήριον.
1677 4800 1693 4831 τ
1736 4782 1920 4835 Ταῦτα

2094 4779 2196 4817 una
2220 4778 2341 4818 cum
2375 4764 2641 4820 altissimo
2670 4765 2761 4820 illo
2785 4765 3076 4836 prmconio,
3121 4783 3317 4824 novum
3356 4770 3459 4826 hoc
3494 4786 3613 4842 my.

334 4857 672 4929 Μάρκελλος.
1006 4906 1020 4919 ,

2094 4855 2323 4910 sterium
2347 4856 2503 4912 nobis
2527 4860 2934 4914 annuntiarunt.
2962 4880 2980 4913 ι
3012 4859 3280 4917 Hactenus
3304 4861 3606 4921 Marcellus.

996 4906 1152 4989 ἰςΕψ.
1198 4938 1267 4992 Γν.

336 5021 773 5113 Ἔξεγχοςτῶν
800 5029 924 5113 οὐκ.
957 5028 1265 5113 ὀρθῶςεὶς
1301 5032 1452 5113 τοὺς·
1488 5038 1716 5113 τόπους
1757 5040 1919 5106 αὐτῷ

2060 5048 2089 5105 Β
2152 5042 2417 5110 Refutatio
2469 5060 2649 5096 eorum
2684 5062 2802 5112 quia
2835 5064 3073 5113 perverse
3121 5061 3497 5105 commentatus
3530 5062 3607 5106 est

403 5095 801 5164 λελεγμένων,
830 5095 1071 5153 καὶτῶν
1096 5100 1294 5154 αὐτῶν
1332 5095 1505 5171 ὑγιὴς
1541 5095 1843 5175 ἐρμηὶιεία.
1887 5095 1899 5106 ’

2060 5095 2079 5105 ’
2154 5095 2159 5096 ί
2187 5095 2255 5167 aii
2285 5114 2428 5177 loco,
2458 5095 2513 5166 et
2535 5095 3445 5186 annoidia’esidni

401 5187 465 5239 Ei
495 5186 594 5256 μὲν
615 5184 708 5241 οὖν
737 5189 811 5261 μὴ
841 5192 935 5243 καὶ
961 5192 1059 5263 τὴν
1082 5193 1322 5257 Μωσέως
1348 5196 1440 5248 καὶ
1482 5197 1592 5250 τῶν
1623 5198 1733 5269 (76)
1778 5203 1916 5272 μετὰ

2098 5205 2157 5260 Si
2218 5221 2392 5275 neque
2432 5205 2593 5261 Musis
2642 5225 2741 5263 nec
2789 5212 3175 5280 prophetarum
3223 5223 3346 5283 post
3399 5213 3603 5271 Mosctn

330 5277 533 5331 Μωσέα
565 5278 857 5348 προφητῶν
889 5280 1215 5351 παρεδέχετο
1242 5282 1464 5353 Γραφὴν
1487 5324 1500 5346 ,
1528 5281 1672 5355 εἶχεν
1698 5288 1762 5340 ἄν
1794 5306 1916 5343 τινα

2060 5298 2670 5368 μοι-ἰριυι-οεεᾱωίιιετπει
2693 5277 2998 5368 Marcellus,
3035 5303 3370 5372 probabilem
3405 5304 3598 5361 lor-tas-

329 5370 516 5424 ιίκότα
540 5370 689 5442 αὑτῷ
721 5370 878 5439 λόγον
923 5376 955 5443 ἡ
996 5373 1247 5438 ἀπόδοσις
1268 5392 1280 5404 ·
1326 5377 1448 5429 ἐπεὶ
1476 5376 1532 5429 δέ
1554 5378 1613 5430 οὐ
1637 5378 1747 5432 τῶν
1790 5382 1915 5436 άθε-

2060 5387 2102 5444 is
2132 5390 2397 5444 rationem
2436 5390 2699 5446 haberent
2729 5408 2848 5462 qua:
2875 5394 2944 5447 ab
2976 5370 3051 5450 eo
3075 5396 3313 5466 profecta
3344 5410 3489 5453 sunt.
3534 5402 3598 5455 At

328 5460 567 5515 τούντων
605 5462 722 5516 ἐστὶ
749 5463 846 5533 τὴν
873 5465 1116 5520 Παλαιὰν
1150 5467 1588 5541 Διαθήκην,τίδή
1625 5489 1751 5525 ποτε
1785 5475 1909 5541 τοὺς

2060 5497 2140 5533 nm
2176 5496 2278 5535 non
2334 5482 2403 5535 sit
2432 5497 2498 5536 ex
2529 5497 2713 5538 eorum
2742 5500 2967 5541 numero
3009 5486 3099 5557 qui
3144 5482 3306 5545 Vetus
3346 5504 3599 5550 recusant

403 5619 461 5675 »Β
499 5613 594 5667 Ed.
632 5614 830 5680 Paris.,
864 5636 985 5687 pag.
1028 5620 1144 5674 156.

1230 5623 1270 5654 ⁸³
1305 5622 1440 5679 Gcn.
1475 5640 1557 5690 ιιι,
1606 5625 1687 5681 i9.
1790 5629 1832 5663 "
1854 5630 2017 5695 Prov.
2044 5602 2149 5693 vnt
2178 5674 2192 5702 ,
2223 5635 2312 5691 12.
2412 5639 2456 5670 ⁸⁸
2490 5638 2615 5694 ibid.
2651 5640 2742 5697 22.

257 5795 284 5871 τε
402 5800 517 5878 {2/9)
538 5803 885 5878 φθέγξασθαι
919 5807 949 5876 ἧ
987 5805 1090 5878 np.

402 5824 517 5867 UH
548 5824 885 5870 Ψυεγςασῠαι
919 5824 949 5876 η
987 5824 1090 5878 Μρ.

395 5869 508 5943 (75)
538 5873 702 5945 Vulgo
734 5876 811 5927 τό.

2098 5826 2208 5898 (76)
2238 5824 2405 5898 Vulgo
2441 5828 2596 5884 κατά.
