4082 6454
427 363 537 424 883

1111 363 1382 420 EUSEBII
1421 366 1905 425 CIESARIENSIS
1943 370 2095 425 OPP.
2139 371 2323 428 PARS
2364 372 2452 428 IV.
2491 404 2557 413 —
2600 373 3017 430 DOGMATICA.

3544 399 3546 402 ν
3616 373 3732 430 εει

424 483 856 546 Testamentum,
883 500 1141 554 quorsum
1166 495 1222 540 et
1253 485 1528 550 apostolos
1547 529 1563 552 ,
1595 498 1651 542 et
1677 490 1893 544 iIlorum
1923 497 2023 546 do-

2141 493 2237 563 μὲν
2265 495 2593 559 ἀποστόλους
2614 498 2709 549 καὶ
2745 496 2952 550 τούτων
2990 495 3089 560 τὰς
3143 495 3515 561 διδασκαλίας,
3541 495 3731 562 ὀδοὺς

428 577 661 632 ctrinam
705 577 818 632 vias
868 577 1219 630 nominavit?
1273 575 1464 647 Neque
1502 580 1744 635 animum
1788 583 2022 637 advertit

432 669 520 723 Dei
554 669 855 738 prophetis,
882 668 976 737 qui
1009 678 1266 724 sexcenta
1295 671 1543 739 quaedam
1583 671 1649 725 de
1676 674 1782 728 viis
1807 673 2023 728 Domini

429 762 786 830 scripserunt.
818 759 996 816 Moses
1024 771 1207 816 autem
1238 762 1490 831 inprimis
1538 764 1609 817 ita
1635 766 1878 836 scripsit.
1918 765 2022 821 Via

430 854 574 924 regia
622 854 953 924 proﬁciscere
1007 857 1071 910 "’.
1124 856 1231 922 Et,
1279 853 1420 911 Ecce
1479 858 1634 924 posui
1681 870 1803 912 ante
1833 859 2023 928 [aciem

431 956 576 999 tuam
607 947 745 1000 viam
777 947 919 1010 vitta,
953 956 1002 1002 ct
1036 949 1170 1001 viam
1203 949 1393 1003 mortis
1427 948 1491 1002 ³⁸.
1533 948 1597 1002 Et
1627 948 1796 1004 David
1833 951 2024 1005 simili-

432 1050 539 1105 ter,
579 1039 739 1095 Novit
775 1039 1033 1096 Dominus
1063 1043 1200 1096 viam
1234 1042 1529 1111 iustorum,
1559 1052 1607 1096 et
1637 1043 1720 1096 via
1743 1044 2024 1112 impiorum

428 1129 616 1198 peribit
641 1131 708 1185 ¹⁹.
741 1129 808 1186 Et
843 1130 1135 1197 .Ieremias,
1161 1133 1316 1188 State
1349 1136 1407 1188 in
1445 1136 1566 1201 viis,
1615 1146 1662 1188 et
1703 1137 2028 1205 interrogate

432 1224 496 1277 de
527 1222 726 1276 semitis
757 1222 970 1277 Domini
993 1226 1220 1287 (uternis,
1239 1235 1288 1279 et
1318 1227 1485 1279 uidete
1507 1243 1626 1296 qua:
1659 1228 1727 1281 sit
1759 1229 1844 1282 via
1867 1229 2030 1294 bona,

431 1322 484 1369 et
511 1313 568 1366 in
607 1313 700 1367 illa
715 1316 992 1371 ambulate
1018 1318 1085 1371 '°.
1115 1317 1220 1372 Sed
1249 1329 1305 1372 et
1333 1319 1574 1390 singulos
1610 1322 1905 1389 prophetas
1943 1323 2028 1376 in-

431 1405 620 1460 veni-es
661 1405 860 1462 fecisse
909 1409 1238 1464 mentionem
1303 1411 1505 1464 viarum
1564 1411 1681 1467 Dei.
1753 1414 1811 1468 Si
1867 1415 2031 1484 igitur

435 1495 698 1553 Servatur
717 1508 773 1554 et
817 1501 1077 1557 Dominus
1106 1513 1296 1557 nOSter
1325 1501 1488 1558 Jesus
1512 1504 1786 1568 Christus,
1822 1521 1883 1561 se
1921 1506 2028 1560 ini-

437 1591 574 1644 rium
611 1593 819 1647 viarum
852 1594 1067 1649 Domini
1105 1597 1320 1660 doceat,
1348 1597 1398 1650 in
1423 1598 1624 1667 quibus
1647 1598 1744 1665 ait,
1772 1599 2032 1654 Dominus

435 1684 675 1738 condidit
729 1701 812 1740 me
860 1688 1180 1756 principium
1228 1690 1441 1743 viarum
1490 1706 1710 1745 suarum
1754 1695 1827 1745 ad
1873 1707 2032 1760 Opera

436 1791 536 1828 sua
563 1777 630 1843 “,
664 1780 888 1833 omnino
910 1779 1019 1844 ille,
1061 1791 1115 1836 et
1155 1780 1306 1836 Mose
1336 1783 1636 1850 antiquior,
1669 1793 1724 1840 et
1751 1787 2034 1855 prophetis

2125 585 2430 656 ὠνόμασεν,
2459 589 2581 658 οὐχὶ
2613 588 2671 641 δὲ
2698 588 3004 660 προσσέσχε
3053 592 3162 653 τοῖς
3185 588 3278 643 τοῦ
3317 587 3457 642 Θεοῦ
3517 589 3732 660 προφήο

2124 693 2270 742 ταις,
2325 680 2494 749 μυρία
2529 681 2658 751 περὶ
2697 680 2834 734 ὁδῶν
2885 680 3020 732 Θεοῦ
3059 682 3432 751 γεγραφόσιν;
3499 680 3732 752 Πρῶτον

2130 770 2233 840 μὲν
2265 771 2375 843 γάρ
2411 771 2620 841 Μωσῆς
2638 766 2742 825 ὧδε
2766 772 2994 843 γράφων
3025 772 3208 842 ἔλεγεν
3225 791 3239 804 ·
3291 771 3440 838 ’0δῷ
3475 773 3731 838 ,βασιλί-

2128 860 2210 930 κῇ
2268 865 2540 932 πορεύσῃ
2561 880 2575 893 ·
2627 865 2742 928 καὶ,
2797 863 2946 918 Ἰδοὺ
2978 863 3211 919 τέθεικα
3241 865 3354 935 πρὸ
3395 863 3733 935 προσώπου

2130 970 2252 1008 σου
2281 954 2396 1023 τὴν
2424 955 2570 1010 ὁδὸν
2596 953 2707 1024 τῆς
2732 954 2881 1024 ζωῆς
2899 998 2914 1021 ,
2957 957 3053 1011 καί
3084 956 3198 1025 τὴν
3225 956 3371 1011 ὁδὸν
3399 956 3511 1012 τοῦ
3543 954 3733 1012 θανά-

2130 1061 2238 1100 του
2259 1063 2273 1075 ·
2345 1047 2441 1100 καὶ
2480 1048 2510 1100 δ
2564 1047 2730 1100 Δαὸὶδ
2752 1048 2973 1118 ὁμοίως,
3009 1047 3304 1103 ιἰνώσκει
3354 1048 3468 1120 (77)
3509 1049 3734 1118 Κύριος

2131 1135 2282 1190 ὁδὸν
2311 1136 2576 1202 δικαίων,
2612 1139 2710 1191 καί
2757 1137 2898 1204 ὁδὸς
2955 1139 3193 1193 ἀσεϐῶν
3220 1138 3568 1194 ἀπολεῖται·
3631 1137 3734 1192 καὶ⁵

2143 1231 2439 1302 Ἱερεμίας,
2471 1229 2658 1299 Στῆτε
2678 1231 2748 1285 ἐν
2776 1231 2905 1296 ταῖς
2919 1230 3098 1298 ὁδοῖς,
3122 1230 3221 1286 καί
3242 1231 3587 1301 ἐρωτήσατε
3604 1230 3734 1299 τρί-

2133 1323 2285 1389 ϐους
2325 1326 2543 1392 Κυρίου
2586 1325 2885 1389 αἰωνίους,
2939 1324 3039 1377 καὶ
3087 1324 3245 1377 ἴδετε
3289 1325 3433 1378 ποία
3485 1323 3734 1390 ἐστινὴ

2133 1413 2276 1492 ὁδὸς
2299 1417 2337 1484 ἠ
2375 1414 2590 1484 ἀγαθὴ,
2621 1415 2719 1469 καὶ
2747 1416 3073 1485 πορεύεσθε
3113 1416 3184 1470 ἐν
3208 1415 3364 1484 αὐτῇ
3383 1433 3397 1446 ·
3447 1417 3543 1470 καὶ
3600 1418 3739 1470 ἐκα-

2133 1505 2262 1560 ὀτον
2289 1505 2347 1560 δὲ
2377 1505 2485 1560 τῶν
2511 1507 2804 1579 προφητῶν
2823 1507 3096 1580 διαφόρως
3143 1506 3597 1579 μνημονεύσαντα
3621 1507 3742 1561 τῶν

2131 1595 2270 1652 ὁδῶν
2295 1597 2389 1650 τοῦ
2417 1596 2552 1650 Θεοῦ
2584 1598 2855 1669 εὑρήσεις.
2886 1599 2948 1650 Ei
2968 1597 3147 1651 τοίνυν
3175 1600 3203 1650 ὁ
3251 1597 3442 1669 Σωτὴρ
3475 1599 3571 1652 καὶ
3612 1597 3738 1652 Κύ-

2137 1705 2256 1760 ριος
2287 1688 2448 1760 ἡμῶν
2483 1688 2690 1760 Ἰησοῦς
2723 1689 2958 1760 Χριστὸς
2975 1688 3070 1742 τοῦ
3097 1688 3232 1742 Θεοῦ
3259 1689 3435 1760 ἀρχὴν
3462 1684 3741 1743 εἶναιτῶν

2136 1779 2277 1832 ὁδῶν
2306 1778 2402 1832 τοῦ
2430 1772 2564 1833 Θεοῦ
2593 1780 2784 1832 ἑαυτὸν
2810 1779 3048 1834 διδάσκει
3076 1779 3503 1848 λέγων,Κύριος
3526 1780 3743 1836 ἐκτισέ

438 1869 567 1931 erit,
601 1877 657 1922 et
710 1870 778 1925 iis
810 1873 1066 1928 omnibus
1093 1874 1188 1942 qui
1235 1874 1414 1931 adhuc
1443 1875 1692 1941 ulterius,
1727 1880 2026 1932 secundum

2141 1888 2206 1940 με
2227 1869 2428 1940 ἀρχὴν
2455 1869 2609 1924 ὁδῶν
2633 1871 2819 1925 αὑτοῦ
2841 1874 2928 1937 είς
2947 1871 3098 1941 ἔργα
3125 1871 3334 1933 αὐτοῦ,
3373 1871 3597 1934 πάντως
3627 1887 3740 1925 που

438 1961 560 2015 vias
590 1961 683 2015 Dei
716 1963 990 2020 vixerunt.
1035 1966 1140 2021 Sed
1170 1981 1278 2020 non
1315 1977 1435 2022 erat
1462 1983 1592 2023 caro
1622 1983 1787 2038 quam
1812 1983 2030 2024 assum-

440 2055 553 2122 psit
600 2056 750 2110 hisce
779 2057 1031 2113 omnibus
1054 2059 1336 2129 antiquior
1371 2080 1385 2115 :
1418 2061 1604 2129 itaque
1653 2076 1760 2116 non
1787 2073 1938 2117 recte
1965 2062 2033 2115 de

441 2160 609 2200 carne
639 2148 1067 2216 interpretantur
1108 2149 1390 2204 oraculum
1425 2148 1579 2222 illud.
1624 2147 1891 2216 Quocirca
1922 2164 2030 2203 non

441 2234 654 2291 Iocntns
678 2248 762 2291 est
792 2239 893 2292 ista
920 2237 1181 2295 Servator
1211 2249 1438 2312 propter
1467 2256 1714 2305 carnem,
1761 2241 1857 2296 sed
1886 2242 2031 2311 quod

447 2329 862 2396 praeexsistebat
908 2332 1021 2400 ipse
1049 2371 1066 2397 ,
1115 2343 1172 2388 et
1203 2333 1347 2388 viam
1387 2331 1618 2389 ducebat
1673 2332 1777 2388 viis
1820 2332 2032 2387 Domini

449 2421 748 2487 universis,
786 2422 840 2477 in
871 2424 1071 2492 quibus
1103 2425 1195 2494 qui
1222 2424 1548 2490 erantolim,
1574 2423 1685 2479 Deo
1716 2424 1899 2479 dilecti
1926 2439 2036 2478 om-

443 2529 543 2569 nes
575 2514 1011 2570 ambulaverunt.
1048 2517 1499 2586 Quandoquidem
1542 2525 1598 2570 et
1631 2517 1852 2572 divinus
1887 2517 2033 2584 Apo-

444 2605 616 2661 stolus
654 2605 809 2672 dixit,
840 2606 885 2660 0
909 2607 1233 2676 profundum
1296 2608 1630 2670 divitiarum,
1657 2616 1709 2662 et
1739 2608 2034 2676 sapientite,

443 2709 494 2752 et
533 2701 849 2770 cognitionis
897 2700 994 2754 Dei
1021 2743 1035 2758 .
1067 2717 1228 2772 quam
1268 2700 1636 2754 inscrutabilia
1663 2709 1787 2754 sunt
1822 2699 2036 2768 judicia

443 2788 560 2858 ejus
586 2829 604 2856 ,
640 2799 690 2842 et
732 2783 1234 2860 imperoestigabiles
1265 2792 1360 2845 vita
1389 2790 1508 2860 ejus
1539 2791 1607 2851 ’³,
1637 2789 1802 2843 aliam
1841 2804 2034 2859 quam-

447 2881 573 2936 dam
611 2883 754 2935 viam
789 2883 878 2937 ille
904 2883 1167 2937 indicavit
1196 2922 1211 2947 ,
1257 2883 1635 2938 universitatis
1661 2898 1845 2938 rerum
1874 2896 2037 2936 cura-

450 2975 644 3029 tricem
674 3012 690 3038 ,
717 2989 816 3043 per
851 2989 1013 3042 quam
1069 2972 1326 3030 ineffabili
1361 2975 1595 3046 quodam
1618 2975 1828 3045 judicio
1851 2983 1907 3030 et
1935 2990 2041 3029 ra—

449 3065 692 3120 tionibus
713 3065 1036 3134 quibusdam
1080 3080 1184 3118 non
1213 3067 1760 3136 comprehendendis,
1787 3067 2038 3120 universa

449 3158 753 3228 gubernat,
803 3172 901 3226 pro
949 3156 1135 3212 divina
1175 3173 1272 3212 sua
1328 3165 1601 3227 potestate
1643 3176 1657 3213 :
1696 3171 2040 3226 consequens

2137 1961 2234 2014 καὶ
2260 1959 2506 2023 Μωσέως
2534 1961 2627 2014 καὶ
2655 1961 2764 2014 τῶν
2800 1960 3095 2032 προφητῶν
3121 1960 3213 2013 καὶ
3245 1959 3356 2015 τῶν
3393 1960 3472 2014 ἔτι
3525 1960 3742 2015 ἀνωτέ-

2136 2070 2217 2124 ρω
2272 2051 2416 2106 κατὰ
2464 2052 2564 2117 τὰς
2625 2053 2778 2117 ὁδοὺς
2817 2052 2914 2107 τοῦ
2966 2052 3103 2107 Θεοῦ
3175 2052 3515 2123 βεϐιωκότων
3543 2054 3631 2125 εἴη
3668 2053 3744 2109 ἂν

2135 2142 2542 2214 πρεσϐύτερος·
2569 2143 2684 2197 ἀλλ’
2708 2144 2832 2214 οὐχὶ
2869 2145 2902 2215 ἡ
2933 2143 3090 2215 σὰρξ,
3120 2143 3189 2215 ἢν
3227 2143 3542 2214 ἀνείληφεν,
3586 2144 3744 2198 ὲκεί-

2134 2251 2242 2289 νων
2276 2235 2536 2288 ἁπάντων
2570 2236 2785 2306 ὑπῆρχε
2815 2235 3243 2307 προγενεστέρα.
3276 2235 3392 2289 Οὐκ
3421 2234 3602 2307 ὀρθῶς
3643 2233 3744 2290 οὖν

2135 2329 2230 2382 ἐπὶ
2271 2327 2369 2400 τὴν
2400 2328 2582 2401 σάρκα
2613 2328 2927 2400 ὲξείληπται
2974 2330 3037 2384 τὸ
3091 2329 3292 2399 λόγιον.
3349 2330 3424 2383 Οὐ
3496 2329 3588 2384 διὰ
3638 2329 3746 2401 τὴν

2136 2423 2320 2491 σάρκα
2352 2421 2536 2475 τοίνυν
2558 2422 2711 2476 ταῦτ’
2734 2422 2920 2492 ἔλεγεν
2945 2424 2974 2475 ὁ
3002 2421 3215 2493 Σωτὴρ,
3276 2421 3366 2476 διὰ
3407 2421 3465 2476 δὲ
3496 2423 3560 2476 τὸ
3599 2440 3746 2495 προ-

2139 2514 2408 2586 ὒπόιρχειν
2441 2515 2635 2581 αὐτὸν,
2687 2515 2782 2568 καὶ
2815 2513 3176 2587 καθηγεῖσθαι
3234 2514 3348 2585 (78)
3403 2515 3595 2569 πασῶν
3617 2507 3745 2570 ⁸τῶν

2135 2606 2272 2660 ὁδῶν
2299 2606 2396 2660 τοῦ
2428 2606 2586 2671 Θεοῦ,
2635 2605 2706 2671 ἃς
2745 2605 2971 2673 πάντες
2989 2609 3045 2660 oi
3073 2606 3260 2661 πάλαι
3293 2607 3598 2676 θεοφιλεῖς
3626 2608 3735 2662 ἆν-

2136 2695 2276 2765 δρες
2303 2697 2660 2751 ὡδεύκασιν.
2703 2697 2855 2751 Ἐπεὶ
2887 2698 2944 2752 δὲ
2967 2699 2995 2751 ό
3021 2697 3162 2761 θεῖος
3177 2696 3500 2762 Ἀπόστολος
3543 2697 3742 2766 λέγων,

2137 2786 2206 2843 Ὦ
2238 2789 2436 2856 ,βάθος
2463 2791 2735 2844 πλούτου
2762 2791 2860 2845 καὶ
2890 2791 3114 2859 σοφίας
3142 2789 3539 2860 καίγνώσεως
3572 2789 3745 2855 Θεοῦ,

2137 2884 2219 2949 ὡς
2276 2882 2718 2950 ἀνεξερεύνητα
2772 2884 2846 2936 τὰ
2899 2883 3157 2952 κρίματα
3211 2883 3401 2938 αὑτοῦ
3490 2882 3592 2936 καί
3641 2882 3744 2936 ἀν-

2138 2972 2512 3042 εξιχνίαστοι
2546 2975 2607 3026 ai
2634 2973 2761 3028 ὁδοὶ
2786 2973 2996 3039 αὑτοῦ,
3027 2973 3222 3044 ἑτέρας
3240 2973 3393 3037 τινὰς
3415 2973 3573 3037 ὀδοὺς
3613 2976 3743 3027 ὑπο-

2139 3060 2349 3124 ϐάλλει,
2381 3061 2481 3124 τὰς
2508 3063 2875 3134 προνοητικὰς
2900 3062 3009 3115 τῶν
3035 3062 3196 3129 ὅλων,
3221 3063 3289 3116 δι’
3315 3057 3391 3118 ὧν
3439 3065 3741 3136 ἀπορρήτῳ

2140 3155 2344 3224 κρίσει,
2375 3155 2470 3208 καὶ
2492 3153 2674 3224 λόγοις
2699 3155 2811 3227 (79)
2857 3155 3143 3226 ἀλήπτοις,
3177 3156 3247 3210 τὰ
3295 3155 3596 3227 σύμπαντα
3631 3156 3739 3208 δια-

450 3259 604 3304 certe
641 3259 723 3304 εει
748 3289 763 3312 ,
800 3258 938 3306 utet
969 3251 1162 3306 harum
1201 3252 1410 3306 viarum
1447 3266 1665 3322 quoque
1708 3250 2036 3320 principium

2141 3245 2382 3317 κυόερνᾷ
2415 3246 2536 3320 θείᾳ
2564 3247 2794 3318 δυνάμει
2817 3289 2832 3312 ,
2888 3248 3183 3303 ἀκόλουθόν
3221 3250 3336 3300 ἐστι
3398 3248 3494 3301 καὶ
3541 3247 3740 3303 τούτων

448 3353 757 3398 statuamus
828 3343 982 3398 illum
1023 3383 1041 3408 ,
1099 3344 1197 3414 qui
1248 3343 1427 3409 dixit,
1492 3341 1748 3397 Dominus
1801 3343 2040 3396 condidit

449 3452 530 3490 tne
590 3436 910 3505 principium
983 3437 1192 3491 viarum
1261 3453 1484 3490 suarum
1546 3438 1615 3490 ad
1689 3453 1848 3504 Opera
1915 3453 2036 3492 sua.

450 3528 606 3594 Quod
680 3527 968 3585 Marcellus
1034 3545 1142 3585 non
1210 3529 1515 3600 intelligens
1581 3531 1695 3585 vias
1765 3531 2038 3594 Domini,

449 3624 643 3676 statuit
693 3637 816 3678 esse
873 3637 1094 3677 carnem
1139 3622 1448 3678 Servatoris
1499 3621 1670 3676 nostri
1712 3637 1726 3675 :
1768 3627 1826 3685 »Β
1877 3623 2044 3676 inter-

452 3724 700 3785 pretatnr
747 3713 841 3786 [Β.
871 3713 1014 3788 XIII]
1067 3724 1122 3770 et
1171 3715 1302 3770 illud
1351 3729 1569 3784 quoque
1606 3715 1660 3769 in
1721 3717 1865 3769 hunc
1919 3730 2043 3770 sen-

452 3823 598 3876 sum,
633 3809 869 3862 condidit
921 3826 1004 3863 me
1075 3808 1394 3877 principium
1447 3808 1650 3862 viarum
1692 3822 1912 3860 suarum
1973 3807 2046 3859 ad-

451 3917 614 3968 cpera
637 3918 759 3957 sua.
784 3902 1047 3967 Qnamam
1079 3909 1261 3958 autem
1293 3915 1458 3969 opera
1489 3898 1644 3952 vult?
1672 3899 1761 3951 illa
1787 3898 2044 3952 nimirum

455 3994 522 4046 de
551 3993 754 4062 quibus
785 3993 1048 4046 Servatur
1080 3991 1193 4059 ait,
1220 3991 1388 4045 Pater
1407 4005 1551 4044 meus
1581 3989 1754 4042 adhuc
1779 4000 2043 4057 operatur,

453 4091 503 4133 et
535 4097 629 4150 ego
659 4096 846 4146 operOr
866 4083 930 4135 ”.
963 4081 1028 4133 Et
1047 4095 1259 4144 rursus,
1295 4080 1444 4148 Opus
1463 4079 1658 4148 perfeci
1710 4078 1870 4143 illud,
1906 4079 2045 4147 quod

456 4172 646 4225 dedisti
685 4171 895 4226 mihi”.
934 4170 1223 4242 Subjungit
1254 4185 1460 4240 porro,
1505 4170 1660 4236 quasi
1715 4169 2046 4223 sententiam

456 4263 650 4317 horum
680 4263 994 4329 ειιιιὶοιιηεε
1029 4282 1046 4314 ι
1081 4263 1345 4328 Quisnam
1377 4272 1503 4316 ante
1535 4261 1735 4315 factam
1763 4276 1858 4330 per
1883 4273 2046 4329 opera

461 4374 482 4406 α
515 4357 1042 4411 demonstrationem
1097 4356 1444 4420 credidisset,
1480 4341 1624 4423 quod
1671 4351 1907 4408 Verbum
1954 4353 2048 4407 Dei

461 4464 482 4496 ε
513 4461 610 4516 per
640 4443 918 4516 Virginem
945 4455 1298 4515 generatum,
1334 4456 1574 4499 nostram
1601 4458 1822 4498 carnem
1865 4457 2051 4498 susce-

2144 3338 2256 3392 τῶν
2288 3337 2426 3392 ὁδῶν
2469 3339 2646 3411 ἀρχὴν
2704 3336 2843 3394 εἶναι
2886 3341 3067 3409 λέγειν
3089 3341 3183 3395 τὸν
3224 3339 3509 3412 εἰρηκότα,
3531 3341 3745 3410 Κύριος

2146 3429 2350 3484 same
2376 3448 2453 3500 με
2477 3431 2676 3501 ἀρχὴν
2700 3431 2856 3486 ὁδῶν
2876 3431 3063 3486 αὑτοῦ
3089 3434 3178 3499 είς
3205 3433 3350 3500 ἔργα
3385 3430 3577 3486 αὑτοῦ
3599 3449 3612 3461 ·
3635 3433 3662 3485 ό
3682 3431 3742 3484 δὲ

2150 3521 2231 3594 μὴ
2251 3524 2451 3594 νοήσας
2464 3523 2563 3588 τὰς
2578 3523 2730 3588 ὁδοὺς
2744 3525 2839 3577 τοῦ
2856 3517 3014 3590 Θεοῦ,
3046 3523 3145 3596 τὴν
3178 3524 3356 3597 σάρκα
3373 3524 3466 3578 τοῦ
3487 3525 3739 3596 Σωτῆρος

2150 3615 2326 3687 ἀρχὴν
2369 3616 2576 3670 τούτων
2623 3613 2760 3670 εἶναι
2794 3617 3134 3689 ἀπεφήνατο.
3195 3616 3508 3690 Ἐρμηνεύει
3543 3617 3599 3670 δὲ
3641 3618 3740 3672 καὶ

2148 3709 2232 3770 τὸ,
2267 3710 2356 3774 είς
2372 3707 2515 3777 ἔργα
2529 3707 2738 3771 αὐτοῦ,
2767 3707 3310 3778 φάσκων,”Εκτισεν
3334 3704 3421 3762 οὖν
3431 3726 3528 3780 με,
3553 3712 3743 3782 φησιν,

2149 3799 2352 3870 ἀρχὴν
2388 3797 2544 3854 ὁδῶν
2581 3799 2769 3853 αὐτοῦ
2812 3802 2899 3866 εἰς
2929 3801 3072 3870 ἔργα
3103 3800 3312 3856 αὐτοῦ.
3357 3801 3493 3854 Ποῖα
3517 3800 3576 3853 δὲ
3608 3800 3753 3871 ἔργα

2151 3890 2357 3962 φησίν;
2392 3891 2520 3962 περὶ
2551 3883 2626 3944 ὧν
2667 3893 2696 3944 ὁ
2733 3892 2925 3964 Σωτὴρ
2955 3891 3124 3960 λέγει,
3163 3893 3214 3945 Ὁ
3238 3892 3441 3961 Πατήρ
3475 3911 3595 3962 μου
3639 3891 3756 3959 ἕως

2152 3981 2284 4049 ἆρτι
2323 3979 2650 4051 ἐργάζεται,
2701 3981 2862 4052 κάγὼ
2913 3982 3252 4053 ἐργάζομαι·
3301 3983 3398 4038 καὶ
3447 3979 3626 4047 αὖθις,
3685 3985 3759 4038 Τὸ

2152 4074 2353 4142 ἔργον,
2387 4074 2572 4145 φησὶν,
2589 4074 2933 4139 ἐτελείωσα,
2955 4074 2986 4128 ὂ
3007 4074 3273 4142 δέδωκάς
3285 4094 3409 4145 μοι.
3433 4071 3546 4130 Εἶθ’
3567 4074 3761 4146 ὥσπερ

2154 4164 2433 4233 διασαφῶν
2476 4165 2576 4236 τὴν
2628 4166 2740 4220 τῶν
2783 4167 3092 4238 εἰρημένων
3147 4167 3420 4233 διάνοιαν,
3477 4167 3758 4238 ἐπιλέγει·

2163 4275 2180 4308 ι
2222 4257 2320 4320 Τίς
2347 4256 2458 4329 γὰρ
2491 4259 2722 4330 πρὸτῆς
2742 4257 2855 4311 τῶν
2885 4259 3228 4329 πραγμάτων
3256 4260 3612 4328 ἀποδείξεως,
3640 4261 3762 4314 ἐπί-

2164 4368 2182 4398 i
2229 4365 2452 4401 στευσεν
2487 4348 2575 4414 ἂν,
2609 4352 2693 4404 ὅτι
2730 4349 2901 4417 Λόγος
2931 4349 3066 4403 Θεοῦ
3100 4350 3190 4404 διὰ.
3212 4350 3492 4424 Παρθένου
3521 4351 3763 4422 τεχθεὶς,

2163 4458 2182 4490 ι
2224 4439 2326 4509 τὴν
2367 4440 2650 4511 ἡμετέραν
2679 4441 3016 4511 ἀναλήψεται
3043 4443 3254 4514 σάρκα,
3286 4445 3382 4497 καὶ
3427 4444 3529 4515 τὴν
3583 4446 3767 4501 πᾶσαν

462 4553 482 4586 ι
515 4537 726 4605 pisset?
753 4544 808 4591 et
839 4545 1021 4591 tamen
1060 4536 1373 4590 universam
1404 4535 1662 4590 deitatem
1695 4534 1749 4586 in
1782 4549 1838 4588 se
1867 4547 2049 4602 corpo-

2165 4551 2184 4582 ι
2229 4532 2462 4602 θεότητα
2521 4535 2578 4586 ὲν
2640 4535 2781 4604 αὐτῇ
2813 4535 3142 4604 σωματικῶς
3202 4535 3570 4602 ἐπιδείξεταις
3618 4557 3636 4590 ι
3676 4539 3769 4591 καὶ

463 4646 483 4677 ι
516 4628 706 4682 raliter
749 4629 1074 4683 residentem
1099 4627 1564 4684 demonstrasset?
1597 4647 1616 4679 ι
1646 4627 1712 4681 Ει
1747 4628 1911 4681 veluti
1954 4629 2047 4696 qui

2154 4621 2346 4694 ὥσπερ
2376 4623 2566 4695 ἐντελῆ
2590 4625 2685 4697 τὴν
2714 4625 2954 4679 διάνοιαν
2978 4628 3210 4691 ἀποδοὺς
3242 4628 3459 4697 ἐπάγει·
3495 4649 3516 4680 σ
3552 4628 3771 4684 Οὐκοῦν

459 4718 792 4773 sententiam
823 4719 1061 4785 perfecte
1080 4719 1439 4788 explicuerat,
1468 4719 1617 4773 addit
1644 4737 1657 4772 :
1694 4737 1712 4768 ι
1749 4718 1859 4772 Hoc
1890 4719 2049 4789 igitur

2162 4736 2180 4768 ι
2223 4714 2368 4767 τοῦτ’
2396 4715 2510 4769 ἔστι
2553 4717 2634 4781 τὸ,
2672 4719 2889 4785 Κύριος
2923 4719 3126 4774 ἐκτισέ
3147 4737 3224 4790 με
3244 4721 3446 4791 ἀρχὴν
3474 4721 3642 4777 ὁδῶν
3667 4725 3775 4778 αὑ-

465 4830 483 4859 ‹
509 4820 618 4875 est,
636 4809 892 4864 Dominus
922 4811 1157 4864 condidit
1181 4825 1262 4864 me
1279 4809 1598 4878 principium
1613 4810 1820 4862 viarum
1838 4824 2049 4862 suarum

2166 4825 2184 4858 ι
2226 4805 2332 4860 τοῦ
2359 4809 2448 4873 εἰς
2478 4809 2626 4877 ἔργα
2656 4809 2866 4863 αὐτοῦ.
2907 4829 2924 4860 ι
2960 4812 3069 4864 Καὶ
3096 4811 3272 4864 ταῦτα
3303 4812 3368 4883 δὴ
3407 4812 3681 4884 ἔγραφεν,
3714 4814 3775 4867 οὐ

464 4921 485 4954 ι
517 4905 589 4958 ad
623 4917 784 4969 opera
820 4918 937 4955 sua.
971 4921 990 4952 ι
1035 4903 1158 4958 Ilzec
1207 4912 1388 4956 autem
1439 4902 1662 4970 scripsit
1716 4916 1820 4955 non
1872 4899 2049 4954 valens

2159 4895 2411 4968 δυνηθεὶς
2441 4899 2566 4961 τοὺς
2592 4900 2690 4970 τῆς
2717 4900 2959 4964 διανοίας
2991 4901 3305 4974 ὀφθαλμοὺς
3335 4906 3416 4965 είς
3447 4904 3587 4974 ὕψος
3616 4902 3780 4979 ἆραι,

459 5010 573 5051 sua:
597 4993 801 5049 mentis
836 4993 1038 5048 .ocnlos
1084 5008 1303 5048 sursum
1344 4993 1618 5055 attollere.
1670 5007 1772 5048 nec
1833 4991 2049 5061 perinde

2161 4987 2259 5040 καὶ
2296 4987 2376 5059 τῷ
2408 4992 2664 5064 προφήτῃ
2693 4992 3090 5065 παραπλησίως
3131 4998 3326 5059 εἰπεῖν,
3366 4997 3504 5051 Ὅτε
3544 4997 3778 5070 ὄψομαι

459 5101 525 5139 ac
576 5083 850 5154 propheta
901 5083 1109 5150 dicens,
1136 5081 1364 5148 Quando
1410 5082 1654 5134 intuebar
1694 5079 1850 5134 caelos
1901 5094 2060 5146 opera

460 5177 754 5247 digitorum
787 5183 1020 5240 tuorum,
1053 5176 1239 5228 lunam
1270 5183 1320 5228 et
1361 5173 1563 5236 stellas,
1601 5189 1734 5240 quas
1777 5180 1834 5222 tn
1869 5169 2064 5238 funda—

463 5267 616 5320 sti“.
645 5262 761 5318 Nec
795 5264 850 5317 in
883 5266 1201 5320 memoriam
1237 5277 1500 5317 revocans
1532 5263 1810 5332 prophetae
1833 5261 2064 5322 dictum,

539 5460 600 5515 ᾖ(
638 5453 740 5506 Eli.
770 5451 966 5508 Paris”

467 5517 511 5550 “
537 5523 702 5577 Prov.
750 5536 868 5582 vni.
903 5522 997 5575 ‘22.

1003 5468 1128 5522 pag.
1146 5453 1192 5522 _t
1208 5450 1297 5503 57.
1426 5449 1657 5522 frium,
1691 5463 1808 5522 3x1.
1841 5447 1933 5501 2‘2.

540 5751 658 5891 ξπ)
687 5747 858 5813 Vulgo
883 5752 909 5800 ὁ
941 5751 1141 5831 Κύριος
1170 5752 1268 5830 τῂν
1293 5750 1430 5828 ὁδόν.

567 5820 663 5878 78)
697 5817 872 5872 Vultzo
896 5835 1087 5873 πατων
1119 5819 1259 5874 όδων
1282 5836 1376 5872 του
1414 5821 1430 5874 1

567 5820 663 5878 78)
697 5817 872 5872 Vultzo
896 5817 1087 5873 πατῶν
1119 5817 1259 5874 ὁδῶν
1282 5819 1376 5872 τοῦ
1414 5821 1642 5888 Κυρίου.

2055 5447 2097 5479 ⁸⁸
2130 5449 2285 5502 Dent.
2328 5465 2456 5511 xxx.
2511 5452 2595 5505 15.

1072 5517 1119 5553 ί*
1145 5520 1304 5574 Rom.
1334 5535 1411 5583 ιι,
1439 5519 1531 5574 55.
1616 5519 1662 5550 ’⁸
1689 5517 1844 5574 Joan.
1878 5534 1929 5582 ν,
1965 5519 2047 5571 I7.
2128 5517 2174 5550 “
2203 5518 2362 5577 Joan.
2387 5535 2519 5583 xm,
2557 5523 2610 5574 εί.

2163 5078 2306 5145 τοὺς
2343 5082 2642 5148 οὐρανοὺς
2659 5127 2674 5149 ,
2709 5085 2857 5155 ἔργα
2892 5085 3011 5140 τῶν
3047 5086 3364 5142 δακτύλων
3395 5104 3515 5142 σου
3537 5131 3552 5156 ,
3579 5089 3777 5156 σελή-

2163 5187 2282 5239 νην
2316 5173 2415 5226 καὶ
2446 5174 2725 5244 ἀστέρας,
2761 5175 2801 5231 ἄ
2826 5178 2909 5231 σὺ
2931 5179 3354 5248 ἐθεμελίωσας·
3392 5181 3516 5234 οὐδὲ
3557 5200 3672 5254 μνη
3683 5199 3782 5253 μο-

2167 5262 2372 5327 νεύσας
2402 5264 2498 5318 τοῦ
2530 5268 2873 5340 προφητικοῦ
2903 5269 3084 5338 λόγου,
3113 5271 3179 5326 δι’
3204 5266 3266 5325 οὗ
3297 5271 3539 5344 εἴρηται,
3585 5275 3668 5328 Τὰ
3711 5272 3782 5327 δὲ

2745 5455 2786 5485 ¹⁹
2810 5452 2956 5508 Psal.
2996 5471 3038 5517 ι,
3072 5458 3124 5512 6.

3281 5457 3326 5488 "
3370 5455 3484 5511 Jer.
3537 5469 3636 5525 vt,
3694 5454 3759 5510 ιε

2686 5523 2733 5554 ¹⁸
2775 5525 2914 5578 Psul.
2947 5540 3064 5592 vnt,
3103 5528 3154 5580 4.

2251 5756 2362 5824 (79)
2393 5754 2560 5826 Vulgo
2596 5753 3015 5824 ἀκαταλήπτοις.
