4082 6388
304 376 412 440 985

1276 376 1363 431 DE
1406 373 1949 431 ECCLESIASTICA
1986 373 2381 430 THEOLOGIA
2422 372 2548 427 LIB.
2589 372 2678 429 III.

3471 372 3578 431 986

303 501 447 569 ἔργα
480 496 700 565 Κυρίου
742 499 854 551 οὐκ
893 496 1264 567 ἐμϐλέπουσι
1285 533 1301 558 ,
1335 494 1433 547 καὶ
1475 494 1549 547 τὰ
1593 493 1737 562 ἔργα
1769 489 1887 545 τῶν

2024 507 2099 561 uo
2117 492 2213 554 ait.
2238 491 2409 561 Opera
2432 502 2609 545 autem
2628 491 2839 546 Domini
2856 506 2959 546 non
2974 490 3335 552 intuebuntur,
3354 498 3402 543 et
3421 506 3581 558 opem

304 588 515 659 χειρῶν
564 590 750 644 αὐτοῦ
808 592 880 645 οὺ
942 590 1368 644 κατανοοῦσιν.
1421 590 1484 641 Εἰ
1529 588 1638 659 γὰρ
1681 585 1888 648 τούτοις

302 683 687 755 προσεσχήκει,
723 681 863 751 ἔγνω
891 684 978 748 ἃν,
1013 685 1093 737 ὅτι
1128 682 1234 754 πρὸ
1260 680 1488 752 ούρανοῦ
1523 680 1617 733 καὶ
1647 679 1748 748 γῆς
1791 677 1891 730 καὶ

305 774 413 845 πρὸ
446 773 540 828 τοῦ
576 772 887 845 σύμπαντος
915 776 1143 847 κόσμου,
1176 776 1270 829 καὶ
1306 777 1367 827 ού
1397 774 1502 844 πρὸ
1536 770 1644 823 τῶν
1676 768 1888 841 ὁρατῶν

309 867 464 937 μόνον
507 865 643 919 ἀλλά
689 868 783 920 καὶ
832 867 966 939 (80),
1015 868 1121 938 πρὸ
1154 866 1262 919 τῶν
1300 864 1508 935 νοητῶν
1558 862 1736 933 ἔργων
1795 860 1889 914 τοῦ

306 957 437 1011 θεοῦ
468 957 576 1010 τῶν
606 959 664 1011 ἐν
703 960 1017 1030 ἀσωμάτοις
1051 961 1144 1012 καί
1175 956 1571 1029 ὑπερκοσμίοις
1599 953 1891 1023 δυνάμεσιν

309 1054 364 1104 ὲν
395 1051 691 1103 ὑποστάσει
722 1052 891 1104 ὄντων
912 1090 926 1114 ,
967 1047 1036 1121 ῆν
1070 1051 1165 1104 καὶ
1204 1050 1380 1121 προῆν
1411 1049 1453 1101 6‘
1488 1046 1663 1100 ταῦτα
1695 1044 1889 1112 λέγων.

320 1145 375 1197 '0
398 1142 452 1196 δὲ
493 1143 736 1213 μεταϐὰς
766 1145 858 1196 ἐπὶ
886 1144 968 1207 τὸ,
1004 1143 1123 1211 Πρὸ
1154 1142 1258 1196 τοῦ
1287 1140 1503 1205 αἰῶνος
1535 1136 1893 1206 ἐθεμελίωσέ

302 1252 396 1304 με,
428 1234 594 1287 πάλιν
632 1235 729 1306 τὴν
771 1236 949 1307 σάρκα
990 1237 1070 1297 εἰς
1117 1234 1280 1305 μέσον
1316 1233 1438 1300 ἄγει
1474 1230 1646 1298 λέγων
1683 1226 1853 1290 οὕτως
1876 1243 1889 1256 ο

314 1347 331 1380 ι
372 1327 659 1398 Θεμέλιον
680 1328 867 1381 τοῦτον
898 1326 1198 1399 ὀνομάζων,
1227 1326 1327 1397 τὴν
1355 1323 1497 1378 κατὰ
1525 1323 1701 1391 σάρκα
1729 1320 1893 1373 αὐτου

313 1440 330 1470 ι
370 1418 791 1490 πρωρισθεῖσαν
814 1420 1143 1490 οἰκονομίαν.
1180 1418 1265 1479 Ὠς
1288 1416 1382 1468 καὶ
1406 1417 1434 1467 6
1465 1411 1784 1473 Ἀπόστολος
1810 1409 1896 1461 λέ-

316 1532 332 1563 ι
371 1528 489 1580 γει·
522 1511 810 1580 Θεμέλιον
833 1510 942 1582 γάρ
964 1510 1157 1564 ἄλλον
1184 1507 1382 1573 οὐδεὶς
1404 1506 1652 1560 δύναται
1689 1502 1895 1564 θεῖναι,

314 1630 331 1653 ε
374 1601 536 1671 παρὰ
565 1603 673 1656 τὸν
705 1604 1007 1672 κείμενον,
1037 1600 1104 1665 ὅς
1119 1600 1290 1654 ἐστιν
1306 1598 1546 1665 Ἰησοῦς
1570 1595 1842 1663 Χριστός.
1873 1612 1891 1645 ι

309 1695 417 1747 Καὶ
458 1694 737 1762 ἐπιλέγει·
775 1712 791 1744 ι
817 1694 965 1756 Ἐνὸς
1012 1692 1067 1745 δὲ
1102 1692 1294 1754 αἰῶνος
1322 1688 1555 1742 ἐνταῦθα
1607 1688 1895 1758 μέμνηται,

316 1806 333 1837 ι
375 1788 469 1855 ἀφ’
502 1780 568 1839 οὗ
612 1785 682 1839 τά
711 1783 854 1838 κατὰ
899 1783 989 1837 τὸν
1036 1782 1270 1854 Χριστὸν
1298 1777 1727 1850 τεθεμελιῶσθαι
1770 1774 1897 1845 ἔφη,

2001 599 2254 637 manuum
2301 584 2466 652 ipsius
2518 599 2620 638 non
2656 582 3038 653 intelligent".
3091 579 3224 634 Nam
3285 580 3331 635 si
3374 581 3440 633 ad
3481 579 3583 632 ista

1997 676 2321 730 attendisset
2360 676 2626 739 animum,
2682 673 2811 727 illud
2864 674 3053 741 utique
3111 685 3440 743 cognoscere
3487 685 3582 740 pu-

2000 767 2192 821 tuisset
2213 807 2226 827 .
2256 768 2399 836 quod
2427 776 2557 821 ante
2588 765 2783 819 caelum
2819 774 2872 820 et
2902 773 3101 817 terram
3122 804 3137 829 ,
3162 774 3286 816 ante
3323 763 3584 816 mundum

2001 860 2336 923 universum,
2399 874 2503 913 nec
2536 869 2661 912 ante
2694 859 2807 911 sola
2840 858 3072 910 visibilia
3097 897 3111 921 ,
3168 857 3261 910 sed
3301 865 3356 909 et
3396 855 3586 909 invisi-

2002 950 2150 1012 hilia,
2186 958 2239 1004 et
2266 960 2393 1003 ante
2426 964 2588 1019 opera
2618 949 2711 1002 1)νί
2754 947 3162 1010 intellectualia,
3211 963 3333 1016 quae
3376 948 3428 1001 in
3482 962 3583 1015 po-

2004 1043 2189 1095 tentiis
2211 1041 2453 1095 relucent
2480 1041 2843 1108 iucurpureis,
2874 1050 2925 1095 et
2952 1040 3422 1103 extramundanis,
3448 1048 3583 1104 erat,

2001 1143 2055 1188 et
2099 1142 2329 1203 praeerat
2354 1134 2420 1198 is,
2456 1133 2547 1201 qui
2577 1132 2679 1185 ista
2712 1131 2967 1201 loquitur.
3015 1130 3107 1185 Ille
3149 1141 3351 1194 autem,
3384 1131 3585 1184 transi-

2006 1222 2155 1275 tione
2206 1220 2349 1275 facta
2394 1221 2458 1274 ad
2492 1221 2642 1287 illud,
2693 1220 2825 1273 Ante
2874 1220 3066 1274 saecula
3108 1220 3349 1289 fundauit
3398 1236 3503 1283 me,
3532 1221 3587 1275 in

2007 1314 2240 1367 medium
2275 1314 2451 1367 denuo
2485 1313 2703 1367 adducit
2729 1328 2971 1379 carnem,
2999 1314 3249 1381 inquiens
3277 1310 3367 1383 (Il.
3398 1310 3536 1383 ιιιγ]
3570 1329 3584 1365 ι

2011 1427 2028 1458 ι
2066 1407 2140 1461 Ita
2168 1407 2220 1460 in
2252 1422 2415 1461 carne
2450 1407 2565 1476 ejus
2608 1406 3031 1476 praeordinatam
3065 1407 3423 1460 (ecunumiam
3445 1445 3461 1472 ,
3495 1420 3589 1460 vu-

2010 1517 2029 1551 ι
2063 1507 2152 1553 cat
2181 1498 2585 1566 fundamentum
2634 1513 2650 1551 :
2705 1498 3159 1567 quemadmodum
3202 1506 3255 1552 et
3298 1497 3590 1567 Apostolus

2012 1608 2031 1641 ι
2062 1590 2319 1659 loquitur,
2353 1586 2789 1643 Fundamentum
2816 1606 2964 1643 nemo
2995 1588 3142 1641 aliud
3164 1596 3335 1658 potest
3380 1604 3589 1656 ponere,

2013 1700 2030 1731 ι
2062 1680 2412 1749 ριἰειεν,ἱίίιιά
2441 1683 2580 1750 quod
2618 1682 2848 1749 positum
2877 1690 2984 1747 est,
3011 1682 3099 1747 qui
3131 1691 3205 1734 est
3247 1679 3403 1734 Jesus
3442 1678 3595 1734 Chri-

2016 1792 2033 1824 ι
2068 1784 2179 1827 stus
2205 1774 2270 1826 ³⁷.
2312 1791 2331 1824 ι
2352 1773 2547 1827 Addit:
2573 1790 2591 1822 ι
2619 1772 2792 1827 Unius
2811 1781 2990 1825 autem
3017 1772 3199 1827 surculi
3225 1772 3384 1826 isthic
3402 1771 3594 1825 memi-

317 1899 334 1930 ι
377 1879 559 1932 καίτοι
593 1877 806 1931 πολλῶν
848 1874 1300 1949 παρεληλυθότων
1344 1870 1578 1934 αἰώνων,
1622 1869 1698 1931 ὡς
1736 1869 1764 1920 6
1804 1868 1910 1919 Δα-

2024 1884 2037 1916 ι
2076 1864 2176 1929 nit,
2205 1865 2259 1918 in
2289 1879 2395 1933 quo
2423 1879 2482 1917 ea
2516 1879 2638 1933 qua:
2665 1864 2730 1919 ad
2759 1863 3032 1918 Christum
3068 1871 3338 1932 spectant,
3370 1862 3594 1916 fundata

318 1991 334 2019 ι
373 1971 456 2024 ϐἰδ
473 1970 604 2043 ἔφη,
621 1970 683 2023 '0
706 1968 992 2038 ὑπάρχων
1016 1967 1129 2035 πρὸ
1153 1964 1269 2019 τῶν
1289 1963 1538 2018 αἰώνων.
1566 1982 1584 2013 ι
1611 1960 1719 2014 Καὶ
1739 1974 1907 2030 μετα-

315 2063 414 2126 6ἀς
444 2063 577 2132 ἑξῆς
612 2063 705 2115 ἐπὶ
736 2060 798 2114 τὸ
825 2061 895 2114 ἐν
925 2058 1085 2128 ἀρχῇ
1114 2056 1228 2126 πρὸ
1264 2054 1371 2110 τοῦ
1425 2054 1541 2122 τὴν
1595 2051 1713 2123 γῆν
1737 2049 1908 2117 ποιῆ-

314 2173 440 2221 σαι,
481 2157 579 2209 καί
624 2154 720 2226 τὴν
759 2155 863 2225 γῆν
915 2152 1077 2206 πάλιν
1119 2149 1217 2221 τὴν
1294 2148 1473 2218 σάρκα
1548 2140 1685 2197 εἶναι
1737 2143 1905 2211 λέγει.

315 2248 522 2321 Γράφει
542 2248 601 2301 δὲ
631 2246 792 2300 οὕτω·
836 2264 854 2297 ι
888 2247 1056 2299 Ποίαν
1110 2240 1314 2311 ταύτην
1367 2237 1464 2309 τὴν
1507 2233 1911 2306 γῆν;ἢδηλον-

323 2359 342 2393 ι
382 2341 466 2395 ὁτι
495 2340 596 2411 τὴν
626 2337 902 2410 ἡμετέραν
936 2335 1138 2405 σάρκα,
1170 2331 1269 2403 τὴν
1304 2329 1442 2402 μετά
1496 2326 1595 2397 τὴν
1624 2322 1912 2395 πάρακοὴν

322 2452 341 2485 ι
381 2432 488 2502 γῆν
525 2429 683 2494 αὖθις
720 2428 1050 2499 γενομένην·
1084 2424 1175 2493 Γῆ
1216 2422 1328 2493 γὰρ
1369 2416 1444 2484 εἴ,
1474 2418 1660 2489 φησὶν,
1696 2415 1795 2469 καὶ
1825 2416 1914 2480 εἰς

324 2545 343 2578 ι
384 2524 506 2595 γῆν
552 2522 885 2589 ἀπελεύσῃ.
947 2517 1094 2571 Ἔδει
1141 2516 1250 2586 γὰρ
1300 2513 1507 2582 ταύτην
1575 2508 1770 2572 ἰάσεως
1816 2525 1914 2561 τυ-

2016 1978 2033 2010 ι
2067 1974 2187 2015 esse
2211 1959 2361 2022 dicit,
2393 1973 2514 2011 cum
2537 1965 2716 2012 tamen
2750 1956 2901 2026 plura
2926 1955 3313 2025 praeteriissent
3352 1953 3549 2007 sazcula
3577 1969 3593 2005 :

2018 2068 2037 2103 ι
2076 2049 2296 2119 quodet
2334 2048 2504 2102 David
2555 2046 2807 2112 affirmat,
2851 2048 3124 2113 inquiens,
3156 2044 3260 2111 Qui
3309 2052 3423 2100 erat
3475 2052 3599 2099 ante

2017 2160 2036 2194 ι
2074 2140 2271 2196 sarcula
2298 2140 2365 2192 ’⁸.
2398 2159 2416 2191 ι
2442 2138 2767 2207 Progressus
2792 2137 2920 2193 hinc
2947 2139 3013 2192 ad
3050 2137 3198 2203 illud,
3229 2134 3295 2189 In
3314 2137 3595 2205 principio.

2014 2235 2321 2302 priusquam
2371 2241 2566 2284 terram
2608 2229 2873 2295 conderet,
2927 2228 3000 2282 ibi
3030 2229 3207 2282 denuo
3242 2238 3441 2281 terram
3475 2241 3599 2281 esse

2013 2339 2235 2381 carnem
2281 2332 2583 2380 asseverat.
2616 2339 2634 2373 ι
2665 2321 2967 2389 Quamnam
3007 2336 3137 2375 vero
3195 2318 3435 2375 terram?
3467 2338 3486 2371 ι
3520 2319 3597 2375 ita

2017 2420 2093 2474 ait
2122 2436 2135 2471 :
2172 2438 2189 2471 ι
2223 2426 2370 2473 certe
2400 2432 2504 2470 non
2535 2417 2694 2470 aliam
2718 2432 2882 2485 quam
2913 2430 3134 2469 carnem
3160 2423 3402 2468 nostram
3433 2428 3447 2465 :
3477 2428 3600 2483 quae

2023 2531 2040 2563 ι
2081 2522 2203 2577 post
2235 2509 2746 2579 transgressionem,
2806 2517 2950 2561 terra
3003 2506 3220 2560 demum
3274 2505 3421 2559 facta
3473 2504 3599 2560 fuit.

326 2638 344 2667 ι
388 2620 525 2687 χεῖν.
570 2634 588 2667 ι
636 2613 746 2667 Καὶ
782 2611 958 2665 ταῦτα
998 2610 1055 2663 δὲ
1095 2607 1317 2677 φάσκει,
1345 2605 1404 2657 οὐ
1464 2599 1844 2674 μνημονεύσας
1888 2600 1915 2651 6

2026 2626 2044 2656 ι
2084 2603 2249 2658 Terra
2275 2621 2327 2658 es
2362 2602 2522 2664 enim,
2559 2600 2764 2670 inquit,
2796 2608 2843 2653 et
2897 2600 2952 2652 in
2998 2611 3193 2652 terram
3244 2597 3600 2652 reverteris".

324 2707 637 2778 σοφώτατος
665 2706 739 2769 ὡς
765 2706 859 2758 καὶ
884 2702 1143 2773 ἀνωτέρω
1166 2699 1272 2770 πρὸ
1298 2696 1391 2750 τοῦ
1423 2696 1522 2767 τὴν
1550 2696 1655 2766 γῆν
1691 2692 1915 2761 ποιῆσαι

2026 2714 2044 2747 ι
2076 2695 2171 2749 Illa
2206 2695 2408 2749 etenim
2459 2691 2796 2763 persananda
2843 2688 3041 2744 fuerat.
3078 2708 3097 2740 ι
3133 2687 3257 2743 Hinc
3295 2696 3476 2742 autem
3527 2688 3604 2743 ita

322 2801 574 2855 ἐκτίσθαι
617 2798 717 2870 τὴν
767 2798 947 2869 σάρκα
985 2792 1159 2866 ἀρχὴν
1200 2789 1336 2844 ὁδῶν
1373 2788 1467 2842 τοῦ
1514 2785 1649 2840 Θεοῦ
1682 2781 1915 2856 εἰρηκὼς

2024 2786 2223 2857 posuit.
2253 2800 2361 2840 nun
2393 2783 2729 2843 recordatus,
2756 2794 2853 2849 pro
2882 2795 2977 2835 sua
3008 2779 3271 2848 sapientia
3296 2780 3439 2848 quod
3470 2778 3605 2834 dici-

322 2894 537 2965 ἔτυχεν.
572 2894 635 2946 Εἰ
672 2892 727 2945 δὲ
758 2891 894 2954 ὅλως
926 2888 1016 2942 διά
1048 2888 1147 2957 τῆς
1183 2885 1286 2954 γῆς
1326 2880 1425 2952 τὴν
1467 2878 1669 2948 σάρκα
1705 2876 1915 2948 ἐδήλου,

2025 2890 2135 2945 tur,
2202 2876 2521 2947 priusquam
2580 2885 2726 2929 terra
2782 2873 3151 2937 conderetur,
3212 2880 3453 2925 creatam
3500 2871 3609 2927 dici

474 2986 535 3038 ού
580 2984 956 3054 προϋπάρχειν
997 2978 1098 3049 τῆς
1132 2975 1334 3047 σαρκὸς
1376 2971 1593 3041 ἀνάγκη
1639 2968 1915 3041 ὁμολογεῖν

2024 2987 2249 3028 carnem
2279 2969 2605 3041 principium
2637 2968 2847 3021 viarum
2875 2965 2995 3022 Dei.
3021 2964 3176 3031 Quod
3223 2964 3267 3020 si
3317 2978 3451 3021 vero
3511 2979 3610 3036 per

320 3079 417 3132 τὸν
436 3077 675 3146 ολέγοντα
705 3074 811 3146 πρὸ
844 3070 936 3126 τοῦ
979 3071 1079 3142 τὴν
1107 3068 1211 3138 γῆν
1256 3066 1480 3137 ποιῆσαι
1525 3062 1717 3117 ἑαυτὸν
1743 3057 1915 3123 εἷναις

2027 3076 2228 3119 terram
2282 3061 2525 3117 indicare
2569 3059 2744 3114 voluit
2780 3072 2992 3113 carnem
3026 3070 3046 3111 .'
3077 3054 3348 3126 quomodo
3394 3055 3612 3125 cogitur

320 3169 448 3241 Πρὸ
491 3170 602 3240 γὰρ
645 3166 752 3221 τοῦ
796 3163 1043 3229 αἰῶνος,
1087 3161 1273 3233 φησιν,
1317 3153 1677 3227 ἐθεμελίωσέ
1706 3171 1804 3225 με,
1856 3153 1915 3206 ἐν

2027 3152 2273 3211 conﬁteri
2304 3166 2411 3206 non
2457 3151 2733 3206 exstitisse
2776 3160 2905 3205 ante
2955 3162 3170 3205 carnem
3194 3148 3284 3217 qui
3310 3147 3439 3201 dicit
3471 3153 3531 3211 ile
3552 3160 3613 3201 se

321 3235 637 3332 ἀρχῇ-πρὸ
674 3257 782 3310 τοῦ
815 3255 930 3322 τὴν
966 3251 1082 3322 γῆν
1132 3249 1407 3318 ποιῆσαι.
1450 3246 1660 3301 Οὐκοῦν
1693 3246 1800 3318 πρὸ
1826 3243 1915 3297 τοῦ

2028 3247 2347 3315 priusquam
2387 3252 2531 3297 terra
2578 3242 2938 3305 conderetur,
2973 3238 3286 3294 exstitisse?
3324 3235 3458 3291 Nam
3490 3246 3615 3291 ante

318 3328 428 3425 τῆν
470 3352 654 3422 σάρκα
694 3347 917 3417 ποιῆσαι
949 3345 978 3396 6
1028 3341 1201 3395 ταῦτα
1244 3340 1417 3408 λέγων
1453 3338 1718 3407 ὑπῆρχεν.
1759 3338 1823 3389 Εἰ
1868 3335 1915 3425 δὲ

2026 3335 2301 3398 saeculum,
2352 3333 2548 3402 inquit,
2600 3333 2841 3401 fundavit
2881 3347 2998 3394 me,
3044 3332 3101 3383 in
3146 3328 3415 3398 principio
3460 3335 3611 3380 ante-

324 3416 425 3499 καὶ
461 3416 777 3514 μῆῠπολλῶν
811 3416 1027 3490 αἰώνων
1056 3430 1485 3503 ἐμνημόνευσεν,
1521 3426 1634 3480 ἀλλ’
1678 3425 1817 3488 ἑνὸς,
1862 3416 1915 3475 οῦ

2027 3445 2185 3499 quam
2213 3438 2408 3481 terram
2434 3425 2651 3495 faceret.
2684 3426 2861 3493 Atque
2887 3424 2959 3478 ita
2998 3424 3090 3492 qui
3132 3423 3233 3476 ista
3267 3423 3332 3476 de
3366 3435 3425 3474 se
3455 3419 3611 3482 dixit.

324 3536 425 3591 καὶ
465 3511 721 3602 δΣωτὴρ
764 3526 1010 3600 ἐμνήσθη
1051 3523 1250 3587 εἰπὼν,
1290 3524 1356 3575 Oi
1397 3519 1517 3575 υἰοί
1562 3518 1670 3572 τοῦ
1710 3516 1915 3581 αἰῶνος

2029 3529 2177 3575 certe
2202 3515 2501 3573 exsistebat
2530 3524 2655 3571 ante
2681 3530 2922 3570 carnem.
2941 3514 3067 3569 -Nec
3116 3513 3281 3568 refert
3310 3511 3457 3582 quod
3503 3526 3614 3567 non

326 3623 552 3678 τούτου
586 3617 845 3690 γαμοῦσι
877 3616 975 3669 καί
1006 3614 1434 3683 γαμίσκονται,
1483 3610 1580 3663 καὶ
1613 3606 1785 3669 οὕτως
1830 3607 1929 3677 οὐχ

328 3718 367 3787 ἡ
395 3712 538 3784 σὰρξ
561 3713 626 3784 ἢν
657 3710 945 3781 ἀνείληφεν
973 3709 1000 3760 ὁ
1029 3706 1220 3776 Σωτὴρ
1251 3703 1410 3775 ἡμῶν
1440 3702 1546 3774 πρὸ
1574 3700 1672 3754 τοῦ
1697 3697 1928 3752 ἐνεστῶ-

329 3823 427 3869 τος
455 3803 651 3866 αἰῶνος
678 3802 892 3872 ὑπῆρχε
913 3816 926 3829 ο
970 3797 1083 3851 ἀλλ’
1114 3796 1276 3858 αὐτὸς
1301 3797 1329 3848 6
1365 3793 1537 3848 ταῦτα
1566 3792 1656 3847 διὰ
1682 3788 1931 3861 Σολομῶ-

332 3916 428 3963 νος
457 3896 743 3960 διδάσκων,
771 3894 902 3963 ὁρᾷς
928 3893 1030 3964 ὅσῃ
1059 3889 1451 3961 περιπέπτωκε
1473 3886 1750 3958 δυσχωρίᾳ.
1778 3886 1805 3937 ὁ
1833 3884 1933 3954 τῆς

334 3990 558 4053 εὐθείας
588 3988 685 4042 καὶ
718 3986 829 4057 (81)
868 3982 1151 4055 βασιλικῆς
1196 3980 1575 4051 παρατραπείς
1614 3978 1758 4031 ὁδοῦ.
1798 3977 1854 4029 '0
1877 3976 1935 4029 δὲ

331 4081 483 4154 πρὸς
522 4081 641 4142 ταῖς
672 4074 990 4148 εἰρημέναις
1025 4071 1104 4124 ἔτι
1146 4071 1241 4123 καὶ
1284 4068 1461 4122 ταῦτα
1490 4067 1816 4140 προστίθησι
1847 4066 1935 4118 λέ-

333 4190 455 4244 γων
476 4189 489 4203 ’
525 4169 644 4240 Πρὸ
683 4168 787 4221 τοῦ
817 4167 922 4231 τὰς
952 4165 1267 4227 ἀϐύσσους
1304 4160 1589 4230 ποιῆσαι,
1623 4160 1816 4230 φησίν·
1851 4159 1937 4210 ὲν-

334 4266 521 4322 ταῦθα
551 4265 649 4327 τὰς
690 4261 957 4322 ἀϐύσσους
1002 4255 1387 4330 παροιμιωδῶς
1430 4256 1459 4308 ὁ
1505 4255 1793 4325 προφήτης
1837 4251 1937 4314 τὰς

335 4360 452 4413 τῶν
496 4356 665 4424 ἁγίων
714 4352 943 4422 καρδίας
983 4347 1121 4403 εἶναι
1162 4344 1346 4417 λέγει,
1380 4346 1480 4409 τὰς
1530 4348 1587 4398 ὲν
1616 4344 1695 4415 τῷ
1729 4342 1938 4396 ἑαυτῶν

340 4450 504 4523 βάθει
544 4450 643 4518 τὴν
679 4445 771 4499 τοῦ
815 4444 1125 4514 πνεύματος
1167 4441 1399 4512 ἐχούσας
1451 4438 1680 4509 δωρεάν·
1725 4436 1819 4490 καὶ
1876 4435 1935 4489 ού

2031 3611 2347 3666 meminerit
2376 3610 2732 3681 plurimorum
2766 3605 3086 3663 smeulorum
3112 3646 3126 3670 ,
3161 3605 3257 3659 sed
3290 3604 3473 3667 unius,
3519 3616 3608 3657 cus

2026 3704 2116 3775 jus
2144 3713 2198 3759 ct
2223 3701 2483 3757 Servatur
2517 3700 2801 3767 meminit,
2827 3699 3108 3768 inquiens,
3136 3694 3268 3750 Filii
3308 3696 3465 3765 hujus
3510 3710 3615 3749 sa:-

2034 3801 2141 3854 culi
2178 3801 2305 3853 dant
2337 3808 2384 3853 et
2423 3798 2684 3865 accipiunt
2717 3797 2770 3848 in
2814 3794 3207 3847 matrimonium
3240 3792 3307 3847 ³ο.
3334 3789 3511 3858 Atque
3543 3788 3617 3842 ita

2035 3909 2143 3949 non
2176 3906 2330 3953 caro,
2360 3903 2523 3958 quam
2564 3885 2802 3954 suscepit
2829 3884 3089 3939 Servatur
3114 3872 3297 3935 noster
3324 3890 3449 3934 aute
3480 3892 3618 3946 prae-

2036 4002 2163 4044 sens
2215 3987 2316 4040 huc
2375 3983 2630 4039 saeculum
2685 3979 2983 4033 exsistebat
3021 3990 3036 4029 :
3081 3975 3176 4029 sed
3212 3972 3324 4035 ille,
3370 3972 3458 4039 qui
3503 3971 3621 4025 haec

2038 4079 2230 4136 eadem
2287 4091 2383 4146 per
2428 4075 2773 4129 Salumonem
2825 4069 3042 4131 docuit;
3090 4067 3238 4122 vides
3272 4064 3360 4119 ille
3406 4065 3621 4133 inquas

2043 4169 2331 4241 angustias
2376 4182 2433 4221 se
2483 4164 2798 4235 coniecerit,
2829 4161 2923 4231 qui
2967 4160 3033 4215 de
3075 4158 3221 4228 regia
3268 4166 3321 4212 et
3364 4164 3507 4210 recta
3532 4153 3621 4208 via

2037 4260 2347 4316 declinavit.
2368 4257 2447 4312 Ad
2478 4256 2563 4311 illa
2592 4263 2773 4308 autem
2792 4253 2937 4309 dicta
2969 4252 3214 4319 superius
3230 4256 3283 4303 et
3302 4248 3400 4302 ista
3425 4245 3573 4300 addit
3603 4262 3621 4300 :

2047 4371 2066 4404 ι
2106 4351 2425 4421 Priusquam
2473 4348 2719 4401 conderet
2775 4348 2987 4415 abyssos
3020 4360 3037 4397 :
3089 4341 3197 4404 hic,
3234 4339 3427 4407 inquit,
3463 4336 3625 4408 abys-

2046 4460 2067 4493 ‹
2104 4456 2194 4496 sus
2236 4437 2649 4509 proverbialiter
2689 4436 2948 4506 propheta
2976 4442 3284 4487 sanctorum
3308 4428 3474 4484 corda
3521 4440 3617 4495 ap-

340 4521 618 4613 συνίησιν,
651 4539 728 4602 ὡς
766 4537 872 4609 πρὸ
909 4537 1010 4606 τῆς
1064 4533 1332 4603 ὲνσάρκου
1378 4530 1491 4603 (8‘2)
1536 4528 1631 4581 τοῦ
1684 4526 1915 4597 Σωτῆρα

2047 4553 2065 4585 ι
2104 4534 2476 4603 ρειιιινίι,‹ιιιιιι
2500 4533 2551 4583 in
2577 4545 2673 4584 sua
2702 4528 3065 4597 profunditate
3084 4523 3302 4591 spiritus
3331 4521 3468 4575 dona
3497 4532 3622 4572 con-

342 4634 508 4708 ήμῶν
554 4630 858 4703 παρουσίας
896 4629 947 4680 οἱ
988 4628 1131 4695 άγιοι
1174 4624 1267 4678 τοῦ
1310 4621 1446 4677 Θεοῦ
1489 4621 1786 4693 προφῆται,
1840 4616 1935 4670 τοῦ

344 4724 519 4781 αὐτοῦ
575 4722 835 4794 μετέσχον
878 4717 1220 4788 πνεύματος,
1256 4714 1461 4784 Μωσῆς
1506 4730 1567 4766 τε
1614 4712 1708 4765 καὶ
1759 4712 1809 4763 οἰ
1857 4709 1937 4762 ἔτι

345 4816 601 4879 Μωσέως
638 4812 1008 4883 παλαιότεροι.
1048 4807 1257 4862 Οὐκοῦν
1290 4806 1505 4875 ἀνάγκη
1550 4803 1757 4856 τούτων
1795 4803 1940 4855 άπα-

350 4910 467 4963 σῶν
503 4906 613 4960 τῶν
647 4904 922 4967 ἀϐύσσων,
953 4902 1001 4954 εἰ
1026 4900 1091 4971 δὴ
1118 4900 1175 4952 αἰ
1218 4896 1325 4950 τῶν
1356 4896 1525 4964 ἁγίων
1554 4893 1772 4964 καρδίαι
1799 4887 1940 4963 ἦσαν

350 4994 539 5064 αὗται,
586 4997 940 5066 παλαιότερον
982 4988 1119 5046 εἶναι
1149 4990 1239 5045 τὸν
1276 4988 1524 5056 λέγοντα,
1557 4985 1677 5054 Πρὸ
1698 4985 1803 5039 τοῦ
1833 4986 1940 5049 τὰς

352 5097 673 5159 ἀϐύσσους
719 5089 989 5159 ποιῆσαι.
1020 5084 1144 5148 Πῶς
1186 5077 1280 5137 οὖν
1317 5081 1542 5136 δυνατὸν
1586 5076 1654 5150 ἦν
1705 5079 1797 5132 ἐπὶ
1846 5077 1946 5149 τὴν

358 5187 544 5258 σάρκα
585 5183 678 5238 τοῦ
724 5181 975 5252 Σωτῆρος
1025 5173 1392 5247 ἀναφέρεσθαι
1430 5170 1636 5234 ταῦτα;
1669 5169 1782 5222 Καὶ
1815 5168 1943 5238 μὴν,

356 5281 416 5335 εἴ
437 5296 522 5342 τις
554 5276 704 5346 αὐτῷ
728 5276 905 5345 παρῆν
927 5271 1037 5327 τῶν
1062 5271 1221 5325 θείων
1246 5264 1480 5335 Γραφῶν
1509 5263 1811 5332 ἐπιστήμη,
1844 5262 1947 5313 οὐκ

441 5454 501 5511 >14
529 5446 627 5501 Ed.
657 5444 855 5507 Paris.,
888 5456 1011 5511 pag.
1046 5437 1168 5494 l58.
1247 5436 1291 5467 ’⁸
1321 5432 1423 5488 lsa.
1460 5430 1626 5495 ν,12.
1704 5427 1787 5481 ⁸⁷1
1822 5427 1950 5481 Cur.
1987 5442 2071 5490 ιιι,
2101 5425 2189 5481 II.

432 5536 524 5585 xx,
562 5515 656 5575 54.

442 5711 554 5777 (8ῠ)
595 5707 767 5779 Vulgo
787 5706 922 5760 ἀλλά
969 5704 1099 5778 [τῶν
1145 5697 1415 5771 ἀοράτων]
1476 5697 1588 5751 καί.
1641 5694 1758 5748 Mox
1788 5693 1948 5762 vulgo

368 5794 497 5860 post
513 5780 699 5860 ,λέγων
730 5782 924 5860 intenrp.

445 5832 557 5925 (8|)
600 5832 769 5918 'Vulgu
828 5832 1110 5918 βάσιλικῆς
1164 5844 1256 5899 καὶ
1298 5838 1531 5908 εὐθείας,
1578 5843 1633 5894 ct
1676 5850 1820 5900 mox,
1862 5832 1949 5887 ὅδε

2051 4644 2071 4679 ι
2112 4623 2377 4679 tinehaut.
2420 4642 2439 4675 ι
2470 4622 2581 4677 Nec
2610 4618 3325 4690 intelligitquodantequam
3374 4613 3426 4666 in
3460 4624 3627 4665 carne

2046 4715 2304 4769 Servatur
2354 4712 2674 4777 adveniret,
2723 4710 2892 4763 sancti
2946 4707 3040 4762 Dei
3077 4705 3352 4776 pruphetze
3385 4700 3625 4771 ejusdem

2044 4805 2266 4875 spiritus
2311 4802 2745 4874 participabant;
2800 4798 2976 4853 Moses
3032 4797 3287 4851 nimirum
3340 4802 3393 4846 et
3449 4791 3629 4846 adhuc

2048 4897 2139 4951 illo
2168 4895 2516 4950 vetustiores.
2549 4894 2733 4961 Itaque
2764 4904 2990 4945 necesse
3018 4898 3099 4943 est
3137 4884 3502 4953 antiquiorem
3543 4880 3632 4933 his

2050 4987 2260 5057 abyssis
2291 4985 2360 5057 (si
2392 4985 2554 5040 modo
2588 4993 2895 5038 sanctorum
2928 4982 3090 5034 corda
3132 4978 3245 5032 siut
3283 4973 3485 5044 abyssi)
3532 4986 3631 5026 ex.

2050 5077 2257 5131 Stitisse
2292 5075 2467 5139 illum,
2504 5074 2596 5143 qui
2632 5072 2801 5137 dixit,
2858 5070 3182 5137 Priusquam
3218 5065 3393 5134 abyssi
3438 5061 3633 5116 conde~

2054 5178 2258 5233 rentur,
2284 5178 2395 5221 etc.
2433 5166 2714 5234 Quomodo
2751 5165 2918 5233 igitur
2968 5162 3035 5215 ad
3069 5174 3291 5214 carnem
3324 5152 3636 5210 Servatoris

2055 5260 2247 5315 referri
2276 5260 2573 5330 poterant?
2606 5258 2793 5326 Certe,
2824 5257 2873 5311 si
2902 5256 2983 5310 vel
3020 5251 3284 5309 tantillum
3328 5247 3634 5303 divinarum

2293 5423 2498 5480 "Psal.
2536 5436 2666 5489 xcu,
2698 5422 2753 5475 2.
2857 5420 2900 5451 "
2933 5416 3067 5474 Gen.
3112 5429 3199 5482 ιιι,
3228 5414 3313 5470 I9.
3424 5409 3468 5440 ³ο
3502 5405 3639 5462 Luc.

2058 5693 2214 5763 πρός,

2129 5762 2243 5835 (82)
2286 5759 2458 5832 Vulgo
2480 5774 2573 5815 του
2598 5774 2705 5815 om.
