4082 6388
436 389 541 446 987

1106 387 1377 443 EUSEBII
1415 382 1897 442 CESARIENSIS
1934 383 2087 441 OPP.
2130 384 2309 441 PARS
2350 386 2438 441 IV.
2478 417 2547 426 —
2587 387 3007 446 DOGMATICA.

3595 381 3701 452 988

437 513 848 582 Seripturarum
879 505 1243 580 cognitionem
1274 509 1528 573 haberet,
1563 523 1669 562 non
1713 508 1784 560 ita
1819 506 2007 560 leviter

2117 506 2182 559 ἂν
2223 495 2460 578 εὐχερῶς
2504 506 2679 572 οὕτως
2720 508 2832 581 (85)
2878 512 3206 581 ἀπεφαίνετο
3235 513 3333 579 τὰς
3378 514 3486 569 τῶν
3528 515 3700 584 ἁγίων

436 614 490 658 et
515 601 678 658 facile
699 601 1120 658 determinasset
1161 610 1476 655 sanctorum
1523 599 1684 654 corda
1720 613 1840 653 esse
1885 601 2018 652 istas

437 693 684 764 abyssos.
728 691 998 746 lnstanter
1025 691 1174 744 addit
1202 691 1346 744 enim
1377 689 1550 746 Moses
1569 731 1584 756 ,
1612 690 1754 759 quod
1786 689 2019 744 tenebrae

438 793 777 853 erantsuper
803 784 1091 854 abyssum;
1121 781 1402 852 multiplex
1431 783 1526 838 sed
1545 781 1937 837 inextricabilis
1953 782 2019 836 de

441 876 560 930 istis
585 891 765 930 sermo
781 879 982 930 seritur
1005 877 1057 929 in
1083 877 1282 930 divinis
1304 875 1546 929 Litteris.
1567 872 1703 927 Nam
1723 873 2018 944 Apostolus

439 968 535 1033 ait,
567 967 651 1022 Ne
703 969 921 1032 dixeris,
955 967 1086 1032 Quis
1137 969 1380 1020 ascendet
1436 967 1494 1020 in
1544 963 1772 1018 cretum?
1814 966 1910 1018 hoc
1942 975 2016 1018 est

441 1060 706 1114 Christum
738 1061 1030 1121 deducere;
1065 1069 1154 1112 aut
1181 1058 1311 1124 Quis
1338 1058 1611 1111 descendet
1651 1059 1705 1110 in
1728 1059 1972 1128 abyssum
1992 1060 2017 1112 ?

439 1154 538 1206 hoc
563 1161 660 1219 est,
702 1149 976 1205 Christum
1025 1168 1052 1206 e
1102 1147 1326 1205 mortuis
1373 1150 1592 1204 educere
1615 1151 1680 1204 ".
1727 1149 1784 1204 In
1820 1150 2015 1218 quibus

438 1242 651 1297 videtur
716 1241 1012 1297 iul‘ernales
1062 1241 1312 1311 regiones
1377 1243 1606 1311 abyssos
1683 1239 2010 1293 nominasse.

440 1332 592 1399 Quod
616 1333 818 1386 clarius
863 1332 1043 1386 adhuc
1095 1332 1305 1386 iudicat
1348 1332 1608 1386 Dominus
1659 1331 1770 1400 ipse
1821 1330 1872 1384 in
1925 1329 2015 1384 illo

438 1441 560 1480 cum
587 1424 723 1480 Jobo
749 1425 1020 1494 colloquio
1048 1441 1164 1487 suo,
1203 1424 1347 1479 Vade
1373 1435 1546 1478 autem
1579 1424 1648 1477 ad
1677 1423 1870 1491 fontem
1900 1439 2015 1475 ma-

439 1514 532 1578 ris,
558 1522 631 1577 et,
665 1512 730 1566 In
763 1514 985 1584 vestigiis
1012 1515 1185 1584 abyssi
1211 1515 1500 1568 ambulasti
1531 1530 1548 1568 :
1589 1513 1896 1582 aperiuntur
1921 1512 2014 1565 tibi

438 1621 547 1671 pra
571 1607 756 1658 timore
777 1607 960 1675 janua:
986 1607 1173 1658 mortis
1198 1621 1217 1660 :
1248 1605 1514 1675 janitores
1547 1607 1744 1673 inferni
1785 1607 2011 1659 uidentes

437 1704 507 1759 te,
533 1699 939 1750 contremiscunt
959 1698 1023 1750 ³².
1059 1699 1163 1752 Sed
1193 1708 1248 1751 et
1280 1699 1456 1767 impiae
1477 1700 1527 1752 in
1549 1699 1746 1769 abysso
1771 1707 2007 1766 potesta-

439 1797 521 1842 tes
547 1804 560 1841 :
589 1790 654 1841 de
684 1788 878 1857 quibus
905 1789 1108 1842 dictum
1139 1797 1242 1852 est,
1280 1787 1520 1842 Laudate
1553 1790 1704 1843 illum
1744 1789 1808 1842 de
1845 1799 2007 1854 terra,

2118 599 2346 667 καρδίας
2378 595 2514 652 εἶναι
2544 599 2642 662 τὰς
2667 600 2955 667 ἀϐύσσους,
2982 605 3280 676 ἐπιστήσας
3305 605 3378 670 ὡς
3409 605 3598 670 σκότος
3630 601 3702 677 ῆν

2120 690 2305 743 ἐπάνω
2341 690 2441 760 τῆς
2473 692 2732 760 ἀϐύσσου,
2765 694 2906 748 κατά
2941 694 3041 767 τὴν
3083 697 3324 761 Μωσέως
3369 698 3698 770 μαρτυρίαν.

2117 779 2213 833 καὶ
2252 781 2326 845 ὡς
2377 782 2546 844 πολὺς
2590 785 2684 836 καὶ
2721 785 3155 858 δυσερμήνευτος
3191 791 3219 842 ό
3259 789 3383 860 περὶ
3416 789 3592 842 αὐτῶν
3640 792 3702 844 ἐν

2117 871 2181 940 τῇ
2217 869 2337 943 θεία
2371 873 2556 943 Γραφῇ
2593 873 2818 945 φέρεται
2854 876 3028 944 λόγος.
3076 879 3133 930 Ὁ
3167 877 3264 948 μὲν
3293 878 3398 951 γάρ
3443 878 3703 933 Ἀπόστο-

2117 958 2224 1023 λος,
2264 960 2362 1028 Μὴ
2391 962 2588 1029 εἴπῃς,
2615 965 2768 1035 φησὶ,
2831 965 2926 1030 Τίς
2949 966 3310 1032 ἀναϐήσεται
3343 970 3430 1033 είς
3455 967 3562 1021 τὸν
3593 971 3699 1023 οὐ·

2111 1054 2334 1119 ρανόν;
2363 1055 2520 1108 τοῦτ’
2557 1055 2688 1108 ἐστι
2738 1058 2998 1124 Χριστὸν
3040 1061 3411 1130 καταγαγεῖν.
3457 1064 3543 1125 Ἦ,
3602 1064 3702 1128 Τίς

2116 1148 2512 1213 καταϐήσεται
2534 1151 2619 1215 είς
2647 1148 2762 1217 τὴν
2781 1149 3060 1205 ἄϐυσσον
3073 1169 3092 1216 ;
3113 1153 3269 1206 τοῦτ’
3292 1154 3430 1207 ἐστι’
3439 1154 3704 1221 Χριστὸν

2113 1240 2181 1293 ἐκ
2221 1240 2450 1308 νεκρῶν
2494 1241 2834 1311 ἀναγαγεῖν.
2883 1244 3068 1296 Ἔοικε
3120 1244 3249 1312 γοῦν
3296 1247 3353 1298 ἐν
3390 1245 3598 1310 τούτοις
3629 1246 3702 1300 τὰ

2114 1333 2208 1386 τοῦ
2243 1332 2368 1404 ᾅδου
2399 1335 2574 1405 χωρία
2610 1334 2936 1404 κεκληκέναι
2965 1336 3218 1390 ἄϐυσσον.
3251 1337 3359 1390 Καὶ
3387 1337 3546 1400 αὐτὸς
3574 1338 3631 1391 δὲ
3668 1341 3701 1392 ὁ

2113 1423 2318 1496 Κύριος
2354 1425 2686 1496 σαφέστερον
2729 1424 2887 1480 τοῦτο
2928 1427 3165 1498 παρίστη
3209 1429 3268 1481 ἐν
3311 1427 3390 1498 τῷ
3422 1429 3558 1500 πρὸς
3604 1429 3700 1482 τὸν

2128 1515 2245 1568 Ἰὼϐ
2272 1516 2640 1588 χρηματισμῷ
2665 1517 2840 1586 λέγων
2866 1518 2975 1588 (84)
2993 1535 3006 1548 ⁸
3032 1515 3252 1585 τΗλθες
3276 1512 3462 1572 δὲ’ἐπὶ
3492 1518 3700 1588 πηγὴν

2111 1606 2449 1675 θαλάσσης,
2473 1609 2542 1662 ἐν
2561 1609 2629 1662 δὲ
2655 1609 2891 1679 ἴχνεσιν
2916 1611 3191 1664 ἀϐύσσου
3231 1609 3694 1678 περιεπάτησας⁸

2111 1701 2452 1770 ἀνοίγονται
2489 1700 2558 1755 δέ
2595 1718 2694 1755 σοι
2741 1702 2904 1770 φόϐῳ
2935 1703 3119 1755 avlai
3159 1701 3418 1756 θανάτου
3441 1719 3455 1733 ο
3491 1706 3697 1756 πυλω-

2103 1793 2202 1861 ροὶ
2237 1793 2304 1846 δὲ
2337 1793 2486 1860 ᾅδου
2529 1793 2757 1860 ἰδόντες
2793 1809 2888 1858 σε,
2922 1793 3214 1861 ἔπτηξαν.
3265 1794 3374 1847 Καὶ
3397 1793 3495 1857 τάς
3538 1797 3594 1846 ἐν
3626 1799 3698 1866 τῇ

435 1881 686 1936 dracones
705 1893 752 1934 et
773 1883 1029 1935 universa:
1051 1882 1301 1951 abyssi”.
1333 1882 1636 1936 Etulterius
1661 1881 1812 1947 illud,
1839 1882 2007 1950 Super

2112 1885 2332 1957 ἀϐύσσῳ
2368 1886 2424 1939 δέ
2463 1886 2720 1957 δυνάμεις
2748 1886 3019 1957 πονηρὰς,
3050 1887 3178 1958 περὶ
3210 1880 3283 1939 ὧν
3314 1885 3548 1957 εἴρηται,
3598 1889 3702 1940 Αί-

435 1972 678 2040 abyssum
708 1971 954 2024 tenebrre.
988 1971 1060 2024 De
1089 1972 1286 2039 quibus
1316 1972 1390 2024 ait
1434 1971 1609 2026 Moses
1629 2013 1644 2036 ,
1687 1973 1750 2026 Et
1787 1974 2010 2027 tenebrae

433 2069 583 2116 erant
628 2078 783 2128 super
806 2061 1129 2131 abyssum“.
1178 2063 1302 2118 Haec
1358 2065 1538 2117 orituia
1581 2065 1672 2133 qui
1728 2066 2010 2120 addiscere

434 2161 666 2222 poterat,
703 2153 746 2206 si
776 2153 1019 2207 sedulam
1062 2157 1250 2208 saltem
1291 2170 1544 2223 operam,
1594 2165 1648 2209 et
1693 2173 1798 2210 non
1843 2157 2010 2226 negli-

431 2254 644 2316 gentem
671 2247 722 2300 in
753 2247 952 2300 divinis
988 2245 1204 2301 Litteris
1243 2248 1534 2316 posuisset,
1577 2253 1635 2310 Ψ
1677 2263 1784 2302 non
1826 2250 2010 2319 utique

430 2344 679 2391 vocasset
695 2347 1006 2390 sanctorum
1025 2336 1184 2390 corda
1202 2336 1426 2405 abyssos
1449 2353 1462 2388 :
1496 2335 1846 2390 intellexisset
1863 2337 2006 2390 enim

430 2428 697 2498 quomodo
735 2427 934 2482 dictum
983 2428 1083 2493 sit,
1133 2438 1206 2495 et,
1240 2429 1470 2498 Abyssus
1509 2431 1712 2484 invocat
1739 2430 2005 2499 abyssum.

429 2521 498 2574 ad
527 2537 698 2574 vocem
727 2531 1120 2575 cataractarum
1153 2533 1372 2575 tuarum
1393 2522 1466 2588 ³⁸,
1513 2533 1568 2576 et
1610 2523 1804 2576 iterum
1825 2562 1840 2586 ,
1873 2526 2005 2576 Tur-

429 2613 565 2668 bata:
593 2622 712 2667 sunt
751 2614 958 2683 abyssi,
1000 2613 1280 2666 multitudo
1309 2614 1511 2667 sonitus
1567 2611 1911 2682 aquarum“,
1952 2621 2007 2664 et

428 2705 646 2769 iterum,
669 2705 906 2776 Abyssus
929 2715 1177 2774 tanquam
1196 2705 1346 2759 vestis
1369 2704 1790 2758 circumamictus
1807 2702 1920 2772 ejus
1939 2703 2004 2756 ³⁷.

429 2795 554 2851 Haec
591 2805 648 2852 et
682 2796 765 2850 his
801 2796 999 2850 similia
1051 2797 1288 2850 novisset
1333 2795 1611 2857 exactius,
1656 2796 1700 2848 si
1747 2810 1867 2864 quae
1909 2794 2007 2862 ipsi

425 2902 555 2943 cura
589 2886 844 2942 subiisset
887 2897 946 2940 ut
977 2887 1091 2942 hzec
1137 2887 1465 2955 intelligeret
1504 2901 1517 2940 :
1551 2896 1609 2940 at
1669 2903 1811 2940 nunc
1859 2895 2005 2939 tanta

428 2980 543 3051 ipse
575 2978 874 3043 facilitate,
921 2988 1136 3047 tamque
1163 2977 1427 3033 dissolute
1474 2987 1785 3033 sanctormn
1841 2978 2004 3034 corda

426 3069 795 3140 pronuntiavit
831 3069 1076 3138 abyssos.
1118 3067 1227 3123 Nec
1262 3079 1437 3124 tamen
1474 3070 1546 3122 ita
1579 3067 2006 3137 iutellexitquod

426 3161 510 3216 vel
539 3161 835 3217 secundum
869 3159 1546 3228 bancinterpretationem
1573 3199 1588 3223 ,
1635 3158 1682 3213 is
1712 3160 1802 3226 qui
1845 3159 2002 3224 dixit,

2116 1977 2270 2033 νεῖτε
2300 1978 2486 2032 αὐτὸν
2517 1979 2585 2032 ἐκ
2620 1977 2730 2046 τῆς
2746 1977 2876 2047 γῆς,
2911 1975 3253 2046 δράκοντες,
3286 1978 3383 2030 καί
3419 1975 3610 2032 πᾶσαι
3637 1979 3700 2032 αι

2116 2067 2410 2122 ἄϐυσσοιο
2449 2068 2544 2121 καὶ
2587 2067 2784 2134 ἔτιτὸ,
2827 2067 3063 2122 Ἐπάνω
3103 2067 3214 2136 τῆς
3244 2068 3520 2122 ἀϐύσσου
3551 2069 3672 2121 σκό

2114 2178 2244 2225 τος·
2276 2159 2403 2231 περὶ
2423 2153 2484 2213 οὗ
2524 2159 2731 2228 Μωσῆς
2769 2159 2896 2229 ἔφη,
2928 2159 3038 2213 Καὶ
3083 2158 3196 2229 (85)
3237 2161 3458 2224 σκότος
3497 2160 3701 2214 ἐπάνω

2113 2251 2224 2320 τῆς
2263 2253 2572 2306 ἀϐύσσου’
2609 2250 2783 2304 ταῦτα
2810 2252 2988 2304 πάντα
3029 2250 3235 2321 μαθὼν,
3292 2250 3450 2322 εἴπερ
3481 2246 3548 2322 ἦν
3577 2252 3702 2303 ἐπι-

2115 2343 2312 2405 πόνως,
2341 2343 2477 2396 ἀλλά
2523 2343 2598 2413 μὴ
2647 2341 2905 2412 ἐξιτήλως
2944 2344 3064 2405 ταῖς
3100 2342 3271 2405 θείαις
3323 2341 3703 2412 ἐντετυχηκὼς

2114 2436 2380 2504 Γραφαῖς,
2416 2435 2516 2487 οὐκ
2556 2433 2621 2486 ἂν
2655 2432 2752 2494 τὰς
2779 2431 2888 2485 τῶν
2917 2431 3088 2500 ἁγίων
3118 2432 3344 2502 καρδίας
3369 2431 3573 2501 ἐτόλμα
3616 2434 3702 2486 εξ-

2115 2528 2235 2581 πεῖν
2262 2530 2360 2590 τὰς
2389 2526 2678 2589 ἀϐύσσους,
2705 2524 2844 2593 ἔγνω
2877 2524 2920 2577 δ’
2948 2523 3035 2587 ἂν,
3064 2525 3211 2588 ὅπως
3252 2523 3467 2596 εἴρηται
3490 2525 3586 2578 καὶ
3612 2523 3705 2585 τὸ,

2120 2615 2426 2682 ’Λϐυσσος
2447 2616 2723 2669 ἄϐυσσον
2747 2614 3114 2668 ἐπικαλεῖται
3129 2617 3216 2681 εις
3230 2615 3440 2684 φωνὴν
3451 2612 3573 2670 τῶν
3594 2633 3700 2670 κα·

2114 2708 2454 2774 ταρῤακτῶν
2473 2722 2608 2761 σουο
2637 2707 2730 2761 καὶ
2744 2703 2917 2770 αὖθις,
2937 2706 3391 2775 Ἐταράχθησαν
3413 2707 3705 2771 ἄϐυσσοι,

2114 2797 2348 2866 πλῆθος
2373 2798 2562 2866 ἤχους
2583 2798 2822 2864 ὕδατος·
2849 2798 2941 2850 καὶ
2957 2799 3138 2862 πάλιν,
3161 2799 3696 2870 Ἀϐυσσοςώςίμά-

2114 2907 2242 2942 τιον
2274 2889 2340 2943 τὸ
2383 2892 2766 2959 περιϐόλαιον
2793 2891 2998 2944 αὑτοῦ.
3037 2891 3220 2944 Ταῦτα
3265 2894 3359 2945 καὶ
3385 2893 3456 2946 τὰ
3486 2894 3700 2959 τούτοις

2112 2980 2314 3050 ἀδελφά
2351 2982 2709 3054 διηκρίϐωσεν
2742 2983 2829 3045 ἂν,
2862 2984 2914 3036 el
2948 3001 3030 3046 τις
3059 2979 3126 3054 ἦν
3155 2983 3304 3055 αὐτῷ
3345 2985 3566 3057 φρόντις
3596 2987 3704 3056 τῆς

2111 3074 2316 3128 τούτων
2358 3075 2716 3146 καταλήψεως
2748 3094 2760 3106 ·
2801 3076 2911 3148 (86)
2945 3075 3038 3130 νῦν
3085 3077 3142 3130 δὲ
3181 3077 3487 3148 προχείρως
3526 3077 3696 3142 οὕτως

2113 3167 2208 3220 καὶ
2241 3167 2632 3238 διαλελυμένως
2660 3169 2758 3233 τὰς
2789 3168 2897 3222 τῶν
2936 3168 3105 3237 ἁγίων
3140 3168 3368 3239 καρδίας
3400 3169 3500 3233 τὰς
3527 3170 3693 3223 ἀϐύσ-

427 3253 746 3324 Priusquam
785 3255 1032 3306 conderet
1085 3252 1300 3322 abyssos
1344 3253 1560 3305 aderam
1599 3250 1765 3315 illi",
1816 3251 2007 3306 docere

2114 3276 2238 3322 σους
2287 3255 2425 3313 εἶναι
2473 3260 2895 3330 ἀποφηνάμενος
2916 3299 2928 3323 ,
2973 3259 3080 3312 οὐδ’
3111 3259 3286 3322 οὕτως
3320 3263 3554 3331 συνῆκεν
3575 3300 3590 3323 ,
3622 3263 3697 3325 ὡς

423 3344 594 3399 voluit
627 3358 685 3398 se
715 3341 1078 3396 antecessisse
1114 3351 1360 3409 tempore
1404 3350 1622 3394 sanctos
1663 3339 1783 3395 illos
1812 3349 1866 3394 et
1898 3339 2006 3394 Deo

423 3435 649 3491 dilectos
671 3434 818 3489 viros
850 3434 998 3502 quia
1023 3431 1223 3486 saeculo
1267 3431 1484 3486 fuerunt
1511 3472 1526 3498 ,
1563 3440 1623 3485 ut
1675 3431 2006 3499 impossibile

423 3526 588 3582 fuerit
612 3525 924 3580 omnimodo
953 3538 1112 3578 voces
1151 3523 1268 3577 illas
1309 3523 1592 3592 praedictas
1631 3521 1780 3576 carni
1809 3522 2007 3575 Serva-

426 3619 559 3673 tori’s
577 3617 857 3686 adaptare.
880 3615 928 3670 Is
947 3630 1073 3669 vero
1095 3615 1162 3668 ad
1187 3614 1347 3667 aliam
1373 3628 1694 3683 progressus
1715 3613 2003 3666 dictionem

422 3707 662 3774 ejusdem
709 3705 1043 3775 Scriptum,
1083 3720 1205 3759 eam
1255 3717 1474 3773 quoque
1522 3704 1575 3757 in
1608 3703 1749 3756 hanc
1787 3711 2006 3757 senten-

428 3799 648 3853 tentiam
689 3793 1075 3868 interpretatur
1115 3797 1205 3869 [Β.
1245 3794 1364 3868 XX]
1405 3813 1418 3850 :
1463 3812 1482 3846 ι
1525 3794 1664 3862 Quid
1711 3809 1874 3864 porro
1899 3794 2002 3848 sibi

429 3909 448 3943 ι
479 3891 594 3946 vult
645 3898 700 3944 et.
756 3890 887 3944 illud
939 3901 1125 3958 caput,
1173 3889 1467 3956 Antequam
1517 3887 1786 3955 prodirent
1839 3885 2002 3954 fontes

431 3998 453 4032 ι
479 3980 836 4052 aquarum”?
878 3979 1053 4034 Divini
1084 3992 1276 4048 nempe
1306 3977 1534 4046 apostoli
1566 3977 1800 4031 fuerunt.
1832 3977 2003 4043 Quam

430 4091 447 4122 ι
477 4070 804 4126 sententiam
856 4067 1134 4136 Scriptura
1185 4067 1340 4120 nobis
1381 4067 1434 4119 in
1462 4067 1647 4120 Exodo
1695 4081 2004 4133 repraesen-

430 4184 449 4217 ι
486 4173 562 4219 tat
612 4179 626 4217 :
669 4164 759 4217 ubi
817 4163 923 4232 typi
957 4176 1144 4215 eorum
1189 4167 1704 4214 commemorantur.
1762 4156 2006 4212 Meminit

430 4277 449 4309 ι
480 4257 622 4311 enim
659 4252 887 4309 fontium
928 4251 1000 4307 ibi
1047 4251 1328 4306 duodecim
1347 4250 1417 4315 ‘°,
1464 4264 1585 4302 cum
1633 4249 1858 4303 totidem
1913 4265 2008 4302 nu-

429 4367 447 4402 ι
481 4361 629 4401 mero
681 4344 904 4415 apostoli
966 4353 1169 4399 essent.
1210 4361 1228 4394 ι
1298 4341 1423 4396 llaec
1469 4356 1591 4395 cum
1663 4343 1827 4406 dicat,
1895 4356 2002 4395 non

423 4439 824 4504 animadvertit,
860 4437 1000 4505 quod
1039 4445 1090 4489 et
1143 4448 1216 4488 xu
1259 4445 1418 4487 erant
1460 4433 1680 4488 lsraelis
1715 4433 1910 4497 tribus,
1949 4441 2006 4487 et

423 4541 500 4585 tu
539 4531 752 4583 illorum
800 4530 1140 4599 patriarcha.
1193 4526 1487 4580 Duodecim
1539 4526 1720 4578 itidem
1767 4524 2000 4592 prophe-

425 4631 491 4677 tae
518 4611 622 4674 uno
649 4621 786 4674 libro
821 4618 1219 4688 comprehensi.
1254 4615 1362 4671 Sed
1391 4624 1445 4670 et
1476 4631 1551 4669 xu
1595 4615 1647 4668 in
1677 4615 1761 4669 die
1795 4614 1943 4668 horae
1981 4630 1994 4666 :

421 4722 478 4766 et
507 4714 560 4767 in
609 4727 749 4764 attito
785 4725 858 4764 xu
910 4725 1143 4764 menses.
1194 4708 1478 4775 Quomodo
1523 4705 1688 4774 igitur
1735 4707 2002 4760 duodena-

424 4808 534 4860 t-ius
576 4821 853 4868 numerus,
907 4805 971 4857 ad
1017 4803 1286 4871 apostolos
1344 4803 1540 4871 potius,
1591 4815 1750 4868 quam
1791 4799 1858 4852 ad
1902 4798 2000 4852 ista

419 4893 602 4948 omnia
634 4892 950 4962 spectabat?
975 4891 1124 4957 Quod
1169 4892 1213 4945 si
1243 4892 1363 4960 quis
1397 4904 1652 4945 numerus
1685 4889 2008 4958 quantitati'

418 5000 540 5048 vus,
578 4999 794 5039 causam
850 4985 949 5052 ipsi
993 4983 1218 5053 praebuit
1263 4983 1571 5038 istiusmodi
1627 4980 1878 5036 dietionis
1925 4982 2012 5034 in-

423 5074 845 5141 terpretationis,
877 5074 1159 5142 Oportebat
1183 5075 1328 5128 illum
1359 5072 1794 5126 animadvertere
1820 5110 1836 5136 ,
1863 5070 2004 5140 quod

421 5177 595 5231 neque
626 5165 796 5218 sancti
821 5165 1132 5234 prophetae,
1159 5165 1208 5217 in
1243 5173 1502 5232 quantum
1533 5161 1826 5232 participes
1850 5169 2009 5216 erant

421 5252 658 5323 ejusdem
706 5255 938 5325 Spiritus
981 5257 1192 5320 sancti,
1242 5270 1271 5307 a
1317 5253 1552 5309 fontibus
1602 5253 1689 5307 bis
1736 5252 2006 5323 peregrini

488 5441 548 5504 ᾖς
581 5436 676 5490 Ed.
709 5435 903 5504 Paris,
933 5452 1050 5504 pag.
1095 5436 1212 5491 159.

493 5499 636 5560 l'sul.
669 5507 844 5563 “1.8.
890 5499 899 5504 ⁷
935 5499 1144 5560 ’δύίἐει1.
1187 5522 1366 5560 LxxVI.
1400 5505 1484 5567 l7.
1529 5505 1614 5558 l8.

492 5688 603 5759 (83)
631 5687 797 5759 Yulgo
825 5691 1198 5759 ἀπεφαίνοιτο.

501 5755 604 5830 ,84)
633 5755 832 5830 Times
869 5755 1043 5830 νυῖεο.
1088 5828 1109 5830 ,Α
1156 5823 1169 5830 Α
1359 5799 1363 5802 -

497 5823 605 5901 (eo)
642 5828 805 5898 Vulgo
835 5823 1025 5893 σκότος
1210 5831 1411 5885 ἐπάνω.

1328 5436 1368 5466 ³³
1397 5433 1552 5487 Rom.
1578 5449 1630 5498 x,
1661 5432 1710 5496 6,
1740 5431 1793 5484 7.
1872 5432 1915 5463 ³¹
1955 5429 2076 5487 Job.
2123 5447 2350 5492 xxxvut,
2382 5433 2467 5495 16,
2507 5434 2591 5486 l7.
2672 5436 2716 5466 ³³
2753 5435 3223 5499 Psal.cxt.vm,‘7.

1719 5502 1759 5532 ³⁷
1798 5501 1942 5557 Psal.
1972 5518 2089 5565 cut,
2121 5501 2175 5556 6.

2110 3348 2217 3419 πρὸ
2254 3348 2359 3402 τῶν
2394 3348 2563 3417 ἁγίων
2596 3350 2691 3402 καὶ
2722 3348 2985 3417 θεοφιλῶν
3017 3348 3248 3420 ἀνδρῶν,
3277 3349 3386 3402 τῶν
3420 3349 3480 3414 ἐξ
3503 3351 3694 3415 αἰῶνος

2107 3439 2434 3510 γενομένων,
2478 3441 2665 3494 ἐαυτὸν
2701 3442 2966 3512 ὑπάρχειν
2997 3439 3230 3504 ἐδίδαξεν
3268 3441 3297 3493 ό
3333 3439 3538 3504 εἰπὼν,
3570 3443 3689 3510 Πρὸ

2107 3530 2214 3584 τοῦ
2259 3533 2362 3598 τὰς
2401 3533 2713 3598 ἀϐύσσους
2766 3532 3047 3600 ποιῆσαι·
3094 3532 3169 3596 ὡς
3227 3534 3558 3603 πανταχόθεν
3609 3534 3680 3605 μὴ

2105 3621 2362 3676 δύνασθαι
2385 3626 2450 3694 τῇ
2484 3624 2647 3694 σαρκὶ
2672 3623 2764 3676 τοῦ
2797 3625 3047 3694 Σωτῆρος
3077 3623 3407 3694 ἐφαρμόζειν
3429 3623 3528 3687 τὰς
3553 3640 3684 3694 προ-

2107 3715 2366 3786 κειμένας
2393 3714 2584 3782 λέξεις.
2625 3717 2681 3769 Ὀ
2706 3716 2762 3768 δὲ
2791 3715 2899 3786 (87)
2929 3716 3014 3784 ἐφ’
3039 3716 3232 3788 ἐτέραν
3265 3715 3498 3786 μεταϐὰς
3528 3717 3686 3786 ῥῆσιν

2105 3807 2205 3876 τῆς
2242 3808 2412 3877 αὐτῆς
2445 3808 2686 3878 Γραφῆς,
2718 3808 2813 3860 καὶ
2841 3807 3042 3878 ταύτην
3074 3807 3248 3871 οὕτως
3276 3806 3564 3878 ἐρμηνεύει
3603 3806 3690 3860 λέ-

2106 3916 2217 3967 γων
2237 3915 2250 3929 ο
2296 3917 2315 3949 ι
2357 3899 2422 3950 Τί
2453 3899 2634 3952 τοίνυν
2669 3898 2783 3952 ἐστι
2830 3898 2924 3952 καὶ
2956 3899 3108 3952 τουτὶ
3134 3898 3194 3952 τὸ
3221 3899 3540 3968 κεφάλαιον,
3570 3897 3693 3966 Πρὸ

2113 4008 2133 4041 ι
2171 3989 2276 4043 τοῦ
2323 3990 2641 4058 προελθεῖν
2680 3992 2786 4057 τὰς
2837 3990 3032 4060 πηγὰς
3081 3989 3200 4044 τῶν
3248 3989 3522 4053 ὑδάτων;
3564 3990 3696 4052 τοὺς

2113 4099 2130 4132 ι
2173 4080 2354 4153 ίέρους
2389 4081 2722 4144 ἀποστόλους
2769 4076 2909 4134 εἶναί
2955 4099 3139 4152 φησιν.
3171 4080 3342 4134 Τοῦτο
3371 4081 3430 4134 δέ
3465 4082 3595 4152 ἡμῖν
3628 4080 3698 4132 τὸ

2111 4190 2132 4224 ι
2179 4174 2476 4244 μυστήριον
2511 4173 2840 4244 παρίστησιν
2873 4175 2906 4243 ή
2935 4173 3036 4242 τῆς
3084 4173 3296 4237 Ἐξόδου
3329 4173 3540 4244 γραφὴ,
3565 4173 3702 4236 τοὺς

2113 4283 2130 4316 ι
2170 4264 2278 4318 τῶν
2305 4264 2617 4318 ἀποστόλων
2645 4264 2852 4328 τύπους
2880 4264 3047 4318 πάλαι
3079 4262 3543 4335 προαγορεύουσα.
3575 4261 3702 4315 Δώ-

2113 4373 2130 4405 ι
2171 4355 2301 4408 δεκα
2323 4354 2430 4426 γὰρ
2460 4355 2629 4409 ὄντων
2650 4356 2738 4408 τὸν
2755 4354 2987 4427 ἀριθμὸν
3003 4354 3111 4407 τῶν
3129 4353 3461 4416 ἀποστόλων,
3477 4352 3703 4407 δώδεκα

2112 4465 2131 4497 ι
2173 4445 2364 4516 πηγῶν
2397 4447 2692 4517 μέμνηται.
2731 4467 2750 4500 ι
2784 4447 2893 4501 Καὶ
2923 4447 3096 4501 ταῦτα
3124 4446 3296 4514 λέγων
3326 4446 3386 4499 ού
3423 4447 3700 4516 συνίησιν,

2107 4534 2182 4598 ὡς
2215 4536 2310 4587 καὶ
2334 4534 2428 4588 τοῦ
2489 4537 2704 4607 Ἰσραὴλ
2741 4537 2945 4592 δώδεκα
2973 4533 3113 4608 ἦσαν
3149 4538 3334 4606 φυλαὶ,
3364 4539 3455 4592 καὶ
3480 4537 3705 4594 δώδεκα

2105 4626 2154 4675 οἱ
2185 4623 2388 4677 τούτων
2426 4628 2778 4698 πατριάρχαι,
2817 4627 2914 4698 μία
2951 4645 3010 4680 τε
3053 4627 3232 4697 βίϐλος
3279 4631 3312 4699 ἡ
3350 4629 3457 4682 τῶν
3484 4628 3705 4682 δώδεκα

2108 4713 2422 4782 προφητῶνο
2451 4714 2588 4768 ἀλλά
2626 4717 2721 4768 καὶ
2755 4715 2960 4768 δώδεκα
3007 4717 3103 4786 τῆς
3131 4718 3346 4788 ἡμέρας
3374 4709 3549 4788 ὧραι,
3599 4719 3706 4771 καὶ⁷

2112 4805 2277 4873 μῆνες
2303 4805 2396 4857 τοῦ
2431 4806 2630 4869 παντὸς
2671 4806 2823 4870 ἐτους
2854 4805 3078 4860 δώδεκα.
3115 4809 3180 4860 Τί
3211 4804 3302 4861 οὖν
3345 4808 3546 4878 μᾶλλον
3585 4812 3709 4872 τοῖς

2110 4895 2428 4960 ἀποστόλοις
2455 4897 2487 4967 ἢ
2519 4898 2748 4961 ἐκείνοις
2778 4899 2978 4952 ἅπασιν
3017 4901 3045 4951 ὁ
3075 4899 3184 4952 τῶν
3209 4898 3413 4951 δώδεκα
3442 4897 3709 4970 διέφερεν

2111 4983 2380 5054 ἁριθμὸς;
2419 4987 2482 5039 Ei
2517 4987 2579 5058 δὴ
2617 4987 2710 5040 τοῦ
2761 4989 2930 5041 ποσοῦ
2979 5006 3062 5052 τις
3105 4989 3335 5059 ἀριθμὸς
3366 4988 3462 5059 τὴν
3509 4989 3710 5044 αἰτίαν

2110 5072 2259 5142 αὐτῷ
2303 5075 2402 5144 τῆς
2441 5077 2645 5130 τοιασδὶ
2697 5077 2791 5130 τοῦ
2843 5078 3001 5147 λόγου
3057 5082 3316 5149 παρεῖχεν
3368 5080 3708 5150 ἑρμηνείας,

2109 5162 2246 5230 χρῆν
2287 5162 2343 5214 δὲ
2378 5165 2609 5218 συνιδεῖν
2640 5167 2718 5230 ὡς
2747 5168 2841 5219 καὶ
2862 5170 2912 5220 οἱ
2934 5166 3029 5220 τοῦ
3062 5167 3196 5220 Θεοῦ
3226 5169 3521 5239 προφῆται,
3558 5170 3713 5222 καθὸ

2065 5284 2068 5289 «
2107 5253 2202 5306 τοῦ
2242 5255 2406 5308 αὑτοῦ
2441 5258 2699 5328 μετέσχον
2745 5258 3058 5328 Πνεύματος
3087 5259 3264 5327 ἀγίου,
3290 5260 3388 5312 οὐκ
3415 5255 3557 5330 ἦσαν
3605 5261 3715 5314 ἀλ-

3302 5434 3345 5464 ³¹⁶
3387 5433 3528 5489 Gen.
3561 5451 3603 5498 I,
3643 5440 3709 5491 ἓ.

2274 5503 2322 5532 ³⁸
2361 5503 2517 5556 Prov.
2559 5519 2675 5569 vm,
2714 5507 2804 5559 2i.
2885 5505 2928 5535 "
2972 5505 3106 5560 ibid.
3186 5505 3229 5534 ⁵⁰
3260 5503 3429 5560 Exod.
3467 5519 3565 5579 ινν.
3598 5507 3704 5559 2⁷⁸

2173 5689 2284 5820 (8ῑῑζ
2329 5689 2495 5758 Vulgo
2516 5688 2652 5741 νυνί.

2177 5759 2262 5820 (87
2316 5759 2480 5820 Vulgo
2504 5759 2617 5820 ἀφ’.

2177 5759 2284 5821 (87)
2316 5759 2480 5828 Vulgo
2504 5759 2617 5826 ἀφ’.
2689 5837 2691 5839 ι
