4082 6382
336 397 441 453 989

1256 393 1344 453 DE
1382 389 1922 453 ECCLESIASTICA
1964 391 2356 450 'lliEOLOGlA
2398 393 2525 449 LIB.
2568 392 2655 449 Ill.

3506 399 3610 460 990

333 515 531 586 λότριοι
565 513 672 568 τῶν
702 514 911 586 πηγῶν.
938 515 1028 569 Διὸ
1052 515 1302 570 λέλεκται
1326 516 1454 587 περὶ
1485 515 1665 569 αὐτῶν
1683 518 1741 568 ὲν
1771 514 1923 569 Ψαλ-

2057 523 2261 569 iterant.
2314 513 2581 581 Quocirca
2635 514 2702 567 de
2755 510 2863 566 illis
2908 512 2963 565 in
2997 510 3229 567 Psalmis
3265 510 3465 567 dicitur
3498 532 3511 568 :
3545 513 3613 569 In

336 610 478 677 μοῖς,
496 606 592 659 Ἐν
626 607 1005 674 Ἑκκλησίαις
1040 609 1341 677 εὐλογεῖτε
1365 610 1471 663 τὸν
1516 608 1664 662 Θεὸν
1707 608 1925 675 Κύριον

332 698 401 751 ἐκ
434 697 640 767 πηγῶν
682 697 949 767 Ἰσραήλ.
984 700 1145 752 Ὥστε
1174 700 1269 752 καὶ
1294 701 1400 772 πρὸ
1423 701 1646 753 ἐκείνων
1676 698 1783 751 τῶν
1812 716 1923 768 πη·-

336 792 481 859 γῶν,
517 794 810 859 ἀναγκαῖον
849 792 1130 862 ὁμολογεῖν
1174 792 1265 844 τὸν
1317 791 1443 844 Υἰὸν
1490 785 1627 843 εἶναι
1674 789 1785 859 (88)
1829 787 1923 842 τοῦ

2031 602 2276 657 Ecclesiis
2313 604 2527 657 laudate
2572 601 2735 657 Deum
2776 601 3062 656 Dominum
3087 602 3151 656 de
3176 602 3410 671 fontibus
3436 601 3615 657 Israe-

2026 694 2170 751 lis".
2210 693 2279 749 Ut
2309 708 2531 749 necesse
2556 695 2627 748 sit
2655 708 2753 747 nos
2795 691 3041 747 conﬁteri
3073 691 3268 746 Filium
3311 690 3407 747 Dei
3443 692 3615 746 exsti-

2027 790 2156 842 tisse
2201 796 2328 840 ante
2375 785 2553 842 fontes
2603 785 2743 853 illos,
2779 800 2902 840 eum
2956 785 3047 855 qui
3073 785 3240 851 dixit,
3291 784 3616 856 Priusquam

338 884 471 938 Θεοῦ
511 884 603 937 τὸν
648 883 895 953 λέγοντα,
938 885 1057 953 Πρὸ
1092 886 1198 939 τοῦ
1239 883 1556 954 προελθεῖν
1592 883 1700 947 τὰς
1732 882 1927 951 πηγὰς

2057 882 2483 951 ννοάίνεηεῖοηιεε
2513 897 2793 950 aquarum.
2836 879 2885 935 ls
2914 881 3186 951 quomodo
3212 881 3313 937 hoc
3346 882 3616 950 interpre-

338 975 455 1030 τῶν
483 976 735 1031 ὑδάτων.
753 978 810 1030 Ὀ
829 977 885 1030 δὲ
908 978 1212 1030 ἐπάκουσον
1242 978 1389 1037 ὅπως
1410 974 1702 1047 ἐρμηνεύει
1729 974 1922 1041 λέγων·

344 1090 361 1118 ι
406 1068 638 1131 Εἰκότως
666 1064 757 1121 οὖν
786 1068 913 1138 περὶ
943 1065 1042 1139 τῆς
1070 1069 1211 1121 κατά
1248 1069 1426 1139 σάρκα
1456 1067 1564 1137 (89)
1598 1066 1867 1134 γενέσεως
1898 1066 1927 1116 6

343 1182 361 1214 ι
402 1161 709 1232 Δεσπότης,
759 1160 846 1213 διὰ
888 1160 982 1213 τοῦ
1037 1162 1317 1231 προφήτου
1366 1159 1677 1229 Σολομῶνος
1729 1158 1926 1225 λέγων,

343 1272 362 1303 ι
404 1253 523 1323 Πρὸ
549 1253 654 1307 τοῦ
687 1251 1000 1320 προελθεῖν
1041 1252 1147 1318 τὰς
1180 1252 1377 1321 πηγὰς
1426 1250 1545 1304 τῶν
1590 1249 1861 1311 ὑδάτων,
1904 1267 1922 1299 ι

338 1346 462 1416 ἔφη.
514 1347 625 1399 Καὶ
671 1346 964 1415 ἐπιφέρει·
1033 1362 1051 1395 ι
1094 1344 1250 1397 Οὕτω
1306 1342 1416 1415 γὰρ
1470 1344 1499 1395 6
1556 1340 1747 1411 Σωτὴρ
1793 1340 1929 1410 πρὸς

342 1456 362 1489 ι
399 1438 497 1501 τάς
529 1437 679 1509 ἱερὰς
703 1437 885 1507 πηγὰς
920 1436 1047 1507 ἔφη,
1080 1435 1484 1504 Πορευθέντες
1514 1433 1931 1507 μαθητεύσατε

344 1549 362 1581 ι
400 1530 596 1583 πάντα
623 1529 695 1583 τὰ
726 1530 892 1596 ἔθνη,
938 1549 957 1581 ι
988 1525 1125 1592 Εἶθ’,
1156 1527 1344 1598 ὥσπερ
1370 1524 1690 1594 συναγαγὼν
1724 1524 1813 1576 τὸν
1846 1522 1932 1574 λό-

337 1638 455 1691 γον,
486 1623 547 1676 τδ
576 1623 947 1694 συμπέρασμα
981 1622 1177 1690 ἐπάγει
1210 1624 1275 1692 τῇ
1312 1619 1507 1673 ἑαυτοῦ
1533 1619 1815 1689 διηγήσει,
1845 1616 1933 1669 λέ-

338 1733 472 1785 γων·
513 1736 529 1767 ι
552 1716 896 1787 Πανταχόθεν
912 1715 1068 1787 δῆλόν
1088 1717 1225 1779 ἐστι,
1248 1715 1375 1777 τοὺς
1409 1714 1585 1784 ἱεροὺς
1599 1710 1929 1773 ἀποστόλους

2030 984 2171 1029 tetur
2236 974 2361 1028 audi
2406 991 2420 1026 :
2476 990 2494 1023 ι
2543 970 2803 1038 Quocirca
2869 987 2969 1025 nec
3033 972 3306 1026 immerito
3353 971 3615 1029 Dominus

2032 1085 2052 1119 ι
2081 1082 2177 1137 per
2200 1066 2519 1136 prophetam
2558 1058 2904 1118 Salomonem
2938 1064 3100 1127 dixit,
3142 1060 3462 1133 Priusquam
3501 1080 3615 1117 sca-

2034 1175 2053 1212 t
2089 1158 2311 1210 turirent
2342 1156 2511 1225 fontes
2538 1170 2820 1225 aquarum,
2850 1156 2916 1207 de
2947 1166 3041 1207 sua
3069 1154 3362 1207 secundum
3395 1168 3614 1207 carnem

2032 1267 2052 1301 ι
2083 1230 2503 1319 generatione.)
2558 1246 2721 1301 Addit
2774 1264 2787 1300 :
2847 1265 2865 1298 ι
2918 1244 2993 1301 Ita
3047 1245 3193 1299 enim
3235 1244 3520 1311 Servator,
3550 1248 3617 1301 ad

2034 1356 2053 1389 ι
2088 1346 2309 1392 sanctos
2361 1337 2541 1391 fontes
2585 1337 2741 1399 dixit,
2791 1336 2993 1392 Euntes
3048 1336 3227 1390 docete
3270 1352 3445 1390 omnes
3493 1352 3620 1407 gen-

2036 1448 2055 1481 ι
2086 1440 2160 1485 tes
2182 1429 2248 1484 δ’.
2274 1450 2293 1482 ι
2312 1428 2617 1495 Postremo,
2636 1429 2800 1484 veluti
2825 1428 3128 1485 recollectis
3154 1430 3428 1493 omnibus,
3449 1430 3622 1484 intro.

2031 1520 2176 1576 ducit
2204 1520 2609 1577 conclusionem
2628 1520 3006 1588 disputationis
3033 1535 3141 1573 suae
3169 1538 3182 1572 :
3214 1526 3273 1583 >14
3306 1538 3324 1570 ι
3348 1519 3422 1573 Ita
3440 1519 3621 1574 omni-

2034 1631 2054 1665 ι
2085 1614 2243 1667 modo
2282 1614 2631 1683 perSpicuum
2662 1622 2764 1677 est,
2801 1619 3020 1666 sanctos
3069 1611 3341 1680 apostolos
3390 1611 3622 1681 ﬁgurato

2035 1704 2258 1761 «fontes
2308 1706 2602 1777 appellatos
2655 1720 2685 1759 a
2746 1705 3031 1774 prOpheta.
3086 1723 3105 1757 ι
3166 1705 3458 1773 Apostolus
3507 1704 3623 1756 vult

340 1809 434 1862 καὶ
464 1797 644 1879 πηγὰς
684 1807 958 1878 τροπικῶς
986 1806 1302 1877 ὠνομάσθαι
1330 1805 1436 1858 ὑπὸ
1452 1805 1546 1858 τοῦ
1577 1802 1876 1875 προφήτουο
1906 1820 1924 1851 ι

2057 1807 2208 1852 ontes
2251 1798 2555 1863 nominari,
2607 1805 2663 1851 at
2696 1797 2919 1851 minime
2970 1797 3019 1851 ei
3067 1796 3279 1865 placent
3317 1796 3616 1866 prOphetaa.

347 1922 365 1952 ι
393 1902 486 1955 καὶ
509 1878 635 1963 τοὺς
672 1901 768 1971 μὲν
796 1900 1130 1962 ἀποστόλους
1152 1897 1249 1962 τὰς
1278 1897 1460 1968 πηγὰς
1490 1892 1629 1950 εἶναι
1662 1894 1927 1964 βούλεται,

2057 1887 2141 1944 Zur
2165 1889 2272 1943 ita?
2301 1890 2556 1943 nimirum
2592 1887 2733 1957 quod
2764 1895 2888 1943 ante
2918 1887 3035 1942 illos
3064 1901 3288 1941 carnem
3318 1888 3627 1941 Servatoris

340 1994 441 2045 οὑκ
468 1993 760 2062 ἀρέσκουσι
790 1993 848 2044 δὲ
879 1991 1024 2061 αὑτῷ
1052 1992 1101 2043 οἱ
1127 1990 1425 2060 προφῆται.
1457 1987 1556 2040 Διά
1581 1987 1659 2051 τί;
1705 1984 1817 2039 ἀλλ’
1850 1984 1930 2036 ὅτι

346 2085 421 2155 μὴ
453 2082 674 2136 ἐδύνατο
701 2083 800 2153 τὴν
842 2082 1019 2153 σάρκα
1050 2080 1141 2134 τοῦ
1178 2080 1430 2149 Σωτῆρος
1463 2078 1568 2148 πρὸ
1594 2076 1820 2129 ἐκείνων
1850 2073 1930 2125 δι-

340 2175 508 2230 δόναι.
533 2176 724 2229 Καίτοι
767 2174 860 2228 καὶ
895 2173 1001 2245 πρὸ
1028 2173 1135 2226 τῶν
1163 2171 1306 2225 κατὰ
1330 2169 1491 2239 φύσιν
1523 2167 1795 2238 αἰσθητῶν
1831 2183 1936 2236 πη-

343 2268 478 2337 γῶν,
512 2261 586 2321 ὧν
608 2268 700 2320 καὶ
723 2265 927 2334 Μωσῆς
958 2264 1363 2335 ἐμνημόνευσεν
1392 2264 1448 2314 ὲν
1470 2263 1536 2331 τῇ
1568 2255 1933 2329 -κοσμοποιίᾳ,

345 2359 535 2422 εἰπὼν,
564 2357 732 2427 Πηγὴ
760 2356 827 2410 δὲ
854 2356 1169 2411 ἀνέϐαινεν
1189 2356 1258 2408 ἐκ
1282 2354 1392 2422 τῆς
1414 2351 1547 2422 γῆς,
1579 2352 1674 2405 καὶ
1710 2346 1937 2408 saeuire

344 2450 471 2507 πᾶν
500 2450 567 2505 τὸ
599 2452 923 2518 πρόσωπον
951 2447 1062 2515 τῆς
1088 2447 1218 2518 γῆς·
1252 2446 1347 2499 καὶ
1373 2441 1548 2508 αὖθις,
1577 2439 1849 2508 Ποταμὸς
1871 2436 1941 2490 δὲ

345 2545 729 2613 ἐκπορεύεται
763 2542 832 2606 ἐξ
878 2540 1073 2609 Ἐδὲμ,
1100 2536 1357 2599 ποτίζειν
1402 2536 1508 2589 τὸν
1549 2531 1937 2601 παράδεισον,

353 2638 706 2711 προῦπῆρχεν
727 2638 755 2690 6
782 2634 877 2687 τοῦ
913 2634 1047 2686 Θεοῦ
1090 2633 1238 2696 Υἱὸς,
1270 2633 1298 2683 6
1326 2629 1497 2683 ταῦτα
1527 2630 1582 2680 ὲν
1612 2623 1940 2697 Παροιμίαις

352 2730 481 2803 περὶ
514 2727 706 2782 ἑαυτοῦ
742 2726 1029 2781 διδάσκων.
1078 2726 1135 2777 'U
1169 2723 1226 2777 δὲ
1270 2721 1349 2793 τῷ
1394 2719 1515 2773 Ἰὼϐ
1566 2714 1939 2790 χρηματίζων,

353 2822 448 2876 καὶ
476 2819 668 2891 πηγῶν
714 2818 989 2887 θαλάσσης
1031 2813 1365 2885 μνημονεύει
1387 2811 1559 2879 λέγων
1580 2826 1593 2840 ·
1622 2804 1847 2871 Ἤλθες
1877 2804 1947 2857 δὲ

354 2914 451 2967 ἐπὶ
466 2912 671 2983 πηγὴν
682 2910 791 2979 τῆς
802 2908 1139 2974 θαλάσσης·
1155 2906 1225 2959 ἐν
1239 2903 1289 2957 δ’
1310 2904 1547 2971 ῖχνεσιν
1561 2899 1835 2953 ἀϐύσσου
1852 2911 1948 2948 πε·

346 3005 743 3077 ριεπάτησας.
762 3004 816 3056 Ἐ
825 3004 914 3055 πε¹ι
927 3003 982 3055 δὲ
1000 3002 1095 3054 καὶ
1109 2998 1362 3069 ὑπεράνω
1374 2995 1479 3047 τῶν
1495 2990 1760 3064 οὐρανῶν,
1780 2985 1950 3041 ὑδατά

357 3116 477 3154 τινα
529 3094 666 3153 εἶναι
711 3098 745 3167 ὴ
786 3095 978 3166 Γραφὴ
1025 3090 1300 3151 διδάσκει,
1336 3090 1369 3158 ἡ
1421 3086 1683 3153 λέγουσα,
1727 3079 1951 3135 Αἰνεῖτε

357 3192 565 3253 αὑτὸν,
586 3186 829 3257 οὺρανοὶ
842 3184 961 3237 τῶν
976 3180 1267 3250 οὐρανῶν,
1284 3179 1382 3234 καὶ
1399 3179 1473 3231 τὰ
1488 3176 1674 3229 ὕδατα
1691 3173 1761 3226 τὰ
1773 3175 1953 3238 ὑπερ-

2037 1978 2300 2033 exhibere
2334 1978 2612 2045 nequibat.
2638 1977 2704 2030 Et
2738 1986 2919 2031 tamen
2963 1976 3052 2031 Dei
3079 1977 3251 2032 Filius
3281 1977 3375 2045 qui
3409 1977 3526 2029 haec
3574 1976 3626 2028 in

2039 2067 2348 2125 Proverbiis
2370 2069 2436 2123 de
2459 2070 2637 2137 seipso
2667 2070 2968 2138 usurpavit,
2998 2079 3119 2123 erat
3146 2077 3274 2123 ante
3305 2068 3425 2122 illos
3454 2066 3633 2121 fontes

2041 2158 2341 2223 naturales,
2372 2175 2602 2227 quorum
2636 2160 2880 2213 meminit
2920 2160 2973 2212 in
3003 2160 3333 2228 cosmopceia
3380 2173 3474 2212 sua
3521 2156 3633 2212 Μοο

2042 2265 2164 2314 ses,
2203 2249 2290 2303 ubi
2327 2250 2421 2309 ait.
2460 2249 2531 2302 Et
2562 2250 2680 2318 fons
2706 2250 2769 2303 de
2796 2259 2939 2303 terra
2962 2250 3308 2310 ascendebat,
3349 2258 3397 2301 et
3436 2248 3635 2316 irriga-

2045 2345 2131 2395 bat
2160 2343 2346 2411 facient
2382 2343 2643 2395 universa:
2677 2352 2830 2394 terrw
2848 2341 2913 2406 “,
2947 2352 3000 2395 et
3034 2342 3228 2395 iterum
3257 2379 3271 2404 ,
3305 2339 3529 2392 Fluvius
3569 2340 3636 2392 de

2050 2436 2216 2489 Edent
2264 2435 2649 2504 egrediebatur,
2700 2442 2750 2486 et
2801 2434 3111 2501 paradisum
3154 2430 3489 2501 irrigabat“.
3533 2430 3635 2496 Qui

2045 2537 2244 2583 etcum
2269 2526 2406 2581 Jobo
2436 2526 2735 2581 collocutus
2776 2525 3002 2579 fontium
3056 2539 3271 2594 quoque
3317 2523 3483 2577 maris
3531 2537 3638 2576 me.

2048 2621 2227 2686 mittit,
2270 2616 2473 2672 Venisti
2502 2627 2678 2670 autent
2709 2618 2779 2670 ad
2829 2617 3177 2686 scaturigines
3212 2616 3378 2668 maris
3406 2630 3427 2668 :
3457 2612 3639 2667 ambu-

2049 2714 2172 2767 lasti
2197 2729 2287 2781 per
2314 2712 2527 2779 vestigia
2552 2710 2728 2780 abyssi
2744 2712 2813 2765 “.
2854 2709 2987 2764 Cum
3015 2725 3142 2763 vero
3180 2719 3233 2763 et
3266 2723 3431 2776 super
3468 2707 3638 2762 caelos

2052 2823 2315 2877 aquarum
2348 2807 2551 2861 mentio
2593 2805 2685 2858 fiat
2735 2805 2788 2858 in
2841 2803 3162 2872 Scripluris,
3217 2810 3398 2871 ulputa
3437 2799 3527 2855 ubi
3563 2799 3641 2854 lea

2053 2906 2218 2975 gitur,
2246 2901 2484 2956 Laudate
2515 2900 2817 2961 Dominum,
2861 2896 2973 2950 creti
3002 2908 3154 2965 atque
3192 2910 3343 2964 aqtta'
3364 2908 3481 2962 quae
3520 2902 3640 2947 sunt

2053 3012 2212 3066 super
2242 2993 2463 3049 caelos“
2511 3007 2523 3041 :
2577 3005 2916 3059 consequens
2954 2997 3039 3059 est
3069 2997 3127 3040 ut
3154 3002 3273 3056 qua:
3321 2985 3395 3038 sit
3433 2984 3640 3036 illarum

2057 3102 2325 3157 aquarum
2358 3095 2550 3138 natura
2585 3081 2938 3150 dispiciamus
2969 3094 2983 3131 :
3026 3078 3250 3146 quinam
3284 3076 3395 3131 sint
3430 3074 3642 3128 illarum

2061 3178 2257 3243 fontes,
2288 3185 2351 3231 ut
2380 3185 2435 3230 et
2466 3176 2613 3229 hisce
2638 3173 2913 3244 antiquior
2950 3171 3041 3224 ille
3075 3170 3415 3232 declaretur,
3448 3167 3537 3237 qui
3570 3168 3646 3219 ait

360 3244 483 3336 tiro)
500 3244 616 3333 τῶν
630 3244 922 3345 σύρανῶν,
941 3244 1234 3327 ἀκόλουθόν
1251 3269 1363 3339 (90)
1411 3270 1527 3320 ἐστι
1552 3265 1821 3319 κάκείνων
1842 3261 1948 3314 τῶν

2058 3285 2120 3325 se
2158 3268 2432 3323 exstitisse
2458 3281 2579 3319 cum
2618 3265 2852 3317 nondum
2890 3261 3171 3330 prodirent
3215 3259 3390 3312 fontes
3432 3257 3643 3311 illarum

363 3372 600 3435 ὑδάτων,
632 3371 791 3422 ὁποῖα
828 3365 893 3420 ἂν
936 3364 1157 3435 ὑπάρχῃ
1191 3360 1374 3430 φύσιν,
1404 3358 1596 3426 νοῆσαι
1632 3355 1786 3416 τίνας
1817 3350 1956 3406 εἶναι

364 3462 547 3535 πηγὰς
579 3500 595 3525 ,
649 3461 796 3522 ὅπως
844 3456 1115 3511 κάκείνων
1165 3449 1540 3524 πρεσϐύτερος
1591 3445 1886 3515 ἀποδειχθῇ
1932 3447 1961 3497 ὁ

364 3554 603 3627 εἰρηκὼς
645 3552 835 3605 ἑαυτὸν
863 3547 1242 3621 προῦπάρχειν
1277 3544 1383 3614 πρὸ
1413 3540 1506 3595 τοῦ
1546 3538 1832 3610 προελθεῖν
1861 3535 1961 3599 τὰς

366 3645 552 3718 πηγὰς
584 3643 693 3698 τῶν
726 3641 954 3695 ὑδάτων.
999 3638 1057 3691 Ὀ
1090 3638 1148 3691 δὲ
1183 3635 1372 3708 μηδενὶ
1421 3634 1625 3686 τούτων
1665 3632 1963 3711 ἐπιστήσας

367 3739 461 3794 τὸν
494 3737 640 3803 νοῦν,
687 3735 822 3808 μηδὲ
850 3734 1034 3786 πονεῖν
1069 3730 1290 3791 ἐθέλων,
1331 3729 1445 3789 τοῖς
1479 3726 1662 3787 αὐτοῖς
1692 3722 1962 3792 ἐπιμένει.

390 3831 544 3887 Ἐπεὶ
575 3829 670 3884 καὶ
703 3826 876 3882 ταῦτα
915 3824 1173 3895 φάσκων,
1217 3820 1337 3889 Πρὸ
1382 3818 1488 3872 τοῦ
1540 3815 1646 3883 ὅρη
1680 3809 1966 3881 ἐδρασθῆο

378 3941 499 3988 ναι,
530 3922 712 3993 φησὶν,
745 3918 858 3990 πρὸ
883 3918 951 3971 δὲ
967 3915 1209 3970 πάντων
1224 3909 1471 3978 ,Βουνῶν
1485 3904 1671 3979 γεννᾷ
1691 3922 1784 3975 με.
1824 3905 1965 3972 Ὅρη

375 4016 470 4071 καὶ
499 4014 742 4087 βουνοὺς,
770 3996 898 4073 τοὺς
927 4006 1280 4068 ἀποστόλους.
1311 4002 1408 4057 καὶ
1439 4001 1568 4062 τοὺς
1600 3998 1709 4051 τῶν
1738 3994 1968 4050 ἀποστό-

375 4083 789 4176 ).ων’διαδόχους
820 4102 989 4169 λέγει,
1033 4100 1121 4152 ἵνα
1164 4094 1316 4166 παρά
1358 4093 1487 4155 τοὺς
1527 4090 1719 4150 ἄλλους
1755 4083 1967 4156 ἀνθρώ-

382 4212 539 4261 πους,
574 4191 872 4265 τηνικαῦτα
909 4190 1038 4251 τοὺς
1065 4185 1279 4241 δικαίαν
1311 4180 1585 4235 πολιτείαν
1616 4178 1729 4247 (9i)
1775 4190 1966 4245 πάροι·-

387 4287 601 4351 ιιιωδῶς
638 4284 897 4358 σημαίνῃ.
934 4280 1143 4335 Οὐκοῦν
1186 4280 1233 4331 οἱ
1274 4272 1560 4343 αὑτοὶ(92)
1606 4266 1743 4342 ἦσαν
1780 4267 1875 4320 καὶ
1914 4267 1970 4318 αἱ

386 4382 581 4453 πηγαὶ,
614 4379 705 4449 (οἱ)
731 4356 885 4431 αὑτοὶ
919 4372 1014 4428 καὶ
1052 4371 1122 4424 τὰ
1146 4369 1268 4440 ὅρη,
1297 4368 1346 4420 οἱ
1385 4365 1537 4421 αὑτοὶ
1566 4363 1658 4416 καὶ
1691 4362 1740 4414 οἱ
1772 4356 1966 4431 βω)νοὺ

2059 3375 2343 3429 aquarum.
2371 3358 2441 3411 At
2497 3371 2627 3410 vero
2653 3353 2781 3408 nulli
2835 3354 3024 3407 horum
3071 3351 3359 3405 advertens
3405 3349 3646 3403 animum

2060 3450 2363 3511 Marcellus,
2399 3464 2496 3503 nec
2527 3448 2578 3502 in
2618 3447 2684 3501 iis
2724 3443 3043 3513 indagandis
3086 3441 3363 3497 collocatis
3402 3454 3645 3509 operam.

2060 3543 2113 3598 in
2142 3542 2414 3597 sententia
2446 3556 2542 3594 sua
2592 3537 2852 3607 persistit.
2889 3534 3022 3587 Nam
3068 3542 3121 3587 et
3169 3534 3295 3598 illa,
3326 3532 3650 3601 Priusquam

2061 3646 2261 3689 montes
2282 3634 2627 3703 ﬁrmarentur
2658 3649 2676 3685 :
2707 3641 2783 3696 et,
2808 3631 2942 3683 Ante
2967 3644 3141 3682 omnes
3175 3625 3333 3680 colles
3355 3624 3529 3694 genuit
3548 3639 3649 3686 me,

2063 3728 2131 3782 ad
2156 3727 2405 3781 eumdem
2461 3727 2678 3780 modum
2731 3724 3146 3792 interpretatur,
3176 3728 3375 3772 montes
3417 3727 3471 3770 et
3496 3714 3653 3769 colles

2067 3817 2338 3886 apostolos
2362 3830 2481 3871 esse
2511 3814 2780 3884 inquiens,
2806 3821 2860 3867 et
2881 3810 3248 3881 apostolorum
3273 3819 3611 3862 successores
3636 3823 3653 3861 :

2070 3920 2124 3964 ut
2151 3906 2584 3977 proverbialiter,
2623 3915 2819 3975 praeter
2855 3918 3061 3957 morem
3095 3900 3234 3970 apud
3265 3898 3400 3953 alios
3428 3910 3657 3965 usurpa-

2071 4011 2183 4056 tum
2208 3999 2410 4069 justam
2438 3998 2746 4067 reipublicae
2770 3993 3213 4049 administranda
3244 3989 3468 4044 formam
3492 3988 3659 4057 signi-

2075 4096 2285 4150 llc:tret.
2321 4092 2585 4159 Quocirca
2620 4089 2830 4155 fontes,
2854 4095 2908 4142 et
2937 4097 3168 4151 montes,
3202 4095 3255 4137 et
3308 4082 3473 4137 colles
3516 4080 3657 4134 idem

2073 4170 2474 4256 signiﬁcabant.
2534 4180 2638 4235 Sed
2683 4179 2847 4235 veluti
2902 4177 3199 4233 secundum
3262 4184 3507 4227 naturam
3551 4185 3659 4225 non

2074 4286 2178 4340 est,
2221 4286 2277 4329 ut
2305 4276 2394 4344 qui
2449 4275 2622 4329 oculis
2664 4280 2959 4328 cernuntur
2989 4271 3167 4323 fontes
3214 4275 3374 4335 atque
3426 4272 3659 4325 montes,

2077 4368 2237 4423 iidem
2272 4369 2380 4421 sint
2408 4367 2603 4437 (neque
2631 4364 2774 4420 enim
2807 4377 3070 4431 aquarum
3114 4359 3291 4414 fontes
3339 4359 3540 4411 habent
3573 4353 3665 4407 ali.

386 4441 501 4529 αλλ’
536 4441 725 4541 ῶσπερ
769 4461 869 4521 οὐκ
918 4466 1031 4536 ἔχει
1075 4462 1257 4532 φύσιν,
1303 4459 1396 4511 ἐπὶ
1435 4456 1542 4511 τῶν
1585 4450 1948 4525 θεωρουμένω·

2078 4460 2204 4529 quid
2257 4472 2543 4513 commune
2593 4470 2717 4510 cum
2775 4452 3039 4508 montium
3104 4448 3496 4511 cacuminibus)
3548 4441 3664 4513 pari

390 4564 583 4637 πηγῶν
610 4580 669 4616 τε
722 4561 815 4614 καὶ
853 4557 994 4627 ὁρῶν
1040 4556 1109 4609 τά
1148 4551 1289 4606 αὑτά
1335 4549 1566 4619 φάσκειν
1624 4542 1759 4597 εἶναι
1791 4541 1948 4613 (οὑδὲ

2084 4550 2263 4610 modo,
2317 4560 2370 4603 et
2418 4548 2471 4601 in
2506 4546 2608 4599 illis
2638 4559 2758 4613 qua:
2802 4542 3088 4612 allegorice
3134 4536 3479 4606 intelligenda
3517 4542 3665 4597 sunt,

552 4656 728 4710 κοινὸν
767 4652 842 4715 ὡς
886 4624 944 4702 έν
994 4647 1279 4721 ποιότητος
1323 4642 1467 4712 λόγῳ
1520 4640 1722 4708 πηγαῖς
1770 4634 1948 4687 ὑδάτωπ

2085 4641 2418 4698 instituenda
2449 4648 2533 4693 est
2563 4637 2851 4690 diversitas
2884 4635 3025 4688 inter
3056 4632 3143 4685 illa
3180 4646 3300 4698 quae
3332 4640 3425 4697 per
3473 4624 3667 4688 fontes,

395 4715 530 4823 meo;
569 4747 639 4800 τὰ
671 4745 777 4798 τῶν
814 4742 956 4813 ὀρῶν
991 4715 1425 4809 ἀναστήματα),
1455 4732 1545 4785 τὸν
1584 4729 1744 4782 αὑτὸν
1778 4727 1947 4797 τρόπο

2085 4732 2271 4799 colles,
2313 4739 2526 4784 montes
2571 4726 2961 4793 intelliguntur.
3007 4722 3097 4776 Ille
3143 4730 3321 4774 autem
3378 4715 3510 4771 nihil
3561 4724 3671 4768 tru-

398 4817 492 4895 καὶ
514 4841 605 4892 ὲτέι
629 4836 738 4890 τῶν
761 4830 1134 4904 ἁλληγορικῶς
1163 4826 1302 4881 κατά
1329 4825 1566 4879 διάνοιαν
1593 4817 1980 4890 θεωρουμένων

402 4932 751 5005 παραστῆσαι
796 4927 902 4999 χρὴ
943 4921 1206 4993 διαφορὰν
1253 4917 1363 4971 τῶν
1414 4914 1556 4969 κατὰ
1608 4912 1705 4984 τὴν
1751 4909 1983 4980 θεωρίαν

402 5024 729 5094 νοουμένων,
770 5018 963 5089 πηγῶν
1005 5033 1065 5068 τε
1111 5012 1205 5066 καὶ
1246 5009 1388 5080 όρῶν
1432 5007 1525 5059 καὶ
1580 5003 1813 5075 βουνῶνο
1873 4998 1988 5053 ἀλλ’

480 5212 538 5268 >14
567 5203 666 5258 Ed.
704 5201 900 5256 Paris..
933 5214 1055 5269 pag.
1084 5195 1204 5249 160.
1304 5191 1347 5269 ⁸]
1383 5189 1526 5243 Psal.
1564 5201 1731 5253 um,
1759 5185 1850 5238 27.

404 5261 639 5338 xxi-vni,
661 5275 747 5327 16.
826 5271 870 5303 ⁸⁸
890 5261 1030 5323 ΡὲεΙῖ
1055 5280 1279 5328 chvm,
1309 5261 1363 5315 4.

481 5413 592 5485 (88)
621 5411 792 5485 Ygulgo
829 5405 1092 5485 1068506
1121 5405 1368 5472 λέγοντα.

507 5480 595 5547 89)
629 5482 803 5548 Vulgo
819 5480 1115 5548 γενήσεως.

632 5524 1187 5623 vii§8_'e'ic}§;"er
1224 5557 1353 5623 ιιιοὲ
1370 5540 1526 5623 ὁποῖα
1560 5538 1603 5619 δ’
1644 5535 1709 5623 ἂν
1726 5534 1995 5623 ὑπάρχοι,

412 5607 704 5695 τὴντιρῦσιν
734 5607 926 5695 ῧοῆσαι
953 5607 1105 5695 τίνας
1134 5611 1277 5667 εἶναι
1308 5609 1419 5683 [ἃς]
1449 5607 1631 5679 πηγάς
1654 5617 1760 5660 etc.
1790 5614 1845 5659 et
1873 5619 1995 5658 mox

418 5688 793 5766 προϋπάρχειν
816 5688 1025 5766 ἑαυτόν.

491 5746 1017 5831 (θ’ἣήίῷοιμιωδῶς
1042 5755 1335 5831 σημαίνῃἶ
1370 5750 1529 5831 Deest
1562 5748 1659 5831 hic
1675 5746 1858 5812 aliqua
1894 5758 1995 5831 vo'x

1947 5182 1991 5214 δ’
2019 5178 2211 5235 Matth.
2245 5190 2434 5238 xxvnt,
2474 5170 2562 5225 {9.

2091 4828 2319 4881 tinatum
2355 4822 2681 4891 intelligens,
2715 4820 2809 4874 sed
2842 4817 3023 4872 omnia
3053 4814 3415 4884 permiscens,
3444 4823 3564 4878 quae
3590 4814 3674 4860 est

2094 4918 2262 4985 ipsius
2284 4915 2449 4968 anitui
2482 4913 2694 4977 levitas,
2731 4910 2950 4963 eosdem
2980 4907 3163 4974 utique
3208 4919 3303 4974 per
3347 4903 3524 4956 omnia
3576 4898 3674 4951 de—

2094 5010 2292 5079 signat.
2320 5006 2487 5073 fontes
2519 5016 2805 5073 aquarum,
2835 5009 2889 5055 et
2911 5010 3109 5052 montes
3140 5007 3302 5065 atque
3340 4992 3525 5049 colles.
3553 4989 3678 5044 llaec

2679 5167 2726 5199 “
2749 5165 2964 5228 Gemit.
2987 5160 3039 5216 6.
3112 5160 3159 5190 ⁸⁵
3184 5158 3315 5213 ibid.
3337 5154 3425 5208 10.
3505 5151 3550 5183 ⁸⁸
3579 5148 3680 5204 Job

2102 5397 2164 5444 ut
2189 5383 2462 5457 signiﬁcet
2482 5393 2576 5433 eos
2592 5375 2709 5445 qui,
2743 5380 3174 5457 prieterpmorem
3200 5359 3681 5457 alioruﬂ.ni_lt‘slil_t:

2105 5434 2629 5512 iivle'iiiiiﬁnonetﬁ
2667 5434 2903 5512 amplexi
2937 5439 3173 5512 fuerant.
3209 5434 3337 5500 Qua:
3381 5435 3685 5512 sequuntur

2764 5495 3146 5591 Idislinguenda
3193 5495 3685 5591 suppetiasSu-z‘o‘i

2108 5565 2633 5665 Z'S'zéi'ﬁEalQ'foiZt
2659 5565 2832 5654 πηγαὶ
2854 5565 3028 5640 αὑτυοὶ,
3048 5575 3142 5630 καὶ
3164 5573 3234 5629 τὰ
3255 5572 3380 5644 ὅρη,
3408 5570 3502 5624 καὶ
3534 5565 3687 5621 αὑτοὶ

2104 5672 2153 5722 οἱ
2185 5663 2383 5736 βουνρζ⁴
2408 5663 2491 5736 ,Μ’
2548 5731 2569 5736 _
2724 5728 2736 5736 .
2815 5726 2826 5736 .
2888 5717 2915 5736 α
3064 5733 3076 5736 -
3110 5717 3151 5736 .-ς
3221 5716 3263 5736 ..ι
3304 5708 3473 5736 _.-....‘.
3515 5706 3571 5736 ..ι’

2179 5702 2493 5806 ἴθὲφῧῦιὲό
2545 5731 2628 5806 ὅτι
2662 5726 2839 5806 ἀὑταὶ
2887 5717 3025 5806 ᾖσαν
3062 5717 3160 5806 καὶ
3213 5708 3478 5783 αἰπηγαὶ
3514 5702 3689 5773 αὐτοὶ,

491 5788 1017 5831 ιυιμιιιρυιμιωυως
1043 5788 1073 5811 υ
1096 5788 1332 5825 runtur".
1370 5788 1529 5805 νυισ,
1572 5788 1858 5812 ...ν-...μη

420 5833 794 5891 sull'ulciendte
823 5829 1101 5885 sententia:
1136 5840 1255 5894 quae
1285 5824 1421 5894 hiat,
1470 5823 1614 5894 forte
1664 5830 1948 5894 μετερχομι

2109 5788 2199 5865 καὶ
2227 5788 2293 5861 τά
2322 5788 2500 5876 ὅρηυοξ
2533 5800 2705 5864 αὐτοὶ,
2739 5797 2831 5851 καὶ
2855 5788 2922 5849 οἵ
2945 5788 3139 5864 βουνοί.

420 5889 565 5965 Ῑιουῗς.
594 5889 685 5961 aut
707 5889 1258 5959 ἁσπασααένουςὶιυὶ
1284 5893 1461 5949 simile
1490 5889 1617 5955 quid
1663 5890 1765 5946 hoc
1798 5900 1957 5942 sensu
1979 5922 1995 5950 ,
