4082 6410
391 414 490 470 991

1067 410 1340 469 EUSEBII
1378 410 1848 468 CESABIENSIS
1885 411 2036 467 OPP.
2075 412 2252 468 PARS
2289 411 2377 468 ιν.
2419 441 2487 453 --
2528 411 2948 467 DOGMATICA.

3555 413 3661 469 991

391 532 614 600 insuper
656 531 836 586 omnia
871 529 1146 598 apostolos
1169 543 1290 584 esse
1323 529 1444 595 ait,
1467 527 1788 586 differentiae
1831 530 1975 584 nulla

2087 530 2106 583 5
2139 527 2250 601 (95)
2288 529 2452 600 μηδὲν
2481 527 2939 598 βεϐασανισμένον
2973 528 3355 598 ἐπιστάμενος,
3388 529 3455 581 τὰ
3481 528 3661 583 πάντα

391 622 575 678 habita
607 623 839 679 ratione.
881 620 1151 688 Quorsum
1187 620 1355 691 igitur
1385 621 1527 688 illos,
1573 622 1666 690 qui
1695 635 1789 691 per
1816 621 1980 690 justi-

392 715 524 768 tiam
552 723 606 767 et
636 713 854 783 pietatis
881 713 1109 779 cultum,
1143 722 1270 768 ante
1319 712 1668 769 Servatorem
1725 713 1980 770 incarna-

393 818 503 860 tum
536 807 1087 870 consummabantur,
1115 815 1314 860 montes
1357 812 1411 860 et
1445 805 1600 860 colles
1652 821 1758 860 non
1795 806 1981 876 appel-

392 897 560 952 lavit?
586 896 852 953 Nimirum
876 899 1021 968 quod
1051 899 1287 967 priorem
1316 897 1425 952 illis
1445 938 1460 962 ,
1492 913 1597 952 non
1626 908 1834 966 poterat
1856 897 1982 952 Ser-

391 989 593 1044 vatoris
613 1004 832 1045 carnem
863 991 1212 1046 substituere.
1236 989 1334 1044 Est
1367 1001 1498 1060 ergo
1535 990 1789 1044 violentia
1821 989 1982 1045 nimis

391 1090 444 1135 et
465 1090 652 1136 coacta
683 1081 1078 1152 interpretatio,
1109 1082 1404 1137 dictionum
1448 1083 1559 1150 jam
1581 1095 1981 1136 commemora-

393 1181 595 1236 tarum,
630 1173 672 1227 si
710 1171 1015 1226 referantur
1068 1174 1134 1227 ad
1183 1187 1406 1228 carnem
1452 1171 1599 1226 illam
1643 1169 1976 1228 Servatoris.

403 1268 462 1326 ᾖ(
492 1261 775 1330 Quomodo
816 1273 996 1319 autem
1035 1264 1282 1330 etillud,
1320 1263 1512 1319 (ienuit
1538 1280 1639 1329 me,
1675 1263 1740 1318 ad
1760 1278 1981 1318 carnem

393 1361 559 1424 queat
581 1355 870 1423 adaptari?
902 1369 961 1411 se
991 1364 1139 1410 certe
1168 1356 1408 1425 genitum
1435 1354 1669 1409 aﬂirmat
1703 1366 1831 1410 ante
1858 1355 1980 1410 fon-

395 1453 499 1508 tes,
523 1451 649 1498 ante
671 1452 901 1510 montes,
933 1453 1060 1499 ante
1099 1461 1276 1498 omnes
1319 1444 1497 1510 colles,
1536 1445 1624 1500 ubi
1649 1445 1746 1509 ait,
1796 1443 1981 1501 Domi-

398 1551 495 1590 nus
527 1535 761 1589 condidit
797 1551 878 1588 me
905 1535 1222 1604 principium
1258 1537 1460 1588 viarum
1486 1549 1704 1588 suarum
1725 1535 1794 1590 ad
1823 1551 1980 1604 opera

393 1645 516 1693 sua,
569 1638 692 1682 ante
725 1627 922 1682 swcula
977 1627 1217 1694 fundavit
1259 1642 1361 1680 me.
1398 1625 1456 1681 Si
1486 1641 1614 1682 caro
1641 1626 1745 1682 ista
1776 1627 1981 1682 diceret

396 1731 453 1775 ut
481 1719 734 1776 Marcello
759 1721 956 1785 visum,
983 1719 1259 1789 quomodo
1283 1735 1411 1775 caro
1441 1719 1666 1785 dixerit,
1699 1721 1833 1773 Ante
1862 1736 1974 1774 om-

396 1830 485 1868 nes
511 1813 671 1868 colles
699 1814 864 1884 gignit
892 1813 1017 1866 me?
1045 1811 1174 1866 Esto
1199 1811 1366 1876 enim,
1403 1810 1566 1866 fuerit
1593 1821 1721 1866 ante
1753 1820 1976 1881 aposto-

2083 620 2270 694 φύρων
2296 620 2364 674 δι’
2392 621 2704 691 εὐχέρειαν,
2734 621 2864 683 τοὺς
2894 620 3090 683 αὐτοὺς
3116 618 3250 674 εἶναι
3280 620 3662 689 ἀποπέφανται

2080 713 2177 766 καὶ⁷
2215 711 2398 784 πηγὰς
2447 711 2676 775 ὑδάτων,
2717 711 2810 764 καὶ
2851 710 2974 780 ὅρη,
3011 711 3107 764 καὶ
3144 710 3385 781 βουνοὺς,
3428 713 3561 782 φησί
3599 731 3662 767 τε

2083 805 2261 858 πάντα
2303 803 2476 856 ταῦτα
2516 798 2654 856 εἶναι
2697 805 2822 866 τοὺς
2851 803 3208 867 ἀποστόλους,
3251 803 3312 856 οὐ
3356 803 3663 858 διαστειλά-

2085 912 2245 965 μενος
2293 894 2385 948 τὸν
2427 893 2528 964 τῆς
2573 893 2832 966 διαφορᾶς
2887 893 3108 964 τρόπον.
3158 894 3222 946 Τί
3267 890 3358 948 οὖν
3401 896 3520 966 οὐχ)
3571 898 3668 951 καὶ

2081 987 2189 1058 πρὸ
2226 987 2324 1057 τῆς
2358 987 2562 1058 σαρκὸς
2612 985 2707 1038 τοῦ
2749 986 3001 1057 Σωτῆρος
3055 985 3212 1057 ἡμῶν
3257 988 3314 1040 ὲν
3350 987 3669 1063 δικαιοσύνῃ

2081 1078 2177 1132 καὶ
2211 1076 2318 1146 (94)
2357 1076 2639 1148 θεοσεϐείᾳ
2669 1076 2779 1147 (95)
2819 1077 3204 1141 τελειωθέντας
3251 1078 3351 1150 ὅρη
3395 1081 3490 1133 καὶ
3539 1079 3666 1149 βου-

2081 1171 2207 1232 νοὺς
2257 1168 2460 1237 ὁμοίως
2503 1166 2797 1232 ἐπεκάλει,
2855 1167 2971 1220 ἀλλ’
3017 1170 3100 1222 ὅτι
3159 1168 3233 1240 μὴ
3285 1168 3390 1240 πρὸ
3442 1172 3671 1226 ἐκείνων

2079 1255 2190 1324 οἷός
2216 1277 2274 1313 τε
2297 1255 2364 1332 ἦν
2388 1259 2487 1329 τὴν
2524 1261 2703 1330 σάρκα
2732 1257 2827 1312 τοῦ
2864 1260 3116 1330 Σωτῆρος
3151 1261 3499 1330 ὑφίστασθαι.
3528 1264 3672 1316 Οὐκ-

2081 1353 2177 1406 οῦν
2212 1351 2385 1422 βίαιος
2431 1352 2524 1405 καὶ
2568 1355 3063 1423 κατηναγκασμένη
3117 1352 3226 1406 τῶν
3289 1354 3673 1424 προκειμένων

2079 1443 2279 1512 λέξεων
2333 1445 2366 1515 ἡ
2417 1443 2510 1496 ἐπὶ
2557 1443 2653 1514 τὴν
2707 1441 2888 1512 σάρκα
2937 1441 3032 1494 τοῦ
3085 1443 3338 1513 Σωτῆρος
3397 1445 3668 1514 ἀναφορὰ.

2081 1535 2204 1600 Πῶς
2236 1535 2292 1588 δὲ
2315 1535 2512 1597 καὶτὸ,
2542 1532 2726 1604 γεννᾷ
2745 1550 2842 1602 με,
2870 1533 3198 1604 ὲφαρμόσειε
3223 1537 3288 1605 τῇ
3334 1535 3530 1606 capiti;
3565 1538 3674 1608 πρὸ

2078 1628 2187 1698 γὰρ
2226 1627 2334 1681 τῶν
2366 1626 2558 1697 πηγῶν
2587 1625 2682 1679 καὶ
2716 1626 2820 1697 πρὸ
2848 1626 2959 1680 τῶν
2985 1625 3128 1696 ὀρῶν
3155 1627 3250 1678 καὶ
3279 1626 3385 1696 πρὸ
3415 1628 3523 1680 τῶν
3551 1627 3676 1697 βου-

2078 1717 2186 1772 νῶν
2214 1717 2572 1788 γεγεννῆσθαι
2596 1716 2797 1788 ἔφησεν
2821 1717 3034 1781 ἑαυτὸν,
3059 1715 3247 1780 εἰπὼν,
3271 1719 3485 1786 Κύριος
3511 1719 3672 1773 ἐκτι-

2078 1808 2154 1863 σέ
2178 1826 2254 1878 με
2272 1807 2470 1877 ἀρχὴν
2497 1807 2652 1861 ὁδῶν
2679 1807 2864 1862 αὑτοῦ
2890 1809 2978 1874 εὶς
3003 1809 3148 1877 ἔργα
3179 1807 3386 1871 αὐτοῦ,
3413 1807 3675 1877 πρὸδτοῦ

395 1901 478 1957 los
525 1916 654 1956 caro
692 1876 722 1952 ἶ
741 1876 796 1955 at
824 1917 932 1971 quo
965 1911 1124 1971 pacto
1152 1903 1386 1971 seipsam
1421 1901 1535 1972 ipsa
1570 1915 1600 1955 a
1640 1901 1750 1956 Deo
1778 1876 1973 1958 factam

2087 1876 2293 1966 altBo'oc
2325 1876 2682 1969 ἐθεμελίωσέ
2737 1916 2836 1969 με.
2873 1901 2937 1954 Et
2976 1898 3039 1971 δὴ
3083 1876 3190 1953 γοῦν
3224 1900 3257 1970 ἠ
3315 1876 3462 1970 σὰρξ
3500 1901 3678 1954 ταῦτα

396 1986 629 2041 dixerit?
657 1987 842 2042 Visum
880 1998 962 2043 est
994 1988 1248 2044 Marcello
1283 1987 1552 2045 afﬁrmare
1583 2004 1803 2046 carnem
1851 2007 1974 2046 cum

396 2092 503 2132 non
555 2087 793 2134 exstaret
849 2080 1018 2148 prius,
1057 2080 1328 2135 conditam
1397 2081 1582 2137 fuisse.
1641 2083 1730 2137 Ait
1788 2083 1972 2140 enim:

2077 1992 2298 2061 φάσκοι,
2323 1991 2399 2054 ὡς
2430 1991 2734 2062 Μαρκέλλῳ
2761 1992 2924 2056 δοκεῖ,
2953 1991 3069 2056 πῶς
3099 1991 3178 2057 τὺ,
3205 1991 3324 2060 Πρὸ
3348 1992 3416 2046 δὲ
3431 1991 3679 2046 πάντων

2072 2083 2321 2150 βουνῶν
2344 2081 2526 2153 γεννᾷ
2561 2100 2657 2152 με,
2690 2084 2834 2136 εἴποι
2861 2084 2926 2137 ἂν
2956 2085 2988 2154 ἡ
3016 2083 3150 2155 σάρξ
3175 2101 3190 2149 ;
3221 2085 3402 2137 Ἔστω
3429 2084 3539 2156 γὰρ
3570 2084 3680 2156 πρὸ

401 2189 419 2221 ι
454 2170 664 2226 Revera
700 2172 908 2227 creavit
933 2172 1023 2242 qui
1059 2172 1200 2238 quod
1243 2189 1351 2228 non
1385 2181 1506 2228 erat
1545 2173 1674 2228 fecit
1720 2173 1978 2230 Dominus

2087 2177 2186 2230 τῶν
2217 2175 2530 2229 ἀποστόλων
2565 2177 2598 2247 ὴ
2629 2175 2767 2248 σάρξ
2794 2174 2934 2246 (96)°
2971 2175 3107 2230 ἀλλὰ
3130 2176 3246 2238 πῶς
3271 2177 3409 2245 αὐτὴ
3445 2176 3551 2229 ὑπὸ
3581 2177 3678 2230 τοῦ

402 2280 420 2311 σ
456 2270 641 2317 noster
671 2261 832 2318 Deus.
861 2262 1094 2319 Carnem
1135 2264 1277 2318 enim
1305 2264 1543 2321 Verbum
1574 2265 1806 2335 sumpsit
1859 2280 1980 2335 quae

2087 2265 2210 2320 Θεοῦ
2237 2265 2593 2338 γεγεννῆσθαί
2625 2283 2790 2338 φησιν
2813 2268 3012 2336 ἑαυτήν
3033 2283 3047 2332 ;
3071 2267 3132 2318 τὸ
3157 2267 3253 2337 μὲν
3277 2267 3384 2339 γὰρ
3404 2267 3682 2321 ὲκτίσθαιο

401 2373 419 2406 ι
456 2369 564 2408 non
596 2364 735 2420 erat,
763 2355 859 2409 sed
891 2355 1130 2410 condidit
1159 2355 1305 2409 illam
1340 2371 1461 2426 quae
1504 2371 1610 2410 non
1641 2365 1777 2411 erat.
1811 2374 1831 2409 ι
1868 2355 1979 2412 No-

396 2447 572 2500 vimus
617 2449 690 2501 ita
749 2446 896 2501 illam
928 2447 1227 2512 conditam,
1259 2457 1314 2502 at
1337 2449 1574 2517 genitam
1609 2462 1639 2501 a
1682 2446 1792 2503 Deo
1833 2448 1979 2504 illam

395 2537 665 2606 quomodo
715 2538 947 2602 dicetur,
998 2553 1121 2592 cum
1154 2537 1385 2594 aﬂirtnet
1414 2539 1695 2605 Servatur,
1732 2539 1886 2606 Quod
1919 2542 1983 2597 de

395 2641 552 2680 carne
571 2627 806 2697 gignitur
831 2645 953 2681 caro
986 2640 1059 2682 est
1078 2627 1160 2699 ‘7‘?
1180 2637 1235 2682 et
1260 2628 1547 2697 Apostolus
1577 2629 1788 2699 inquiat
1821 2648 1834 2685 :
1865 2629 1982 2684 Fa-

395 2728 507 2772 ctus
523 2719 587 2773 de
603 2720 838 2786 muliere,
857 2721 1030 2788 [actus
1047 2721 1141 2774 sub
1161 2720 1352 2790 tege“.
1375 2721 1656 2788 Quomodo
1673 2723 1840 2792 igitur
1856 2737 1985 2778 caro

396 2810 464 2865 de
490 2808 598 2864 Deo
627 2811 1004 2866 universorum
1054 2812 1275 2877 dixerit,
1309 2812 1442 2866 Ante
1491 2828 1670 2867 omnes
1703 2811 1863 2867 colles
1898 2830 1986 2883 ge-

400 2905 513 2957 nuit
533 2919 612 2956 me
637 2904 661 2956 ?
686 2903 762 2957 lla
788 2903 1029 2959 arbitror
1059 2904 1349 2975 unicuique
1368 2904 1478 2974 jam
1503 2914 1802 2975 patescere,
1825 2920 1986 2974 quam

398 3006 640 3052 coactam
659 2997 772 3050 haec
785 2996 1071 3050 admittant
1085 2995 1604 3064 interpretationem.
1624 2996 1819 3052 Atsine
1834 2997 1984 3053 omni

399 3087 656 3144 violentia
675 3086 872 3142 dixerit
899 3087 1166 3158 quispiam
1187 3087 1243 3142 in
1276 3085 1475 3141 Filium
1494 3086 1610 3152 Dei,
1629 3097 1840 3144 semota
1858 3089 1990 3145 alle-

396 3178 580 3250 carica
601 3177 769 3247 ﬁgura
785 3178 886 3232 ista
903 3190 1028 3232 vere
1042 3177 1349 3233 convenire.
1369 3175 1503 3259 Nam
1521 3185 1576 3232 et
1593 3188 1718 3234 aute
1733 3178 1980 3236 tellurem
2011 3216 2054 3276 α

399 3269 746 3327 subsistebat.
779 3269 929 3335 Erat,
957 3277 1012 3324 et
1041 3279 1294 3340 praerat,
1336 3251 1649 3340 priusquam
1691 3271 1972 3340 prodirent

405 3361 682 3417 naturales
706 3375 967 3431 aquarum
997 3363 1358 3433 scaturigines
1389 3379 1405 3429 ;
1436 3371 1560 3418 ante
1586 3365 1811 3435 abyssos
1833 3380 1985 3421 com-

400 3463 762 3519 memoratas;
790 3454 1104 3523 priusquam
1135 3462 1292 3510 terrae
1333 3454 1500 3523 ﬁgura
1540 3463 1686 3510 esset
1716 3456 1985 3526 ordinata,

400 3560 497 3613 per
528 3543 789 3598 montium
823 3553 877 3598 et
909 3543 1126 3603 collium
1157 3545 1523 3600 surrectiones
1555 3563 1571 3600 :
1606 3544 1800 3600 Omnia
1846 3548 1985 3601 enim

400 3654 491 3706 per
519 3637 689 3706 ipsum
718 3635 860 3705 facta
888 3645 1033 3702 sunt,
1056 3647 1106 3691 et
1144 3638 1256 3691 sine
1284 3639 1397 3705 ipso
1428 3637 1628 3706 factum
1663 3648 1736 3692 est
1765 3637 1896 3692 nihil
1916 3640 1983 3694 δ’.

401 3728 470 3782 At
517 3728 561 3784 si
595 3727 862 3799 quispiam
902 3727 991 3782 hic
1035 3722 1352 3797 interroget;
1397 3741 1495 3782 cur
1532 3742 1593 3782 se
1642 3743 1746 3782 non
1788 3729 1988 3785 dixerit

404 3821 788 3888 prarexstltisse
813 3828 936 3875 ante
967 3819 1155 3884 cmlos,
1189 3829 1244 3873 et
1269 3827 1393 3873 ante
1415 3834 1478 3873 ea
1502 3835 1622 3890 quae
1652 3830 1779 3876 sunt
1802 3823 1854 3876 in
1876 3835 1986 3877 cte-

404 3911 492 3977 lis,
520 3920 614 3966 aut
643 3925 763 3980 quae
787 3927 949 3981 supra
973 3921 1137 3976 sunt;
1165 3922 1290 3966 ante
1319 3912 1530 3966 divinas
1575 3920 1630 3966 et
1663 3927 1987 3981 supermun-

403 4006 574 4060 danas
625 4012 918 4074 potestates
965 4011 1021 4058 et
1066 4001 1333 4073 spiritus:
1371 4002 1582 4056 dicetur
1627 4005 1767 4072 quod
1794 4018 1984 4059 eorum

404 4113 511 4153 non
568 4096 813 4150 meminit
862 4095 1163 4164 Scriptura,
1228 4106 1513 4164 pr0pterea
1543 4096 1685 4165 quod
1733 4111 1829 4166 per
1868 4097 1984 4153 haec

404 4188 716 4250 Proverbia,
775 4186 1082 4257 paedagogia
1142 4186 1387 4256 quaedam
1442 4188 1627 4241 animo
1691 4187 1985 4244 infantibus

353 4325 356 4327 Α
403 4279 830 4350 protendebatur
861 4294 874 4331 :
901 4278 1044 4348 quod
1073 4277 1206 4334 satis
1240 4285 1407 4347 patet,
1429 4293 1552 4332 cum
1580 4278 1791 4333 dicatur
1818 4279 1984 4336 inter-

405 4373 552 4438 dum,
576 4373 818 4437 Attende,
851 4370 956 4440 ﬁli,
989 4371 1057 4423 ad
1100 4371 1495 4425 instructionem
1531 4371 1698 4440 patris
1724 4372 1822 4436 tui,
1847 4381 1894 4426 et
1921 4387 1984 4425 ne

405 4464 614 4533 rejicias
637 4463 771 4534 leges
803 4463 984 4517 matris
1013 4472 1116 4517 tute
1133 4461 1179 4493 ⁸ο
1211 4479 1226 4515 :
1261 4461 1569 4529 aliquando,
1614 4459 1747 4527 Fili,
1775 4464 1984 4516 adverte

403 4555 636 4611 animum
682 4554 750 4607 ad
787 4554 922 4623 leges
949 4569 1112 4616 meas,
1141 4562 1187 4606 et
1216 4568 1396 4607 aurem
1439 4552 1777 4606 accommoda
1815 4553 1983 4608 verbis

2089 4584 2361 4649 λελέξεται
2394 4583 2563 4655 αὐτῷ,
2598 4584 2680 4637 δτι

405 4646 614 4700 meis“.
651 4645 718 4700 Et
748 4645 963 4705 iterum.
996 4642 1131 4710 Fili,
1157 4659 1220 4697 ne
1245 4653 1547 4697 contemnas
1582 4643 1978 4698 instructionem

404 4739 638 4804 Domini,
679 4746 728 4791 et
759 4755 874 4790 cum
895 4739 958 4791 ab
988 4736 1078 4790 illo
1106 4736 1410 4805 increperis,
1454 4751 1517 4788 ne
1541 4735 1755 4801 deﬁcias
1787 4736 1832 4768 ⁵²
1859 4755 1871 4790 :
1903 4745 1977 4802 et,

409 4827 536 4892 Fili,
570 4828 614 4881 si
643 4827 738 4881 tibi
771 4829 961 4896 probus
997 4827 1383 4897 fueris,probus
1418 4825 1596 4879 itidem
1629 4827 1730 4880 eris
1769 4837 1816 4881 et
1849 4827 1980 4880 vici-

402 4922 505 4975 nis.
527 4919 678 4985 Quod
699 4920 745 4973 si
777 4919 1041 4986 improbus
1073 4920 1284 4983 evadas,
1306 4927 1414 4972 tum
1444 4917 1587 4971 solus
1615 4926 1752 4971 certe
1781 4917 1984 4971 exhau-

403 5009 507 5062 ries
531 5006 670 5059 mala
691 5007 782 5060 δ”.
815 5005 1095 5059 lnnumera
1125 5004 1208 5058 his
1230 5003 1449 5068 similia,
1473 5003 1539 5058 de
1557 5002 1975 5058 Proverbiorum

480 5181 538 5239 r11
573 5175 670 5230 Ed.
701 5174 899 5237 Paris.,
936 5186 1057 5242 pag.
1093 5170 1216 5226 161.

405 5247 448 5278 ⁸²
479 5245 640 5300 Prov.
668 5261 752 5311 ιιι,
782 5246 869 5298 11.
938 5241 1022 5275 τ’·
1045 5242 1202 5298 Prov.
1240 5258 1313 5307 Ix,
1350 5241 1436 5296 12.

475 5337 587 5408 (95)
620 5336 796 5408 Ῐιιιςο
824 5335 923 5408 μὲν
961 5335 1146 5408 μηδέν.

475 5405 590 5473 (94)
623 5405 799 5475 Vulgo
826 5405 1102 5460 εὐσεϐεία.

475 5478 590 5549 (95)
630 5474 1058 5550 Τεᾼειωθέντας
1118 5474 1248 5550 ὅρη.
1288 5475 1430 5550 Lege
1473 5477 1586 5550 ’καὶ
1643 5477 1846 5550 πηγὰς,
1897 5476 1991 5550 καὶ

400 5547 659 5622 ξρηηκα).
712 5547 952 5622 βουνούς.
993 5549 1190 5622 Statim
1240 5565 1253 5601 :
1303 5547 1422 5616 lege
1463 5548 1572 5620 πρὸ
1623 5547 1842 5601 πάντων
1881 5547 1991 5601 τῶν

406 5617 1018 5692 βουνῶν-γεγεννῆσθα-ι.
1051 5617 1122 5692 Μ.

619 5685 790 5756 Vulgo
837 5685 997 5740 ἀλλὰ
1024 5757 1035 5760 _
1055 5688 1182 5760 utin;
1211 5687 1428 5760 ftt'lfﬁtf.
1470 5687 1635 5755 Lego,
1678 5685 1847 5760 Ἀλλά
1876 5687 1994 5760 πῶς

408 5756 580 5826 αὐτή,
620 5770 815 5827 nempe
838 5771 987 5827 caro,
1013 5757 1120 5827 ὑπὸ
1141 5757 1235 5810 τοῦ
1273 5757 1408 5811 Θεοῦ
1461 5773 1595 5827 φησι
1626 5756 1986 5825 γεγεννῆσθαι

415 5824 585 5896 αὑτήν
623 5824 758 5896 (imo
786 5834 836 5877 et
867 5825 1063 5896 ἑαυτήν
1081 5840 1199 5879 cum
1228 5827 1407 5896 codd.)
1433 5827 1502 5880 Μ.

499 5891 610 5965 (9⁵1)
645 5891 815 5961 Vulgo
839 5891 1196 5962 γεννώμενος,
1242 5905 1294 5950 et
1327 5891 1448 5951 mox
1480 5896 1582 5966 πρὸ
1612 5895 1824 5949 πάντων
1859 5895 1906 5962 β.
1941 5905 1992 5949 et

2083 2357 2158 2428 μὴ
2190 2353 2357 2411 οὖσαν
2403 2358 2667 2429 πρότερον
2712 2357 2810 2428 τὴν
2837 2358 3019 2430 σάρκα
3055 2358 3230 2411 ἐδόκει
3255 2357 3562 2429 Μαρκέλλῳ
3591 2358 3683 2410 λέ-

2079 2466 2219 2519 γειν.
2250 2450 2395 2519 Ἔφη
2425 2449 2554 2521 γάρ·
2600 2451 2886 2504 ιἜκτισεν
2915 2449 3134 2521 ἀληθῶς
3163 2450 3224 2501 τὸ
3259 2449 3332 2520 μὴ
3359 2449 3419 2502 ὂν
3454 2458 3683 2522 πεποιη⁸⁵

2088 2560 2106 2593 ι
2134 2541 2245 2605 κὼς
2283 2543 2312 2594 6
2335 2541 2605 2612 δεσπότης
2635 2541 2794 2614 ἡμῶν
2837 2542 2867 2594 6
2897 2542 3048 2605 Θεὸς.
3093 2541 3209 2594 Οὐκ
3235 2537 3402 2594 οὖσαν
3441 2541 3550 2613 γὰρ
3577 2545 3682 2614 τὴν

2088 2652 2108 2684 ι
2130 2634 2308 2705 σάρκα
2336 2633 2401 2704 ἣν
2444 2633 2733 2704 ἀνείληφεν
2763 2634 2793 2686 6
2840 2633 3031 2700 Λόγος,
3067 2631 3202 2686 ἀλλά
3233 2632 3306 2702 μὴ
3336 2626 3502 2686 οὖσαν
3535 2633 3684 2686 ἐκτι-

2085 2741 2164 2778 σε.
2192 2745 2210 2776 ι
2278 2725 2351 2777 Τὸ
2389 2725 2489 2796 μὲν
2550 2720 2644 2778 οὖν
2699 2723 2946 2779 ἐκτίσθαι
2979 2723 3245 2794 ἔγνωμεν,
3279 2724 3340 2776 τὸ
3370 2724 3425 2777 δὲ
3465 2725 3560 2777 καὶ
3589 2742 3683 2794 γε·

2084 2814 2375 2886 γεννῆσθαι
2398 2815 2567 2885 αὐτὴν
2595 2815 2698 2868 ὑπὸ
2733 2814 2824 2868 τοῦ
2860 2813 2994 2867 Θεοῦ
3024 2813 3142 2878 πῶς
3173 2815 3238 2868 ἂν
3267 2815 3560 2886 ἀποδοθείη
3585 2815 3681 2871 τοῦ

2086 2905 2336 2976 Σωτῆρος
2377 2907 2409 2975 ὴ
2420 2904 2536 2975 μῶν
2561 2905 2830 2972 λέγοντος,
2869 2904 2938 2957 T6
2980 2904 3420 2974 γεγεννημένον
3463 2908 3530 2961 ἐκ
3571 2906 3680 2975 τῆς

2086 2994 2312 3062 σαρκὸς
2349 2993 2504 3064 σάρξ
2522 2995 2686 3058 ἐστι;
2723 2994 2818 3046 καὶ
2858 2994 2887 3045 6
2916 2993 3234 3056 Ἀπόστολος
3263 2993 3322 3046 δέ
3341 3012 3474 3066 φησι
3500 2997 3680 3050 Γενό-

2085 3101 2270 3154 μενος
2292 3084 2425 3154 (97),
2457 3084 2526 3138 ἐκ
2563 3081 2871 3152 γυναικὸς,
2906 3083 3226 3151 γενόμενος
3278 3083 3398 3138 ὑπὸ
3440 3085 3546 3139 τοῦ
3578 3088 3679 3140 νό-

2084 3195 2225 3245 μου.
2264 3174 2390 3238 Πῶς
2428 3172 2521 3229 οὖν
2551 3177 2584 3246 ἡ
2617 3173 2755 3246 σὰρξ
2804 3170 2956 3227 εἶπεν
3001 3174 3068 3228 ἂν
3111 3177 3241 3248 περὶ
3270 3178 3368 3229 τοῦ
3399 3176 3538 3230 Θεοῦ
3572 3178 3679 3232 τῶν

2093 3269 2228 3323 ὅλων
2255 3268 2338 3331 τὸ,
2365 3268 2484 3337 Πρὸ
2515 3267 2584 3321 δὲ
2620 3267 2862 3320 πάντων
2891 3265 3140 3332 ﬂow-(Iw
3170 3266 3354 3336 γεννᾷ
3375 3286 3494 3338 με;
3541 3271 3681 3326 Ταῦ-

2093 3385 2160 3421 τα
2195 3366 2293 3437 μὲν
2319 3361 2412 3419 οὖν
2458 3365 2530 3430 ὡς
2569 3365 2939 3436 βεϐιασμένην
2984 3365 3096 3436 ἔχει
3129 3365 3228 3434 τὴν
3259 3366 3558 3436 ἑρμηνείαν
3598 3361 3693 3417 οῐ-’

2096 3475 2193 3529 μαι
2227 3457 2388 3532 παντί
2414 3473 2492 3527 τῳ
2543 3455 2856 3524 καταφανὲς
2906 3451 3065 3510 εἶναι.
3110 3454 3412 3518 ’Δῦιάστως
3439 3454 3484 3506 δ’
3516 3454 3582 3507 ἂν
3612 3455 3678 3508 εί-

2092 3565 2182 3602 ποι
2214 3549 2326 3622 (98)
2372 3566 2456 3612 τις
2481 3547 2571 3601 τὸν
2601 3548 2730 3601 Υίὸν
2760 3547 2854 3600 τοῦ
2891 3545 3050 3610 Θεοῦ,
3092 3547 3185 3600 καὶ
3214 3546 3338 3618 δίχα
3369 3546 3562 3608 παντὸς
3584 3549 3670 3599 d1—

2091 3641 2381 3714 ληγορικοῦ
2409 3641 2632 3712 τρόπου,
2656 3637 2826 3694 ταῦτα
2859 3638 3236 3709 ἐπαληθεύειν,
3282 3640 3400 3693 ἐπεὶ
3443 3638 3536 3692 καὶ⁵
3575 3638 3671 3707 τῆς

2092 3735 2195 3804 γῆς
2226 3733 2597 3804 προϋπῆρχεν,
2623 3729 2691 3804 ἧν
2720 3749 2778 3784 τε
2808 3732 2903 3785 καὶ
2935 3731 3110 3802 προῆν
3139 3731 3247 3802 πρὸ
3273 3730 3363 3784 τοῦ
3396 3729 3673 3801 προελθεῖν

2091 3825 2191 3888 τὰς
2217 3823 2532 3893 σωματικὰς
2567 3821 2750 3892 πηγὰς
2775 3820 2886 3876 τῶν
2909 3821 3137 3888 ὑδάτων,
3167 3823 3263 3876 καὶ⁵
3291 3821 3396 3893 πρὸ
3425 3820 3531 3873 τῶν
3566 3820 3676 3890 (99)

2091 3914 2366 3982 αἰσθητῶς
2395 3914 2705 3984 λεγομένων
2759 3912 3034 3978 ἀϐύσσων,
3077 3915 3172 3966 καὶ
3216 3914 3322 3986 πρὸ
3366 3908 3459 3965 τοῦ
3489 3911 3684 3982 συστῆ-

2090 4023 2178 4060 ναι
2206 4002 2271 4060 αὖ
2300 4005 2361 4058 τὸ
2390 4006 2488 4075 τῆς
2533 4005 2636 4074 γῆς
2668 4003 2853 4074 σχῆμα
2893 4005 2950 4057 ὲν
2983 4005 3094 4066 τοῖς
3132 4004 3241 4056 τῶν
3283 4003 3428 4073 ὀρῶν
3453 4001 3546 4054 καὶ
3575 4001 3686 4054 τῶν

2093 4097 2297 4168 βουνῶν
2321 4098 2701 4168 ἀναστήμασι·
2736 4095 2937 4150 Πάντα
2965 4097 3076 4166 γὰρ
3099 4095 3174 4149 δι’
3203 4095 3394 4149 αὐτοῦ
3420 4094 3686 4166 ἐγένετο,

2091 4190 2189 4241 καὶ
2225 4187 2402 4257 χωρὶς
2439 4188 2625 4242 αὐτοῦ
2650 4187 2886 4257 ἐγένετο
2923 4185 3066 4240 οὐδὲ
3099 4187 3188 4240 ἓν.
3231 4188 3291 4242 Εἰ
3318 4187 3361 4239 δ’
3388 4186 3692 4257 ὲρωτήσειὲ

2089 4296 2195 4342 τις,
2219 4278 2306 4332 διὰ
2327 4279 2378 4332 τί
2412 4277 2486 4348 μὴ
2512 4278 2617 4349 πρὸ
2637 4278 2744 4330 τῶν
2779 4277 3047 4350 οὐρανῶν,
3085 4277 3217 4348 μηδὲ
3245 4277 3349 4350 πρὸ
3376 4276 3486 4330 τῶν
3507 4279 3566 4329 ὲν
3592 4279 3692 4330 οὐ·

2098 4382 2296 4450 ρανοῐς,
2337 4378 2369 4448 ἢ
2401 4377 2509 4431 τῶν
2549 4377 2628 4448 (1)
2671 4380 2928 4434 ἐπέκεινα
2954 4379 3114 4434 θείων
3154 4381 3246 4432 καὶ¹
3291 4377 3694 4450 ὑπερκοσμίων

2089 4476 2370 4547 δυνάμεων
2395 4495 2454 4529 τε
2489 4479 2581 4531 καὶ
2614 4479 2960 4549 πνευμάτων,
3010 4478 3197 4532 ἑαυτὸν
3233 4475 3366 4532 εἶναι
3414 4479 3691 4532 ἐδίδασκε·

2709 4585 2911 4638 τούτων
2948 4585 3084 4648 τέως
3107 4585 3508 4656 ἐμνημόνευσεν
3537 4585 3568 4636 6
3601 4585 3696 4637 λό-

2090 4703 2206 4757 γος,
2233 4688 2452 4760 -ὲπειδὴ
2501 4689 2876 4759 παιδαγωγίαν
2911 4689 3035 4742 τινὰ
3079 4689 3166 4742 διὰ
3213 4689 3320 4742 τῶν
3365 4690 3699 4761 Παροιμιῶν

2090 4796 2201 4859 τοῖς
2225 4795 2324 4858 τὰς
2352 4782 2533 4866 ψυχὰς
2565 4796 2779 4867 νηπίοις
2806 4795 3111 4867 παρεδίδου.
3151 4798 3217 4848 Ὃ
3250 4796 3342 4850 καὶ
3372 4795 3532 4866 δῆλον
3553 4812 3698 4865 τυγ-

2087 4901 2240 4971 χάνει
2288 4904 2351 4955 ὲκ
2373 4899 2468 4955 τοῦ
2508 4919 2640 4954 ποτε
2682 4901 2955 4970 λέγεσθαι,
2982 4902 3210 4968 Ἄκουε,
3243 4902 3356 4965 υἱὲ,
3408 4901 3701 4957 παιδείαν

2090 5009 2315 5076 πατρός
2344 5022 2483 5074 σου,
2517 5007 2612 5060 καὶ
2641 5007 2727 5077 μὴ
2787 5006 3002 5074 ἀπώσῃ
3042 5006 3304 5076 θεσμοὺς
3343 5006 3417 5077 (2)
3457 5009 3700 5075 μητρός

1301 5171 1345 5202 ⁸⁷
1369 5169 1522 5226 Joan.
1553 5188 1633 5235 Ill,
1664 5171 1716 5226 6.
1808 5173 1851 5205 ⁸⁸
1874 5170 1983 5230 Gul.

2087 5211 2098 5238 ,
2131 5169 2185 5224 4.
2274 5170 2319 5202 δ’
2350 5169 2507 5224 Joan.
2537 5171 2653 5234 1,5.
2727 5169 2774 5200 '°
2795 5167 2956 5224 Prov.
2990 5184 3028 5234 ι,
3061 5168 3112 5222 8.
3188 5169 3233 5200 ⁵⁸
3267 5166 3430 5222 Prov.
3463 5183 3536 5231 tv,
3570 5166 3675 5222 20.

2096 5352 2236 5389 παντ
2246 5353 2263 5387 ι
2299 5350 2374 5389 τω
2383 5372 2394 5384 .

2315 5385 2409 5468 Τίς
2443 5400 2550 5453 τὸν
2588 5396 2935 5472 Υίὸνςηιῐεεςι
2966 5411 3071 5459 τις,
3102 5397 3183 5472 είς
3209 5394 3300 5449 τὸν
3334 5394 3483 5448 Υίόν.
3525 5393 3599 5450 Μ,

2167 5462 2490 5546 (99)νιὶιερ
2524 5464 2939 5546 οιιι..αίσθητῶς
2978 5476 3044 5546 et_
3071 5462 3162 5546 αῦ.

2167 5535 2352 5616 (η”Η
2545 5535 2850 5593 ὑπέχειν-α.
2888 5535 2999 5588 luto
3029 5537 3284 5616 ἐπέκεινα
3334 5535 3438 5616 [sic
3468 5536 3693 5616 codd-l.

2097 5605 2549 5686 de‘p'otestatibus
2600 5623 2720 5678 qua:
2770 5619 2985 5661 sursum
3031 5619 3190 5662 erant
3220 5605 3480 5678 loquitur.
3518 5605 3588 5661 bl.
3617 5637 3697 5648 —-

2098 5682 2219 5742 M01}
2246 5687 2404 5754 vulgo
2428 5682 2662 5754 λέξεται.

2164 5757 2240 5822 (2)
2275 5745 2616 5823 Vtilgnhﬁc]
2657 5772 2712 5823 μ.
2768 5761 2822 5806 et
2873 5767 2997 5806 mox
3029 5747 3176 5823 νοῦν,
3231 5749 3322 5802 καὶ
3370 5745 3550 5809 πάλιν,
3585 5760 3698 5816 pro

2096 5825 2208 5892 οὖς,
2247 5826 2339 5878 καί
2369 5821 2544 5889 αὖθὶς,
2570 5839 2618 5880 et
2645 5821 2838 5896 γέννης
2873 5837 2968 5892 pro
3005 5821 3155 5892 γένῃ.
