4082 6452
461 384 567 443 993

1432 384 1521 439 DE
1563 384 2096 441 EClLLESIASTlCA
2139 385 2527 445 THEOLOGIA
2566 386 2690 443 LIB.
2734 389 2825 443 Ill.

3628 392 3733 449 994

458 516 596 555 σου·
632 502 761 555 ποτὲ
794 499 871 565 δὲ,
916 500 1029 567 rte,
1063 499 1228 569 ἐμοῖς
1263 501 1463 569 νόμοις
1496 502 1776 571 πρόσεχε,
1826 503 1948 568 τοῖς
1979 503 2037 555 δὲ

2150 505 2284 559 libro
2306 520 2403 575 per
2424 505 2658 575 seipsum
2702 507 2826 576 quis
2864 505 3141 576 collegerit
3172 507 3385 577 negotio
3407 507 3574 573 nullo,
3611 512 3735 580 qui-

457 593 621 665 ἐμοῐς
647 594 879 663 ῥήμασι
911 592 1257 663 παράϐαλλε
1290 594 1406 646 σὸν
1437 590 1565 660 οὖς’
1600 597 1692 648 καί
1715 593 1890 658 αὖθις,
1928 595 2043 657 Υἱὲ,

453 686 540 755 μὴ
570 685 834 755 ὀλιγώρει
865 686 1136 752 παιδείας
1162 687 1404 754 Κυρίου,
1440 688 1538 740 καὶ
1573 687 1660 756 μὴ
1687 688 1912 742 ἐκλύου
1941 688 2043 741 ὑπ’

457 778 643 832 αὑτοῦ
663 780 1060 848 ἐλεγχόμενος
1075 798 1087 808 ·
1118 780 1231 839 καὶ,
1272 778 1383 842 Υἱὲ,
1410 762 1519 833 ἐὰν
1535 778 1734 845 καλῶς
1757 779 1901 850 γένῃ
1918 781 2047 834 ἐαυ-

456 870 558 936 τῷ,
606 871 795 937 καλὸς
824 871 938 939 ἔσῃ
970 874 1067 925 καὶ
1110 872 1236 937 τοῖς
1267 873 1565 940 πλησίον-ο
1607 873 1716 926 ἐὰν
1746 872 1815 925 δὲ
1860 874 2045 938 κακός

457 962 712 1031 ἁποόῇς,
740 965 929 1032 μόνος
967 964 1292 1030 ἁντλήσεις
1320 966 1393 1019 τὰ
1428 964 1583 1018 κακά
1619 966 1715 1037 (5).
1764 966 1947 1037 Μυρία
1987 966 2045 1018 δὲ

457 1058 524 1110 ἂν
546 1058 641 1109 καὶ
667 1057 828 1120 αὐτὸς
860 1058 1069 1121 τούτοις
1105 1058 1287 1128 ὃμοια,
1315 1058 1436 1111 καθ’
1462 1057 1653 1111 ἑαυτὸν
1692 1058 1799 1110 ἀπὸ
1829 1058 1930 1127 τῆς
1959 1056 2041 1126 βί-

455 1144 581 1198 ϐλου
607 1146 719 1199 τῶν
756 1147 1070 1219 Παροιμιῶν
1103 1146 1357 1217 ἁναλέξῃ,
1393 1146 1456 1198 δι’
1484 1141 1557 1201 ὧν
1590 1148 1618 1199 ὁ
1656 1148 1827 1215 Λόγος
1858 1147 2043 1215 φαίνε-

451 1252 543 1289 ται
575 1237 789 1307 νηπίοις
818 1238 917 1299 τὰς
950 1236 1127 1307 ψυχὰς
1167 1236 1707 1308 προσδιαλεγόμενος.
1759 1236 1915 1290 Οὕτω
1949 1238 2043 1291 καὶ

450 1329 657 1401 Μωσῆς
685 1332 1031 1400 παιδαγωγὸς
1055 1330 1162 1383 τῶν
1188 1330 1391 1383 ἀτελῶν
1419 1330 1517 1392 τὰς
1547 1330 1620 1399 (4)
1646 1331 1849 1402 φρένας
1876 1332 2044 1402 ὑπάρ-

450 1438 582 1492 χων,
609 1424 667 1474 οὐ
678 1422 839 1489 ρανοῦ
890 1423 985 1475 καὶ
1013 1423 1117 1492 γῆς
1151 1423 1244 1475 καὶ
1272 1422 1373 1490 τῆς
1397 1421 1506 1473 τῶν
1531 1422 1739 1493 ὁρατῶν
1779 1423 2042 1495 δημιουρ-

449 1518 570 1584 γίας
613 1519 1051 1588 ὲμνημόνευσεν’
1105 1519 1166 1570 οὐ
1222 1516 1327 1587 μὴν
1368 1518 1461 1570 καὶ
1502 1517 1732 1580 κτίσεως
1770 1519 2038 1586 ἀγγέλων,

446 1610 571 1664 οὐδὲ
601 1611 759 1665 θείων
787 1612 1067 1681 δυνάμεων
1089 1652 1104 1675 ,
1142 1612 1262 1665 οὐδὲ
1291 1611 1615 1681 πνευμάτων
1641 1612 1831 1679 ἁγίων,
1852 1612 1931 1682 τῷ
1965 1612 2039 1684 μὴ

448 1705 645 1774 χωρεῖν
682 1720 768 1756 πω
809 1702 907 1772 τὴν
950 1704 1153 1756 τούτων
1191 1702 1541 1757 διδασκαλίαν
1583 1704 1709 1766 τοὺς
1749 1704 1899 1773 αὐτῷ
1937 1721 2042 1774 μα-

448 1792 861 1864 θητευομένους.
895 1795 1133 1857 Εἰκότως
1161 1795 1449 1865 τοιγαροῦν
1480 1796 1570 1847 καὶ
1590 1797 1618 1847 ό
1654 1798 1711 1847 ἐν
1736 1798 1855 1859 ταῖς
1887 1797 2037 1869 Παρ-

2150 596 2251 651 bus
2281 597 2406 651 illud
2435 596 2601 665 liquet
2628 597 2858 652 Verbum
2887 596 2959 651 ibi
2994 612 3274 653 sermones
3299 600 3579 654 instituere
3607 616 3729 655 cum

2149 688 2327 743 animo
2348 690 2635 744 admodum
2662 690 2866 758 pueris.
2896 696 2955 752 >14
2988 690 3069 745 Ad
3099 691 3260 744 istum
3291 694 3507 747 modum
3537 700 3590 746 et
3622 692 3733 745 Mo-

2149 796 2237 834 ses
2292 780 2727 849 imperiectorum
2781 785 3077 839 secundum
3134 784 3344 837 animos
3410 784 3733 853 paedagogus

2147 885 2267 923 cum
2299 882 2464 937 esset,
2495 874 2616 928 caeli
2649 884 2703 928 et
2737 884 2918 940 terrae,
2944 886 2999 929 et
3030 876 3324 929 visibilium
3360 877 3735 929 commeminit

2146 962 2487 1018 conditurae:
2523 979 2631 1019 non
2679 977 2859 1021 autem
2914 966 3209 1021 creationis
3253 968 3589 1035 angelorum,
3634 984 3733 1023 nec

2146 1058 2449 1112 divinarum
2496 1066 2847 1128 potestatum,
2889 1075 2991 1114 nec
3050 1068 3363 1113 sanctorum
3416 1061 3729 1130 spirituum,

2144 1163 2210 1203 eo
2260 1150 2402 1220 quod
2448 1166 2553 1205 non
2592 1160 2814 1221 possent
2843 1166 3036 1220 capere
3068 1152 3368 1207 doctrinam
3422 1155 3579 1207 istam
3629 1154 3727 1217 illi,

2144 1243 2236 1311 qui
2268 1243 2321 1296 in
2357 1243 2700 1311 disciplinam
2751 1244 2799 1297 ei
2824 1244 3219 1312 Ltradebantnr.
3277 1244 3352 1298 Ut
3387 1260 3486 1299 nec
3534 1246 3727 1316 injuria

2145 1333 2403 1398 Verbum,
2438 1333 2562 1386 dum
2616 1332 2851 1401 loquitur
2896 1334 2984 1388 bic
3011 1335 3063 1388 in
3087 1334 3416 1400 Proverbiis,
3441 1336 3509 1390 ad
3553 1337 3732 1390 istius-

2145 1427 2288 1480 modi
2314 1426 2589 1480 auditores
2612 1426 2913 1480 doctrinam
2940 1442 3117 1493 suam,
3142 1443 3169 1481 a
3197 1428 3427 1483 terrenis
3456 1430 3729 1483 montibus

2144 1518 2392 1583 deducat,
2424 1532 2452 1570 a
2482 1516 2711 1571 collibus
2744 1526 2799 1571 et
2835 1532 3097 1586 aquarum
3130 1520 3587 1588 scaturiginibus;
3636 1531 3724 1574 ut-

2144 1618 2267 1677 pote
2301 1624 2330 1662 a
2358 1611 2526 1679 magis
2557 1610 2788 1679 cognitis
2824 1629 2835 1663 :
2870 1621 3032 1679 atque
3055 1612 3123 1665 ita
3155 1628 3381 1667 exorsus
3413 1617 3479 1668 ab
3502 1614 3729 1669 inferius

2142 1703 2353 1769 positis,
2379 1703 2750 1756 informandos
2770 1704 2923 1771 quasi
2952 1720 3111 1757 manu
3147 1706 3375 1760 deducat
3407 1708 3469 1761 ad
3497 1708 3727 1763 eximio—

2144 1808 2202 1846 ra
2243 1812 2256 1847 :
2286 1803 2341 1847 et
2364 1809 2393 1845 a
2422 1795 2803 1848 minutioribus
2840 1797 2917 1849 sic
2946 1796 3010 1847 ad
3036 1796 3203 1865 magis
3231 1796 3407 1849 divina
3440 1807 3727 1853 transcen-

445 1885 651 1955 οιμίαις
678 1886 869 1955 Λόγος,
900 1886 975 1950 ὡς
1008 1887 1271 1949 τοιούτοις
1308 1887 1419 1939 ἀπὸ
1477 1886 1584 1940 τῶν
1616 1888 1744 1957 περὶ
1770 1888 1871 1958 γῆν
1895 1888 2037 1960 ὀρῶν

2143 1883 2273 1939 dere
2304 1882 2426 1939 illos
2468 1883 2650 1938 faciat.
2689 1882 2815 1937 Haec
2847 1885 2917 1938 ita
2945 1896 3084 1948 esto,
3135 1886 3179 1939 si
3226 1901 3331 1940 non
3374 1887 3512 1942 ultra
3564 1904 3728 1944 voces

445 1993 505 2028 τε
535 1978 628 2030 καὶ
663 1976 889 2046 βουνῶν,
946 1979 1040 2031 καὶ
1080 1978 1293 2049 πηγῶν,
1327 1977 1404 2042 ὡς
1441 1978 1550 2032 ἀπὸ
1602 1980 2037 2052 γνωριμωτέρων

443 2067 542 2140 τὴν
568 2067 918 2123 διδασκαλίαν
962 2071 1227 2123 ἐποιεῖτο·
1272 2070 1349 2134 ὡς
1398 2070 1458 2135 ἐξ
1524 2071 1841 2141 ὑποϐάθρας
1871 2073 2039 2144 ἀιρξά⁴

447 2178 610 2231 μενος
644 2162 736 2214 ἐπὶ
765 2163 833 2216 τὰ
873 2163 1107 2234 κρείττω
1138 2165 1571 2235 χειραγωγήσειε
1610 2165 1738 2227 τοὺς
1762 2166 2037 2234 παιδαγω-

443 2258 764 2329 γουμένους,
796 2259 904 2312 ἀπὸ
931 2276 990 2313 τε
1026 2259 1135 2313 τῶν
1162 2260 1537 2332 σμικροτέρων
1577 2262 1669 2313 ἐπὶ
1701 2262 1769 2316 τὰ
1793 2261 2039 2332 θειότερα

439 2347 738 2402 διαϐαίνειν
779 2350 1240 2420 παρασκευάσειε.
1280 2349 1464 2402 Ταῦτα
1496 2352 1595 2421 μὲν
1631 2346 1747 2415 οὖν,
1793 2354 1842 2404 εἰ
1872 2354 2039 2424 μηδέν

439 2456 526 2504 τις
550 2441 698 2512 πέρα
737 2441 835 2510 τῆς
866 2440 1065 2507 λέξεως
1098 2441 1547 2512 περιεργάζοιτοο
1576 2444 1624 2495 εἰ
1660 2442 1717 2495 δὲ
1744 2442 2037 2515 βαθύτερόν

443 2551 527 2597 τις
549 2533 838 2587 καὶταῦτα
875 2537 1016 2587 νοεῖν
1055 2532 1250 2598 ἐθέλοι,
1284 2536 1345 2587 οὑ
1391 2534 1591 2606 μᾶλλον
1622 2538 1713 2589 ἐπὶ
1743 2540 1868 2601 τοὺς
1898 2539 2036 2591 ἀπο-

446 2624 687 2689 στόλους,
726 2624 759 2696 ἢ
791 2625 883 2679 ἐπὶ
904 2625 1113 2689 πάντας
1160 2628 1288 2691 τοὺς
1335 2625 1556 2679 πώποτε
1595 2628 1919 2698 γενομένους
1955 2628 2036 2681 δι-

444 2712 632 2775 καίους
660 2714 755 2765 καὶ
800 2713 1065 2783 θεοφιλεῖς
1098 2714 1300 2785 ἄνδρας
1338 2714 1477 2769 αὐτὰ
1505 2717 1801 2782 ἐκδέξεται,
1848 2717 2035 2790 διαϐή-

443 2823 595 2859 σεται
617 2806 672 2860 δὲ
694 2806 905 2860 ἐνθένδε
937 2808 1031 2861 καὶ
1071 2810 1165 2861 ἐπὶ
1192 2809 1293 2873 τὰς
1323 2809 1477 2874 Θείας
1505 2811 1599 2863 καὶ
1624 2810 1919 2879 ἀγγελικὰς
1943 2812 2036 2864 δυ-

439 2899 652 2969 νάμεις,
705 2899 805 2971 ὅρη
852 2899 1026 2969 λέγων
1049 2902 1145 2955 καὶ
1177 2900 1398 2971 βουνοὺς
1430 2902 1762 2957 αἰνίττεσθαι
1788 2904 2036 2972 ἀγγέλων

439 2991 533 3044 καὶ
570 2991 926 3062 άρχαγγέλων
984 2994 1078 3047 καὶ
1133 2996 1463 3066 πνευμάτων
1526 2995 1689 3049 θείων
1746 2996 2035 3068 διαφορὰς,

439 3084 662 3156 θρόνους
692 3103 751 3138 τε
782 3087 877 3139 καὶ
908 3088 1234 3158 κυριότητας
1272 3089 1367 3142 καὶ
1417 3090 1594 3162 ἀρχὰς
1628 3091 1723 3144 καὶ
1746 3089 2030 3157 ⁴ἐξουσίας,

2141 1978 2263 2045 quis
2294 1976 2560 2030 curiosius
2612 1976 2873 2045 inquirat.
2916 1977 3070 2044 Quod
3095 1977 3139 2030 si
3169 1979 3290 2045 quis
3321 1978 3725 2047 profundiorem

2140 2068 2328 2123 harum
2365 2084 2547 2123 rerum
2585 2068 2995 2140 intelligentiam
3031 2073 3311 2140 percipere
3365 2072 3514 2137 velit,
3577 2083 3730 2128 certe

2142 2175 2245 2214 non
2273 2161 2445 2230 magis
2475 2176 2538 2214 ea
2563 2160 2628 2215 ad
2652 2161 2924 2230 apostolos
2949 2177 3108 2231 quam
3142 2164 3362 2233 quosvis
3381 2162 3554 2233 justos
3573 2176 3627 2219 et
3650 2167 3729 2220 di-

2140 2252 2311 2307 lectos
2340 2251 2452 2307 Deo
2498 2252 2743 2307 retulerit
2777 2271 2791 2306 :
2828 2264 2883 2307 et
2931 2254 3001 2307 ita
3038 2256 3435 2310 transcenderit
3480 2257 3607 2311 inde
3658 2260 3726 2311 ad

2140 2345 2351 2399 divinas
2380 2354 2436 2399 et
2462 2345 2737 2414 angelicas
2762 2354 3058 2415 potestates
3092 2362 3104 2397 :
3144 2362 3240 2417 per
3285 2358 3495 2403 montes
3528 2358 3582 2403 et
3611 2350 3727 2404 col-

2139 2432 2219 2487 les
2244 2431 2514 2502 designari
2539 2432 2846 2504 intelligens
2872 2435 3184 2503 angelorum
3208 2438 3726 2509 etarcbangelorum

2138 2531 2193 2576 et
2222 2522 2526 2578 divinorum
2554 2524 2841 2596 spirituum
2873 2525 3229 2592 dilferentias,
3276 2528 3520 2594 thronos,
3554 2532 3727 2585 domi-

2138 2614 2409 2681 nationes,
2462 2617 2824 2687 principatus,
2880 2630 3200 2688 potestates.
3252 2620 3370 2677 Jam
3418 2636 3547 2678 vero
3583 2626 3727 2693 quod

2139 2708 2241 2762 ista
2270 2709 2452 2765 omnia
2498 2724 2596 2779 per
2627 2711 2800 2781 illum,
2831 2722 2885 2766 et
2905 2716 2971 2768 ad
3000 2714 3147 2768 illum
3175 2724 3357 2769 creata
3394 2715 3595 2771 iuerint
3621 2733 3637 2771 :
3672 2727 3730 2772 et

2137 2800 2279 2868 quod
2310 2810 2438 2854 ante
2466 2801 2567 2857 ista
2594 2804 2801 2868 omnia,
2836 2804 2951 2874 ipse
2981 2804 3337 2872 subsistebat,
3378 2807 3594 2863 divinus
3632 2808 3728 2863 do-

2136 2902 2224 2949 cet
2245 2894 2557 2963 Apostolus,
2587 2894 2903 2965 inspiratus,
2935 2905 3117 2965 utpar
3150 2899 3497 2965 estcredere,
3528 2900 3727 2955 divini--

2140 2993 2246 3050 tus;
2280 3000 2401 3041 cum
2431 2986 2486 3040 in
2510 3000 2742 3055 persona
2781 2986 2905 3042 Filii
2936 2986 3030 3043 Dei
3056 2989 3170 3043 bzec
3199 3000 3511 3061 usurparet,
3536 2990 3728 3047 Prius-

2135 3093 2294 3147 quam
2322 3089 2523 3133 monm
2558 3079 2937 3148 funderentur,
2980 3091 3103 3136 ante
3148 3099 3327 3137 omnes
3360 3084 3516 3138 colles
3550 3088 3728 3155 genuit

434 3177 519 3231 ὅτι
546 3179 623 3247 (5)
658 3178 722 3249 δὴ
764 3178 1057 3233 καὶταῦτα
1094 3182 1275 3236 πάντα
1303 3181 1372 3234 δι’
1404 3181 1592 3247 αὐτοῦ,
1629 3184 1722 3237 καὶ
1755 3185 1834 3247 είς
1873 3185 2034 3238 αὐτὸν

2138 3186 2236 3223 me.
2266 3170 2333 3223 Et
2372 3171 2477 3225 alia
2519 3172 2735 3240 quidem
2772 3176 2952 3229 omnia
2987 3175 3127 3231 facta
3166 3177 3297 3232 dicit
3326 3196 3343 3231 :
3378 3179 3729 3253 solumvvero

436 3267 682 3320 ἐκτίσθαι
717 3269 812 3320 καὶ
841 3269 947 3339 πρὸ
969 3272 1186 3324 πάντων
1219 3272 1399 3323 αὐτῶν
1421 3267 1560 3325 εἷναι
1584 3274 1810 3339 τούτων,
1843 3276 1871 3327 ό
1892 3273 2035 3337 θεῖος

2140 3261 2316 3330 ipsum
2347 3265 2587 3332 genitum
2621 3274 2748 3321 ante
2780 3268 3221 3324 constitutionem
3266 3272 3725 3339 supradictorum.

436 3358 674 3422 ἐδίδαξεν
690 3359 1009 3422 Ἀπόστολος
1040 3360 1139 3431 (6),
1167 3360 1494 3430 ὲνθέως(ῶς)
1520 3363 1665 3424 είκὸς
1690 3362 2032 3433 ὁρμώμενος,

433 3449 610 3504 διὰτὸ
642 3450 905 3519 ’λέγεσθαι
961 3452 1018 3503 ὲν
1062 3452 1272 3516 τούτοις
1323 3453 1387 3505 ὲκ
1438 3452 1736 3525 προσώπου
1769 3454 1861 3505 τοῦ
1904 3453 2033 3506 Υἱοῦ

434 3541 528 3595 τοῦ
547 3542 681 3595 Θεοῦ
698 3544 780 3605 τὸ,
812 3543 931 3611 Πρὸ
964 3544 1070 3597 τοῦ
1098 3543 1204 3612 ὄρη
1228 3543 1614 3613 ἑδρασθῆναι,
1644 3544 1757 3612 πρὸ
1789 3544 1857 3597 δὲ
1885 3543 2035 3598 πάν-

432 3649 552 3686 των
588 3632 837 3697 βουνῶν
877 3634 1060 3705 γεννᾷ
1089 3653 1183 3705 με.
1228 3637 1309 3690 Τὰ
1344 3636 1442 3708 μὲν
1479 3632 1571 3689 οὖν
1627 3636 1764 3691 ἄλλα
1801 3636 2032 3709 δρᾶσθαι

433 3726 563 3798 εφη,
599 3728 759 3796 μόνον
797 3726 852 3780 δὲ
884 3728 1047 3782 αὐτὸν
1070 3728 1427 3800 γεγεννῆσθαι
1463 3729 1568 3801 πρὸ
1596 3729 1694 3801 τῆς
1718 3729 1826 3783 τῶν
1858 3729 2031 3802 δηλω-

430 3818 634 3872 θέντων
662 3820 994 3883 συστάσεως.
1029 3816 1151 3877 Οἷδε
1177 3821 1233 3874 δὲ
1267 3821 1364 3893 τὴν
1399 3821 1721 3891 ἐπουράνιον
1764 3823 2033 3893 Ἰερουσα-

432 3910 545 3982 λὴμ
567 3912 595 3964 ό
620 3911 1138 3975 αὺτὺςἋπόστολος,
1182 3913 1276 3965 καὶ
1308 3913 1369 3965 τὸ
1413 3912 1665 3981 οὐράνιον
1717 3912 1842 3984 ὅρος
1869 3916 1954 3983 ἐφ’
1987 3906 2031 3983 ᾧ

430 4004 636 4073 ταύτην
688 4000 828 4056 εἶναί
885 4020 1019 4075 φησι
1065 4003 1273 4073 λέγων’
1324 4006 1829 4073 Προσεληλύθατε
1878 4008 2032 4062 Σιὼν

430 4094 571 4161 ὄρει,
609 4092 708 4146 καὶ
742 4094 917 4147 πόλει
950 4093 1099 4148 Θεοῦ
1128 4092 1343 4160 ζῶντος
1377 4095 1776 4167 Ἰερουσαλὴμ
1803 4098 1896 4151 ἐπ’
1927 4101 2022 4153 οὺ-

420 4183 609 4255 ρανῷ,
649 4185 747 4240 καὶ
790 4186 1085 4255 μυρίασιν
1115 4187 1409 4257 ἀγγέλων,
1446 4191 1779 4259 πανηγύρει
1804 4190 2033 4245 καὶΕκ-

428 4278 657 4346 πλησία
704 4279 1095 4347 πρωτοτόκων
1131 4279 1678 4351 ἀπογεγραμμένων
1735 4284 1805 4336 ἐν
1853 4284 2029 4352 οὐρα-

425 4369 576 4437 γοῖς.
609 4371 719 4424 Καὶ
752 4371 956 4425 τούτων
993 4371 1282 4444 τοιγαροῦν
1306 4372 1560 4426 ἁπάντων
1590 4374 1970 4445 προῦπάρχων
1996 4377 2023 4429 ό

410 4462 520 4522 ,τοῦ
546 4462 681 4516 Θεοῦ
725 4463 1019 4536 μονογενὴς
1048 4464 1175 4528 Υἱὸς
1219 4464 1287 4517 τὰ
1314 4464 1415 4534 τῆς
1460 4466 1668 4529 οἰκείας
1708 4467 2025 4538 ἀπορρήτου
2070 4494 2073 4511 ι

2138 3351 2297 3406 Novit
2326 3365 2503 3407 autem
2526 3354 2666 3408 idem
2686 3357 2981 3425 Apostolus
2999 3369 3055 3414 et
3073 3358 3373 3415 Jerusalem
3409 3364 3688 3421 ctelestem
3710 3407 3728 3432 ,

2137 3452 2193 3496 cl.
2220 3454 2457 3498 montem
2515 3446 2568 3499 in
2605 3462 2713 3516 quo
2739 3450 2827 3503 illa
2869 3453 3121 3506 conditur
3147 3454 3444 3520 cmleStem,
3482 3458 3570 3513 ubi
3628 3460 3725 3526 ait,

2134 3533 2438 3587 Accessistis
2464 3534 2533 3587 ad
2560 3546 2789 3591 montem
2815 3536 2965 3607 Sion,
2995 3551 3041 3595 et
3070 3544 3332 3597 civitatem
3370 3546 3585 3600 viventis
3608 3546 3726 3611 Dei,

2133 3622 2432 3679 Jerusalem
2466 3628 2521 3681 in
2552 3627 2714 3695 caelis,
2746 3631 2814 3683 ad
2838 3634 3233 3688 multitudinem
3269 3637 3599 3691 innumeram
3624 3656 3723 3694 an-

2133 3715 2389 3784 gelorum,
2415 3720 2721 3789 panegyrim
2768 3732 2816 3775 et
2859 3722 3150 3778 Ecclesium
3179 3727 3645 3796 primogenitorum
3669 3730 3725 3782 in

2133 3806 2273 3860 ccelt's
2291 3808 2757 3876 deseriptorum”.
2795 3810 2934 3866 Ante
2973 3814 3073 3867 ista
3103 3813 3320 3882 quidem
3352 3815 3534 3869 omnia
3571 3816 3723 3870 exsi-

2133 3909 2280 3955 stens
2310 3901 2626 3970 unigenitus
2654 3903 2751 3957 Dei
2777 3903 2970 3970 Filius,
3000 3921 3121 3975 qua}
3172 3908 3240 3961 ad
3273 3906 3445 3975 ipsius
3478 3905 3725 3962 ineﬂabi-

2133 3992 2236 4047 lem
2265 3995 2585 4062 spectabant
2621 4001 3046 4067 generationem,
3080 3998 3467 4054 absconditein
3490 3998 3723 4055 Prover-

2132 4086 2234 4141 biis
2262 4086 2555 4143 intimavit.
2600 4088 2665 4143 Et
2705 4090 2848 4159 quod
2897 4090 3042 4146 hunc
3072 4094 3296 4147 subesse
3323 4107 3545 4147 sensum
3575 4092 3722 4146 vole-

2131 4179 2224 4234 bat
2252 4180 2475 4252 intelligi
2509 4190 2657 4251 patet
2688 4197 2754 4237 ex
2803 4183 2869 4238 iis
2921 4198 3041 4254 quae
3072 4186 3257 4239 statim
3287 4186 3553 4255 adjungit,
3587 4184 3722 4239 Cum

2129 4271 2283 4326 cmlos
2315 4281 2620 4341 appararet,
2652 4273 2733 4327 illi
2756 4291 2986 4343 praesens
3011 4274 3185 4346 adfui.
3206 4274 3436 4345 Hicjam
3469 4280 3721 4348 egregius

2131 4364 2400 4433 interpres
2427 4366 2832 4435 Scripturarum
2860 4370 3116 4423 exclusus
3129 4370 3395 4435 substitit,
3424 4384 3522 4425 nec
3541 4381 3726 4425 trans-

2130 4455 2210 4509 ire
2242 4456 2415 4522 potuit
2455 4471 2468 4508 :
2507 4457 2650 4525 quod
2679 4460 3126 4528 consequentiam
3159 4460 3447 4515 reddenda:
3474 4462 3722 4529 supposi-

424 4554 731 4625 γεννήσεως
755 4555 1270 4626 ὲπικεκρυμμένως,
1299 4555 1386 4609 διὰ
1403 4555 1511 4609 τῶν
1540 4556 1858 4627 Παροιμιῶν
1880 4557 2025 4627 ᾐνίτ-

2138 4547 2290 4602 lionis
2342 4549 2407 4602 de
2452 4563 2618 4604 carne
2672 4548 3003 4615 Servatoris,
3057 4549 3405 4620 complanare
3446 4552 3717 4621 nequiret.

426 4663 570 4700 τετο.
596 4646 709 4701 Καὶ
732 4648 814 4700 ὅτι
841 4665 905 4716 γε
946 4648 1117 4701 ταῦτα
1138 4649 1409 4702 ὑπέϐαλλε
1439 4651 1599 4715 νοεῖν,
1630 4648 1786 4721 δῆλον
1835 4649 1900 4702 ἃν
1922 4647 2015 4718 γέ-

2126 4640 2398 4696 Mentione
2424 4642 2568 4696 enim
2628 4642 2767 4697 facta
2821 4645 3200 4713 susquedeque
3247 4644 3455 4708 carnis,
3515 4656 3570 4697 et
3605 4659 3721 4699 om-

431 4758 573 4795 νοιτο
593 4741 686 4810 ἀφ’
716 4735 789 4796 ὧν
817 4741 1078 4795 συνάπτει
1109 4742 1235 4813 ἑξῆς
1261 4743 1434 4812 λέγων
1458 4760 1472 4774 ·
1521 4743 1722 4797 Ήνίκα
1751 4740 2020 4812 ἡτοίμαζε

2138 4735 2221 4789 nia
2239 4734 2393 4804 quasi
2418 4735 2561 4789 dicta
2588 4736 2653 4791 de
2669 4750 2837 4791 carne
2861 4738 3104 4805 exposita
3143 4751 3450 4806 proponens
3484 4742 3543 4800 >I<
3572 4738 3718 4807 (nam

423 4836 535 4890 τόν
552 4835 835 4904 οὐρανὸν,
867 4836 1284 4905 συμπαρήμην
1312 4837 1491 4902 αὐτῷ.
1528 4836 1697 4890 Ἔνθα
1722 4839 1751 4889 ό
1772 4839 2021 4904 γενναῖος

2138 4826 2197 4878 ad
2222 4839 2393 4896 usque
2422 4836 2633 4883 montes
2667 4838 2721 4882 et
2742 4828 2909 4883 colles
2930 4830 3121 4895 evasit,
3151 4846 3288 4900 quos
3314 4831 3591 4896 apostolos
3625 4844 3719 4882 ar-

419 4927 531 4981 τῶν
560 4927 793 5000 Γραφῶν
821 4927 1092 5000 ἑρμηνεὺς
1127 4927 1505 4992 ἀποκλεισθεὶς
1534 4928 1662 4998 ἔστη
1693 4929 1795 4999 (7),
1828 4927 2021 4999 μηκέθ’

2138 4919 2366 4975 bitratur
2416 4920 2606 4990 esse),
2649 4937 2767 4992 quae
2824 4934 3129 4992 sequuntur
3183 4924 3404 4977 silentio
3460 4923 3719 4991 deinceps

420 5019 688 5091 ὑπερϐὰς,
720 5006 824 5092 tu?
842 5020 916 5094 μὴ
953 5021 1269 5091 δεδυνῆσθαι
1306 5019 1624 5090 ὲξομαλίσαι
1672 5021 1771 5091 τὴν
1799 5020 2025 5073 ἀκολου-

2138 5012 2325 5067 lubens
2378 5014 2699 5080 transmisit,
2735 5030 2838 5069 non
2870 5031 3036 5071 ausus
3075 5016 3301 5071 ulterius
3336 5017 3389 5069 in
3418 5014 3721 5085 Scripturis

422 5110 546 5166 θίαν
565 5111 665 5183 τῆς
687 5111 1044 5182 ἀποδοθείσης
1081 5110 1231 5181 αὐτῷ
1261 5113 1393 5182 περὶ
1420 5111 1522 5180 τῆς
1548 5110 1751 5182 σαρκὸς
1780 5108 1876 5163 τοῦ
1908 5110 2023 5161 Σω-

2138 5107 2404 5176 progredi.
2433 5107 2613 5178 Atque
2653 5110 2726 5164 ita
2762 5108 2981 5163 ﬁbulam
3020 5109 3254 5163 orationi
3284 5108 3549 5197 apposuit.
3590 5106 3721 5160 Post

418 5202 585 5274 τῆρος
629 5202 961 5266 ὑποθέσεως.
998 5204 1145 5255 Ἀνω
1188 5201 1296 5273 γὰρ
1339 5203 1433 5256 καὶ
1470 5201 1622 5255 κάτω
1671 5201 1769 5273 τῆς
1812 5200 2015 5271 σαρκὸς

2138 5199 2525 5269 quamplurima
2555 5202 2885 5257 intermemo
2910 5216 3160 5255 sermone
3195 5209 3494 5264 transacta,
3530 5199 3599 5253 ab
3631 5214 3721 5253 ac-

420 5293 828 5368 μνημονεύσας,
871 5297 966 5349 καὶ
1002 5295 1181 5350 πάντα
1212 5293 1466 5366 εἰρῆσθαι
1498 5293 1629 5365 περὶ
1656 5293 1758 5364 τῆς
1808 5293 2012 5364 σαρκὸς

2138 5292 2370 5360 :eptione
2399 5293 2486 5348 illa
2514 5293 2721 5348 carnali
2765 5293 2959 5359 resilit,
2993 5293 3172 5348 fassus
3210 5292 3303 5347 Dei
3341 5291 3576 5347 Verbum
3612 5291 3713 5345 ista

494 5466 554 5525 Ψ
591 5459 688 5515 Ed.
718 5457 921 5525 Paris.,
948 5474 1071 5531 pag.
1096 5458 1220 5524 162,
1266 5456 1365 5513 165
1460 5457 1507 5489 ⁸³
1539 5453 1702 5512 Hebr.
1735 5469 1832 5523 ιιι,
1854 5454 1949 5519 22,
1982 5452 2076 5510 25.

485 5644 566 5720 (5)
596 5645 795 5716 Μυρία
820 5645 1025 5712 αὐτός.
1053 5645 1198 5718 Lege
1234 5645 1406 5718 μυρία
1429 5645 1485 5700 δὲ
1527 5644 1661 5718 [imo
1691 5646 1739 5698 δ’
1778 5644 1845 5700 ἄν
1883 5660 2006 5704 cum

485 5716 602 5768 dd.l
634 5718 729 5768 καὶ
752 5715 935 5768 αὑτός.

2189 5644 2265 5768 ἳθ)
2313 5643 2559 5710 Ἑνθέως
2588 5642 2769 5707 εἰκός.
2792 5641 2973 5708 Deest,
3002 5640 3100 5706 ὼς,
3135 5639 3211 5703 ὡς
3245 5637 3415 5702 εἰκός.
3436 5635 3709 5695 Μο-Μοκ

2138 5733 2189 5768 tu
2217 5731 2284 5768 ao
2310 5715 2418 5768 πρὸ
2438 5714 2509 5768 τὰ
2532 5713 2658 5768 bon.

417 5715 729 5842 coaevus
752 5715 935 5779 αὑτός.
1139 5715 1158 5718 ⁷
1238 5715 1247 5717 ἡ
1317 5715 1327 5718 ⁷
1413 5789 1426 5801 θ
1531 5715 1545 5718 “

510 5786 566 5859 4)
633 5786 835 5857 ιιΙεοψυ
876 5788 1141 5851 άςοιιηοκ
1160 5787 1221 5840 τὸ
1242 5788 1316 5859 μή
1339 5788 1556 5859 εῌηίη
1570 5789 1662 5843 καὶ
1679 5787 1827 5843 διασ.

488 5789 567 5911 ίΒΊ
601 5856 771 5911 Vulgo
787 5804 874 5910 63x
875 5869 927 5911 et
953 5872 1076 5911 mox
1106 5857 1349 5911 ἐκτίσθη.

2138 5715 2284 5856 mli“
2297 5715 2877 5853 ἧςιὸὶὲθέρὲπερϐάς.
2902 5782 3090 5850 Forte,
3122 5782 3196 5853 μὴ
3234 5781 3385 5837 κάτω
3408 5781 3623 5845 διαϐάς.
3647 5780 3717 5837 Μ.

2138 5887 2203 5898 -
2228 5789 2398 5911 θωπί)
2435 5856 2508 5911 μὴ
2545 5855 2718 5911 μηκέθ
2748 5854 3013 5911 ὑπερϐάς.

488 5789 566 5937 ἑὸ)
582 5789 940 5909 νιιιεοψιέχάς
952 5797 1007 5843 et
1021 5801 1141 5842 mox
1160 5789 1221 5840 τὸ
1242 5789 1316 5859 μή
1339 5789 1556 5859 etjnfra
1570 5789 1662 5843 καὶ
1679 5789 1827 5843 διασ.

515 5857 567 5930 3’)
601 5856 818 5927 Vulgo6
875 5869 927 5913 et
953 5872 1076 5913 mox
1106 5857 1349 5930 ἐκτίσθη.

2186 5789 2270 5911 (Ἱό
2297 5789 2395 5853 Μὴ
2428 5789 2557 5839 καθ’
2591 5789 2877 5853 ὑπερϐάς.
2903 5789 3011 5839 For

2138 5887 2203 5898 —
2277 5857 2398 5926 ulgo
2435 5856 2508 5927 μὴ
2544 5855 2718 5927 μηκέθ
2748 5854 3013 5923 ὑπερϐάς.
