4082 6450
368 363 474 418 995

1043 365 1315 424 EUSEBII
1353 362 1836 422 CAESARIENSIS
1874 361 2026 420 OPP.
2069 361 2253 419 PARS
2293 363 2387 420 IV.
2428 394 2498 404 —
2538 363 2963 421 DOGMATICA.

3553 366 3659 425 996

370 488 740 556 prolocutum;
774 488 1099 556 verba'ejus
1127 501 1253 546 sunt
1284 490 1375 562 [Β.
1409 488 1520 544 LIV
1557 489 1681 544 coll.
1712 505 1766 558 p.
1805 489 1868 543 Η
1902 489 1961 554 ι),

2070 487 2489 560 ἀποφηνάμενος
2511 487 2697 559 (μέχρι
2724 488 2835 561 γάρ
2861 488 2969 543 τῶν
3015 487 3156 561 ὀρῶν
3189 485 3282 542 καὶ
3314 485 3422 541 τῶν
3454 485 3664 558 βουνῶν

371 583 474 637 112
509 581 573 646 D,
605 581 708 636 166
736 582 802 654 Λ]
838 599 852 635 :
887 601 904 632 ι
942 581 1265 652 Priusquam
1321 593 1467 637 esset
1529 581 1784 643 mundus,
1843 589 1963 635 erat

375 696 392 727 ι
427 677 538 746 jam
595 675 824 731 Verbum
885 676 946 729 in-
994 675 1176 730 Patre.
1234 675 1366 730 Cum
1431 689 1560 729 vero
1624 674 1964 741 omnipotens

374 788 395 822 ι
436 769 592 832 Deus,
624 770 802 822 omnia
831 783 891 823 ea
922 768 1154 823 condere
1181 770 1320 838 apud
1351 784 1411 824 se
1440 768 1817 833 constituerat,
1843 782 1962 836 quae

377 878 396 910 ι
434 871 558 915 sunt
591 861 644 914 in
695 860 846 914 caelis
886 870 938 914 et
967 876 1129 929 super
1159 873 1356 915 terram
1390 881 1402 916 :
1431 862 1613 916 mundi
1645 872 1793 917 certe
1833 876 1960 930 pro-

375 972 394 1005 ι
431 953 611 1008 ductio
645 952 847 1008 efficaci
873 955 1185 1021 operatione
1213 955 1504 1025 indigebat.
1541 955 1605 1008 Et
1651 970 1770 1007 cum
1823 969 1960 1023 pra:-

377 1064 395 1095 ι
433 1055 514 1100 ter
563 1047 748 1109 Deum,
801 1046 931 1099 nihil
973 1062 1193 1115 prorsus
1244 1057 1390 1102 esset
1436 1047 1583 1116 (nam
1641 1047 1857 1116 ponitur
1907 1046 1960 1100 in

375 1157 398 1190 ι
429 1137 677 1193 confesso
713 1139 854 1207 quod
888 1138 1085 1192 fuerint
1113 1140 1291 1192 omnia
1319 1139 1386 1193 ab
1435 1140 1524 1192 illo
1559 1136 1821 1208 condita),
1851 1147 1961 1191 tum

376 1249 398 1282 ι
429 1233 726 1298 procedens
755 1231 1015 1294 Verbum,
1073 1234 1272 1288 factum
1320 1242 1404 1286 est
1456 1231 1638 1286 mundi
1692 1232 1960 1298 conditor,

377 1340 398 1373 α
429 1323 568 1392 quod
603 1325 870 1378 exsistens
898 1326 1046 1396 prius
1081 1325 1249 1395 intus,
1283 1326 1428 1378 illum
1467 1325 1638 1392 ipsum
1672 1324 1965 1394 apparabat

377 1432 398 1465 ι
433 1417 884 1485 quemadmodum
912 1433 1009 1471 nos
1037 1419 1295 1486 pr0pbeta
1321 1421 1477 1471 docet
1503 1417 1758 1472 Salomon
1790 1433 1802 1469 :
1829 1413 1965 1469 Cum

379 1525 397 1556 ο
435 1519 713 1574 appararet
737 1519 956 1573 terram,
978 1525 1082 1562 una
1110 1526 1340 1577 praesens
1374 1510 1588 1562 aderam
1606 1508 1674 1561 ⁸⁸.
1711 1508 1797 1574 Et,
1831 1506 1963 1562 Cum

375 1615 395 1647 ‹
432 1598 600 1667 fontes
629 1601 718 1669 qui
753 1601 845 1652 sub
877 1600 1003 1654 caelo
1033 1612 1152 1654 sunt
1180 1600 1364 1669 ﬁrmos
1393 1610 1630 1670 poneret,
1651 1610 1697 1652 et
1715 1599 1964 1653 solidaret

373 1709 395 1740 ι
431 1691 764 1758 ﬁrmamenta
804 1705 979 1756 ιρι-ναν,
1037 1709 1182 1745 eram
1229 1691 1372 1759 apud
1419 1709 1536 1746 eum
1584 1692 1845 1759 adaptans
1878 1707 1961 1746 ea.

375 1797 395 1830 ι
439 1780 548 1850 Ego
587 1797 729 1834 erum
781 1782 963 1852 inqua
998 1781 1358 1836 oblectabatur
1378 1783 1445 1838 ⁸⁵.
1477 1783 1668 1837 Procul
1709 1785 1870 1837 dubio
1901 1785 1966 1839 si-

377 1893 396 1923 c
433 1875 648 1943 quidem
693 1861 1184 1944 gaudebat’Pater,
1246 1891 1367 1931 cum
1409 1892 1504 1946 per
1538 1875 1772 1931 Verbum
1802 1893 1960 1932 suum

377 1984 399 2018 ‹
438 1966 709 2036 sapienter
757 1973 810 2020 et
857 1977 1105 2036 potenter
1151 1968 1263 2021 hare
1300 1968 1480 2022 omnia
1517 1968 1734 2023 faceret.
1779 1989 1797 2022 ι
1840 1969 1964 2025 Ηωο

373 2057 680 2112 Marcellus.
705 2057 808 2124 Qui
837 2058 883 2112 si
912 2061 1000 2111 vix
1035 2060 1247 2112 tandem
1278 2061 1494 2130 agnovit
1525 2061 1640 2116 haec
1685 2062 1738 2116 in
1777 2077 1962 2130 perso-

373 2167 442 2204 na
473 2150 634 2205 Verbi
675 2151 816 2204 dicta
872 2165 1014 2214 esse,
1078 2152 1386 2206 necessario
1419 2152 1663 2207 confiteri
1719 2163 1960 2224 cogetur,

372 2245 681 2299 universam
741 2241 812 2296 ibi
865 2241 1132 2296 dictorum
1184 2257 1520 2312 compagem,
1555 2243 1623 2298 de
1647 2245 1835 2302 eodem
1871 2245 1962 2299 Dei

373 2332 554 2387 Verbo
588 2341 924 2402 usurpatam.
967 2331 1102 2386 Nam
1138 2333 1229 2401 qui
1269 2334 1426 2400 dixit,
1461 2334 1596 2388 Cum
1639 2347 1963 2405 pra’pararet

369 2425 556 2480 caelum
590 2425 638 2477 ei
667 2427 906 2489 aderam,
975 2425 1113 2479 idem
1147 2425 1381 2480 Verbum
1407 2427 1618 2481 scilicet
1642 2438 1756 2480 erat
1788 2429 1878 2498 qui
1909 2437 1965 2483 et

371 2517 532 2573 dixit.
568 2518 824 2572 Dominus
849 2518 1082 2572 condidit
1131 2535 1212 2573 me
1251 2520 1571 2589 principium
1609 2522 1814 2574 viarum
1833 2537 1962 2575 sua-

373 2628 491 2665 rum
526 2615 595 2666 ad
625 2629 782 2680 opera
809 2629 926 2666 sua.
983 2611 1097 2667 Una
1151 2615 1350 2668 etenim
1383 2614 1681 2684 eademque
1730 2630 1960 2685 persona

374 2707 885 2774 reprzesentabatur,
921 2704 972 2757 in
1005 2705 1269 2774 principio
1299 2704 1457 2772 hujus
1486 2721 1694 2774 passus,
1751 2723 1871 2775 qua:
1909 2719 1965 2762 et

372 2797 556 2852 omnia
611 2797 862 2864 deinceps
920 2797 1340 2864 exsequebatur.
1396 2795 1488 2851 llle
1520 2811 1649 2867 ergo
1679 2799 1768 2867 qui
1805 2798 1959 2862 dixit,

374 2888 634 2943 Dominus
686 2886 916 2940 condidit
963 2902 1046 2940 me
1099 2887 1415 2955 principium
1459 2887 1664 2940 viarum
1719 2904 1961 2952 suarum,

374 2979 661 3035 subintulit
709 2979 859 3045 illud,
923 2979 1057 3033 Ante
1081 2979 1279 3032 sweula
1329 2979 1567 3045 [undavit
1596 2995 1677 3032 me
1718 2995 1737 3032 :
1784 2989 1856 3044 et,
1896 2978 1963 3032 In

377 3073 635 3139 nrincipio
680 3081 959 3140 antequam
1003 3080 1198 3124 terram
1239 3072 1484 3125 conderet
1515 3088 1533 3124 :
1567 3080 1640 3137 et,
1673 3072 1962 3141 Antequam

2063 579 2288 650 ἔφθασε,
2324 583 2449 645 τοὺς
2477 582 2810 646 ἀποστόλους
2837 581 2985 635 ταῦτ’
3014 582 3182 636 εἰπὼν
3207 577 3394 648 εἶναι),
3422 581 3491 636 τὰ
3511 581 3566 634 δέ
3596 597 3663 651 γε

2065 672 2281 736 τούτοις
2315 673 2585 726 ἀκόλουθα
2609 673 2751 727 ἔχων
2779 674 3063 745 παρέδωκε
3093 677 3293 745 σιωπῇ,
3332 674 3530 745 μηκέτι
3563 674 3665 745 τῆς

2063 763 2289 834 Γραφῆς
2343 764 2656 836 περαιτέρω
2705 763 2986 836 προελθεῖν
3035 765 3333 836 τολμήσας.
3401 764 3667 818 Ἐνταῦθα

2068 855 2165 924 μὲν
2198 851 2291 908 οὖν
2322 855 2502 927 ἵστησι
2532 857 2622 909 τὸν
2646 855 2832 924 λόγον’
2862 858 3000 928 μετά
3021 857 3250 910 πλεῖστα
3276 857 3332 910 δὲ
3365 858 3464 910 ὃσα
3500 873 3669 927 μετα·

2065 943 2126 1009 ξὺ
2161 946 2309 1017 αὐτῷ
2333 946 2653 1018 λελεγμένα,
2681 947 2976 1017 ἀφίσταται
3007 948 3104 1019 μὲν
3141 949 3241 1019 τῆς
3279 949 3372 1001 ἐπὶ
3404 948 3504 1019 τὴν
3532 947 3668 1021 σάρ-

2063 1055 2136 1091 κα
2170 1039 2417 1110 ἐκδοχῆς,
2461 1039 2713 1110 ὁμολογεῖ
2765 1039 2822 1092 δὲ
2865 1041 2959 1093 τὸν
2991 1039 3085 1093 τοῦ
3141 1039 3277 1094 Θεοῦ
3309 1041 3483 1109 Λόγον
3525 1037 3670 1094 εἶναι

2063 1132 2153 1184 τὸν
2199 1133 2374 1186 ταῦτα
2428 1134 2696 1202 φήσαντα.
2751 1132 2916 1202 Λέγει
2961 1133 3006 1186 δ’
3051 1128 3143 1186 οὖν
3186 1133 3370 1197 αὐτοῖς
3416 1134 3664 1206 ῥήμασι·

2070 1243 2088 1273 ι
2109 1224 2223 1294 Πρὸ
2252 1224 2360 1294 γὰρ
2385 1222 2478 1276 τοῦ
2521 1223 2612 1276 τὸν
2639 1223 2843 1294 κόσμον
2872 1219 3013 1276 εἶναι
3050 1218 3118 1294 ἦν
3159 1223 3330 1292 Λόγος
3358 1225 3418 1276 ἐν
3442 1223 3519 1293 τῷ
3553 1224 3670 1278 Πα-

2070 1334 2089 1366 ‹
2113 1315 2223 1386 τρί.
2259 1317 2387 1368 Ὅτε
2410 1315 2467 1368 δὲ
2490 1315 2519 1367 6
2548 1313 2946 1385 παντοκράτωρ
2970 1313 3103 1378 Θεὸς
3127 1314 3305 1368 πάντα
3327 1331 3386 1366 τε
3412 1314 3471 1367 ὲν
3502 1313 3562 1366 οὐ
3573 1329 3672 1382 ρα-

2071 1428 2089 1460 ι
2122 1411 2234 1471 νοῖς
2277 1407 2374 1461 καὶ
2411 1407 2480 1460 τὰ
2521 1407 2614 1460 ἐπὶ
2657 1406 2758 1476 τῆς
2801 1407 2904 1476 γῆς
2947 1406 3169 1476 ποιῆσαι
3204 1405 3486 1477 προέθετο,
3515 1408 3672 1476 ὲνερ-

2071 1520 2088 1552 ι
2119 1500 2272 1569 γείας
2299 1502 2333 1571 ὴ
2364 1499 2457 1553 τοῦ
2488 1500 2694 1571 κόσμου
2739 1498 2955 1568 γένεσις
2996 1499 3166 1552 ἐδεῖτο
3204 1498 3523 1570 δραστικῆς,
3573 1498 3672 1553 καὶ

2073 1613 2091 1646 ι
2119 1594 2207 1648 διὰ
2231 1591 2411 1657 τοῦτο,
2452 1593 2678 1665 μηδενὸς
2717 1593 2872 1656 ὄντος
2909 1592 3100 1664 ἐτέρου
3146 1592 3288 1663 πλὴν
3338 1591 3474 1646 Θεοῦ
3509 1592 3672 1663 (πάν-

2073 1703 2184 1739 ιτα
2242 1685 2352 1757 γὰρ
2415 1685 2756 1756 ὁμολογεῖται
2806 1685 2881 1757 (8)
2925 1685 3017 1738 ὑπ’
3072 1683 3238 1737 αὐτοῦ
3291 1683 3669 1756 γεγενῆσθαι),

2075 1797 2093 1829 ι
2121 1778 2243 1831 τότε
2273 1777 2484 1847 ὁΛόγος
2514 1779 2793 1849 προελθὼν
2821 1779 3032 1849 ἐγίνετο
3057 1777 3151 1832 τοῦ
3177 1778 3382 1849 κόσμου
3414 1779 3670 1850 ποιητὴς,

2075 1889 2093 1918 ‹
2118 1871 2147 1924 6
2185 1870 2280 1923 καὶ
2310 1869 2574 1942 πρότερον
2610 1870 2756 1924 ἔνδον
2791 1869 2998 1941 νοητῶς
3036 1867 3340 1940 ὲτοιμάζων
3369 1870 3552 1934 αὑτὸν,
3591 1871 3675 1934 ὡς

2077 1980 2095 2012 ι
2118 1961 2356 2015 διδάσκει
2402 1963 2549 2033 ἡμᾶς
2577 1964 2604 2015 6
2629 1964 2913 2034 προφήτης
2943 1961 3214 2033 Σολομὼν,
3263 1961 3465 2016 Ἡνίκα
3504 1963 3670 2030 ἡτοί-

2077 2071 2096 2104 ι
2113 2053 2257 2123 μαζε
2299 2054 2407 2108 τὸν
2457 2054 2740 2122 οὐρανὸν,
2791 2055 2984 2123 λέγων,
3015 2055 3431 2123 συμπαρήμην
3475 2051 3669 2119 αὐτῷ·

2077 2163 2095 2196 ι
2122 2147 2236 2206 καὶ.
2266 2146 2360 2212 Ὡς
2377 2147 2674 2215 ἀσφαλεῖς
2696 2146 2876 2200 ἐτίθει
2899 2146 3095 2216 πηγὰς
3115 2145 3228 2214 τῆς
3255 2146 3357 2200 ὑπ’
3373 2146 3636 2215 οὐρανόν
3651 2161 3667 2176 “

2076 2256 2094 2288 ‹
2117 2239 2298 2306 ἡνίκα
2333 2239 2552 2308 ἰσχυρὰ
2583 2239 2771 2292 ἐποίει
2809 2238 2882 2292 τὰ
2914 2238 3161 2308 θεμέλια
3196 2237 3309 2307 τῆς
3336 2238 3472 2310 τῆς,
3505 2238 3674 2309 ἢμην

2077 2348 2095 2380 ‹
2122 2328 2258 2396 παρ’
2283 2327 2444 2393 αὐτῷ
2482 2328 2841 2398 ἁρμόζουσα.
2888 2329 3036 2399 Ἐγὼ
3071 2329 3236 2398 ἤμην
3349 2329 3676 2399 προσέχαι-

2076 2439 2095 2471 ι
2111 2436 2210 2488 ρε·
2247 2419 2432 2492 ἔχαιρε
2477 2420 2585 2493 γὰρ
2624 2421 2851 2484 εἰκότως
2890 2423 2918 2475 6
2953 2421 3142 2494 Πατὴρ
3193 2423 3331 2493 μετά
3360 2425 3552 2493 σοφίας
3576 2426 3675 2478 καὶ

2077 2511 2400 2582 «δυνάμεως
2453 2512 2542 2566 διὰ
2599 2513 2692 2567 τοῦ
2727 2514 2902 2584 Λόγου
2957 2515 3136 2570 πάντα
3184 2515 3376 2569 ποιῶν.
3410 2536 3428 2568 ι
3487 2515 3675 2571 Ταῦτα

2069 2605 2412 2677 Μάρκελλος.
2445 2607 2510 2660 Ei
2533 2607 2609 2679 (9)
2642 2607 2706 2680 δὴ
2737 2604 2830 2662 οὖν
2857 2611 2920 2662 ὲκ
2951 2610 3242 2682 προσώπου
3272 2611 3367 2665 τοῦ
3391 2612 3567 2680 Λόγου
3597 2615 3674 2666 εἰσ

2072 2698 2266 2770 ρῆσθαι
2303 2699 2444 2752 αὐτὰ
2476 2700 2634 2771 μόγις
2667 2701 2798 2754 ποτὲ
2833 2701 3205 2774 ὡμολόγησεν,
3247 2704 3461 2777 ἀνάγκη
3507 2705 3674 2760 αὐτὸν

2071 2791 2476 2862 παραδέξασθαι
2510 2795 2690 2847 πᾶσαν
2734 2793 2831 2866 τὴν
2868 2794 3185 2867 σύμφρασιν
3228 2796 3338 2850 τῶν
3371 2799 3670 2869 προκειμέ-

2069 2903 2176 2939 νων
2209 2887 2302 2940 ὲπὶ
2343 2887 2434 2940 τὸν
2464 2887 2629 2940 αὐτὸν
2666 2885 2762 2940 τοῦ
2794 2885 2930 2938 Θεοῦ
2956 2886 3129 2955 Λόγον
3179 2887 3571 2960 ἀναφέρεσθαι.
3601 2890 3672 2943 ιὈ

2069 2977 2180 3051 γὰρ
2209 2977 2398 3042 εἰπὼν,
2415 2979 2627 3033 Ἦνίκα
2658 2978 2934 3048 ἡτοίμαζε
2961 2980 3068 3033 τόν
3091 2979 3374 3048 οὐρανὸν,
3393 2996 3671 3051 συμπαρ-

2069 3071 2233 3141 ήμην
2269 3068 2449 3136 αὐτῷ,
2488 3071 2650 3134 αὐτὸς
2673 3072 2788 3142 (10)
2819 3067 2887 3143 ἦν
2919 3073 2947 3124 ὁ
2980 3071 3074 3124 καὶ
3108 3071 3188 3135 τὸ,
3227 3074 3449 3142 Κύριος
3471 3073 3675 3128 ἕκτεσέ

375 3172 578 3217 montes
612 3162 976 3231 firmarentur,
1006 3171 1127 3215 ante
1153 3177 1330 3214 omnes
1359 3160 1514 3214 colles
1544 3163 1720 3230 genuit
1745 3179 1860 3225 me;
1884 3172 1960 3229 et,

2070 3180 2141 3233 με
2178 3163 2379 3232 ἀρχὴν
2406 3163 2564 3217 ὁδῶν
2600 3164 2788 3218 αὑτοῦ
2831 3167 2919 3231 εὶς
2949 3164 3094 3234 ἔργα
3127 3162 3337 3247 αὐτοῦ2
3372 3165 3586 3236 φήσαςο
3615 3165 3672 3217 ἓν

376 3257 510 3309 Cum
533 3264 856 3324 prmpararet
883 3253 1060 3318 caelos,
1090 3254 1137 3308 ei
1172 3254 1408 3308 aderam.
1445 3253 1602 3324 Isque
1630 3255 1767 3309 idem
1794 3266 1846 3309 et
1875 3271 1964 3310 se-

376 3349 595 3419 quentia
646 3349 913 3417 apposuit.
950 3347 1102 3414 Quod
1160 3347 1204 3403 si
1241 3347 1478 3402 Verbum
1515 3359 1633 3402 erat
1660 3348 1705 3402 is
1741 3350 1829 3416 qui
1864 3350 1964 3403 ista

375 3440 536 3504 dixit,
558 3457 578 3490 ‹
608 3438 874 3508 quomodo
893 3447 1010 3492 erat
1047 3437 1191 3492 intus
1220 3436 1274 3491 in
1301 3436 1427 3503 Deo,
1453 3435 1790 3505 coingenitus
1816 3435 1965 3491 Deo?

377 3548 400 3582 ι
438 3545 600 3584 unum
616 3530 883 3584 exsistens
901 3529 1151 3598 idemque
1171 3543 1293 3583 cum
1317 3527 1419 3582 eo?
1438 3535 1491 3581 et
1517 3539 1692 3581 tamen
1712 3527 1965 3583 secondi-

381 3644 400 3672 ι
439 3631 549 3674 tum
564 3630 616 3673 et
638 3621 874 3687 genitura
892 3618 1209 3687 proﬁtetur?
1226 3617 1359 3672 Nan:
1375 3619 1531 3672 unica
1553 3634 1803 3688 persona,
1821 3620 1964 3688 quod

378 3731 400 3760 ε
434 3713 638 3768 dictum
670 3721 753 3766 est
803 3711 1204 3765 demonstratur
1255 3709 1504 3764 universa
1533 3707 1642 3772 illa,
1667 3723 1786 3778 quae
1821 3709 1962 3762 dicta

381 3823 400 3856 ι
437 3802 1073 3872 ευιιιροηιεήοιοηρυοι]
1097 3803 1140 3856 si
1169 3804 1382 3857 tandem
1401 3816 1524 3856 sero
1551 3801 1679 3856 licet
1704 3800 1966 3855 confitea-

377 3909 465 3950 tur
491 3897 605 3951 haec
635 3896 686 3950 in
718 3909 948 3965 persona
991 3895 1179 3959 Verbi,
1227 3896 1368 3964 quod
1413 3896 1464 3949 in
1493 3894 1600 3949 Deo
1633 3903 1773 3958 erat,
1821 3896 1963 3950 dicta

373 4004 494 4044 esse
525 4030 540 4056 ,
586 3998 731 4042 certe
779 3987 1072 4042 violentum
1119 3988 1542 4056 deprehenditur
1590 3997 1644 4041 et
1692 3999 1962 4052 coactum,

373 4083 518 4151 quod
555 4081 621 4134 ad
652 4094 872 4135 carnem
896 4079 1201 4135 Servaioris
1233 4080 1586 4146 referebatur,
1623 4087 1682 4144 >14
1715 4093 1770 4135 et
1799 4096 1860 4136 ea
1891 4082 1964 4136 ita

373 4175 556 4227 omnia
587 4173 773 4238 cruda,
802 4173 981 4240 inepta
1007 4182 1061 4226 et
1089 4188 1224 4227 vana
1263 4171 1698 4228 manifestantur.
1733 4173 1884 4241 Quod
1917 4176 1960 4229 si

373 4281 506 4321 caro
545 4266 708 4320 Serva
719 4266 849 4318 toris
868 4265 1042 4319 locuta
1067 4276 1167 4332 est,
1192 4265 1450 4320 Dominus
1467 4265 1699 4319 condidit
1717 4283 1798 4320 me
1816 4268 1964 4336 prin-

373 4358 570 4428 cipium
597 4358 799 4412 viarum
821 4374 1042 4411 suarum
1069 4358 1138 4411 aa’
1176 4374 1330 4426 Opera
1371 4374 1469 4411 sua
1500 4398 1515 4423 ,
1567 4367 1625 4411 ut
1653 4359 1752 4429 ipsi
1785 4361 1960 4414 visum

372 4462 458 4507 est
486 4451 826 4522 interpretari
860 4467 873 4502 :
905 4460 959 4505 ct
979 4453 1022 4506 si
1047 4467 1178 4506 caro
1205 4461 1329 4506 ante
1351 4451 1545 4506 saecula
1576 4451 1832 4506 fundatur
1861 4471 1876 4507 :
1909 4461 1963 4507 et

2073 3253 2182 3326 γὰρ
2221 3254 2314 3308 καὶ
2350 3254 2410 3307 τὸ
2439 3253 2567 3306 αὐτὸ
2596 3253 2885 3326 πρόσωπον
2917 3253 3242 3325 ἀρχομένοις
3269 3257 3404 3326 ἡμῖν
3436 3254 3670 3326 ἐδείχθη,

2073 3345 2133 3398 τὸ
2164 3345 2340 3398 πάντα
2369 3343 2662 3409 διεξοδεῦον
2687 3345 2756 3397 τὰ
2782 3345 3140 3418 προκείμενα.
3175 3346 3348 3410 Αὐτὸς
3381 3347 3668 3419 τοιγαροῦν

2073 3435 2242 3490 εἰπὼν
2271 3476 2285 3498 ,
2320 3437 2536 3504 Κύριος
2579 3435 2784 3488 ἔκτισέ
2822 3453 2901 3505 με
2927 3435 3130 3504 ἀρχὴν
3165 3435 3324 3489 ὁδῶν
3362 3436 3550 3491 αὐτοῦ
3581 3440 3668 3502 εἰς

2071 3528 2216 3599 ἔργα
2255 3529 2463 3594 αὑτοῦ,
2501 3530 2750 3600 ἐπήγαγε
2789 3528 2870 3591 τὸ,
2907 3527 3026 3596 Πρὸ
3057 3527 3178 3580 τῶν
3207 3527 3437 3582 αἰώνων
3463 3529 3658 3598 608346-

2069 3621 2259 3675 λέωσέ
2293 3638 2393 3690 με·
2443 3623 2538 3676 καὶ
2581 3622 2662 3687 τὸ,
2722 3623 2826 3678 Ἐν
2853 3620 3015 3691 ἀρχῇ
3071 3621 3185 3690 πρὸ
3232 3621 3337 3676 τοῦ
3383 3621 3498 3690 τὴν
3543 3621 3659 3691 γῆν

2071 3713 2357 3782 ποιῆσαι·
2400 3714 2599 3778 καὶτὸ,
2653 3714 2777 3782 Πρὸ
2824 3714 2931 3768 τοῦ
2963 3713 3071 3782 ὅρη
3118 3713 3508 3782 ἑδρασθῆναι·
3546 3715 3658 3783 πρὸ

2071 3803 2140 3857 δὲ
2179 3803 2427 3859 πάντων
2457 3805 2475 3875 (
2485 3805 2568 3876 11)
2601 3805 2893 3878 [βουνῶν]
2936 3804 3121 3877 γεννᾷ
3167 3824 3264 3876 με.
3309 3806 3366 3859 Ὀ
3421 3805 3578 3869 αὐτὸς
3606 3807 3662 3861 δὲ

2072 3898 2168 3952 καὶ
2216 3898 2295 3962 τὸ,
2355 3898 2558 3953 Ἠνίκα
2595 3899 2909 3968 ἡτοίμαζεν
2936 3899 3044 3954 τὸν
3091 3899 3353 3969 οὐρανὸν
3391 3913 3664 3968 συμπαρ-

2070 3991 2233 4060 ήμην
2259 3989 2442 4056 αὐτῷ,
2482 3991 2686 4062 συνῆψε
2713 3993 2807 4046 καὶ
2850 3991 2916 4046 τά
2946 3991 3210 4046 ἀκόλουθα
3239 3992 3470 4056 τούτοις.
3508 3992 3570 4046 Εἰ
3601 3991 3665 4064 δὴ

2071 4077 2163 4135 οὖν
2195 4081 2224 4133 6
2256 4081 2426 4149 Λόγος
2454 4077 2522 4153 ἦν
2553 4084 2581 4136 6
2603 4081 2774 4135 ταῦτα
2797 4084 2996 4154 φήσας,
3039 4102 3057 4132 ‹
3091 4082 3208 4146 πῶς
3243 4083 3392 4136 ἔνδον
3419 4079 3487 4154 ἦν
3508 4083 3566 4136 ὲν
3587 4081 3668 4151 τῷ

2079 4192 2096 4224 ι
2129 4173 2247 4244 Θεῷ
2279 4174 2374 4227 καὶ
2405 4175 2795 4246 συναγέννητος
2829 4173 2904 4228 ὢν
2937 4175 3015 4246 τῷ
3049 4175 3190 4246 Θεῷ,
3227 4177 3286 4229 ἓν
3314 4193 3370 4229 τε
3405 4179 3499 4230 καὶ
3533 4177 3666 4228 ταὺ-

2077 4288 2095 4319 ι
2125 4269 2215 4321 τὸν
2245 4268 2504 4340 ὑπάρχων
2537 4268 2709 4340 αὐτῷ,
2735 4269 2982 4324 ἐκτίσθαι
3032 4271 3226 4324 ἑαυτὸν
3273 4269 3425 4338 ἔλεγε
3448 4267 3543 4323 καὶ
3566 4286 3669 4339 γε·-

2077 4380 2095 4410 ι
2126 4359 2428 4428 γενῆσθαι;
2483 4359 2540 4412 ἓν
2588 4359 2700 4429 (12)
2750 4361 2860 4433 γὰρ
2913 4363 3026 4425 καὶ,
3079 4362 3154 4426 ὡς
3201 4362 3328 4434 ἔφη,
3367 4359 3664 4431 ἀπεδείχθη

2077 4471 2094 4503 ι
2121 4452 2411 4522 πρόσωπον
2443 4451 2503 4505 τὸ
2534 4451 2712 4506 πάντα
2745 4451 2940 4516 διεξιὸν
2967 4451 3038 4506 τὰ
3072 4452 3428 4524 προκείμενα.
3461 4473 3480 4505 δ
3514 4455 3578 4506 Ei
3606 4455 3668 4508 δὲ

373 4541 428 4597 in
461 4542 724 4612 principio
755 4541 1072 4612 priusquam
1099 4551 1298 4594 terram
1328 4543 1625 4606 conderet,
1676 4551 1872 4596 terram
1902 4555 1961 4597 ut

2070 4543 2166 4598 καὶ
2189 4543 2286 4612 ὀψέ.
2321 4561 2474 4602 ποτε.
2502 4543 2851 4613 ὡμολόγησεν
2882 4545 2946 4596 ἐκ
2979 4544 3274 4615 προσώπου
3315 4544 3488 4599 ταῦτα
3515 4546 3674 4618 εἰρῆ-

373 4634 488 4689 νιιὶι
511 4649 728 4689 carnem
763 4634 920 4700 dixit,
955 4648 1020 4689 eo
1048 4635 1190 4703 quod
1217 4634 1516 4698 dicebatur,
1544 4634 1707 4688 Terra
1730 4652 1805 4696 es,
1829 4645 1878 4688 et
1905 4637 1959 4689 in

373 4737 570 4780 terram
598 4725 934 4780 revertere":
957 4734 1012 4780 et
1046 4726 1088 4780 si
1121 4741 1251 4780 caro
1285 4733 1404 4779 erat
1430 4738 1550 4793 qua:
1579 4725 1735 4786 dixit,
1771 4722 1961 4778 Prius-

370 4831 530 4886 quam
562 4814 756 4884 [πει-ει
801 4817 1040 4885 abyssos,
1088 4817 1395 4886 priusquam
1428 4816 1744 4890 scaturirent
1788 4816 1959 4884 {antes

372 4923 656 4980 aquarum,
688 4909 996 4979 priusquam
1026 4924 1222 4962 montes
1249 4907 1612 4976 ﬁrmarentur,
1637 4918 1758 4961 ante
1779 4925 1955 4962 omnes

372 5000 530 5055 colles
578 4999 744 5071 gignit
786 5017 866 5054 me
894 5013 913 5051 :
949 5001 1092 5069 quod
1137 4999 1224 5053 illa
1262 5015 1390 5055 caro
1429 5015 1624 5068 nempe
1675 5002 1955 5070 progenita

374 5093 547 5146 fuerat
571 5101 697 5147 ante
731 5091 1050 5147 electionem
1083 5091 1467 5159 apostolorum,
1504 5101 1562 5144 ut
1593 5090 1795 5160 placuit
1829 5093 1955 5147 huic

374 5183 616 5252 prudenti
673 5185 812 5249 viro,
878 5183 1121 5253 sequitur
1173 5195 1286 5237 tum
1332 5192 1511 5249 certe,
1546 5193 1601 5239 et
1641 5185 1691 5237 in
1727 5199 1956 5253 persona

371 5277 614 5346 ejusdem
661 5279 844 5334 carnis
889 5277 1017 5332 illud
1049 5277 1273 5340 dictum,
1324 5276 1457 5332 Cum
1511 5286 1723 5344 pararet
1775 5277 1950 5346 caelos,

447 5454 505 5511 ὦ
543 5448 640 5502 Ed.
669 5447 871 5509 Paris..
901 5463 1023 5518 pag.
1057 5445 1180 5502 lﬁl.
1258 5446 1304 5477 ⁵⁸
1339 5445 1495 5499 Prov.
1531 5461 1648 5510 VIII,
1701 5443 1797 5502 29.

440 5582 517 5656 (8)
548 5582 732 5656 Vulgo
749 5585 854 5638 ὑπὸ
875 5583 1088 5639 τούτου.

421 5653 517 5736 ,(9⁷)
546 5654 716 5720 Vulgo
739 5656 818 5719 δέ,
850 5666 904 5709 et
956 5671 1078 5709 mox
1139 5655 1390 5727 εἰρῆσθαι
1439 5654 1610 5707 ταῦτα
1653 5663 1705 5708 et
1761 5656 1942 5710 πάσαν

369 5738 542 5792 συμφο
788 5791 797 5792 ,

372 5874 430 5918 et
459 5865 526 5919 τά
562 5864 738 5920 πάντα
766 5864 898 5930 διεξῖ
928 5877 983 5921 et
1011 5864 1136 5922 ιιιοκ
1160 5867 1251 5921 τοῦ
1290 5866 1403 5939 ιτὰῙ
1430 5867 1552 5938 ὅρη.

2067 4639 2190 4692 σθαι
2224 4637 2320 4691 τοῦ
2367 4640 2424 4691 ὲν
2463 4638 2542 4709 τῷ
2574 4638 2694 4710 Θεῷ
2725 4640 2920 4708 Λόγου,
2959 4638 3241 4709 βεϐίασται
3281 4640 3388 4710 ἄρα
3417 4638 3568 4709 αὑτῷ
3595 4638 3673 4692 τὰ

2064 4729 2163 4800 τῆς
2193 4731 2272 4792 εἰς
2294 4728 2390 4798 τὴν
2423 4729 2601 4800 σάρκα
2628 4728 2721 4785 τοῦ
2749 4730 3002 4800 Σωτῆρος
3031 4730 3358 4793 ἀποδόσεως.
3389 4730 3499 4788 Καὶ
3528 4731 3672 4784 πάν-

2062 4838 2130 4873 τα
2159 4819 2369 4891 ἀθρόως
2402 4821 2586 4906 ὲκεῖνρι
2621 4820 2763 4876 ἕωλα
2800 4823 2892 4874 καὶ
2938 4822 3144 4891 μάταια
3186 4823 3278 4876 καί
3301 4821 3530 4894 περιττά
3563 4839 3673 4874 πε-

2066 4913 2312 4986 φώραται
2331 4931 2343 4944 ·
2375 4914 2500 4971 εἰδὲ
2534 4915 2567 4985 ἠ
2595 4913 2732 4986 σὰρξ
2755 4913 2864 4985 (15)
2895 4910 2963 4986 ἦν
2990 4914 3084 4968 τοῦ
3111 4915 3383 4988 Σωτῆρος,
3414 4917 3446 4986 ή
3475 4915 3672 4984 λέγου-

2065 5023 2135 5059 σα
2154 5005 2237 5069 τὸ,
2267 5007 2478 5074 Κύριος
2502 5007 2706 5061 ἐκτισέ
2724 5024 2802 5077 με
2830 5006 3028 5076 ἀρχὴν
3056 5007 3212 5062 ὁδῶν
3239 5009 3426 5063 αὑτοῦ
3453 5011 3542 5076 εἰς
3566 5008 3671 5076 ἕρ-

2062 5112 2139 5165 γα
2188 5096 2397 5159 αὑτοῦ,
2430 5096 2572 5151 κατά
2610 5099 2710 5169 τὴν
2767 5098 3120 5154 ἀποδοθεῖσαν
3153 5099 3300 5170 αὐτῷ
3339 5102 3662 5172 ἑρμηνείαν,

2063 5189 2158 5242 καὶ
2191 5191 2237 5242 εἰ
2264 5189 2296 5259 ἡ
2323 5187 2458 5260 σὰρξ
2512 5189 2618 5262 πρὸ
2646 5189 2738 5244 τοῦ
2760 5189 2954 5255 αἰῶνος
2979 5189 3333 5262 ὲθεμελιώθη,
3356 5193 3451 5246 καὶ
3474 5194 3532 5246 ὲν
3561 5195 3665 5262 ἀρ-

2065 5283 2134 5351 κῇ
2163 5280 2270 5352 πρὸ
2303 5279 2396 5336 τοῦ
2426 5280 2527 5353 τὴν
2561 5282 2667 5353 γῆν
2697 5283 2952 5355 ποιῆσαι·
2995 5284 3120 5355 (γῆν
3161 5284 3362 5356 δηλαδὴ
3392 5286 3492 5357 τὴν
3523 5287 3666 5360 σάρ.

1890 5447 1937 5478 ⁸³
1983 5449 2114 5504 ibid.
2144 5449 2250 5512 26,
2298 5447 2389 5503 30.
2465 5451 2512 5482 "
2537 5448 2672 5505 Gen.
2705 5466 2786 5516 ut,
2813 5450 2900 5507 19.

2123 5591 2171 5661 (1
2192 5591 2242 5724 lg
2266 5585 2471 5660 βουνῶν
2501 5599 2612 5638 om.
2647 5586 2804 5642 codd.
2838 5583 2959 5640 Mox
2992 5587 3154 5657 vulgo
3179 5585 3470 5658 ἡτοίμασε.

2130 5661 2221 5724 (l2
2280 5659 2450 5724 Vulgo
2482 5655 2615 5724 γὰρ,
2647 5655 2742 5719 ὡς.

2133 5655 2242 5724 Ἰεὶδ
2266 5655 2450 5726 ’νιιιεο
2524 5655 2615 5728 ἀρ,
2647 5655 2742 5719 ὡς.

2130 5664 2257 5803 ξω)-
2277 5729 2450 5803 vulgo
2472 5673 2563 5803 ἐν
2576 5725 2742 5803 Σωτῆ]

2158 5723 2257 5803 15)-
2277 5723 2450 5803 νεμέᾳ
2472 5723 2831 5803 ᾗνςΣωτῆρος
2854 5735 2908 5782 et
2941 5725 3084 5782 infra
3127 5727 3232 5800 πρὸ
3255 5726 3366 5780 τῶν
3398 5724 3500 5797 ὅρη
3532 5723 3650 5796 ἑδρ.

585 5791 931 5871 Υιιιεοῂἦν-[ό
960 5794 1137 5868 λόγος]
1166 5798 1196 5850 6
1223 5797 1317 5871 καί
1336 5838 1364 5871 ,_
1386 5807 1455 5871 et
1489 5811 1608 5850 mox
1661 5795 1769 5849 τῶν
1815 5796 1949 5850 όδῶν

2070 5812 2112 5858 ιι
2131 5742 2314 5870 2ῗέὴὲ
2327 5742 2770 5871 ’ξζξέδῗέῆέᾟττέξ
