4082 6436
393 367 498 424 997

1372 362 1462 418 DE
1503 361 2046 421 ECCLESIASTICA
2087 361 2488 419 THEOLOGlA
2527 362 2656 420 LIB.
2703 365 2792 420 111.

3579 351 3689 426 998

393 505 483 552 κα,
516 487 593 552 ὡς
613 487 763 560 αὐτῷ
791 487 986 551 ἐδόκει,
1021 485 1107 540 διὰ
1139 486 1200 539 τὸ
1224 485 1498 557 εἰρῆσθαι,
1534 485 1624 554 Γῆ
1651 481 1722 548 εἷ,
1760 486 1856 541 καὶ
1902 489 1980 553 είς

2093 485 2308 539 aderant
2353 487 2420 540 ei.
2457 485 2528 540 At
2557 499 2720 541 nemo
2745 499 2852 542 non
2887 497 3075 542 amens
3099 487 3242 543 hanc
3272 485 3557 544 admiserit
3599 494 3690 546 ln--

392 577 512 648 γῆν
543 579 858 648 ἁπελεύσῃ
886 580 926 648 ⁸)
968 579 1061 632 καὶ
1100 578 1258 650 εἴπερ
1303 579 1335 649 ἡ
1383 578 1519 650 σὰρξ
1575 575 1642 650 ἦν
1673 581 1704 649 ἠ
1735 577 1988 647 λέγουσα,

391 671 514 739 Πρὸ
542 671 648 726 τοῦ
677 672 783 738 τὰς
814 671 1129 736 ἀϐύσσους
1166 669 1440 739 ποιῆσαι,
1490 670 1605 740 πρὸ
1631 670 1739 724 τοῦ
1778 673 1992 740 προελ-

392 762 521 816 θεῖν
554 763 660 828 τὰς
695 763 890 832 πηγὰς
933 762 1054 815 τῶν
1090 760 1346 828 ὑδάτων,
1380 763 1492 831 πρὸ
1526 761 1633 816 τοῦ
1670 762 1776 830 ὅρη
1818 762 1990 830 ἐδρα-

391 854 635 923 σθῆναι.
681 854 794 924 πρὸ
828 855 896 908 δὲ
921 854 1164 909 πάντων
1187 855 1436 920 βουνῶν
1461 855 1645 925 γεννᾷ
1685 872 1784 921 με,
1813 855 1902 908 διὰ
1930 855 1991 908 τὸ

393 947 911 1018 προγεγεννημένην
936 943 1075 1000 εἶναι
1103 947 1274 1018 αὐτὴν
1299 945 1453 1018 [πρὸ]
1485 946 1586 1016 τῆς
1615 947 1724 999 τῶν
1750 945 1988 998 ἀποστό-

392 1037 500 1101 λων
526 1037 777 1109 ἐκλογῆς,
805 1039 880 1102 ὡς
904 1038 1076 1091 ἐδόκει
1099 1037 1174 1107 τῷ
1203 1039 1516 1109 σοφωτάτῳ,
1539 1038 1729 1090 ἕπεται
1746 1040 1808 1090 ἐκ
1827 1053 1989 1108 προσ-

392 1129 542 1183 ώπου
583 1129 685 1200 τῆς
748 1130 948 1201 σαρκὸς
977 1129 1228 1198 λέγεσθαι
1266 1130 1359 1182 καὶ
1397 1130 1478 1193 τὸ,
1526 1130 1726 1184 Ἠνίκα
1767 1128 1879 1199 (14)
1921 1129 1981 1196 ἡ·

390 1216 623 1289 τοίμαζε
650 1217 755 1272 τὸν
782 1219 1060 1286 οὐρανὸν,
1092 1217 1502 1288 συμπαρήμην
1522 1217 1700 1283 αὐτῷ.
1720 1217 1856 1270 Ἀλλ’
1888 1217 1988 1270 οὐκ

391 1311 458 1366 ἄν
484 1329 568 1375 τις
599 1312 674 1383 μὴ
720 1310 827 1364 τῶν
875 1311 1087 1382 φρενῶν
1115 1310 1314 1374 ἐκστὰς
1353 1310 1525 1382 ταύτῃ
1571 1311 1700 1364 ποτὲ
1745 1309 1988 1363 σύνθοιτο

389 1407 458 1476 τῇ
502 1404 787 1476 ἑρμηνείᾳ,
829 1403 1240 1474 ἀντιφθέγξεται
1287 1389 1399 1477 ’γὰρ
1438 1404 1588 1476 αὑτῷ
1618 1403 1758 1476 μέγα
1787 1403 1986 1474 βοήσας

390 1499 420 1550 ὁ
450 1497 548 1568 τῆς
573 1497 829 1569 ἀληθείας
851 1497 1029 1566 λόγος,
1066 1499 1374 1563 ἐπιδεικνὺς
1411 1499 1494 1564 τίς
1541 1516 1672 1551 ποτε
1702 1494 1770 1570 ἦν
1797 1500 1825 1552 ὁ
1854 1497 1986 1551 ταῦ-

389 1606 462 1642 τα
490 1588 719 1653 διεξιών.
755 1590 842 1653 Ὠς
869 1590 912 1642 δ’
938 1585 1030 1643 οὖν
1056 1589 1242 1662 ἕτερος
1267 1587 1334 1661 ἦν
1365 1593 1393 1644 ὁ
1413 1592 1478 1644 ὲκ
1504 1590 1599 1644 τοῦ
1627 1588 1763 1644 Θεοῦ
1798 1607 1988 1659 γεγεν-

360 1699 364 1702 ·
390 1681 623 1752 νημένος
650 1681 948 1754 μονογενὴς
994 1682 1142 1746 Υἱὸς,
1174 1683 1282 1748 ζῶν
1319 1683 1413 1736 καὶ
1445 1681 1714 1752 ὑφεστὼς,
1765 1680 1840 1735 ὢν
1872 1682 1984 1753 (15)

390 1771 486 1824 καὶ
509 1771 615 1842 πρὸ
641 1771 750 1824 τῶν
784 1771 884 1842 τῆς
918 1773 1162 1844 γενητῶν
1194 1773 1453 1828 ἁπάντων
1486 1774 1823 1839 συστάσεως,
1861 1775 1888 1827 ὃ
1918 1775 1982 1845 δὴ

2101 577 2543 645 terpretationem
2578 591 2590 625 :
2618 591 2815 648 magna
2849 567 3046 633 etenim
3076 593 3209 635 voce
3231 580 3552 636 reclamabit
3573 581 3690 653 ipso

2094 667 2340 721 veritatis
2367 682 2572 733 sermo,
2601 678 2656 723 et
2684 670 2805 738 quis
2832 677 2952 724 erat
2978 672 3066 739 qui
3093 670 3208 726 haec
3241 671 3481 743 loquitur
3503 675 3691 730 edoce--

2093 759 2194 812 bit.
2227 758 2494 825 Quocirca
2521 761 2664 831 quod
2693 761 2937 816 diversus
2963 773 3082 816 erat
3117 762 3204 818 ille
3239 763 3305 818 dc
3333 763 3442 819 Deo
3470 767 3688 832 genitus

2093 849 2282 914 Filius,
2314 850 2647 918 unigenitus,
2696 851 2906 917 vivens,
2953 853 3280 919 subsistens,
3336 864 3392 911 et
3417 866 3543 911 ante
3573 858 3688 912 uni-

2093 942 2371 997 versitatis
2413 942 2778 996 conditionem
2816 957 2936 1008 ens,
2982 943 3097 1012 ipse
3130 947 3286 1000 docet
3320 948 3444 1002 dum
3484 949 3563 1003 sic
3610 949 3685 1004 ait

2093 1029 2145 1082 in
2179 1029 2550 1098 sequentibus,
2583 1031 2716 1084 Cum
2748 1043 2961 1100 pararet
2999 1035 3174 1100 ctelos,
3205 1036 3254 1088 ei
3283 1038 3521 1091 aderam.
3563 1037 3682 1093 Una

2091 1140 2214 1178 cum
2242 1139 2307 1178 eo
2335 1133 2475 1190 erat,
2509 1136 2563 1180 et
2594 1141 2833 1196 praesens
2874 1129 2949 1184 illi
2981 1129 3176 1195 adfuit,
3211 1133 3526 1202 priusquam
3565 1147 3682 1188 cm-

2077 1219 2222 1281 _lum,
2260 1227 2314 1270 ct
2353 1234 2473 1287 quae
2522 1231 2649 1275 sunt
2673 1236 2834 1291 supra
2868 1223 3040 1278 caelos
3068 1226 3450 1289 conderentur,
3483 1236 3537 1282 et
3560 1241 3683 1296 quae

2092 1309 2144 1362 in
2173 1310 2343 1365 caelis.
2384 1311 2496 1365 Hoc
2523 1313 2725 1366 etenim
2760 1313 2849 1366 illa
2880 1315 3141 1382 indicant,
3175 1314 3304 1371 Cum
3335 1328 3548 1381 pararet
3580 1334 3683 1372 cce-

2091 1398 2192 1464 los,
2216 1401 2263 1453 ei
2293 1401 2528 1456 aderam.
2565 1402 2686 1469 Quo
2706 1416 2861 1471 pacto
2883 1407 3094 1474 paravit
3121 1407 3316 1461 ctBlnm
3350 1407 3530 1464 Deus?
3551 1409 3682 1465 Cer-

2091 1498 2145 1545 te
2192 1494 2593 1561 praescribendo
2654 1505 2709 1549 et
2750 1497 3140 1552 conformanth
3205 1499 3388 1552 mundi
3452 1499 3677 1569 ﬁguram

2091 1582 2232 1650 apud
2255 1596 2336 1647 se,
2364 1582 2680 1652 priusquam
2701 1587 3090 1653 produceretur
3115 1586 3220 1640 illa.
3250 1586 3412 1642 Pater
3431 1604 3560 1659 ergo
3587 1591 3680 1645 de-

2089 1673 2365 1743 signabat,
2391 1683 2447 1729 et
2489 1675 2778 1745 cogitando
2825 1680 3116 1742 statuebat,
3147 1695 3251 1749 qua
3285 1681 3452 1751 figura
3490 1683 3677 1737 modo-

2090 1777 2195 1830 que
2225 1765 2418 1819 cmlnm
2461 1765 2591 1820 illttd
2622 1769 2854 1822 condere
2885 1769 3067 1835 vellet,
3097 1773 3239 1841 quod
3278 1787 3378 1827 nec
3404 1789 3434 1827 a
3465 1774 3677 1844 magni-

391 1859 722 1932 παρίστησιν
761 1860 922 1923 αὐτὸς
951 1861 1016 1914 δι’
1049 1857 1122 1915 ὧν
1149 1862 1276 1933 ἑξῆς
1303 1863 1499 1931 ὲπάγει
1528 1862 1702 1933 λέγων
1728 1881 1740 1894 ·
1783 1864 1980 1918 Ἡνίκα

2089 1855 2274 1911 tudine
2302 1856 2706 1924 destitueretur,
2729 1868 2782 1912 et
2805 1859 2894 1914 tali
2927 1862 3114 1930 ligura,
3141 1877 3411 1930 mensura,
3444 1864 3676 1934 partium

388 1949 666 2019 ἡτοίμαζε
701 1949 810 2004 τὸν
848 1953 1127 2020 οὐρανὸν,
1157 1954 1568 2023 συμπαρήμην
1591 1955 1752 2022 αὐτῷ
1775 1972 1789 1986 ο
1817 1956 1983 2027 συνῆν

388 2038 498 2110 γὰρ
522 2039 654 2109 (16),
678 2039 773 2092 καὶ
807 2040 990 2113 παρῆν
1018 2041 1169 2113 αὐτῷ
1204 2043 1336 2112 πρὶν
1363 2044 1456 2096 καὶ
1496 2043 1746 2112 γενέσθαι
1773 2043 1864 2096 τὸν
1893 2044 1984 2096 οὑ-

392 2131 574 2204 ρανὸν,
627 2132 720 2185 καὶ
760 2131 828 2186 τὰ
863 2133 1119 2187 ἐπέκεινα
1156 2134 1412 2206 οὐρανοῦ,
1456 2136 1526 2188 τά
1567 2152 1627 2187 τε
1675 2136 1733 2187 ὲν
1767 2129 1982 2208 οὐρανῷ

389 2225 588 2278 πάντα.
619 2225 788 2278 Τοῦτο
833 2223 964 2294 γοῦν
1015 2227 1261 2295 ᾐνίττετο
1301 2227 1389 2281 διὰ
1421 2225 1514 2279 τοῦ
1551 2227 1734 2296 φάναι,
1782 2227 1983 2282 Ἠνίκα

388 2315 664 2385 ἡτοίμαζε
690 2317 797 2369 τόν
820 2318 1098 2385 οὐρανὸν,
1135 2317 1744 2388 συμπαρήμηναὺτῷ.
1771 2319 1896 2383 Πῶς
1923 2322 1981 2374 δὲ

387 2407 684 2478 ἡτοίμαζεν
714 2408 742 2459 ὁ
779 2407 932 2472 Θεὸς,
968 2408 1000 2478 ἦ
1035 2409 1162 2479 πρὶν
1184 2409 1435 2476 γενέσθαι
1465 2410 1650 2474 αὐτὸν,
1674 2411 1981 2482 νομοθετῶν

389 2499 487 2552 καὶ
530 2498 976 2569 διατυπούμενος,
1007 2499 1064 2552 ὂν
1117 2499 1222 2552 ἔδει
1252 2501 1455 2572 τρόπον
1485 2502 1649 2556 αὑτὸν
1678 2503 1978 2573 συστῆναι;

401 2590 464 2645 Ὀ
496 2592 592 2662 μὲν
621 2587 714 2644 οὖν
737 2592 928 2664 Πατὴρ
955 2591 1207 2645 διετύπου
1248 2579 1343 2646 καὶ
1373 2593 1633 2664 ἡτοίμαζε
1665 2594 1984 2665 διανοούμε-

385 2700 498 2746 νος,
533 2683 680 2746 ὅπως
723 2682 891 2754 ἐχρῆν
925 2683 1184 2754 συστῆναι
1212 2683 1306 2737 τὸν
1342 2684 1597 2740 τοσοῦτον
1629 2687 1856 2759 οὐρανόν
1878 2704 1891 2716 ·
1923 2687 1982 2751 ὃς

389 2773 514 2829 οὔτε
547 2775 811 2846 μεγέθους
852 2776 1042 2837 ἐδεῖτο,
1078 2776 1173 2828 καὶ
1201 2776 1386 2829 ὁποίου
1419 2778 1717 2850 σχήματος,
1766 2779 1982 2851 μέτρων

387 2883 449 2920 τε
478 2868 574 2920 καὶ
605 2867 787 2939 μερῶν
809 2867 1045 2931 ὁπόσων,
1093 2867 1202 2920 τῶν
1229 2868 1528 2939 μελλόντων
1553 2871 1685 2924 εἴσω
1719 2889 1778 2924 τε
1814 2869 1978 2926 αὑτοῦ

391 2958 738 3030 περιέχεσθαι
766 2961 946 3030 χάριν,
969 2961 1061 3013 καὶ
1086 2960 1191 3014 τῶν
1218 2961 1374 3024 ἐκτὸς
1394 2961 1610 3014 ἔσεσθαι
1647 2960 1813 3015 αὐτοῦ
1844 2961 1979 3034 (17),

388 3049 497 3101 τῶν
514 3065 572 3100 τε
595 3049 652 3101 ἐν
678 3048 826 3119 αὐτῷ
855 3049 946 3101 τὸν
985 3048 1182 3120 δρόμον
1213 3050 1589 3120 ποιησομένων
1624 3051 1786 3105 ἕνεκα
1810 3068 1823 3081 ’
1857 3053 1886 3104 ὁ
1913 3051 1972 3105 δὲ

387 3143 501 3203 τοῖς
514 3138 608 3193 τοῦ
635 3141 844 3211 Πατρὸς
874 3138 1154 3210 λογισμοῖς
1180 3140 1519 3205 ἐνατενίζων,
1552 3142 1645 3194 καὶ
1699 3143 1857 3212 μόνος
1883 3143 1980 3194 ἐπ-

388 3229 634 3284 οπτεύων
663 3229 731 3282 τὰ
751 3232 807 3282 ὲν
834 3229 984 3298 αὑτῷ
1004 3229 1164 3301 βάθη,
1191 3231 1259 3284 δι’
1293 3231 1469 3303 ἔργων
1499 3231 1714 3304 ἐχώρει,
1745 3235 1856 3296 τοῖς
1885 3232 1978 3286 τοῦ

389 3318 605 3390 Πατρὸς
643 3316 1147 3388 ὲξυπηρετούμενος
1176 3317 1425 3389 νεύμασι.
1465 3321 1557 3372 Διὸ
1585 3320 1832 3374 λέλεκταί
1856 3340 1979 3388 που,

383 3409 607 3463 Αἰνεῖτε
639 3407 748 3462 τὸν
776 3409 998 3474 Κύριον
1028 3407 1097 3461 ἐκ
1141 3407 1262 3462 τῶν
1298 3408 1573 3476 οὐρανῶν
1593 3427 1606 3440 ·
1633 3411 1852 3465 αἱνεῒτε
1884 3415 1983 3467 αὐ-

390 3501 519 3564 τὸν,
543 3499 764 3565 πάντες
785 3498 1088 3566 own-8.1m
1112 3497 1549 3553 αὐτοῦ.Αἰνεῖτε
1563 3500 1768 3566 αὐτὸν,
1792 3500 1981 3556 πᾶσαι

387 3593 748 3661 αἱδυνάμεις
767 3590 1208 3647 αὺτοῦ.Αὶνεῖτε
1234 3589 1440 3656 αὑτὸν,
1470 3591 1644 3659 ἣλιος
1669 3593 1768 3646 καὶ
1797 3594 1982 3663 σελή-

391 3701 498 3752 νη,
527 3682 748 3738 αὶνεῖτε
759 3684 963 3747 αὐτὸν,
979 3682 1174 3736 πάντα
1194 3681 1263 3735 τὰ
1279 3681 1491 3750 ἄστρα,
1513 3683 1698 3736 καὶτὸ
1720 3682 1864 3752 φῶς.
1885 3686 1981 3738 Αί-

388 3776 546 3831 νεῒτε
566 3776 776 3837 αὑτὸν,
800 3776 854 3828 ol
879 3774 1120 3842 οὐρανοὶ
1137 3773 1253 3827 τῶν
1265 3771 1554 3842 ciuem-(int,
1580 3773 1768 3828 καὶτὰ
1793 3775 1981 3828 ὕδατα

391 3867 504 3939 (18)
523 3868 593 3921 τὰ
610 3865 882 3936 ὑπεράνω
900 3864 1019 3918 τῶν
1034 3864 1756 3932 οὐρανῶν.Αἱνεσὰτωσαν
1769 3866 1834 3921 τὸ
1849 3867 1981 3922 ὅνο-

384 3975 472 4028 μα
494 3957 737 4030 Κυρίου,
771 3956 860 4009 ὅτι
887 3955 1070 4021 αὐτὸς
1091 3956 1222 4009 εἷπε
1244 3956 1344 4010 καὶ
1370 3955 1773 4026 ἐγενήθησαν,
1796 3959 1981 4026 αὐτὸς

387 4053 748 4116 ἐνετείλατο,
779 4049 878 4104 καὶ
899 4049 1291 4116 ἐκτίσθησαν.
1328 4048 1474 4120 Πλὴν
1533 4050 1667 4104 ἀλλὰ
1705 4052 1799 4104 καὶ
1849 4053 1979 4123 πρὶν

389 4145 644 4216 γενέσθαι
698 4143 858 4197 αὑτὸν
913 4143 1006 4197 τὸν
1039 4141 1266 4213 οὐρανὸν
1316 4142 1411 4194 καὶ
1459 4141 1530 4195 τὰ
1579 4143 1838 4198 ἐπέκεινα
1866 4144 1978 4214 (19)

389 4236 618 4312 οὐρανοῦ
669 4236 740 4289 τά
789 4252 848 4288 τε
900 4235 958 4287 ἐν
1007 4232 1222 4306 οὐρανῷ
1265 4233 1444 4287 πάντα
1481 4233 1564 4299 (ἐξ
1611 4234 1731 4296 ἐνὸς
1765 4233 1875 4304 γὰρ
1909 4232 1978 4286 τὰ

392 4330 572 4385 πάντα
604 4327 1008 4400 περιληπτικῶς
1035 4323 1350 4397 δεδήλωται)
1377 4320 1445 4397 ἦν
1472 4325 1500 4376 ὁ
1528 4324 1655 4388 Υἱὸς
1687 4323 1780 4378 τοῦ
1815 4323 1973 4389 Θεοῦ,

391 4421 487 4474 καὶ
518 4419 597 4490 τῷ
627 4417 803 4489 Harp!
838 4416 950 4489 (20)
986 4416 1280 4487 συμπαρῆν
1328 4415 1409 4467 ἔτι
1451 4414 1824 4487 βουλευομένῳ
1851 4416 1978 4487 περὶ

388 4512 489 4582 τῆς
518 4509 722 4563 τούτων
751 4508 1006 4562 ἁπάντων
1040 4505 1373 4568 συστάσεως.
1406 4503 1496 4557 Διό
1543 4519 1728 4575 φησιν,
1763 4503 1975 4558 Ἰινίκα

389 4599 665 4672 ἡτοίμαζε
705 4599 812 4654 τὸν
862 4597 1144 4666 οὐρανὸν,
1190 4594 1605 4666 συμπαρήμην
1637 4592 1824 4660 αὐτῷ’
1854 4591 1976 4660 εἷθ’,

389 4697 467 4761 ὡς
511 4693 712 4763 ἀγαθὸς
755 4692 1018 4764 γραφεὺς,
1051 4689 1149 4752 τὰς
1185 4687 1528 4760 ἁρχετύπους
1581 4686 1724 4750 ἰδέας
1766 4688 1829 4739 ὲκ
1869 4686 1978 4738 τῶν

392 4785 678 4858 πατρικῶν
700 4781 975 4853 λογισμῶν
993 4778 1416 4849 ἀπολαμϐάνων,
1441 4777 1532 4830 ἐπὶ
1554 4777 1652 4840 τὰς
1671 4774 1779 4829 τῶν
1798 4776 1976 4847 ἔργων

391 4877 692 4950 μετέφερεν
719 4873 924 4935 οὐσίας.
963 4870 1198 4924 Τοιαῦτα
1228 4866 1590 4934 ζωοπλαστῶν
1620 4867 1713 4920 καὶ
1747 4866 1978 4936 ὑφιστά-

393 4986 575 5038 μενος,
602 4966 762 5038 ὑποίᾳ
806 4967 870 5035 τῇ
907 4962 1000 5016 τοῦ
1035 4961 1245 5034 Ῑῐατρὸς
1286 4958 1496 5031 διανοίᾳ
1538 4958 1980 5030 προϋποκείμενα

392 5059 560 5132 ἑώρα.
598 5057 814 5111 Τούτων
850 5055 892 5107 δ’
922 5054 1083 5118 αὐτὸς
1125 5053 1335 5122 γένοιτο
1362 5051 1570 5122 μάρτυς
1598 5050 1895 5124 ἀξιόχρεως
1919 5051 1977 5103 ὲν

390 5150 744 5220 Εὐαγγελίοις
769 5144 871 5203 ὦδε
897 5149 1181 5203 διδάσκων’
1214 5141 1599 5214 Ἄμὴν,,ἀμὴν
1622 5141 1779 5212 λέγω
1811 5142 1975 5210 ὑμῖν,

2085 1948 2402 2016 symmetria
2429 1957 2720 2014 constaret,
2746 1965 2865 2020 quae
2893 1960 2949 2007 et
2974 1959 3096 2021 apta
3117 1964 3300 2009 essent
3328 1954 3675 2024 recipiendis,

2085 2037 2449 2104 includendis,
2481 2049 2538 2095 et
2567 2040 2865 2098 conformis
2899 2053 3126 2098 externe
3159 2045 3594 2110 advenientibus,
3622 2055 3678 2100 et

2082 2131 2488 2199 proportionata
2511 2147 2730 2187 cursum
2760 2149 2856 2204 per
2878 2136 3074 2189 malum
3103 2136 3346 2192 iacturis.
3378 2137 3470 2192 Ille
3494 2147 3674 2192 autem

2083 2219 2175 2288 qui
2231 2219 2297 2272 ad
2345 2229 2570 2287 paterna
2609 2222 2842 2292 cogitata
2877 2223 3128 2280 intuitive
3180 2225 3524 2293 respiciebat,
3580 2225 3673 2296 qui

2083 2311 2234 2364 solus
2259 2309 2377 2378 ejus
2410 2310 2672 2382 profunda
2709 2315 3105 2384 specularetur,
3167 2318 3234 2371 ad
3255 2333 3391 2386 opus
3417 2332 3476 2373 se
3494 2318 3677 2372 accin-

2082 2403 2196 2466 xit,
2251 2403 2332 2458 sui
2385 2405 2553 2474 patris
2607 2407 2825 2462 nutibus
2859 2409 3242 2464 inserviturus.
3299 2408 3452 2464 Unde
3473 2407 3672 2465 alicubi

2082 2492 2284 2547 dictum
2308 2504 2387 2548 est
2413 2512 2428 2548 :
2450 2493 2688 2550 Laudate
2723 2497 3001 2553 Dominum
3053 2501 3118 2554 de
3143 2500 3284 2553 caelis
3313 2517 3331 2556 :
3360 2501 3572 2556 laudate
3608 2499 3676 2554 il-

2082 2583 2190 2637 lum
2239 2586 2292 2638 in
2323 2587 2566 2641 excelsis.
2611 2587 2851 2642 Laudate
2877 2589 3056 2656 illum,
3090 2607 3267 2645 omnes
3305 2591 3482 2660 angeli
3507 2593 3622 2660 ejus
3651 2607 3673 2644 :

2081 2676 2300 2732 laudate
2328 2694 2466 2743 eum,
2499 2697 2674 2734 omnes
2698 2682 2912 2736 virtutes
2957 2683 3092 2752 ejus.
3136 2682 3376 2737 Laudate
3418 2700 3558 2750 eum,
3591 2685 3674 2738 sol

2079 2779 2127 2820 et
2154 2767 2320 2832 luna;
2361 2770 2580 2825 laudate
2613 2787 2754 2835 eum,
2787 2773 2967 2826 omnia
3002 2774 3180 2827 sidera
3211 2784 3259 2827 et
3289 2773 3403 2826 lux.
3435 2771 3675 2827 Laudate

2079 2873 2220 2924 eum,
2249 2858 2364 2912 caeli
2389 2861 2671 2924 caelorum;
2693 2871 2743 2916 et
2783 2880 2936 2934 aqua
2957 2881 3116 2932 supra
3146 2865 3298 2918 cmlos
3329 2864 3544 2918 laudent
3581 2880 3676 2918 no-

2080 2966 2199 3004 men
2235 2951 2468 3006 Domini.
2503 2951 2769 3018 Quoniam
2805 2957 2914 3025 ipse
2948 2957 3084 3010 dixit
3119 2965 3169 3010 et
3207 2956 3351 3026 facta
3382 2965 3527 3022 sunt,
3566 2957 3676 3025 ipse

2086 3047 2145 3106 ὦ
2175 3045 2442 3100 mandavit
2472 3055 2518 3100 et
2544 3057 2723 3100 creata
2748 3056 2871 3101 sunt
2887 3047 2956 3103 ⁸⁷.
2985 3045 3184 3102 Verum
3219 3049 3499 3103 enimvero
3525 3055 3678 3102 ante-

2081 3150 2243 3205 quam
2284 3135 2481 3193 cmlum
2527 3137 2667 3192 istud
2693 3137 2870 3203 ﬁeret,
2917 3146 3112 3207 etquae
3141 3147 3272 3193 sunt
3301 3151 3466 3207 supra
3494 3140 3674 3193 caelos

2083 3238 2136 3284 et
2182 3243 2303 3299 qua!
2373 3229 2426 3282 in
2479 3228 2620 3283 coelo
2673 3227 2822 3297 (nam
2873 3229 3056 3283 omnia
3115 3244 3213 3298 per
3242 3244 3408 3282 unum
3457 3229 3675 3284 condita

2081 3334 2204 3376 esse
2253 3319 2702 3389 demonstratur),
2760 3327 2877 3372 erat
2906 3317 3072 3374 Filius
3122 3319 3237 3384 Dei,
3283 3328 3340 3374 et
3361 3335 3471 3387 suo
3519 3319 3674 3376 Patri

2082 3412 2290 3477 aderat,
2343 3425 2466 3464 cum
2516 3409 2694 3464 adhuc
2753 3408 3016 3478 cogitaret
3066 3409 3133 3464 de
3162 3409 3385 3464 istorum
3429 3411 3674 3466 omnium

2081 3501 2378 3556 creatione.
2411 3499 2539 3554 ideo
2585 3500 2682 3565 ait,
2720 3498 2853 3554 Cum
2886 3511 3097 3570 pararet
3129 3500 3307 3566 caelos,
3357 3501 3405 3554 ei
3432 3501 3672 3557 aderam.

2082 3594 2216 3650 Tum
2252 3609 2384 3649 vero
2436 3604 2692 3665 tanquam
2723 3595 2974 3668 egregius
3022 3596 3242 3666 quidam
3282 3597 3459 3668 pictor
3479 3599 3675 3656 arche-

2081 3694 2261 3757 typos,
2322 3686 2530 3755 species
2580 3688 2647 3741 de
2713 3695 2898 3740 mente
2953 3695 3181 3755 paterno
3238 3687 3554 3755 desumens,
3603 3689 3672 3746 ad

2081 3793 2303 3849 operum
2331 3778 2664 3833 substantias
2691 3776 3072 3832 transferebat.
3098 3777 3250 3832 Talia
3277 3789 3332 3833 et
3359 3779 3429 3832 tal
3456 3783 3671 3837 tsmodi

2081 3885 2143 3924 ea
2191 3867 2449 3938 efﬁngens
2503 3877 2560 3922 et
2599 3867 2931 3937 producens,
2980 3867 3342 3937 qualinsmodi
3383 3870 3438 3924 in
3490 3881 3672 3928 tuente

2079 3959 2257 4015 Patris
2291 3959 2722 4025 praeexsistentia
2753 3959 2987 4014 viderat.
3033 3959 3235 4015 Horum
3260 3961 3478 4031 quidem
3515 3963 3672 4018 testis

2081 4049 2184 4104 fide
2215 4049 2418 4119 dignus
2445 4051 2518 4106 sit
2549 4051 2662 4122 ipse
2692 4051 2744 4105 in
2779 4051 3071 4121 Evangelio
3104 4052 3487 4120 aiens,‘Amen,
3517 4071 3669 4110 amen

2078 4141 2195 4192 dico
2225 4141 2386 4205 vobis,
2412 4156 2513 4194 non
2533 4151 2698 4211 potest
2716 4139 2889 4196 Filius
2917 4161 2949 4197 a
2976 4146 3143 4214 seipso
3167 4145 3343 4214 facere
3359 4146 3666 4216 quidquam,

2080 4233 2183 4286 nisi
2226 4233 2366 4300 quod
2396 4234 2588 4287 viderit
2640 4232 2858 4287 Patrem
2892 4235 3189 4304 facientem.
3224 4237 3356 4302 Quae
3379 4248 3555 4291 autem
3578 4237 3670 4292 ille

2078 4323 2227 4392 facit,
2251 4324 2432 4378 eadem
2460 4339 2666 4393 quoque
2718 4323 2965 4378 similiter
3008 4333 3056 4378 et
3104 4323 3283 4378 Filius
3305 4325 3459 4394 facit.
3507 4325 3672 4380 Pater

2076 4412 2264 4465 etenim
2294 4412 2467 4483 diligit
2495 4410 2719 4479 Filium,
2745 4423 2794 4467 et
2823 4416 3001 4467 omnia
3039 4415 3120 4468 illi
3161 4417 3387 4469 ostendit
3412 4432 3530 4484 quae
3558 4416 3671 4486 ipse

2080 4504 2206 4574 facit
2231 4504 2296 4560 ⁸⁸.
2316 4504 2416 4560 ilic
2425 4505 2549 4573 jure
2575 4507 2768 4562 merito
2785 4507 2910 4577 quis
2930 4506 3368 4578 interrogaverit,
3401 4510 3669 4577 quomodo

2081 4612 2166 4664 ea,
2193 4612 2312 4667 quae
2335 4597 2498 4653 Pater
2521 4598 2687 4654 semel
2713 4597 2869 4664 fecit,
2889 4598 3082 4653 iterum
3105 4598 3275 4654 Filius
3303 4601 3494 4655 cadent
3527 4600 3670 4656 fece-

2081 4691 2189 4745 rit?
2219 4689 2511 4756 Quaestioni
2554 4690 2848 4760 respondet
2897 4690 2987 4746 ille
3021 4691 3138 4761 ipse
3183 4693 3438 4762 inquiens
3475 4708 3492 4748 :
3538 4692 3668 4759 Qute

2082 4777 2249 4834 Pater
2267 4781 2420 4850 facit,
2443 4781 2625 4835 eadem
2659 4789 2708 4834 et
2733 4779 2904 4834 Filius
2940 4782 3186 4837 similiter
3207 4784 3359 4853 facit.
3397 4784 3666 4852 Quocirca

2085 4887 2206 4942 quae
2230 4872 2361 4927 facit
2393 4872 2564 4928 Filius
2592 4871 3004 4928 similitudinem
3030 4875 3276 4930 referunt
3299 4891 3525 4947 operum
3573 4892 3667 4930 ar-

2076 4965 2462 5036 chetyporum,
2515 4980 2636 5035 qua:
2679 4964 2788 5034 jam
2835 4974 2963 5020 ante
3014 4966 3066 5020 in
3115 4968 3432 5022 abscondita
3488 4965 3667 5021 Patris

2085 5066 2267 5111 mente
2293 5056 2604 5112 exstabant.
2644 5057 2774 5125 Quae
2808 5073 2932 5113 cum
2967 5057 3021 5113 in
3058 5068 3239 5114 mente
3274 5069 3494 5129 paterna
3519 5057 3664 5122 indi,-

2083 5155 2293 5202 stanter
2315 5151 2592 5202 intueatur
2648 5147 2715 5204 ad
2747 5163 2937 5204 eorum
2955 5148 3362 5204 similitudinem
3385 5158 3662 5218 operatur.

467 5345 526 5404 >3
568 5337 670 5395 Ed.
700 5337 1043 5407 Paris.,pag.
1082 5334 1205 5392 165.
1295 5333 1340 5365 ⁸⁷
1369 5329 1515 5385 Psal.
1566 5345 1792 5392 CXLVIII,
1857 5330 1976 5385 1-5.

2084 5331 2100 5362 ³
2147 5329 2306 5385 Joan.
2359 5347 2414 5396 v,
2473 5332 2558 5397 19,
2590 5331 2682 5387 20.

432 5498 572 5585 -(M)
603 5496 788 5585 Vulgo‘
834 5494 1098 5566 ἡτοίμασε
1142 5493 1267 5556 τοὺς
1322 5489 1584 5563 οὐρανούς
1632 5497 1688 5545 et
1725 5505 1846 5544 mox
1886 5507 1972 5553 τις

388 5567 498 5626 τῶν
660 5569 735 5639 μὴ
770 5567 940 5643 ὲκστζ
1054 5633 1079 5643 _
1531 5628 1553 5645 η
1906 5630 1933 5642 _

440 5640 573 5715 _(15)
598 5638 718 5715 Kai_
730 5635 843 5715 πρὸ
868 5651 988 5715 των
1007 5651 1137 5699 της.
1170 5631 1599 5715 l:cgettil_um,_:uv
1617 5629 1713 5715 καὶ
1741 5627 1846 5699 πρὸ
1872 5647 1970 5715 της

387 5699 503 5766 τῶν
518 5699 758 5779 γενητῶν
768 5699 1029 5779 ἆπάντων
1048 5721 1112 5756 συ
1120 5699 1636 5779 στάσεωξῶνκητ-
1653 5701 1757 5770 Μρ.
1786 5699 1970 5771 προὼν

388 5784 490 5851 τῆς
514 5770 650 5834 ¹ιΞῶνῘ
677 5777 792 5831 Mox
819 5777 963 5854 vulg.
1001 5773 1310 5854 συστάσεως
1336 5770 1432 5854 tim-
1469 5771 1597 5854 6_§é.

464 5842 580 5923 (16)
608 5851 718 5904 Καὶ
760 5845 961 5916 παρῆν
985 5843 1082 5910 τῷ.
1122 5843 1262 5915 Lege
1291 5842 1463 5913 αὐτῷ.
1497 5842 1564 5895 Μ.

2145 5491 2262 5560 (17)
2285 5489 2459 5560 Vulgo
2485 5491 2580 5546 καὶ
2603 5491 2714 5546 τῶν
2751 5494 2830 5546 ὲν.

2147 5561 2258 5630 (18)
2284 5559 2464 5633 fulgo
2487 5565 2647 5633 deest
2669 5562 2761 5626 τά,
2795 5559 2939 5633 qugd
2969 5560 3080 5630 jam
3117 5562 3410 5633 supplevit.

2179 5629 2258 5704 l9)
2284 5629 2459 5704 Vulgo
2485 5630 2628 5704 [τοῦ]
2662 5629 2918 5704 οὐρανοῦ.

2139 5699 2260 5775 (ﬁt!)
2288 5699 2564 5775 Παρῆν’τε
2596 5699 2690 5757 καὶ
2721 5699 2885 5774 συνῆν
2919 5700 3000 5756 ἔτι
3050 5700 3196 5775 Μρ.;
3236 5718 3360 5757 mox
3403 5700 3571 5774 vulgo

2077 5772 2410 5843 ςωοπλαγῶν
2436 5772 2558 5828 καί.
