4082 6450
413 379 516 437 999

1081 376 1344 434 EUSEBII
1383 373 1853 432 CESAR-IENSIS
1889 371 2041 430 OPP.
2084 369 2264 426 PARS
2297 370 2391 429 IV.
2429 401 2497 411 —
2538 368 2963 426 DOGMATICA.

3543 367 3566 420 1
3579 367 3686 422 000

415 499 568 566 Quod
609 511 738 553 vero
766 498 1041 552 intueatur
1070 494 1332 564 profunda
1373 494 1554 551 Patris
1577 496 1682 560 sui,
1719 495 1771 550 id
1791 496 1990 550 amoris

2102 495 2164 547 οὐ
2193 493 2441 547 δύναται
2473 495 2506 546 ό
2549 493 2682 558 Υἱὸς
2706 492 2900 546 ποιεῖν
2931 491 3042 564 (21)
3076 490 3257 547 οὐδὲν
3295 488 3398 561 ἀφ’
3438 489 3684 556 ἑαυτοῦ,

415 591 624 661 paterni
657 603 792 659 opus
820 601 959 650 esse,
994 586 1281 642 manifeste
1319 587 1497 653 docet,
1531 587 1780 656 inquiens
1819 587 1872 640 in
1902 600 1988 641 se-

415 683 725 751 quentibus,
778 679 924 734 Nam
969 677 1133 733 Pater
1183 679 1356 749 diligit
1415 676 1642 744 Filium,
1699 688 1749 732 et
1813 677 1986 732 omnia

415 775 638 829 ostendit
666 773 735 828 ei.
766 771 861 826 Est
883 771 988 826 hoc
1009 785 1139 841 ergo
1168 771 1426 825 indicium
1450 770 1630 824 Patris
1655 767 1993 824 ostendentis

415 877 510 918 sua
541 879 703 934 opera
729 863 1045 919 abscondita
1074 881 1087 915 ε
1112 878 1232 932 qua:
1255 864 1382 915 dum
1413 861 1730 917 abscondita
1755 862 1993 915 intuetur

413 955 608 1022 Filius,
635 969 799 1026 opere
831 957 949 1026 ipso
1009 962 1356 1010 consummat
1402 955 1613 1023 paterni
1644 954 1727 1008 sui
1781 950 1992 1008 consilii

412 1063 597 1118 opera.
626 1047 708 1103 Ad
734 1048 877 1101 hunc
909 1046 1126 1101 modum
1152 1060 1274 1100 cum
1305 1047 1524 1100 adesset
1569 1044 1740 1106 Patri,
1781 1053 1838 1098 et
1885 1057 1991 1097 una

411 1153 536 1194 cum
567 1141 757 1194 eodem
783 1139 975 1194 fuisset
997 1152 1232 1208 semper,
1261 1146 1373 1191 tum
1398 1152 1520 1191 cum
1548 1136 1748 1192 omium
1780 1148 1992 1204 praepa-

412 1239 580 1295 raret,
621 1240 675 1285 et
703 1246 821 1299 quae
850 1231 1036 1286 insunt
1075 1229 1232 1285 caelis
1276 1248 1290 1283 :
1339 1229 1442 1282 hoc
1490 1228 1674 1283 docuit
1719 1228 1991 1295 inquiens,

413 1319 544 1374 Cum
574 1331 893 1389 praepararet
940 1321 1143 1383 caelum,
1190 1321 1274 1374 illi
1307 1321 1543 1373 aderam.
1595 1319 1700 1373 Sed
1747 1329 1803 1373 et
1836 1317 1996 1372 Pater

412 1411 728 1482 priusquam
769 1413 1023 1466 mundum
1049 1412 1328 1476 conderet,
1361 1411 1414 1464 in
1444 1426 1507 1464 eo
1540 1411 1827 1480 gaudebat,
1873 1409 1994 1462 uni—

412 1503 653 1572 genitum
688 1517 846 1556 suum
876 1502 1070 1557 Filium
1099 1501 1327 1555 intuitus
1354 1517 1367 1555 :
1403 1511 1459 1554 et
1507 1510 1766 1569 tanquam
1795 1501 1847 1552 in
1872 1514 1996 1568 spec

416 1593 539 1648 culo
569 1597 802 1664 quodam
824 1595 1175 1663 semetipsum
1206 1593 1262 1646 in
1299 1593 1391 1647 illo
1425 1591 1818 1661 contemplatus
1849 1591 1996 1645 laeta-

411 1696 590 1750 batur.
610 1689 900 1757 Quocirca,
925 1687 1101 1756 inquit
1129 1686 1430 1755 Sapientia,
1457 1701 1475 1734 ι
1497 1684 1608 1755 Ego
1637 1697 1785 1738 eram
1812 1682 1864 1735 in
1887 1695 1994 1751 qua

2089 583 2199 638 ἐὰν
2225 583 2310 653 μή
2344 601 2399 637 τι
2429 584 2636 654 ,ϐλέπῃ
2658 586 2766 638 τὸν
2791 584 3024 653 Πατέρα
3050 584 3358 649 ποιοῦντα,
3393 583 3432 638 ἅ
3469 583 3580 654 γὰρ
3608 583 3691 638 ἂν

2091 676 2320 743 ἐκεῖνος
2351 675 2514 744 ποιῇ,
2545 677 2729 730 ταῦτα
2754 676 2878 749 [ἂν]
2907 677 3005 730 καὶ
3037 678 3252 746 ὁμοίως
3275 681 3307 732 ό
3345 678 3478 742 Υἱὸς
3503 677 3682 731 ποιεῖ.

2105 771 2167 824 Ὀ
2206 772 2316 841 γὰρ
2345 769 2549 838 Πατὴρ
2571 769 2742 838 φιλεῖ
2762 769 2870 822 τὸν
2906 770 3061 832 Υἱὸν,
3097 769 3196 822 καὶ
3224 768 3422 822 πάντα
3445 768 3692 823 δείκνυ-

2093 879 2198 919 σιν
2229 864 2408 930 αὐτῷ,
2439 865 2478 918 ἂ
2516 865 2698 930 αὐτὸς
2740 862 2912 918 ποιεῖ.
2956 863 3128 918 Ἔνθα
3151 880 3235 927 τις
3263 863 3486 926 εἰκότως
3515 863 3686 934 ζητή-

2097 979 2239 1014 σειεν
2272 962 2337 1015 ἂν
2379 962 2495 1024 πῶς
2531 962 2600 1014 τὰ
2635 961 2781 1026 ἅπαξ
2831 962 2936 1015 ὑπὸ
2963 961 3057 1016 τοῦ
3107 963 3319 1035 Πατρὸς
3360 964 3623 1032 γεγονότα
3655 963 3685 1015 6

2097 1050 2224 1114 Υἱὸς
2250 1047 2605 1118 decc-Misi;
2650 1052 2979 1106 Ἐπελύσατο
3007 1053 3052 1106 δ’
3085 1053 3246 1118 αὐτὸς
3275 1055 3366 1107 τὸν
3411 1055 3568 1124 λόγον
3597 1058 3680 1109 εἰ·

2097 1142 2243 1196 πών·
2283 1146 2340 1200 Ἃ
2362 1146 2472 1212 γὰρ
2492 1145 2571 1197 ἂν
2596 1146 2630 1196 ό
2655 1145 2858 1212 Πατὴρ
2895 1146 3067 1211 ποιεῖ,
3095 1147 3281 1200 ταῦτα
3310 1147 3408 1200 καὶ
3463 1152 3495 1202 ό
3550 1149 3684 1214 Υἱὸς

2097 1235 2310 1303 ὁμοίως
2351 1234 2524 1289 ποιεῖ.
2571 1235 2780 1288 Οὐκοῦν
2827 1237 3078 1308 ὁμοίωμα
3128 1239 3385 1309 τυγχάνει
3429 1239 3498 1292 τὰ
3543 1241 3681 1311 πρὸς

2095 1324 2190 1377 τοῦ
2219 1325 2348 1377 Υίοῦ
2371 1327 2665 1397 γιγνόμενα
2700 1327 2874 1398 ἔργων
2908 1331 3228 1401 ἀρχετὺπων
3260 1335 3317 1384 ὲν
3347 1335 3684 1406 ἀπορρήτοις

2093 1414 2192 1467 τοῦ
2235 1417 2446 1488 Πατρὸς
2518 1418 2794 1490 λογισμοῖς
2843 1424 3352 1494 προῦφισταμένων,
3389 1424 3425 1478 ἀ
3467 1425 3529 1496 δὴ
3567 1427 3681 1497 (2‘2)

2098 1505 2312 1576 βλέπων
2345 1509 2545 1573 ἀτενῶς
2569 1512 2627 1562 ὲν
2662 1514 2725 1582 τῇ
2756 1512 2850 1565 τοῦ
2878 1514 3086 1584 Πατρὸς
3115 1513 3228 1584 (25)
3255 1517 3464 1587 διανοίᾳ
3491 1520 3519 1570 6
3551 1518 3685 1581 Υἱὸς

2099 1599 2394 1668 μιμήματα
2432 1592 2506 1652 ὧν
2547 1599 2693 1670 ἑώρα
2730 1602 2935 1653 ἐποίει·
2977 1601 3038 1653 τὸ
3075 1602 3118 1654 δ’
3151 1603 3473 1657 ἐποπτεύειν
3516 1604 3686 1658 αὐτὸν

2095 1690 2164 1743 τὰ
2207 1691 2301 1744 τοῦ
2337 1692 2550 1761 Πατρὸς
2595 1691 2732 1763 βάθη
2780 1693 2879 1763 τῆς
2923 1693 3198 1764 πατρικῆς
3244 1694 3465 1766 ἀγάπης
3501 1695 3684 1768 ἔργων

403 1785 653 1859 quotidie
683 1781 976 1852 gaudebat.
1008 1798 1027 1832 ι
1064 1779 1170 1835 Sed
1200 1788 1255 1833 et
1284 1777 1453 1832 Filius
1497 1777 1613 1845 ipse
1659 1774 1994 1830 laetabundus

2102 1775 2236 1833 εἶναι
2272 1781 2508 1851 παρίστη
2562 1781 2840 1850 διασαφῶν
2895 1780 3040 1852 ἑξῆς,
3095 1784 3190 1836 καὶ
3225 1781 3416 1851 λέγων,
3461 1785 3524 1837 '0
3571 1788 3688 1855 γὰρ

413 1851 608 1949 έοιιόὶο
644 1851 954 1944 replebatur
996 1872 1051 1926 in
1100 1868 1267 1924 Patre
1297 1884 1397 1924 suo
1427 1866 1837 1936 conspicienda.
1883 1864 1998 1920 Hoc

2102 1871 2300 1940 Πατὴρ
2332 1872 2495 1941 φιλεῖ
2522 1873 2629 1926 τὸν
2655 1873 2806 1938 Υιὸν,
2839 1873 2936 1926 καὶ
2959 1851 3154 1926 πάντα
3183 1873 3496 1929 δείκνυσιν
3520 1851 3688 1942 αὖτῷ

414 1970 681 2039 siquidem
715 1968 831 2036 ipse
863 1963 1081 2018 edocuit
1125 1962 1396 2032 inquiens,
1419 1959 1668 2014 Ltetabar
1695 1965 1872 2012 autem
1902 1972 1995 2027 ego

412 2076 592 2117 coram
623 2059 717 2113 illo
740 2058 881 2112 omni
905 2066 1153 2126 tempore.
1193 2054 1419 2120 Quando
1442 2052 1727 2106 laetabatur
1765 2049 1836 2104 ob
1860 2063 1996 2103 con-

412 2159 742 2207 summatum
763 2157 1024 2203 terrarum
1038 2145 1251 2200 orbem.
1276 2142 1377 2199 Ubi
1398 2158 1496 2213 per
1515 2151 1783 2196 terrarum
1808 2139 1998 2195 orbem

412 2241 765 2310 intelligebat,
802 2236 1171 2293 universitatis
1220 2234 1674 2303 complexionem,
1726 2237 1786 2296 ᾖ(
1833 2246 1996 2301 quam

412 2339 481 2392 de
501 2350 608 2390 non
638 2347 759 2388 esse
787 2331 853 2385 ad
898 2311 1020 2385 esse
1069 2327 1386 2398 productam
1417 2341 1514 2396 per
1543 2324 1741 2379 Filium
1775 2325 2000 2379 intuitus

412 2426 791 2482 universorum
829 2421 973 2476 Deus
1000 2419 1397 2476 oblectabatur.
1454 2415 1712 2472 Veritatis
1761 2417 1901 2471 ratio
1933 2417 1999 2471 de

411 2529 568 2571 sacra
586 2513 865 2584 Scriptura
889 2511 1123 2568 deducta
1135 2509 1376 2566 breviter
1400 2517 1454 2563 et
1479 2522 1574 2578 per
1596 2507 1998 2575 compendium,

413 2607 518 2662 ista
552 2615 657 2662 est.
681 2605 774 2660 ille
803 2614 986 2661 autem
1022 2605 1306 2660 desursum
1354 2603 1408 2655 in
1446 2614 1667 2655 carnem
1691 2597 2000 2655 Servatoris

413 2696 599 2753 intime
621 2696 874 2767 positam,
902 2703 1083 2750 mente
1109 2708 1207 2749 sua
1225 2693 1482 2748 detrusus
1506 2690 1663 2752 abiit.
1685 2701 2000 2760 pervertens

413 2788 576 2844 simul
601 2798 658 2844 et
685 2786 1134 2856 interpretatione
1167 2785 1473 2854 depravans
1522 2795 1710 2836 veram
1737 2781 2000 2836 divinitus

414 2880 691 2952 inspirata:
723 2877 1022 2947 Scripturae
1053 2874 1400 2930 sententiam.
1436 2872 1544 2927 Sed
1578 2881 1634 2928 et
1666 2872 1734 2927 ad
1765 2870 2001 2927 Verbum

415 2972 560 3028 facta
590 2969 932 3032 transitione,
967 2967 1064 3032 ait,
1119 2967 1266 3021 intus
1323 2964 1469 3018 aliud
1513 2964 1690 3034 ipsum
1722 2963 1776 3018 in
1815 2963 1998 3028 Patre,

419 3077 676 3135 tanquam
709 3061 1070 3131 colloquendo
1094 3073 1219 3114 cum
1267 3071 1332 3112 eo
1374 3067 1428 3113 et
1463 3057 1774 3126 cogitando,
1799 3057 1998 3111 coelum

415 3167 769 3226 praeparasse.
798 3151 1062 3222 Loquitur
1077 3160 1260 3204 autem
1281 3149 1502 3204 disertis
1524 3149 1740 3204 verbis:
1769 3165 1787 3198 ε
1813 3146 2000 3202 Prius-

422 3265 442 3300 ι
475 3261 638 3318 quam
691 3245 924 3301 mundus
979 3244 1330 3305 conderetur,
1371 3249 1491 3296 erat
1519 3238 1757 3294 Verbum
1815 3239 1867 3292 in
1900 3252 2001 3292 suo

421 3356 442 3390 ι
475 3338 636 3394 Patre
673 3353 835 3393 :cutn
862 3350 994 3392 vero
1033 3335 1174 3390 Deus
1197 3333 1545 3404 omnipotens
1577 3333 1760 3388 omnia
1787 3347 1908 3400 quae
1946 3331 2000 3384 in

423 3449 442 3481 ι
473 3429 612 3487 οωιο
656 3436 712 3485 et
748 3431 802 3485 in
856 3430 1018 3484 terris
1055 3435 1201 3492 sunt,
1257 3426 1558 3497 producere
1607 3425 2002 3496 proposuisset,

423 3541 444 3575 ι
478 3522 663 3578 mundi
720 3520 1004 3592 productio
1058 3518 1362 3589 operatrice
1415 3515 1651 3573 elIicacia
1707 3514 2000 3584 indigebat.

424 3635 446 3669 ι
486 3615 754 3683 Quocirca
775 3629 898 3669 cum
924 3611 1058 3668 nihil
1083 3619 1232 3667 esset
1253 3609 1398 3665 aliud
1422 3618 1620 3679 praeter
1656 3608 1824 3662 Deum
1855 3608 2002 3678 (nam

425 3727 446 3760 ι
486 3709 540 3762 in
581 3705 833 3762 confesso
861 3714 946 3760 est
994 3703 1176 3760 omnia
1229 3701 1299 3756 ab
1331 3700 1423 3755 illo
1457 3700 1596 3754 facta
1623 3697 1843 3768 fuisse),
1888 3706 2002 3752 tum

428 3823 447 3855 ι
477 3802 826 3874 progrediens
858 3799 1094 3854 Verbum
1121 3798 1326 3852 factum
1356 3795 1456 3848 fuit
1496 3793 1679 3848 mundi
1710 3792 2003 3848 conditor:

427 3915 447 3946 ι
488 3910 612 3950 cum
651 3892 764 3961 jam
792 3902 919 3947 ante
954 3890 1099 3944 intus
1126 3885 1574 3943 intellectu-aliter
1617 3884 1769 3938 illum
1796 3898 2008 3953 praepa-

427 4007 446 4036 ι
483 3993 653 4050 raret,
677 3983 820 4054 quod
840 3991 993 4037 vates
1022 3980 1115 4036 ille
1158 3979 1414 4034 Salomon
1444 3993 1544 4032 nos
1573 3976 1812 4042 edocuit,
1874 3973 2008 4029 Cum

429 4096 448 4128 ι
493 4079 678 4132 calum
740 4083 1084 4145 praepararet,
1131 4071 1212 4125 illi
1243 4071 1478 4125 aderam.
1513 4087 1531 4120 ι
1577 4069 1678 4124 Ubi
1715 4068 2009 4122 notandum

423 4169 655 4239 qualiter
676 4175 867 4237 sponte
891 4179 987 4220 sua
1007 4163 1289 4219 obsurduit
1311 4182 1323 4216 :
1360 4177 1458 4215 nec
1480 4159 1699 4228 agnovit
1721 4159 1884 4227 quod,
1903 4173 2010 4211 una

425 4260 664 4325 aderam,
689 4272 792 4312 vox
818 4256 1088 4326 signiticet
1102 4254 1224 4308 Filii
1248 4251 1586 4322 praesentiam
1605 4250 1742 4319 apud
1769 4247 2008 4303 Patrem.

2097 1962 2336 2028 ᾰαῠτός
2365 1963 2537 2017 ποιεῖ.
2571 1964 2886 2028 Δεικνύντος
2915 1964 3020 2036 ἄρα
3037 1965 3129 2018 τοῦ
3158 1965 3370 2036 Πατρὸς
3401 1966 3469 2020 τὰ
3487 1967 3686 2021 ἑαυτοῦ

2097 2053 2324 2124 κρύφια,
2353 2053 2573 2126 θεωρῶν
2605 2057 2633 2108 6
2663 2055 2809 2119 Υἱὸς,
2837 2055 2905 2108 δι’
2923 2054 3098 2126 ἔργων
3134 2056 3332 2128 ὑφίστη
3357 2057 3426 2110 τὰ
3452 2058 3553 2128 τῆς
3573 2073 3683 2112 πα-

2098 2145 2293 2215 τρικῆς
2321 2144 2515 2216 βουλῆς
2546 2145 2702 2217 ἔργα.
2730 2146 2916 2210 Οὕτως
2948 2143 3041 2200 οὖν
3081 2148 3255 2201 συνὼν
3281 2148 3360 2219 τῷ
3381 2149 3556 2222 Πατρὶ⁵
3589 2153 3690 2206 καὶ

2099 2233 2405 2305 συμπαρὼν
2445 2233 2595 2304 αὐτῷ
2628 2234 3079 2309 προετοιμάζοντι
3107 2237 3199 2290 τὸν
3231 2238 3457 2308 οὐρανὸν
3491 2241 3585 2294 καὶ
3614 2242 3688 2296 τὰ

2098 2327 2187 2379 ἐπ’
2220 2325 2390 2398 αὐτῷ,
2419 2328 2565 2381 τοῦτ’
2614 2328 2880 2393 ἐδίδασκε,
2916 2329 3090 2398 λέγων
3111 2347 3126 2360 ’
3167 2331 3377 2386 Ἠνικα
3410 2335 3689 2403 ἡτοίμαζε

2096 2417 2206 2471 τὸν
2241 2418 2520 2486 οὐρανὸν,
2546 2421 2956 2490 συμπαρήμην
2982 2422 3163 2490 αὐτῷ,
3196 2424 3380 2496 ἔχαιρέ
3412 2443 3471 2478 τε
3499 2429 3528 2480 6
3568 2428 3688 2482 Πα-

2100 2509 2203 2580 τὴρ
2229 2508 2340 2581 (24)
2371 2511 2500 2582 πρὶν
2531 2511 2564 2582 ἢ
2601 2517 2694 2565 καὶ
2723 2513 2812 2566 τὺν
2847 2515 3048 2587 κόσμον
3081 2517 3352 2585 γενέσθαι,
3396 2519 3476 2582 είς
3522 2521 3688 2576 αὐτὸν

2099 2599 2319 2671 ἀφορῶν
2336 2601 2425 2654 τὸν
2449 2603 2642 2656 ἑαυτοῦ
2665 2606 2928 2677 μονογενῆ
2947 2607 3094 2671 Υίὸν,
3113 2609 3206 2661 καὶ
3224 2608 3374 2662 ὥσπε
3381 2627 3412 2681 ρ
3444 2613 3502 2663 ὲν
3517 2612 3690 2665 εικόνι

2100 2692 2293 2744 ἑαυτὸν
2340 2694 2787 2766 ὲνοπτριζόμενος
2829 2698 2886 2751 ἐν
2919 2698 3088 2769 αὐτῷ.
3115 2702 3204 2754 Διό
3238 2718 3401 2772 φησιν
3429 2705 3462 2774 ὴ
3493 2704 3685 2772 Σοφία,

2108 2802 2127 2833 ι
2151 2784 2290 2852 Ἐγὼ
2303 2785 2337 2856 ἦ
2345 2781 2496 2860 μηνῇ
2514 2790 2841 2860 προσέχαιρε
2864 2790 2977 2861 (25)
2994 2793 3115 2846 καθ’
3131 2795 3361 2866 ἡμέραν.
3377 2815 3395 2848 ι
3416 2795 3577 2849 Ἀλλά
3591 2799 3687 2851 καὶ

2101 2877 2130 2930 6
2155 2877 2282 2941 Υἱὸς
2298 2880 2635 2951 εὐφροσύνης
2667 2881 2989 2955 ἐπληροῦτο,
3019 2885 3355 2957 γαννύμενος
3385 2889 3559 2960 ὲπὶτῇ
3589 2888 3684 2942 τοῦ

2102 2968 2316 3039 Πατρὸς
2371 2969 2489 3042 Θέα.
2548 2972 2718 3025 Τοῦτο
2775 2973 2905 3041 γοῦν
2954 2977 3118 3040 αὐτὸς
3173 2977 3415 3032 διδάσκει
3471 2979 3680 3050 λέγων·

2104 3062 2534 3132 Ηὺερραινόμην
2553 3063 2622 3116 δὲ
2643 3064 2900 3120 ἐνώπιον
2921 3069 3108 3122 αὐτοῦ
3136 3069 3207 3122 ἐν
3262 3071 3442 3125 παντὶ
3470 3073 3654 3141 καιρῷ
3677 3090 3687 3106 ι

2104 3152 2193 3205 ὅτε
2237 3153 2566 3224 ηὐφραίνετο
2603 3155 2703 3227 τὴν
2745 3158 3068 3229 οἰκουμένην
3110 3159 3467 3226 συντελέσαςθ
3512 3167 3686 3218 alato».

2110 3244 2276 3315 μένης
2303 3245 2537 3300 ἐνταῦθα
2557 3249 2850 3320 νοουμένης
2878 3250 2980 3320 τῆς
3005 3250 3112 3303 τῶν
3134 3254 3405 3324 γεννητῶν
3432 3257 3683 3312 ἁπάντων

2109 3337 2573 3408 συμπληρώσεως,
2604 3335 2672 3412 ἧς
2699 3341 2762 3394 ἐκ
2794 3341 2887 3395 τοῦ
2922 3344 2998 3414 μὴ
3031 3343 3182 3407 ὄντος
3217 3349 3297 3410 εἰς
3322 3347 3385 3400 τὸ
3429 3345 3569 3402 εἶναι
3601 3352 3687 3406 διὰ

2107 3427 2201 3480 τοῦ
2247 3427 2376 3480 Υίοῦ
2407 3431 2808 3502 προαγομένης,
2855 3435 2884 3485 6
2924 3431 3032 3486 τῶν
3069 3434 3324 3488 ἁπάντων
3357 3437 3684 3508 ηὐφραίνετο

2108 3518 2261 3583 Θεός.
2311 3519 2369 3573 '0
2411 3522 2510 3591 μὲν
2539 3516 2632 3575 οὖν
2665 3522 2869 3594 ἀληθὴς
2908 3523 3084 3592 λόγος,
3119 3525 3195 3589 ὡς
3228 3527 3286 3579 ἐν
3333 3526 3556 3598 βραχέσι
3589 3530 3678 3582 καὶ

2110 3614 2168 3665 ὲν
2197 3614 2440 3684 ὲπιτόμῳ
2472 3613 2850 3686 διηγήσει(Ξ6)
2886 3619 3288 3688 παριστάμενος
3312 3620 3374 3672 ὲκ
3407 3619 3504 3688 τῆς
3529 3619 3674 3683 θείας

2111 3703 2354 3773 Γραφῆς,
2383 3704 2620 3767 τοιοῦτός
2653 3721 2738 3773 (τις
2763 3705 2828 3758 ἂν
2858 3707 2969 3778 εἴη·
3004 3707 3034 3759 6
3063 3707 3107 3759 δ’
3137 3709 3339 3762 ἄνωθεν
3369 3712 3677 3782 κατωφερό-

2116 3811 2294 3863 μενος,
2323 3793 2415 3846 ἐπὶ
2432 3794 2530 3866 τὴν
2552 3797 2730 3868 σάρκα
2755 3797 2849 3850 τοῦ
2883 3799 3134 3869 Σωτῆρος
3155 3803 3187 3870 ή
3196 3801 3311 3870 μῶν
3331 3801 3424 3871 τὴν
3448 3801 3681 3855 διάνοιαν

2114 3884 2386 3950 ἐξώκειλε,
2414 3887 2776 3958 παρατρέπων
2808 3889 2902 3942 καὶ
2935 3891 3368 3962 παρερμηνεύων
3395 3892 3486 3945 τὸν
3511 3891 3684 3962 ἁληθῆ

2113 3976 2238 4030 νοῦν
2252 3976 2352 4046 τῆς
2385 3976 2740 4032 Θεοπνεύστου
2765 3979 3006 4052 Γραφῆς.
3036 3983 3196 4036 Ἀλλά
3231 3987 3321 4038 καὶ
3352 3985 3562 4036 ὲπὶτὺν
3587 3983 3690 4036 Λό-

2114 4083 2210 4134 γον
2245 4067 2506 4137 μεταϐἀς,
2552 4069 2713 4122 αὑτὸν
2746 4066 2882 4124 εἷναί
2915 4088 3049 4141 φησι
3076 4072 3166 4125 τὸν
3206 4073 3353 4126 ἔνδον
3389 4076 3446 4126 ὲν
3473 4073 3550 4144 τῷ
3578 4075 3691 4127 Πα-

2115 4155 2224 4226 τρὶ,
2259 4155 2334 4218 ὼς
2368 4159 2425 4208 ὲν
2465 4157 2794 4229 διαλογισμῷ
2836 4160 2930 4212 καὶ
2963 4163 3022 4212 ὲν
3060 4159 3312 4232 θυμήσει,
3345 4163 3439 4214 τὸν
3463 4163 3693 4228 οὐρανὸν

2117 4245 2472 4316 ήτοιμακότα.
2503 4245 2692 4314 Ἔλεγε
2720 4247 2849 4315 γοῦν
2881 4249 3064 4313 αὐτοῖς
3092 4252 3298 4321 ῥήμασι
3344 4253 3478 4322 (27)·
3535 4272 3552 4303 ι
3579 4254 3695 4324 Πρὸ

421 4350 628 4407 Contra
644 4364 775 4404 vero
798 4347 1132 4417 Scripturam
1157 4346 1270 4414 ipse
1301 4344 1505 4406 sciscit,
1537 4343 1681 4412 quod
1699 4341 1999 4409 priusquam

2123 4356 2142 4386 ‹
2177 4337 2284 4407 γὰρ
2316 4337 2409 4390 τοῦ
2453 4337 2543 4391 τὸν
2583 4338 2785 4408 κόσμον
2825 4340 3067 4409 ποιῆσαι,
3117 4339 3184 4412 ἧν
3225 4345 3254 4396 6
3292 4344 3465 4411 Λόγος
3510 4345 3568 4396 ὲν
3614 4343 3696 4412 τῷ

426 4443 658 4500 mundus
719 4441 1146 4511 produceretur,
1199 4434 1334 4490 nihil
1366 4443 1485 4490 erat
1531 4432 1754 4488 omnino
1818 4439 1999 4500 praetet

2125 4447 2142 4478 ι
2172 4429 2366 4498 Πατρί.
2398 4431 2524 4481 Ὅτε
2546 4429 2602 4482 δὲ
2623 4433 2651 4483 6
2668 4433 3059 4502 παντοκράτωρ
3069 4432 3200 4496 Θεὸς
3222 4435 3398 4486 πάντα
3421 4433 3488 4486 τὰ
3513 4435 3570 4486 ὲν
3597 4435 3699 4486 οὑ·-

428 4534 619 4588 Deum.
667 4532 838 4600 Quam
884 4545 1072 4587 vocem
1115 4529 1366 4584 emittere
1421 4539 1526 4579 non
1556 4523 1860 4585 exhorruit,
1889 4536 1999 4575 cun

2125 4539 2145 4571 ι
2180 4525 2359 4593 ρανοίς
2385 4523 2478 4574 καὶ
2502 4523 2570 4576 τὰ
2599 4525 2692 4577 ἐπὶ
2717 4526 2814 4594 τῆς
2842 4531 2945 4594 γῆς
2975 4524 3198 4595 ποιῆσαι
3226 4524 3506 4598 προέθετο,
3541 4528 3699 4596 ἐνερ-

429 4636 609 4681 tamen
639 4624 728 4678 illa
753 4615 921 4677 Filius
965 4623 1282 4690 abnegetur.
1314 4615 1423 4672 Nec
1454 4629 1730 4671 sacrarum
1771 4611 1999 4666 Littera-

2123 4632 2141 4664 ι
2178 4614 2332 4682 γείας
2363 4617 2396 4685 ἡ
2427 4613 2520 4667 τοῦ
2556 4615 2764 4686 κόσμου
2792 4616 3004 4684 γένεσις
3044 4616 3216 4668 ἐδεῖτο
3246 4617 3566 4687 δραστικῆς,
3597 4618 3699 4668 καὶ

430 4732 552 4773 rum
583 4715 898 4769 verecundia
930 4721 1108 4768 motus
1139 4722 1243 4778 est,
1268 4724 1386 4780 qua:
1405 4716 1690 4769 testantur,
1716 4704 1860 4774 quod
1879 4714 1999 4759 ante

2119 4724 2138 4756 ι
2176 4705 2264 4760 διὰ
2287 4706 2463 4771 τοῦτο,
2498 4708 2723 4780 μηδενὸς
2747 4708 2897 4772 ὄντος
2922 4709 3106 4782 ἑτέρου
3143 4701 3280 4781 πλὴν
3311 4710 3446 4763 Θεοῦ
3490 4711 3700 4780 (πάντα

431 4806 616 4864 mundi
649 4806 1053 4874 productionem
1083 4805 1196 4873 ipse
1222 4802 1368 4858 solus
1401 4801 1614 4854 adesset
1643 4796 1813 4850 Patri.
1847 4794 1999 4858 Nam,

2119 4811 2139 4845 ‹
2180 4794 2288 4864 γὰρ
2337 4797 2677 4865 ὁμολογεῖται
2719 4798 2811 4850 ὑπ’
2860 4799 3022 4851 αὐτοῦ
3073 4799 3444 4871 γεγενῆσθαι),
3493 4800 3614 4852 τότε
3672 4803 3703 4852 6

429 4916 550 4955 cum
580 4898 753 4963 colos,
804 4899 996 4968 inquit,
1051 4898 1299 4966 parabat,
1331 4897 1548 4948 aderam
1592 4890 1661 4944 ei.
1691 4887 1999 4956 Prmpositia

2117 4903 2134 4937 ι
2177 4886 2347 4955 Λόγος
2382 4887 2660 4958 προελθὼν
2700 4889 2909 4958 ἐγίνετο
2955 4890 3182 4962 ποιητὴς
3212 4890 3306 4943 τοῦ
3339 4889 3566 4960 κόσμου,
3599 4890 3704 4944 καὶ

427 4994 574 5048 enim
597 5007 740 5056 cum,
769 4990 834 5045 ad
863 4990 1200 5059 praesentiam
1239 5000 1468 5050 annexa,
1501 4983 1660 5038 unius
1680 4995 1801 5035 cum
1835 4979 1999 5034 altera

2116 4997 2135 5030 ‹
2175 4981 2438 5052 πρότερον
2449 4979 2594 5034 ἔνδον
2607 4981 2810 5052 νοητῶς
2825 4983 3127 5054 ἑτοιμάζων
3147 4983 3333 5048 αὑτὸν,
3358 4983 3433 5045 ὡς
3454 4983 3702 5036 διδάσκει

432 5101 538 5141 una
577 5083 920 5156 praesentiam
950 5081 1238 5152 signiﬁcat.
1267 5077 1383 5133 Non
1405 5077 1484 5132 ait
1512 5088 1642 5145 ergo
1686 5071 1999 5141 simpliciter

2115 5089 2133 5120 ι
2177 5073 2322 5141 ἡμᾶς
2353 5074 2382 5125 6
2415 5072 2700 5144 προφήτης
2747 5071 3020 5143 Σολομὼν,
3057 5073 3257 5129 Ἠνίκα
3288 5072 3562 5142 ἡτοίμαζε
3583 5073 3702 5127 τὸν·

496 5183 555 5242 ›Ῑ‹
590 5178 688 5234 Ed.
717 5175 918 5245 Paris.,
945 5191 1072 5246 pag.
1100 5173 1230 5230 166.

504 5361 618 5486 γει)
647 5360 822 5444 Vulgo
853 5361 1004 5415 οὐδὲν
1049 5363 1143 5429 ἀφ’
1170 5355 1366 5412 ἑαυτοῦ
1413 5365 1467 5411 et
1502 5372 1626 5411 mox
1688 5351 1862 5407 ταῦτα
1891 5351 2004 5426 [ἂν]

504 5474 506 5483 ,
559 5444 614 5486 et
648 5435 798 5486 αὑτω
835 5432 1008 5486 πάντα
1048 5431 1336 5483 δείκνυσιν.

436 5431 527 5488 καί
559 5431 614 5487 et
648 5431 798 5504 ας)τῷ
835 5431 1336 5504 πάντα-δείκνυσιν.

509 5504 620 5573 (22)
655 5493 832 5573 Vul'go
891 5503 930 5555 ἁ
973 5500 1041 5555 δὲ
1087 5498 1350 5573 ,βλέπειν
1395 5493 2013 5573 ἀτενές-προοιηορξνο

435 5562 701 5628 (Ιέἱειὶιω
747 5562 850 5627 loci
903 5562 1658 5640 interpretationediglad_ia_ti
1696 5563 1842 5620 ‘sunt
1905 5562 2013 5618 Ca-

436 5642 624 5698 tholici
685 5653 738 5696 et
786 5643 994 5706 Ariani,
1048 5634 1186 5694 "vide
1232 5638 1370 5709 apud
1425 5634 1904 5709 P._Ma_ldo_natum,
1961 5641 2015 5684 et

439 5713 564 5848 hch
635 5713 913 5837 apparebit
979 5704 1284 5768 Eusebium'
1348 5708 1435 5765 hic
1511 5704 1786 5776 λαθραίως
1854 5704 2014 5772 ἀρια-

439 5798 466 5835 ν
525 5797 623 5836 ειν.
711 5819 728 5835 ο

439 5797 623 5836 νιςειν.
655 5797 728 5836 ΙΙ.

2185 5353 2298 5424 (25)
2319 5352 2492 5424 Vulgo
2543 5353 2751 5422 διανοίᾳ
2790 5353 3108 5423 μιμήματα.
3145 5350 3269 5406 Mox
3303 5349 3463 5418 vulgo
3505 5347 3694 5420 ἔργων

2114 5433 2169 5478 et
2193 5425 2399 5496 diruit
2431 5424 2612 5486 αὐτός.

2187 5492 2324 5565 (ειν
2338 5495 2509 5566 _V_ulgo
2534 5495 2665 5566 πρὶν
2697 5492 2731 5562 ἢ

2193 5563 2511 5638 (εδηυιαο
2549 5563 2704 5635 16964-

2195 5637 2286 5707 (‘26
2317 5637 2481 5707 Vulgo
2511 5651 2780 5707 παρισαμ.

2193 5706 2306 5778 (ετ)
2329 5706 2412 5761 cr.
2443 5719 2496 5775 p.
2534 5706 2633 5760 εδδ
2659 5707 2725 5759 Α.

2761 5491 2869 5544 τόν.
