4082 6412
407 337 542 402 ιοιιι

1337 326 1424 396 iis
1461 328 1999 396 ECCLESIASTICA
2039 332 2426 394 TllEOLOGlA
2467 327 2592 391 LIB.
2638 338 2722 392 ιιι.

3505 339 3646 398 Mt)!

409 475 432 511 ι
465 456 742 524 οὐραὶ-(ἵν,
787 455 1192 523 σι’μεῒαρήμηι·
1233 453 1411 517 αὐτῷ,
1467 453 1657 520 λέγων,
1684 473 1701 504 ι
1759 455 1844 504 Ἑν
1893 448 1972 515 οἷς

2080 468 2132 506 se
2157 451 2390 516 aﬂuisse,
2417 455 2509 506 sed
2542 469 2644 507 una
2679 467 2800 507 cum
2831 451 2992 505 Patre
3022 450 3206 504 fuisse.
3240 450 3298 503 Et
3332 451 3488 505 Pater
3542 472 3647 508 non

404 550 668 619 προσήκει
699 547 1091 613 ἐπισκέψασθαι
1124 544 1240 596 τίνα
1273 545 1472 614 τρόπον
1507 544 1852 612 ἐθελοκωιρῶν
1877 543 1970 595 τοῦ

408 639 506 708 μὲν
530 637 938 706 Συμπαρήμην
976 637 1074 689 οὐκ
1104 636 1308 688 ἀκούει·
1341 635 1369 686 ὃ
1405 637 1654 704 σημαίνει
1686 636 1796 706 (28)
1826 636 1974 707 διαρ-

407 730 575 800 ρήδην
618 728 911 799 παρουσίαν
948 727 1040 780 τοῦ
1075 727 1202 780 Υἰοῦ
1245 727 1321 798 τῷ
1358 727 1549 796 Πατρί.
1596 728 1973 796 ’Λποφαίνεται

403 818 463 872 δὲ
493 821 556 890 τῇ
588 820 773 891 Γραφῇ
803 820 1075 882 ἐναντίως,
1109 821 1308 892 μηδένα
1339 815 1476 872 εἶναι
1502 819 1685 890 ἕτερον
1704 819 1813 889 (‘29)
1837 819 1974 888 πλὴν

403 909 498 961 τοῦ
520 908 652 962 Θεοῦ
681 911 806 980 πρὶν
829 911 1077 978 γενέσθαι
1105 911 1174 964 τὰ
1198 911 1482 980 γενόμενα,
1515 911 1607 963 καὶ
1649 911 1745 962 οὐκ
1789 909 1973 980 ἔφριξε

403 1001 604 1072 ταύτην
637 1003 791 1069 ἀφεὶς
823 1002 920 1072 τὴν
954 1003 1132 1073 φωνὴν
1167 1003 1462 1074 άρνητικὴν
1491 1000 1654 1056 οὖσαν
1684 1003 1777 1056 τοῦ
1822 1004 1972 1068 Υίοῦ,

403 1091 524 1144 οὐδὲ
555 1091 651 1160 τὴν
697 1090 846 1142 θείαν
893 1092 1112 1162 Γραφὴν
1162 1093 1542 1163 ὲδοσσωπήθη,
1590 1093 1974 1164 μαρτυροῦσαν

405 1183 512 1254 πρὸ
538 1186 635 1254 τῆς
666 1183 758 1236 τοῦ
787 1183 1016 1253 οὐρανοῦ
1041 1183 1270 1247 κτίσεως
1303 1185 1461 1254 μόνον
1489 1185 1647 1237 αὐτὸν
1675 1187 1976 1255 συμπαρεῖ-

403 1292 492 1330 ναι
537 1275 616 1345 τῷ
654 1277 846 1347 Πατρὶ,
898 1276 1096 1330 Ἠνίκα
1145 1276 1276 1346 γὰρ,
1304 1275 1487 1346 φησιν,
1541 1275 1812 1345 ἡτοίμαζε
1871 1276 1978 1329 τὸν

404 1365 681 1434 οὐρανὸν,
701 1365 1107 1435 συμπαρήμην
1145 1367 1323 1431 αὐτῷ.
1353 1367 1415 1418 'lI
1441 1366 1547 1436 γὰρ
1579 1366 1700 1418 σὺν
1724 1365 1978 1436 πρόθεσις

403 1457 482 1527 τῷ
522 1460 772 1528 παρεῖναι
818 1458 1185 1529 προσκειμένη
1251 1459 1348 1529 τὴν
1400 1457 1541 1511 κατὰ
1598 1458 1658 1510 τὸ
1703 1457 1834 1510 αὐτὸ
1883 1459 1978 1511 σὺν

407 1548 578 1619 ἑτέρῳ
629 1549 928 1618 παρουσίαν
976 1549 1144 1620 δηλοῖ.
1184 1550 1293 1619 Οὐχ
1335 1549 1520 1612 ἁπλῶς
1566 1545 1658 1602 οὖν
1702 1550 1976 1618 παρεῖναι,

406 1638 542 1692 ἀλλὰ
587 1643 948 1710 συμπαρεῖναι
993 1641 1182 1693 ἑαυτὸν
1237 1639 1314 1710 τῷ
1364 1641 1538 1711 Πατρ).
1571 1633 1833 1702 διδάσκει,
1885 1639 1979 1691 καὶ

2074 545 2338 615 gaudebat
2370 544 2566 608 solum,
2604 544 2697 599 sed
2733 544 3091 598 adlzetabatur
3129 545 3180 596 in
3230 546 3512 610 prtusenlia
3553 545 3646 598 Fi-

2075 637 2149 690 lii.
2177 636 2266 691 Ait
2296 651 2442 704 ergo,
2477 635 2588 705 Ego
2623 650 2764 689 eram
2789 638 2966 704 inqua
3003 635 3355 688 delectabatur
3395 636 3646 704 quotidie.

2073 729 2327 782 Adlzetari
2359 744 2486 783 vero
2509 727 2741 782 Verbum
2772 728 2822 781 in
2861 727 3141 796 praesentia
3169 727 3344 782 Patris
3374 728 3463 796 qui
3500 729 3650 781 dixe-

2077 821 2165 884 rit,
2201 820 2244 873 si
2281 820 2517 874 Verbum
2574 835 2684 872 non
2711 829 2950 873 exstaret
2995 819 3046 871 in
3094 819 3199 871 Deo
3229 819 3548 877 subsistens.
3595 827 3650 872 et

2076 911 2430 982 signiﬁcative
2472 911 2739 979 operans?
2796 913 2867 964 ita
2926 911 3177 979 gaudere.
3219 919 3274 963 et
3302 925 3483 962 coram
3532 910 3646 972 illo,

2075 1003 2477 1056 subsistentiam
2521 1002 2685 1071 ipsius
2713 1001 2888 1056 docet.
2922 997 3013 1055 llis
3041 1011 3219 1053 tamen
3247 1000 3467 1067 insuper
3508 1001 3650 1053 Mar-

2077 1090 2248 1149 cellus
2277 1094 2473 1149 habitis
2508 1094 2702 1148 Filium
2735 1093 2991 1147 refutatu
3018 1090 3252 1144 Verbum
3278 1106 3429 1151 ,vero
3478 1093 3650 1160 inquit

2083 1205 2102 1239 ι
2135 1188 2279 1243 intus
2301 1189 2438 1259 apud
2466 1187 2630 1243 Deum
2649 1189 2915 1242 interdum
2934 1187 3197 1256 prodiisse
3220 1201 3312 1254 per
3336 1184 3648 1238 facultatem

2083 1300 2100 1332 ι
2137 1297 2285 1334 suam
2319 1283 2675 1350 oper-atricem
2712 1322 2727 1345 ,
2780 1281 3050 1335 interdum
3085 1281 3227 1332 intus
3275 1277 3651 1346 conquievisse

2084 1388 2101 1419 ι
2141 1372 2391 1425 otiosum.
2429 1390 2448 1422 ι
2495 1369 2600 1426 Nec
2641 1371 2871 1424 advertit
2898 1369 3038 1438 quod
3074 1369 3163 1436 qui
3210 1366 3376 1431 dicat,
3423 1373 3480 1428 ᾖ
3531 1381 3652 1417 esse

2078 1461 2278 1528 aliquid
2305 1462 2446 1515 intra
2480 1471 2534 1516 et
2562 1471 2716 1515 extra
2753 1459 3320 1526 Deum,compositum
3357 1457 3485 1526 quid
3525 1470 3651 1521 sup-

2081 1552 2253 1622 ponit,
2280 1560 2333 1606 et
2354 1552 2688 1622 corporalem
2719 1553 3048 1622 passionem,
3074 1548 3217 1617 quod
3247 1548 3348 1603 nisi
3380 1547 3544 1615 impie
3584 1547 3651 1599 de

2082 1653 2274 1698 natura
2329 1644 2650 1714 incorporea
2704 1659 2807 1697 non
2863 1642 3183 1695 admittitur.
3241 1640 3311 1693 At
3355 1638 3651 1706 procedens

405 1733 435 1785 6
462 1731 651 1802 Πατὴρ
683 1731 739 1785 δὲ
768 1732 865 1801 οὐχ
894 1731 1076 1795 ἁπλῶς
1111 1731 1346 1804 ἔχαιρεν,
1384 1732 1520 1784 ἀλλὰ
1561 1732 1886 1802 προσέχαιρε
1911 1732 1977 1800 τῇ

2083 1733 2212 1788 illud
2251 1732 2480 1788 Verbum
2510 1733 2778 1802 quomodo
2805 1733 2965 1788 ﬂebat
2994 1742 3209 1787 creator
3238 1730 3460 1785 mundi?
3515 1727 3649 1781 Num

407 1800 677 1894 παρουσίᾳ
702 1821 794 1874 τοῦ
827 1800 974 1875 Ϋὶοὗ.
1001 1823 1090 1876 Διό
1121 1800 1305 1893 φησιν,
1347 1822 1496 1891 Ἐγὼ
1525 1800 1686 1891 ἥμὴν
1707 1817 1744 1892 ᾖ
1768 1821 1979 1888 προσέ-

2084 1825 2259 1895 lingua
2282 1835 2336 1880 et
2350 1800 2707 1894 νοσοῖ-(ιιιοεί
2739 1825 2877 1880 Deus
2911 1825 3139 1879 dialecto
3165 1832 3421 1878 uteretur.
3445 1823 3512 1873 At
3535 1819 3649 1874 cui-

406 1931 572 1984 χαιρε
605 1915 730 1966 καθ’
753 1913 1000 1982 τυιέρανδ
1033 1933 1050 1966 ι
1087 1914 1159 1966 Τὸ
1188 1914 1243 1967 δὲ
1273 1915 1366 1968 καὶ
1396 1913 1780 1985 εὐφραίνεσθαι
1822 1913 1982 1966 αὐτὸν

406 2004 632 2058 ἐνώπιον
657 2004 750 2058 τοῦ
784 2005 1014 2076 Πατρὸς,
1050 2005 1165 2068 πῶς
1197 2006 1262 2058 ἂν
1311 2005 1567 2077 ἁρμόσειε
1603 2005 1676 2076 μὴ
1711 2005 1981 2074 ὐφεστῶτι

405 2097 599 2168 Λόγῳς
649 2100 706 2150 ὲν
759 2096 906 2166 αὐτῷ
942 2096 998 2148 δὲ
1043 2096 1120 2166 τῷ
1171 2097 1289 2166 Θεῷ
1330 2096 1442 2149 om
1488 2097 1580 2148 καὶ
1635 2095 1982 2166 σημαντικῶς

406 2188 735 2259 ὲνεργοῦντι,
771 2188 1028 2259 ἄντικρυς
1071 2187 1163 2240 τοῦ
1212 2186 1595 2258 εὐφραίνεσθαι
1638 2185 1732 2238 καὶ
1770 2184 1862 2238 τοῦ
1897 2187 1982 2237 ὲν-

405 2279 573 2333 ῶπιον
598 2278 759 2334 αὐτοῦ
775 2279 870 2350 τὴν
888 2279 1183 2333 ὑπόστασιν
1216 2279 1380 2332 αὐτοῦ
1397 2275 1804 2349 παριστώντων.
1824 2275 1982 2328 Ἀλλὰ

404 2367 610 2420 τούτων
640 2366 951 2438 Μάρκελλος
990 2368 1179 2420 οὐδένα
1211 2368 1364 2436 λόγον
1399 2367 1766 2436 ποιησάμενος
1797 2363 1981 2418 ἀθετεῖ

410 2457 508 2528 μὲν
526 2459 614 2511 τὸν
633 2458 781 2514 Υἱόν.
804 2479 822 2510 ι
850 2459 1019 2527 Λόγον
1045 2459 1104 2511 δέ
1136 2476 1296 2529 φησιν
1321 2457 1465 2510 ἔνδον
1489 2457 1618 2510 ὄντα
1644 2459 1699 2510 ἐν
1722 2456 1799 2527 τῷ
1822 2456 1942 2527 Θεῷ
1962 2497 1977 2520 ,

407 2551 537 2603 ποτὲ
585 2551 682 2621 μὲν
713 2551 958 2621 ἐνεργείᾳ
990 2551 1248 2621 δραστικῇ
1278 2549 1543 2621 προϊέναι,
1574 2550 1702 2602 ποτὲ
1739 2550 1797 2602 δὲ
1835 2549 1982 2602 ἔνδον

408 2635 546 2693 εἶναι
589 2641 646 2692 ὲν
691 2640 836 2710 αὐτῷ
878 2641 952 2712 μὴ
997 2638 1343 2710 ἐνεργοῦντα,
1386 2641 1480 2692 καὶ
1517 2641 1612 2709 οὐχ
1653 2642 1773 2711 ὁρᾷ,
1809 2639 1890 2692 ὅτι
1923 2633 1983 2692 τὸ

407 2727 586 2797 λέγειν
615 2724 754 2781 εἷναί
778 2745 830 2781 τι
858 2729 1008 2792 ἐντὸς
1039 2729 1132 2781 καὶ
1165 2728 1320 2792 ἐκτὸς
1349 2730 1439 2781 τοῦ
1473 2727 1606 2780 Θεοῦ
1648 2727 1897 2780 σύνθετόν
1929 2745 1982 2780 τι

407 2821 719 2875 ὑποτίθεται
766 2822 859 2874 καὶ
893 2819 1200 2890 σωματικὸν
1233 2821 1432 2883 πάθος·
1468 2821 1605 2890 ὅπερ
1641 2819 1702 2872 οὐ
1743 2819 1898 2890 θέμις
1930 2820 1985 2870 ὲ-

408 2913 472 2964 ut
496 2910 605 2978 (50)
645 2912 745 2982 τῆς
788 2911 1080 2980 ἁγεννήτου
1114 2911 1206 2963 καὶ
1244 2909 1533 2980 ἀσωμάτου
1564 2909 1775 2976 φύσεως
1807 2917 1986 2979 παρα-

407 3004 676 3075 δέχεσθαι.
708 3002 832 3065 Πῶς
862 3003 917 3055 δὲ
947 3004 1040 3055 καὶ
1071 3001 1345 3074 προελθὼν
1375 3003 1403 3054 ό
1436 3001 1604 3068 Λόγος
1627 3000 1736 3071 (51)
1780 3001 1987 3070 ἐγίνετο

406 3097 500 3150 τοῦ
531 3097 733 3167 κόσμου
768 3097 1026 3165 ποιητής;
1057 3095 1259 3164 πότερα
1283 3093 1495 3165 γλώττῃ
1519 3093 1614 3145 καὶ
1636 3095 1785 3162 φωνῇ
1809 3108 1822 3156 ;
1850 3092 1982 3144 πάν-

407 3207 514 3252 τως
542 3190 709 3260 δήπου
739 3190 832 3239 καὶ
872 3187 1133 3254 διαλέκτῳ
1166 3185 1511 3256 χρησαμένου
1546 3183 1642 3236 τοῦ
1685 3184 1818 3237 Θεοῦ
1840 3201 1854 3213 ν
1887 3185 1981 3237 καὶ

406 3280 512 3332 τίνι
538 3281 602 3332 ἂν
636 3277 874 3347 διελέχθη
903 3277 1128 3347 μηδενὸς
1167 3275 1352 3346 ἐτέρου
1393 3275 1640 3337 συνόντος
1681 3273 1979 3343 (52)αὐτῷ;

409 3370 571 3423 τίνιδ*
594 3369 658 3423 ἂν
698 3371 789 3422 κα).
825 3368 1064 3438 ὡμίλησε
1103 3369 1175 3438 μὴ
1224 3368 1486 3438 παρόντος
1507 3369 1680 3429 τινόςς
1709 3369 1822 3436 (55)
1864 3357 1979 3418 ἀλλ⁴

409 3461 568 3524 αὐτὸς
606 3459 782 3530 ἐαυτῷ
824 3457 1158 3530 προσωμῐλει
1203 3460 1352 3526 φωνῇ
1397 3458 1489 3508 καὶ
1535 3456 1794 3526 διαλέκτῳ
1836 3455 1951 3525 χρώ

2083 1932 2207 1970 nam
2237 1916 2660 1984 colloqueretur,
2711 1932 2833 1970 cum
2883 1917 3095 1971 adesset
3130 1930 3286 1968 nemo
3320 1911 3498 1966 alius?
3529 1924 3650 1963 eum

2081 2023 2190 2078 quo
2230 2017 2678 2073 conversaretur,
2723 2016 2985 2076 prtt‘scntc
3029 2005 3214 2060 nullo?
3250 2004 3354 2057 Sed
3381 2017 3446 2057 eo
3497 2001 3655 2055 modo

2083 2113 2264 2154 secum
2300 2097 2727 2166 colloquebatur,
2761 2111 2892 2150 voce
2921 2105 2972 2149 et
3003 2095 3229 2148 dialecto
3262 2106 3410 2156 usus,
3440 2100 3496 2143 ut
3525 2090 3655 2143 V’er-

2081 2185 2204 2240 bum
2245 2200 2310 2239 ex
2337 2187 2454 2253 ipso
2475 2185 2912 2254 progrederetur.
2948 2185 3012 2238 Et
3041 2185 3132 2251 qui
3160 2182 3372 2235 tandem
3408 2195 3512 2232 non
3539 2178 3654 2231 htee

2082 2293 2177 2346 pro
2220 2276 2373 2329 libito
2413 2276 2700 2337 effecisset,
2756 2290 2850 2343 per
2901 2273 3212 2328 facultatem
3273 2270 3650 2339 operatricem,

2081 2385 2202 2423 cum
2226 2370 2366 2422 intus
2396 2369 2448 2422 in
2493 2367 2610 2436 ipso
2641 2377 2782 2421 esset
2814 2367 3046 2421 Verbum
3073 2382 3089 2430 ;
3124 2381 3244 2419 cum
3275 2364 3354 2417 vel
3386 2365 3524 2416 inter
3562 2364 3654 2416 ho-

2082 2460 2258 2512 mines
2315 2459 2552 2511 artifices
2604 2458 2846 2526 plerique
2890 2457 3106 2510 silentio
3158 2453 3442 2522 perficiant
3487 2469 3650 2521 opera

2081 2565 2208 2615 sua;
2237 2551 2344 2605 imo
2369 2559 2478 2604 tum
2512 2550 2594 2604 vel
2619 2548 2987 2604 efficacissime
3008 2557 3318 2617 operantur,
3350 2561 3468 2600 cum
3495 2559 3651 2598 nemo

2082 2655 2203 2693 eum
2253 2639 2385 2708 ipsis
2430 2655 2666 2711 praesens
2702 2642 2838 2694 adsit
2869 2641 3051 2706 ?Quid
3090 2640 3310 2709 impedit
3363 2638 3652 2705 quominus

2084 2725 2225 2785 Deus
2253 2730 2317 2785 ad
2350 2735 2494 2787 hunc
2525 2733 2737 2786 modum
2773 2731 3085 2799 produxerit
3124 2733 3371 2784 universa
3398 2768 3413 2794 ,
3450 2743 3571 2783 cura
3596 2729 3650 2782 in

2084 2836 2144 2877 se
2159 2823 2382 2877 haberet
2410 2823 2609 2893 logon?
2644 2825 2714 2876 At
2747 2821 2835 2876 ille
2873 2831 2925 2874 ι·ι
2953 2823 3237 2890 imaginem
3270 2821 3518 2891 proponit
3546 2829 3656 2873 sta-

2085 2914 2270 2979 tuarii,
2315 2914 2390 2968 ita
2429 2930 2549 2969 cum
2600 2931 2699 2968 suo
2743 2914 2922 2967 animo
2970 2927 3247 2968 sermones
3281 2913 3512 2968 serentis
3540 2953 3553 2976 ,
3598 2927 3655 2966 et

2085 3007 2322 3076 seipsum
2357 3006 2713 3077 alloquentis:
2753 3025 2771 3056 ι
2807 3006 2920 3074 Age
2960 3005 3241 3067 faciamus,
3270 3022 3366 3073 age
3396 3005 3660 3076 fingamus

2086 3106 2378 3152 statuam.)
2406 3097 2538 3152 Nam
2556 3099 2621 3151 ad
2647 3099 2805 3151 istum
2838 3098 3052 3151 modmn
3077 3098 3389 3165 confingunt
3419 3096 3655 3150 universi

2086 3191 2418 3245 conditorem
2454 3189 2620 3244 Deum
2648 3189 2787 3258 apud
2816 3188 3053 3240 animum
3096 3205 3250 3241 suum
3279 3189 3502 3254 dixisse,
3537 3185 3650 3240 Fa-'

2085 3282 2286 3334 ciamus
2310 3280 2566 3332 hominem
2594 3280 2664 3343 ”,
2699 3288 2756 3332 ut
2779 3279 2977 3345 saepius
3008 3289 3281 3332 ostensum
3311 3289 3392 3333 est
3426 3280 3480 3332 in
3509 3293 3650 3348 pra:-

2084 3370 2424 3432 cedentiltus,
2465 3370 2604 3423 unde
2633 3369 2766 3422 satis
2796 3369 2988 3437 Opinor
3019 3363 3366 3437 patefactum,
3396 3371 3651 3437 abnegari

2083 3459 2152 3513 ab
2207 3458 2298 3512 illo
2332 3457 2527 3512 Filium
2565 3458 2678 3512 Dei.
2726 3457 2878 3527 Sapit
2919 3458 3062 3512 enim
3115 3459 3269 3527 plane
3320 3457 3653 3513 Judaismum

412 3568 589 3623 μενος,
616 3551 690 3614 ὡς
710 3551 804 3604 καὶ
818 3551 908 3603 τὸν
931 3549 1100 3617 Λόγον
1124 3548 1181 3614 ἐξ
1210 3548 1372 3601 αὐτοῦ
1404 3545 1704 3618 προελθεῖν.
1729 3545 1839 3598 Καὶ
1864 3543 1979 3607 πῶς

2083 3558 2375 3624 afﬁrmare,
2432 3559 2576 3625 quod
2628 3558 2788 3616 Deus.
2821 3557 2912 3626 qui
2944 3558 3177 3612 habebat
3223 3559 3366 3613 intus
3416 3559 3653 3613 Verbum

408 3643 531 3714 οὐχ).
563 3643 656 3695 καὶ
681 3641 826 3694 ἔνδον
857 3642 1008 3705 ὄντος
1041 3643 1096 3693 ὲν
1123 3639 1271 3710 αὐτῷ
1297 3639 1388 3692 τοῦ
1414 3639 1584 3706 Λόγου
1607 3637 1866 3708 δραστικῇ
1889 3634 1979 3686 δυ-

2082 3664 2262 3714 suum,
2316 3650 2665 3718 semetipsum
2699 3649 2963 3704 allocutus
3000 3649 3071 3703 sit
3108 3651 3171 3703 ad
3201 3651 3359 3702 istum
3413 3649 3649 3704 modum.

409 3733 571 3804 νάμει
615 3733 768 3788 ταῦθ’
807 3734 950 3804 ἆπερ
986 3722 1233 3786 ὲὸοὐλετο
1265 3731 1514 3802 συνίστη;
1556 3729 1676 3782 ἐπεὶ
1716 3726 1810 3780 κα)¹
1853 3727 1979 3795 παρ’

2080 3736 2190 3800 Sed
2224 3747 2406 3801 dicere
2436 3747 2613 3816 ipsum
2667 3762 2786 3802 esse
2833 3746 3050 3800 Patrem
3075 3744 3232 3801 Verbi
3258 3749 3394 3814 ejus,
3429 3749 3570 3817 quod
3597 3749 3649 3801 in

410 3823 717 3894 ἀνθρώποις
744 3825 793 3876 οἱ
819 3823 1056 3876 πλεῖστοι
1081 3821 1188 3875 τῶν
1234 3819 1581 3892 δημιουργῶν
1611 3817 1705 3870 καὶ
1739 3813 1958 3868 σιωπῶν
1998 3820 2007 3830 '

409 3931 500 3976 τες
524 3914 591 3966 τὰ
619 3914 826 3967 ἑαυτῶν
851 3913 1160 3966 ἐκτελοῦσιν
1185 3911 1342 3982 ἔργα,
1378 3911 1472 3962 καὶ
1509 3907 1739 3978 μάλιστα
1759 3905 1868 3974 (54)
1895 3903 1984 3955 ὅτε

415 4003 602 4074 μηδεὶς
627 4005 809 4066 αὐτοῖς
855 4003 1084 4074 παρέστι
1117 3999 1536 4072 δημιουργοῦσι·
1573 3997 1626 4049 τί
1650 3993 1740 4049 οὖν
1780 3993 1982 4047 ἐκώλυε

411 4094 505 4146 καὶ
531 4093 624 4146 τὸν
647 4093 776 4146 Θεὸν
798 4094 940 4146 οὕτω
963 4109 1078 4155 πως
1103 4092 1172 4144 τὰ
1200 4090 1376 4142 πάντα
1405 4085 1770 4156 συστήσασθαι
1793 4084 1984 4153 ἔχοντα

409 4171 466 4240 ὲν
497 4185 644 4256 αὐτῷ
681 4178 771 4238 τὸν
811 4185 1004 4253 λόγον;
1043 4186 1072 4235 ὁ
1113 4183 1168 4235 δὲ
1223 4181 1316 4234 καὶ
1379 4177 1689 4232 ὑποτίθεται
1766 4174 1949 4228 εἰκόνα
2028 4174 2464 4245 ἀνδριαντοποιοῦ
2536 4179 2714 4247 ἑαυτῷ
2776 4179 3292 4250 προσδιαλεγομένου
3366 4180 3457 4231 καὶ
3519 4177 3655 4247 πρὸς

409 4273 598 4334 ἑαυτὸν
643 4280 961 4348 φάσκοντος,
994 4295 1012 4327 ι
1039 4279 1173 4342 Ἀγε
1197 4275 1530 4343 ποιήσωμεν,
1574 4270 1673 4336 ἆγε
1697 4268 1992 4337 πλάσωμεν
2007 4267 2314 4337 ἀνδριάντα·
2345 4291 2362 4322 ι
2392 4270 2534 4323 οὕτω
2557 4272 2665 4342 γάρ
2693 4289 2822 4340 φασι
2855 4272 2946 4324 καὶ
2978 4271 3068 4322 τόν
3091 4271 3198 4322 τῶν
3227 4270 3362 4322 ὅλων
3385 4270 3652 4338 δεσπότην

404 4372 536 4425 Θεὸν
567 4370 699 4442 πρὸς
733 4369 921 4422 ἑαυτὸν
955 4367 1232 4438 εἰρηκέναι
1268 4365 1327 4416 τὸ
1373 4361 1722 4428 Ποιήσωμεν
1758 4357 2091 4426 ἄνθρωπον,
2154 4360 2230 4423 ὡς
2273 4363 2532 4426 πολλάκις
2582 4365 2682 4434 ήδη
2730 4363 2972 4433 παρέστη
3006 4362 3095 4414 διὰ
3145 4364 3254 4414 τῶν
3321 4361 3653 4430 ἔμπροσθεν,

403 4467 470 4520 δι’
498 4460 572 4519 ὧν
604 4461 756 4537 οἶμαι
781 4465 879 4536 τὴν
907 4465 984 4526 εἰς
1017 4463 1105 4515 τὸν
1132 4461 1256 4513 Υἱὸν
1301 4457 1391 4510 τοῦ
1444 4457 1578 4509 Θεοῦ
1613 4456 1842 4525 ἄρνησιν
1888 4451 2050 4504 αὐτοῦ
2089 4456 2493 4526 γεγυμνῶσθαι.
2534 4458 2608 4509 Τὸ
2655 4448 2751 4528 μὲν
2779 4457 2884 4527 γὰρ
2931 4456 3090 4509 αὐτὸν
3134 4456 3271 4526 πρὸς
3309 4454 3501 4507 ἑαυτὸν
3543 4453 3658 4507 δια..

403 4559 657 4630 λέγεσθαι
701 4556 792 4612 τὸν
835 4558 966 4610 Θεὸν
1004 4556 1148 4608 ἔνδον
1190 4553 1378 4624 ἔχοντα
1412 4553 1505 4604 τὸν
1555 4549 1748 4602 ἑαυτοῦ
1775 4548 1942 4616 Λόγον
1980 4547 2208 4615 φάσκειν
2251 4551 2538 4606 Ἰουδαϊκοῦ
2581 4569 2726 4614 τινος
2760 4553 2844 4622 εἴη
2894 4551 2960 4604 ἂν
3013 4546 3356 4621 φρονήματος
3411 4550 3558 4618 (55)’
3595 4551 3660 4603 τὸ

403 4652 462 4707 δὲ
487 4653 650 4707 αὐτὸν
676 4648 813 4705 εἶναι
847 4651 942 4704 τοῦ
976 4651 1033 4703 ὲν
1063 4649 1212 4720 αὐτῴ
1234 4649 1404 4715 Λόγου
1434 4646 1672 4715 Πατέρα,
1725 4641 1980 4697 καὶΎὶὸν
2016 4643 2180 4696 αὐτοῦ
2243 4637 2332 4698 τὸν
2387 4650 2444 4700 ἐν
2481 4647 2631 4716 αὐτῷ
2653 4648 2842 4716 Λόγον,
2881 4647 2980 4715 τῆς
3017 4645 3306 4697 Σαϐελλίου
3341 4645 3657 4711 κακοδοξίας

403 4740 470 4816 ἦν
502 4744 805 4816 γνώρισμα.

2072 3848 2198 3915 ipso
2252 3858 2411 3912 erat,
2449 3858 2503 3902 et
2533 3848 2878 3919 Filium‘ejus
2936 3867 3076 3915 esse,
3130 3851 3270 3916 quod
3312 3849 3364 3902 in
3397 3851 3511 3917 ipso
3532 3862 3654 3904 erat

2081 3947 2338 4018 Verbum,
2364 3950 2732 4021 planissimum
2779 3961 2861 4009 est.
2901 3953 3152 4007 indicium
3186 3950 3502 4006 Sabelliana:
3531 3965 3652 4020 pra-

2078 4040 2282 4094 Vitatis.

1028 4837 1207 4887 'KE‘l'.
1252 4838 1288 4885 Δ
1311 4874 1322 4886 .
2008 4842 2052 4887 n
2722 4828 2875 4883 CAP.
2910 4827 2996 4880 IV.

517 4843 523 4850 ’
1052 4842 1207 4887 ΚΕΦ.
1252 4842 1288 4885 Δ
1311 4874 1322 4886 .

427 4934 596 4996 ϐπως
617 4919 966 4997 Μάρκελλος
1006 4926 1092 4996 μὴ
1133 4927 1363 4989 συνιεὶς
1401 4925 1505 4988 τὰς
1542 4927 1591 4975 Γ
1587 4924 1965 4992 ραρὰςηιίαν

2722 4842 2875 4883 UAI’.
2910 4842 2996 4880 IV.

2080 4924 2345 4990 Quomodo
2365 4921 2672 4984 Marcellus,
2701 4919 3004 4987 Scripturas
3033 4935 3132 4972 non
3167 4919 3476 4988 intelligens,
3496 4933 3654 4970 unam

475 5116 533 5174 ἧς
575 5111 673 5164 Ed.
699 5111 895 5174 Paris.,
927 5126 1044 5180 pag.
1072 5108 1193 5162 107.
1238 5107 1280 5138 ’θ’
1318 5106 1452 5161 Gen.
1488 5121 1524 5170 I,
1567 5105 1654 5157 26.

2147 5327 2256 5398 (55)
2279 5325 2450 5398 Vulgo
2478 5323 2782 5398 ἁλλόῦτως
2806 5325 2848 5376 ὲ.
2881 5339 2977 5394 πρ.

2149 5397 2262 5469 (δι)
2286 5397 2460 5469 Vulgo
2489 5397 2600 5448 ὅτι.

2141 5459 2257 5538 (55)
2286 5467 2339 5521 In
2359 5459 2621 5538 ifi'ne_cap.
2652 5465 2686 5538 5
2714 5464 2965 5538 intricata
3003 5472 3145 5538 sunt.
3179 5462 3413 5538 L_eg_en_d._
3441 5459 3647 5538 forsan,

2075 5530 2411 5601 Τοδὲ,ἀύτὸν
2446 5530 2582 5588 εἶναι
2608 5534 2805 5602 λέγειν,
2843 5536 2936 5587 καὶ
2966 5534 3058 5586 τοῦ
3083 5537 3140 5585 ἐν
3168 5533 3315 5601 αὐτῴ
3341 5531 3513 5602 Λόγου

2079 5599 2521 5680 τέραςᾲκαὶΑΥἱὸν
2551 5599 2842 5680 αὐτοῦτοῦ
2881 5604 3114 5680 Πατρὸς,
3150 5606 3240 5657 τὸν
3267 5599 3326 5680 ἓν
3363 5599 3509 5680 αὐτῷ
3541 5600 3647 5650 Λό-

405 5672 621 5741 δίποῦ.
718 5672 772 5689 ur
849 5672 861 5685 ’
1404 5672 1460 5734 .’
1591 5672 1602 5685 ’
1827 5672 1838 5685 ’

2080 5672 2196 5749 γον.
2220 5672 2501 5732 ίδσὺοιιὶιιε
2524 5679 2668 5730 enim
2694 5675 2889 5728 Filimn
2920 5685 2982 5749 et
3005 5672 3241 5749 Patrem,
3267 5672 3504 5749 diversis
3552 5683 3650 5721 uo-

477 5758 589 5828 (52)
623 5757 791 5827 Vulgo
820 5772 928 5811 om.
958 5756 1124 5826 αὐτῷ.
2083 5743 2338 5814 minibus,
2368 5749 2610 5803 eamdem
2639 5760 2926 5815 personam
2955 5745 3232 5801 delirabat.
3265 5743 3331 5798 M.

649 5849 917 5909 Ριτιωι..
959 5851 1004 5913 G
1018 5869 1073 5910 ιι.
1124 5850 1242 5908 XX
1258 5851 1273 5909 l
1288 5850 1350 5907 ν.
1787 5902 1792 5912 ,
3174 5834 3252 5894 32

479 5339 586 5410 (9.8)
633 5338 964 5407 Διαρῤήδην
990 5336 1380 5410 ⁸ςιτιιρουιγιίαν.
1431 5333 1613 5400 Forte,
1671 5332 1963 5404 διαρρήδην

405 5407 604 5480 δηλαδὴ
634 5410 956 5480 παρουσίαν.
1101 5477 1122 5480 _
1667 5461 1672 5464 .

478 5477 603 5549 (29y
617 5477 788 5549 Vulgo
820 5479 960 5549 πλὴν
991 5477 1149 5532 Θεοῦ.

478 5547 588 5618 (50)
616 5547 782 5618 Vulgo
807 5547 1026 5618 τῆςκα).
1057 5550 1239 5618 άσωμ.
1274 5564 1331 5615 φ.

479 5616 589 5689 (51)
617 5617 784 5689 Vulgo
808 5616 1023 5685 ἐγένετο
1053 5630 1106 5672 et
1145 5616 1268 5672 mox
1310 5616 1537 5688 πότερον
1580 5617 1665 5685 γλ.
1719 5635 1772 5670 κ.
1815 5633 1871 5685 φ.
1913 5633 1972 5669 π.
