  <div class='ocr_page' id='page_1' title='image "/cluster/home/n/w/nwhite01/storage/ocr_20150623/24:no.6/coo.31924054873058/515.png"; bbox 0 0 4082 6402; ppageno 0'>
   <div class='ocr_carea' id='block_1_1' title="bbox 493 322 632 380">
    <p class='ocr_par' dir='ltr' id='par_1_1' title="bbox 493 322 632 380">
     <span class='ocr_line' id='line_1_1' title="bbox 493 322 632 380; baseline 0.014 -1"><span class='ocrx_word' id='word_1_1' title='bbox 493 322 632 380; x_wconf 71' lang='grc'><strong>1005</strong></span> 
     </span>
    </p>
   </div>
   <div class='ocr_carea' id='block_1_2' title="bbox 1162 322 2135 383">
    <p class='ocr_par' dir='ltr' id='par_1_2' title="bbox 1162 322 2135 383">
     <span class='ocr_line' id='line_1_2' title="bbox 1162 322 2135 383; baseline 0.005 -5"><span class='ocrx_word' id='word_1_2' title='bbox 1162 322 1432 380; x_wconf 81' lang='lat' dir='ltr'><strong>EUSEBII</strong></span> <span class='ocrx_word' id='word_1_3' title='bbox 1468 322 1945 381; x_wconf 59' lang='lat' dir='ltr'><strong>CIESARIENSIS</strong></span> <span class='ocrx_word' id='word_1_4' title='bbox 1982 323 2135 383; x_wconf 82' lang='lat' dir='ltr'><strong>OPP.</strong></span> 
     </span>
    </p>
   </div>
   <div class='ocr_carea' id='block_1_3' title="bbox 2176 326 3731 401">
    <p class='ocr_par' dir='ltr' id='par_1_3' title="bbox 2176 326 3731 401">
     <span class='ocr_line' id='line_1_3' title="bbox 2176 326 3731 401; baseline 0.012 -20"><span class='ocrx_word' id='word_1_5' title='bbox 2176 326 2353 383; x_wconf 83' lang='lat' dir='ltr'><strong>PARS</strong></span> <span class='ocrx_word' id='word_1_6' title='bbox 2386 330 2477 385; x_wconf 73' lang='grc' dir='ltr'>ιν.</span> <span class='ocrx_word' id='word_1_7' title='bbox 2518 361 2588 371; x_wconf 90' lang='lat'><strong>——</strong></span> <span class='ocrx_word' id='word_1_8' title='bbox 2625 327 3047 388; x_wconf 75' lang='lat' dir='ltr'><strong>DOGMATICA.</strong></span> <span class='ocrx_word' id='word_1_9' title='bbox 3587 342 3731 401; x_wconf 75' lang='lat' dir='ltr'><strong>tm</strong></span> 
     </span>
    </p>
   </div>
   <div class='ocr_carea' id='block_1_4' title="bbox 480 439 2030 519">
    <p class='ocr_par' dir='ltr' id='par_1_4' title="bbox 480 439 2030 519">
     <span class='ocr_line' id='line_1_4' title="bbox 480 439 2030 519; baseline -0.001 -24"><span class='ocrx_word' id='word_1_10' title='bbox 480 458 483 461; x_wconf 53' lang='grc' dir='ltr'>λ</span> <span class='ocrx_word' id='word_1_11' title='bbox 559 442 891 519; x_wconf 52' lang='lat' dir='ltr'><strong>canitiemque</strong></span> <span class='ocrx_word' id='word_1_12' title='bbox 911 440 1143 519; x_wconf 74' lang='lat' dir='ltr'><strong>deﬁnivit</strong></span> <span class='ocrx_word' id='word_1_13' title='bbox 1161 455 1270 495; x_wconf 73' lang='lat' dir='ltr'><strong>esse</strong></span> <span class='ocrx_word' id='word_1_14' title='bbox 1285 441 1629 494; x_wconf 71' lang='lat' dir='ltr'><strong>substantia»:</strong></span> <span class='ocrx_word' id='word_1_15' title='bbox 1649 439 1848 508; x_wconf 72' lang='lat' dir='ltr'><strong>Patris,</strong></span> <span class='ocrx_word' id='word_1_16' title='bbox 1865 451 1912 496; x_wconf 75' lang='lat' dir='ltr'><strong>et</strong></span> <span class='ocrx_word' id='word_1_17' title='bbox 1933 440 2030 495; x_wconf 68' lang='lat' dir='ltr'><strong>Fit:</strong></span> 
     </span>
    </p>
   </div>
   <div class='ocr_carea' id='block_1_5' title="bbox 2135 439 3731 519">
    <p class='ocr_par' dir='ltr' id='par_1_5' title="bbox 2230 439 3731 519">
     <span class='ocr_line' id='line_1_5' title="bbox 2230 439 3731 519; baseline 0.012 -24"><span class='ocrx_word' id='word_1_18' title='bbox 2230 439 2382 519; x_wconf 62' lang='lat' dir='ltr'><strong>eirea</strong></span> <span class='ocrx_word' id='word_1_19' title='bbox 2425 445 2657 519; x_wconf 78' lang='grc' dir='ltr'><strong>ὡρίζετο</strong></span> <span class='ocrx_word' id='word_1_20' title='bbox 2689 450 3035 503; x_wconf 75' lang='grc' dir='ltr'><strong>ὑπόστασιν</strong></span> <span class='ocrx_word' id='word_1_21' title='bbox 3065 451 3294 519; x_wconf 75' lang='grc' dir='ltr'>Πατρός</span> <span class='ocrx_word' id='word_1_22' title='bbox 3325 453 3424 507; x_wconf 74' lang='grc' dir='ltr'>καὶ</span> <span class='ocrx_word' id='word_1_23' title='bbox 3452 455 3590 511; x_wconf 83' lang='grc' dir='ltr'>Υιοῧ</span> <span class='ocrx_word' id='word_1_24' title='bbox 3627 459 3731 512; x_wconf 76' lang='grc' dir='ltr'>καὶ</span> 
     </span>
    </p>
   </div>
   <div class='ocr_carea' id='block_1_6' title="bbox 561 512 1080 582">
    <p class='ocr_par' dir='ltr' id='par_1_6' title="bbox 561 512 1080 582">
     <span class='ocr_line' id='line_1_6' title="bbox 561 512 1080 582; baseline -0.008 -15"><span class='ocrx_word' id='word_1_25' title='bbox 561 526 608 567; x_wconf 75' lang='lat' dir='ltr'><strong>et</strong></span> <span class='ocrx_word' id='word_1_26' title='bbox 644 512 871 582; x_wconf 74' lang='lat' dir='ltr'><strong>Spiritus</strong></span> <span class='ocrx_word' id='word_1_27' title='bbox 894 513 1080 564; x_wconf 79' lang='lat' dir='ltr'><strong>sancti.</strong></span> 
     </span>
    </p>
   </div>
   <div class='ocr_carea' id='block_1_7' title="bbox 559 601 2052 673">
    <p class='ocr_par' dir='ltr' id='par_1_7' title="bbox 559 601 2052 673">
     <span class='ocr_line' id='line_1_7' title="bbox 559 601 2052 673; baseline 0 -14"><span class='ocrx_word' id='word_1_28' title='bbox 559 603 1016 673; x_wconf 80' lang='lat' dir='ltr'><strong>Quemadmodum</strong></span> <span class='ocrx_word' id='word_1_29' title='bbox 1041 602 1290 657; x_wconf 87' lang='lat' dir='ltr'><strong>etdicere</strong></span> <span class='ocrx_word' id='word_1_30' title='bbox 1315 603 1416 656; x_wconf 96' lang='lat' dir='ltr'><strong>tria</strong></span> <span class='ocrx_word' id='word_1_31' title='bbox 1435 616 1574 666; x_wconf 84' lang='lat' dir='ltr'><strong>esse,</strong></span> <span class='ocrx_word' id='word_1_32' title='bbox 1601 601 1838 667; x_wconf 86' lang='lat' dir='ltr'><strong>Patrem,</strong></span> <span class='ocrx_word' id='word_1_33' title='bbox 1876 613 1928 659; x_wconf 90' lang='lat' dir='ltr'><strong>ct</strong></span> <span class='ocrx_word' id='word_1_34' title='bbox 1959 604 2052 659; x_wconf 83' lang='lat' dir='ltr'><strong>Fi—</strong></span> 
     </span>
    </p>
   </div>
   <div class='ocr_carea' id='block_1_8' title="bbox 471 691 2053 762">
    <p class='ocr_par' dir='ltr' id='par_1_8' title="bbox 471 691 2053 762">
     <span class='ocr_line' id='line_1_8' title="bbox 471 691 2053 762; baseline -0.001 -13"><span class='ocrx_word' id='word_1_35' title='bbox 471 696 618 750; x_wconf 77' lang='lat' dir='ltr'><strong>-lintn</strong></span> <span class='ocrx_word' id='word_1_36' title='bbox 638 704 691 749; x_wconf 88' lang='lat' dir='ltr'><strong>et</strong></span> <span class='ocrx_word' id='word_1_37' title='bbox 718 694 972 762; x_wconf 73' lang='lat' dir='ltr'><strong>Spiritum</strong></span> <span class='ocrx_word' id='word_1_38' title='bbox 994 700 1259 757; x_wconf 89' lang='lat' dir='ltr'><strong>sanctum,</strong></span> <span class='ocrx_word' id='word_1_39' title='bbox 1285 691 1501 746; x_wconf 82' lang='lat' dir='ltr'><strong>Sabellii</strong></span> <span class='ocrx_word' id='word_1_40' title='bbox 1519 700 1602 746; x_wconf 91' lang='lat' dir='ltr'><strong>est</strong></span> <span class='ocrx_word' id='word_1_41' title='bbox 1633 710 1646 746; x_wconf 89' lang='lat'><strong>:</strong></span> <span class='ocrx_word' id='word_1_42' title='bbox 1670 692 1811 761; x_wconf 88' lang='lat' dir='ltr'><strong>quod</strong></span> <span class='ocrx_word' id='word_1_43' title='bbox 1830 691 2053 747; x_wconf 81' lang='lat' dir='ltr'><strong>Marcel-</strong></span> 
     </span>
    </p>
   </div>
   <div class='ocr_carea' id='block_1_9' title="bbox 490 781 2052 855">
    <p class='ocr_par' dir='ltr' id='par_1_9' title="bbox 490 781 2052 855">
     <span class='ocr_line' id='line_1_9' title="bbox 490 781 2052 855; baseline -0.001 -14"><span class='ocrx_word' id='word_1_44' title='bbox 490 789 571 843; x_wconf 89' lang='lat' dir='ltr'><strong>lus</strong></span> <span class='ocrx_word' id='word_1_45' title='bbox 591 787 805 855; x_wconf 81' lang='lat' dir='ltr'><strong>scriptis</strong></span> <span class='ocrx_word' id='word_1_46' title='bbox 820 784 930 840; x_wconf 87' lang='lat' dir='ltr'><strong>suis</strong></span> <span class='ocrx_word' id='word_1_47' title='bbox 952 784 1163 839; x_wconf 81' lang='lat' dir='ltr'><strong>censuit</strong></span> <span class='ocrx_word' id='word_1_48' title='bbox 1193 802 1206 837; x_wconf 86' lang='lat'><strong>:</strong></span> <span class='ocrx_word' id='word_1_49' title='bbox 1233 802 1252 835; x_wconf 78' lang='grc' dir='ltr'><strong>ι</strong></span> <span class='ocrx_word' id='word_1_50' title='bbox 1277 781 1610 853; x_wconf 87' lang='lat' dir='ltr'><strong>Impossibile</strong></span> <span class='ocrx_word' id='word_1_51' title='bbox 1628 784 1892 854; x_wconf 85' lang='lat' dir='ltr'><strong>siquidem</strong></span> <span class='ocrx_word' id='word_1_52' title='bbox 1920 794 2052 847; x_wconf 87' lang='lat' dir='ltr'><strong>tres,</strong></span> 
     </span>
    </p>
   </div>
   <div class='ocr_carea' id='block_1_10' title="bbox 492 876 2048 949">
    <p class='ocr_par' dir='ltr' id='par_1_10' title="bbox 492 876 2048 949">
     <span class='ocr_line' id='line_1_10' title="bbox 492 876 2048 949; baseline -0.001 -17"><span class='ocrx_word' id='word_1_53' title='bbox 492 901 510 932; x_wconf 81' lang='grc' dir='ltr'><strong>ι</strong></span> <span class='ocrx_word' id='word_1_54' title='bbox 542 894 660 949; x_wconf 68' lang='lat' dir='ltr'><strong>qua:</strong></span> <span class='ocrx_word' id='word_1_55' title='bbox 699 885 824 933; x_wconf 89' lang='lat' dir='ltr'><strong>sunt</strong></span> <span class='ocrx_word' id='word_1_56' title='bbox 859 877 1201 947; x_wconf 84' lang='lat' dir='ltr'><strong>hypostases,</strong></span> <span class='ocrx_word' id='word_1_57' title='bbox 1232 877 1428 930; x_wconf 88' lang='lat' dir='ltr'><strong>unitati</strong></span> <span class='ocrx_word' id='word_1_58' title='bbox 1464 876 1699 941; x_wconf 89' lang='lat' dir='ltr'><strong>adnniri,</strong></span> <span class='ocrx_word' id='word_1_59' title='bbox 1754 877 1799 930; x_wconf 87' lang='lat' dir='ltr'><strong>si</strong></span> <span class='ocrx_word' id='word_1_60' title='bbox 1842 891 1947 930; x_wconf 92' lang='lat' dir='ltr'><strong>non</strong></span> <span class='ocrx_word' id='word_1_61' title='bbox 1994 877 2048 931; x_wconf 90' lang='lat' dir='ltr'><strong>in</strong></span> 
     </span>
    </p>
   </div>
   <div class='ocr_carea' id='block_1_11' title="bbox 490 966 2047 1044">
    <p class='ocr_par' dir='ltr' id='par_1_11' title="bbox 490 966 2047 1044">
     <span class='ocr_line' id='line_1_11' title="bbox 490 966 2047 1044; baseline -0.004 -18"><span class='ocrx_word' id='word_1_62' title='bbox 490 992 510 1025; x_wconf 81' lang='grc' dir='ltr'><strong>ι</strong></span> <span class='ocrx_word' id='word_1_63' title='bbox 549 971 738 1044; x_wconf 86' lang='lat' dir='ltr'><strong>primis</strong></span> <span class='ocrx_word' id='word_1_64' title='bbox 777 985 807 1022; x_wconf 88' lang='lat' dir='ltr'><strong>a</strong></span> <span class='ocrx_word' id='word_1_65' title='bbox 840 970 1069 1024; x_wconf 86' lang='lat' dir='ltr'><strong>monade</strong></span> <span class='ocrx_word' id='word_1_66' title='bbox 1122 968 1361 1023; x_wconf 79' lang='lat' dir='ltr'><strong>Trinitas</strong></span> <span class='ocrx_word' id='word_1_67' title='bbox 1401 968 1733 1023; x_wconf 78' lang='lat' dir='ltr'><strong>exordiatur.</strong></span> <span class='ocrx_word' id='word_1_68' title='bbox 1768 966 1862 1021; x_wconf 88' lang='lat' dir='ltr'><strong>Illa</strong></span> <span class='ocrx_word' id='word_1_69' title='bbox 1905 968 2047 1021; x_wconf 87' lang='lat' dir='ltr'><strong>enim</strong></span> 
     </span>
    </p>
   </div>
   <div class='ocr_carea' id='block_1_12' title="bbox 487 1059 2047 1131">
    <p class='ocr_par' dir='ltr' id='par_1_12' title="bbox 487 1059 2047 1131">
     <span class='ocr_line' id='line_1_12' title="bbox 487 1059 2047 1131; baseline -0.005 -12"><span class='ocrx_word' id='word_1_70' title='bbox 487 1085 506 1119; x_wconf 79' lang='grc' dir='ltr'><strong>ι</strong></span> <span class='ocrx_word' id='word_1_71' title='bbox 544 1072 603 1131; x_wconf 63' lang='lat' dir='ltr'><strong>r14</strong></span> <span class='ocrx_word' id='word_1_72' title='bbox 640 1073 854 1119; x_wconf 89' lang='lat' dir='ltr'><strong>sanctus</strong></span> <span class='ocrx_word' id='word_1_73' title='bbox 878 1062 1077 1116; x_wconf 82' lang='lat' dir='ltr'><strong>Paulus</strong></span> <span class='ocrx_word' id='word_1_74' title='bbox 1100 1062 1153 1115; x_wconf 91' lang='lat' dir='ltr'><strong>in</strong></span> <span class='ocrx_word' id='word_1_75' title='bbox 1194 1060 1477 1116; x_wconf 88' lang='lat' dir='ltr'><strong>monadem</strong></span> <span class='ocrx_word' id='word_1_76' title='bbox 1516 1059 1857 1129; x_wconf 76' lang='lat' dir='ltr'><strong>recapitulari</strong></span> <span class='ocrx_word' id='word_1_77' title='bbox 1892 1060 2047 1125; x_wconf 81' lang='lat' dir='ltr'><strong>dixit,</strong></span> 
     </span>
    </p>
   </div>
   <div class='ocr_carea' id='block_1_13' title="bbox 485 1151 2045 1228">
    <p class='ocr_par' dir='ltr' id='par_1_13' title="bbox 485 1151 2045 1228">
     <span class='ocr_line' id='line_1_13' title="bbox 485 1151 2045 1228; baseline -0.004 -17"><span class='ocrx_word' id='word_1_78' title='bbox 485 1178 505 1210; x_wconf 83' lang='grc' dir='ltr'><strong>ι</strong></span> <span class='ocrx_word' id='word_1_79' title='bbox 534 1172 654 1228; x_wconf 70' lang='lat' dir='ltr'><strong>qua:</strong></span> <span class='ocrx_word' id='word_1_80' title='bbox 687 1156 997 1224; x_wconf 89' lang='lat' dir='ltr'><strong>neutiquam</strong></span> <span class='ocrx_word' id='word_1_81' title='bbox 1029 1154 1093 1207; x_wconf 88' lang='lat' dir='ltr'><strong>ad</strong></span> <span class='ocrx_word' id='word_1_82' title='bbox 1126 1153 1217 1207; x_wconf 87' lang='lat' dir='ltr'><strong>Dei</strong></span> <span class='ocrx_word' id='word_1_83' title='bbox 1250 1153 1509 1207; x_wconf 89' lang='lat' dir='ltr'><strong>unitatem</strong></span> <span class='ocrx_word' id='word_1_84' title='bbox 1549 1160 1817 1221; x_wconf 84' lang='lat' dir='ltr'><strong>spectant.</strong></span> <span class='ocrx_word' id='word_1_85' title='bbox 1852 1151 2045 1206; x_wconf 90' lang='lat' dir='ltr'><strong>Unita-</strong></span> 
     </span>
    </p>
   </div>
   <div class='ocr_carea' id='block_1_14' title="bbox 485 1244 2039 1314">
    <p class='ocr_par' dir='ltr' id='par_1_14' title="bbox 485 1244 2039 1314">
     <span class='ocr_line' id='line_1_14' title="bbox 485 1244 2039 1314; baseline -0.003 -14"><span class='ocrx_word' id='word_1_86' title='bbox 485 1268 505 1300; x_wconf 76' lang='grc' dir='ltr'><strong>ι</strong></span> <span class='ocrx_word' id='word_1_87' title='bbox 543 1260 648 1303; x_wconf 89' lang='lat' dir='ltr'><strong>tem</strong></span> <span class='ocrx_word' id='word_1_88' title='bbox 675 1248 818 1302; x_wconf 87' lang='lat' dir='ltr'><strong>enim</strong></span> <span class='ocrx_word' id='word_1_89' title='bbox 850 1246 942 1300; x_wconf 92' lang='lat' dir='ltr'><strong>Dei</strong></span> <span class='ocrx_word' id='word_1_90' title='bbox 975 1245 1107 1311; x_wconf 89' lang='lat' dir='ltr'><strong>sola,</strong></span> <span class='ocrx_word' id='word_1_91' title='bbox 1131 1244 1365 1298; x_wconf 84' lang='lat' dir='ltr'><strong>Verbum</strong></span> <span class='ocrx_word' id='word_1_92' title='bbox 1391 1253 1446 1296; x_wconf 87' lang='lat' dir='ltr'><strong>et</strong></span> <span class='ocrx_word' id='word_1_93' title='bbox 1474 1244 1710 1312; x_wconf 88' lang='lat' dir='ltr'><strong>Spiritus</strong></span> <span class='ocrx_word' id='word_1_94' title='bbox 1744 1252 2039 1314; x_wconf 64' lang='lat' dir='ltr'><strong>spectant.»</strong></span> 
     </span>
    </p>
   </div>
   <div class='ocr_carea' id='block_1_15' title="bbox 482 1334 2041 1404">
    <p class='ocr_par' dir='ltr' id='par_1_15' title="bbox 482 1334 2041 1404">
     <span class='ocr_line' id='line_1_15' title="bbox 482 1334 2041 1404; baseline -0.004 -10"><span class='ocrx_word' id='word_1_95' title='bbox 482 1339 605 1394; x_wconf 63' lang='lat' dir='ltr'><strong>Haec</strong></span> <span class='ocrx_word' id='word_1_96' title='bbox 634 1338 686 1392; x_wconf 88' lang='lat' dir='ltr'><strong>in</strong></span> <span class='ocrx_word' id='word_1_97' title='bbox 721 1336 1068 1404; x_wconf 84' lang='lat' dir='ltr'><strong>sequentibus</strong></span> <span class='ocrx_word' id='word_1_98' title='bbox 1121 1334 1443 1389; x_wconf 82' lang='lat' dir='ltr'><strong>conﬁrmare</strong></span> <span class='ocrx_word' id='word_1_99' title='bbox 1496 1335 1705 1398; x_wconf 90' lang='lat' dir='ltr'><strong>nititur,</strong></span> <span class='ocrx_word' id='word_1_100' title='bbox 1751 1334 2041 1403; x_wconf 82' lang='lat' dir='ltr'><strong>inquiens:</strong></span> 
     </span>
    </p>
   </div>
   <div class='ocr_carea' id='block_1_16' title="bbox 483 1423 2037 1495">
    <p class='ocr_par' dir='ltr' id='par_1_16' title="bbox 483 1423 2037 1495">
     <span class='ocr_line' id='line_1_16' title="bbox 483 1423 2037 1495; baseline -0.001 -15"><span class='ocrx_word' id='word_1_101' title='bbox 483 1447 502 1480; x_wconf 81' lang='grc' dir='ltr'><strong>ι</strong></span> <span class='ocrx_word' id='word_1_102' title='bbox 539 1428 595 1483; x_wconf 91' lang='lat' dir='ltr'><strong>Si</strong></span> <span class='ocrx_word' id='word_1_103' title='bbox 629 1427 829 1481; x_wconf 83' lang='lat' dir='ltr'><strong>idcirco</strong></span> <span class='ocrx_word' id='word_1_104' title='bbox 858 1426 1103 1479; x_wconf 81' lang='lat' dir='ltr'><strong>videatur</strong></span> <span class='ocrx_word' id='word_1_105' title='bbox 1129 1425 1360 1479; x_wconf 76' lang='lat' dir='ltr'><strong>Verbum</strong></span> <span class='ocrx_word' id='word_1_106' title='bbox 1396 1425 1462 1479; x_wconf 91' lang='lat' dir='ltr'><strong>de</strong></span> <span class='ocrx_word' id='word_1_107' title='bbox 1499 1423 1661 1480; x_wconf 82' lang='lat' dir='ltr'><strong>Patre</strong></span> <span class='ocrx_word' id='word_1_108' title='bbox 1690 1426 2037 1495; x_wconf 82' lang='lat' dir='ltr'><strong>processisse,</strong></span> 
     </span>
    </p>
   </div>
   <div class='ocr_carea' id='block_1_17' title="bbox 2228 516 2797 585">
    <p class='ocr_par' dir='ltr' id='par_1_17' title="bbox 2228 516 2797 585">
     <span class='ocr_line' id='line_1_17' title="bbox 2228 516 2797 585; baseline 0.005 -18"><span class='ocrx_word' id='word_1_109' title='bbox 2228 516 2400 583; x_wconf 80' lang='grc' dir='ltr'><strong>ἁγίου</strong></span> <span class='ocrx_word' id='word_1_110' title='bbox 2432 518 2797 585; x_wconf 78' lang='grc' dir='ltr'>Πνεύματος.</span> 
     </span>
    </p>
   </div>
   <div class='ocr_carea' id='block_1_18' title="bbox 2236 603 3735 685">
    <p class='ocr_par' dir='ltr' id='par_1_18' title="bbox 2236 603 3735 685">
     <span class='ocr_line' id='line_1_18' title="bbox 2236 603 3735 685; baseline 0.01 -28"><span class='ocrx_word' id='word_1_111' title='bbox 2236 605 2325 668; x_wconf 82' lang='grc' dir='ltr'>Ὠς</span> <span class='ocrx_word' id='word_1_112' title='bbox 2342 603 2406 660; x_wconf 79' lang='grc' dir='ltr'><strong>αὖ</strong></span> <span class='ocrx_word' id='word_1_113' title='bbox 2424 606 2584 661; x_wconf 87' lang='grc' dir='ltr'>πάλιν</span> <span class='ocrx_word' id='word_1_114' title='bbox 2604 609 2811 680; x_wconf 65' lang='grc' dir='ltr'><strong>καὶβϐ)</strong></span> <span class='ocrx_word' id='word_1_115' title='bbox 2827 609 2887 663; x_wconf 85' lang='grc' dir='ltr'>τὸ</span> <span class='ocrx_word' id='word_1_116' title='bbox 2904 610 3179 678; x_wconf 77' lang='grc' dir='ltr'>λέγειν,τὰ</span> <span class='ocrx_word' id='word_1_117' title='bbox 3192 613 3317 685; x_wconf 78' lang='grc' dir='ltr'>τρία</span> <span class='ocrx_word' id='word_1_118' title='bbox 3335 610 3496 679; x_wconf 81' lang='grc' dir='ltr'>εἶναι,</span> <span class='ocrx_word' id='word_1_119' title='bbox 3516 616 3605 670; x_wconf 80' lang='grc' dir='ltr'>τὸν</span> <span class='ocrx_word' id='word_1_120' title='bbox 3626 618 3735 672; x_wconf 88' lang='grc' dir='ltr'>Πα-</span> 
     </span>
    </p>
   </div>
   <div class='ocr_carea' id='block_1_19' title="bbox 2152 695 3730 776">
    <p class='ocr_par' dir='ltr' id='par_1_19' title="bbox 2152 695 3730 776">
     <span class='ocr_line' id='line_1_19' title="bbox 2152 695 3730 776; baseline 0.009 -28"><span class='ocrx_word' id='word_1_121' title='bbox 2152 695 2288 767; x_wconf 75' lang='grc' dir='ltr'>τέρα</span> <span class='ocrx_word' id='word_1_122' title='bbox 2317 699 2410 751; x_wconf 75' lang='grc' dir='ltr'>καὶ</span> <span class='ocrx_word' id='word_1_123' title='bbox 2434 699 2525 752; x_wconf 72' lang='grc' dir='ltr'>τὸν</span> <span class='ocrx_word' id='word_1_124' title='bbox 2560 700 2687 753; x_wconf 83' lang='grc' dir='ltr'>Υἱὺν</span> <span class='ocrx_word' id='word_1_125' title='bbox 2723 702 2817 754; x_wconf 79' lang='grc' dir='ltr'>καὶ</span> <span class='ocrx_word' id='word_1_126' title='bbox 2858 702 2919 754; x_wconf 85' lang='grc' dir='ltr'>τὸ</span> <span class='ocrx_word' id='word_1_127' title='bbox 2963 704 3114 771; x_wconf 75' lang='grc' dir='ltr'>ἅγιον</span> <span class='ocrx_word' id='word_1_128' title='bbox 3152 704 3375 776; x_wconf 81' lang='grc' dir='ltr'><strong>Πνεῦμα</strong></span> <span class='ocrx_word' id='word_1_129' title='bbox 3400 724 3414 737; x_wconf 90' lang='grc'><strong>·</strong></span> <span class='ocrx_word' id='word_1_130' title='bbox 3438 707 3730 762; x_wconf 69' lang='grc' dir='ltr'>Σαϐελλιωδ</span> 
     </span>
    </p>
   </div>
   <div class='ocr_carea' id='block_1_20' title="bbox 2152 787 3730 871">
    <p class='ocr_par' dir='ltr' id='par_1_20' title="bbox 2152 787 3730 871">
     <span class='ocr_line' id='line_1_20' title="bbox 2152 787 3730 871; baseline 0.01 -32"><span class='ocrx_word' id='word_1_131' title='bbox 2152 787 2260 858; x_wconf 75' lang='grc' dir='ltr'><strong>γὰρ</strong></span> <span class='ocrx_word' id='word_1_132' title='bbox 2302 790 2395 842; x_wconf 79' lang='grc' dir='ltr'>καὶ</span> <span class='ocrx_word' id='word_1_133' title='bbox 2438 789 2611 845; x_wconf 86' lang='grc' dir='ltr'>τοῦτο.</span> <span class='ocrx_word' id='word_1_134' title='bbox 2654 794 2719 845; x_wconf 87' lang='grc' dir='ltr'><em>Ὃ</em></span> <span class='ocrx_word' id='word_1_135' title='bbox 2756 792 2813 846; x_wconf 83' lang='grc' dir='ltr'>δὲ</span> <span class='ocrx_word' id='word_1_136' title='bbox 2851 794 2945 848; x_wconf 64' lang='grc' dir='ltr'>καὶ</span> <span class='ocrx_word' id='word_1_137' title='bbox 2989 795 3121 847; x_wconf 75' lang='grc' dir='ltr'>αὐτὸ</span> <span class='ocrx_word' id='word_1_138' title='bbox 3154 796 3469 867; x_wconf 86' lang='grc' dir='ltr'>Μάρκελλος</span> <span class='ocrx_word' id='word_1_139' title='bbox 3511 793 3615 853; x_wconf 83' lang='grc' dir='ltr'><strong>ὧδὲ</strong></span> <span class='ocrx_word' id='word_1_140' title='bbox 3650 817 3730 871; x_wconf 72' lang='grc' dir='ltr'>πη</span> 
     </span>
    </p>
   </div>
   <div class='ocr_carea' id='block_1_21' title="bbox 2151 879 3730 959">
    <p class='ocr_par' dir='ltr' id='par_1_21' title="bbox 2151 879 3730 959">
     <span class='ocr_line' id='line_1_21' title="bbox 2151 879 3730 959; baseline 0.011 -29"><span class='ocrx_word' id='word_1_141' title='bbox 2151 879 2478 948; x_wconf 80' lang='grc' dir='ltr'><strong>ἀπεφαίνετο</strong></span> <span class='ocrx_word' id='word_1_142' title='bbox 2517 883 2771 955; x_wconf 81' lang='grc' dir='ltr'>γράφων·</span> <span class='ocrx_word' id='word_1_143' title='bbox 2819 902 2839 935; x_wconf 82' lang='grc' dir='ltr'><strong>ι</strong></span> <span class='ocrx_word' id='word_1_144' title='bbox 2865 885 3149 939; x_wconf 85' lang='grc' dir='ltr'>’Λδύνατον</span> <span class='ocrx_word' id='word_1_145' title='bbox 3177 888 3285 959; x_wconf 76' lang='grc' dir='ltr'><strong>γὰρ</strong></span> <span class='ocrx_word' id='word_1_146' title='bbox 3307 893 3455 959; x_wconf 86' lang='grc' dir='ltr'>τρεῖς</span> <span class='ocrx_word' id='word_1_147' title='bbox 3491 892 3730 946; x_wconf 83' lang='grc' dir='ltr'>ὑποστά-</span> 
     </span>
    </p>
   </div>
   <div class='ocr_carea' id='block_1_22' title="bbox 2155 970 3726 1053">
    <p class='ocr_par' dir='ltr' id='par_1_22' title="bbox 2155 970 3726 1053">
     <span class='ocr_line' id='line_1_22' title="bbox 2155 970 3726 1053; baseline 0.011 -35"><span class='ocrx_word' id='word_1_148' title='bbox 2155 986 2174 1018; x_wconf 85' lang='grc' dir='ltr'><strong>ι</strong></span> <span class='ocrx_word' id='word_1_149' title='bbox 2206 985 2318 1032; x_wconf 87' lang='grc' dir='ltr'>σεις</span> <span class='ocrx_word' id='word_1_150' title='bbox 2356 970 2539 1035; x_wconf 72' lang='grc' dir='ltr'>οὔσας,</span> <span class='ocrx_word' id='word_1_151' title='bbox 2583 973 2830 1027; x_wconf 85' lang='grc' dir='ltr'>ἐνοῦσθαι</span> <span class='ocrx_word' id='word_1_152' title='bbox 2884 976 3105 1046; x_wconf 85' lang='grc' dir='ltr'>μονάδι,</span> <span class='ocrx_word' id='word_1_153' title='bbox 3162 980 3211 1030; x_wconf 76' lang='grc' dir='ltr'>εἰ</span> <span class='ocrx_word' id='word_1_154' title='bbox 3266 978 3341 1049; x_wconf 85' lang='grc' dir='ltr'>μὴ</span> <span class='ocrx_word' id='word_1_155' title='bbox 3385 980 3649 1053; x_wconf 76' lang='grc' dir='ltr'>πρότερον</span> <span class='ocrx_word' id='word_1_156' title='bbox 3692 986 3726 1053; x_wconf 77' lang='grc' dir='ltr'><strong>ἡ</strong></span> 
     </span>
    </p>
   </div>
   <div class='ocr_carea' id='block_1_23' title="bbox 2153 1059 3726 1146">
    <p class='ocr_par' dir='ltr' id='par_1_23' title="bbox 2153 1059 3726 1146">
     <span class='ocr_line' id='line_1_23' title="bbox 2153 1059 3726 1146; baseline 0.013 -36"><span class='ocrx_word' id='word_1_157' title='bbox 2153 1076 2172 1110; x_wconf 82' lang='grc' dir='ltr'><strong>ι</strong></span> <span class='ocrx_word' id='word_1_158' title='bbox 2204 1059 2371 1131; x_wconf 78' lang='grc' dir='ltr'>Τριὰς</span> <span class='ocrx_word' id='word_1_159' title='bbox 2400 1061 2497 1133; x_wconf 83' lang='grc' dir='ltr'>τὴν</span> <span class='ocrx_word' id='word_1_160' title='bbox 2526 1064 2699 1135; x_wconf 82' lang='grc' dir='ltr'>ἀρχὴν</span> <span class='ocrx_word' id='word_1_161' title='bbox 2718 1065 2824 1119; x_wconf 85' lang='grc' dir='ltr'>ἀπὺ</span> <span class='ocrx_word' id='word_1_162' title='bbox 2844 1068 3065 1137; x_wconf 84' lang='grc' dir='ltr'><strong>μονάδος</strong></span> <span class='ocrx_word' id='word_1_163' title='bbox 3103 1070 3215 1141; x_wconf 78' lang='grc' dir='ltr'>εχοι</span> <span class='ocrx_word' id='word_1_164' title='bbox 3233 1088 3247 1102; x_wconf 89' lang='grc'><strong>·</strong></span> <span class='ocrx_word' id='word_1_165' title='bbox 3273 1074 3456 1127; x_wconf 85' lang='grc' dir='ltr'>ἐκεῖνα</span> <span class='ocrx_word' id='word_1_166' title='bbox 3479 1074 3589 1146; x_wconf 82' lang='grc' dir='ltr'><strong>γὰρ</strong></span> <span class='ocrx_word' id='word_1_167' title='bbox 3611 1076 3726 1146; x_wconf 73' lang='lat'><strong>(37)</strong></span> 
     </span>
    </p>
   </div>
   <div class='ocr_carea' id='block_1_24' title="bbox 2103 1147 3726 1234">
    <p class='ocr_par' dir='ltr' id='par_1_24' title="bbox 2103 1147 3726 1234">
     <span class='ocr_line' id='line_1_24' title="bbox 2103 1147 3726 1234; baseline 0.014 -34"><span class='ocrx_word' id='word_1_168' title='bbox 2103 1147 2117 1160; x_wconf 81' lang='lat'>&#39;</span> <span class='ocrx_word' id='word_1_169' title='bbox 2153 1168 2172 1200; x_wconf 83' lang='grc' dir='ltr'><strong>ι</strong></span> <span class='ocrx_word' id='word_1_170' title='bbox 2200 1149 2729 1220; x_wconf 79' lang='grc' dir='ltr'>ἀνακεφαλαιοῦσθαι</span> <span class='ocrx_word' id='word_1_171' title='bbox 2766 1154 2933 1227; x_wconf 75' lang='grc' dir='ltr'>ἔφησε</span> <span class='ocrx_word' id='word_1_172' title='bbox 2976 1159 3162 1229; x_wconf 82' lang='grc' dir='ltr'><strong>μονάδι</strong></span> <span class='ocrx_word' id='word_1_173' title='bbox 3192 1163 3220 1215; x_wconf 83' lang='grc' dir='ltr'><em>ὁ</em></span> <span class='ocrx_word' id='word_1_174' title='bbox 3250 1162 3392 1234; x_wconf 70' lang='grc' dir='ltr'>ἱερὸς</span> <span class='ocrx_word' id='word_1_175' title='bbox 3416 1164 3651 1231; x_wconf 83' lang='grc' dir='ltr'><strong>Παῦλος,</strong></span> <span class='ocrx_word' id='word_1_176' title='bbox 3687 1168 3726 1222; x_wconf 79' lang='grc' dir='ltr'>ἃ</span> 
     </span>
    </p>
   </div>
   <div class='ocr_carea' id='block_1_25' title="bbox 2150 1243 3727 1330">
    <p class='ocr_par' dir='ltr' id='par_1_25' title="bbox 2150 1243 3727 1330">
     <span class='ocr_line' id='line_1_25' title="bbox 2150 1243 3727 1330; baseline 0.011 -36"><span class='ocrx_word' id='word_1_177' title='bbox 2150 1260 2170 1293; x_wconf 82' lang='grc' dir='ltr'><strong>ι</strong></span> <span class='ocrx_word' id='word_1_178' title='bbox 2204 1243 2368 1314; x_wconf 82' lang='grc' dir='ltr'>μηδὲν</span> <span class='ocrx_word' id='word_1_179' title='bbox 2411 1248 2477 1316; x_wconf 79' lang='grc' dir='ltr'>τῇ</span> <span class='ocrx_word' id='word_1_180' title='bbox 2518 1247 2729 1316; x_wconf 82' lang='grc' dir='ltr'>ἐνότητι</span> <span class='ocrx_word' id='word_1_181' title='bbox 2768 1248 2846 1316; x_wconf 83' lang='grc' dir='ltr'>τῷ</span> <span class='ocrx_word' id='word_1_182' title='bbox 2875 1248 2993 1321; x_wconf 88' lang='grc' dir='ltr'><strong>Θεῷ</strong></span> <span class='ocrx_word' id='word_1_183' title='bbox 3034 1250 3301 1323; x_wconf 75' lang='grc' dir='ltr'><strong>διαφέρει.</strong></span> <span class='ocrx_word' id='word_1_184' title='bbox 3336 1254 3579 1324; x_wconf 83' lang='grc' dir='ltr'>Ἐνὸτητι</span> <span class='ocrx_word' id='word_1_185' title='bbox 3612 1257 3727 1330; x_wconf 82' lang='grc' dir='ltr'><strong>γὰρ</strong></span> 
     </span>
    </p>
   </div>
   <div class='ocr_carea' id='block_1_26' title="bbox 2149 1334 3717 1415">
    <p class='ocr_par' dir='ltr' id='par_1_26' title="bbox 2149 1334 3717 1415">
     <span class='ocr_line' id='line_1_26' title="bbox 2149 1334 3717 1415; baseline 0.01 -30"><span class='ocrx_word' id='word_1_186' title='bbox 2149 1351 2168 1384; x_wconf 86' lang='grc' dir='ltr'><strong>ι</strong></span> <span class='ocrx_word' id='word_1_187' title='bbox 2199 1334 2434 1402; x_wconf 79' lang='grc' dir='ltr'>ὁΛόγος,</span> <span class='ocrx_word' id='word_1_188' title='bbox 2474 1336 2568 1388; x_wconf 72' lang='grc' dir='ltr'>καὶ</span> <span class='ocrx_word' id='word_1_189' title='bbox 2604 1337 2666 1389; x_wconf 88' lang='grc' dir='ltr'>τὸ</span> <span class='ocrx_word' id='word_1_190' title='bbox 2692 1336 2933 1410; x_wconf 80' lang='grc' dir='ltr'><strong>Πνεῦμα,</strong></span> <span class='ocrx_word' id='word_1_191' title='bbox 2971 1338 3050 1409; x_wconf 81' lang='grc' dir='ltr'>τῷ</span> <span class='ocrx_word' id='word_1_192' title='bbox 3086 1340 3205 1411; x_wconf 76' lang='grc' dir='ltr'>θεῷ</span> <span class='ocrx_word' id='word_1_193' title='bbox 3235 1341 3480 1415; x_wconf 80' lang='grc' dir='ltr'><strong>διαφέρει</strong></span> <span class='ocrx_word' id='word_1_194' title='bbox 3525 1344 3717 1415; x_wconf 75' lang='grc' dir='ltr'>μόνα.»</span> 
     </span>
    </p>
   </div>
   <div class='ocr_carea' id='block_1_27' title="bbox 2140 1421 3725 1504">
    <p class='ocr_par' dir='ltr' id='par_1_27' title="bbox 2140 1421 3725 1504">
     <span class='ocr_line' id='line_1_27' title="bbox 2140 1421 3725 1504; baseline 0.008 -26"><span class='ocrx_word' id='word_1_195' title='bbox 2140 1421 2271 1479; x_wconf 80' lang='grc' dir='ltr'>Εἶτα</span> <span class='ocrx_word' id='word_1_196' title='bbox 2288 1429 2539 1498; x_wconf 74' lang='grc' dir='ltr'>πειρᾶται</span> <span class='ocrx_word' id='word_1_197' title='bbox 2556 1428 2711 1482; x_wconf 88' lang='grc' dir='ltr'>τοῦτο</span> <span class='ocrx_word' id='word_1_198' title='bbox 2725 1430 3147 1494; x_wconf 75' lang='grc' dir='ltr'><strong>κατασκευάζειν</strong></span> <span class='ocrx_word' id='word_1_199' title='bbox 3161 1431 3290 1502; x_wconf 79' lang='grc' dir='ltr'><strong>ἑξῆς</strong></span> <span class='ocrx_word' id='word_1_200' title='bbox 3308 1432 3509 1504; x_wconf 87' lang='grc' dir='ltr'>προῖὼν</span> <span class='ocrx_word' id='word_1_201' title='bbox 3527 1437 3620 1489; x_wconf 79' lang='grc' dir='ltr'><strong>καὶ</strong></span> <span class='ocrx_word' id='word_1_202' title='bbox 3634 1436 3725 1490; x_wconf 76' lang='grc' dir='ltr'>λέ-</span> 
     </span>
    </p>
   </div>
   <div class='ocr_carea' id='block_1_28' title="bbox 476 1514 2030 1589">
    <p class='ocr_par' dir='ltr' id='par_1_28' title="bbox 476 1514 2030 1585">
     <span class='ocr_line' id='line_1_28' title="bbox 476 1514 2030 1585; baseline 0 -15"><span class='ocrx_word' id='word_1_203' title='bbox 476 1537 499 1570; x_wconf 71' lang='grc' dir='ltr'><strong>ι</strong></span> <span class='ocrx_word' id='word_1_204' title='bbox 541 1529 594 1573; x_wconf 85' lang='lat' dir='ltr'><strong>et</strong></span> <span class='ocrx_word' id='word_1_205' title='bbox 622 1518 687 1569; x_wconf 89' lang='lat' dir='ltr'><strong>ad</strong></span> <span class='ocrx_word' id='word_1_206' title='bbox 715 1531 813 1571; x_wconf 88' lang='lat' dir='ltr'><strong>nos</strong></span> <span class='ocrx_word' id='word_1_207' title='bbox 839 1516 1149 1580; x_wconf 84' lang='lat' dir='ltr'><strong>advenisse;</strong></span> <span class='ocrx_word' id='word_1_208' title='bbox 1175 1514 1409 1584; x_wconf 85' lang='lat' dir='ltr'><strong>Spiritus</strong></span> <span class='ocrx_word' id='word_1_209' title='bbox 1435 1523 1613 1569; x_wconf 89' lang='lat' dir='ltr'><strong>autem</strong></span> <span class='ocrx_word' id='word_1_210' title='bbox 1640 1527 1876 1578; x_wconf 87' lang='lat' dir='ltr'><strong>sanctus,</strong></span> <span class='ocrx_word' id='word_1_211' title='bbox 1897 1517 2030 1585; x_wconf 87' lang='lat' dir='ltr'><strong>quod</strong></span> 
     </span>
    </p>
   </div>
   <div class='ocr_carea' id='block_1_29' title="bbox 2135 1514 3724 1589">
    <p class='ocr_par' dir='ltr' id='par_1_29' title="bbox 2139 1517 3724 1589">
     <span class='ocr_line' id='line_1_29' title="bbox 2139 1517 3724 1589; baseline 0.006 -19"><span class='ocrx_word' id='word_1_212' title='bbox 2139 1532 2270 1586; x_wconf 90' lang='grc' dir='ltr'>γων·</span> <span class='ocrx_word' id='word_1_213' title='bbox 2316 1534 2336 1568; x_wconf 82' lang='grc' dir='ltr'><strong>ι</strong></span> <span class='ocrx_word' id='word_1_214' title='bbox 2362 1519 2425 1570; x_wconf 80' lang='lat' dir='ltr'><strong>Ei</strong></span> <span class='ocrx_word' id='word_1_215' title='bbox 2461 1517 2640 1572; x_wconf 85' lang='grc' dir='ltr'><strong>τοίνυν</strong></span> <span class='ocrx_word' id='word_1_216' title='bbox 2662 1521 2692 1573; x_wconf 74' lang='grc' dir='ltr'><strong>ὁ</strong></span> <span class='ocrx_word' id='word_1_217' title='bbox 2733 1519 2906 1588; x_wconf 81' lang='grc' dir='ltr'><strong>Λόγος</strong></span> <span class='ocrx_word' id='word_1_218' title='bbox 2926 1520 3165 1589; x_wconf 75' lang='grc' dir='ltr'>φαίνοιτο</span> <span class='ocrx_word' id='word_1_219' title='bbox 3187 1523 3246 1587; x_wconf 81' lang='grc' dir='ltr'>ἐξ</span> <span class='ocrx_word' id='word_1_220' title='bbox 3275 1524 3439 1577; x_wconf 80' lang='grc' dir='ltr'>αὑτοῦ</span> <span class='ocrx_word' id='word_1_221' title='bbox 3479 1524 3573 1578; x_wconf 91' lang='grc' dir='ltr'><strong>τοῦ</strong></span> <span class='ocrx_word' id='word_1_222' title='bbox 3604 1527 3724 1579; x_wconf 86' lang='grc' dir='ltr'>Πα-</span> 
     </span>
    </p>
   </div>
   <div class='ocr_carea' id='block_1_30' title="bbox 480 1603 2038 1673">
    <p class='ocr_par' dir='ltr' id='par_1_30' title="bbox 480 1603 2038 1673">
     <span class='ocr_line' id='line_1_30' title="bbox 480 1603 2038 1673; baseline 0.001 -14"><span class='ocrx_word' id='word_1_223' title='bbox 480 1628 499 1659; x_wconf 79' lang='grc' dir='ltr'><strong>ι</strong></span> <span class='ocrx_word' id='word_1_224' title='bbox 531 1619 585 1662; x_wconf 87' lang='lat' dir='ltr'><strong>et</strong></span> <span class='ocrx_word' id='word_1_225' title='bbox 613 1608 789 1663; x_wconf 82' lang='lat' dir='ltr'><strong>fassus</strong></span> <span class='ocrx_word' id='word_1_226' title='bbox 822 1616 906 1660; x_wconf 88' lang='lat' dir='ltr'><strong>est</strong></span> <span class='ocrx_word' id='word_1_227' title='bbox 933 1606 1196 1670; x_wconf 80' lang='lat' dir='ltr'><strong>Asterius,</strong></span> <span class='ocrx_word' id='word_1_228' title='bbox 1247 1619 1278 1658; x_wconf 88' lang='lat' dir='ltr'><strong>a</strong></span> <span class='ocrx_word' id='word_1_229' title='bbox 1319 1603 1477 1659; x_wconf 85' lang='lat' dir='ltr'><strong>Patre</strong></span> <span class='ocrx_word' id='word_1_230' title='bbox 1504 1604 1798 1673; x_wconf 81' lang='lat' dir='ltr'><strong>egreditur.</strong></span> <span class='ocrx_word' id='word_1_231' title='bbox 1828 1603 2038 1661; x_wconf 80' lang='lat' dir='ltr'><strong>Rursus</strong></span> 
     </span>
    </p>
   </div>
   <div class='ocr_carea' id='block_1_31' title="bbox 477 1696 2038 1768">
    <p class='ocr_par' dir='ltr' id='par_1_31' title="bbox 477 1696 2038 1768">
     <span class='ocr_line' id='line_1_31' title="bbox 477 1696 2038 1768; baseline -0.003 -14"><span class='ocrx_word' id='word_1_232' title='bbox 477 1722 498 1754; x_wconf 84' lang='grc'><strong><em>‹</em></strong></span> <span class='ocrx_word' id='word_1_233' title='bbox 532 1713 709 1759; x_wconf 86' lang='lat' dir='ltr'><strong>autem</strong></span> <span class='ocrx_word' id='word_1_234' title='bbox 746 1701 812 1756; x_wconf 87' lang='lat' dir='ltr'><strong>de</strong></span> <span class='ocrx_word' id='word_1_235' title='bbox 835 1699 1037 1768; x_wconf 84' lang='lat' dir='ltr'><strong>Spiritu</strong></span> <span class='ocrx_word' id='word_1_236' title='bbox 1071 1697 1332 1753; x_wconf 85' lang='lat' dir='ltr'><strong>Servator</strong></span> <span class='ocrx_word' id='word_1_237' title='bbox 1358 1698 1453 1761; x_wconf 87' lang='lat' dir='ltr'><strong>ait,</strong></span> <span class='ocrx_word' id='word_1_238' title='bbox 1489 1696 1643 1762; x_wconf 83' lang='lat' dir='ltr'><strong>Quod</strong></span> <span class='ocrx_word' id='word_1_239' title='bbox 1672 1713 1774 1751; x_wconf 84' lang='lat' dir='ltr'><strong>non</strong></span> <span class='ocrx_word' id='word_1_240' title='bbox 1797 1696 2038 1767; x_wconf 73' lang='lat' dir='ltr'><strong>loquetur</strong></span> 
     </span>
    </p>
   </div>
   <div class='ocr_carea' id='block_1_32' title="bbox 2143 1608 3724 1689">
    <p class='ocr_par' dir='ltr' id='par_1_32' title="bbox 2143 1608 3724 1689">
     <span class='ocr_line' id='line_1_32' title="bbox 2143 1608 3724 1689; baseline 0.006 -28"><span class='ocrx_word' id='word_1_241' title='bbox 2143 1628 2162 1661; x_wconf 83' lang='grc' dir='ltr'><strong>ι</strong></span> <span class='ocrx_word' id='word_1_242' title='bbox 2188 1609 2315 1679; x_wconf 84' lang='grc' dir='ltr'>τρὸς</span> <span class='ocrx_word' id='word_1_243' title='bbox 2336 1608 2565 1674; x_wconf 78' lang='grc' dir='ltr'>ἐξελθὼν</span> <span class='ocrx_word' id='word_1_244' title='bbox 2585 1613 2679 1665; x_wconf 76' lang='grc' dir='ltr'>καὶ</span> <span class='ocrx_word' id='word_1_245' title='bbox 2698 1612 2833 1684; x_wconf 76' lang='grc' dir='ltr'>πρὸς</span> <span class='ocrx_word' id='word_1_246' title='bbox 2861 1615 3007 1685; x_wconf 78' lang='grc' dir='ltr'>ἡμᾶς</span> <span class='ocrx_word' id='word_1_247' title='bbox 3030 1613 3321 1685; x_wconf 82' lang='grc' dir='ltr'>ἐληλυθὼς,</span> <span class='ocrx_word' id='word_1_248' title='bbox 3336 1616 3398 1669; x_wconf 83' lang='grc' dir='ltr'>τὸ</span> <span class='ocrx_word' id='word_1_249' title='bbox 3414 1616 3471 1670; x_wconf 81' lang='grc' dir='ltr'>δὲ</span> <span class='ocrx_word' id='word_1_250' title='bbox 3492 1617 3724 1689; x_wconf 79' lang='grc' dir='ltr'>Πνεῦμα</span> 
     </span>
    </p>
   </div>
   <div class='ocr_carea' id='block_1_33' title="bbox 2142 1701 3719 1780">
    <p class='ocr_par' dir='ltr' id='par_1_33' title="bbox 2142 1701 3719 1780">
     <span class='ocr_line' id='line_1_33' title="bbox 2142 1701 3719 1780; baseline 0.006 -27"><span class='ocrx_word' id='word_1_251' title='bbox 2142 1718 2163 1752; x_wconf 84' lang='grc' dir='ltr'><strong>ι</strong></span> <span class='ocrx_word' id='word_1_252' title='bbox 2193 1701 2256 1754; x_wconf 80' lang='grc' dir='ltr'>τὸ</span> <span class='ocrx_word' id='word_1_253' title='bbox 2296 1702 2471 1769; x_wconf 82' lang='grc' dir='ltr'>ἆγιον,</span> <span class='ocrx_word' id='word_1_254' title='bbox 2511 1702 2587 1765; x_wconf 84' lang='grc' dir='ltr'>ὡς</span> <span class='ocrx_word' id='word_1_255' title='bbox 2618 1703 2716 1756; x_wconf 77' lang='grc' dir='ltr'>καὶ</span> <span class='ocrx_word' id='word_1_256' title='bbox 2742 1704 3018 1776; x_wconf 81' lang='grc' dir='ltr'>’Δστέριος</span> <span class='ocrx_word' id='word_1_257' title='bbox 3054 1705 3395 1779; x_wconf 83' lang='grc' dir='ltr'>ὡμολόγησε,</span> <span class='ocrx_word' id='word_1_258' title='bbox 3429 1709 3581 1780; x_wconf 85' lang='grc' dir='ltr'>παρὰ</span> <span class='ocrx_word' id='word_1_259' title='bbox 3618 1709 3719 1763; x_wconf 87' lang='grc' dir='ltr'><strong>τοῦ</strong></span> 
     </span>
    </p>
   </div>
   <div class='ocr_carea' id='block_1_34' title="bbox 477 1784 2030 1870">
    <p class='ocr_par' dir='ltr' id='par_1_34' title="bbox 477 1784 2030 1859">
     <span class='ocr_line' id='line_1_34' title="bbox 477 1784 2030 1859; baseline -0.006 -16"><span class='ocrx_word' id='word_1_260' title='bbox 477 1811 496 1843; x_wconf 79' lang='grc' dir='ltr'><strong>ι</strong></span> <span class='ocrx_word' id='word_1_261' title='bbox 534 1794 597 1845; x_wconf 80' lang='lat' dir='ltr'><strong>de</strong></span> <span class='ocrx_word' id='word_1_262' title='bbox 643 1792 834 1859; x_wconf 77' lang='lat' dir='ltr'><strong>seipse,</strong></span> <span class='ocrx_word' id='word_1_263' title='bbox 868 1788 957 1842; x_wconf 82' lang='lat' dir='ltr'><strong>sed</strong></span> <span class='ocrx_word' id='word_1_264' title='bbox 1004 1800 1325 1856; x_wconf 62' lang='lat' dir='ltr'><strong>quiscunque</strong></span> <span class='ocrx_word' id='word_1_265' title='bbox 1358 1784 1538 1837; x_wconf 79' lang='lat' dir='ltr'><strong>audiet</strong></span> <span class='ocrx_word' id='word_1_266' title='bbox 1588 1784 1830 1852; x_wconf 76' lang='lat' dir='ltr'><strong>loquetur</strong></span> <span class='ocrx_word' id='word_1_267' title='bbox 1878 1799 1961 1847; x_wconf 87' lang='lat' dir='ltr'><strong>ea,</strong></span> <span class='ocrx_word' id='word_1_268' title='bbox 1988 1792 2030 1834; x_wconf 77' lang='lat' dir='ltr'><strong>et</strong></span> 
     </span>
    </p>
   </div>
   <div class='ocr_carea' id='block_1_35' title="bbox 2135 1784 3719 1870">
    <p class='ocr_par' dir='ltr' id='par_1_35' title="bbox 2143 1790 3719 1869">
     <span class='ocr_line' id='line_1_35' title="bbox 2143 1790 3719 1869; baseline 0.008 -29"><span class='ocrx_word' id='word_1_269' title='bbox 2143 1808 2163 1840; x_wconf 79' lang='grc' dir='ltr'><strong>ι</strong></span> <span class='ocrx_word' id='word_1_270' title='bbox 2186 1792 2400 1863; x_wconf 74' lang='grc' dir='ltr'>Πατρδς</span> <span class='ocrx_word' id='word_1_271' title='bbox 2424 1793 2796 1864; x_wconf 82' lang='grc' dir='ltr'>ἐκπορεύεται·</span> <span class='ocrx_word' id='word_1_272' title='bbox 2816 1790 2969 1859; x_wconf 80' lang='grc' dir='ltr'>αὖθις</span> <span class='ocrx_word' id='word_1_273' title='bbox 2987 1813 3049 1848; x_wconf 86' lang='grc' dir='ltr'><strong>τε</strong></span> <span class='ocrx_word' id='word_1_274' title='bbox 3070 1797 3298 1868; x_wconf 83' lang='grc' dir='ltr'><strong>ὁΣωτήρ</strong></span> <span class='ocrx_word' id='word_1_275' title='bbox 3324 1815 3455 1868; x_wconf 82' lang='grc' dir='ltr'>φησι</span> <span class='ocrx_word' id='word_1_276' title='bbox 3478 1799 3607 1869; x_wconf 81' lang='grc' dir='ltr'>περὶ</span> <span class='ocrx_word' id='word_1_277' title='bbox 3620 1799 3719 1853; x_wconf 86' lang='grc' dir='ltr'><strong>τοῦ</strong></span> 
     </span>
    </p>
   </div>
   <div class='ocr_carea' id='block_1_36' title="bbox 477 1873 2037 1953">
    <p class='ocr_par' dir='ltr' id='par_1_36' title="bbox 477 1873 2037 1953">
     <span class='ocr_line' id='line_1_36' title="bbox 477 1873 2037 1953; baseline -0.005 -21"><span class='ocrx_word' id='word_1_278' title='bbox 477 1901 494 1932; x_wconf 86' lang='grc' dir='ltr'><strong>ι</strong></span> <span class='ocrx_word' id='word_1_279' title='bbox 525 1897 641 1953; x_wconf 70' lang='lat' dir='ltr'><strong>quae</strong></span> <span class='ocrx_word' id='word_1_280' title='bbox 669 1890 885 1934; x_wconf 72' lang='lat' dir='ltr'><strong>ventura</strong></span> <span class='ocrx_word' id='word_1_281' title='bbox 913 1887 1031 1931; x_wconf 82' lang='lat' dir='ltr'><strong>sunt</strong></span> <span class='ocrx_word' id='word_1_282' title='bbox 1070 1875 1405 1928; x_wconf 85' lang='lat' dir='ltr'><strong>annuntiabit</strong></span> <span class='ocrx_word' id='word_1_283' title='bbox 1436 1875 1599 1927; x_wconf 76' lang='lat' dir='ltr'><strong>vobis.</strong></span> <span class='ocrx_word' id='word_1_284' title='bbox 1633 1873 1735 1927; x_wconf 83' lang='lat' dir='ltr'><strong>Ille</strong></span> <span class='ocrx_word' id='word_1_285' title='bbox 1766 1890 1843 1926; x_wconf 88' lang='lat' dir='ltr'><strong>me</strong></span> <span class='ocrx_word' id='word_1_286' title='bbox 1872 1873 2037 1943; x_wconf 87' lang='lat' dir='ltr'><strong>glori-</strong></span> 
     </span>
    </p>
   </div>
   <div class='ocr_carea' id='block_1_37' title="bbox 475 1965 2033 2042">
    <p class='ocr_par' dir='ltr' id='par_1_37' title="bbox 475 1965 2033 2042">
     <span class='ocr_line' id='line_1_37' title="bbox 475 1965 2033 2042; baseline -0.004 -18"><span class='ocrx_word' id='word_1_287' title='bbox 475 1994 494 2024; x_wconf 77' lang='grc' dir='ltr'><strong>ι</strong></span> <span class='ocrx_word' id='word_1_288' title='bbox 535 1971 735 2042; x_wconf 83' lang='lat' dir='ltr'><strong>ﬁcabit,</strong></span> <span class='ocrx_word' id='word_1_289' title='bbox 767 1970 1017 2040; x_wconf 87' lang='lat' dir='ltr'><strong>quoniam</strong></span> <span class='ocrx_word' id='word_1_290' title='bbox 1059 1969 1123 2021; x_wconf 88' lang='lat' dir='ltr'><strong>de</strong></span> <span class='ocrx_word' id='word_1_291' title='bbox 1169 1982 1249 2020; x_wconf 86' lang='lat' dir='ltr'><strong>me</strong></span> <span class='ocrx_word' id='word_1_292' title='bbox 1290 1976 1479 2030; x_wconf 80' lang='lat' dir='ltr'><strong>sumet,</strong></span> <span class='ocrx_word' id='word_1_293' title='bbox 1510 1977 1559 2019; x_wconf 88' lang='lat' dir='ltr'><strong>et</strong></span> <span class='ocrx_word' id='word_1_294' title='bbox 1586 1965 2033 2019; x_wconf 84' lang='lat' dir='ltr'><strong>annuntiabitvo-</strong></span> 
     </span>
    </p>
   </div>
   <div class='ocr_carea' id='block_1_38' title="bbox 473 2056 2034 2127">
    <p class='ocr_par' dir='ltr' id='par_1_38' title="bbox 473 2056 2034 2127">
     <span class='ocr_line' id='line_1_38' title="bbox 473 2056 2034 2127; baseline -0.004 -12"><span class='ocrx_word' id='word_1_295' title='bbox 473 2083 494 2115; x_wconf 84' lang='grc'><em>‹</em></span> <span class='ocrx_word' id='word_1_296' title='bbox 527 2064 604 2117; x_wconf 78' lang='lat' dir='ltr'><strong>bis</strong></span> <span class='ocrx_word' id='word_1_297' title='bbox 635 2062 701 2115; x_wconf 78' lang='grc' dir='ltr'><strong>⁸ο.</strong></span> <span class='ocrx_word' id='word_1_298' title='bbox 736 2061 852 2115; x_wconf 81' lang='lat' dir='ltr'><strong>Non</strong></span> <span class='ocrx_word' id='word_1_299' title='bbox 885 2059 974 2115; x_wconf 84' lang='lat' dir='ltr'><strong>hic</strong></span> <span class='ocrx_word' id='word_1_300' title='bbox 997 2068 1144 2113; x_wconf 88' lang='lat' dir='ltr'><strong>certe</strong></span> <span class='ocrx_word' id='word_1_301' title='bbox 1180 2058 1397 2127; x_wconf 89' lang='lat' dir='ltr'><strong>quidem</strong></span> <span class='ocrx_word' id='word_1_302' title='bbox 1435 2065 1621 2126; x_wconf 88' lang='lat' dir='ltr'><strong>aperte</strong></span> <span class='ocrx_word' id='word_1_303' title='bbox 1665 2067 1718 2112; x_wconf 90' lang='lat' dir='ltr'><strong>et</strong></span> <span class='ocrx_word' id='word_1_304' title='bbox 1754 2056 2034 2126; x_wconf 81' lang='lat' dir='ltr'><strong>perspicue</strong></span> 
     </span>
    </p>
   </div>
   <div class='ocr_carea' id='block_1_39' title="bbox 473 2144 2030 2222">
    <p class='ocr_par' dir='ltr' id='par_1_39' title="bbox 473 2144 2030 2222">
     <span class='ocr_line' id='line_1_39' title="bbox 473 2144 2030 2222; baseline -0.005 -17"><span class='ocrx_word' id='word_1_305' title='bbox 473 2171 493 2205; x_wconf 81' lang='grc' dir='ltr'><strong>ι</strong></span> <span class='ocrx_word' id='word_1_306' title='bbox 526 2161 742 2222; x_wconf 82' lang='lat' dir='ltr'><strong>apparet</strong></span> <span class='ocrx_word' id='word_1_307' title='bbox 764 2164 951 2204; x_wconf 88' lang='lat' dir='ltr'><strong>monas</strong></span> <span class='ocrx_word' id='word_1_308' title='bbox 976 2146 1154 2201; x_wconf 79' lang='lat' dir='ltr'><strong>Verbo</strong></span> <span class='ocrx_word' id='word_1_309' title='bbox 1179 2144 1432 2200; x_wconf 77' lang='lat' dir='ltr'><strong>ineli‘abili</strong></span> <span class='ocrx_word' id='word_1_310' title='bbox 1448 2155 1668 2200; x_wconf 80' lang='lat' dir='ltr'><strong>extensa</strong></span> <span class='ocrx_word' id='word_1_311' title='bbox 1692 2146 1759 2198; x_wconf 88' lang='lat' dir='ltr'><strong>ad</strong></span> <span class='ocrx_word' id='word_1_312' title='bbox 1783 2144 2030 2210; x_wconf 87' lang='lat' dir='ltr'><strong>triadem,</strong></span> 
     </span>
    </p>
   </div>
   <div class='ocr_carea' id='block_1_40' title="bbox 474 2235 2033 2310">
    <p class='ocr_par' dir='ltr' id='par_1_40' title="bbox 474 2235 2033 2310">
     <span class='ocr_line' id='line_1_40' title="bbox 474 2235 2033 2310; baseline -0.002 -16"><span class='ocrx_word' id='word_1_313' title='bbox 474 2263 491 2294; x_wconf 83' lang='grc' dir='ltr'><strong>ι</strong></span> <span class='ocrx_word' id='word_1_314' title='bbox 541 2242 849 2310; x_wconf 86' lang='lat' dir='ltr'><strong>neutiquam</strong></span> <span class='ocrx_word' id='word_1_315' title='bbox 897 2254 1023 2294; x_wconf 86' lang='lat' dir='ltr'><strong>vero</strong></span> <span class='ocrx_word' id='word_1_316' title='bbox 1071 2238 1349 2293; x_wconf 83' lang='lat' dir='ltr'><strong>divisionis</strong></span> <span class='ocrx_word' id='word_1_317' title='bbox 1411 2237 1640 2305; x_wconf 88' lang='lat' dir='ltr'><strong>patiens.</strong></span> <span class='ocrx_word' id='word_1_318' title='bbox 1680 2235 1739 2290; x_wconf 90' lang='lat' dir='ltr'><strong>Si</strong></span> <span class='ocrx_word' id='word_1_319' title='bbox 1790 2237 1936 2289; x_wconf 88' lang='lat' dir='ltr'><strong>enim</strong></span> <span class='ocrx_word' id='word_1_320' title='bbox 1966 2237 2033 2291; x_wconf 87' lang='lat' dir='ltr'><strong>de</strong></span> 
     </span>
    </p>
   </div>
   <div class='ocr_carea' id='block_1_41' title="bbox 471 2326 2030 2398">
    <p class='ocr_par' dir='ltr' id='par_1_41' title="bbox 471 2326 2030 2398">
     <span class='ocr_line' id='line_1_41' title="bbox 471 2326 2030 2398; baseline -0.004 -14"><span class='ocrx_word' id='word_1_321' title='bbox 471 2353 488 2384; x_wconf 83' lang='grc' dir='ltr'><strong>ι</strong></span> <span class='ocrx_word' id='word_1_322' title='bbox 523 2332 681 2386; x_wconf 79' lang='lat' dir='ltr'><strong>Putre</strong></span> <span class='ocrx_word' id='word_1_323' title='bbox 722 2330 956 2385; x_wconf 83' lang='lat' dir='ltr'><strong>Verbum</strong></span> <span class='ocrx_word' id='word_1_324' title='bbox 1005 2326 1188 2398; x_wconf 80' lang='lat' dir='ltr'><strong>egredi</strong></span> <span class='ocrx_word' id='word_1_325' title='bbox 1228 2326 1280 2379; x_wconf 92' lang='lat' dir='ltr'><strong>in</strong></span> <span class='ocrx_word' id='word_1_326' title='bbox 1332 2326 1578 2381; x_wconf 84' lang='lat' dir='ltr'><strong>confesso</strong></span> <span class='ocrx_word' id='word_1_327' title='bbox 1602 2336 1876 2396; x_wconf 88' lang='lat' dir='ltr'><strong>ponatur:</strong></span> <span class='ocrx_word' id='word_1_328' title='bbox 1920 2336 2030 2379; x_wconf 90' lang='lat' dir='ltr'><strong>tum</strong></span> 
     </span>
    </p>
   </div>
   <div class='ocr_carea' id='block_1_42' title="bbox 469 2416 2032 2491">
    <p class='ocr_par' dir='ltr' id='par_1_42' title="bbox 469 2416 2032 2491">
     <span class='ocr_line' id='line_1_42' title="bbox 469 2416 2032 2491; baseline -0.001 -16"><span class='ocrx_word' id='word_1_329' title='bbox 469 2443 488 2475; x_wconf 83' lang='grc' dir='ltr'><strong>ι</strong></span> <span class='ocrx_word' id='word_1_330' title='bbox 524 2433 579 2477; x_wconf 83' lang='lat' dir='ltr'><strong>et</strong></span> <span class='ocrx_word' id='word_1_331' title='bbox 606 2422 840 2491; x_wconf 88' lang='lat' dir='ltr'><strong>Spiritus</strong></span> <span class='ocrx_word' id='word_1_332' title='bbox 891 2420 955 2473; x_wconf 92' lang='lat' dir='ltr'><strong>de</strong></span> <span class='ocrx_word' id='word_1_333' title='bbox 981 2420 1173 2474; x_wconf 91' lang='lat' dir='ltr'><strong>eodem</strong></span> <span class='ocrx_word' id='word_1_334' title='bbox 1219 2418 1380 2472; x_wconf 89' lang='lat' dir='ltr'><strong>Patre</strong></span> <span class='ocrx_word' id='word_1_335' title='bbox 1425 2418 1752 2486; x_wconf 85' lang='lat' dir='ltr'><strong>egrediatur.</strong></span> <span class='ocrx_word' id='word_1_336' title='bbox 1778 2416 1846 2471; x_wconf 86' lang='lat' dir='ltr'><strong>Et</strong></span> <span class='ocrx_word' id='word_1_337' title='bbox 1873 2417 1917 2472; x_wconf 88' lang='lat' dir='ltr'><strong>si</strong></span> <span class='ocrx_word' id='word_1_338' title='bbox 1963 2416 2032 2473; x_wconf 85' lang='lat' dir='ltr'><strong>de</strong></span> 
     </span>
    </p>
   </div>
   <div class='ocr_carea' id='block_1_43' title="bbox 467 2506 2030 2583">
    <p class='ocr_par' dir='ltr' id='par_1_43' title="bbox 467 2506 2030 2583">
     <span class='ocr_line' id='line_1_43' title="bbox 467 2506 2030 2583; baseline -0.003 -16"><span class='ocrx_word' id='word_1_339' title='bbox 467 2533 488 2567; x_wconf 78' lang='grc' dir='ltr'><strong>ι</strong></span> <span class='ocrx_word' id='word_1_340' title='bbox 525 2514 729 2583; x_wconf 88' lang='lat' dir='ltr'><strong>Spiritu</strong></span> <span class='ocrx_word' id='word_1_341' title='bbox 772 2512 1026 2582; x_wconf 85' lang='lat' dir='ltr'><strong>loquatur</strong></span> <span class='ocrx_word' id='word_1_342' title='bbox 1070 2509 1374 2565; x_wconf 86' lang='lat' dir='ltr'><strong>Servator:</strong></span> <span class='ocrx_word' id='word_1_343' title='bbox 1424 2506 1525 2562; x_wconf 81' lang='lat' dir='ltr'><strong>Ille</strong></span> <span class='ocrx_word' id='word_1_344' title='bbox 1562 2508 1627 2562; x_wconf 89' lang='lat' dir='ltr'><strong>de</strong></span> <span class='ocrx_word' id='word_1_345' title='bbox 1670 2525 1750 2562; x_wconf 87' lang='lat' dir='ltr'><strong>me</strong></span> <span class='ocrx_word' id='word_1_346' title='bbox 1778 2516 1944 2563; x_wconf 82' lang='lat' dir='ltr'><strong>sumet</strong></span> <span class='ocrx_word' id='word_1_347' title='bbox 1982 2518 2030 2563; x_wconf 83' lang='lat' dir='ltr'><strong>et</strong></span> 
     </span>
    </p>
   </div>
   <div class='ocr_carea' id='block_1_44' title="bbox 469 2600 2029 2669">
    <p class='ocr_par' dir='ltr' id='par_1_44' title="bbox 469 2600 2029 2669">
     <span class='ocr_line' id='line_1_44' title="bbox 469 2600 2029 2669; baseline -0.003 -10"><span class='ocrx_word' id='word_1_348' title='bbox 469 2627 487 2659; x_wconf 86' lang='grc' dir='ltr'><strong>ι</strong></span> <span class='ocrx_word' id='word_1_349' title='bbox 522 2605 853 2660; x_wconf 85' lang='lat' dir='ltr'><strong>annuntiabit</strong></span> <span class='ocrx_word' id='word_1_350' title='bbox 897 2603 1063 2667; x_wconf 76' lang='lat' dir='ltr'><strong>vobis,</strong></span> <span class='ocrx_word' id='word_1_351' title='bbox 1112 2613 1260 2657; x_wconf 86' lang='lat' dir='ltr'><strong>certe</strong></span> <span class='ocrx_word' id='word_1_352' title='bbox 1292 2617 1399 2655; x_wconf 92' lang='lat' dir='ltr'><strong>non</strong></span> <span class='ocrx_word' id='word_1_353' title='bbox 1447 2611 1532 2655; x_wconf 88' lang='lat' dir='ltr'><strong>est</strong></span> <span class='ocrx_word' id='word_1_354' title='bbox 1584 2600 1637 2654; x_wconf 93' lang='lat' dir='ltr'><strong>in</strong></span> <span class='ocrx_word' id='word_1_355' title='bbox 1670 2601 1893 2669; x_wconf 80' lang='lat' dir='ltr'><strong>proclivi</strong></span> <span class='ocrx_word' id='word_1_356' title='bbox 1954 2600 2029 2654; x_wconf 88' lang='lat' dir='ltr'><strong>ita</strong></span> 
     </span>
    </p>
   </div>
   <div class='ocr_carea' id='block_1_45' title="bbox 466 2692 2031 2770">
    <p class='ocr_par' dir='ltr' id='par_1_45' title="bbox 466 2692 2031 2770">
     <span class='ocr_line' id='line_1_45' title="bbox 466 2692 2031 2770; baseline -0.004 -16"><span class='ocrx_word' id='word_1_357' title='bbox 466 2719 487 2753; x_wconf 87' lang='grc' dir='ltr'><strong>ι</strong></span> <span class='ocrx_word' id='word_1_358' title='bbox 523 2699 778 2770; x_wconf 87' lang='lat' dir='ltr'><strong>positum,</strong></span> <span class='ocrx_word' id='word_1_359' title='bbox 806 2695 899 2751; x_wconf 84' lang='lat' dir='ltr'><strong>sed</strong></span> <span class='ocrx_word' id='word_1_360' title='bbox 924 2706 1102 2748; x_wconf 89' lang='lat' dir='ltr'><strong>tamen</strong></span> <span class='ocrx_word' id='word_1_361' title='bbox 1127 2693 1503 2747; x_wconf 81' lang='lat' dir='ltr'><strong>absconditum</strong></span> <span class='ocrx_word' id='word_1_362' title='bbox 1537 2692 1802 2760; x_wconf 83' lang='lat' dir='ltr'><strong>quoddam</strong></span> <span class='ocrx_word' id='word_1_363' title='bbox 1833 2700 2031 2763; x_wconf 82' lang='lat' dir='ltr'><strong>myste-</strong></span> 
     </span>
    </p>
   </div>
   <div class='ocr_carea' id='block_1_46' title="bbox 465 2781 2029 2847">
    <p class='ocr_par' dir='ltr' id='par_1_46' title="bbox 465 2781 2029 2847">
     <span class='ocr_line' id='line_1_46' title="bbox 465 2781 2029 2847; baseline -0.003 -5"><span class='ocrx_word' id='word_1_364' title='bbox 465 2809 486 2842; x_wconf 81' lang='grc' dir='ltr'><strong>ι</strong></span> <span class='ocrx_word' id='word_1_365' title='bbox 517 2790 651 2844; x_wconf 89' lang='lat' dir='ltr'><strong>rium</strong></span> <span class='ocrx_word' id='word_1_366' title='bbox 689 2787 974 2841; x_wconf 84' lang='lat' dir='ltr'><strong>revelatur.</strong></span> <span class='ocrx_word' id='word_1_367' title='bbox 1002 2784 1136 2837; x_wconf 77' lang='lat' dir='ltr'><strong>Nam</strong></span> <span class='ocrx_word' id='word_1_368' title='bbox 1160 2783 1259 2837; x_wconf 90' lang='lat' dir='ltr'><strong>nisi</strong></span> <span class='ocrx_word' id='word_1_369' title='bbox 1296 2797 1504 2847; x_wconf 83' lang='lat' dir='ltr'><strong>monas,</strong></span> <span class='ocrx_word' id='word_1_370' title='bbox 1532 2781 1876 2837; x_wconf 86' lang='lat' dir='ltr'><strong>indivisibilis</strong></span> <span class='ocrx_word' id='word_1_371' title='bbox 1905 2798 2029 2838; x_wconf 88' lang='lat' dir='ltr'><strong>cum</strong></span> 
     </span>
    </p>
   </div>
   <div class='ocr_carea' id='block_1_47' title="bbox 465 2873 2028 2945">
    <p class='ocr_par' dir='ltr' id='par_1_47' title="bbox 465 2873 2028 2945">
     <span class='ocr_line' id='line_1_47' title="bbox 465 2873 2028 2945; baseline -0.003 -11"><span class='ocrx_word' id='word_1_372' title='bbox 465 2902 484 2934; x_wconf 82' lang='grc' dir='ltr'><strong>ι</strong></span> <span class='ocrx_word' id='word_1_373' title='bbox 523 2883 616 2945; x_wconf 81' lang='lat' dir='ltr'><strong>sit,</strong></span> <span class='ocrx_word' id='word_1_374' title='bbox 654 2879 707 2933; x_wconf 89' lang='lat' dir='ltr'><strong>in</strong></span> <span class='ocrx_word' id='word_1_375' title='bbox 752 2879 977 2933; x_wconf 86' lang='lat' dir='ltr'><strong>triadem</strong></span> <span class='ocrx_word' id='word_1_376' title='bbox 1029 2876 1367 2939; x_wconf 86' lang='lat' dir='ltr'><strong>dilataretnr,</strong></span> <span class='ocrx_word' id='word_1_377' title='bbox 1412 2874 1685 2944; x_wconf 90' lang='lat' dir='ltr'><strong>quomodo</strong></span> <span class='ocrx_word' id='word_1_378' title='bbox 1713 2875 1779 2929; x_wconf 89' lang='lat' dir='ltr'><strong>de</strong></span> <span class='ocrx_word' id='word_1_379' title='bbox 1824 2873 2028 2944; x_wconf 87' lang='lat' dir='ltr'><strong>Spiritu</strong></span> 
     </span>
    </p>
   </div>
   <div class='ocr_carea' id='block_1_48' title="bbox 463 2967 2028 3036">
    <p class='ocr_par' dir='ltr' id='par_1_48' title="bbox 463 2967 2028 3036">
     <span class='ocr_line' id='line_1_48' title="bbox 463 2967 2028 3036; baseline -0.004 -9"><span class='ocrx_word' id='word_1_380' title='bbox 463 2994 485 3027; x_wconf 76' lang='grc' dir='ltr'><strong>ι</strong></span> <span class='ocrx_word' id='word_1_381' title='bbox 516 2972 922 3029; x_wconf 82' lang='lat' dir='ltr'><strong>concedendum</strong></span> <span class='ocrx_word' id='word_1_382' title='bbox 981 2978 1065 3025; x_wconf 88' lang='lat' dir='ltr'><strong>est</strong></span> <span class='ocrx_word' id='word_1_383' title='bbox 1118 2968 1387 3022; x_wconf 90' lang='lat' dir='ltr'><strong>interdum</strong></span> <span class='ocrx_word' id='word_1_384' title='bbox 1447 2967 1787 3022; x_wconf 88' lang='lat' dir='ltr'><strong>Servatorem</strong></span> <span class='ocrx_word' id='word_1_385' title='bbox 1846 2967 2028 3036; x_wconf 87' lang='lat' dir='ltr'><strong>loqui,</strong></span> 
     </span>
    </p>
   </div>
   <div class='ocr_carea' id='block_1_49' title="bbox 463 3057 2027 3136">
    <p class='ocr_par' dir='ltr' id='par_1_49' title="bbox 463 3057 2027 3136">
     <span class='ocr_line' id='line_1_49' title="bbox 463 3057 2027 3136; baseline -0.004 -17"><span class='ocrx_word' id='word_1_386' title='bbox 463 3087 483 3119; x_wconf 79' lang='grc' dir='ltr'><strong>ι</strong></span> <span class='ocrx_word' id='word_1_387' title='bbox 528 3066 669 3136; x_wconf 88' lang='lat' dir='ltr'><strong>quod</strong></span> <span class='ocrx_word' id='word_1_388' title='bbox 704 3061 959 3130; x_wconf 77' lang='lat' dir='ltr'><strong>procedat</strong></span> <span class='ocrx_word' id='word_1_389' title='bbox 980 3075 1011 3114; x_wconf 85' lang='lat' dir='ltr'><strong>e</strong></span> <span class='ocrx_word' id='word_1_390' title='bbox 1035 3058 1226 3124; x_wconf 84' lang='lat' dir='ltr'><strong>Patre;</strong></span> <span class='ocrx_word' id='word_1_391' title='bbox 1258 3058 1522 3112; x_wconf 87' lang='lat' dir='ltr'><strong>interdum</strong></span> <span class='ocrx_word' id='word_1_392' title='bbox 1554 3073 1702 3123; x_wconf 90' lang='lat' dir='ltr'><strong>vero,</strong></span> <span class='ocrx_word' id='word_1_393' title='bbox 1728 3057 1827 3114; x_wconf 89' lang='lat' dir='ltr'><strong>Ille</strong></span> <span class='ocrx_word' id='word_1_394' title='bbox 1852 3059 1916 3113; x_wconf 86' lang='lat' dir='ltr'><strong>de</strong></span> <span class='ocrx_word' id='word_1_395' title='bbox 1946 3076 2027 3113; x_wconf 79' lang='lat' dir='ltr'><strong>me</strong></span> 
     </span>
    </p>
   </div>
   <div class='ocr_carea' id='block_1_50' title="bbox 464 3144 2095 3220">
    <p class='ocr_par' dir='ltr' id='par_1_50' title="bbox 464 3144 2095 3220">
     <span class='ocr_line' id='line_1_50' title="bbox 464 3144 2095 3220; baseline -0.001 -14"><span class='ocrx_word' id='word_1_396' title='bbox 464 3172 483 3204; x_wconf 81' lang='grc' dir='ltr'><strong>ι</strong></span> <span class='ocrx_word' id='word_1_397' title='bbox 522 3153 765 3220; x_wconf 80' lang='lat' dir='ltr'><strong>aecrpiet,</strong></span> <span class='ocrx_word' id='word_1_398' title='bbox 806 3157 857 3202; x_wconf 83' lang='lat' dir='ltr'><strong>et</strong></span> <span class='ocrx_word' id='word_1_399' title='bbox 900 3146 1231 3200; x_wconf 82' lang='lat' dir='ltr'><strong>annuntiabit</strong></span> <span class='ocrx_word' id='word_1_400' title='bbox 1277 3146 1422 3199; x_wconf 80' lang='lat' dir='ltr'><strong>vobis</strong></span> <span class='ocrx_word' id='word_1_401' title='bbox 1451 3163 1472 3213; x_wconf 86' lang='lat'><strong><em>;</em></strong></span> <span class='ocrx_word' id='word_1_402' title='bbox 1503 3156 1666 3216; x_wconf 77' lang='lat' dir='ltr'><strong>atque</strong></span> <span class='ocrx_word' id='word_1_403' title='bbox 1727 3146 1920 3201; x_wconf 87' lang='lat' dir='ltr'><strong>iterum</strong></span> <span class='ocrx_word' id='word_1_404' title='bbox 1972 3148 2025 3203; x_wconf 86' lang='lat' dir='ltr'><strong>in</strong></span> <span class='ocrx_word' id='word_1_405' title='bbox 2053 3144 2095 3204; x_wconf 87' lang='lat' dir='ltr'><strong><em>C</em></strong></span> 
     </span>
    </p>
   </div>
   <div class='ocr_carea' id='block_1_51' title="bbox 464 3237 2022 3313">
    <p class='ocr_par' dir='ltr' id='par_1_51' title="bbox 464 3237 2022 3313">
     <span class='ocr_line' id='line_1_51' title="bbox 464 3237 2022 3313; baseline -0.002 -17"><span class='ocrx_word' id='word_1_406' title='bbox 464 3264 483 3296; x_wconf 83' lang='grc' dir='ltr'><strong>ι</strong></span> <span class='ocrx_word' id='word_1_407' title='bbox 523 3241 814 3313; x_wconf 84' lang='lat' dir='ltr'><strong>discipulos</strong></span> <span class='ocrx_word' id='word_1_408' title='bbox 867 3240 1096 3309; x_wconf 75' lang='lat' dir='ltr'><strong>Spirare,</strong></span> <span class='ocrx_word' id='word_1_409' title='bbox 1143 3247 1200 3294; x_wconf 91' lang='lat' dir='ltr'><strong>et</strong></span> <span class='ocrx_word' id='word_1_410' title='bbox 1245 3238 1450 3306; x_wconf 83' lang='lat' dir='ltr'><strong>dicere,</strong></span> <span class='ocrx_word' id='word_1_411' title='bbox 1501 3238 1734 3307; x_wconf 83' lang='lat' dir='ltr'><strong>Accipite</strong></span> <span class='ocrx_word' id='word_1_412' title='bbox 1765 3237 2022 3309; x_wconf 85' lang='lat' dir='ltr'><strong>Spiritum</strong></span> 
     </span>
    </p>
   </div>
   <div class='ocr_carea' id='block_1_52' title="bbox 461 3329 2026 3400">
    <p class='ocr_par' dir='ltr' id='par_1_52' title="bbox 461 3329 2026 3400">
     <span class='ocr_line' id='line_1_52' title="bbox 461 3329 2026 3400; baseline -0.001 -13"><span class='ocrx_word' id='word_1_413' title='bbox 461 3356 481 3387; x_wconf 78' lang='grc' dir='ltr'><strong>ι</strong></span> <span class='ocrx_word' id='word_1_414' title='bbox 526 3345 766 3389; x_wconf 70' lang='lat' dir='ltr'><strong>sanctum</strong></span> <span class='ocrx_word' id='word_1_415' title='bbox 796 3332 955 3385; x_wconf 75' lang='lat'><strong>“&quot;&#39;?</strong></span> <span class='ocrx_word' id='word_1_416' title='bbox 987 3331 1117 3386; x_wconf 80' lang='lat' dir='ltr'><strong>Nam</strong></span> <span class='ocrx_word' id='word_1_417' title='bbox 1156 3329 1201 3385; x_wconf 88' lang='lat' dir='ltr'><strong>si</strong></span> <span class='ocrx_word' id='word_1_418' title='bbox 1231 3345 1262 3384; x_wconf 88' lang='lat' dir='ltr'><strong>e</strong></span> <span class='ocrx_word' id='word_1_419' title='bbox 1288 3329 1448 3385; x_wconf 84' lang='lat' dir='ltr'><strong>Patre</strong></span> <span class='ocrx_word' id='word_1_420' title='bbox 1472 3331 1733 3400; x_wconf 87' lang='lat' dir='ltr'><strong>procedit,</strong></span> <span class='ocrx_word' id='word_1_421' title='bbox 1759 3334 2026 3400; x_wconf 87' lang='lat' dir='ltr'><strong>quomodo</strong></span> 
     </span>
    </p>
   </div>
   <div class='ocr_carea' id='block_1_53' title="bbox 459 3422 2024 3491">
    <p class='ocr_par' dir='ltr' id='par_1_53' title="bbox 459 3422 2024 3491">
     <span class='ocr_line' id='line_1_53' title="bbox 459 3422 2024 3491; baseline -0.002 -11"><span class='ocrx_word' id='word_1_422' title='bbox 459 3450 478 3480; x_wconf 72' lang='grc' dir='ltr'><strong>ι</strong></span> <span class='ocrx_word' id='word_1_423' title='bbox 519 3430 621 3484; x_wconf 86' lang='lat' dir='ltr'><strong>hoc</strong></span> <span class='ocrx_word' id='word_1_424' title='bbox 649 3441 677 3480; x_wconf 88' lang='lat' dir='ltr'><strong>a</strong></span> <span class='ocrx_word' id='word_1_425' title='bbox 700 3425 835 3480; x_wconf 86' lang='lat' dir='ltr'><strong>Filio</strong></span> <span class='ocrx_word' id='word_1_426' title='bbox 853 3423 1210 3478; x_wconf 86' lang='lat' dir='ltr'><strong>ministerium</strong></span> <span class='ocrx_word' id='word_1_427' title='bbox 1235 3422 1485 3490; x_wconf 88' lang='lat' dir='ltr'><strong>accipere</strong></span> <span class='ocrx_word' id='word_1_428' title='bbox 1505 3435 1600 3491; x_wconf 90' lang='lat' dir='ltr'><strong>per</strong></span> <span class='ocrx_word' id='word_1_429' title='bbox 1613 3424 2024 3491; x_wconf 87' lang='lat' dir='ltr'><strong>promissionem</strong></span> 
     </span>
    </p>
   </div>
   <div class='ocr_carea' id='block_1_54' title="bbox 458 3511 2026 3589">
    <p class='ocr_par' dir='ltr' id='par_1_54' title="bbox 458 3511 2026 3589">
     <span class='ocr_line' id='line_1_54' title="bbox 458 3511 2026 3589; baseline -0.003 -17"><span class='ocrx_word' id='word_1_430' title='bbox 458 3539 478 3572; x_wconf 80' lang='grc' dir='ltr'><strong>ι</strong></span> <span class='ocrx_word' id='word_1_431' title='bbox 516 3514 998 3589; x_wconf 74' lang='lat' dir='ltr'><strong>poterit?Necesse</strong></span> <span class='ocrx_word' id='word_1_432' title='bbox 1028 3523 1111 3567; x_wconf 89' lang='lat' dir='ltr'><strong>est</strong></span> <span class='ocrx_word' id='word_1_433' title='bbox 1136 3512 1362 3575; x_wconf 85' lang='lat' dir='ltr'><strong>enim,si</strong></span> <span class='ocrx_word' id='word_1_434' title='bbox 1391 3511 1508 3565; x_wconf 71' lang='lat' dir='ltr'><strong>dum</strong></span> <span class='ocrx_word' id='word_1_435' title='bbox 1532 3512 1660 3575; x_wconf 88' lang='lat' dir='ltr'><strong>sint,</strong></span> <span class='ocrx_word' id='word_1_436' title='bbox 1690 3522 1748 3565; x_wconf 92' lang='lat' dir='ltr'><strong>ut</strong></span> <span class='ocrx_word' id='word_1_437' title='bbox 1781 3512 2026 3567; x_wconf 84' lang='lat' dir='ltr'><strong>Asterius</strong></span> 
     </span>
    </p>
   </div>
   <div class='ocr_carea' id='block_1_55' title="bbox 460 3602 2027 3674">
    <p class='ocr_par' dir='ltr' id='par_1_55' title="bbox 460 3602 2027 3674">
     <span class='ocr_line' id='line_1_55' title="bbox 460 3602 2027 3674; baseline -0.003 -11"><span class='ocrx_word' id='word_1_438' title='bbox 460 3632 479 3663; x_wconf 79' lang='grc' dir='ltr'><strong>ι</strong></span> <span class='ocrx_word' id='word_1_439' title='bbox 514 3609 745 3672; x_wconf 86' lang='lat' dir='ltr'><strong>dicebat,</strong></span> <span class='ocrx_word' id='word_1_440' title='bbox 774 3606 959 3661; x_wconf 63' lang='lat' dir='ltr'><strong>divisa:</strong></span> <span class='ocrx_word' id='word_1_441' title='bbox 1016 3619 1275 3674; x_wconf 66' lang='lat' dir='ltr'><strong>personat,</strong></span> <span class='ocrx_word' id='word_1_442' title='bbox 1312 3612 1373 3656; x_wconf 88' lang='lat' dir='ltr'><strong>ut</strong></span> <span class='ocrx_word' id='word_1_443' title='bbox 1404 3603 1487 3658; x_wconf 85' lang='lat' dir='ltr'><strong>vel</strong></span> <span class='ocrx_word' id='word_1_444' title='bbox 1525 3602 1778 3672; x_wconf 85' lang='lat' dir='ltr'><strong>Spiritus,</strong></span> <span class='ocrx_word' id='word_1_445' title='bbox 1819 3603 1912 3673; x_wconf 87' lang='lat' dir='ltr'><strong>qui</strong></span> <span class='ocrx_word' id='word_1_446' title='bbox 1959 3604 2027 3658; x_wconf 90' lang='lat' dir='ltr'><strong>de</strong></span> 
     </span>
    </p>
   </div>
   <div class='ocr_carea' id='block_1_56' title="bbox 460 3694 2028 3770">
    <p class='ocr_par' dir='ltr' id='par_1_56' title="bbox 460 3694 2028 3770">
     <span class='ocr_line' id='line_1_56' title="bbox 460 3694 2028 3770; baseline -0.002 -18"><span class='ocrx_word' id='word_1_447' title='bbox 460 3722 478 3752; x_wconf 76' lang='grc' dir='ltr'><strong>ι</strong></span> <span class='ocrx_word' id='word_1_448' title='bbox 517 3702 675 3756; x_wconf 84' lang='lat' dir='ltr'><strong>Patre</strong></span> <span class='ocrx_word' id='word_1_449' title='bbox 707 3699 973 3770; x_wconf 87' lang='lat' dir='ltr'><strong>procedit,</strong></span> <span class='ocrx_word' id='word_1_450' title='bbox 1000 3713 1105 3752; x_wconf 84' lang='lat' dir='ltr'><strong>non</strong></span> <span class='ocrx_word' id='word_1_451' title='bbox 1132 3696 1371 3765; x_wconf 77' lang='lat' dir='ltr'><strong>indigeat</strong></span> <span class='ocrx_word' id='word_1_452' title='bbox 1402 3710 1430 3748; x_wconf 89' lang='lat' dir='ltr'><strong>a</strong></span> <span class='ocrx_word' id='word_1_453' title='bbox 1455 3694 1592 3750; x_wconf 87' lang='lat' dir='ltr'><strong>Filio</strong></span> <span class='ocrx_word' id='word_1_454' title='bbox 1625 3694 1905 3749; x_wconf 77' lang='lat' dir='ltr'><strong>iunctione</strong></span> <span class='ocrx_word' id='word_1_455' title='bbox 1932 3694 2028 3749; x_wconf 87' lang='lat' dir='ltr'><strong>de-</strong></span> 
     </span>
    </p>
   </div>
   <div class='ocr_carea' id='block_1_57' title="bbox 459 3785 2026 3862">
    <p class='ocr_par' dir='ltr' id='par_1_57' title="bbox 459 3785 2026 3862">
     <span class='ocr_line' id='line_1_57' title="bbox 459 3785 2026 3862; baseline -0.004 -18"><span class='ocrx_word' id='word_1_456' title='bbox 459 3815 477 3844; x_wconf 77' lang='grc' dir='ltr'><strong>ι</strong></span> <span class='ocrx_word' id='word_1_457' title='bbox 508 3794 679 3862; x_wconf 76' lang='lat' dir='ltr'><strong>legata</strong></span> <span class='ocrx_word' id='word_1_458' title='bbox 719 3791 898 3860; x_wconf 87' lang='lat' dir='ltr'><strong>aliqua</strong></span> <span class='ocrx_word' id='word_1_459' title='bbox 929 3788 1076 3860; x_wconf 88' lang='lat' dir='ltr'><strong>(nam</strong></span> <span class='ocrx_word' id='word_1_460' title='bbox 1116 3788 1258 3856; x_wconf 89' lang='lat' dir='ltr'><strong>quod</strong></span> <span class='ocrx_word' id='word_1_461' title='bbox 1277 3790 1345 3842; x_wconf 89' lang='lat' dir='ltr'><strong>de</strong></span> <span class='ocrx_word' id='word_1_462' title='bbox 1370 3786 1530 3840; x_wconf 86' lang='lat' dir='ltr'><strong>Patre</strong></span> <span class='ocrx_word' id='word_1_463' title='bbox 1555 3786 1798 3856; x_wconf 86' lang='lat' dir='ltr'><strong>procedit</strong></span> <span class='ocrx_word' id='word_1_464' title='bbox 1849 3785 2026 3839; x_wconf 88' lang='lat' dir='ltr'><strong>omni-</strong></span> 
     </span>
    </p>
   </div>
   <div class='ocr_carea' id='block_1_58' title="bbox 458 3876 2024 3951">
    <p class='ocr_par' dir='ltr' id='par_1_58' title="bbox 458 3876 2024 3951">
     <span class='ocr_line' id='line_1_58' title="bbox 458 3876 2024 3951; baseline -0.003 -16"><span class='ocrx_word' id='word_1_465' title='bbox 458 3906 476 3935; x_wconf 76' lang='grc' dir='ltr'><strong>ι</strong></span> <span class='ocrx_word' id='word_1_466' title='bbox 513 3900 581 3939; x_wconf 92' lang='lat' dir='ltr'><strong>no</strong></span> <span class='ocrx_word' id='word_1_467' title='bbox 607 3882 911 3938; x_wconf 83' lang='lat' dir='ltr'><strong>necessario</strong></span> <span class='ocrx_word' id='word_1_468' title='bbox 944 3878 1241 3951; x_wconf 74' lang='lat' dir='ltr'><strong>perfectura</strong></span> <span class='ocrx_word' id='word_1_469' title='bbox 1297 3888 1401 3941; x_wconf 86' lang='lat' dir='ltr'><strong>est,</strong></span> <span class='ocrx_word' id='word_1_470' title='bbox 1455 3892 1556 3932; x_wconf 90' lang='lat' dir='ltr'><strong>nec</strong></span> <span class='ocrx_word' id='word_1_471' title='bbox 1595 3878 1757 3932; x_wconf 90' lang='lat' dir='ltr'><strong>ullius</strong></span> <span class='ocrx_word' id='word_1_472' title='bbox 1797 3876 2024 3931; x_wconf 77' lang='lat' dir='ltr'><strong>alterius</strong></span> 
     </span>
    </p>
   </div>
   <div class='ocr_carea' id='block_1_59' title="bbox 459 3966 2023 4044">
    <p class='ocr_par' dir='ltr' id='par_1_59' title="bbox 459 3966 2023 4044">
     <span class='ocr_line' id='line_1_59' title="bbox 459 3966 2023 4044; baseline -0.004 -19"><span class='ocrx_word' id='word_1_473' title='bbox 459 3994 477 4025; x_wconf 85' lang='grc' dir='ltr'><strong>ι</strong></span> <span class='ocrx_word' id='word_1_474' title='bbox 520 3975 723 4044; x_wconf 75' lang='lat' dir='ltr'><strong>indiget</strong></span> <span class='ocrx_word' id='word_1_475' title='bbox 772 3972 1028 4038; x_wconf 77' lang='lat' dir='ltr'><strong>auxilio);</strong></span> <span class='ocrx_word' id='word_1_476' title='bbox 1059 3980 1153 4024; x_wconf 87' lang='lat' dir='ltr'><strong>aut</strong></span> <span class='ocrx_word' id='word_1_477' title='bbox 1186 3971 1229 4025; x_wconf 86' lang='lat' dir='ltr'><strong>si</strong></span> <span class='ocrx_word' id='word_1_478' title='bbox 1283 3970 1347 4024; x_wconf 86' lang='lat' dir='ltr'><strong>de</strong></span> <span class='ocrx_word' id='word_1_479' title='bbox 1392 3969 1527 4023; x_wconf 87' lang='lat' dir='ltr'><strong>Filio</strong></span> <span class='ocrx_word' id='word_1_480' title='bbox 1561 3968 1841 4038; x_wconf 86' lang='lat' dir='ltr'><strong>procedat,</strong></span> <span class='ocrx_word' id='word_1_481' title='bbox 1868 3977 1924 4023; x_wconf 86' lang='lat' dir='ltr'><strong>et</strong></span> <span class='ocrx_word' id='word_1_482' title='bbox 1954 3966 2023 4020; x_wconf 91' lang='lat' dir='ltr'><strong>ab</strong></span> 
     </span>
    </p>
   </div>
   <div class='ocr_carea' id='block_1_60' title="bbox 458 4060 2022 4132">
    <p class='ocr_par' dir='ltr' id='par_1_60' title="bbox 458 4060 2022 4132">
     <span class='ocr_line' id='line_1_60' title="bbox 458 4060 2022 4132; baseline -0.003 -15"><span class='ocrx_word' id='word_1_483' title='bbox 458 4087 476 4117; x_wconf 81' lang='grc' dir='ltr'><strong>ι</strong></span> <span class='ocrx_word' id='word_1_484' title='bbox 515 4067 605 4120; x_wconf 87' lang='lat' dir='ltr'><strong>illo</strong></span> <span class='ocrx_word' id='word_1_485' title='bbox 629 4075 825 4125; x_wconf 82' lang='lat' dir='ltr'><strong>sumat,</strong></span> <span class='ocrx_word' id='word_1_486' title='bbox 857 4073 910 4117; x_wconf 90' lang='lat' dir='ltr'><strong>et</strong></span> <span class='ocrx_word' id='word_1_487' title='bbox 950 4063 1179 4132; x_wconf 75' lang='lat' dir='ltr'><strong>gratiam</strong></span> <span class='ocrx_word' id='word_1_488' title='bbox 1218 4060 1284 4115; x_wconf 83' lang='lat' dir='ltr'><strong>de</strong></span> <span class='ocrx_word' id='word_1_489' title='bbox 1316 4061 1460 4114; x_wconf 85' lang='lat' dir='ltr'><strong>illius</strong></span> <span class='ocrx_word' id='word_1_490' title='bbox 1490 4060 1790 4114; x_wconf 86' lang='lat' dir='ltr'><strong>ministerio</strong></span> <span class='ocrx_word' id='word_1_491' title='bbox 1825 4073 2022 4128; x_wconf 88' lang='lat' dir='ltr'><strong>suppe—</strong></span> 
     </span>
    </p>
   </div>
   <div class='ocr_carea' id='block_1_61' title="bbox 456 4150 2022 4227">
    <p class='ocr_par' dir='ltr' id='par_1_61' title="bbox 456 4150 2022 4227">
     <span class='ocr_line' id='line_1_61' title="bbox 456 4150 2022 4227; baseline -0.003 -18"><span class='ocrx_word' id='word_1_492' title='bbox 456 4178 477 4209; x_wconf 70' lang='grc' dir='ltr'><strong>ι</strong></span> <span class='ocrx_word' id='word_1_493' title='bbox 500 4160 655 4221; x_wconf 87' lang='lat' dir='ltr'><strong>ditct,</strong></span> <span class='ocrx_word' id='word_1_494' title='bbox 693 4171 796 4211; x_wconf 92' lang='lat' dir='ltr'><strong>non</strong></span> <span class='ocrx_word' id='word_1_495' title='bbox 823 4158 934 4227; x_wconf 87' lang='lat' dir='ltr'><strong>jam</strong></span> <span class='ocrx_word' id='word_1_496' title='bbox 966 4166 1022 4211; x_wconf 85' lang='lat' dir='ltr'><strong>ut</strong></span> <span class='ocrx_word' id='word_1_497' title='bbox 1052 4156 1117 4209; x_wconf 86' lang='lat' dir='ltr'><strong>de</strong></span> <span class='ocrx_word' id='word_1_498' title='bbox 1137 4154 1299 4210; x_wconf 83' lang='lat' dir='ltr'><strong>Patre</strong></span> <span class='ocrx_word' id='word_1_499' title='bbox 1328 4153 1721 4223; x_wconf 81' lang='lat' dir='ltr'><strong>progrediatur.</strong></span> <span class='ocrx_word' id='word_1_500' title='bbox 1754 4170 1776 4203; x_wconf 73' lang='grc' dir='ltr'><strong>ι</strong></span> <span class='ocrx_word' id='word_1_501' title='bbox 1806 4150 1873 4204; x_wconf 83' lang='grc' dir='ltr'>Ει</span> <span class='ocrx_word' id='word_1_502' title='bbox 1901 4158 2022 4220; x_wconf 83' lang='lat' dir='ltr'><strong>post</strong></span> 
     </span>
    </p>
   </div>
   <div class='ocr_carea' id='block_1_62' title="bbox 450 4243 2020 4314">
    <p class='ocr_par' dir='ltr' id='par_1_62' title="bbox 450 4243 2020 4314">
     <span class='ocr_line' id='line_1_62' title="bbox 450 4243 2020 4314; baseline -0.005 -11"><span class='ocrx_word' id='word_1_503' title='bbox 450 4251 555 4303; x_wconf 84' lang='lat' dir='ltr'><strong>alia</strong></span> <span class='ocrx_word' id='word_1_504' title='bbox 581 4248 879 4304; x_wconf 80' lang='lat' dir='ltr'><strong>subiniert:</strong></span> <span class='ocrx_word' id='word_1_505' title='bbox 905 4270 923 4301; x_wconf 79' lang='grc' dir='ltr'><strong>ι</strong></span> <span class='ocrx_word' id='word_1_506' title='bbox 949 4249 1009 4304; x_wconf 84' lang='lat' dir='ltr'><strong>Si</strong></span> <span class='ocrx_word' id='word_1_507' title='bbox 1032 4247 1380 4313; x_wconf 71' lang='lat' dir='ltr'><strong>Evangeliutn</strong></span> <span class='ocrx_word' id='word_1_508' title='bbox 1399 4244 1714 4314; x_wconf 80' lang='lat' dir='ltr'><strong>dixitquod,</strong></span> <span class='ocrx_word' id='word_1_509' title='bbox 1737 4243 1828 4298; x_wconf 86' lang='lat' dir='ltr'><strong>ubi</strong></span> <span class='ocrx_word' id='word_1_510' title='bbox 1850 4243 2020 4311; x_wconf 86' lang='lat' dir='ltr'><strong>inspi-</strong></span> 
     </span>
    </p>
   </div>
   <div class='ocr_carea' id='block_1_63' title="bbox 454 4333 2020 4409">
    <p class='ocr_par' dir='ltr' id='par_1_63' title="bbox 454 4333 2020 4409">
     <span class='ocr_line' id='line_1_63' title="bbox 454 4333 2020 4409; baseline -0.004 -16"><span class='ocrx_word' id='word_1_511' title='bbox 454 4359 476 4393; x_wconf 76' lang='grc' dir='ltr'><strong>ι</strong></span> <span class='ocrx_word' id='word_1_512' title='bbox 507 4351 721 4395; x_wconf 77' lang='lat' dir='ltr'><strong>raverat</strong></span> <span class='ocrx_word' id='word_1_513' title='bbox 747 4343 797 4396; x_wconf 90' lang='lat' dir='ltr'><strong>in</strong></span> <span class='ocrx_word' id='word_1_514' title='bbox 828 4341 1141 4409; x_wconf 82' lang='lat' dir='ltr'><strong>discipulos,</strong></span> <span class='ocrx_word' id='word_1_515' title='bbox 1160 4338 1316 4400; x_wconf 79' lang='lat' dir='ltr'><strong>dixit,</strong></span> <span class='ocrx_word' id='word_1_516' title='bbox 1353 4337 1585 4403; x_wconf 80' lang='lat' dir='ltr'><strong>Accipite</strong></span> <span class='ocrx_word' id='word_1_517' title='bbox 1623 4333 1877 4403; x_wconf 83' lang='lat' dir='ltr'><strong>Spiritum</strong></span> <span class='ocrx_word' id='word_1_518' title='bbox 1896 4350 2020 4387; x_wconf 77' lang='lat' dir='ltr'><strong>san-</strong></span> 
     </span>
    </p>
   </div>
   <div class='ocr_carea' id='block_1_64' title="bbox 2143 1883 3719 1954">
    <p class='ocr_par' dir='ltr' id='par_1_64' title="bbox 2143 1883 3719 1954">
     <span class='ocr_line' id='line_1_64' title="bbox 2143 1883 3719 1954; baseline 0.004 -19"><span class='ocrx_word' id='word_1_519' title='bbox 2143 1901 2161 1933; x_wconf 84' lang='grc' dir='ltr'><strong>ι</strong></span> <span class='ocrx_word' id='word_1_520' title='bbox 2173 1883 2313 1936; x_wconf 91' lang='grc' dir='ltr'>Πνεύ</span> <span class='ocrx_word' id='word_1_521' title='bbox 2322 1900 2510 1954; x_wconf 88' lang='grc' dir='ltr'>ματος,</span> <span class='ocrx_word' id='word_1_522' title='bbox 2531 1884 2651 1937; x_wconf 87' lang='grc' dir='ltr'>Ὅτι</span> <span class='ocrx_word' id='word_1_523' title='bbox 2665 1887 2777 1938; x_wconf 83' lang='grc' dir='ltr'><strong>οὐκ</strong></span> <span class='ocrx_word' id='word_1_524' title='bbox 2794 1886 2895 1954; x_wconf 69' lang='grc' dir='ltr'><strong>ἀφ’</strong></span> <span class='ocrx_word' id='word_1_525' title='bbox 2915 1886 3130 1941; x_wconf 79' lang='grc' dir='ltr'>ἑαυτοῦ</span> <span class='ocrx_word' id='word_1_526' title='bbox 3145 1886 3425 1953; x_wconf 74' lang='grc' dir='ltr'>λαλήσει,</span> <span class='ocrx_word' id='word_1_527' title='bbox 3444 1890 3578 1944; x_wconf 80' lang='grc' dir='ltr'><strong>ἀλλ’</strong></span> <span class='ocrx_word' id='word_1_528' title='bbox 3596 1888 3719 1943; x_wconf 80' lang='grc' dir='ltr'>ὅσα</span> 
     </span>
    </p>
   </div>
   <div class='ocr_carea' id='block_1_65' title="bbox 2141 1976 3724 2051">
    <p class='ocr_par' dir='ltr' id='par_1_65' title="bbox 2141 1976 3724 2051">
     <span class='ocr_line' id='line_1_65' title="bbox 2141 1976 3724 2051; baseline 0.004 -24"><span class='ocrx_word' id='word_1_529' title='bbox 2141 1993 2160 2024; x_wconf 84' lang='grc' dir='ltr'><strong>ι</strong></span> <span class='ocrx_word' id='word_1_530' title='bbox 2184 1976 2452 2040; x_wconf 80' lang='grc' dir='ltr'><strong>ἀκούσει,</strong></span> <span class='ocrx_word' id='word_1_531' title='bbox 2484 1976 2771 2044; x_wconf 84' lang='grc' dir='ltr'>λαλήσει·</span> <span class='ocrx_word' id='word_1_532' title='bbox 2816 1978 2914 2032; x_wconf 71' lang='grc' dir='ltr'>καὶ</span> <span class='ocrx_word' id='word_1_533' title='bbox 2956 1977 3031 2032; x_wconf 84' lang='grc' dir='ltr'>τὰ</span> <span class='ocrx_word' id='word_1_534' title='bbox 3066 1979 3358 2049; x_wconf 79' lang='grc' dir='ltr'><strong>ἐρχόμενα</strong></span> <span class='ocrx_word' id='word_1_535' title='bbox 3396 1981 3724 2051; x_wconf 75' lang='grc' dir='ltr'>ἀναγγελεῖ</span> 
     </span>
    </p>
   </div>
   <div class='ocr_carea' id='block_1_66' title="bbox 2140 2066 3715 2140">
    <p class='ocr_par' dir='ltr' id='par_1_66' title="bbox 2140 2066 3715 2140">
     <span class='ocr_line' id='line_1_66' title="bbox 2140 2066 3715 2140; baseline 0.005 -23"><span class='ocrx_word' id='word_1_536' title='bbox 2140 2083 2160 2116; x_wconf 82' lang='grc' dir='ltr'><strong>ι</strong></span> <span class='ocrx_word' id='word_1_537' title='bbox 2187 2066 2343 2135; x_wconf 84' lang='grc' dir='ltr'><strong>ὑμῖν.</strong></span> <span class='ocrx_word' id='word_1_538' title='bbox 2376 2067 2638 2133; x_wconf 78' lang='grc' dir='ltr'>Ἐκεῖνός</span> <span class='ocrx_word' id='word_1_539' title='bbox 2651 2085 2728 2137; x_wconf 83' lang='grc' dir='ltr'><strong>με</strong></span> <span class='ocrx_word' id='word_1_540' title='bbox 2749 2068 3015 2134; x_wconf 79' lang='grc' dir='ltr'><strong>δοξάσει,</strong></span> <span class='ocrx_word' id='word_1_541' title='bbox 3033 2069 3122 2122; x_wconf 84' lang='grc' dir='ltr'>ὅτι</span> <span class='ocrx_word' id='word_1_542' title='bbox 3139 2071 3207 2123; x_wconf 84' lang='grc' dir='ltr'><strong>ἐκ</strong></span> <span class='ocrx_word' id='word_1_543' title='bbox 3232 2070 3338 2124; x_wconf 83' lang='grc' dir='ltr'>τοῦ</span> <span class='ocrx_word' id='word_1_544' title='bbox 3359 2071 3505 2140; x_wconf 80' lang='grc' dir='ltr'>ἐμοῦ</span> <span class='ocrx_word' id='word_1_545' title='bbox 3519 2069 3715 2140; x_wconf 73' lang='grc' dir='ltr'>λήψε-</span> 
     </span>
    </p>
   </div>
   <div class='ocr_carea' id='block_1_67' title="bbox 2140 2158 3716 2233">
    <p class='ocr_par' dir='ltr' id='par_1_67' title="bbox 2140 2158 3716 2233">
     <span class='ocr_line' id='line_1_67' title="bbox 2140 2158 3716 2233; baseline 0.004 -26"><span class='ocrx_word' id='word_1_546' title='bbox 2140 2175 2158 2207; x_wconf 84' lang='grc' dir='ltr'><strong>ι</strong></span> <span class='ocrx_word' id='word_1_547' title='bbox 2194 2173 2286 2209; x_wconf 87' lang='grc' dir='ltr'><strong>ται</strong></span> <span class='ocrx_word' id='word_1_548' title='bbox 2306 2158 2402 2211; x_wconf 78' lang='grc' dir='ltr'>καὶ</span> <span class='ocrx_word' id='word_1_549' title='bbox 2428 2159 2743 2229; x_wconf 73' lang='grc' dir='ltr'><strong>ἀναγγελεῖ</strong></span> <span class='ocrx_word' id='word_1_550' title='bbox 2762 2160 2919 2229; x_wconf 77' lang='grc' dir='ltr'><strong>ὑμῖν.</strong></span> <span class='ocrx_word' id='word_1_551' title='bbox 2942 2161 3017 2213; x_wconf 82' lang='grc' dir='ltr'><strong>Οὐ</strong></span> <span class='ocrx_word' id='word_1_552' title='bbox 3036 2159 3222 2229; x_wconf 79' lang='grc' dir='ltr'>σαφῶς</span> <span class='ocrx_word' id='word_1_553' title='bbox 3244 2161 3339 2213; x_wconf 80' lang='lat' dir='ltr'><strong>xa&#39;t</strong></span> <span class='ocrx_word' id='word_1_554' title='bbox 3358 2161 3607 2233; x_wconf 82' lang='grc' dir='ltr'>φανερῶς</span> <span class='ocrx_word' id='word_1_555' title='bbox 3626 2163 3716 2214; x_wconf 90' lang='grc' dir='ltr'>ἐν-</span> 
     </span>
    </p>
   </div>
   <div class='ocr_carea' id='block_1_68' title="bbox 2138 2247 3715 2324">
    <p class='ocr_par' dir='ltr' id='par_1_68' title="bbox 2138 2247 3715 2324">
     <span class='ocr_line' id='line_1_68' title="bbox 2138 2247 3715 2324; baseline 0.004 -25"><span class='ocrx_word' id='word_1_556' title='bbox 2138 2266 2158 2299; x_wconf 76' lang='grc'><strong>(</strong></span> <span class='ocrx_word' id='word_1_557' title='bbox 2196 2247 2369 2301; x_wconf 84' lang='grc' dir='ltr'>ταῦθα</span> <span class='ocrx_word' id='word_1_558' title='bbox 2393 2249 2505 2320; x_wconf 80' lang='grc'><strong>(58)</strong></span> <span class='ocrx_word' id='word_1_559' title='bbox 2534 2251 2827 2324; x_wconf 71' lang='grc' dir='ltr'>ἀπορρήτῳ</span> <span class='ocrx_word' id='word_1_560' title='bbox 2846 2250 3003 2322; x_wconf 81' lang='grc' dir='ltr'>Λόγῳ</span> <span class='ocrx_word' id='word_1_561' title='bbox 3027 2253 3059 2321; x_wconf 80' lang='grc' dir='ltr'>ἡ</span> <span class='ocrx_word' id='word_1_562' title='bbox 3092 2249 3260 2322; x_wconf 82' lang='grc' dir='ltr'>μονὰς</span> <span class='ocrx_word' id='word_1_563' title='bbox 3282 2252 3550 2321; x_wconf 82' lang='grc' dir='ltr'>φαίνεται,</span> <span class='ocrx_word' id='word_1_564' title='bbox 3572 2252 3715 2305; x_wconf 82' lang='grc' dir='ltr'>πλα-</span> 
     </span>
    </p>
   </div>
   <div class='ocr_carea' id='block_1_69' title="bbox 2138 2341 3712 2416">
    <p class='ocr_par' dir='ltr' id='par_1_69' title="bbox 2138 2341 3712 2416">
     <span class='ocr_line' id='line_1_69' title="bbox 2138 2341 3712 2416; baseline 0.006 -26"><span class='ocrx_word' id='word_1_565' title='bbox 2138 2356 2158 2390; x_wconf 84' lang='grc' dir='ltr'><strong>ι</strong></span> <span class='ocrx_word' id='word_1_566' title='bbox 2192 2341 2457 2411; x_wconf 83' lang='grc' dir='ltr'>τυνομένη</span> <span class='ocrx_word' id='word_1_567' title='bbox 2493 2341 2590 2413; x_wconf 81' lang='grc' dir='ltr'>μὲν</span> <span class='ocrx_word' id='word_1_568' title='bbox 2632 2344 2713 2407; x_wconf 79' lang='grc' dir='ltr'>εἰς</span> <span class='ocrx_word' id='word_1_569' title='bbox 2745 2342 2957 2414; x_wconf 75' lang='grc' dir='ltr'>τρεαδα,</span> <span class='ocrx_word' id='word_1_570' title='bbox 2985 2342 3307 2414; x_wconf 83' lang='grc' dir='ltr'>διαιρεῖσθαι</span> <span class='ocrx_word' id='word_1_571' title='bbox 3342 2343 3399 2397; x_wconf 82' lang='grc' dir='ltr'>δὲ</span> <span class='ocrx_word' id='word_1_572' title='bbox 3441 2344 3712 2416; x_wconf 81' lang='grc' dir='ltr'><strong>μηδαμῶς</strong></span> 
     </span>
    </p>
   </div>
   <div class='ocr_carea' id='block_1_70' title="bbox 2139 2433 3713 2508">
    <p class='ocr_par' dir='ltr' id='par_1_70' title="bbox 2139 2433 3713 2508">
     <span class='ocr_line' id='line_1_70' title="bbox 2139 2433 3713 2508; baseline 0.005 -24"><span class='ocrx_word' id='word_1_573' title='bbox 2139 2451 2158 2483; x_wconf 82' lang='grc' dir='ltr'><strong>ι</strong></span> <span class='ocrx_word' id='word_1_574' title='bbox 2195 2433 2562 2505; x_wconf 81' lang='grc' dir='ltr'>ὑπομένουσα.</span> <span class='ocrx_word' id='word_1_575' title='bbox 2605 2436 2669 2489; x_wconf 77' lang='grc' dir='ltr'><strong>Εἰ</strong></span> <span class='ocrx_word' id='word_1_576' title='bbox 2703 2435 2812 2507; x_wconf 78' lang='grc' dir='ltr'><strong>γὰρ</strong></span> <span class='ocrx_word' id='word_1_577' title='bbox 2856 2438 2884 2489; x_wconf 86' lang='grc' dir='ltr'>ὁ</span> <span class='ocrx_word' id='word_1_578' title='bbox 2918 2436 3017 2506; x_wconf 83' lang='grc' dir='ltr'>μὲν</span> <span class='ocrx_word' id='word_1_579' title='bbox 3044 2436 3214 2505; x_wconf 83' lang='grc' dir='ltr'><strong>Λόγος</strong></span> <span class='ocrx_word' id='word_1_580' title='bbox 3254 2438 3319 2489; x_wconf 85' lang='grc' dir='ltr'><strong>ἐκ</strong></span> <span class='ocrx_word' id='word_1_581' title='bbox 3360 2436 3455 2491; x_wconf 85' lang='grc' dir='ltr'><strong>τοῦ</strong></span> <span class='ocrx_word' id='word_1_582' title='bbox 3493 2437 3713 2508; x_wconf 79' lang='grc' dir='ltr'>Πατρὸς</span> 
     </span>
    </p>
   </div>
   <div class='ocr_carea' id='block_1_71' title="bbox 2138 2525 3709 2599">
    <p class='ocr_par' dir='ltr' id='par_1_71' title="bbox 2138 2525 3709 2599">
     <span class='ocr_line' id='line_1_71' title="bbox 2138 2525 3709 2599; baseline 0.004 -24"><span class='ocrx_word' id='word_1_583' title='bbox 2138 2541 2157 2575; x_wconf 85' lang='grc' dir='ltr'><strong>ι</strong></span> <span class='ocrx_word' id='word_1_584' title='bbox 2195 2525 2568 2595; x_wconf 75' lang='grc' dir='ltr'><strong>ἐκπορεύεται,</strong></span> <span class='ocrx_word' id='word_1_585' title='bbox 2596 2525 2658 2579; x_wconf 82' lang='grc' dir='ltr'>τὸ</span> <span class='ocrx_word' id='word_1_586' title='bbox 2680 2526 2738 2579; x_wconf 86' lang='grc' dir='ltr'>δὲ</span> <span class='ocrx_word' id='word_1_587' title='bbox 2762 2526 2985 2598; x_wconf 83' lang='grc' dir='ltr'>Πνεῦμα</span> <span class='ocrx_word' id='word_1_588' title='bbox 3009 2529 3102 2581; x_wconf 72' lang='grc' dir='ltr'>καὶ</span> <span class='ocrx_word' id='word_1_589' title='bbox 3124 2528 3252 2581; x_wconf 81' lang='grc' dir='ltr'>αὐτὸ</span> <span class='ocrx_word' id='word_1_590' title='bbox 3278 2528 3617 2599; x_wconf 76' lang='grc' dir='ltr'><strong>ὁμολογεῖται</strong></span> <span class='ocrx_word' id='word_1_591' title='bbox 3643 2532 3709 2582; x_wconf 82' lang='grc' dir='ltr'>ὲκ</span> 
     </span>
    </p>
   </div>
   <div class='ocr_carea' id='block_1_72' title="bbox 2137 2613 3711 2690">
    <p class='ocr_par' dir='ltr' id='par_1_72' title="bbox 2137 2613 3711 2690">
     <span class='ocr_line' id='line_1_72' title="bbox 2137 2613 3711 2690; baseline 0.004 -24"><span class='ocrx_word' id='word_1_592' title='bbox 2137 2632 2157 2665; x_wconf 84' lang='grc' dir='ltr'><strong>ι</strong></span> <span class='ocrx_word' id='word_1_593' title='bbox 2190 2613 2282 2666; x_wconf 82' lang='grc' dir='ltr'><strong>τοῦ</strong></span> <span class='ocrx_word' id='word_1_594' title='bbox 2313 2615 2524 2686; x_wconf 85' lang='grc' dir='ltr'>Πατρὸς</span> <span class='ocrx_word' id='word_1_595' title='bbox 2557 2615 2969 2688; x_wconf 79' lang='grc' dir='ltr'>ἐκπορεύεσθαι,</span> <span class='ocrx_word' id='word_1_596' title='bbox 2997 2614 3150 2681; x_wconf 77' lang='grc' dir='ltr'>αὖθις</span> <span class='ocrx_word' id='word_1_597' title='bbox 3173 2635 3232 2671; x_wconf 85' lang='grc' dir='ltr'><strong>τε</strong></span> <span class='ocrx_word' id='word_1_598' title='bbox 3257 2620 3383 2690; x_wconf 72' lang='grc' dir='ltr'>περὶ</span> <span class='ocrx_word' id='word_1_599' title='bbox 3409 2618 3506 2672; x_wconf 74' lang='grc' dir='ltr'><strong>τοῦ</strong></span> <span class='ocrx_word' id='word_1_600' title='bbox 3537 2619 3711 2672; x_wconf 80' lang='grc' dir='ltr'>Πνεῦ-</span> 
     </span>
    </p>
   </div>
   <div class='ocr_carea' id='block_1_73' title="bbox 2136 2704 3705 2779">
    <p class='ocr_par' dir='ltr' id='par_1_73' title="bbox 2136 2704 3705 2779">
     <span class='ocr_line' id='line_1_73' title="bbox 2136 2704 3705 2779; baseline 0.006 -25"><span class='ocrx_word' id='word_1_601' title='bbox 2136 2720 2156 2754; x_wconf 82' lang='grc' dir='ltr'><strong>ι</strong></span> <span class='ocrx_word' id='word_1_602' title='bbox 2197 2721 2365 2775; x_wconf 88' lang='grc' dir='ltr'>ματος</span> <span class='ocrx_word' id='word_1_603' title='bbox 2388 2704 2480 2757; x_wconf 84' lang='grc' dir='ltr'>τὸν</span> <span class='ocrx_word' id='word_1_604' title='bbox 2509 2706 2731 2776; x_wconf 81' lang='grc' dir='ltr'>Σωτῆρα</span> <span class='ocrx_word' id='word_1_605' title='bbox 2751 2706 2929 2775; x_wconf 82' lang='grc' dir='ltr'>λέγειν</span> <span class='ocrx_word' id='word_1_606' title='bbox 2948 2723 2962 2737; x_wconf 91' lang='grc'><strong>·</strong></span> <span class='ocrx_word' id='word_1_607' title='bbox 3014 2708 3277 2774; x_wconf 75' lang='grc' dir='ltr'>Ἐκεῖνος</span> <span class='ocrx_word' id='word_1_608' title='bbox 3307 2710 3376 2762; x_wconf 83' lang='grc' dir='ltr'><strong>ἐκ</strong></span> <span class='ocrx_word' id='word_1_609' title='bbox 3413 2709 3520 2763; x_wconf 86' lang='grc' dir='ltr'><strong>τοῦ</strong></span> <span class='ocrx_word' id='word_1_610' title='bbox 3557 2709 3705 2779; x_wconf 84' lang='grc' dir='ltr'><strong>ἐμοῦ</strong></span> 
     </span>
    </p>
   </div>
   <div class='ocr_carea' id='block_1_74' title="bbox 2136 2795 3703 2871">
    <p class='ocr_par' dir='ltr' id='par_1_74' title="bbox 2136 2795 3703 2871">
     <span class='ocr_line' id='line_1_74' title="bbox 2136 2795 3703 2871; baseline 0.006 -25"><span class='ocrx_word' id='word_1_611' title='bbox 2136 2812 2155 2846; x_wconf 84' lang='grc' dir='ltr'><strong>ι</strong></span> <span class='ocrx_word' id='word_1_612' title='bbox 2182 2795 2436 2865; x_wconf 68' lang='grc' dir='ltr'>λήψεται</span> <span class='ocrx_word' id='word_1_613' title='bbox 2457 2796 2555 2850; x_wconf 80' lang='grc' dir='ltr'>καὶ</span> <span class='ocrx_word' id='word_1_614' title='bbox 2574 2798 2895 2867; x_wconf 71' lang='grc' dir='ltr'><strong>ἀναγγελεῖ</strong></span> <span class='ocrx_word' id='word_1_615' title='bbox 2911 2798 3072 2869; x_wconf 80' lang='grc' dir='ltr'>ὑμῖν,</span> <span class='ocrx_word' id='word_1_616' title='bbox 3088 2799 3149 2853; x_wconf 83' lang='grc' dir='ltr'><strong>οὐ</strong></span> <span class='ocrx_word' id='word_1_617' title='bbox 3172 2800 3280 2871; x_wconf 80' lang='grc' dir='ltr'>γὰρ</span> <span class='ocrx_word' id='word_1_618' title='bbox 3303 2800 3566 2871; x_wconf 67' lang='grc' dir='ltr'>προδηλόν</span> <span class='ocrx_word' id='word_1_619' title='bbox 3587 2804 3703 2871; x_wconf 86' lang='grc' dir='ltr'>ἐστι</span> 
     </span>
    </p>
   </div>
   <div class='ocr_carea' id='block_1_75' title="bbox 2136 2887 3701 2963">
    <p class='ocr_par' dir='ltr' id='par_1_75' title="bbox 2136 2887 3701 2963">
     <span class='ocr_line' id='line_1_75' title="bbox 2136 2887 3701 2963; baseline 0.003 -23"><span class='ocrx_word' id='word_1_620' title='bbox 2136 2906 2155 2939; x_wconf 79' lang='grc' dir='ltr'><strong>ι</strong></span> <span class='ocrx_word' id='word_1_621' title='bbox 2193 2887 2570 2958; x_wconf 81' lang='grc' dir='ltr'>κεκρυμμένον</span> <span class='ocrx_word' id='word_1_622' title='bbox 2603 2889 3078 2944; x_wconf 78' lang='grc' dir='ltr'>ἀνακαλύπτεσθαι</span> <span class='ocrx_word' id='word_1_623' title='bbox 3116 2908 3170 2945; x_wconf 87' lang='grc' dir='ltr'><strong>τι</strong></span> <span class='ocrx_word' id='word_1_624' title='bbox 3217 2892 3534 2963; x_wconf 77' lang='grc' dir='ltr'>μυστήριον.</span> <span class='ocrx_word' id='word_1_625' title='bbox 3579 2892 3701 2957; x_wconf 88' lang='grc' dir='ltr'><strong>Πῶς</strong></span> 
     </span>
    </p>
   </div>
   <div class='ocr_carea' id='block_1_76' title="bbox 2134 2979 3702 3055">
    <p class='ocr_par' dir='ltr' id='par_1_76' title="bbox 2134 2979 3702 3055">
     <span class='ocr_line' id='line_1_76' title="bbox 2134 2979 3702 3055; baseline 0.004 -23"><span class='ocrx_word' id='word_1_626' title='bbox 2134 2996 2156 3031; x_wconf 80' lang='grc' dir='ltr'><strong>ι</strong></span> <span class='ocrx_word' id='word_1_627' title='bbox 2184 2980 2314 3051; x_wconf 75' lang='grc' dir='ltr'>γὰρ,</span> <span class='ocrx_word' id='word_1_628' title='bbox 2345 2983 2392 3034; x_wconf 74' lang='grc' dir='ltr'>εἰ</span> <span class='ocrx_word' id='word_1_629' title='bbox 2419 2980 2492 3050; x_wconf 78' lang='grc' dir='ltr'>μὴ</span> <span class='ocrx_word' id='word_1_630' title='bbox 2519 2982 2552 3051; x_wconf 80' lang='grc' dir='ltr'><strong>ἠ</strong></span> <span class='ocrx_word' id='word_1_631' title='bbox 2578 2981 2743 3051; x_wconf 82' lang='grc' dir='ltr'>μονὰς</span> <span class='ocrx_word' id='word_1_632' title='bbox 2766 2982 3067 3054; x_wconf 82' lang='grc' dir='ltr'>ἀδιαίρετος</span> <span class='ocrx_word' id='word_1_633' title='bbox 3086 2979 3220 3038; x_wconf 79' lang='grc' dir='ltr'>οὖσα</span> <span class='ocrx_word' id='word_1_634' title='bbox 3246 2986 3327 3047; x_wconf 75' lang='grc' dir='ltr'><strong>εἰς</strong></span> <span class='ocrx_word' id='word_1_635' title='bbox 3350 2984 3545 3055; x_wconf 82' lang='grc' dir='ltr'>τριάδα</span> <span class='ocrx_word' id='word_1_636' title='bbox 3570 2984 3702 3039; x_wconf 76' lang='grc' dir='ltr'>πλα-</span> 
     </span>
    </p>
   </div>
   <div class='ocr_carea' id='block_1_77' title="bbox 2135 3072 3700 3145">
    <p class='ocr_par' dir='ltr' id='par_1_77' title="bbox 2135 3072 3700 3145">
     <span class='ocr_line' id='line_1_77' title="bbox 2135 3072 3700 3145; baseline 0.003 -22"><span class='ocrx_word' id='word_1_637' title='bbox 2135 3090 2154 3123; x_wconf 82' lang='grc' dir='ltr'><strong>ι</strong></span> <span class='ocrx_word' id='word_1_638' title='bbox 2183 3072 2410 3138; x_wconf 88' lang='grc' dir='ltr'>τύνοιτο,</span> <span class='ocrx_word' id='word_1_639' title='bbox 2448 3075 2679 3144; x_wconf 78' lang='grc' dir='ltr'>ἐγχωρεῖ</span> <span class='ocrx_word' id='word_1_640' title='bbox 2715 3075 2875 3127; x_wconf 80' lang='grc' dir='ltr'>αὐτὸν</span> <span class='ocrx_word' id='word_1_641' title='bbox 2915 3076 3043 3145; x_wconf 77' lang='grc' dir='ltr'>περὶ</span> <span class='ocrx_word' id='word_1_642' title='bbox 3074 3073 3168 3127; x_wconf 89' lang='grc' dir='ltr'><strong>τοῦ</strong></span> <span class='ocrx_word' id='word_1_643' title='bbox 3220 3074 3534 3145; x_wconf 80' lang='grc' dir='ltr'>Πνεύματός</span> <span class='ocrx_word' id='word_1_644' title='bbox 3573 3093 3700 3128; x_wconf 77' lang='grc' dir='ltr'>ποτε</span> 
     </span>
    </p>
   </div>
   <div class='ocr_carea' id='block_1_78' title="bbox 2132 3161 3698 3235">
    <p class='ocr_par' dir='ltr' id='par_1_78' title="bbox 2132 3161 3698 3235">
     <span class='ocr_line' id='line_1_78' title="bbox 2132 3161 3698 3235; baseline 0.004 -23"><span class='ocrx_word' id='word_1_645' title='bbox 2132 3179 2154 3213; x_wconf 79' lang='grc' dir='ltr'><strong>ι</strong></span> <span class='ocrx_word' id='word_1_646' title='bbox 2195 3161 2293 3231; x_wconf 83' lang='grc' dir='ltr'>μὲν</span> <span class='ocrx_word' id='word_1_647' title='bbox 2327 3161 2501 3229; x_wconf 80' lang='grc' dir='ltr'>λέγειν</span> <span class='ocrx_word' id='word_1_648' title='bbox 2533 3162 2615 3214; x_wconf 87' lang='grc' dir='ltr'>ὅτι</span> <span class='ocrx_word' id='word_1_649' title='bbox 2652 3164 2716 3215; x_wconf 88' lang='grc' dir='ltr'><strong>ἐκ</strong></span> <span class='ocrx_word' id='word_1_650' title='bbox 2759 3162 2853 3215; x_wconf 82' lang='grc' dir='ltr'><strong>τοῦ</strong></span> <span class='ocrx_word' id='word_1_651' title='bbox 2907 3162 3117 3233; x_wconf 83' lang='grc' dir='ltr'>Πατρὸς</span> <span class='ocrx_word' id='word_1_652' title='bbox 3161 3163 3539 3235; x_wconf 78' lang='grc' dir='ltr'>ἐκπορεύεται,</span> <span class='ocrx_word' id='word_1_653' title='bbox 3575 3165 3698 3218; x_wconf 60' lang='grc' dir='ltr'>ποτε</span> 
     </span>
    </p>
   </div>
   <div class='ocr_carea' id='block_1_79' title="bbox 2135 3250 3698 3323">
    <p class='ocr_par' dir='ltr' id='par_1_79' title="bbox 2135 3250 3698 3323">
     <span class='ocr_line' id='line_1_79' title="bbox 2135 3250 3698 3323; baseline 0.005 -20"><span class='ocrx_word' id='word_1_654' title='bbox 2135 3269 2154 3302; x_wconf 82' lang='grc' dir='ltr'><strong>ι</strong></span> <span class='ocrx_word' id='word_1_655' title='bbox 2183 3251 2239 3304; x_wconf 74' lang='grc' dir='ltr'>δὲ</span> <span class='ocrx_word' id='word_1_656' title='bbox 2283 3250 2494 3320; x_wconf 79' lang='grc' dir='ltr'>λέγειν,</span> <span class='ocrx_word' id='word_1_657' title='bbox 2537 3252 2791 3319; x_wconf 78' lang='grc' dir='ltr'>Ἐκεῖνος</span> <span class='ocrx_word' id='word_1_658' title='bbox 2836 3254 2907 3308; x_wconf 78' lang='grc' dir='ltr'><strong>ἐκ</strong></span> <span class='ocrx_word' id='word_1_659' title='bbox 2947 3253 3054 3307; x_wconf 81' lang='grc' dir='ltr'><strong>τοῦ</strong></span> <span class='ocrx_word' id='word_1_660' title='bbox 3098 3252 3245 3322; x_wconf 81' lang='grc' dir='ltr'>ἐμοῦ</span> <span class='ocrx_word' id='word_1_661' title='bbox 3291 3254 3554 3323; x_wconf 76' lang='grc' dir='ltr'>λήψεται</span> <span class='ocrx_word' id='word_1_662' title='bbox 3603 3256 3698 3311; x_wconf 69' lang='grc' dir='ltr'>καὶ</span> 
     </span>
    </p>
   </div>
   <div class='ocr_carea' id='block_1_80' title="bbox 2134 3341 3698 3419">
    <p class='ocr_par' dir='ltr' id='par_1_80' title="bbox 2134 3341 3698 3419">
     <span class='ocr_line' id='line_1_80' title="bbox 2134 3341 3698 3419; baseline 0.006 -26"><span class='ocrx_word' id='word_1_663' title='bbox 2134 3360 2153 3393; x_wconf 84' lang='grc' dir='ltr'><strong>ι</strong></span> <span class='ocrx_word' id='word_1_664' title='bbox 2184 3341 2498 3411; x_wconf 66' lang='grc' dir='ltr'>ἀναγγελεῖ</span> <span class='ocrx_word' id='word_1_665' title='bbox 2528 3343 2689 3412; x_wconf 82' lang='grc' dir='ltr'><strong>ὑμῖν.</strong></span> <span class='ocrx_word' id='word_1_666' title='bbox 2717 3341 2881 3409; x_wconf 79' lang='grc' dir='ltr'>Αὖθίς</span> <span class='ocrx_word' id='word_1_667' title='bbox 2895 3361 2954 3397; x_wconf 85' lang='grc' dir='ltr'><strong>τε</strong></span> <span class='ocrx_word' id='word_1_668' title='bbox 2969 3346 3360 3416; x_wconf 81' lang='grc' dir='ltr'>ἐμφυσήσαντα</span> <span class='ocrx_word' id='word_1_669' title='bbox 3390 3349 3501 3412; x_wconf 80' lang='grc' dir='ltr'>τοῖς</span> <span class='ocrx_word' id='word_1_670' title='bbox 3527 3348 3698 3419; x_wconf 72' lang='grc' dir='ltr'>μαθη-</span> 
     </span>
    </p>
   </div>
   <div class='ocr_carea' id='block_1_81' title="bbox 2132 3431 3692 3510">
    <p class='ocr_par' dir='ltr' id='par_1_81' title="bbox 2132 3431 3692 3510">
     <span class='ocr_line' id='line_1_81' title="bbox 2132 3431 3692 3510; baseline 0.005 -25"><span class='ocrx_word' id='word_1_671' title='bbox 2132 3450 2153 3484; x_wconf 84' lang='grc' dir='ltr'><strong>ι</strong></span> <span class='ocrx_word' id='word_1_672' title='bbox 2182 3434 2325 3495; x_wconf 84' lang='grc' dir='ltr'>ταῖς,</span> <span class='ocrx_word' id='word_1_673' title='bbox 2346 3431 2564 3487; x_wconf 80' lang='grc' dir='ltr'>Λάϐετε</span> <span class='ocrx_word' id='word_1_674' title='bbox 2588 3434 2827 3503; x_wconf 77' lang='grc' dir='ltr'>Πνεῦμα</span> <span class='ocrx_word' id='word_1_675' title='bbox 2859 3435 3049 3503; x_wconf 78' lang='grc' dir='ltr'>ἅγιον,</span> <span class='ocrx_word' id='word_1_676' title='bbox 3086 3435 3397 3507; x_wconf 76' lang='grc' dir='ltr'>εἰρηκέναις</span> <span class='ocrx_word' id='word_1_677' title='bbox 3435 3437 3558 3503; x_wconf 88' lang='grc' dir='ltr'><strong>Πῶς</strong></span> <span class='ocrx_word' id='word_1_678' title='bbox 3588 3449 3692 3510; x_wconf 84' lang='grc' dir='ltr'><strong>γαρ</strong></span> 
     </span>
    </p>
   </div>
   <div class='ocr_carea' id='block_1_82' title="bbox 2132 3523 3684 3600">
    <p class='ocr_par' dir='ltr' id='par_1_82' title="bbox 2132 3523 3684 3600">
     <span class='ocr_line' id='line_1_82' title="bbox 2132 3523 3684 3600; baseline 0.005 -26"><span class='ocrx_word' id='word_1_679' title='bbox 2132 3541 2152 3574; x_wconf 80' lang='grc' dir='ltr'><strong>ι</strong></span> <span class='ocrx_word' id='word_1_680' title='bbox 2194 3524 2242 3575; x_wconf 88' lang='grc' dir='ltr'>εἰ</span> <span class='ocrx_word' id='word_1_681' title='bbox 2282 3524 2347 3576; x_wconf 87' lang='grc' dir='ltr'><strong>ἐκ</strong></span> <span class='ocrx_word' id='word_1_682' title='bbox 2383 3523 2476 3577; x_wconf 83' lang='grc' dir='ltr'><strong>τοῦ</strong></span> <span class='ocrx_word' id='word_1_683' title='bbox 2506 3524 2719 3597; x_wconf 82' lang='grc' dir='ltr'>Πατρὸς</span> <span class='ocrx_word' id='word_1_684' title='bbox 2752 3524 3107 3598; x_wconf 78' lang='grc' dir='ltr'>ἐκπορεύεται</span> <span class='ocrx_word' id='word_1_685' title='bbox 3140 3528 3292 3598; x_wconf 75' lang='grc' dir='ltr'>παρὰ</span> <span class='ocrx_word' id='word_1_686' title='bbox 3312 3528 3407 3581; x_wconf 87' lang='grc' dir='ltr'><strong>τοῦ</strong></span> <span class='ocrx_word' id='word_1_687' title='bbox 3438 3528 3563 3581; x_wconf 79' lang='grc' dir='ltr'>Υεοῦ</span> <span class='ocrx_word' id='word_1_688' title='bbox 3591 3529 3684 3600; x_wconf 76' lang='grc' dir='ltr'>τὴν</span> 
     </span>
    </p>
   </div>
   <div class='ocr_carea' id='block_1_83' title="bbox 2132 3617 3681 3693">
    <p class='ocr_par' dir='ltr' id='par_1_83' title="bbox 2132 3617 3681 3693">
     <span class='ocr_line' id='line_1_83' title="bbox 2132 3617 3681 3693; baseline 0.004 -23"><span class='ocrx_word' id='word_1_689' title='bbox 2132 3637 2152 3668; x_wconf 83' lang='grc' dir='ltr'><strong>ι</strong></span> <span class='ocrx_word' id='word_1_690' title='bbox 2188 3617 2460 3671; x_wconf 84' lang='grc' dir='ltr'>διακονίαν</span> <span class='ocrx_word' id='word_1_691' title='bbox 2490 3618 2694 3690; x_wconf 83' lang='grc' dir='ltr'>ταύτην</span> <span class='ocrx_word' id='word_1_692' title='bbox 2720 3620 2985 3674; x_wconf 81' lang='grc' dir='ltr'>διακονεῖν</span> <span class='ocrx_word' id='word_1_693' title='bbox 3018 3622 3440 3690; x_wconf 83' lang='grc' dir='ltr'>ἐπαγγέλλεται;</span> <span class='ocrx_word' id='word_1_694' title='bbox 3472 3622 3681 3693; x_wconf 81' lang='grc' dir='ltr'>ἀνάγκη</span> 
     </span>
    </p>
   </div>
   <div class='ocr_carea' id='block_1_84' title="bbox 2132 3708 3682 3785">
    <p class='ocr_par' dir='ltr' id='par_1_84' title="bbox 2132 3708 3682 3785">
     <span class='ocr_line' id='line_1_84' title="bbox 2132 3708 3682 3785; baseline 0.005 -23"><span class='ocrx_word' id='word_1_695' title='bbox 2132 3727 2152 3761; x_wconf 83' lang='grc' dir='ltr'><strong>ι</strong></span> <span class='ocrx_word' id='word_1_696' title='bbox 2188 3708 2296 3780; x_wconf 85' lang='grc' dir='ltr'>γὰρ</span> <span class='ocrx_word' id='word_1_697' title='bbox 2319 3711 2366 3763; x_wconf 87' lang='grc' dir='ltr'>εἰ</span> <span class='ocrx_word' id='word_1_698' title='bbox 2392 3709 2485 3764; x_wconf 82' lang='grc' dir='ltr'><strong>δύο</strong></span> <span class='ocrx_word' id='word_1_699' title='bbox 2499 3710 2870 3781; x_wconf 86' lang='grc' dir='ltr'>διαιρούμενα,</span> <span class='ocrx_word' id='word_1_700' title='bbox 2892 3710 2968 3776; x_wconf 84' lang='grc' dir='ltr'>ὡς</span> <span class='ocrx_word' id='word_1_701' title='bbox 2996 3714 3270 3785; x_wconf 79' lang='grc' dir='ltr'>Ἀστέριος</span> <span class='ocrx_word' id='word_1_702' title='bbox 3286 3714 3405 3785; x_wconf 70' lang='grc' dir='ltr'>ἔφη,</span> <span class='ocrx_word' id='word_1_703' title='bbox 3424 3715 3682 3785; x_wconf 79' lang='grc' dir='ltr'>πρόσωπα</span> 
     </span>
    </p>
   </div>
   <div class='ocr_carea' id='block_1_85' title="bbox 2094 3799 3685 3877">
    <p class='ocr_par' dir='ltr' id='par_1_85' title="bbox 2094 3799 3685 3877">
     <span class='ocr_line' id='line_1_85' title="bbox 2094 3799 3685 3877; baseline 0.006 -27"><span class='ocrx_word' id='word_1_704' title='bbox 2094 3815 2106 3826; x_wconf 88' lang='grc'><strong>·</strong></span> <span class='ocrx_word' id='word_1_705' title='bbox 2131 3817 2151 3851; x_wconf 79' lang='grc' dir='ltr'><strong>ι</strong></span> <span class='ocrx_word' id='word_1_706' title='bbox 2189 3799 2297 3871; x_wconf 82' lang='grc' dir='ltr'>εἴη,</span> <span class='ocrx_word' id='word_1_707' title='bbox 2336 3800 2368 3871; x_wconf 79' lang='grc' dir='ltr'>ἢ</span> <span class='ocrx_word' id='word_1_708' title='bbox 2413 3800 2474 3853; x_wconf 78' lang='grc' dir='ltr'>τὸ</span> <span class='ocrx_word' id='word_1_709' title='bbox 2515 3801 2739 3871; x_wconf 86' lang='grc' dir='ltr'>Πνεῦμα</span> <span class='ocrx_word' id='word_1_710' title='bbox 2778 3804 2842 3856; x_wconf 84' lang='grc' dir='ltr'><strong>ἐκ</strong></span> <span class='ocrx_word' id='word_1_711' title='bbox 2888 3801 2973 3856; x_wconf 76' lang='grc' dir='ltr'><strong>τοῦ</strong></span> <span class='ocrx_word' id='word_1_712' title='bbox 3014 3804 3227 3875; x_wconf 86' lang='grc' dir='ltr'>Πατρὸς</span> <span class='ocrx_word' id='word_1_713' title='bbox 3269 3805 3685 3877; x_wconf 75' lang='grc' dir='ltr'>ἐκπορευόμενον</span> 
     </span>
    </p>
   </div>
   <div class='ocr_carea' id='block_1_86' title="bbox 2131 3890 3693 3968">
    <p class='ocr_par' dir='ltr' id='par_1_86' title="bbox 2131 3890 3693 3968">
     <span class='ocr_line' id='line_1_86' title="bbox 2131 3890 3693 3968; baseline 0.007 -27"><span class='ocrx_word' id='word_1_714' title='bbox 2131 3907 2150 3940; x_wconf 81' lang='grc' dir='ltr'><strong>ι</strong></span> <span class='ocrx_word' id='word_1_715' title='bbox 2194 3890 2267 3961; x_wconf 85' lang='grc' dir='ltr'>μὴ</span> <span class='ocrx_word' id='word_1_716' title='bbox 2296 3890 2501 3943; x_wconf 88' lang='grc' dir='ltr'>δεῖσθαι</span> <span class='ocrx_word' id='word_1_717' title='bbox 2534 3891 2634 3961; x_wconf 81' lang='grc' dir='ltr'>τῆς</span> <span class='ocrx_word' id='word_1_718' title='bbox 2661 3892 2812 3963; x_wconf 82' lang='grc' dir='ltr'>παρὰ</span> <span class='ocrx_word' id='word_1_719' title='bbox 2848 3893 2944 3946; x_wconf 75' lang='grc' dir='ltr'><strong>τοῦ</strong></span> <span class='ocrx_word' id='word_1_720' title='bbox 2973 3895 3102 3948; x_wconf 78' lang='grc' dir='ltr'>Υἱοῦ</span> <span class='ocrx_word' id='word_1_721' title='bbox 3135 3895 3411 3959; x_wconf 82' lang='grc' dir='ltr'>διακονίας</span> <span class='ocrx_word' id='word_1_722' title='bbox 3434 3899 3563 3967; x_wconf 78' lang='grc' dir='ltr'>(πᾶν</span> <span class='ocrx_word' id='word_1_723' title='bbox 3583 3897 3693 3968; x_wconf 84' lang='grc' dir='ltr'><strong>γὰρ</strong></span> 
     </span>
    </p>
   </div>
   <div class='ocr_carea' id='block_1_87' title="bbox 2129 3977 3695 4059">
    <p class='ocr_par' dir='ltr' id='par_1_87' title="bbox 2129 3977 3695 4059">
     <span class='ocr_line' id='line_1_87' title="bbox 2129 3977 3695 4059; baseline 0.01 -32"><span class='ocrx_word' id='word_1_724' title='bbox 2129 3992 2149 4026; x_wconf 80' lang='grc' dir='ltr'><strong>ι</strong></span> <span class='ocrx_word' id='word_1_725' title='bbox 2188 3977 2253 4029; x_wconf 87' lang='grc' dir='ltr'><strong>ἐκ</strong></span> <span class='ocrx_word' id='word_1_726' title='bbox 2286 3977 2498 4046; x_wconf 78' lang='grc' dir='ltr'>Πατρὺς</span> <span class='ocrx_word' id='word_1_727' title='bbox 2514 3979 2948 4052; x_wconf 81' lang='grc' dir='ltr'>ἐκπορευόμενον</span> <span class='ocrx_word' id='word_1_728' title='bbox 2966 3983 3170 4038; x_wconf 78' lang='grc' dir='ltr'>τέλειον</span> <span class='ocrx_word' id='word_1_729' title='bbox 3186 3980 3573 4059; x_wconf 79' lang='grc' dir='ltr'>εἶναιάνάγκη,</span> <span class='ocrx_word' id='word_1_730' title='bbox 3590 4005 3695 4059; x_wconf 78' lang='grc' dir='ltr'><strong>μη·</strong></span> 
     </span>
    </p>
   </div>
   <div class='ocr_carea' id='block_1_88' title="bbox 2126 4066 3698 4149">
    <p class='ocr_par' dir='ltr' id='par_1_88' title="bbox 2126 4066 3698 4149">
     <span class='ocr_line' id='line_1_88' title="bbox 2126 4066 3698 4149; baseline 0.01 -31"><span class='ocrx_word' id='word_1_731' title='bbox 2126 4084 2151 4117; x_wconf 73' lang='grc' dir='ltr'><strong>ι</strong></span> <span class='ocrx_word' id='word_1_732' title='bbox 2188 4066 2373 4138; x_wconf 83' lang='grc' dir='ltr'>δαμῶς</span> <span class='ocrx_word' id='word_1_733' title='bbox 2387 4068 2779 4140; x_wconf 76' lang='grc' dir='ltr'>προσδεόμενον</span> <span class='ocrx_word' id='word_1_734' title='bbox 2799 4073 2897 4144; x_wconf 84' lang='grc' dir='ltr'>τῆς</span> <span class='ocrx_word' id='word_1_735' title='bbox 2913 4076 3042 4146; x_wconf 75' lang='grc' dir='ltr'>παρ’</span> <span class='ocrx_word' id='word_1_736' title='bbox 3060 4076 3248 4148; x_wconf 81' lang='grc' dir='ltr'>ἐτέρου</span> <span class='ocrx_word' id='word_1_737' title='bbox 3266 4076 3560 4149; x_wconf 80' lang='grc' dir='ltr'>βοηθείας),</span> <span class='ocrx_word' id='word_1_738' title='bbox 3582 4080 3698 4149; x_wconf 66' lang='lat'><strong>(59)</strong></span> 
     </span>
    </p>
   </div>
   <div class='ocr_carea' id='block_1_89' title="bbox 2128 4157 3702 4238">
    <p class='ocr_par' dir='ltr' id='par_1_89' title="bbox 2128 4157 3702 4238">
     <span class='ocr_line' id='line_1_89' title="bbox 2128 4157 3702 4238; baseline 0.01 -29"><span class='ocrx_word' id='word_1_739' title='bbox 2128 4174 2147 4208; x_wconf 83' lang='grc' dir='ltr'><strong>ι</strong></span> <span class='ocrx_word' id='word_1_740' title='bbox 2178 4157 2211 4228; x_wconf 82' lang='grc' dir='ltr'>ἢ</span> <span class='ocrx_word' id='word_1_741' title='bbox 2246 4160 2293 4211; x_wconf 75' lang='grc' dir='ltr'>εἰ</span> <span class='ocrx_word' id='word_1_742' title='bbox 2316 4159 2465 4230; x_wconf 81' lang='grc' dir='ltr'>παρὰ</span> <span class='ocrx_word' id='word_1_743' title='bbox 2497 4158 2591 4212; x_wconf 87' lang='grc' dir='ltr'><strong>τοῦ</strong></span> <span class='ocrx_word' id='word_1_744' title='bbox 2623 4159 2753 4213; x_wconf 81' lang='grc' dir='ltr'><strong>Υἱοῦ</strong></span> <span class='ocrx_word' id='word_1_745' title='bbox 2798 4161 3093 4232; x_wconf 76' lang='grc' dir='ltr'>λαμϐάνει,</span> <span class='ocrx_word' id='word_1_746' title='bbox 3127 4168 3219 4219; x_wconf 75' lang='grc' dir='ltr'>καὶ</span> <span class='ocrx_word' id='word_1_747' title='bbox 3252 4169 3316 4220; x_wconf 81' lang='grc' dir='ltr'><strong>ἐκ</strong></span> <span class='ocrx_word' id='word_1_748' title='bbox 3344 4168 3441 4238; x_wconf 79' lang='grc' dir='ltr'>τῆς</span> <span class='ocrx_word' id='word_1_749' title='bbox 3491 4169 3702 4225; x_wconf 80' lang='grc' dir='ltr'>ἐκείνου</span> 
     </span>
    </p>
   </div>
   <div class='ocr_carea' id='block_1_90' title="bbox 2127 4248 3703 4329">
    <p class='ocr_par' dir='ltr' id='par_1_90' title="bbox 2127 4248 3703 4329">
     <span class='ocr_line' id='line_1_90' title="bbox 2127 4248 3703 4329; baseline 0.01 -30"><span class='ocrx_word' id='word_1_750' title='bbox 2127 4266 2149 4299; x_wconf 80' lang='grc' dir='ltr'><strong>ι</strong></span> <span class='ocrx_word' id='word_1_751' title='bbox 2185 4248 2463 4318; x_wconf 87' lang='grc' dir='ltr'>δυνάμεως</span> <span class='ocrx_word' id='word_1_752' title='bbox 2499 4249 2767 4324; x_wconf 81' lang='grc' dir='ltr'>διακονοίη</span> <span class='ocrx_word' id='word_1_753' title='bbox 2805 4253 2902 4325; x_wconf 81' lang='grc' dir='ltr'>τὴν</span> <span class='ocrx_word' id='word_1_754' title='bbox 2935 4256 3093 4327; x_wconf 84' lang='grc' dir='ltr'>χάριν</span> <span class='ocrx_word' id='word_1_755' title='bbox 3130 4259 3326 4329; x_wconf 79' lang='grc' dir='ltr'>μηκέτι</span> <span class='ocrx_word' id='word_1_756' title='bbox 3355 4259 3421 4313; x_wconf 85' lang='grc' dir='ltr'><strong>ἐκ</strong></span> <span class='ocrx_word' id='word_1_757' title='bbox 3448 4260 3540 4313; x_wconf 86' lang='grc' dir='ltr'><strong>τοῦ</strong></span> <span class='ocrx_word' id='word_1_758' title='bbox 3581 4262 3703 4315; x_wconf 82' lang='grc' dir='ltr'>Πα-</span> 
     </span>
    </p>
   </div>
   <div class='ocr_carea' id='block_1_91' title="bbox 2127 4340 3707 4423">
    <p class='ocr_par' dir='ltr' id='par_1_91' title="bbox 2127 4340 3707 4423">
     <span class='ocr_line' id='line_1_91' title="bbox 2127 4340 3707 4423; baseline 0.013 -32"><span class='ocrx_word' id='word_1_759' title='bbox 2127 4357 2146 4391; x_wconf 80' lang='grc' dir='ltr'><strong>ι</strong></span> <span class='ocrx_word' id='word_1_760' title='bbox 2180 4340 2307 4410; x_wconf 84' lang='grc' dir='ltr'>τρὸς</span> <span class='ocrx_word' id='word_1_761' title='bbox 2318 4341 2726 4412; x_wconf 83' lang='grc' dir='ltr'>ἐκπορεύεσθαι.</span> <span class='ocrx_word' id='word_1_762' title='bbox 2755 4363 2774 4395; x_wconf 72' lang='grc' dir='ltr'><strong>ι</strong></span> <span class='ocrx_word' id='word_1_763' title='bbox 2796 4346 2904 4398; x_wconf 83' lang='grc' dir='ltr'><strong>Καὶ</strong></span> <span class='ocrx_word' id='word_1_764' title='bbox 2920 4347 3037 4417; x_wconf 79' lang='grc' dir='ltr'>μεθ’</span> <span class='ocrx_word' id='word_1_765' title='bbox 3057 4348 3217 4420; x_wconf 72' lang='grc' dir='ltr'>ἔτερα</span> <span class='ocrx_word' id='word_1_766' title='bbox 3233 4351 3575 4423; x_wconf 69' lang='grc' dir='ltr'>ἐπάγει(ιο)·</span> <span class='ocrx_word' id='word_1_767' title='bbox 3592 4373 3613 4405; x_wconf 80' lang='grc' dir='ltr'><strong>ι</strong></span> <span class='ocrx_word' id='word_1_768' title='bbox 3635 4356 3707 4411; x_wconf 82' lang='lat' dir='ltr'><strong>Ei</strong></span> 
     </span>
    </p>
   </div>
   <div class='ocr_carea' id='block_1_92' title="bbox 454 4425 2030 4528">
    <p class='ocr_par' dir='ltr' id='par_1_92' title="bbox 454 4425 2017 4503">
     <span class='ocr_line' id='line_1_92' title="bbox 454 4425 2017 4503; baseline -0.004 -19"><span class='ocrx_word' id='word_1_769' title='bbox 454 4453 474 4484; x_wconf 76' lang='grc' dir='ltr'><strong>ι</strong></span> <span class='ocrx_word' id='word_1_770' title='bbox 513 4444 679 4497; x_wconf 85' lang='lat' dir='ltr'><strong>ctum,</strong></span> <span class='ocrx_word' id='word_1_771' title='bbox 711 4443 859 4503; x_wconf 86' lang='lat' dir='ltr'><strong>patet</strong></span> <span class='ocrx_word' id='word_1_772' title='bbox 887 4432 1029 4501; x_wconf 87' lang='lat' dir='ltr'><strong>quod</strong></span> <span class='ocrx_word' id='word_1_773' title='bbox 1060 4431 1127 4485; x_wconf 85' lang='lat' dir='ltr'><strong>de</strong></span> <span class='ocrx_word' id='word_1_774' title='bbox 1157 4429 1330 4485; x_wconf 82' lang='lat' dir='ltr'><strong>Verbo</strong></span> <span class='ocrx_word' id='word_1_775' title='bbox 1353 4427 1729 4498; x_wconf 82' lang='lat' dir='ltr'><strong>progrediatur</strong></span> <span class='ocrx_word' id='word_1_776' title='bbox 1761 4425 2017 4495; x_wconf 85' lang='lat' dir='ltr'><strong>Spiritus.</strong></span> 
     </span>
    </p>
   </div>
   <div class='ocr_carea' id='block_1_93' title="bbox 2135 4425 3706 4528">
    <p class='ocr_par' dir='ltr' id='par_1_93' title="bbox 2135 4429 3706 4514">
     <span class='ocr_line' id='line_1_93' title="bbox 2135 4429 3706 4514; baseline 0.01 -33"><span class='ocrx_word' id='word_1_777' title='bbox 2135 4429 2235 4483; x_wconf 82' lang='grc' dir='ltr'>ιδὲ</span> <span class='ocrx_word' id='word_1_778' title='bbox 2284 4430 2345 4483; x_wconf 81' lang='grc' dir='ltr'>τὸ</span> <span class='ocrx_word' id='word_1_779' title='bbox 2388 4430 2717 4500; x_wconf 81' lang='grc' dir='ltr'>Εὑαγγέλιον</span> <span class='ocrx_word' id='word_1_780' title='bbox 2759 4433 2841 4486; x_wconf 77' lang='grc' dir='ltr'>ὅτι</span> <span class='ocrx_word' id='word_1_781' title='bbox 2884 4435 3205 4509; x_wconf 82' lang='grc' dir='ltr'>ὲμφυσήσας</span> <span class='ocrx_word' id='word_1_782' title='bbox 3250 4442 3363 4504; x_wconf 83' lang='grc' dir='ltr'>τοῖς</span> <span class='ocrx_word' id='word_1_783' title='bbox 3405 4443 3706 4514; x_wconf 78' lang='grc' dir='ltr'>μαθηταῖς,</span> 
     </span>
    </p>
   </div>
   <div class='ocr_carea' id='block_1_94' title="bbox 454 4518 2030 4599">
    <p class='ocr_par' dir='ltr' id='par_1_94' title="bbox 454 4518 2020 4593">
     <span class='ocr_line' id='line_1_94' title="bbox 454 4518 2020 4593; baseline -0.004 -16"><span class='ocrx_word' id='word_1_784' title='bbox 454 4545 473 4577; x_wconf 82' lang='grc' dir='ltr'><strong>ι</strong></span> <span class='ocrx_word' id='word_1_785' title='bbox 510 4526 791 4592; x_wconf 78' lang='lat' dir='ltr'><strong>Quomodo</strong></span> <span class='ocrx_word' id='word_1_786' title='bbox 843 4525 1031 4593; x_wconf 84' lang='lat' dir='ltr'><strong>igitur,</strong></span> <span class='ocrx_word' id='word_1_787' title='bbox 1081 4524 1125 4577; x_wconf 90' lang='lat' dir='ltr'><strong>si</strong></span> <span class='ocrx_word' id='word_1_788' title='bbox 1180 4522 1248 4576; x_wconf 89' lang='lat' dir='ltr'><strong>de</strong></span> <span class='ocrx_word' id='word_1_789' title='bbox 1292 4518 1471 4574; x_wconf 86' lang='lat' dir='ltr'><strong>Verbo</strong></span> <span class='ocrx_word' id='word_1_790' title='bbox 1514 4518 1778 4588; x_wconf 84' lang='lat' dir='ltr'><strong>procedit,</strong></span> <span class='ocrx_word' id='word_1_791' title='bbox 1834 4532 2020 4571; x_wconf 89' lang='lat' dir='ltr'><strong>rursus</strong></span> 
     </span>
    </p>
   </div>
   <div class='ocr_carea' id='block_1_95' title="bbox 2135 4518 3707 4599">
    <p class='ocr_par' dir='ltr' id='par_1_95' title="bbox 2135 4520 3707 4599">
     <span class='ocr_line' id='line_1_95' title="bbox 2135 4520 3707 4599; baseline 0.01 -28"><span class='ocrx_word' id='word_1_792' title='bbox 2135 4540 2150 4571; x_wconf 86' lang='lat' dir='ltr'><strong>I</strong></span> <span class='ocrx_word' id='word_1_793' title='bbox 2187 4520 2407 4575; x_wconf 79' lang='grc' dir='ltr'>Λάϐετε</span> <span class='ocrx_word' id='word_1_794' title='bbox 2454 4524 2697 4593; x_wconf 80' lang='grc' dir='ltr'>Πνεῦμα</span> <span class='ocrx_word' id='word_1_795' title='bbox 2745 4525 2934 4595; x_wconf 77' lang='grc' dir='ltr'>ἅγιον,</span> <span class='ocrx_word' id='word_1_796' title='bbox 2971 4526 3162 4598; x_wconf 79' lang='grc' dir='ltr'>ἔφησε,</span> <span class='ocrx_word' id='word_1_797' title='bbox 3210 4529 3449 4599; x_wconf 79' lang='grc' dir='ltr'>δηλονότι</span> <span class='ocrx_word' id='word_1_798' title='bbox 3493 4533 3558 4586; x_wconf 80' lang='grc' dir='ltr'><strong>ἐκ</strong></span> <span class='ocrx_word' id='word_1_799' title='bbox 3601 4532 3707 4586; x_wconf 87' lang='grc' dir='ltr'><strong>τοῦ</strong></span> 
     </span>
    </p>
   </div>
   <div class='ocr_carea' id='block_1_96' title="bbox 454 4609 2022 4685">
    <p class='ocr_par' dir='ltr' id='par_1_96' title="bbox 454 4609 2022 4685">
     <span class='ocr_line' id='line_1_96' title="bbox 454 4609 2022 4685; baseline -0.006 -16"><span class='ocrx_word' id='word_1_800' title='bbox 454 4637 472 4669; x_wconf 86' lang='grc'><strong>‹</strong></span> <span class='ocrx_word' id='word_1_801' title='bbox 509 4618 648 4671; x_wconf 87' lang='lat' dir='ltr'><strong>idem</strong></span> <span class='ocrx_word' id='word_1_802' title='bbox 685 4626 739 4671; x_wconf 92' lang='lat' dir='ltr'><strong>et</strong></span> <span class='ocrx_word' id='word_1_803' title='bbox 769 4619 834 4670; x_wconf 88' lang='lat' dir='ltr'><strong>de</strong></span> <span class='ocrx_word' id='word_1_804' title='bbox 871 4616 1033 4669; x_wconf 83' lang='lat' dir='ltr'><strong>Patre</strong></span> <span class='ocrx_word' id='word_1_805' title='bbox 1064 4609 1478 4685; x_wconf 81' lang='lat' dir='ltr'><strong>progrediatur?</strong></span> <span class='ocrx_word' id='word_1_806' title='bbox 1515 4629 1533 4662; x_wconf 75' lang='grc' dir='ltr'><strong>ι</strong></span> <span class='ocrx_word' id='word_1_807' title='bbox 1569 4610 1820 4679; x_wconf 65' lang='lat' dir='ltr'><strong>Adiungit</strong></span> <span class='ocrx_word' id='word_1_808' title='bbox 1867 4609 2022 4660; x_wconf 86' lang='lat' dir='ltr'><strong>dein-</strong></span> 
     </span>
    </p>
   </div>
   <div class='ocr_carea' id='block_1_97' title="bbox 448 4700 2015 4776">
    <p class='ocr_par' dir='ltr' id='par_1_97' title="bbox 448 4700 2015 4776">
     <span class='ocr_line' id='line_1_97' title="bbox 448 4700 2015 4776; baseline -0.006 -16"><span class='ocrx_word' id='word_1_809' title='bbox 448 4725 606 4776; x_wconf 66' lang='lat' dir='ltr'><strong>ceps:</strong></span> <span class='ocrx_word' id='word_1_810' title='bbox 631 4728 648 4759; x_wconf 85' lang='grc' dir='ltr'><strong>ι</strong></span> <span class='ocrx_word' id='word_1_811' title='bbox 679 4708 851 4761; x_wconf 81' lang='lat' dir='ltr'><strong>Minus</strong></span> <span class='ocrx_word' id='word_1_812' title='bbox 877 4723 1005 4775; x_wconf 82' lang='lat' dir='ltr'><strong>ergo</strong></span> <span class='ocrx_word' id='word_1_813' title='bbox 1032 4717 1197 4767; x_wconf 84' lang='lat' dir='ltr'><strong>recte,</strong></span> <span class='ocrx_word' id='word_1_814' title='bbox 1228 4704 1406 4757; x_wconf 85' lang='lat' dir='ltr'><strong>minus</strong></span> <span class='ocrx_word' id='word_1_815' title='bbox 1438 4706 1827 4756; x_wconf 82' lang='lat' dir='ltr'><strong>convenienter</strong></span> <span class='ocrx_word' id='word_1_816' title='bbox 1855 4700 2015 4762; x_wconf 81' lang='lat' dir='ltr'><strong>dixit,</strong></span> 
     </span>
    </p>
   </div>
   <div class='ocr_carea' id='block_1_98' title="bbox 454 4787 2013 4869">
    <p class='ocr_par' dir='ltr' id='par_1_98' title="bbox 454 4787 2013 4869">
     <span class='ocr_line' id='line_1_98' title="bbox 454 4787 2013 4869; baseline -0.006 -16"><span class='ocrx_word' id='word_1_817' title='bbox 454 4821 470 4853; x_wconf 90' lang='grc' dir='ltr'><strong>ι</strong></span> <span class='ocrx_word' id='word_1_818' title='bbox 513 4812 621 4855; x_wconf 84' lang='lat' dir='ltr'><strong>tres</strong></span> <span class='ocrx_word' id='word_1_819' title='bbox 670 4812 791 4854; x_wconf 74' lang='lat' dir='ltr'><strong>esse</strong></span> <span class='ocrx_word' id='word_1_820' title='bbox 836 4787 1152 4869; x_wconf 49' lang='lat' dir='ltr'><strong>[typos-lases</strong></span> <span class='ocrx_word' id='word_1_821' title='bbox 1189 4813 1203 4850; x_wconf 91' lang='lat'><strong>:</strong></span> <span class='ocrx_word' id='word_1_822' title='bbox 1253 4810 1353 4850; x_wconf 89' lang='lat' dir='ltr'><strong>nec</strong></span> <span class='ocrx_word' id='word_1_823' title='bbox 1398 4794 1527 4847; x_wconf 88' lang='lat' dir='ltr'><strong>illud</strong></span> <span class='ocrx_word' id='word_1_824' title='bbox 1578 4808 1681 4846; x_wconf 89' lang='lat' dir='ltr'><strong>una</strong></span> <span class='ocrx_word' id='word_1_825' title='bbox 1724 4792 1861 4855; x_wconf 84' lang='lat' dir='ltr'><strong>vice,</strong></span> <span class='ocrx_word' id='word_1_826' title='bbox 1918 4791 2013 4844; x_wconf 88' lang='lat' dir='ltr'><strong>sed</strong></span> 
     </span>
    </p>
   </div>
   <div class='ocr_carea' id='block_1_99' title="bbox 521 4975 1263 5046">
    <p class='ocr_par' dir='ltr' id='par_1_99' title="bbox 521 4975 1263 5046">
     <span class='ocr_line' id='line_1_99' title="bbox 521 4975 1263 5046; baseline 0 -15"><span class='ocrx_word' id='word_1_827' title='bbox 521 4984 581 5043; x_wconf 49' lang='grc' dir='ltr'>ᾖ</span> <span class='ocrx_word' id='word_1_828' title='bbox 609 4977 707 5031; x_wconf 78' lang='lat' dir='ltr'><strong>Ed.</strong></span> <span class='ocrx_word' id='word_1_829' title='bbox 737 4975 936 5044; x_wconf 86' lang='lat' dir='ltr'><strong>Paris.,</strong></span> <span class='ocrx_word' id='word_1_830' title='bbox 981 4992 1102 5046; x_wconf 87' lang='lat' dir='ltr'><strong>pag.</strong></span> <span class='ocrx_word' id='word_1_831' title='bbox 1140 4975 1263 5031; x_wconf 77' lang='grc'><strong>168.</strong></span> 
     </span>
    </p>
   </div>
   <div class='ocr_carea' id='block_1_100' title="bbox 519 5135 2012 5211">
    <p class='ocr_par' dir='ltr' id='par_1_100' title="bbox 519 5135 2012 5211">
     <span class='ocr_line' id='line_1_100' title="bbox 519 5135 2012 5211; baseline 0.003 -18"><span class='ocrx_word' id='word_1_832' title='bbox 519 5138 630 5211; x_wconf 84' lang='lat'><strong>(&#39;56)</strong></span> <span class='ocrx_word' id='word_1_833' title='bbox 659 5143 730 5194; x_wconf 84' lang='lat' dir='ltr'><strong>To</strong></span> <span class='ocrx_word' id='word_1_834' title='bbox 769 5138 990 5211; x_wconf 69' lang='grc' dir='ltr'>λέγειν,</span> <span class='ocrx_word' id='word_1_835' title='bbox 1035 5136 1109 5192; x_wconf 84' lang='grc' dir='ltr'>τὰ</span> <span class='ocrx_word' id='word_1_836' title='bbox 1142 5137 1277 5211; x_wconf 59' lang='grc' dir='ltr'>τρία</span> <span class='ocrx_word' id='word_1_837' title='bbox 1328 5137 1499 5211; x_wconf 70' lang='grc' dir='ltr'>εἶναι.</span> <span class='ocrx_word' id='word_1_838' title='bbox 1542 5135 1811 5211; x_wconf 49' lang='lat' dir='ltr'><strong>ljintirnm</strong></span> <span class='ocrx_word' id='word_1_839' title='bbox 1847 5157 2012 5197; x_wconf 87' lang='lat' dir='ltr'><strong>unum</strong></span> 
     </span>
    </p>
   </div>
   <div class='ocr_carea' id='block_1_101' title="bbox 448 5207 2015 5280">
    <p class='ocr_par' dir='ltr' id='par_1_101' title="bbox 448 5207 2015 5280">
     <span class='ocr_line' id='line_1_101' title="bbox 448 5207 2015 5280; baseline 0.004 -18"><span class='ocrx_word' id='word_1_840' title='bbox 448 5207 883 5280; x_wconf 53' lang='lat' dir='ltr'><strong>atque&#39;euutdetit</strong></span> <span class='ocrx_word' id='word_1_841' title='bbox 909 5210 1101 5280; x_wconf 86' lang='lat' dir='ltr'><strong>Deum.</strong></span> <span class='ocrx_word' id='word_1_842' title='bbox 1141 5207 1256 5280; x_wconf 54' lang='grc' dir='ltr'>Ιξῐῦν</span> <span class='ocrx_word' id='word_1_843' title='bbox 1288 5207 1406 5280; x_wconf 82' lang='grc' dir='ltr'>μὲν,</span> <span class='ocrx_word' id='word_1_844' title='bbox 1445 5209 1520 5280; x_wconf 77' lang='grc' dir='ltr'>ὡς</span> <span class='ocrx_word' id='word_1_845' title='bbox 1550 5207 1789 5280; x_wconf 75' lang='grc' dir='ltr'>Πατέρα,</span> <span class='ocrx_word' id='word_1_846' title='bbox 1825 5211 1920 5265; x_wconf 89' lang='grc' dir='ltr'><strong>νῦν</strong></span> <span class='ocrx_word' id='word_1_847' title='bbox 1956 5214 2015 5268; x_wconf 77' lang='grc' dir='ltr'>δὲ</span> 
     </span>
    </p>
   </div>
   <div class='ocr_carea' id='block_1_102' title="bbox 444 5276 2021 5348">
    <p class='ocr_par' dir='ltr' id='par_1_102' title="bbox 444 5276 2021 5348">
     <span class='ocr_line' id='line_1_102' title="bbox 444 5276 2021 5348; baseline 0.004 -18"><span class='ocrx_word' id='word_1_848' title='bbox 444 5276 702 5341; x_wconf 26' lang='grc' dir='ltr'><strong>ὡςίΥἰόνο</strong></span> <span class='ocrx_word' id='word_1_849' title='bbox 720 5279 816 5332; x_wconf 89' lang='grc' dir='ltr'><strong>νῦν</strong></span> <span class='ocrx_word' id='word_1_850' title='bbox 852 5279 1021 5342; x_wconf 80' lang='grc' dir='ltr'>δὲ,ὼς</span> <span class='ocrx_word' id='word_1_851' title='bbox 1047 5277 1275 5348; x_wconf 76' lang='grc' dir='ltr'>Πνεῦμα</span> <span class='ocrx_word' id='word_1_852' title='bbox 1288 5276 1456 5348; x_wconf 55' lang='grc' dir='ltr'>ίᾶγιον</span> <span class='ocrx_word' id='word_1_853' title='bbox 1470 5276 1814 5344; x_wconf 81' lang='grc' dir='ltr'>διαλέγεσθαι</span> <span class='ocrx_word' id='word_1_854' title='bbox 1834 5321 1849 5341; x_wconf 90' lang='grc'><strong>,</strong></span> <span class='ocrx_word' id='word_1_855' title='bbox 1880 5284 2021 5337; x_wconf 73' lang='lat' dir='ltr'><strong>dixit</strong></span> 
     </span>
    </p>
   </div>
   <div class='ocr_carea' id='block_1_103' title="bbox 449 5347 2021 5424">
    <p class='ocr_par' dir='ltr' id='par_1_103' title="bbox 449 5347 2021 5424">
     <span class='ocr_line' id='line_1_103' title="bbox 449 5347 2021 5424; baseline 0.004 -24"><span class='ocrx_word' id='word_1_856' title='bbox 449 5350 747 5424; x_wconf 56' lang='lat' dir='ltr'><strong>Sabellins,</strong></span> <span class='ocrx_word' id='word_1_857' title='bbox 788 5362 846 5404; x_wconf 91' lang='lat' dir='ltr'><strong>ut</strong></span> <span class='ocrx_word' id='word_1_858' title='bbox 882 5350 1068 5415; x_wconf 84' lang='lat' dir='ltr'><strong>Basil.,</strong></span> <span class='ocrx_word' id='word_1_859' title='bbox 1105 5347 1332 5417; x_wconf 74' lang='lat' dir='ltr'><strong>epiStola</strong></span> <span class='ocrx_word' id='word_1_860' title='bbox 1367 5348 1459 5402; x_wconf 72' lang='grc'><strong>64.</strong></span> <span class='ocrx_word' id='word_1_861' title='bbox 1496 5347 1568 5401; x_wconf 81' lang='grc' dir='ltr'><strong>Μ.</strong></span> <span class='ocrx_word' id='word_1_862' title='bbox 1601 5374 1672 5387; x_wconf 92' lang='lat'><strong>-—</strong></span> <span class='ocrx_word' id='word_1_863' title='bbox 1703 5350 1822 5405; x_wconf 79' lang='lat' dir='ltr'><strong>Mox</strong></span> <span class='ocrx_word' id='word_1_864' title='bbox 1860 5353 2021 5424; x_wconf 89' lang='lat' dir='ltr'><strong>vulgo</strong></span> 
     </span>
    </p>
   </div>
   <div class='ocr_carea' id='block_1_104' title="bbox 445 5418 895 5491">
    <p class='ocr_par' dir='ltr' id='par_1_104' title="bbox 445 5418 895 5491">
     <span class='ocr_line' id='line_1_104' title="bbox 445 5418 895 5491; baseline 0.004 -20"><span class='ocrx_word' id='word_1_865' title='bbox 445 5418 895 5491; x_wconf 36' lang='grc' dir='ltr'><strong>ἁπεφψπράφων.</strong></span> 
     </span>
    </p>
   </div>
   <div class='ocr_carea' id='block_1_105' title="bbox 517 5487 2015 5559">
    <p class='ocr_par' dir='ltr' id='par_1_105' title="bbox 517 5487 2015 5559">
     <span class='ocr_line' id='line_1_105' title="bbox 517 5487 2015 5559; baseline 0.003 -18"><span class='ocrx_word' id='word_1_866' title='bbox 517 5488 629 5558; x_wconf 75' lang='lat'><strong>(57)</strong></span> <span class='ocrx_word' id='word_1_867' title='bbox 653 5487 1273 5558; x_wconf 63' lang='grc' dir='ltr'>Ἀνακεεεαλαιοῦσθαι.</span> <span class='ocrx_word' id='word_1_868' title='bbox 1293 5487 1495 5555; x_wconf 83' lang='lat' dir='ltr'><strong>Opinor</strong></span> <span class='ocrx_word' id='word_1_869' title='bbox 1513 5490 1734 5559; x_wconf 86' lang='lat' dir='ltr'><strong>respicit</strong></span> <span class='ocrx_word' id='word_1_870' title='bbox 1757 5490 1950 5559; x_wconf 83' lang='lat' dir='ltr'><strong>Ephes.</strong></span> <span class='ocrx_word' id='word_1_871' title='bbox 1972 5508 2015 5556; x_wconf 83' lang='grc' dir='ltr'><strong>ι,</strong></span> 
     </span>
    </p>
   </div>
   <div class='ocr_carea' id='block_1_106' title="bbox 451 5555 2012 5627">
    <p class='ocr_par' dir='ltr' id='par_1_106' title="bbox 451 5555 2012 5627">
     <span class='ocr_line' id='line_1_106' title="bbox 451 5555 2012 5627; baseline 0.004 -19"><span class='ocrx_word' id='word_1_872' title='bbox 451 5555 542 5620; x_wconf 69' lang='lat' dir='ltr'><strong>ili,</strong></span> <span class='ocrx_word' id='word_1_873' title='bbox 609 5555 697 5611; x_wconf 65' lang='lat' dir='ltr'><strong>ulti</strong></span> <span class='ocrx_word' id='word_1_874' title='bbox 753 5555 941 5627; x_wconf 74' lang='lat' dir='ltr'><strong>Apost.</strong></span> <span class='ocrx_word' id='word_1_875' title='bbox 999 5563 1074 5612; x_wconf 84' lang='lat' dir='ltr'><strong>ait</strong></span> <span class='ocrx_word' id='word_1_876' title='bbox 1126 5562 1304 5612; x_wconf 86' lang='lat' dir='ltr'><strong>onmia</strong></span> <span class='ocrx_word' id='word_1_877' title='bbox 1381 5555 1735 5624; x_wconf 74' lang='lat' dir='ltr'><strong>recolligeuda</strong></span> <span class='ocrx_word' id='word_1_878' title='bbox 1790 5555 1909 5617; x_wconf 77' lang='lat' dir='ltr'><strong>esse</strong></span> <span class='ocrx_word' id='word_1_879' title='bbox 1960 5555 2012 5615; x_wconf 88' lang='lat' dir='ltr'><strong>in</strong></span> 
     </span>
    </p>
   </div>
   <div class='ocr_carea' id='block_1_107' title="bbox 446 5627 2017 5703">
    <p class='ocr_par' dir='ltr' id='par_1_107' title="bbox 446 5627 2017 5703">
     <span class='ocr_line' id='line_1_107' title="bbox 446 5627 2017 5703; baseline 0.01 -25"><span class='ocrx_word' id='word_1_880' title='bbox 446 5627 682 5703; x_wconf 56' lang='lat' dir='ltr'><strong>Cur-isto,</strong></span> <span class='ocrx_word' id='word_1_881' title='bbox 739 5630 814 5682; x_wconf 78' lang='grc' dir='ltr'>τὰ</span> <span class='ocrx_word' id='word_1_882' title='bbox 856 5630 926 5682; x_wconf 79' lang='grc' dir='ltr'>ἐν</span> <span class='ocrx_word' id='word_1_883' title='bbox 981 5628 1458 5703; x_wconf 32' lang='grc' dir='ltr'><strong>τοῖς-οξφανοῖς,</strong></span> <span class='ocrx_word' id='word_1_884' title='bbox 1512 5629 1611 5681; x_wconf 75' lang='grc' dir='ltr'>καὶ</span> <span class='ocrx_word' id='word_1_885' title='bbox 1660 5631 1873 5703; x_wconf 45' lang='grc' dir='ltr'><strong>τὰ-ἐπὶ</strong></span> <span class='ocrx_word' id='word_1_886' title='bbox 1904 5630 2017 5700; x_wconf 78' lang='grc' dir='ltr'><strong>τῆς</strong></span> 
     </span>
    </p>
   </div>
   <div class='ocr_carea' id='block_1_108' title="bbox 449 5698 2015 5762">
    <p class='ocr_par' dir='ltr' id='par_1_108' title="bbox 449 5698 2015 5762">
     <span class='ocr_line' id='line_1_108' title="bbox 449 5698 2015 5762; baseline 0.01 -21"><span class='ocrx_word' id='word_1_887' title='bbox 449 5698 585 5760; x_wconf 72' lang='grc' dir='ltr'>τῆς,</span> <span class='ocrx_word' id='word_1_888' title='bbox 629 5711 748 5762; x_wconf 75' lang='lat' dir='ltr'><strong>qua:</strong></span> <span class='ocrx_word' id='word_1_889' title='bbox 781 5710 926 5751; x_wconf 86' lang='lat' dir='ltr'><strong>certe</strong></span> <span class='ocrx_word' id='word_1_890' title='bbox 970 5698 1365 5751; x_wconf 78' lang='lat' dir='ltr'><strong>sanctissimmn</strong></span> <span class='ocrx_word' id='word_1_891' title='bbox 1422 5704 1678 5753; x_wconf 78' lang='lat' dir='ltr'><strong>unitatem</strong></span> <span class='ocrx_word' id='word_1_892' title='bbox 1728 5698 2015 5756; x_wconf 80' lang='lat' dir='ltr'><strong>Trinitatis</strong></span> 
     </span>
    </p>
   </div>
   <div class='ocr_carea' id='block_1_109' title="bbox 454 5766 2009 5836">
    <p class='ocr_par' dir='ltr' id='par_1_109' title="bbox 454 5766 2009 5836">
     <span class='ocr_line' id='line_1_109' title="bbox 454 5766 2009 5836; baseline 0.006 -23"><span class='ocrx_word' id='word_1_893' title='bbox 454 5780 558 5815; x_wconf 87' lang='lat' dir='ltr'><strong>non</strong></span> <span class='ocrx_word' id='word_1_894' title='bbox 582 5766 955 5830; x_wconf 78' lang='lat' dir='ltr'><strong>respiciebant.</strong></span> <span class='ocrx_word' id='word_1_895' title='bbox 977 5766 1045 5819; x_wconf 76' lang='grc' dir='ltr'><strong>Μ.</strong></span> <span class='ocrx_word' id='word_1_896' title='bbox 1077 5796 1146 5806; x_wconf 90' lang='lat'><strong>--</strong></span> <span class='ocrx_word' id='word_1_897' title='bbox 1170 5767 1301 5819; x_wconf 83' lang='lat' dir='ltr'><strong>Dein</strong></span> <span class='ocrx_word' id='word_1_898' title='bbox 1342 5769 1500 5836; x_wconf 79' lang='lat' dir='ltr'><strong>vulgo</strong></span> <span class='ocrx_word' id='word_1_899' title='bbox 1526 5768 1693 5835; x_wconf 37' lang='grc' dir='ltr'>ἅγιον,</span> <span class='ocrx_word' id='word_1_900' title='bbox 1723 5772 1818 5822; x_wconf 75' lang='grc' dir='ltr'>καὶ</span> <span class='ocrx_word' id='word_1_901' title='bbox 1862 5771 2009 5824; x_wconf 79' lang='grc' dir='ltr'>Ἀστ.</span> 
     </span>
    </p>
   </div>
   <div class='ocr_carea' id='block_1_110' title="bbox 2131 4612 3707 4691">
    <p class='ocr_par' dir='ltr' id='par_1_110' title="bbox 2131 4612 3707 4691">
     <span class='ocr_line' id='line_1_110' title="bbox 2131 4612 3707 4691; baseline 0.01 -29"><span class='ocrx_word' id='word_1_902' title='bbox 2131 4630 2152 4662; x_wconf 80' lang='grc' dir='ltr'><strong>ι</strong></span> <span class='ocrx_word' id='word_1_903' title='bbox 2191 4612 2361 4680; x_wconf 81' lang='grc' dir='ltr'>Λόγου</span> <span class='ocrx_word' id='word_1_904' title='bbox 2388 4613 2448 4665; x_wconf 81' lang='grc' dir='ltr'>τὸ</span> <span class='ocrx_word' id='word_1_905' title='bbox 2470 4613 2691 4684; x_wconf 87' lang='grc' dir='ltr'>Πνεῦμα</span> <span class='ocrx_word' id='word_1_906' title='bbox 2719 4614 2906 4685; x_wconf 78' lang='grc' dir='ltr'>ἐξῆλθε</span> <span class='ocrx_word' id='word_1_907' title='bbox 2922 4633 2935 4646; x_wconf 88' lang='grc'><strong>·</strong></span> <span class='ocrx_word' id='word_1_908' title='bbox 2967 4616 3083 4680; x_wconf 83' lang='grc' dir='ltr'><strong>πῶς</strong></span> <span class='ocrx_word' id='word_1_909' title='bbox 3107 4614 3221 4684; x_wconf 80' lang='grc' dir='ltr'>οὖν,</span> <span class='ocrx_word' id='word_1_910' title='bbox 3243 4621 3293 4672; x_wconf 76' lang='grc' dir='ltr'><strong>ει</strong></span> <span class='ocrx_word' id='word_1_911' title='bbox 3317 4622 3381 4673; x_wconf 85' lang='grc' dir='ltr'><strong>ἐκ</strong></span> <span class='ocrx_word' id='word_1_912' title='bbox 3405 4620 3498 4673; x_wconf 85' lang='grc' dir='ltr'><strong>τοῦ</strong></span> <span class='ocrx_word' id='word_1_913' title='bbox 3523 4622 3707 4691; x_wconf 80' lang='grc' dir='ltr'>Λόγου</span> 
     </span>
    </p>
   </div>
   <div class='ocr_carea' id='block_1_111' title="bbox 2130 4701 3712 4781">
    <p class='ocr_par' dir='ltr' id='par_1_111' title="bbox 2130 4701 3712 4781">
     <span class='ocr_line' id='line_1_111' title="bbox 2130 4701 3712 4781; baseline 0.009 -30"><span class='ocrx_word' id='word_1_914' title='bbox 2130 4719 2148 4751; x_wconf 80' lang='grc' dir='ltr'><strong>ι</strong></span> <span class='ocrx_word' id='word_1_915' title='bbox 2184 4701 2477 4772; x_wconf 73' lang='grc' dir='ltr'>τδΠνεῦμα</span> <span class='ocrx_word' id='word_1_916' title='bbox 2500 4703 2753 4775; x_wconf 77' lang='grc' dir='ltr'>προῆλθε,</span> <span class='ocrx_word' id='word_1_917' title='bbox 2770 4705 2929 4758; x_wconf 76' lang='grc' dir='ltr'>πάλιν</span> <span class='ocrx_word' id='word_1_918' title='bbox 2951 4707 3012 4759; x_wconf 84' lang='grc' dir='ltr'>τὸ</span> <span class='ocrx_word' id='word_1_919' title='bbox 3030 4708 3161 4760; x_wconf 75' lang='grc' dir='ltr'>αὐτὸ</span> <span class='ocrx_word' id='word_1_920' title='bbox 3184 4710 3250 4761; x_wconf 90' lang='grc' dir='ltr'><strong>ἐκ</strong></span> <span class='ocrx_word' id='word_1_921' title='bbox 3267 4710 3357 4762; x_wconf 88' lang='grc' dir='ltr'><strong>τοῦ</strong></span> <span class='ocrx_word' id='word_1_922' title='bbox 3374 4711 3591 4781; x_wconf 80' lang='grc' dir='ltr'>Πατρὸς</span> <span class='ocrx_word' id='word_1_923' title='bbox 3614 4714 3712 4766; x_wconf 68' lang='grc' dir='ltr'><strong>ἐι-</strong></span> 
     </span>
    </p>
   </div>
   <div class='ocr_carea' id='block_1_112' title="bbox 2129 4792 3713 4873">
    <p class='ocr_par' dir='ltr' id='par_1_112' title="bbox 2129 4792 3713 4873">
     <span class='ocr_line' id='line_1_112' title="bbox 2129 4792 3713 4873; baseline 0.008 -31"><span class='ocrx_word' id='word_1_924' title='bbox 2129 4811 2147 4842; x_wconf 83' lang='grc' dir='ltr'><strong>ι</strong></span> <span class='ocrx_word' id='word_1_925' title='bbox 2188 4792 2490 4864; x_wconf 81' lang='grc' dir='ltr'>πορεύεται.</span> <span class='ocrx_word' id='word_1_926' title='bbox 2508 4812 2526 4844; x_wconf 70' lang='lat'><strong>)</strong></span> <span class='ocrx_word' id='word_1_927' title='bbox 2545 4796 2652 4847; x_wconf 74' lang='grc' dir='ltr'><strong>Καὶ</strong></span> <span class='ocrx_word' id='word_1_928' title='bbox 2668 4795 2989 4868; x_wconf 79' lang='grc' dir='ltr'>προστίθησι</span> <span class='ocrx_word' id='word_1_929' title='bbox 3006 4797 3124 4867; x_wconf 74' lang='grc' dir='ltr'>μεθ’</span> <span class='ocrx_word' id='word_1_930' title='bbox 3141 4798 3321 4869; x_wconf 78' lang='grc' dir='ltr'>ἐτερα’</span> <span class='ocrx_word' id='word_1_931' title='bbox 3354 4801 3496 4853; x_wconf 76' lang='grc' dir='ltr'><strong>«οὐκ</strong></span> <span class='ocrx_word' id='word_1_932' title='bbox 3521 4801 3713 4873; x_wconf 79' lang='grc' dir='ltr'>ὀρθῶς</span> 
     </span>
    </p>
   </div>
   <div class='ocr_carea' id='block_1_113' title="bbox 1335 4974 2561 5041">
    <p class='ocr_par' dir='ltr' id='par_1_113' title="bbox 1335 4974 2561 5041">
     <span class='ocr_line' id='line_1_113' title="bbox 1335 4974 2561 5041; baseline 0.001 -11"><span class='ocrx_word' id='word_1_933' title='bbox 1335 4975 1379 5006; x_wconf 85' lang='grc'>⁶⁶</span> <span class='ocrx_word' id='word_1_934' title='bbox 1412 4974 1566 5030; x_wconf 79' lang='lat' dir='ltr'><strong>Joan.</strong></span> <span class='ocrx_word' id='word_1_935' title='bbox 1598 4990 1709 5041; x_wconf 76' lang='lat' dir='ltr'><strong>XVI,</strong></span> <span class='ocrx_word' id='word_1_936' title='bbox 1737 4975 1822 5038; x_wconf 73' lang='lat'><strong>15,</strong></span> <span class='ocrx_word' id='word_1_937' title='bbox 1852 4977 1945 5031; x_wconf 77' lang='grc' dir='ltr'><strong>Η.</strong></span> <span class='ocrx_word' id='word_1_938' title='bbox 2016 4979 2135 5011; x_wconf 79' lang='grc'><strong>⁶¹“⁶²</strong></span> <span class='ocrx_word' id='word_1_939' title='bbox 2159 4975 2314 5031; x_wconf 76' lang='lat' dir='ltr'><strong>Joan.</strong></span> <span class='ocrx_word' id='word_1_940' title='bbox 2348 4991 2438 5035; x_wconf 79' lang='lat' dir='ltr'><strong>xx.</strong></span> <span class='ocrx_word' id='word_1_941' title='bbox 2467 4974 2561 5032; x_wconf 72' lang='lat'><strong>22.</strong></span> 
     </span>
    </p>
   </div>
   <div class='ocr_carea' id='block_1_114' title="bbox 2186 5135 3711 5214">
    <p class='ocr_par' dir='ltr' id='par_1_114' title="bbox 2186 5135 3711 5214">
     <span class='ocr_line' id='line_1_114' title="bbox 2186 5135 3711 5214; baseline -0.001 -18"><span class='ocrx_word' id='word_1_942' title='bbox 2186 5141 2297 5212; x_wconf 82' lang='lat'><strong>(&#39;58)</strong></span> <span class='ocrx_word' id='word_1_943' title='bbox 2356 5137 2687 5214; x_wconf 77' lang='grc' dir='ltr'><strong>Ἁπορῤήτῳ</strong></span> <span class='ocrx_word' id='word_1_944' title='bbox 2745 5138 2939 5214; x_wconf 40' lang='grc' dir='ltr'>Λόγῳ,</span> <span class='ocrx_word' id='word_1_945' title='bbox 3004 5135 3204 5214; x_wconf 75' lang='lat' dir='ltr'><strong>Forte,</strong></span> <span class='ocrx_word' id='word_1_946' title='bbox 3260 5140 3559 5214; x_wconf 72' lang='grc' dir='ltr'>ἀπορρήτῳ</span> <span class='ocrx_word' id='word_1_947' title='bbox 3645 5144 3711 5201; x_wconf 73' lang='grc' dir='ltr'>δὲ</span> 
     </span>
    </p>
   </div>
   <div class='ocr_carea' id='block_1_115' title="bbox 2115 5210 3714 5283">
    <p class='ocr_par' dir='ltr' id='par_1_115' title="bbox 2115 5210 3714 5283">
     <span class='ocr_line' id='line_1_115' title="bbox 2115 5210 3714 5283; baseline -0.001 -15"><span class='ocrx_word' id='word_1_948' title='bbox 2115 5210 2363 5283; x_wconf 61' lang='grc' dir='ltr'>Λόγῳιιι</span> <span class='ocrx_word' id='word_1_949' title='bbox 2392 5224 2586 5283; x_wconf 75' lang='lat' dir='ltr'><strong>sensus</strong></span> <span class='ocrx_word' id='word_1_950' title='bbox 2618 5210 2710 5269; x_wconf 82' lang='lat' dir='ltr'><strong>sit,</strong></span> <span class='ocrx_word' id='word_1_951' title='bbox 2745 5224 2851 5262; x_wconf 88' lang='lat' dir='ltr'><strong>non</strong></span> <span class='ocrx_word' id='word_1_952' title='bbox 2891 5211 2977 5283; x_wconf 64' lang='lat' dir='ltr'><strong>ltic</strong></span> <span class='ocrx_word' id='word_1_953' title='bbox 2997 5212 3215 5283; x_wconf 82' lang='lat' dir='ltr'><strong>quidem</strong></span> <span class='ocrx_word' id='word_1_954' title='bbox 3261 5210 3542 5283; x_wconf 30' lang='lat' dir='ltr'><strong>apert’e&#39;ei</strong></span> <span class='ocrx_word' id='word_1_955' title='bbox 3582 5229 3714 5267; x_wconf 84' lang='lat' dir='ltr'><strong>ma-</strong></span> 
     </span>
    </p>
   </div>
   <div class='ocr_carea' id='block_1_116' title="bbox 2120 5279 3715 5348">
    <p class='ocr_par' dir='ltr' id='par_1_116' title="bbox 2120 5279 3715 5348">
     <span class='ocr_line' id='line_1_116' title="bbox 2120 5279 3715 5348; baseline 0.001 -11"><span class='ocrx_word' id='word_1_956' title='bbox 2120 5279 2336 5344; x_wconf 59' lang='lat' dir='ltr'><strong>ttilééte,</strong></span> <span class='ocrx_word' id='word_1_957' title='bbox 2367 5280 2462 5334; x_wconf 88' lang='lat' dir='ltr'><strong>scd</strong></span> <span class='ocrx_word' id='word_1_958' title='bbox 2493 5279 2748 5348; x_wconf 70' lang='lat' dir='ltr'><strong>abstruttn</strong></span> <span class='ocrx_word' id='word_1_959' title='bbox 2777 5279 3011 5347; x_wconf 81' lang='lat' dir='ltr'><strong>quodam</strong></span> <span class='ocrx_word' id='word_1_960' title='bbox 3043 5279 3306 5348; x_wconf 79' lang='lat' dir='ltr'><strong>loquendi</strong></span> <span class='ocrx_word' id='word_1_961' title='bbox 3335 5283 3494 5337; x_wconf 85' lang='lat' dir='ltr'><strong>modo</strong></span> <span class='ocrx_word' id='word_1_962' title='bbox 3513 5284 3715 5339; x_wconf 77' lang='lat' dir='ltr'><strong>unitas</strong></span> 
     </span>
    </p>
   </div>
   <div class='ocr_carea' id='block_1_117' title="bbox 2121 5347 3706 5419">
    <p class='ocr_par' dir='ltr' id='par_1_117' title="bbox 2121 5347 3706 5419">
     <span class='ocr_line' id='line_1_117' title="bbox 2121 5347 3706 5419; baseline 0.003 -17"><span class='ocrx_word' id='word_1_963' title='bbox 2121 5355 2334 5405; x_wconf 70' lang='lat' dir='ltr'><strong>videtur</strong></span> <span class='ocrx_word' id='word_1_964' title='bbox 2370 5351 2423 5404; x_wconf 90' lang='lat' dir='ltr'><strong>in</strong></span> <span class='ocrx_word' id='word_1_965' title='bbox 2462 5347 2782 5419; x_wconf 78' lang='lat' dir='ltr'><strong>Trinitatem</strong></span> <span class='ocrx_word' id='word_1_966' title='bbox 2830 5349 3075 5403; x_wconf 82' lang='lat' dir='ltr'><strong>dilatata.</strong></span> <span class='ocrx_word' id='word_1_967' title='bbox 3127 5351 3180 5403; x_wconf 91' lang='lat' dir='ltr'><strong>Id</strong></span> <span class='ocrx_word' id='word_1_968' title='bbox 3216 5353 3358 5403; x_wconf 75' lang='lat' dir='ltr'><strong>ettint</strong></span> <span class='ocrx_word' id='word_1_969' title='bbox 3407 5358 3706 5419; x_wconf 80' lang='lat' dir='ltr'><strong>sequentia</strong></span> 
     </span>
    </p>
   </div>
   <div class='ocr_carea' id='block_1_118' title="bbox 2124 5417 3713 5489">
    <p class='ocr_par' dir='ltr' id='par_1_118' title="bbox 2124 5417 3713 5489">
     <span class='ocr_line' id='line_1_118' title="bbox 2124 5417 3713 5489; baseline 0.002 -15"><span class='ocrx_word' id='word_1_970' title='bbox 2124 5425 2338 5486; x_wconf 82' lang='lat' dir='ltr'><strong>ducent,</strong></span> <span class='ocrx_word' id='word_1_971' title='bbox 2374 5419 2495 5487; x_wconf 73' lang='grc' dir='ltr'><strong>οὐχὶ</strong></span> <span class='ocrx_word' id='word_1_972' title='bbox 2532 5417 2796 5489; x_wconf 84' lang='grc' dir='ltr'>πρόδηλόν</span> <span class='ocrx_word' id='word_1_973' title='bbox 2853 5419 2991 5479; x_wconf 84' lang='grc' dir='ltr'>ἐστι,</span> <span class='ocrx_word' id='word_1_974' title='bbox 3048 5429 3153 5489; x_wconf 85' lang='lat' dir='ltr'><strong>etc.</strong></span> <span class='ocrx_word' id='word_1_975' title='bbox 3200 5420 3329 5485; x_wconf 71' lang='lat' dir='ltr'><strong>Quae</strong></span> <span class='ocrx_word' id='word_1_976' title='bbox 3370 5417 3713 5488; x_wconf 79' lang='lat' dir='ltr'><strong>sequuntur,</strong></span> 
     </span>
    </p>
   </div>
   <div class='ocr_carea' id='block_1_119' title="bbox 2125 5488 3715 5610">
    <p class='ocr_par' dir='ltr' id='par_1_119' title="bbox 2125 5488 3715 5610">
     <span class='ocr_line' id='line_1_119' title="bbox 2125 5488 3715 5610; baseline 0.001 -65"><span class='ocrx_word' id='word_1_977' title='bbox 2125 5490 2435 5610; x_wconf 39' lang='lat' dir='ltr'><strong>Gtieiiorum</strong></span> <span class='ocrx_word' id='word_1_978' title='bbox 2461 5504 2715 5610; x_wconf 53' lang='lat' dir='ltr'><strong>ﬁrt‘ol‘ctu</strong></span> <span class='ocrx_word' id='word_1_979' title='bbox 2745 5491 2813 5543; x_wconf 92' lang='lat' dir='ltr'><strong>de</strong></span> <span class='ocrx_word' id='word_1_980' title='bbox 2836 5488 3190 5558; x_wconf 83' lang='lat' dir='ltr'><strong>processioue</strong></span> <span class='ocrx_word' id='word_1_981' title='bbox 3243 5489 3481 5557; x_wconf 88' lang='lat' dir='ltr'><strong>Spiritus</strong></span> <span class='ocrx_word' id='word_1_982' title='bbox 3518 5494 3715 5547; x_wconf 78' lang='lat' dir='ltr'><strong>sancti</strong></span> 
     </span>
     <span class='ocr_line' id='line_1_120' title="bbox 2130 5569 2534 5610; baseline 0 0"><span class='ocrx_word' id='word_1_983' title='bbox 2130 5578 2186 5610; x_wconf 82' lang='lat' dir='ltr'><strong>re</strong></span> <span class='ocrx_word' id='word_1_984' title='bbox 2214 5579 2242 5610; x_wconf 62' lang='grc' dir='ltr'><strong>ρ</strong></span> <span class='ocrx_word' id='word_1_985' title='bbox 2288 5569 2403 5610; x_wconf 87' lang='lat' dir='ltr'><strong>unt.</strong></span> <span class='ocrx_word' id='word_1_986' title='bbox 2519 5599 2534 5610; x_wconf 94' lang='lat'><strong>.</strong></span> 
     </span>
    </p>
   </div>
   <div class='ocr_carea' id='block_1_120' title="bbox 2130 5562 2534 5614">
    <p class='ocr_par' dir='ltr' id='par_1_120' title="bbox 2130 5562 2534 5614">
     <span class='ocr_line' id='line_1_121' title="bbox 2130 5562 2534 5614; baseline -0.005 0"><span class='ocrx_word' id='word_1_987' title='bbox 2130 5562 2403 5614; x_wconf 78' lang='lat' dir='ltr'><strong>refellunt.</strong></span> <span class='ocrx_word' id='word_1_988' title='bbox 2461 5562 2534 5612; x_wconf 80' lang='grc' dir='ltr'><strong>Μ.</strong></span> 
     </span>
    </p>
   </div>
   <div class='ocr_carea' id='block_1_121' title="bbox 2195 5625 3720 5710">
    <p class='ocr_par' dir='ltr' id='par_1_121' title="bbox 2195 5625 3720 5710">
     <span class='ocr_line' id='line_1_122' title="bbox 2195 5625 3720 5710; baseline 0.002 -26"><span class='ocrx_word' id='word_1_989' title='bbox 2195 5632 2313 5710; x_wconf 59' lang='grc' dir='ltr'><strong>(59λ</strong></span> <span class='ocrx_word' id='word_1_990' title='bbox 2538 5626 2643 5710; x_wconf 69' lang='grc' dir='ltr'><strong>ςρῦ</strong></span> <span class='ocrx_word' id='word_1_991' title='bbox 2676 5625 3154 5710; x_wconf 59' lang='grc' dir='ltr'>λαμϐάνοι.</span> <span class='ocrx_word' id='word_1_992' title='bbox 3194 5628 3349 5710; x_wconf 66' lang='grc' dir='ltr'>Πεεει</span> <span class='ocrx_word' id='word_1_993' title='bbox 3385 5639 3441 5685; x_wconf 86' lang='lat' dir='ltr'><strong>et</strong></span> <span class='ocrx_word' id='word_1_994' title='bbox 3467 5629 3548 5687; x_wconf 85' lang='lat' dir='ltr'><strong>sic</strong></span> <span class='ocrx_word' id='word_1_995' title='bbox 3562 5628 3627 5702; x_wconf 74' lang='grc' dir='ltr'>ἢ,</span> <span class='ocrx_word' id='word_1_996' title='bbox 3658 5634 3720 5687; x_wconf 71' lang='grc' dir='ltr'>ιι</span> 
     </span>
    </p>
   </div>
   <div class='ocr_carea' id='block_1_122' title="bbox 2122 5697 3309 5768">
    <p class='ocr_par' dir='ltr' id='par_1_122' title="bbox 2122 5697 3309 5768">
     <span class='ocr_line' id='line_1_123' title="bbox 2122 5697 3309 5768; baseline -0.001 -15"><span class='ocrx_word' id='word_1_997' title='bbox 2122 5697 2316 5753; x_wconf 70' lang='grc' dir='ltr'>ἐκτοῦ</span> <span class='ocrx_word' id='word_1_998' title='bbox 2349 5697 2498 5753; x_wconf 65' lang='lat' dir='ltr'><strong>nos.</strong></span> <span class='ocrx_word' id='word_1_999' title='bbox 2642 5726 2713 5737; x_wconf 94' lang='lat'><strong><em>—</em></strong></span> <span class='ocrx_word' id='word_1_1000' title='bbox 2745 5698 2831 5766; x_wconf 84' lang='lat' dir='ltr'><strong>(Ei</strong></span> <span class='ocrx_word' id='word_1_1001' title='bbox 2858 5702 2987 5768; x_wconf 68' lang='lat' dir='ltr'><strong>add.</strong></span> <span class='ocrx_word' id='word_1_1002' title='bbox 3023 5715 3086 5750; x_wconf 77' lang='lat' dir='ltr'><strong>ex</strong></span> <span class='ocrx_word' id='word_1_1003' title='bbox 3125 5699 3309 5768; x_wconf 74' lang='lat' dir='ltr'><strong>codd.)</strong></span> 
     </span>
    </p>
   </div>
   <div class='ocr_carea' id='block_1_123' title="bbox 2192 5762 3271 5839">
    <p class='ocr_par' dir='ltr' id='par_1_123' title="bbox 2192 5762 3271 5839">
     <span class='ocr_line' id='line_1_124' title="bbox 2192 5762 3271 5839; baseline -0.003 -17"><span class='ocrx_word' id='word_1_1004' title='bbox 2192 5769 2305 5839; x_wconf 61' lang='lat'><strong>(50)</strong></span> <span class='ocrx_word' id='word_1_1005' title='bbox 2334 5768 2500 5836; x_wconf 76' lang='lat' dir='ltr'><strong>Vnigo</strong></span> <span class='ocrx_word' id='word_1_1006' title='bbox 2522 5767 2648 5836; x_wconf 76' lang='grc' dir='ltr'>ἔφη,</span> <span class='ocrx_word' id='word_1_1007' title='bbox 2681 5776 2733 5821; x_wconf 85' lang='lat' dir='ltr'><strong>el</strong></span> <span class='ocrx_word' id='word_1_1008' title='bbox 2755 5762 2888 5821; x_wconf 73' lang='grc' dir='ltr'>ἰιιοκ</span> <span class='ocrx_word' id='word_1_1009' title='bbox 2910 5762 3047 5819; x_wconf 75' lang='grc' dir='ltr'>εἶναι</span> <span class='ocrx_word' id='word_1_1010' title='bbox 3080 5768 3271 5836; x_wconf 78' lang='grc' dir='ltr'>φῆσαι.</span> 
     </span>
    </p>
   </div>
  </div>
