4082 6382
347 381 489 438 {005

1217 371 1326 433 ’ΒΕ
1369 378 1903 434 ECCLESIASTICA
1944 378 2334 433 THEOLOGIA
2371 379 2502 435 LIB.
2546 380 2635 436 Ill.

3451 381 3471 430 1
3484 383 3548 432 Oti
3557 380 3587 429 li

354 515 372 547 ι
401 491 493 550 οὖν
521 497 638 551 ούδέ
666 501 1045 569 προσηκόντως
1064 497 1249 569 εἴρηκε
1273 500 1419 567 τρεῖς
1441 498 1763 560 ὑποστάσεις
1785 494 1921 550 εἶναι

2031 516 2049 548 ι
2096 499 2314 552 iterum.
2355 518 2372 548 ι
2406 498 2508 554 Per
2555 501 2668 554 ba:c
2706 508 2759 553 et
2811 497 2894 551 his
2949 495 3145 549 similia
3213 494 3296 548 vir
3355 497 3589 562 prudens

351 605 372 639 ς
387 589 565 659 φήσας
583 591 679 660 οὐχ
697 590 862 654 ἅπαξ,
875 590 1006 643 ἀλλὰ
1022 591 1115 644 καὶ
1129 588 1278 642 δεύτε
1289 606 1392 659 ρον.
1409 608 1425 638 ν
1438 589 1599 641 Διὰδέ
1613 589 1814 642 τούτων
1834 590 1924 641 καί

346 676 455 727 τῶν
484 676 690 740 τούτοις
718 679 914 748 ὁμοίων
952 681 979 732 ό
996 677 1298 746 σοφώτατος
1315 679 1565 748 πειρᾶται
1586 680 1926 731 κατασκευά-

350 763 465 828 ζειν
495 767 588 819 ἐνα
618 770 710 820 καὶ
737 769 828 821 τὸν
857 771 1014 823 αὑτὸν
1042 765 1178 822 εἶναι
1211 769 1318 837 (41)
1350 768 1564 838 Πατέρα
1584 769 1782 821 καὶτὸν
1800 768 1925 820 Υἰδν

350 859 444 910 καί
465 859 614 926 ἅγιον
632 859 870 930 Πνεῦμα,
892 862 1054 930 τριῶν
1076 861 1350 930 ὀνομάτων
1371 861 1510 914 κατὰ
1535 861 1662 930 μιᾶς
1685 861 1922 913 ὑποστά-

352 963 488 1010 σεως
507 949 788 1019 κειμένων.
809 951 941 1003 Οὐδὲ
962 950 1067 1022 γὰρ
1083 953 1141 1002 ἐν
1173 951 1380 1013 τούτοις
1399 950 1650 1018 συνῆκεν,
1667 953 1811 1013 ὅπως
1830 952 1924 1004 καὶ

346 1040 378 1092 ό
416 1039 535 1101 Υἱὸς
569 1040 680 1109 (42)
699 1042 760 1092 ἐκ
786 1041 878 1093 τοῦ
908 1042 1115 1111 Πατρός
1151 1041 1538 1111 ἐκπορεύεσθαι
1564 1041 1798 1109 λέγεται,
1829 1043 1922 1094 καὶ

347 1131 408 1184 τὸ
434 1131 585 1199 ἆγιον
615 1133 835 1202 Πνεῦμα
872 1133 1090 1203 ὁμοίως,
1123 1133 1243 1185 οὐδὲ
1267 1134 1455 1202 νοῆσαι
1490 1133 1768 1202 δεδύνηται
1803 1133 1923 1195 πῶς

348 1225 477 1296 περὶ
503 1225 596 1277 τοῦ
623 1225 777 1293 ἁγίου
802 1226 1115 1296 Πνεύματος
1139 1221 1287 1276 εἶπεν
1313 1228 1340 1277 ό
1368 1227 1557 1296 Σωτὴρ
1585 1225 1666 1289 τὸ,
1702 1227 1800 1280 Ἐκ
1817 1226 1921 1279 τοῦ

344 1316 492 1383 ἐμοῦ
524 1316 779 1384 λήψεται
819 1318 914 1369 καὶ
961 1317 1280 1384 ἀναγγελεῖ
1307 1317 1466 1385 ὑμῖν,
1504 1318 1621 1371 ούδέ
1667 1336 1781 1381 πως
1811 1321 1923 1380 τοῖς

345 1410 509 1463 αὑτοῦ
536 1409 800 1480 μαθηταῖς
829 1412 1145 1482 ἐμφυσήσεις
1177 1410 1287 1478 (tl-5)
1339 1408 1440 1479 ἔφη
1463 1425 1475 1438 ·
1515 1407 1731 1461 Λάϐετε
1753 1407 1923 1478 ἅγιον

344 1503 586 1571 Πνεῦμα
603 1520 616 1533 ο
648 1503 676 1555 ὃ
699 1503 762 1574 δὴ
794 1506 903 1566 τοῖς
925 1501 1160 1564 εὐσεϐῶς
1187 1500 1446 1572 θεωροῦσι
1478 1499 1664 1570 ῥᾳδίαν
1688 1499 1795 1564 ἕξει
1822 1500 1921 1570 τὴν

343 1593 516 1656 λύσιν,
552 1596 600 1647 εἰ
626 1594 900 1662 λογίσαιτό
925 1612 1026 1657 τις,
1053 1594 1126 1656 ὡς
1146 1594 1174 1645 ὁ
1197 1593 1322 1656 Υἱὸς
1355 1593 1440 1644 ἀεὶ
1467 1591 1638 1644 συνὼν
1664 1593 1759 1644 καὶ
1781 1609 1921 1662 συμ-

345 1683 534 1756 παρὼν
571 1684 648 1755 τῷ
689 1686 863 1755 Πατρὶ
902 1687 1031 1736 εἴσω
1080 1701 1205 1742 που,
1248 1682 1436 1752 ὥσπερ
1483 1684 1540 1734 ἐν
1577 1681 1788 1744 ἀδύτοις
1829 1683 1922 1735 καὶ
1965 1701 1969 1704 ·

344 1776 564 1838 ἀϐάτοις
600 1776 699 1845 τῆς
737 1775 1007 1845 πατρικῆς
1035 1775 1306 1845 βασιλείας
1342 1771 1634 1839 ἐτύγχανεν
1663 1771 1756 1834 ὢν,
1802 1768 1920 1824 εἶτα

342 1867 399 1920 δέ
440 1867 532 1919 ἐπὶ
566 1867 806 1938 σωτηρίᾳ
849 1867 940 1920 τοῦ
977 1867 1082 1920 τῶν
1115 1864 1412 1938 ἀνθρώπων
1433 1865 1622 1932 γένους
1655 1863 1790 1933 πρὸς
1824 1862 1917 1915 τοῦ
1949 1893 1994 1951 Β

344 1958 559 2026 Πατρὸς
590 1959 1022 2029 ἐκπεμπόμενος,
1071 1959 1132 2012 ἐκ
1163 1957 1257 2010 τοῦ
1298 1957 1510 2028 Πατρὸς
1544 1954 1918 2023 ἐξεληλυθέναι

343 2051 535 2103 ἑαυτὸν
567 2050 750 2119 ἔλεγεν
780 2051 892 2120 (Us)
917 2067 930 2079 '
963 2051 989 2104 ὃ
1024 2051 1086 2121 δὴ
1112 2052 1205 2104 καὶ
1234 2050 1456 2120 ἑτέρωθι
1489 2049 1576 2101 διὰ
1610 2047 1920 2119 παραϐολῆς

343 2141 527 2212 ἐδήλου
555 2142 682 2213 περὶ
703 2140 892 2194 ἐαυτοῦ
920 2141 1112 2210 λέγων,
1153 2140 1439 2208 Ἐξῆλθεν
1465 2144 1496 2192 ό
1525 2141 1788 2206 σπείρων
1816 2139 1920 2191 τοῦ

343 2233 602 2301 σπεῖραι.
640 2232 808 2286 Πόθεν
833 2232 940 2304 γὰρ
979 2232 1198 2302 ἐξῆλθεν
1227 2231 1259 2302 ἢ
1305 2234 1368 2285 ἐκ
1403 2231 1508 2283 τῶν
1533 2231 1798 2283 ἐνδοτάτω
1827 2229 1922 2298 βα-

347 2325 560 2378 σιλείων
606 2327 701 2397 τῆς
730 2327 998 2396 πατρικῆς
1030 2326 1306 2397 θεότητος;
1338 2325 1490 2378 Κατὰ
1541 2325 1596 2377 δὲ
1627 2324 1719 2377 τὸν
1759 2323 1922 2377 αὑτὸν

345 2414 525 2483 λόγον,
545 2416 639 2467 κα)⁵
656 2415 715 2466 τὸ
735 2416 886 2483 ἆγιον
903 2414 1124 2485 Πνεῦμα
1148 2414 1415 2484 παρεστὸς
1432 2415 1517 2468 ἀεὶ
1529 2413 1605 2483 τῷ
1626 2413 1798 2484 θρόνῳ
1823 2413 1918 2465 τοῦ

344 2508 500 2572 Θεοῦ,
527 2508 648 2561 ἐπεὶ
675 2509 765 2560 καὶ
785 2509 988 2576 μυρίαι
1009 2507 1292 2576 μυριάδες
1328 2510 1782 2575 παρεστήκασιν
1813 2507 1921 2558 αὐ-

344 2598 448 2664 τῷ,
507 2599 647 2653 κατὰ
694 2601 784 2652 τὸν
820 2599 1035 2670 Δανιὴλ,
1080 2598 1436 2652 ἀπεστέλλετο
1483 2599 1575 2652 καὶ
1608 2599 1761 2658 αὐτὸ,
1792 2597 1923 2649 ποτὲ

349 2688 448 2758 μὲν
481 2689 538 2741 ἐν
575 2686 702 2740 εῖδει
745 2687 1067 2758 περιστερᾶς
1094 2687 1184 2738 ἐπὶ
1209 2687 1298 2739 τὸν
1329 2687 1454 2738 Υἰὸν
1481 2685 1575 2738 τοῦ
1610 2684 1919 2756 ἀνθρώπου,

346 2779 479 2832 ποτὲ
517 2778 573 2830 δέ
602 2779 685 2848 ἐφ’
710 2777 936 2831 ἕκαστον
965 2778 1074 2831 τῶν
1103 2777 1393 2849 προφητῶν
1423 2778 1516 2830 καὶ
1551 2777 1660 2829 τῶν
1689 2776 1920 2830 ἀποστό-

344 2869 452 2921 λων
472 2886 483 2898 ·
509 2868 589 2920 διὸ
625 2871 688 2921 ἐκ
721 2868 812 2921 τοῦ
834 2869 1043 2940 Πατρδς
1067 2867 1457 2941 ἐκπορεύεσθαι
1489 2869 1580 2921 καὶ
1611 2867 1741 2922 αὐτὸ
1773 2867 1924 2938 εἴρη-

343 2977 455 3014 ται.
501 2960 611 3012 Καὶ
638 2958 690 3012 τί
720 2958 1051 3030 θαυμάξεις;
1089 2959 1246 3012 ὁπότε
1281 2960 1373 3012 καὶ
1399 2959 1526 3028 περὶ
1555 2957 1646 3010 τοῦ
1678 2956 1924 3010 διαϐόλου

343 3050 613 3116 λέλεκται,
657 3051 766 3105 Καὶ
808 3051 1067 3120 ἐξῆλθεν
1107 3053 1140 3104 ὀ
1178 3050 1456 3116 διάϐολος
1486 3048 1644 3116 παρὰ
1670 3049 1776 3102 τοῦ
1803 3051 1923 3100 Κυ-

336 3144 512 3212 ρίου’
558 3144 652 3196 καὶ
692 3143 940 3211 δεύτερον
989 3140 1148 3195 πάλιν
1205 3140 1439 3211 εἴρηται,
1475 3137 1722 3206 Ἐξῆλθε
1769 3137 1838 3188 δὲ
1892 3139 1925 3190 ὀ

2027 591 2078 642 id
2131 592 2260 658 agit,
2291 600 2348 643 ut
2389 592 2528 644 idem
2561 600 2762 644 statuat
2785 604 2903 644 esse
2933 587 3168 649 Patrem,
3195 595 3250 641 et
3272 586 3487 650 Fillum,
3532 598 3588 637 et

2029 685 2088 742 is
2125 681 2380 748 Spiritum
2428 691 2672 735 sanctum
2717 697 2731 733 :
2771 693 2984 746 nempe,
3010 689 3068 730 ut
3091 679 3156 731 de
3184 693 3286 730 una
3312 676 3588 746 bypostasi

2027 773 2125 825 tria
2169 774 2381 826 nomina
2429 771 2806 841 pra-dicentur.
2869 769 2979 824 Nec
3029 769 3261 822 advertit
3302 769 3442 837 quod
3499 768 3590 820 hic

2023 862 2192 917 Filius
2221 864 2286 918 de
2331 862 2489 918 Patre
2513 879 2611 916 suo
2647 877 2962 932 progressus
2988 861 3187 915 dicitur
3234 869 3288 914 et
3341 860 3588 914 similiter

2025 963 2242 1007 sanctus
2269 954 2532 1022 Spiritus;
2572 969 2668 1007 nec
2691 953 2906 1020 assequi
2931 953 3120 1021 potuit,
3150 957 3418 1020 quomodo
3451 952 3591 1004 dixit

2025 1049 2090 1100 tle
2126 1047 2327 1114 Spiritu
2360 1055 2548 1100 sancto
2577 1047 2851 1107 Servalor,
2885 1043 2960 1096 De
2982 1060 3092 1096 meo
3119 1052 3346 1096 assumet
3400 1053 3448 1096 et
3488 1060 3588 1094 an-

2024 1139 2282 1190 nuntiabit
2326 1137 2501 1200 vobis;
2554 1152 2651 1190 nec
2699 1135 2840 1204 quod
2883 1135 2934 1188 in
2972 1135 3259 1203 discipulos
3295 1135 3590 1202 inspirabat

2022 1230 2226 1291 dicens,
2248 1231 2478 1295 Accipite
2499 1228 2755 1296 Spiritum
2777 1237 3037 1282 sanctum.
3066 1228 3194 1292 Quae
3217 1227 3422 1279 facilem
3449 1226 3588 1293 apud

2021 1321 2139 1388 pios
2184 1321 2504 1375 solutionem
2551 1321 2847 1381 invenient,
2886 1321 2929 1373 si
2981 1321 3068 1387 qui
3113 1320 3278 1373 velint
3313 1317 3588 1371 reminisri

2023 1409 2162 1477 quod
2186 1408 2374 1472 Filius,
2405 1424 2616 1478 semper
2656 1425 2778 1462 cum
2814 1408 2972 1464 Patre
3005 1425 3100 1463 suo
3139 1424 3378 1478 praesens
3406 1419 3461 1462 et
3487 1425 3590 1460 una

2023 1499 2310 1563 exsistens,
2338 1501 2484 1554 intus
2511 1507 2626 1554 erat
2662 1499 2800 1567 apud
2848 1499 3017 1565 illum,
3047 1499 3205 1554 veluti
3237 1501 3288 1553 in
3319 1500 3496 1570 adytis
3537 1508 3594 1552 et

2023 1589 2315 1643 inaccessis
2360 1589 2567 1657 paterni
2596 1589 2758 1654 iregui
2789 1589 3154 1654 receptaculis.
3186 1589 3387 1642 Dt-inde
3413 1588 3480 1641 ad
3505 1601 3592 1640 sa-

2022 1680 2187 1734 lutem
2229 1680 2460 1734 humano
2488 1679 2670 1748 generi
2711 1681 3124 1747 procuranilam,
3171 1681 3425 1732 emissum
3473 1695 3531 1733 se
3560 1697 3591 1732 a

2021 1771 2184 1826 Patre
2210 1771 2425 1826 venisse
2454 1772 2585 1826 dicit
2623 1789 2636 1824 :
2685 1771 2827 1839 quod
2867 1780 2920 1823 et
2949 1770 3070 1823 alibi
3100 1773 3152 1823 in
3188 1772 3439 1838 parabola
3467 1773 3595 1826 fecit

2023 1863 2363 1916 manifestum
2404 1861 2707 1930 :Egressus
2757 1870 2831 1914 est
2878 1861 3160 1914 seminator
3206 1859 3274 1912 ad
3323 1861 3591 1914 seminan-

2020 1956 2144 2008 dum
2170 1955 2252 2008 "z
2289 1954 2430 2007 unde
2479 1954 2623 2008 enim
2652 1967 2900 2021 egressus
2937 1961 3100 2016 esset,
3150 1952 3250 2006 nisi
3296 1968 3360 2006 ex
3389 1953 3594 2006 inlimis

2024 2049 2179 2116 regiae
2211 2048 2572 2116 penetralibus
2599 2057 2834 2114 paterna:
2861 2045 3195 2098 divinitatis?
3221 2046 3300 2098 Ad
3341 2046 3588 2099 eumdem

2020 2139 2255 2200 modum,
2287 2149 2341 2193 et
2381 2139 2616 2208 Spiritus
2646 2149 2866 2192 sanctus
2893 2152 3109 2207 semper
3149 2147 3203 2190 et
3230 2142 3486 2192 continuo
3514 2154 3596 2190 as-

2020 2231 2159 2283 sistit
2205 2229 2397 2283 throno
2445 2230 2559 2294 Dei,
2628 2245 2749 2282 cum
2799 2230 2964 2282 decies
3033 2237 3249 2281 centena
3295 2229 3460 2280 millia
3513 2230 3595 2279 illi

2019 2329 2188 2374 astent
2211 2321 2276 2384 “,
2306 2322 2598 2375 secundum
2624 2319 2916 2374 Danielem.
2945 2319 3138 2374 Missus
3164 2334 3324 2388 porro
3347 2329 3430 2373 est
3457 2321 3555 2374 iste
3575 2360 3591 2382 ,

2021 2426 2162 2464 nunc
2203 2410 2258 2464 in
2308 2411 2479 2479 ﬁgura
2528 2410 2793 2464 columba:
2847 2425 3009 2479 super
3060 2410 3252 2463 Filium
3308 2410 3590 2475 hominis;

2020 2517 2165 2555 nunc
2194 2517 2356 2572 super
2386 2516 2819 2570 unumquemque
2865 2503 3251 2570 prophetarum
3280 2513 3335 2557 et
3373 2517 3593 2571 aposm—

2020 2592 2194 2647 lorum
2230 2610 2245 2647 :
2274 2594 2416 2646 unde
2443 2602 2499 2646 et.
2531 2593 2617 2646 ille
2652 2607 2863 2660 quoque
2885 2593 3082 2646 dicitur
3108 2598 3172 2647 de
3205 2594 3360 2649 Patre
3383 2610 3599 2663 proces-

2021 2685 2180 2737 sisse.
2214 2682 2353 2748 Quid
2382 2683 2600 2736 mireris
2651 2693 2854 2747 autem,
2907 2698 3027 2736 cum
3061 2683 3142 2736 vel
3174 2683 3240 2736 de
3269 2685 3487 2738 diabolo
3513 2687 3595 2738 di-

2020 2787 2178 2830 catur
2211 2773 2320 2827 :Et
2347 2790 2582 2843 egressus
2605 2784 2679 2826 est
2704 2774 2943 2827 diabolus
2973 2791 3004 2827 a
3031 2775 3135 2828 Deo
3176 2775 3254 2837 ⁶⁸;
3285 2786 3339 2830 et
3365 2776 3590 2830 iterum:

2022 2865 2280 2934 Egressus
2306 2875 2380 2917 est
2403 2863 2645 2918 diabolus
2662 2864 2706 2895 “‘
2724 2864 2746 2916 ?
2763 2864 2866 2918 Sed
2895 2873 2948 2918 et
2975 2866 3230 2933 scriptum
3263 2865 3501 2920 invenies
3529 2869 3596 2919 de

2020 2957 2244 3011 Acbabo
2274 2955 2480 3010 dictum
2509 2977 2522 3009 ε
2559 2954 2628 3008 Et
2658 2957 2813 3010 exivit
2853 2957 3067 3023 spiritus
3099 2972 3341 3020 nequam,
3383 2967 3429 3008 et
3458 2961 3594 3010 stetit

2022 3065 2200 3102 coram
2229 3047 2474 3112 Domino,
2502 3056 2550 3100 et
2571 3049 2702 3100 dixit
2722 3061 2740 3098 :
2783 3047 2894 3118 Ego
2923 3049 3176 3116 decipiam
3209 3049 3358 3102 illum
3381 3050 3446 3105 ⁸⁷.
3491 3052 3596 3103 Sed

2023 3141 2090 3194 de
2118 3141 2271 3195 bisce
2305 3139 2588 3210 spiritibus
2617 3140 2682 3192 ad
2720 3141 3051 3209 oppositum,
3091 3142 3361 3208 quomodo
3387 3142 3598 3196 dicatur

343 3235 618 3300 διάϐολος
645 3235 759 3288 ἀπὸ
781 3235 892 3288 τοῦ
919 3235 1158 3301 Κυρίου.
1188 3231 1383 3302 Εὖροις
1414 3232 1468 3284 δέ
1494 3231 1559 3283 ἂν
1587 3232 1679 3282 καὶ
1708 3233 1801 3283 ἐπὶ
1825 3229 1918 3282 τοῦ

2025 3229 2226 3283 exiisse
2253 3243 2368 3294 eos,
2397 3243 2499 3282 non
2535 3228 2586 3281 in
2618 3228 2868 3295 praesenti
2909 3229 3235 3284 laboramus.
3283 3229 3599 3300 Unigeuitus

357 3328 563 3399 Ἀχαέιϐ
613 3324 711 3379 εἶτ’
762 3326 876 3395 (45)
925 3325 1174 3394 ἐπιφέρει
1220 3325 1253 3393 ἡ
1298 3323 1509 3392 Γραφὴ·
1542 3321 1652 3372 Καὶ
1695 3319 1917 3387 ἐξῆλθε

344 3420 578 3489 πνεῦμα
608 3417 894 3485 πονηρὸν,
934 3415 1032 3470 καὶ
1061 3415 1209 3481 ἔστη
1251 3412 1507 3465 ἐνώπιον
1546 3412 1766 3478 Κυρίου
1818 3409 1916 3462 καὶ

343 3512 539 3564 εἶπεν·
584 3509 722 3578 Ἐγὼ
750 3506 1036 3573 ἀπατήσω
1051 3506 1253 3560 αὐτόν.
1303 3503 1460 3556 Ἀλλὰ
1494 3502 1665 3555 ταῦτα
1701 3501 1798 3572 μὲν
1831 3503 1919 3553 ἐν-

346 3601 500 3655 αντία
533 3601 836 3671 πνεύματα,
871 3601 1015 3661 ὅπως
1038 3597 1093 3650 δέ
1123 3597 1219 3649 καὶ
1247 3595 1367 3648 τίνα
1387 3593 1583 3663 τρόπον
1605 3592 1836 3664 εἴρηται,
1855 3591 1917 3643 οὐ

343 3694 438 3748 νῦν
495 3693 685 3762 καιρὸς
738 3690 1244 3760 πολυπραγμονεῖν
1284 3689 1314 3740 ό
1357 3685 1413 3738 δὲ
1467 3683 1758 3754 μονογενὴς
1793 3683 1919 3745 Υἱὺς

345 3783 439 3840 τοῦ
490 3783 623 3837 Θεοῦ
672 3784 736 3835 ἐκ
779 3781 871 3836 τοῦ
901 3781 1113 3852 Πατρδς
1145 3777 1520 3850 ἐξεληλυθέναι
1558 3775 1744 3828 ἑαυτὸν
1773 3773 1922 3827 διδά-

349 3894 492 3937 σκει,
517 3876 604 3928 διὰ
637 3875 698 3926 τὸ
730 3878 962 3928 συνεῖναι
1003 3871 1150 3942 αὐτῷ
1178 3871 1428 3932 πάντοτε,
1457 3868 1547 3921 καὶ
1589 3866 1650 3919 τὸ
1683 3864 1835 3933 ἅγιον
1866 3865 1923 3918 δὲ

348 3967 573 4037 Πνεῦμα
593 3966 789 4037 ὁμοίως
811 3965 993 4034 ἕτερον
1023 3965 1265 4034 ὑπάρχον
1299 3960 1448 4030 παρὰ
1467 3958 1557 4011 τὸν
1582 3955 1729 4008 Υῐόν.
1769 3957 1834 4008 Ὃ
1859 3954 1924 4025 δὴ

2022 3333 2154 3373 vero
2177 3318 2270 3372 Dei
2306 3319 2474 3372 Filius
2515 3332 2573 3372 se
2615 3318 2682 3370 de
2710 3316 2870 3372 Patre
2901 3319 3102 3372 exiisse
3141 3321 3320 3384 docet,
3352 3335 3416 3374 eo
3454 3324 3596 3390 quod

2023 3411 2164 3477 apud
2215 3424 2336 3462 eum
2386 3417 2502 3462 erat
2550 3420 2797 3476 semper;
2839 3417 2894 3461 et
2944 3409 3020 3462 sic
3057 3410 3259 3477 pariter
3310 3411 3375 3464 de
3412 3425 3599 3464 sancto

2025 3498 2257 3566 Spiritu,
2320 3501 2410 3567 qui
2451 3509 2631 3554 tamen
2689 3499 2827 3552 alius
2874 3509 2954 3553 est
2987 3515 3014 3551 a
3058 3499 3216 3555 Filio.
3265 3499 3414 3566 Quod
3465 3504 3598 3554 satis

2025 3591 2168 3644 clare
2198 3590 2457 3644 Servator
2486 3592 2658 3656 docet,
2691 3589 2971 3658 inquiens:
2996 3591 3068 3643 De
3091 3608 3200 3644 meo
3226 3603 3392 3646 sumet
3423 3603 3467 3646 et
3499 3612 3599 3646 an-

2027 3683 2286 3735 mtntiabit
2329 3682 2490 3736 vobis.
2532 3682 2692 3737 Certe
2725 3681 2851 3735 hinc
2882 3681 3112 3737 eﬂicitur
3139 3699 3242 3738 non
3283 3701 3403 3740 esse
3433 3703 3596 3740 unum

2029 3785 2191 3841 atque
2221 3775 2470 3828 eumdem
2527 3773 2719 3828 Filium
2765 3785 2818 3829 et
2857 3785 3100 3828 sanctqu
3133 3773 3412 3844 Spiritum.
3462 3777 3594 3830 Nam

2027 3865 2168 3934 quod
2194 3879 2224 3918 a
2261 3879 2532 3934 quoquam
2563 3865 2855 3933 quidquam
2895 3865 3144 3934 percipit,
3172 3867 3442 3919 diversum
3470 3870 3598 3935 quid

2030 3955 2348 4024 intelligitur
2371 3971 2398 4006 a
2427 3955 2685 4024 largiente
2713 3971 2854 4008 csse.

349 4061 536 4130 σαφῶς
579 4060 737 4124 αὐτὸς
785 4060 814 4111 ό
857 4057 1044 4126 Σωτὴρ
1087 4054 1381 4127 παρίστησι
1426 4052 1630 4120 λέγων·
1688 4049 1784 4102 Ἐκ
1846 4047 1954 4102 τοῦ
2011 4048 2157 4116 ἐμοῦ
2231 4047 2489 4116 λήψεται
2544 4047 2642 4102 καὶ
2701 4049 3022 4118 ἀναγγελεῖ
3086 4049 3246 4118 ὑμῖν.
3307 4051 3599 4121 Ἀντικρυς

345 4158 456 4228 γὰρ
500 4155 903 4228 παραστατικὸν
963 4154 1030 4207 ἂν
1077 4153 1162 4224 εἴη
1198 4151 1357 4204 τοῦτο
1412 4148 1506 4202 τοῦ
1558 4145 1634 4217 μὴ
1669 4140 1808 4198 εἶναι
1860 4144 1919 4197 ἓν
1958 4146 2054 4198 καὶ
2102 4145 2298 4199 ταύτὸν
2341 4147 2431 4198 τὸν
2479 4144 2609 4197 Υἱὸν
2645 4146 2738 4198 καὶ
2793 4145 2852 4198 τὸ
2907 4144 3062 4214 ἅγιον
3100 4144 3360 4216 Πνεῦμα·
3404 4146 3597 4216 τὸγὰρ

344 4250 476 4321 παρ’
519 4247 706 4318 ἐτέρου
748 4243 1043 4315 λαμϐάνον,
1078 4259 1131 4294 τι
1163 4240 1346 4311 ἕτερον
1380 4235 1531 4307 παρὰ
1572 4234 1664 4288 τὸν
1713 4233 1922 4286 διδόντα
1961 4236 2180 4286 νοεῖται.

992 4335 1150 4388 ΚΕΦ.
1185 4332 1263 4389 E'.

417 4439 614 4502 Ὅπως
665 4437 696 4488 ὁ
742 4432 944 4502 Σωτὴρ
977 4430 1109 4502 περι
1148 4427 1254 4502 τοῦ
1287 4426 1460 4496 ἁγίου
1501 4424 1847 4491 Πνεύματος

986 4498 1285 4564 ἐδίδαξεν.

412 4598 525 4653 Καὶ
555 4597 638 4651 ὅτι
671 4595 779 4666 (46)
814 4594 1000 4664 ἕτερόν
1035 4595 1150 4646 ἐστι
1190 4587 1251 4641 τὸ
1287 4585 1514 4656 Πνεῦμα
1540 4584 1602 4638 τὸ
1631 4584 1784 4650 ἅγιον
1818 4579 1915 4632 τοῦ

343 4690 478 4744 Υῑοῦ
515 4688 803 4759 διαρρήδην
843 4688 936 4739 κα).
977 4684 1244 4754 διαφόρως
1286 4677 1629 4738 λευκοτάτοις
1679 4675 1921 4759 ῥήμασιν

345 4781 457 4852 (47)
489 4755 652 4840 αὐτός
729 4755 916 4846 Σωτὴρ
942 4775 1038 4828 καὶ
1067 4773 1269 4843 Κύριος
1293 4769 1453 4840 ἡμῶν
1492 4765 1715 4852 ἔδειξεν,
1749 4764 1806 4852 ἐν
1837 4755 1919 4822 οἷς

345 4850 480 4938 πρὸς
505 4870 630 4930 τοὺς
659 4865 824 4920 αὐτοῦ
853 4862 1100 4935 μαθητὰς
1116 4863 1320 4930 ἐλεγεν,
1371 4859 1504 4912 Ἐὰν
1525 4850 1794 4924 ἀγαπᾶτέ
1817 4867 1920 4919 με,

341 4962 450 5027 τὰς
474 4960 728 5026 ἐντολὰς
758 4959 862 5024 τὰς
881 4957 1027 5027 ἐμὰς
1052 4954 1342 5021 τηρήσετε
1362 4969 1376 4984 ο
1421 4949 1519 5003 καὶ
1555 4946 1670 5016 ἐγὼ
1701 4942 1923 5014 ἐρωτή-

340 5071 431 5108 σω
477 5053 586 5106 τὸν
612 5050 861 5119 Πατέρα,
917 5048 1014 5102 καὶ
1056 5047 1252 5099 ἄλλον
1304 5040 1699 5110 Παράκλητον
1740 5035 1921 5088 δώσει

1941 4345 1991 4402 D

2569 4331 2697 4389 ›Ῑ‹›Ι‹
2732 4325 2883 4382 CAP.
2930 4325 2996 4380 ν.

2148 4435 2420 4500 Quomodo
2457 4436 2521 4490 de
2552 4447 2731 4490 sancto
2768 4436 2968 4501 Spiritu
2999 4433 3249 4491 Servator
3271 4437 3468 4491 docuit.

2091 4569 2249 4626 Certe
2279 4571 2423 4639 quod
2449 4569 2698 4624 diversus
2743 4571 2808 4625 sit
2841 4568 3029 4624 aFilio
3080 4581 3136 4625 et
3182 4571 3322 4625 alius
3364 4570 3599 4640 Spiritus

2021 4673 2262 4728 sanctus,
2294 4677 2550 4732 expresse
2581 4673 2637 4716 et
2659 4661 2980 4717 clarissimis
3002 4663 3180 4716 verbis
3207 4663 3364 4718 docet
3397 4665 3596 4718 Serra-

2024 4762 2107 4808 tor
2139 4765 2190 4808 et
2222 4755 2479 4808 Dominus
2508 4765 2714 4820 noster,
2751 4753 2840 4808 ubi
2897 4753 2977 4808 sic
3009 4755 3300 4822 discipulos
3350 4753 3544 4810 affatur
3578 4774 3593 4810 :

2027 4845 2088 4899 Si
2107 4845 2327 4914 diligitis
2345 4861 2446 4911 me,
2476 4847 2728 4900 mtmdata
2750 4862 2862 4900 mea
2881 4847 3203 4907 custodietis.
3226 4858 3274 4901 et
3292 4863 3384 4917 ego
3407 4852 3598 4915 rogabo

2028 4935 2263 4998 Patrem,
2291 4945 2341 4988 et
2372 4937 2536 4988 alium
2584 4934 2923 4990 Paracletum
2959 4938 3106 4990 dabit
3130 4939 3294 5002 vobis,
3321 4947 3378 4990 ut
3415 4939 3482 4989 sit
3507 4955 3594 4988 vo-

2027 5030 2220 5081 biscum
2263 5030 2316 5090 in
2346 5029 2558 5093 secula,
2585 5027 2839 5095 Spiritum
2888 5031 3144 5094 veritatis,
3181 5046 3332 5100 quem
3371 5031 3596 5084 mundus

417 5199 476 5257 >14
523 5192 616 5246 Ed.
653 5191 850 5251 Paris.,
879 5207 930 5260 p.
966 5187 1232 5260 169.7170.
1307 5185 1350 5214 ⁸³
1376 5183 1541 5236 Marc.
1576 5193 1650 5244 tv,
1678 5177 1731 5229 3.
1814 5174 1863 5205 “
1898 5172 1924 5226 Γ

2023 5211 2032 5225 .
2069 5187 2164 5235 vn,
2199 5171 2284 5227 10.
2360 5171 2405 5203 ⁸⁸
2435 5170 2568 5226 an.
2595 5186 2667 5236 tv,
2695 5171 2782 5227 15.
2861 5172 2910 5202 ⁸⁸
2939 5171 3041 5226 Job
3067 5187 3122 5235 II,
3155 5171 3208 5226 7.
3282 5171 3326 5202 ⁵⁷
3355 5169 3418 5224 lll
3463 5170 3596 5241 Reg.

340 5264 549 5326 nihil
573 5281 589 5328 ;
614 5261 654 5315 ll
687 5261 863 5314 Paral.
883 5259 1054 5322 ’xvnt,
1085 5259 1120 5311 τι
1139 5260 1193 5311 θ.

415 5396 527 5464 (41)
555 5395 724 5458 Vulgo
755 5389 896 5464 [καὶ]
931 5391 1168 5462 Πατέρα.

415 5463 525 5540 (4:1)
562 5467 728 5540 Etuta"
759 5467 821 5540 ἐξ(
854 5463 1024 5535 Πατρ-

415 5525 528 5606 (45)
565 5525 730 5601 Vulgo
766 5533 918 5600 ἔλεγε
949 5525 1005 5585 εἰ
1051 5545 1169 5584 mox
1215 5527 1336 5582 λάε.
1375 5526 1482 5600 [τὸ]
1524 5527 1590 5580 Π.
1627 5527 1688 5578 τὸ
1732 5525 1913 5593 ἅγιονο

415 5675 528 5746 (Η)
559 5671 724 5746 Vulgo
749 5674 778 5746 δ
810 5672 865 5725 δέ
881 5690 908 5746 :A
939 5669 1252 5746 mox_vn_lgo
1280 5670 1734 5746 napeﬁczﬁuaot~n

415 5734 528 5816 (45)
569 5734 690 5818 Εῑτθ
735 5743 996 5812 ἐπιφέρει
1051 5743 1090 5808 ἢ
1127 5734 1376 5818 ραρήί
1412 5734 1678 5792 Ριηυ’ἐνθ“
1727 5734 1916 5818 ἐπιφέ-

343 5813 451 5888 ρει,
503 5817 762 5884 Spiritum
812 5826 1082 5878 sanctum,
1133 5813 1256 5865 hinc
1304 5818 1547 5879 apparet,
1577 5824 1696 5877 squo
1732 5813 1785 5862 in
1818 5824 1917 5859 nu-

2023 5396 2178 5435 mero
2203 5381 2397 5435 habeat
2439 5374 2720 5437 Eusebius,
2753 5374 3005 5427 nimirum
3039 5374 3182 5428 inter
3221 5387 3400 5426 meras
3445 5388 3604 5426 crea—

2023 5463 2188 5504 turas.
2244 5447 2397 5503 Εἶναι
2453 5445 2598 5498 Υἱόν.
2676 5445 3136 5504 llescribenclum,
3197 5444 3259 5496 τὸ
3305 5443 3464 5495 τοῦτο
3531 5444 3605 5514 μὴ

2021 5518 2158 5574 εἶναι
2197 5521 2253 5573 ἓν
2292 5519 2386 5573 καὶ
2431 5516 2647 5569 ταύτόν.
2677 5514 2748 5570 Μ.
2786 5546 2853 5554 --
2892 5516 3085 5569 Addidi
3131 5531 3254 5567 cum
3293 5517 3452 5568 codd.
3509 5514 3604 5564 τοῦ

2019 5604 2142 5660 post
2166 5591 2349 5644 τοῦτο.

2089 5662 2200 5727 (46)
2231 5660 2399 5727 Vulgo
2432 5672 2542 5711 om.
2568 5675 2653 5725 γε.

2091 5722 2202 5800 (47)
2233 5722 2417 5794 Αὐτὸς
2446 5733 2478 5781 ό
2501 5722 2706 5796 Σωτὴρ
2745 5727 2840 5783 καὶ
2885 5729 3116 5796 Κύριος.
3153 5726 3307 5782 Deest
3334 5722 3484 5779 διδὰσ
3509 5740 3614 5784 κει,

2021 5805 2101 5858 vel
2142 5800 2458 5872 παρίστησι,
2489 5815 2577 5853 aut
2617 5800 2789 5854 simile
2813 5803 2963 5868 quid.
2993 5800 3060 5852 Μ.
