4082 6380
506 446 643 502 1⁷007

1172 442 1441 500 EUSEBll
1478 442 1954 500 CAESARIENSIS
1991 443 2142 500 OPP.
2187 446 2367 500 PARS
2407 444 2496 500 IV.
2535 474 2604 486 --—
2644 444 3064 500 DOGMATICA.

3604 446 3747 501 1008

505 577 610 617 non
630 571 794 631 potest
828 576 1011 628 capere
1034 562 1100 614 ⁸⁸.
1142 559 1303 616 Vides
1343 571 1400 616 ut
1437 560 1701 631 Spiritmn
1730 570 1887 617 vocet
1916 562 2075 617 alium

2183 564 2343 632 ὑμῖν,
2368 563 2467 615 ἵνα
2496 557 2538 632 ᾖ
2564 562 2692 631 μεθ’
2714 561 2879 630 ὑμῶν
2909 564 2997 627 εὶς
3026 562 3132 615 τὸν
3161 560 3369 625 αἰῶνα,
3409 562 3472 615 τὸ
3507 562 3753 632 Πνεῦμα

503 651 836 708 Paraclctnm
872 660 926 705 et
952 652 1221 704 diversum
1254 668 1281 703 a
1325 669 1400 706 se.
1444 652 1595 717 Quod
1625 654 1667 706 si
1691 652 1889 709 alllavit
1915 654 2076 710 disci-

508 743 658 812 pulos
677 753 731 797 et
758 743 911 804 dixit,
947 742 1176 809 Accipite
1200 741 1455 812 Spiritum
1493 754 1753 807 sanctum,
1780 743 1824 775 °’
1867 745 1956 798 hic
1982 759 2075 798 ue-

503 836 646 891 scire
675 849 773 889 nos
820 849 924 888 non
958 844 1189 904 oportet,
1239 836 1381 904 quod
1416 833 1624 889 amatus
1656 835 1748 890 ille
1790 837 2074 890 mundatu-

505 942 600 983 τίη
642 937 756 982 erat
779 925 1173 995 quodammodo
1206 928 1419 980 animos
1447 925 1838 993 apostolorum,
1881 936 1940 980 ut
1962 926 2072 994 apti

505 1020 585 1074 sic
615 1029 670 1074 et
700 1017 945 1088 dispositi
992 1027 1174 1073 essent
1234 1017 1302 1073 ad
1339 1017 1602 1087 Spiritum
1648 1028 1895 1073 sanctum
1937 1020 2074 1072 reci-

502 1108 780 1177 piendum.
812 1106 997 1176 Neque
1042 1107 1185 1160 enim
1213 1107 1411 1161 dicitur
1458 1109 1510 1161 iu
1542 1106 1733 1161 faciem
1756 1121 1942 1161 eorum
1989 1107 2071 1160 in-

501 1197 771 1261 sulllasse;
840 1212 937 1250 nec
993 1196 1134 1265 quod
1181 1196 1509 1266 spiraculum
1562 1198 1706 1261 vitae,
1759 1208 1816 1250 ut
1868 1196 2074 1250 Adamn

504 1290 774 1358 quondam
798 1288 939 1343 Deus
968 1286 1332 1354 inspiraverat
1370 1288 1449 1342 eis
1482 1287 1532 1341 in
1569 1286 1783 1351 laciem,
1813 1296 1907 1339 aut
1931 1286 2074 1356 quod

501 1382 762 1449 Spiritum
799 1390 1046 1434 sanctum
1098 1395 1114 1432 :
1159 1379 1253 1433 sed
1288 1378 1586 1447 inspirasse
1636 1379 1690 1432 in
1728 1378 1914 1447 primis
1942 1378 2074 1432 dici-

502 1482 621 1538 tur;
658 1482 713 1525 et
742 1481 854 1524 tum
885 1470 1137 1539 deinceps
1165 1469 1384 1534 dixisse,
1415 1471 1639 1536 Accipite
1674 1468 1929 1539 Spiritum
1950 1486 2069 1522 san-

500 1575 661 1618 ctum.
701 1561 840 1616 Dare
867 1571 1047 1615 autem
1074 1560 1336 1630 Spiritqu
1370 1560 1654 1615 manifeste
1691 1560 1869 1625 docet,
1896 1560 2075 1614 diver-

500 1671 624 1711 sum
653 1669 775 1710 esse
805 1656 977 1723 ipsum
1012 1669 1042 1707 a
1091 1653 1236 1706 dato.
1296 1650 1411 1706 Non
1443 1662 1561 1707 erat
1598 1667 1728 1719 ergo
1770 1648 2074 1705 idem‘daus

502 1760 560 1806 et
582 1750 790 1805 datum.
826 1746 932 1802 Sed
961 1746 1051 1816 qui
1073 1745 1401 1816 largiebatur
1433 1744 1690 1798 Servator
1713 1753 1849 1804 erat,
1891 1744 2071 1797 datum

502 1854 634 1893 vero
657 1847 876 1893 sanctus
912 1836 1146 1905 Spiritus
1177 1852 1192 1889 :
1224 1834 1555 1904 accipientes
1594 1831 1824 1901 apostoli
1873 1853 1885 1887 :
1922 1829 2071 1885 allia-

2179 651 2289 719 τῆς
2322 651 2628 720 ἀληθείας,
2674 650 2705 703 ὃ
2761 651 2795 704 ὸ
2845 652 3072 719 κόσμος
3127 652 3198 705 οὐ
3242 651 3489 705 δύναται
3521 649 3749 705 λαϐεῖν.

2192 744 2353 813 Ὁρᾷς
2396 744 2542 806 ὅπως
2578 742 2639 794 τὸ
2674 742 2902 812 Πνεῦμα
2928 741 2989 794 τὸ
3015 740 3369 813 Παράκλητον
3404 743 3590 813 ἕτερον
3613 738 3755 798 εἷναί

2181 850 2313 903 φησι
2359 835 2450 887 καὶ
2499 833 2627 887 ἄλλο
2676 834 2805 903 παρ’
2840 833 3059 887 ἑαυτόν·
3102 836 3151 886 εί
3186 834 3243 887 δὲ
3290 834 3613 905 ἐμφυσήσας
3639 837 3754 897 τοῖς

2183 925 2449 997 μαθηταῖς
2470 921 2588 978 εἷπε
2609 942 2623 955 ο
2648 923 2868 979 Λάϐετε
2893 924 3138 994 Πνεῦμα
3154 924 3342 993 ἅγιον,
3368 925 3426 977 οὐ
3456 922 3561 995 χρὴ
3590 924 3757 993 ἀγνο-

2180 1019 2279 1081 εῖν,
2303 1016 2378 1080 ὼς
2406 1018 2467 1071 τὸ
2489 1018 2586 1088 μὲν
2614 1017 2918 1088 ἐμφύσημα
2941 1016 3270 1088 καθαρτικόν
3296 1034 3411 1080 πως
3431 1010 3500 1087 ἦν
3524 1016 3626 1085 τῆς
3647 1013 3759 1066 τῶν

2180 1110 2490 1162 ἀποστόλων
2556 1109 2751 1179 ψυχῆς,
2812 1109 3146 1180 ἐπιτηδείως
3186 1109 3382 1170 αὐτοὺς
3426 1106 3538 1177 (48)
3574 1123 3757 1177 παρα-

2185 1197 2447 1262 σκευάζον
2470 1198 2570 1268 τῆς
2594 1198 2685 1251 τοῦ
2711 1197 2865 1266 ἁγίου
2889 1197 3204 1270 Πνεύματος
3229 1198 3516 1269 ὑποδοχῆς.
3546 1198 3622 1249 υύ
3645 1196 3759 1267 γὰρ

2179 1290 2260 1352 εἰς
2298 1284 2359 1341 τὸ
2394 1289 2681 1360 πρόσωπον
2714 1288 2890 1343 αὐτῶν
2931 1290 3248 1365 ἐμφυσῆσαι
3273 1290 3508 1359 λέγεται,
3542 1289 3650 1342 οὐδ’
3671 1287 3754 1341 ὅτι

2180 1380 2347 1451 πνοὴν
2385 1380 2549 1451 ζωῆς,
2578 1380 2686 1433 οὐδ’
2722 1382 2804 1433 ὅτι
2828 1381 2937 1452 (49)
2966 1381 3189 1451 Πνεῦμα
3226 1382 3398 1451 ἅγιον,
3430 1381 3505 1444 ὡς
3540 1380 3632 1434 ἐπὶ
3657 1379 3754 1433 τοῦ

2194 1468 2363 1540 ’Δδὰμ
2392 1470 2821 1541 ἀναγέγραπται,
2854 1470 2935 1524 ὃτι
2987 1471 3318 1542 ἐνεφύσησεν
3357 1472 3387 1523 ὁ
3426 1470 3559 1534 Θεὸς
3576 1472 3658 1533 είς
3693 1469 3757 1523 τὸ

2181 1559 2467 1631 πρόσωπον
2498 1562 2661 1615 αὑτοῦ
2700 1562 2811 1631 (50)
2864 1563 3028 1635 πνοὴν
3077 1562 3240 1633 ζωῆς,
3294 1561 3407 1616 ἀλλ’
3442 1561 3757 1632 ἐμφυσῆσαι

2183 1652 2280 1721 μὲν
2333 1652 2546 1723 εἴρηται
2588 1654 2870 1725 πρότερον,
2910 1653 3102 1708 ἔπειτα
3138 1656 3331 1717 εἰπεῖν,
3377 1652 3598 1707 Λάϐετε
3640 1652 3754 1723 (51)

2180 1746 2421 1816 Πνεῦμα
2446 1747 2643 1818 ἅγιον·
2683 1747 2743 1801 τὸ
2768 1748 2827 1802 δὲ
2856 1747 3051 1802 διδόναι
3079 1744 3238 1800 αὑτὸν
3260 1745 3322 1800 τδ
3345 1747 3566 1820 Πνεῦμα
3595 1745 3758 1801 πάλιν

2179 1837 2362 1909 ἕτερον
2381 1839 2542 1892 αὐτὸν
2566 1840 2801 1911 παρίστη
2830 1838 2922 1892 τοῦ
2948 1838 3238 1911 διδομένου.
3279 1838 3390 1909 (52)
3416 1839 3529 1891 Ούκ
3557 1838 3624 1892 ἂν
3644 1837 3758 1908 γὰρ

505 1941 593 1987 tus
622 1928 1136 1991 mundilicatorium,
1164 1937 1221 1981 ut
1247 1927 1382 1991 dixi,
1420 1925 1785 1994 apostolorqu
1808 1941 1822 1978 :
1842 1935 1936 1979 aut
1964 1925 2073 1978 sal-

2179 1926 2204 1978 ὁ
2240 1926 2404 1990 αὐτὸς
2454 1923 2522 1999 ἦν
2576 1930 2605 1981 ὁ
2652 1928 2847 1995 διδοὺς,
2872 1929 2965 1982 καὶ
3013 1928 3074 1980 τὸ
3103 1927 3396 1999 διδόμενονο
3428 1928 3546 1982 ἀλλ’
3582 1929 3612 1981 ό
3657 1929 3759 1999 μὲν

507 2032 614 2077 tem
662 2021 998 2088 operativum
1055 2016 1562 2072 communicationis
1606 2015 1838 2083 Spiritus
1873 2017 2069 2080 sancti,

503 2126 628 2165 nam
663 2110 873 2165 utrovis
901 2109 1058 2163 modo
1086 2108 1258 2177 possis
1298 2106 1667 2175 interpretari.
1697 2106 1804 2161 Sed
1832 2107 1956 2160 hinc
1980 2123 2074 2176 ap-

500 2210 655 2273 paret
714 2200 875 2254 alium
909 2200 977 2253 ab
1016 2196 1106 2252 illo
1129 2212 1249 2252 esse
1277 2206 1523 2252 sanctum
1566 2196 1828 2264 Spiritum
1857 2214 1870 2249 :
1896 2198 1985 2249 ubi
2021 2206 2075 2251 et

504 2296 555 2346 iu
578 2292 804 2360 adjectis
828 2301 1011 2359 postea
1068 2289 1325 2343 scribitur
1351 2306 1365 2340 :
1393 2287 1453 2342 Si
1483 2292 1601 2357 quis
1631 2305 1711 2341 me
1736 2289 1929 2358 diligit,
1966 2305 2075 2341 ser-

502 2380 637 2435 vabit
667 2396 810 2434 nteos
841 2395 1123 2433 sermones.
1166 2377 1235 2431 Et
1269 2376 1430 2431 Pater
1468 2394 1610 2432 meus
1650 2378 1828 2447 diliget
1859 2396 1995 2440 eum.
2026 2388 2074 2433 et

501 2475 571 2527 ad
603 2472 1063 2539 illumveniemus,
1097 2481 1144 2525 et
1181 2472 1502 2524 mansionem
1534 2472 1675 2538 apud
1719 2471 1866 2524 illum
1912 2471 2077 2541 facie-

503 2582 617 2619 mus
643 2566 709 2617 ⁷ο.
746 2562 952 2629 Quibus
1006 2562 1107 2617 ista
1154 2561 1425 2615 subnectit
1462 2577 1476 2613 :
1508 2558 1737 2615 Locutus
1771 2581 1884 2616 sum
1912 2564 2075 2630 vobis,

500 2656 642 2721 apud
673 2670 760 2708 vos
811 2668 1046 2716 manens,
1088 2651 1178 2704 sed
1217 2649 1524 2703 Paracletus
1561 2651 1650 2705 ille
1689 2650 1920 2721 Spiritus
1956 2669 2077 2706 san-

500 2754 636 2807 ctus,
664 2758 815 2811 quem
841 2743 1096 2793 missurus
1116 2748 1189 2793 est
1222 2737 1380 2793 Pater
1407 2740 1460 2793 in
1488 2742 1693 2795 nomine
1716 2759 1849 2809 meo,
1876 2743 1966 2797 ille
1989 2762 2078 2798 vos

503 2835 702 2888 docebit
748 2835 947 2892 omnia,
995 2842 1044 2884 et
1092 2841 1322 2900 suggeret
1362 2832 1505 2885 vobis
1535 2836 1705 2885 omnia
1735 2835 2077 2903 qurulocutus

502 2942 618 2980 sum
670 2924 900 2979 vobis“.
958 2928 1017 2984 ἧι
1062 2922 1228 2975 Audis
1261 2930 1319 2975 ut
1362 2922 1415 2975 in
1450 2938 1676 2977 numero
1719 2924 2079 2979 multitudinis

504 3016 775 3084 loquatur,
796 3010 1064 3066 Veniemus
1088 3021 1133 3062 et
1153 3012 1476 3066 mansionem
1493 3015 1632 3081 apud
1656 3031 1770 3067 eum
1802 3015 2076 3082 faciemus,

505 3109 572 3157 de
602 3116 662 3157 se
712 3103 813 3155 huc
864 3102 1073 3155 locutus
1125 3110 1180 3155 et
1216 3101 1285 3156 de
1316 3100 1496 3158 Patre.
1540 3103 1615 3158 De
1646 3104 1850 3173 Spiritu
1899 3117 2076 3160 autem

2176 2015 2430 2086 παρέχων
2454 2012 2521 2087 ἦν
2548 2020 2577 2071 ὁ
2627 2017 2838 2089 Σωτὴρ,
2869 2018 2979 2088 (55)
3008 2018 3069 2071 τὸ
3098 2018 3156 2071 δὲ
3183 2018 3459 2089 διδόμενον
3504 2016 3568 2071 τὸ
3600 2019 3757 2088 ἅγιον

2175 2107 2420 2178 Πνεῦμα,
2463 2111 2512 2161 oi
2543 2108 2601 2162 δὲ
2631 2109 2997 2180 λαμϐάνοντες
3041 2111 3091 2162 ol
3121 2109 3428 2171 ἀπόστολοι,
3471 2108 3537 2181 τὸν
3568 2106 3626 2162 δὲ
3657 2110 3761 2180 ἐμ-

2176 2198 2403 2270 φύσημα
2432 2199 2781 2271 καθαρτικὸν,
2809 2201 2884 2264 ὡς
2915 2200 3071 2271 ἔφην,
3098 2201 3205 2255 τῶν
3236 2201 3570 2265 ἀποστόλων,
3605 2201 3638 2272 ἢ
3661 2202 3760 2255 καί

2175 2290 2523 2361 ἐνεργητικὸν
2573 2292 2670 2361 τῆς
2713 2291 3050 2362 μεταδόσεως
3090 2291 3182 2345 τοῦ
3234 2293 3388 2361 ἁγίου
3419 2292 3757 2363 Πνεύματος.

2176 2381 2452 2453 ἑκατέρως
2483 2382 2592 2453 γὰρ
2621 2385 2759 2435 νοεῖν
2785 2382 3027 2436 δυνατόν.
3058 2383 3204 2454 Πλὴν
3230 2384 3294 2437 ἐκ
3314 2383 3520 2438 τούτων
3542 2383 3759 2438 δείκνυ-

2175 2492 2264 2527 ται
2295 2475 2480 2546 ἕτερον
2507 2474 2748 2546 ὑπάρχον
2778 2475 2908 2548 παρ’
2935 2476 3095 2529 αὑτὸν
3122 2475 3183 2529 τὸ
3216 2477 3369 2545 ἅγιον
3402 2476 3648 2547 Πνεῦμα,
3680 2478 3762 2541 ὡς

2177 2566 2271 2617 καὶ
2291 2564 2380 2618 διὰ
2400 2565 2506 2619 τῶν
2523 2566 2951 2638 ἐπιφερομένων,
2969 2566 3035 2619 δι’
3053 2562 3127 2621 ὧν
3157 2566 3316 2620 πάλιν
3344 2568 3758 2639 ἀναγέγραπται

2179 2663 2377 2730 φήσας,
2420 2658 2554 2713 Ἐάν
2597 2677 2689 2726 τις
2726 2657 2928 2729 ἀγαπᾷ
2960 2676 3057 2728 με,
3082 2659 3188 2712 τὸν
3214 2660 3401 2728 λόγον
3430 2676 3551 2729 μου
3581 2660 3759 2729 τηρή-

2177 2764 2295 2813 σει,
2329 2752 2428 2805 καὶ
2474 2754 2506 2805 ὁ
2533 2750 2732 2820 Πατήρ
2756 2770 2875 2821 μου
2908 2751 3205 2821 ἀγαπήσει
3234 2752 3452 2814 αὐτὸν.
3482 2752 3581 2806 καὶ
3608 2752 3755 2823 πρὸς

2177 2847 2363 2899 αὑτὸν
2392 2846 2783 2913 ἐλευσόμεθα,
2810 2844 2908 2897 καὶ
2930 2844 3131 2914 μονὴν
3158 2845 3293 2913 παρ’
3316 2843 3477 2910 αὐτῷ
3509 2846 3757 2915 ποιησό-

2173 2940 2342 3005 μεθα.
2404 2931 2498 2999 Οἷς
2538 2934 2820 3007 ἐπιφέρει·
2857 2935 3047 2989 Ταῦτα
3087 2935 3397 3004 λελάληκα
3435 2935 3576 3005 ὑμῖν
3622 2936 3759 3007 παρ’

2178 3027 2319 3096 ὑμῖν
2335 3025 2553 3097 μένων,
2582 3028 2614 3079 ὁ
2630 3025 2696 3079 δὲ
2719 3025 3096 3094 Παράχλτρτος
3125 3027 3192 3079 τὸ
3210 3027 3452 3098 Πνεῦμα
3477 3028 3544 3082 τὸ
3565 3028 3758 3099 ἅγιον,

2180 3120 2212 3173 ὃ
2244 3120 2466 3189 πέμψει
2506 3121 2538 3172 ὀ
2563 3117 2764 3187 Πατήρ
2800 3136 2921 3187 μου
2952 3119 3023 3172 ἐν
3056 3117 3135 3184 τῷ
3168 3120 3415 3189 ὀνόματι
3432 3139 3573 3191 μου,
3604 3122 3761 3176 ἐκεῖ·

506 3202 719 3256 sancto,
752 3203 1010 3260 ιιιιιιιιιειιι
1052 3192 1118 3245 dc
1160 3192 1265 3244 alio
1310 3191 1570 3260 loquitur,
1616 3192 1715 3247 Ille
1753 3211 1841 3249 eos
1877 3196 2075 3251 docebit

2181 3228 2289 3278 νος
2349 3210 2505 3281 ὑμᾶς
2555 3209 2781 3275 διδάξει
2839 3208 3035 3263 πάντα
3087 3211 3187 3264 καὶ
3234 3212 3572 3281 ὑπομνήσει
3604 3212 3762 3284 ὑμᾶς

505 3287 699 3339 omnia.
745 3283 890 3338 Talis
926 3284 1065 3338 modi
1113 3295 1167 3338 et
1232 3283 1363 3337 illud
1386 3294 1505 3337 erat
1547 3303 1559 3337 :
1595 3284 1811 3355 Rogabo
1840 3284 2075 3353 Patrem,

2182 3276 2525 3358 adrtavéata
2548 3298 2723 3356 εἷπον
2743 3301 2902 3371 ὑμῖν.
2953 3301 3195 3366 Ἀκούεις
3234 3276 3385 3367 ὅπως
3413 3276 3766 3377 πληθυντικῷ

503 3388 550 3429 et
581 3377 746 3430 alium
777 3374 1112 3430 I’uracletum
1147 3376 1290 3428 dabit
1322 3376 1485 3440 vobis,
1522 3387 1574 3428 ut
1620 3378 1664 3429 is
1710 3378 1780 3430 sit
1817 3379 2079 3432 vobiscum

502 3469 559 3522 in
583 3477 858 3530 wternum,
886 3466 1138 3534 Spiritum
1191 3467 1442 3521 veritatis.
1480 3467 1792 3523 Paraclctus
1824 3469 1987 3539 igitur
2012 3470 2082 3523 ab

504 3544 623 3628 ipso
651 3570 769 3614 erat
798 3560 952 3613 alius.
992 3557 1124 3612 Nam
1159 3559 1225 3612 de
1246 3572 1310 3612 eo
1340 3558 1577 3627 loquitur
1603 3560 1668 3612 ad
1704 3563 1848 3613 hunc
1877 3561 2078 3615 dictum

505 3654 744 3706 tutulum.
778 3649 906 3703 Jure
945 3648 1151 3716 optimo
1178 3648 1339 3717 igitur
1365 3649 1593 3706 addidit.
1639 3658 1693 3702 et
1726 3650 1825 3703 ista
1861 3651 2078 3704 dicens:

507 3742 637 3796 Ha'c
663 3742 804 3795 vobis
834 3740 1037 3792 locutus
1058 3755 1172 3792 sum
1196 3738 1369 3792 adhuc
1391 3754 1605 3792 manens
1634 3740 1895 3792 vobiscum
1920 3755 1939 3792 :
1968 3737 2080 3791 Pu-

504 3834 735 3886 racletus
764 3842 936 3883 autem
963 3828 1053 3881 ille
1074 3844 1253 3894 nempe
1273 3825 1503 3894 Spiritus
1532 3839 1766 3891 sanctus,
1788 3844 1941 3897 quem
1969 3827 2080 3882 Pa-

507 3934 587 3977 ter
616 3923 778 3975 mittet
828 3922 884 3973 in
911 3920 1118 3973 nomine
1155 3932 1287 3980 meo,
1323 3917 1411 3970 ille
1437 3935 1525 3971 vos
1562 3919 1761 3971 docebit
1800 3920 1999 3981 omnia,
2029 3926 2079 3971 et

505 4024 741 4083 suggeret
786 4014 930 4065 vobis
967 4010 1163 4072 omnia,
1208 4024 1526 4078 quascunque
1571 4025 1664 4077 ego
1701 4008 1905 4064 locutus
1941 4027 2076 4064 sum.

507 4107 619 4176 Ego
646 4105 811 4166 enim,
846 4103 1039 4172 inquit,
1072 4102 1331 4157 hactenus
1357 4101 1460 4156 ista
1502 4100 1654 4155 vobis
1694 4101 1905 4157 locutus
1937 4117 2077 4167 sum,

507 4208 562 4251 at
592 4196 826 4266 Spiritus
857 4193 945 4248 ille
974 4192 1220 4247 veritatis
1259 4207 1418 4261 quem
1477 4192 1740 4247 missurus
1785 4202 1867 4249 est
1898 4192 2077 4258 Pater,

506 4290 554 4343 is
584 4303 678 4343 vos
713 4296 822 4340 tum
852 4285 1069 4343 docebit
1113 4284 1198 4337 illa
1230 4282 1409 4338 omnia
1449 4298 1570 4353 qua:
1621 4299 1762 4340 nunc
1800 4300 1904 4340 non
1937 4287 2079 4340 didi-

504 4382 676 4444 cistis,
732 4389 1014 4449 propterea
1054 4377 1196 4446 quod
1228 4376 1681 4445 comprehendere
1712 4390 1775 4430 ea
1823 4394 1928 4432 non
1957 4393 2079 4448 pos-

504 4471 646 4526 sitis.
680 4470 769 4524 llle
810 4486 932 4524 cum
974 4467 1201 4533 venerit,
1245 4465 1560 4520 Paracletus
1609 4468 1848 4536 inquam,
1902 4470 2077 4524 adim-

504 4581 672 4651 plebit
702 4579 1024 4639 doctrinam,
1050 4576 1102 4630 iu
1138 4573 1450 4629 memoriam
1475 4573 1627 4628 vobis
1655 4592 1757 4629 una
1794 4591 2075 4640 revocans,

2180 3395 2445 3466 κέχρηται
2470 3392 2657 3465 τρόπῳ
2688 3392 2798 3464 (54)
2843 3392 2925 3455 τὺ,
2962 3393 3382 3461 Ἔλευσόμεθα,
3433 3393 3535 3448 καὶ
3555 3395 3759 3464 μονὴν

2179 3485 2315 3552 παρ’
2335 3482 2494 3549 αὑτῷ
2517 3485 2903 3553 ποιησόμεθα,
2941 3484 3069 3554 ιντερ)¹
3098 3483 3261 3537 αὐτοῦ
3293 3484 3386 3537 καὶ
3414 3484 3508 3537 τοῦ
3544 3485 3763 3556 Πατρὸς

2181 3577 2379 3646 φήσας,
2414 3576 2509 3629 καὶ
2543 3575 2618 3638 ὡς
2644 3576 2773 3648 ⁸ιοερ),
2801 3573 2893 3627 τοῦ
2923 3574 3079 3643 ἁγίου
3113 3574 3426 3644 Πνεύματος
3465 3573 3755 3640 διαλαλῶν,

2180 3671 2257 3730 ὡς
2303 3666 2433 3737 περὶ
2483 3666 2672 3737 ἐτέρου
2716 3664 2870 3734 ἔλεγε
2919 3664 3001 3730 τὸ,
3048 3663 3296 3729 Ἐκεῖνος
3334 3661 3487 3731 ὑμᾶς
3527 3662 3754 3729 διδάξει

2180 3758 2395 3812 πάντα.
2428 3757 2682 3811 Τοιοῦτον
2714 3756 2771 3810 δὲ
2798 3752 2868 3827 ἦν
2912 3757 3004 3809 καὶ
3035 3755 3117 3819 τὸ,
3157 3753 3304 3823 Ἐγὼ
3334 3751 3612 3820 ἐρωτήσω
3647 3754 3762 3807 τὸν

2180 3848 2412 3916 Πατέρα
2428 3846 2528 3900 καὶ
2539 3845 2733 3900 ἄλλον
2742 3844 3134 3913 Παράκλητον
3147 3842 3324 3896 δώσει
3336 3841 3497 3911 ὑμῖν,
3510 3842 3612 3895 ἵνα
3625 3843 3760 3911 μεθ’

2179 3938 2349 4010 ὑμῶν
2377 3937 2415 4011 ἦ
2446 3942 2533 4006 εὶς
2566 3939 2675 3992 τὸν
2710 3937 2911 4002 αἰῶνα,
2947 3938 3012 3991 τὸ
3041 3935 3282 4006 Πνεῦμα
3311 3936 3421 4003 τῆς
3448 3934 3759 4003 ἀληθείας.

2180 4032 2389 4088 Οὐκοῦν
2412 4033 2597 4103 ἕτερος
2626 4026 2694 4102 ἦν
2728 4031 2857 4101 παρ’
2892 4029 3053 4083 αὑτὸν
3078 4031 3107 4083 ὁ
3138 4027 3512 4101 Παράκλητος,
3544 4028 3671 4099 περὶ
3696 4019 3763 4081 οὗ

2179 4125 2250 4179 τὰ
2285 4124 2521 4179 τοσαῦτα
2542 4123 2835 4176 ἐδίδασκεν.
2868 4122 3108 4185 Εἰκότως
3139 4117 3231 4174 οὖν
3256 4116 3413 4182 αὖθις
3448 4119 3761 4191 προσετίθει

2180 4218 2383 4287 λέγων·
2405 4216 2594 4272 Ταῦτα
2608 4215 2922 4282 λελάληκα
2955 4214 3097 4283 ὑμῖν
3131 4214 3268 4280 παρ’
3303 4211 3445 4282 ὑμῖν
3471 4211 3693 4280 μένων.
3726 4215 3759 4265 ό

2179 4308 2248 4363 δὲ
2284 4308 2693 4378 Παράκλητος,
2733 4305 2798 4359 τὸ
2836 4306 3079 4374 Πνεῦμα
3120 4304 3187 4358 τὸ
3223 4302 3702 4375 armabat-Smper
3722 4305 3754 4355 ὁ

2178 4399 2383 4468 Πατήρ
2395 4417 2516 4469 μου
2531 4399 2601 4450 ὲν
2615 4396 2694 4462 τῷ
2714 4398 2959 4467 ὀνόματι
2964 4414 3106 4467 μου,
3122 4394 3351 4460 ἐκεῖνος
3363 4392 3519 4464 ὑμᾶς
3532 4393 3754 4457 διδάξει

2180 4491 2394 4553 πάντα,
2439 4491 2536 4544 καὶ
2586 4489 2925 4558 ὑπομνήσει
2985 4486 3141 4557 ὑμᾶς
3189 4485 3384 4540 πάντα
3408 4486 3525 4540 ὅσα
3560 4482 3752 4540 εἶπον.

2197 4578 2338 4648 Ἐγὼ
2375 4581 2470 4649 μὲν
2497 4577 2604 4651 γὰρ
2632 4578 2768 4641 τέως
2791 4576 2943 4631 ταῦθ’
2967 4572 3094 4648 ὑμῖν
3114 4575 3407 4647 λελάληκα,
3441 4575 3594 4647 φησὶ.
3621 4575 3683 4629 τὸ
3696 4575 3755 4628 δὲ

505 4689 626 4745 qua:
655 4688 797 4726 nunc
824 4687 852 4724 a
875 4684 959 4724 me
982 4670 1251 4722 dicuntur.
1274 4684 1293 4717 ι
1318 4664 1384 4719 Et
1405 4665 1519 4735 ipse
1542 4681 1699 4735 quem
1727 4681 1828 4735 ego
1846 4670 2072 4734 mittam,

2183 4637 2408 4741 Πνεῦμα
2467 4637 2585 4741 τῆέ
2625 4637 2900 4740 ἀληθείας,
2941 4669 2971 4723 ὃ
3004 4637 3104 4723 διαὶ
3125 4668 3256 4722 αύτδ
3279 4637 3535 4738 ττὲμφειό
3563 4667 3755 4737 Πατήρ

507 4768 579 4819 ita
617 4761 902 4823 subiulert,
950 4758 1265 4812 Paracletus
1295 4772 1324 4809 a
1354 4756 1516 4810 Patre
1567 4772 1706 4821 meo,
1724 4757 1961 4827 Spiritus
1995 4762 2074 4814 ni-

506 4859 700 4911 mirum
730 4852 818 4906 ille
837 4851 1099 4913 veritatis,
1128 4864 1285 4919 quem
1309 4862 1408 4917 ego
1432 4849 1640 4902 mittam
1659 4850 1810 4902 vobis
1836 4864 1867 4904 a
1890 4849 2073 4916 Patre,

504 4948 595 5018 qui
626 4960 653 4997 a
683 4944 841 4998 Patre
868 4941 1161 5012 egreditur,
1193 4938 1279 4992 ille
1304 4938 1604 5007 perliiliebit
1629 4942 1698 4993 de
1721 4938 1810 4995 me
1838 4945 2077 4995 testimo-

506 5040 707 5091 nium.)
733 5032 789 5088 lu
818 5035 1016 5104 quibus
1041 5031 1317 5093 omnibus,
1344 5027 1394 5081 id
1423 5039 1612 5096 aperte
1640 5032 1901 5096 declarat,
1925 5033 2072 5086 illmu

505 5144 665 5198 quem
696 5126 958 5182 missurus
986 5134 1126 5185 erat,
1157 5129 1214 5176 et
1238 5120 1328 5188 qui
1351 5119 1415 5172 de
1439 5120 1554 5189 ipso
1580 5122 1942 5176 testimonium
1963 5138 2077 5192 per-

2183 4780 2304 4833 μου,
2359 4762 2536 4815 πάντα
2582 4764 2728 4833 ὑμᾶς
2758 4761 2975 4827 διδάξει,
3016 4762 3116 4816 ὅσα
3157 4760 3251 4815 νῦν
3304 4760 3364 4813 ού
3400 4759 3752 4830 μεμαθήκατε

2177 4854 2265 4911 διὰ
2305 4854 2364 4907 τὸ
2391 4854 2464 4925 μὴ
2492 4858 2689 4926 χωρεῖν
2716 4858 2877 4925 ὑμᾶς.
2910 4854 3049 4908 Ἀλλ’
3080 4856 3284 4917 ἐκεῖνος
3317 4851 3504 4914 ἐλθὼν,
3530 4850 3674 4919 λέγω
3698 4850 3755 4903 δὲ

2175 4947 2207 4998 ὁ
2247 4945 2624 5017 Παράκλητος,
2663 4946 3046 5017 ἀναπληρώσει
3074 4946 3173 5012 τήν
3215 4942 3584 5004 διδασκαλίαν.
3617 4940 3760 5012 μετὰ

2181 5036 2276 5089 τοῦ
2321 5038 2417 5091 καὶ
2461 5039 2570 5092 τῶν
2602 5038 2697 5092 νῦν
2729 5040 3034 5107 λεγομένων
3076 5039 3167 5090 ὑπ’
3197 5035 3330 5106 ἐμοῦ
3371 5036 3591 5106 μνήμην
3626 5035 3759 5104 ὑμῖν

2180 5126 2292 5198 (55)
2326 5131 2641 5200 ἐμποιῆσαι.
2679 5132 2787 5183 Καὶ
2812 5125 2966 5192 αὖθις
2991 5130 3207 5196 ἐπάγει·
3239 5146 3259 5178 ι
3290 5128 3457 5181 Ὅταν
3483 5126 3537 5179 δὲ
3569 5124 3702 5198 ἔλθῃ
3727 5125 3764 5180 ὁ

466 5328 479 5487 ἱ
576 5322 635 5380 γε
670 5313 766 5367 Ed.
798 5311 998 5376 Paris,
1028 5326 1150 5380 pag.
1202 5311 1326 5365 ΠΙ.
1355 5312 1400 5342 ⁸³⁸
1420 5310 1576 5366 Joau.
1609 5328 1718 5375 xrv,
1748 5310 1935 5365 lii-I7.
2033 5311 2079 5343 "
2102 5309 2261 5366 Joau.
2286 5323 2380 5371 xx,
2404 5304 2495 5358 22.
2568 5306 2615 5338 "°
2636 5303 2790 5361 Joan.
2820 5320 2931 5371 xsv,
2956 5304 3048 5358 ΞΖ).
3124 5303 3171 5335 ’⁸
3207 5302 3342 5358 ibid.
3367 5300 3461 5367 25,
3485 5299 3578 5353 26.

602 5539 689 5607 48)
716 5537 887 5607 Vulgo
921 5533 1295 5607 ἀποσκευάζον
1330 5541 1383 5587 et
1411 5548 1529 5607 mox
1566 5533 1857 5607 ἀποδοχῆς.

601 5602 691 5677 49)
715 5602 848 5661 ’0τῖ
865 5604 1105 5677 Πνεῦμα
1131 5603 1318 5677 ἅγιον,
1351 5617 1449 5677 vos
1482 5603 1632 5671 ἅγιον
1663 5602 2067 5677 hic'redundat.

506 5673 769 5747 Spiritum
790 5676 1119 5747 enimvnta’,
1143 5690 1247 5727 nou
1266 5673 1545 5747 Spiritum
1568 5673 2074 5747 sanctumitrspira-

506 5740 588 5803 vit
617 5747 758 5799 Deus
788 5746 840 5797 iu
866 5744 1059 5796 faciem
1089 5740 1662 5799 Adami.M.—Addidi
1688 5744 1859 5798 ccod.
1878 5740 2073 5807 ἔδειξε.

588 5814 695 5882 (50)
720 5814 890 5882 Χυιεο
913 5810 1154 5879 Πνεῦμα.

591 5880 698 5952 (51)
725 5880 894 5948 Vulgo
917 5882 977 5933 τὸ
1001 5882 1097 5931 Πν.
1118 5881 1178 5932 τὸ
1206 5882 1377 5949 ἅγιον.

2242 5531 2356 5601 (52)
2382 5529 2552 5598 Vulgo
2583 5526 2777 5601 ούιιοῦν
2807 5527 2909 5601 οὐκ
2937 5526 3120 5601 αὐτός.

2244 5590 2356 5670 (55)
2392 5590 2557 5668 Vulgo
2580 5599 2641 5653 τὸ
2670 5598 2726 5651 δέ
2759 5599 2858 5651 διδ.
2898 5615 2959 5650 π.
2988 5596 3050 5670 ab
3083 5596 3175 5665 ἆγ.
3206 5604 3263 5649 et
3296 5608 3417 5649 mox
3448 5590 3766 5664 ἑκατέρων,

2150 5668 2313 5734 ,ἰιιῐιίι
2338 5668 2509 5740 vulgo
2529 5685 2640 5723 om.
2668 5670 2761 5722 καὶ
2784 5670 2996 5740 ὑπομν.
3014 5668 3068 5740 ὑ.
3105 5685 3164 5720 π.

2248 5741 2360 5809 (Si)
2388 5738 2557 5808 vulgo
2574 5740 2661 5802 τό,
2694 5751 2748 5792 et
2780 5740 2917 5792 inl’ra
2949 5738 3021 5809 τὸΔ
3045 5738 3326 5809 ἐρωτήσω.

2253 5753 2360 5809 (at)
2391 5753 2557 5808 Vulgo
2574 5756 2661 5802 το,
2694 5753 2748 5792 et
2780 5753 2917 5792 intra
2949 5753 3013 5790 το
3045 5753 3071 5789 ε
3227 5753 3326 5791 σω.

2253 5811 2366 5882 (55)
2403 5809 2571 5882 Vulgo
2598 5810 2907 5881 ἐμποιήσας
2934 5819 2989 5864 et
3012 5753 3397 5876 ἱιιῧιέτὲλέπει.
