4082 6418
385 361 527 421 1009

1312 366 1398 420 DE
1443 366 1980 422 ECCLESIASTICA
2023 362 2416 421 THEOLOGIA
2458 361 2578 414 Llll.
2626 360 2705 415 ΠΙ.

3505 353 3642 413 {NO

385 499 402 531 ε
444 478 816 548 Παράκλητος,
838 478 895 532 ὃν
913 481 1021 546 ἐγὼ
1054 478 1252 550 πέμψω
1279 481 1405 550 ὑμῖν
1424 480 1570 550 παρὰ
1600 480 1692 533 τοῦ
1724 481 1951 552 Πατρὺς,

2067 479 2333 534 bibiturus
2377 487 2515 541 eral,
2565 478 2729 530 alium
2780 484 2833 528 et
2889 473 3202 528 distinctum
3258 475 3324 528 ab
3355 474 3468 542 ipso
3497 491 3636 529 esse.

384 589 401 620 ε
438 569 500 622 16
536 569 761 639 Πνεῦμα
793 569 893 639 τῆς
933 570 1206 640 ἀληθείας,
1239 570 1267 622 6
1300 571 1449 641 παρὰ
1493 571 1584 622 τοῦ
1622 572 1832 642 Πατρδς
1869 575 1958 624 ὲκ-

384 681 402 710 t
437 661 744 729 πορεύεται,
779 664 983 725 ἐκεῖνος
1016 664 1351 733 μαρτυρήσει
1379 664 1507 732 περὶ
1541 663 1697 732 ἐμοῦ,
1739 683 1755 714 ι
1786 663 1849 715 δι’
1885 658 1958 716 ὧν

376 751 631 804 ἁπάντων
676 749 861 818 σαφῶς
907 752 1234 821 παρίστησιν
1275 753 1479 804 ἐκεῖνον
1527 751 1616 802 τὸν
1657 751 1747 803 ὑπ’
1792 751 1956 804 αὐτοῦ

377 842 747 912 πεμπόμενον,
783 843 874 894 καὶ
902 842 992 894 τὸν
1026 842 1285 911 μέλλοντα
1317 844 1442 914 περὶ
1471 842 1635 896 αὐτοῦ
1663 846 1958 916 μαρτυρεῖν

375 933 560 1002 ἕτερον
594 928 733 985 εἶναι
771 935 895 1002 παρ’
919 932 1127 985 ἑαυτόν.
1171 933 1622 1004 Ἐπεξεργάζεται
1653 935 1708 986 δὲ
1745 936 1836 988 τὸν
1869 935 1957 987 λό-

373 1037 469 1086 γον
501 1020 581 1072 ἐτι
609 1022 827 1088 μᾶλλον,
866 1024 960 1074 καὶ
991 1021 1058 1073 δι’
1085 1015 1158 1074 ὧν
1204 1023 1465 1090 ἐπιλέγει,
1507 1025 1620 1077 ἀλλ’
1662 1024 1809 1093 Ἐγὼ
1845 1025 1958 1092 τὴν

373 1111 663 1176 ἀλήθειαν
687 1113 841 1181 λέγω
875 1113 1036 1181 ὑμῖν,
1067 1113 1354 1182 συμφέρει
1388 1115 1529 1183 ὑμῖν
1563 1116 1663 1168 ἵνα
1697 1116 1810 1186 ἐγὼ
1843 1118 1956 1170 ἁπ-

373 1201 544 1269 ἐλθω,
577 1204 684 1256 ἐὰν
713 1205 820 1274 γὰρ
847 1205 932 1274 μὴ
960 1203 1217 1267 ἀπέλθω,
1244 1208 1274 1258 6
1301 1206 1693 1275 Παριίκλητος
1725 1210 1833 1260 οὐκ
1860 1207 1954 1276 ἑρ-

373 1310 536 1362 χεται
559 1296 706 1362 πρὸς
736 1293 905 1364 ὑμᾶς.
958 1296 1099 1348 Ἐὰν
1124 1295 1191 1347 δὲ
1212 1296 1500 1364 πτῗρεισθῶ,
1534 1297 1746 1366 πέμψω
1771 1299 1957 1351 αι’-τὸν

371 1386 523 1452 πρὸς
549 1385 720 1454 ὑμᾶς.
773 1387 1049 1439 ’Λπελθεῖν
1075 1388 1130 1440 δὲ
1161 1389 1352 1441 ἑαυτὸν
1375 1388 1545 1456 λέγων
1583 1390 1640 1440 ἐν
1663 1389 1872 1452 τούτοις
1895 1407 1954 1441 τε

371 1478 433 1529 16
475 1478 643 1540 πάθος
689 1478 879 1530 ἑαυτοῦ
911 1480 1169 1548 ἐσήμαινε
1211 1481 1302 1532 καὶ
1335 1479 1428 1550 τὴν
1464 1480 1601 1549 μετὰ
1629 1481 1788 1532 τοῦτο
1820 1481 1956 1550 πρὸς

372 1567 464 1621 τὸν
503 1569 716 1640 Πατέρα
752 1569 952 1622 ἄνοδον.
988 1570 1083 1632 Τίς
1115 1568 1208 1623 οὖν
1243 1570 1413 1634 οὕτως
1445 1571 1668 1640 ἠλίθιος,
1708 1573 1782 1635 ὡς
1819 1572 1956 1642 μετὰ

370 1662 638 1715 τοσαύταε
672 1662 854 1731 φωνὰς
890 1663 986 1716 ἕνα
1023 1662 1115 1715 καὶ
1148 1662 1239 1714 16v
1274 1662 1432 1715 αὐτὸν
1466 1660 1603 1716 εἶναι
1632 1665 1816 1733 φάναι.
1851 1664 1955 1716 Τὸν

369 1752 543 1804 τ;;ὖτα
573 1752 798 1821 λέγοντα
819 1755 913 1807 καί⁸
940 1753 1030 1806 τὸν
1061 1753 1186 1823 περὶ
1209 1748 1268 1806 οὗ
1300 1754 1449 1806 ταῦτ’
1481 1754 1683 1822 ἔλεγεν,
1739 1754 1952 1807 ἀκούων

369 1843 537 1895 αὐτοῦ
571 1845 754 1913 σαφῶς
787 1845 1156 1916 διοριζομένου
1179 1846 1274 1916 τὴν
1299 1847 1555 1916 ἀλήθειαν
1581 1846 1830 1914 φάσκειν,
1861 1847 1953 1899 καὶ
1986 1833 2025 1886 Β

368 1932 455 1995 τίς
492 1935 522 2004 ἡ
550 1934 773 2005 ἀλήθεια
804 1935 1174 2006 παριστῶντος
1214 1937 1288 2000 ὼς
1315 1938 1363 1990 εἰ
1403 1937 1477 2007 μὴ
1508 1936 1735 1989 ἀπέλθοι
1768 1939 1950 2000 αὐτὸς,

371 2026 450 2096 μὴ
477 2026 542 2079 ἂν
583 2029 710 2080 ποτὲ
739 2029 880 2094 ἕξειν
913 2029 972 2080 τὸ
1012 2028 1164 2097 ἅγιον
1212 2030 1456 2100 Πνεῦμα.
1497 2032 1559 2084 Et
1597 2031 1653 2083 δέ
1696 2049 1825 2084 ποτε
1855 2034 1953 2102 μὲν

367 2118 461 2171 16v
515 2120 730 2190 Πατέρα
775 2121 1010 2192 πέμψειν
1052 2121 1111 2175 16
1159 2122 1382 2191 Πνεῦμα
1422 2122 1483 2174 τὸ
1525 2123 1699 2190 ἅγιον,
1732 2123 1861 2176 ποτὲ
1895 2123 1950 2175 δὲ

368 2210 560 2262 ἑαυτὸν
588 2212 894 2283 διορίζεται,
917 2215 1016 2266 οὐκ
1035 2215 1249 2267 ἐναντία
1276 2213 1509 2285 δήπουθε
1531 2215 1791 2268 διδάσκει·
1817 2217 1951 2268 πάν-

367 2317 438 2353 τα
489 2301 596 2373 γὰρ
634 2305 732 2357 ὅσα
776 2305 840 2358 ἂν
875 2306 1044 2378 βλέπῃ
1076 2307 1165 2359 τὸν
1199 2306 1416 2377 Πατέρα
1458 2305 1734 2370 ποιοῦντα,
1778 2307 1952 2361 ταῦτα

367 2394 569 2462 ὁμοίως
603 2398 694 2448 καὶ
734 2399 762 2450 6
795 2398 920 2460 Υἱὸς
952 2401 1120 2450 ποιεῖ·
1164 2399 1256 2450 καὶ
1289 2397 1470 2460 καθὼς
1502 2397 1710 2462 ἀκούει,
1755 2397 1946 2469 κρίνει.

372 2486 486 2556 (56)
513 2489 601 2540 Διὸ
628 2493 691 2560 τῇ
715 2489 807 2542 τοῦ
833 2491 1039 2561 Πατρὸς
1069 2491 1264 2561 κρίσει,
1288 2491 1374 2542 ὅτε
1399 2491 1492 2542 καὶ
1518 2489 1762 2560 βούλεται
1791 2492 1819 2542 6
1843 2493 1950 2543 Πα-

369 2575 493 2646 τὴρ,
514 2578 808 2647 τηνικαῦτα
831 2580 859 2631 6
882 2579 1008 2642 Υἱὸς
1033 2581 1126 2632 καὶ
1145 2580 1210 2633 δι’
1237 2580 1398 2633 αὑτοῦ
1427 2583 1454 2633 ό
1480 2578 1666 2649 Σωτὴρ
1691 2578 1953 2630 ἀποστέλ-

370 2668 453 2720 λει
473 2669 586 2731 τοῖς
615 2668 726 2738 (57)
749 2669 913 2722 αὐτοῦ
943 2670 1211 2741 μαθηταῖς
1241 2671 1302 2722 16
1322 2669 1541 2740 Πνεῦμα
1572 2671 1669 2740 τῆς
1696 2669 1951 2741 ἀληθείας

369 2756 434 2809 τὸ
466 2757 842 2828 Παρὰκλητον,
866 2759 1001 2828 πρὸς
1035 2759 1096 2811 τὸ
1133 2758 1468 2831 παρακαλεῖν
1492 2759 1690 2821 αὐτοὺς
1718 2761 1811 2812 καὶ
1845 2775 1950 2810 πα-

375 2847 733 2918 ραμυθεῖσθαι
782 2850 864 2918 ἐφ’
890 2844 970 2911 οἷς
996 2850 1357 2920 κηρύττοντες
1397 2849 1456 2900 τὸ
1487 2849 1816 2917 Εὐαγγέλιον
1846 2850 1951 2904 ὑπὸ

369 2937 478 2988 τῶν
501 2936 830 2992 ἐλαυνόντων
855 2941 1048 3002 αὐτοὺς
1077 2940 1330 3010 ἔπασχον.
1361 2941 1433 2992 O6
1465 2939 1623 3006 μόνον
1645 2940 1700 2993 δὲ
1725 2940 1860 3011 πρὸς
1892 2942 1950 2994 τὸ

2065 572 2380 625 Sermonem
2423 583 2554 622 vero
2598 568 2774 621 adhuc
2817 565 3046 634 amplius
3086 566 3449 634 promovendo
3485 581 3641 635 pera-

2061 662 2156 732 git,
2181 663 2305 715 dum
2340 659 2606 716 subinl‘ert
2635 679 2646 714 :
2678 659 2785 728 Ego
2807 660 3076 713 veritatem
3109 658 3248 712 vobis
3283 659 3419 723 dico,
3448 660 3642 712 condu-

2060 754 2128 807 cit
2157 753 2296 807 vobis
2335 763 2391 805 ut
2433 770 2524 823 ego
2570 754 2775 806 abeam.
2825 750 2962 805 Nam
2993 751 3039 804 si
3059 767 3150 818 ego
3181 767 3281 804 non
3309 751 3506 814 abiero,
3530 747 3640 802 Pa-

2060 845 2286 898 racletus
2317 844 2404 898 ille
2434 861 2535 897 non
2563 846 2726 898 veniet
2748 845 2815 896 ad
2838 859 2961 906 vos;
2986 844 3124 911 quod
3147 846 3191 896 si
3219 859 3488 909 recessero,
3520 858 3638 896 cum

2059 951 2151 1004 ego
2188 936 2256 988 ad
2286 951 2373 988 vos
2403 935 2609 987 mittam
2634 935 2700 986 τ’.
2743 933 2874 987 Cum
2915 948 2972 987 se
3016 933 3284 986 abiturum
3329 931 3486 997 dixit,
3517 948 3637 1000 pas-

2060 1028 2263 1081 sionem
2299 1042 2448 1079 suam
2478 1026 2560 1078 hic
2607 1025 2904 1079 insinuavit
2940 1042 2952 1076 :
2984 1033 3037 1077 et
3066 1032 3186 1093 post
3227 1023 3370 1077 illam
3408 1024 3636 1078 reditum

2060 1135 2216 1172 suum
2247 1119 2310 1172 ad
2347 1117 2584 1172 Patrem.
2625 1117 2756 1183 Quis
2807 1116 2918 1185 jam
2966 1117 3100 1172 adeo
3147 1117 3357 1179 delirat,
3415 1127 3468 1169 ut
3517 1124 3638 1183 post

2061 1222 2137 1264 tot
2181 1226 2339 1265 voces
2372 1221 2424 1264 et
2478 1219 2658 1264 tantas
2691 1225 2854 1263 unum
2896 1210 3253 1275 eumdemqne
3284 1215 3435 1275 putet
3486 1207 3632 1260 illum

2059 1315 2198 1364 esse,
2254 1301 2345 1368 qui
2401 1301 2496 1351 ista
2555 1299 2810 1366 loquitur,
2853 1307 2906 1351 et
2939 1297 3086 1350 illum
3147 1297 3214 1351 de
3243 1312 3347 1366 quo
3386 1297 3637 1350 dicuntur

2059 1391 2181 1454 ista,
2219 1389 2484 1460 pran-ipue
2517 1405 2640 1444 cum
2675 1389 2820 1442 illum
2861 1391 3032 1458 ipsum
3075 1388 3294 1443 disertis
3329 1387 3510 1442 verbis
3554 1387 3635 1441 di-

2059 1493 2268 1536 centem
2315 1482 2521 1545 audiat,
2578 1496 2636 1535 se
2688 1482 2871 1535 dicere
2921 1481 3231 1544 veritatem,
3265 1487 3318 1532 et
3347 1477 3632 1533 veritatem

2058 1573 2226 1640 illam,
2262 1589 2380 1643 quae
2410 1583 2572 1638 esset,
2625 1581 3002 1640 exponentem,
3046 1572 3301 1625 nimirum
3335 1571 3475 1639 quod
3529 1569 3631 1622 nisi

2058 1666 2237 1720 abiret
2274 1667 2408 1735 ipse,
2450 1665 2763 1720 Paracletus
2799 1680 2902 1718 non
2946 1666 3177 1717 veniret.
3210 1663 3360 1729 Quod
3402 1663 3444 1716 si
3469 1676 3635 1730 oppo-

2059 1765 2218 1808 natur
2248 1757 2449 1810 dictum
2479 1771 2598 1810 esse
2622 1743 2912 1819 interdum,
2946 1754 3160 1809 Patrem
3187 1757 3475 1808 missurum
3513 1770 3633 1807 esse

2054 1855 2302 1900 sanclmn
2347 1846 2606 1915 Spiritum
2644 1863 2658 1900 :
2691 1847 2955 1901 interdum
2998 1861 3126 1900 vero
3174 1849 3481 1913 ipsummet,
3524 1862 3628 1900 non

2056 1941 2169 2008 ipse
2193 1939 2294 1995 sibi
2337 1941 2425 1993 hic
2467 1941 2741 1994 contraria
2772 1941 2946 1994 docet.
2979 1938 3169 1994 Omnia
3205 1941 3348 1993 enim
3384 1956 3500 2008 qua:
3548 1941 3630 1992 vi-

2056 2031 2196 2084 derit
2245 2031 2457 2085 Patrem
2517 2030 2824 2095 facientem,
2867 2031 3055 2085 eadem
3097 2032 3347 2084 similiter
3387 2042 3435 2084 et
3467 2031 3632 2085 Filius

2059 2127 2116 2184 ea
2157 2121 2321 2175 facit:
2359 2131 2413 2176 et
2437 2123 2890 2190 quemadmodum
2926 2122 3101 2186 audit,
3131 2124 3443 2190 itajndicat.
3488 2124 3634 2188 Quo-

2055 2214 2197 2268 circa
2239 2215 2537 2268 secundum
2582 2212 2842 2281 judicium
2896 2213 3097 2278 Patris,
3131 2225 3185 2269 et
3221 2215 3381 2268 Pater
3417 2203 3632 2283 quando

2053 2305 2184 2368 vult,
2215 2314 2267 2359 et
2302 2315 2410 2357 ttnn
2437 2319 2557 2358 cum
2593 2304 2723 2358 velit
2749 2303 2917 2359 Filius
2952 2304 3211 2359 Servator
3244 2315 3427 2359 noster
3459 2325 3471 2358 :
3503 2309 3630 2359 mit-

2056 2394 2117 2446 tit
2145 2394 2210 2446 ad
2247 2394 2535 2458 discipulos
2555 2407 2683 2446 suos
2718 2394 2963 2461 spiritum
2996 2395 3240 2448 veritatis
3271 2393 3628 2464 Paracletum,

2053 2483 2142 2551 qui
2178 2484 2490 2556 παρακάλῃ,
2544 2483 2596 2537 id
2626 2493 2707 2537 est
2746 2483 3075 2546 consoletur,
3125 2485 3409 2548 confortct,
3451 2496 3504 2541 et
3530 2490 3630 2540 ad-

2054 2575 2299 2628 hortetur
2337 2588 2432 2628 eos
2472 2575 2539 2629 ad
2568 2575 2838 2646 patienter
2873 2575 3234 2630 suﬂ‘erendum
3273 2576 3324 2630 in
3357 2577 3628 2648 Evangelii

2053 2663 2485 2728 annuntiatione,
2521 2673 2744 2734 propter
2765 2679 2924 2732 quam
2963 2674 3119 2718 erant
3156 2667 3482 2734 exagitandi.
3522 2667 3630 2721 Nec

2051 2753 2118 2805 ad
2151 2752 2269 2807 illos
2312 2754 2654 2808 solummodo
2683 2753 3066 2816 consolandos,
3123 2755 3213 2809 sed
3270 2755 3630 2810 instituendos

2052 2846 2271 2914 insuper
2307 2845 2359 2899 in
2394 2847 2539 2899 omni
2578 2847 2802 2901 veritate
2846 2846 2964 2899 novi
3010 2846 3251 2908 foederis,
3289 2863 3446 2916 quam
3493 2851 3630 2901 reci-

2053 2953 2178 3008 pere
2209 2954 2238 2991 a
2289 2938 2531 2992 doctrina
2576 2937 2882 2992 Servatoris
2918 2954 3021 2992 non
3055 2947 3164 2991 tum
3199 2949 3467 3006 poterant,
3505 2956 3627 2994 cum

371 3031 707 3100 παρακαλεῖν
727 3033 940 3097 αὐτοὺς,
971 3032 1104 3100 ἀλλὰ
1140 3033 1233 3086 καὶ
1270 3033 1402 3103 πρὸς
1429 3033 1488 3085 τὸ
1510 3033 1720 3100 διδάξαι
1751 3035 1946 3098 αὐτοὺς

2053 3031 2192 3084 inter
2218 3030 2362 3100 ipsos
2413 3039 2740 3090 versaretur,
2783 3045 2848 3084 eo
2877 3031 3016 3098 quod
3042 3029 3277 3084 Judairae
3309 3033 3629 3103 pmtlagogiae

371 3124 549 3174 πᾶσαν
584 3123 680 3194 τὴν
727 3123 982 3193 ἀλήθειαν
1034 3124 1133 3193 τῆς
1172 3126 1365 3195 καινῆς
1413 3125 1698 3194 διαθήκης,
1738 3126 1805 3196 ἣν
1851 3128 1951 3179 οὑκ

371 3213 609 3282 ἐχώρουν
627 3214 736 3283 (58)
785 3215 890 3266 ὑπὸ
914 3215 1009 3266 τοῦ
1045 3215 1294 3286 Σωτῆρος
1325 3215 1690 3279 διδάσκεσθαι,
1717 3219 1951 3287 ὁπηνίκα

368 3303 542 3356 ταῦτα
557 3305 738 3368 αὐτοῖς
753 3305 944 3375 ὡμίλει
958 3304 1045 3358 διὰ
1062 3306 1123 3357 16
1141 3304 1217 3358 ἔτι
1232 3309 1296 3375 τῇ
1314 3307 1576 3376 Ἰουδαῖκῇ
1596 3308 1952 3362 δεδουλῶσθαι

372 3395 584 3464 ἀγωγῇ.
608 3395 789 3448 Ταῦτα
815 3397 872 3449 δέ
902 3397 1082 3468 ἔργοις
1105 3398 1343 3468 ἐπλήρου
1373 3398 1510 3466 μετὰ
1536 3399 1632 3466 τὴν
1656 3401 1718 3449 ἐκ
1743 3399 1949 3469 νεκρῶν

370 3485 664 3540 ἀνάστασιν
693 3488 878 3552 αὑτοῦ,
913 3489 1030 3560 μεθ’
1061 3490 1126 3562 ἢν
1150 3488 1316 3542 εἰπὼν
1355 3492 1422 3560 τῇ
1462 3490 1670 3560 Μαρία,
1705 3489 1800 3555 Μή
1830 3509 1950 3558 μου

371 3574 584 3642 ἅπτου,
611 3580 774 3632 οὔπω
786 3583 895 3649 γὰρ
913 3581 1249 3648 ἀναϐέϐηκα
1270 3579 1417 3648 πρὸς
1440 3580 1546 3635 τὸν
1562 3580 1790 3648 Πατέρα
1805 3601 1945 3650 μου.

372 3670 711 3724 Μετὰταῦτα
745 3673 877 3742 (58')
921 3675 1015 3728 ἆτε
1050 3675 1114 3746 δὴ
1154 3674 1495 3745 ἀνεληλυθὼς
1532 3675 1666 3746 πρὸς
1701 3675 1792 3728 τὸν
1835 3676 1949 3728 Πα-

369 3761 521 3832 τέρα,
544 3767 656 3826 τοῖς
682 3765 947 3834 μαθηταῖς
962 3765 1138 3837 ὤφθη,
1157 3767 1251 3820 τοῦ
1285 3768 1441 3836 ἁγίου
1466 3766 1606 3819 Πνεύ
1617 3783 1785 3836 ματος
1817 3767 1952 3818 ἀπε-

373 3854 667 3924 σταλμένου
703 3856 796 3908 καὶ
814 3858 1060 3921 συνόντος
1077 3858 1258 3923 αὐτοῦ,
1278 3858 1493 3928 ἐτοιμοῦ
1521 3875 1580 3910 τε
1606 3857 1950 3932 παρεστῶτος

370 3944 622 4013 είς(58’⁹)
653 3945 719 4014 ἣν
746 3946 1002 4000 τέτακται
1049 3948 1341 4014 διακονίαν,
1377 3949 1464 4001 ὅτε
1482 3949 1574 4000 καὶ
1591 3947 1826 4016 ἅψασθαι
1851 3949 1948 4000 αὺ-

368 4035 462 4089 τοῦ
489 4037 791 4107 ἐπιτρέπει.
843 4037 883 4090 Τ
889 4039 975 4090 ότε
1019 4038 1127 4110 γὰρ
1160 4039 1342 4100 αὐτοῖς
1367 4038 1667 4107 ἐνεφύσησε
1707 4039 1802 4090 καὶ
1830 4038 1949 4090 τότε

373 4128 537 4198 μέρος
556 4146 608 4180 τι
634 4130 968 4201 χαρίσματος
998 4130 1092 4183 τοῦ
1126 4131 1281 4199 ἁγίου
1315 4129 1630 4200 Πνεύματος
1661 4131 1862 4193 αὐτοῖς,
1890 4129 1950 4180 τὸ

367 4219 470 4288 τῆς
519 4221 763 4288 ἀφέσεως
824 4222 932 4274 τῶν
973 4222 1385 4292 ἁμαρτημάτων
1430 4221 1707 4292 ποιητικὸν
1742 4221 1943 4273 ἐδίδου·

367 4309 659 4381 διαιρέσεις
695 4311 803 4382 γὰρ
848 4313 1199 4382 χαρισμάτων
1241 4313 1376 4365 είσὶν
1412 4306 1486 4365 ὧν
1522 4313 1584 4362 ἐκ
1617 4311 1813 4381 μέρους
1849 4310 1947 4379 μὲν

2055 3120 2401 3175 inservirent.
2459 3119 2584 3174 Haec
2636 3120 2810 3189 reipsa
2859 3119 3170 3188 adimplevit
3230 3131 3350 3187 post
3397 3138 3549 3176 suam
3599 3143 3626 3174 ει

2054 3215 2282 3268 mortuis
2323 3213 2798 3276 resurrectionem,
2833 3227 2956 3266 cum
3005 3213 3185 3266 Maria
3227 3216 3452 3280 diceret,
3501 3215 3629 3270 Noli

2053 3320 2133 3356 me
2170 3313 2406 3372 tangere,
2453 3304 2686 3356 nondum
2708 3305 2845 3356 enim
2869 3307 3081 3357 escendi
3104 3307 3172 3357 ud
3197 3303 3625 3376 Patrem‘meum

2051 3404 2097 3444 et
2129 3392 2344 3444 Patrem
2393 3393 2707 3446 vestrum".
2765 3392 3026 3461 Deinceps
3064 3410 3188 3448 vero
3243 3405 3496 3465 tanquam
3533 3401 3624 3467 qui

2051 3484 2372 3536 ascenderat
2405 3483 2470 3534 ad
2509 3483 2748 3545 Patrem,
2783 3485 2930 3539 visus
2979 3494 3062 3538 est
3088 3487 3365 3555 discipulis
3403 3491 3536 3554 suis,
3571 3493 3623 3545 in

2052 3571 2309 3626 missione
2333 3571 2568 3642 Spiritus
2591 3574 2788 3636 sancti,
2815 3583 2870 3627 et
2900 3590 3021 3628 cum
3056 3577 3121 3628 iis
3159 3579 3494 3644 versabatur,
3533 3597 3630 3650 pa-

2053 3675 2338 3732 ratumque
2367 3680 2425 3718 se
2456 3664 2721 3729 exhibuit,
2758 3667 2845 3734 qui
2885 3666 2938 3720 in
2965 3666 3084 3721 Filii
3134 3667 3409 3724 iunctione
3439 3687 3625 3726 recen-

2050 3766 2280 3817 seretur,
2329 3758 2545 3825 quando
2594 3765 2647 3811 et
2683 3759 2827 3828 tangi
2884 3773 2943 3813 se
2987 3760 3053 3812 ab
3096 3760 3199 3815 iiiis
3256 3763 3620 3830 permittebat.

2050 3845 2200 3899 Tunc
2241 3847 2370 3914 ipsis
2408 3844 2696 3900 insnmavit
2733 3867 2745 3901 :
2780 3859 2836 3902 et
2887 3859 3012 3906 tunc
3054 3851 3286 3919 Spiritus
3315 3853 3620 3922 portionem

2051 3937 2116 3990 iis
2150 3937 2462 4004 impertivit,
2491 3955 2612 3991 cum
2657 3938 2964 3994 lacnltatem
2998 3942 3254 3996 tribueret
3286 3955 3505 4012 peccata
3535 3963 3615 3999 re«

2051 4029 2317 4083 mittendi.
2369 4030 2506 4083 Sunt
2537 4031 2734 4084 ctenim
2777 4032 3066 4087 divisiones
3097 4036 3389 4104 gratiarum
3431 4054 3442 4088 :
3487 4053 3622 4105 qua-

2051 4136 2168 4174 rmn
2196 4132 2405 4190 partem
2441 4133 2549 4176 tum
2591 4123 2658 4177 iis
2686 4125 3000 4193 impertivit,
3026 4141 3146 4182 cum
3179 4142 3298 4180 cum
3341 4129 3405 4182 iis
3435 4145 3620 4182 versa-

2049 4222 2237 4268 retur:
2286 4223 2405 4282 post
2457 4213 2569 4267 haec
2601 4214 2788 4284 majori
2834 4216 3002 4271 multo
3031 4229 3084 4271 et
3125 4219 3426 4285 perl'ectiori
3471 4233 3621 4288 pom-

2051 4312 2190 4356 state
2215 4304 2526 4371 adimplevit
2552 4320 2565 4356 :
2591 4304 2657 4358 de
2682 4321 2784 4374 qua
2813 4307 3026 4361 dicebat
3064 4309 3124 4360 iis
3153 4309 3203 4361 in
3244 4310 3466 4363 Actibus
3499 4327 3622 4379 apu-

369 4401 548 4464 αὐτοῖς
573 4403 842 4472 ἐδωρεῖτο,
878 4405 996 4456 τότε
1026 4403 1196 4457 συνὼν
1226 4405 1318 4459 καὶ
1340 4403 1528 4476 παρὼν
1561 4405 1741 4464 αὐτοῖς
1786 4401 1941 4456 Μετὰ

2053 4393 2276 4456 Italicis,
2326 4392 2427 4445 Vos
2465 4395 2723 4461 recipietis
2775 4406 3076 4462 potestatem
3110 4413 3173 4449 ea:
3219 4396 3344 4461 alto,
3385 4414 3621 4464 superne.

366 4490 425 4544 δὲ
454 4491 622 4545 ταῦτα
656 4493 898 4562 μείζονος
927 4495 1121 4558 αὐτοὺς
1161 4495 1254 4550 καὶ
1287 4495 1397 4564 (59)
1431 4494 1757 4565 τελεωτέρας
1783 4493 1944 4544 δυνά-

370 4598 516 4653 μεως
563 4584 832 4656 ἐπλήρου·
871 4587 998 4657 περὶ
1032 4584 1100 4659 ἧς
1127 4591 1184 4641 ἐν
1223 4590 1344 4651 ταῖς
1388 4587 1626 4658 Πράξεσι
1669 4583 1777 4636 τῶν
1811 4585 1944 4636 ἀπο-

369 4677 569 4732 στόλων
601 4679 734 4749 πρδς
761 4681 955 4743 αὐτοὺς
978 4681 1103 4751 ἔφη,
1145 4679 1340 4749 ’Υμεῖς
1363 4679 1431 4731 δὲ
1453 4679 1521 4742 ἐξ
1544 4679 1740 4744 ’ὕψους
1764 4675 1944 4727 δύνα-

361 4785 469 4836 μιν
503 4769 860 4834 ἐπελθόντος
907 4772 1010 4824 τοῦ
1046 4773 1216 4839 ἁγίου
1260 4773 1601 4839 Πνεύματος
1639 4769 1731 4837 ἐφ’
1764 4766 1937 4834 ὑμᾶς,

366 4859 457 4912 ὅτε
486 4859 579 4912 καὶ
604 4860 974 4932 βαπτήσεσθαι
1001 4862 1196 4925 αὐτοὺς
1227 4865 1284 4914 ἐν
1310 4862 1584 4931 Πνεύματι
1612 4859 1751 4928 ἁγίῳ
1770 4860 1941 4925 €111}?-

370 4950 608 5018 τέλλετο,
637 4952 666 5005 ὃ
703 4953 765 5023 δὴ
806 4953 899 5006 καὶ
927 4954 1056 5006 αὐτὸ
1083 4952 1383 5025 ἐπληροῦτο
1426 4951 1563 5022 μετὰ
1603 4949 1699 5019 τὴν
1743 4947 1940 5015 ἀνάληο

368 5041 461 5110 ψιν
507 5042 670 5096 αὐτοῦ
718 5043 829 5114 (60)
864 5045 1003 5098 κατὰ
1032 5043 1128 5115 τὴν
1176 5045 1386 5116 ἡμέραν
1431 5045 1528 5114 τῆς
1561 5040 1939 5110 Πεντηκοστῆς

2048 4485 2219 4538 niente
2252 4487 2306 4537 in
2335 4501 2421 4538 vos
2454 4485 2657 4553 Spiritu
2701 4497 2882 4539 sancto
2913 4487 2976 4539 τι.
3002 4487 3226 4553 Quando
3247 4499 3302 4541 et
3341 4489 3620 4556 baptizan-

2047 4577 2142 4628 dos
2187 4577 2403 4629 eosdem
2462 4579 2510 4629 in
2561 4577 2761 4644 Spiritu
2803 4589 2992 4632 sancto
3041 4581 3406 4646 promittebat.
3466 4579 3619 4645 Quod

2046 4668 2220 4735 ipsum
2273 4679 2390 4736 post
2428 4673 2799 4723 ascensionem
2840 4688 2992 4726 suam
3036 4673 3380 4741 implebatur,
3432 4675 3484 4728 in
3535 4677 3620 4729 die

2049 4757 2414 4822 Pentecostes,
2463 4762 2626 4815 misso
2653 4778 2817 4830 super
2865 4779 2977 4828 eos,
3009 4767 3460 4833 quemadmodum
3501 4768 3616 4821 edi-

2049 4863 2202 4904 xerat
2238 4854 2370 4920 ipse,
2405 4853 2609 4922 Spiritu
2639 4864 2844 4912 sancto.
2887 4857 3022 4910 Cum
3051 4873 3181 4911 vero
3204 4857 3354 4912 locus
3379 4863 3479 4913 iste
3503 4875 3620 4912 ma-

2041 4942 2146 5010 jori
2182 4945 2443 4999 adhucet
2487 4947 2763 5015 perspicua
2818 4949 2988 5018 magis
3015 4959 3174 5017 egeat
3213 4951 3614 5012 dilucidattone,

2049 5051 2152 5090 non
2186 5047 2268 5090 est
2295 5051 2652 5106 Opportunum
2696 5044 2745 5094 in
2776 5044 3024 5109 praesenti
3057 5044 3107 5094 in
3127 5057 3246 5095 eam
3306 5042 3617 5096 incumbere

444 5224 502 5282 >14
537 5219 630 5275 Ed.
674 5221 871 5283 Paris.,
907 5237 1027 5292 pag.
1067 5223 1185 5276 172.
1220 5222 1436 5277 "Joan.
1472 5239 1584 5286 xvi,
1616 5223 1664 5277 7.
1741 5224 1785 5255 "
1819 5222 1974 5278 Joan.
2010 5242 2097 5288 xx,
2128 5227 2212 5279 ΓΙ.
2278 5228 2322 5258 ⁷⁵
2348 5231 2464 5282 Act.
2497 5246 2534 5292 ι,
2561 5229 2614 5284 8.

443 5381 555 5458 {56)
594 5381 689 5458 Διῤ
718 5381 792 5448 τῇ
832 5381 938 5435 τοῦ
965 5382 1192 5450 Πατρός
1223 5384 1434 5458 κρίσειζ
1491 5386 1782 5458 Sequentia
1826 5385 1942 5458 [ubi

371 5449 540 5525 tle-levi
577 5451 666 5503 καί
701 5463 834 5525 post_
861 5469 1040 5525 τηνικ.
1089 5449 1218 5525 tum
1243 5455 1436 5525 icodd.‘|
1482 5449 1591 5514 sic;
1629 5449 1943 5525 opinorIIe-

371 5521 907 5600 gelltitl.“:ﬂ]\it)fg.5‘ta
940 5523 1032 5574 καὶ
1083 5521 1148 5574 δι’
1194 5523 1357 5576 αὑτοῦ
1397 5521 1434 5578 ό
1469 5525 1594 5590 Υἱὸς
1621 5521 1716 5580 καὶ
1754 5527 1938 5600 Σωτὴρ

370 5590 708 5645 ἀποστέλλει.
745 5591 814 5644 Μ.

446 5659 559 5730 (57)
598 5661 761 5730 Ynlgo
783 5662 998 5714 ἐαυτοῦ.

598 5727 762 5805 V_t_tlgo
793 5730 977 5805 δι-ἀιθι
1001 5747 1117 5786 mox
1153 5735 1217 5784 ἐκ
1248 5733 1353 5786 τῶν
1383 5735 1608 5805 νεκρῶν.

443 5797 578 5869 (58‘)
620 5797 783 5871 Vulgo
808 5801 869 5870 δὴ
892 5800 1003 5853 ἆτε.
1483 5797 1492 5805 ’
1693 5803 1700 5808 ’

2111 5395 2270 5463 (58")
2286 5393 2468 5463 vulgo
2492 5393 2634 5446 Υἰόν.

2251 5457 2261 5462 ⁷
2285 5457 2472 5535 Vulgo
2505 5463 2772 5530 τελειωτ.,
2815 5474 2885 5535 et
2920 5478 3041 5517 ιιιοΧ
3095 5463 3264 5535 ὑμεῖς⁸
3483 5457 3612 5514 Dein

2041 5532 2602 5656 νιιέξοέπηγγείλετο,
2635 5537 2776 5603 quod
2812 5533 3000 5589 saltem
3037 5544 3158 5586 esse
3187 5533 3415 5587 debebat
3438 5532 3612 5600 ἐπηγ-

2041 5619 2102 5656 γε
2146 5622 2272 5656 .ατο.

2040 5619 2272 5669 retia-co.

2111 5676 2222 5744 ((30)
2268 5673 2433 5744 Vulgo
2485 5677 2640 5744 μετά,
2691 5683 2744 5728 et
2782 5688 2899 5726 mox
2954 5671 3233 5735 ὑπεξιέναι
3289 5680 3340 5724 et
3395 5669 3521 5724 ἐπεὶ
3556 5668 3616 5723 δὲ

2042 5745 2195 5816 μηδέ.
