4082 6388
365 396 503 452 1013

1270 393 1355 450 DE
1394 396 1938 454 ECCLEStASTlCA
1978 398 2369 478 TllﬁOLOGlA
2407 400 2534 458 LIB.
2577 401 2662 457 ΙΙΙ.

3459 405 3596 460 1014

362 515 420 568 αι
463 511 749 580 ἁγγελικαὶ
786 509 1042 580 δυνάμεις
1091 504 1198 561 εἷεν
1246 509 1313 562 ἂν
1348 509 1634 580 πνεύματα
1658 528 1672 542 °
1734 514 1786 563 Ὀ
1826 512 1935 584 γὰρ

2055 530 2155 568 -um
2209 516 2523 584 mysterium
2567 515 2695 569 illud
2744 515 3162 583 regenerationis
3201 517 3252 570 in
3291 516 3426 585 ipso,
3469 535 3599 584 apo-

362 602 547 659 ποιῶν
590 603 729 668 τοὺς
774 600 1067 670 ἀγγέλους
1114 600 1299 654 αὐτοῦ
1348 603 1655 670 πνεύματα
1702 603 1932 672 εἴρηται.

377 699 514 752 Ἀλλ’
531 697 680 751 οὐδὲν
702 695 904 749 τούτων
931 693 1235 760 ἐξισοῦσθαι
1257 693 1478 747 δύναται
1501 694 1576 763 τῷ
1597 695 1936 766 Παρακλήτῳ

365 790 640 860 Πνεύματι
661 805 673 818 ·
712 788 790 841 διὸ
822 790 886 857 τῇ
923 785 1052 857 ἁγίᾳ
1086 786 1180 839 καὶ
1213 787 1588 857 τρισμακαρίᾳ
1621 786 1806 857 Τριὰδι
1838 786 1934 856 μό-

372 898 451 934 θον
483 878 641 932 τοῦτο
684 878 1184 948 συμπαρείληπται,
1221 877 1321 927 οὐκ
1353 875 1524 937 άλλως
1557 874 1650 927 τοῦ
1686 875 1937 946 Σωτῆρος

364 976 472 1036 τοῖς
519 971 831 1034 ἀποστόλοις
883 967 1044 1022 αὐτοῦ
1093 967 1480 1039 διαταξαμένου
1524 969 1584 1020 τὸ
1635 969 1930 1038 μυστήριον

365 1065 462 1134 τῆς
511 1063 927 1131 παλιγγενεσίας
971 1062 1133 1113 πᾶσιν
1186 1064 1296 1123 τοῖς
1342 1059 1400 1121 ἐξ
1449 1059 1616 1111 ἐθνῶν
1646 1060 1724 1122 εἰς
1772 1057 1930 1110 αὐτὸν

367 1155 681 1208 πιστεύουσι
731 1153 1102 1224 παραδιδόναι,
1139 1151 1171 1220 ἢ
1209 1151 1568 1222 βαπτίζοντας
1610 1152 1804 1214 αὐτοὺς
1856 1152 1935 1213 εἰς

366 1249 425 1300 τὸ
467 1248 636 1318 ὄνομα
686 1246 780 1300 τοῦ
824 1245 1032 1314 Πατρὸς
1075 1245 1166 1297 καὶ
1207 1244 1302 1296 τοῦ
1341 1244 1470 1296 Υἱοῦ
1508 1244 1601 1295 καὶ
1642 1241 1735 1295 τοῦ
1784 1242 1936 1310 ἁγίου

369 1338 709 1409 Πνεύματος·
737 1336 828 1390 τοῦ
863 1339 959 1409 μὲν
988 1337 1197 1408 Πατρὸς
1219 1333 1598 1397 αύθεντοῦντος
1626 1337 1714 1387 καὶ
1741 1334 1942 1406 δωρου-

370 1430 530 1500 μένου
558 1429 654 1500 τὴν
688 1430 866 1498 χάριν,
911 1429 1002 1482 τοῦ
1042 1428 1097 1481 δὲ
1128 1428 1253 1480 Υἱοῦ
1290 1427 1459 1497 ταύτῃ
1494 1427 1939 1496 διακονουμιὲνου⁸

381 1520 442 1573 Ἠ
470 1523 578 1590 γὰρ
609 1519 778 1588 χάρις
806 1520 900 1572 καὶ
944 1520 981 1586 ἡ
1026 1518 1273 1584 ἀλήθεια
1315 1517 1412 1570 διὰ
1463 1517 1654 1583 Ἰησοῦ
1683 1513 1938 1583 Χριστοῦ

367 1611 623 1680 ἐγένετο,
657 1610 750 1663 τοῦ
784 1610 840 1662 δὲ
871 1611 1024 1679 ἁγίου
1052 1607 1189 1662 Πνεύ
1199 1627 1383 1680 ματος,
1409 1608 1609 1677 δηλαδὴ
1638 1606 1730 1659 τοῦ
1759 1609 1942 1675 Παρα-

2035 607 2187 661 stolis
2219 611 2520 672 mandaret,
2553 609 2621 661 iis
2657 608 2851 676 qui'de
2899 609 3147 676 gentibus
3186 614 3466 666 crederent
3511 631 3603 666 an-

2037 698 2865 767 nuntiaudum,tradidit,quam
2918 711 2974 751 ut
3025 700 3363 766 baptizareut
3411 702 3461 754 in
3507 719 3605 755 lto--

2035 787 2175 841 mine
2211 788 2406 853 Patris,
2451 799 2505 842 et
2546 789 2688 850 Filii,
2733 797 2787 842 et
2839 787 3072 856 Spiritus
3120 791 3314 844 sancti.
3353 798 3410 854 ᾖ
3442 792 3605 846 Patre

2033 877 2366 947 principante
2391 896 2419 932 a
2447 881 2623 948 seipso
2654 887 2706 934 et
2737 882 2961 949 gratiam
2999 881 3275 950 largiente,
3311 883 3444 937 Filio
3481 901 3606 937 vero

2037 985 2155 1022 eam
2189 971 2413 1039 gratiam
2446 971 2860 1025 administrante
2896 989 2909 1022 :
2941 970 3127 1026 Gratia
3161 975 3296 1026 enim
3331 983 3378 1026 et
3414 975 3605 1027 veritas

2033 1077 2125 1129 per
2163 1060 2343 1113 Jesum
2388 1060 2649 1116 Christum
2677 1062 2741 1116 δ’.
2781 1063 2980 1130 Spiritu
3017 1073 3192 1119 autem
3229 1075 3416 1118 sancto
3444 1064 3606 1118 nimi-

2034 1164 2150 1202 rum
2206 1149 2293 1202 illo
2327 1149 2601 1204 Paracleto
2637 1167 2754 1204 eam
2806 1153 3118 1217 exhibente,
3146 1155 3439 1208 secundum
3481 1167 3608 1223 gra-

2037 1241 2229 1295 tiarum
2258 1243 2325 1296 ab
2363 1243 2479 1311 ipso
2522 1243 2831 1297 divisiones.
2868 1243 2968 1298 Uni
3013 1246 3213 1299 etenim
3250 1245 3406 1300 alicui
3450 1247 3608 1299 datur

2042 1331 2274 1386 Verbum
2317 1334 2593 1402 sapientia:
2629 1351 2642 1386 :
2682 1335 2771 1389 alii
2831 1335 3058 1390 Verbum
3111 1337 3494 1404 intelligentia),
3526 1352 3599 1390 se-

2043 1425 2274 1478 cundum
2330 1426 2575 1478 eumdem
2613 1425 2870 1493 Spiritum
2906 1445 2917 1480 :
2961 1427 3112 1481 alteri
3155 1428 3284 1482 iides
3319 1429 3369 1481 in
3421 1429 3606 1482 eodem

2048 1514 2252 1584 Spiritu
2287 1535 2299 1570 :
2329 1527 2380 1572 et
2412 1533 2530 1587 qua:
2573 1519 2776 1587 reliqua
2824 1519 2890 1572 ad
2936 1519 3094 1571 istum
3140 1520 3354 1573 modum
3395 1535 3609 1574 enume-

2050 1617 2261 1661 l'ultlul'.

371 1705 589 1775 κλήτου,
622 1702 782 1757 αὑτοῦ
813 1703 961 1767 ὄντος
999 1703 1092 1756 τοῦ
1137 1702 1537 1773 χορηγουμένου
1587 1700 1722 1753 κατὰ
1784 1699 1882 1762 τὰς
1945 1701 2001 1752 ὲν
2042 1699 2187 1770 αὐτῷ
2234 1701 2521 1771 διαιρέσεις
2565 1701 2672 1754 τῶν
2704 1702 3078 1773 χαρισμάτωνο
3125 1692 3168 1766 ᾧ
3227 1703 3322 1771 μὲν
3369 1704 3474 1771 γάρ
3525 1704 3612 1757 διὰ

369 1794 462 1848 τοῦ
507 1795 820 1865 Πνεύματος
851 1795 1050 1848 δίδοται
1100 1793 1253 1860 λόγος
1284 1792 1494 1860 σοφίας,
1524 1791 1667 1860 ἄλλῳ
1699 1790 1752 1842 δὲ
1784 1789 1950 1857 Λόγος
1991 1790 2243 1858 γνώσεως
2282 1791 2422 1844 κατὰ
2476 1794 2535 1844 τὸ
2598 1793 2727 1846 αὐτὸ
2764 1793 3004 1864 Πνεῦμω
3040 1794 3208 1864 ἑτέρῳ
3238 1795 3417 1857 πίστις
3451 1798 3506 1847 ὲν
3537 1795 3616 1865 τῷ

375 1885 522 1956 αὐτῷ
587 1887 884 1957 Πνεύματι,
951 1887 1044 1938 καὶ
1113 1885 1179 1938 τὰ
1228 1884 1436 1946 τούτοις
1495 1880 1950 1953 κατηριθμημένα
1987 1883 2205 1952 ὁμοίως.

1008 1977 1164 2030 una.
1216 1980 1304 2042 cr.

372 2068 574 2132 Ὀπως
596 2068 632 2133 ἡ
653 2068 979 2131 Ἐκκλησία
1001 2066 1128 2134 περὶ
1153 2063 1379 2129 Πατρὸς
1400 2062 1644 2134 καὶᾲΥΙοῦ
1661 2062 1756 2114 καὶ
1774 2060 1944 2130 ἁγίου

618 2132 959 2204 Πνεύματος
994 2132 1235 2203 φρονεῖν
1271 2132 1695 2200 παραδίδωσιν.

441 2229 513 2280 Τὸ
545 2229 643 2298 μὲν
667 2223 758 2280 οὖν
786 2227 936 2293 ἆγιον
973 2226 1109 2278 [Ινεῦ
1121 2242 1194 2295 μα
1231 2225 1406 2294 μόνοις
1437 2224 1611 2291 ἁγίοις
1643 2223 1949 2292 ἐμφιλοχω-

375 2324 487 2394 ρεῖν
534 2321 763 2388 πέφυκε,
813 2318 902 2370 διὰ
933 2316 1026 2370 τοῦ
1070 2315 1198 2368 Υίοῦ
1248 2315 1672 2390 χορηγούμενον,
1716 2308 1795 2376 οἷς
1829 2314 1893 2366 ἂν
1920 2313 1949 2365 6

373 2411 564 2481 Πατὴρ
597 2411 853 2480 κρίνειεν.
896 2409 1005 2460 Καὶ
1037 2407 1179 2459 τοῦτ’
1223 2407 1286 2460 ἂν
1330 2407 1412 2476 εἰή
1452 2405 1610 2476 ἔργον
1655 2403 1841 2466 αὑτοῦ,
1888 2401 1950 2454 τὸ

374 2504 582 2565 πάντας
618 2499 886 2569 ἁγιάζειν,
934 2494 1014 2562 οἷς
1049 2499 1114 2552 ἂν
1148 2498 1264 2561 ἑνός
1296 2515 1438 2559 τινος
1476 2497 1508 2566 ἦ
1555 2495 1648 2548 καὶ
1691 2494 1949 2546 πλειόνων

378 2590 638 2663 μεταδιδῶ
669 2589 775 2642 τῶν
807 2592 864 2642 ὲν
894 2588 1040 2658 αὐτῷ
1074 2588 1448 2659 χαρισμάτων,
1482 2587 1557 2648 ὡς
1598 2585 1691 2637 καὶ
1736 2585 1949 2654 προφή-

374 2699 474 2745 τας
507 2682 599 2735 καὶ
629 2681 956 2743 ἀποστόλους
987 2681 1081 2733 καὶ
1116 2681 1294 2731 πᾶσαν
1321 2676 1541 2744 θεοφιλῆ
1577 2674 1772 2744 ψυχὴν,
1805 2674 1951 2736 εἰκὸς

374 2775 430 2828 δὲ
459 2775 550 2827 καὶ
575 2773 671 2835 τὰς
693 2772 972 2842 κρείττους
1001 2772 1095 2823 καὶ
1120 2771 1268 2832 θείας
1296 2768 1549 2838 δυνάμεις
1573 2768 1669 2837 τῆς
1701 2767 1758 2830 ἐξ
1788 2766 1950 2820 αὐτοῦ

380 2865 813 2938 μεταλαμϐάνειν
851 2863 1160 2933 ἁγιότητοςο
1196 2864 1223 2913 ό
1249 2862 1303 2913 δὲ
1334 2861 1459 2922 Υἱὸς
1497 2860 1656 2928 μόνος
1713 2860 1948 2929 πατρικῇ

377 2957 592 3027 θεότητι
631 2956 990 3025 τετιμημένος
1027 2954 1306 3024 ποιητικὸς
1348 2951 1412 3006 ἂν
1446 2952 1530 3022 εἴη
1564 2952 1657 3002 καὶ
1697 2950 1956 3020 δημιουρ-

376 3048 530 3116 γικὸς
559 3047 657 3115 τῆς
691 3047 798 3098 τῶν
830 3045 1072 3115 γενητῶν
1107 3044 1380 3106 ἁπάντων,
1417 3041 1624 3113 ὁρατῶν
1653 3057 1712 3092 τε
1745 3040 1838 3092 καὶ
1862 3040 1955 3091 ἀο-

381 3141 556 3212 ράτων
593 3138 685 3191 καὶ
729 3138 791 3207 δὴ
823 3136 932 3206 (65)
976 3136 1069 3189 καὶ
1103 3136 1272 3205 αὐτῆς
1318 3135 1415 3204 τῆς
1461 3133 1552 3185 τοῦ
1586 3131 1952 3202 Παρακλήτου

380 3229 693 3299 Πνεύματος
715 3229 998 3297 ὑπάρξεως
1018 3242 1030 3254 ·
1067 3226 1269 3279 Πάντα
1286 3224 1392 3293 γὰρ
1407 3224 1479 3276 δι’
1501 3223 1683 3277 αὑτοῦ
1699 3223 1954 3291 ἐγένετο,

2693 1979 2842 2032 CAP.
2891 1978 2972 2031 Vl.

2050 2065 2178 2131 Qum
2205 2067 2270 2121 sit
2303 2066 2807 2131 Ecclesitetraditio,
2832 2072 2893 2121 de
2913 2067 3093 2136 Patre,
3118 2081 3161 2122 et
3190 2067 3331 2122 Filio
3347 2079 3392 2122 et
3413 2069 3618 2138 Spiritu

2723 2151 2921 2191 murto.

2122 2227 2354 2283 Sanctus
2383 2243 2513 2298 ergo
2558 2229 2791 2298 Spiritus
2811 2269 2826 2294 ,
2855 2239 3074 2290 sanctos
3113 2231 3260 2285 solos
3290 2232 3618 2293 inhabitans,

2049 2333 2140 2386 per
2173 2318 2366 2374 Filium
2404 2310 2711 2390 impertitur
2751 2322 2834 2383 iis,
2858 2337 2992 2389 quos
3021 2323 3180 2377 Pater
3220 2323 3617 2392 approbaverit.

2049 2407 2196 2476 Opus
2225 2409 2339 2477 ejus
2369 2411 2640 2478 propriqu
2677 2421 2759 2464 est
2786 2409 3128 2465 sanetiiicare
3169 2426 3378 2465 omnes.
3415 2413 3623 2477 Quibus

2049 2497 2270 2566 singulis
2303 2513 2463 2550 unum
2490 2499 2726 2566 aliquod,
2759 2488 2838 2552 rei
2863 2500 3022 2553 etiam
3052 2500 3203 2568 plura
3233 2501 3495 2554 interdum
3525 2517 3622 2554 sua

2051 2588 2373 2642 charismata
2407 2589 2688 2658 elargitur.
2736 2591 2884 2644 Adeo
2933 2601 2991 2644 ut
3029 2593 3320 2660 prophetat,
3371 2593 3623 2660 apostoli,

2051 2679 2227 2732 omnis
2259 2681 2438 2732 anima
2479 2679 2586 2733 Deo
2611 2681 2773 2734 chara
2801 2699 2813 2733 :
2842 2682 3090 2737 fortassis
3129 2693 3184 2737 et
3223 2684 3415 2738 divina:
3445 2683 3546 2737 illa:
3572 2692 3626 2736 e'.‘

2053 2771 2463 2824 exet-llentiores
2512 2783 2828 2841 potestates,
2874 2775 3014 2829 illius
3045 2775 3329 2844 participes
3369 2775 3500 2828 [iant
3533 2791 3628 2842 per

2053 2877 2173 2914 eum
2214 2863 2602 2917 sanctiﬁcatae:
2640 2866 2786 2919 solus
2834 2876 3012 2919 autem
3053 2865 3224 2919 Filius
3263 2879 3482 2936 paterna
3515 2869 3629 2922 dei-

2058 2960 2165 3005 tate
2195 2951 2512 3016 honoratus,
2539 2963 2795 3024 operatus
2842 2954 3002 3009 fuerit
3037 2966 3090 3010 et
3119 2959 3454 3025 produxerit,
3497 2960 3626 3013 sub-

2056 3042 2295 3096 sistentia
2337 3054 2516 3120 creata
2561 3045 2771 3109 omnia,
2809 3045 3076 3110 visibilia,
3119 3046 3425 3119 invisibilia,
3472 3057 3631 3115 atque

2058 3134 2191 3186 adeo
2229 3134 2402 3202 ipsum
2449 3150 2663 3204 quoque
2712 3135 2972 3204 Spiritum
3019 3137 3360 3193 Paracletum
3396 3158 3409 3192 :
3439 3138 3632 3192 Omnia

2058 3227 2214 3288 enim,
2257 3227 2450 3294 inquit,
2480 3243 2571 3295 per
2594 3229 2766 3295 ipsum
2811 3228 2952 3296 facta
2989 3239 3134 3293 sunt,
3182 3242 3228 3284 et
3263 3233 3375 3284 sine
3410 3233 3520 3298 ipso
3550 3233 3632 3295 [a-

381 3320 478 3372 καὶ
508 3318 685 3385 χωρίς
722 3316 906 3370 αὑτοῦ
950 3315 1185 3384 ἐγένετο
1218 3314 1360 3366 οὐδὲ
1388 3314 1476 3366 ἓνο
1509 3315 1621 3376 καὶ,
1671 3315 1773 3366 Ἐν
1799 3311 1952 3376 αὐτῷ

2061 3328 2198 3368 ctum
2224 3325 2301 3368 est
2341 3317 2472 3370 nihil
2501 3319 2568 3368 ⁸³.
2597 3317 2684 3381 Et,
2711 3317 2777 3370 In
2801 3318 2912 3385 ipso
2939 3321 3150 3372 condita
3171 3331 3288 3372 sunt
3314 3322 3489 3373 omnia
3516 3338 3634 3389 qua:

379 3410 624 3475 ἐκτίσθη
666 3409 736 3461 τὰ
777 3407 992 3468 πάντα,
1028 3405 1098 3458 τὰ
1135 3405 1204 3457 ἐν
1240 3405 1364 3470 τοῖς
1406 3405 1700 3471 οὐρανοῖς,
1757 3405 1853 3457 καὶ
1890 3403 1961 3456 τὰ

381 3500 479 3553 ἐπὶ
516 3499 624 3567 τῆς
665 3499 792 3568 γῆς,
826 3499 943 3551 εἴτε
973 3495 1173 3566 ὁρατὰ,
1205 3496 1325 3549 εἴτε
1359 3496 1600 3562 ἀόρατα.
1660 3496 1718 3546 Ὀ
1751 3495 1805 3547 δὲ
1833 3493 1960 3546 ἐπέ-

381 3610 534 3646 κεινα
575 3591 680 3643 τῶν
726 3591 860 3643 ὅλων
892 3590 1021 3652 Θεὸς
1064 3590 1157 3641 καὶ
1197 3587 1386 3658 Πατὴρ
1433 3586 1526 3639 τοῦ
1573 3587 1774 3657 Κυρίου
1803 3585 1960 3656 ἡμῶν

395 3682 570 3754 Ἰησοῦ
608 3683 862 3752 Χριστοῦ,
893 3681 1126 3753 ἄρῤητόν
1171 3699 1221 3732 τι
1270 3678 1344 3732 ῶν
1376 3678 1599 3747 ἀγαθὸν,
1631 3678 1724 3732 καὶ
1763 3678 1962 3740 παντὸς

383 3777 643 3847 λογισμοῦ
670 3779 761 3830 καὶ
789 3778 1023 3838 διανοίας
1053 3776 1234 3845 φωνῆς
1269 3791 1326 3826 τε
1373 3775 1551 3842 πάσης
1597 3773 1688 3826 καὶ
1722 3771 1960 3841 ἐνθυμή-

387 3887 525 3933 σεως
561 3872 822 3940 κρεῖττον,
854 3870 990 3939 ὁμοῦ
1029 3869 1136 3922 τῶν
1168 3871 1382 3923 πάντων
1416 3868 1515 3919 ὅσα
1549 3867 1678 3919 ποτὲ
1711 3865 1838 3918 ὄντα
1870 3865 1963 3918 καὶ

384 3963 540 4014 ὁποῖα
571 3960 821 4029 τυγχάνει
854 3959 1016 4012 αὑτοῦ
1047 3977 1106 4012 τε
1132 3959 1225 4012 τοῦ
1255 3959 1410 4026 ἁγίου
1435 3957 1766 4028 Πνεύματος,
1792 3971 1961 4026 προσ-

387 4055 467 4107 έτι
501 4054 556 4106 δὲ
585 4053 676 4105 καὶ
700 4051 792 4104 τοῦ
819 4051 1137 4122 μονογενοῦς
1161 4050 1313 4112 Υίοῦ,
1342 4049 1746 4119 καθηγούμενος
1773 4047 1952 4116 μόνος,

387 4145 608 4206 εἰκότως
634 4147 662 4198 6
703 4144 794 4197 ἐπὶ
829 4144 1066 4203 πάντων,
1097 4143 1189 4196 καὶ
1217 4143 1305 4197 διά
1335 4142 1571 4205 πάντων,
1615 4142 1709 4193 καὶ
1743 4142 1799 4192 ἐν
1827 4140 1962 4192 πᾶσι

386 4237 518 4301 Θεὸς
544 4238 846 4306 ἀνείρηται,
879 4237 1030 4307 παρὰ
1061 4237 1138 4307 τῷ
1167 4235 1474 4305 Ἀποστόλῳ
1501 4235 1680 4304 φάντι,
1714 4229 1818 4299 Εἷς
1845 4233 1962 4286 Κύ-

376 4346 529 4397 ριος,
557 4331 665 4398 μία
701 4330 923 4390 πίστις,
965 4326 1034 4380 ἓν
1062 4326 1394 4394 βάπτισμα,
1436 4322 1525 4390 εἷς
1576 4326 1719 4389 Θεὸς
1753 4324 1959 4391 Πατὴρ

386 4417 626 4471 πάντων
653 4421 684 4472 ό
721 4418 819 4476 ἐπὶ
848 4418 1089 4470 πάντων
1110 4417 1208 4471 καὶ
1236 4417 1332 4471 διὰ
1354 4416 1595 4469 πάντων
1623 4415 1719 4468 καὶ
1750 4414 1819 4468 ἐν
1840 4413 1953 4483 (66)

388 4509 557 4564 πᾶσι.
587 4511 697 4562 Καὶ
731 4509 888 4580 μόνος
923 4511 1019 4580 μὲν
1049 4510 1210 4572 αὐτὸς
1242 4503 1322 4571 εἷς
1367 4508 1498 4571 Θεὸς
1537 4507 1630 4560 καὶ
1657 4505 1842 4576 Πατὴρ
1868 4502 1962 4557 τοῦ

389 4601 593 4672 Κυρίου
630 4601 783 4671 ἡμῶν
841 4599 1015 4671 Ἰησοῦ
1061 4599 1297 4671 Χριστοῦ
1338 4598 1664 4670 χρηματίζοι
1713 4595 1800 4662 ἂν,
1841 4597 1868 4648 6
1908 4594 1963 4648 δὲ

389 4692 516 4754 Υἱὸς
553 4691 842 4762 μονογενὴς
873 4691 1024 4754 Θεὸς,
1059 4693 1087 4744 6
1125 4691 1199 4743 ῶν
1245 4693 1324 4752 εἰς
1356 4690 1448 4742 τὸν
1494 4689 1690 4742 κόλπον
1719 4687 1812 4739 τοῦ
1851 4687 1962 4738 Πα-

388 4784 533 4855 τρὸς,
587 4784 647 4836 τὸ
682 4783 738 4836 δὲ
783 4782 1132 4853 παράκλητον
1177 4782 1418 4852 Πνεῦμα,
1470 4779 1593 4833 οὔτε
1641 4779 1792 4842 Θεὸς,
1841 4776 1965 4829 οὔτε

389 4877 536 4939 Υἱός·
587 4876 707 4928 ἐπεὶ
749 4873 822 4944 μὴ
863 4876 925 4927 ὲκ
967 4873 1061 4927 τοῦ
1107 4875 1320 4944 Πατρὸς
1371 4873 1573 4942 ὁμοίως
1603 4869 1682 4939 τῷ
1715 4867 1830 4938 Υἰῴ
1873 4867 1966 4941 καὶ

389 4968 520 5020 αὐτὸ
542 4967 638 5036 τὴν
673 4966 885 5034 γένεσιν
918 4965 1160 5035 εἴληφεν,
1192 4965 1250 5017 ἒν
1283 4965 1339 5016 δέ
1371 4982 1424 5016 τι
1451 4964 1557 5016 τῶν
1591 4961 1676 5014 διὰ
1705 4959 1799 5012 τοῦ
1830 4958 1960 5010 Υἱοῦ

389 5057 694 5127 γενομένων
740 5056 1016 5127 τυγχάνει,
1067 5058 1147 5109 ὅτι
1186 5055 1296 5126 (67)
1330 5055 1393 5125 δὴ
1428 5052 1622 5106 πάντα
1667 5050 1739 5103 δι’
1773 5048 1959 5103 αὑτοῦ

475 5218 534 5276 ›Ι‹
566 5211 664 5267 Ed.
698 5211 889 5277 Paris.,
920 5229 1038 5283 pag.
1077 5212 1198 5267 174.
1260 5212 1380 5266 175.
1458 5211 1501 5242 ⁸¹
1530 5208 1683 5264 Joan.
1711 5222 1748 5274 I,
1775 5205 1858 5260 17.

464 5392 576 5464 (65),
604 5391 712 5446 Καὶ
739 5392 925 5460 αὐτῆς
947 5392 1056 5460 τῆς
1077 5394 1182 5450 τοῦ
1210 5393 1603 5462 Παρακλήτου
1622 5397 1968 5464 Πνεύματος

391 5461 724 5531 ὑπάρξεως,
755 5476 943 5530 aperte
973 5463 1234 5532 Spiritum
1280 5461 1550 5526 sanctum,
1608 5467 1658 5518 in
1711 5461 1833 5519 albo
1877 5461 1964 5518 rel-

395 5539 544 5599 pnnit
569 5542 973 5595 creaturarum,
1005 5549 1259 5604 eumque
1299 5550 1326 5586 a
1355 5533 1496 5604 Filio
1537 5537 1760 5603 perinde
1803 5547 1968 5604 atque

393 5615 588 5655 etetera
629 5604 948 5668 productum
984 5603 1203 5656 disertis
1255 5603 1434 5657 verbis
1469 5607 1680 5668 scribit,
1723 5603 1968 5672 quodet

395 5674 577 5748 s_lati_m
653 5673 1035 5748 ldasphemus‘
1069 5674 1282 5748 repetit.
1347 5673 1419 5725 Τὸ
1487 5673 1569 5748 δὲ-
1611 5675 1968 5748 Παρακλητον

397 5741 620 5811 Πιεῦμα
640 5740 765 5816 οὔτε
799 5741 950 5805 Θεός,
983 5741 1104 5816 ούτε
1141 5743 1287 5816 Υίός,
1318 5751 1450 5816 etc.,
1480 5744 1570 5813 qui
1611 5760 1675 5799 eo
1700 5740 1968 5816 'majorem

397 5817 612 5880 quidem
637 5811 831 5867 Filium
867 5813 1077 5880 statuit,
1107 5815 1198 5869 sed
1221 5813 1470 5869 eumdem
1498 5811 1674 5883 ipsum
1706 5811 1966 5874 minorem

1936 5205 1981 5237 ”
1999 5202 2127 5260 ibid.
2157 5204 2210 5257 5.

2061 3417 2180 3460 sunt
2214 3410 2267 3460 in
2297 3408 2456 3471 uelis,
2484 3417 2531 3461 et
2573 3425 2689 3478 qua:
2725 3427 2884 3476 super
2919 3424 3133 3476 terram,
3157 3412 3260 3464 sive
3282 3411 3527 3478 visibilia,
3556 3414 3632 3465 si-

2061 3514 2117 3550 ve
2148 3499 2430 3551 invisibilia
2450 3499 2513 3551 “3.
2547 3499 2688 3554 Deus
2728 3511 2904 3555 autem
2932 3502 3019 3556 ille
3056 3518 3216 3572 ευμεν
3237 3504 3441 3569 omnia,
3477 3503 3635 3557 Pater

2065 3587 2272 3640 Domini
2312 3589 2480 3642 nostri
2529 3588 2656 3644 Jesu
2703 3589 2926 3653 Christi,
2978 3607 3098 3644 cum
3157 3592 3228 3645 sit
3275 3592 3635 3646 inenarrabile

2063 3677 2331 3746 quoddam
2382 3679 2603 3745 bonum,
2628 3695 2842 3734 omnem
2896 3696 3228 3750 exsuperans
3272 3683 3636 3738 ratiocinatio-

2063 3785 2207 3834 nem,
2235 3770 2638 3838 cogitationem,
2675 3787 2862 3826 vocem
2913 3788 3129 3826 onmem
3169 3774 3634 3843 disquisitionem-

2065 3877 2188 3930 que.
2219 3862 2469 3916 Omnium
2523 3880 2701 3917 rerum
2751 3875 3016 3935 quotquot
3046 3868 3258 3921 demum
3290 3866 3424 3932 illae,
3457 3875 3511 3920 et
3543 3883 3636 3921 cu-

2057 3951 2508 4022 jusmodicunque
2559 3956 2801 4022 fuerint,
2858 3957 3027 4026 ipsius
3103 3958 3326 4028 insuper
3400 3958 3635 4027 Spiritus

2065 4053 2303 4110 sanctus,
2335 4053 2389 4098 et
2429 4045 2544 4099 Filii
2573 4045 2799 4102 ulterius
2827 4049 3109 4116 unigeniti,
3144 4049 3252 4103 dux
3293 4057 3348 4102 et
3388 4050 3639 4119 princeps

2065 4145 2167 4199 est,
2194 4151 2291 4190 nec
2331 4136 2525 4206 injuria
2559 4137 2741 4204 solus;
2766 4153 2888 4192 cum
2919 4154 3080 4207 super
3097 4141 3301 4200 omnia,
3336 4148 3390 4194 et
3417 4156 3509 4207 per
3530 4158 3640 4194 om.

2067 4227 2190 4292 nia,
2222 4227 2354 4281 etin
2390 4230 2640 4282 omnibus
2687 4231 2823 4283 Deus
2871 4231 3193 4298 praedicetur
3238 4230 3306 4284 ab
3359 4231 3635 4300 Apostolo,

2068 4320 2154 4374 ubi
2192 4321 2288 4384 ait,
2321 4319 2470 4373 Unus
2501 4320 2778 4385 Dominus,
2820 4337 2924 4375 una
2957 4321 3111 4389 fides,
3140 4337 3302 4374 unum
3333 4321 3587 4389 baptisma
3619 4339 3638 4386 ,-

2065 4429 2198 4466 unus
2227 4412 2389 4477 Deus,
2427 4411 2589 4466 Pater
2621 4415 2872 4478 omnium,
2912 4415 3002 4484 qui
3053 4424 3126 4466 est
3164 4429 3320 4482 super
3358 4413 3556 4478 omnia,
3591 4424 3638 4466 et

2065 4521 2155 4573 per
2179 4506 2377 4569 omnia,
2408 4514 2455 4558 et
2489 4506 2544 4557 in
2572 4505 2814 4559 omnibus
2864 4505 3080 4561 Deus“.
3111 4502 3267 4559 Solus
3309 4505 3523 4574 quidem
3553 4504 3641 4557 ille

2074 4595 2235 4656 Deus,
2261 4609 2314 4650 et
2348 4595 2507 4650 Pater
2542 4593 2752 4649 Domini
2796 4601 2854 4657 ᾗ(
2891 4595 3055 4648 nostri
3082 4592 3210 4649 Jesu
3259 4593 3456 4649 Christi
3487 4592 3634 4645 dica-

2071 4695 2158 4740 tur
2189 4705 2202 4739 :
2235 4685 2403 4741 Filius
2433 4687 2740 4756 unigenitus
2773 4687 3039 4756 Deus,qui
3064 4694 3181 4740 erat
3205 4686 3256 4740 in
3289 4687 3406 4738 sinu
3442 4683 3637 4738 Patris.

2064 4779 2133 4832 At
2158 4779 2391 4846 Spiritus
2435 4777 2754 4833 Paracletus
2779 4817 2794 4842 ,
2827 4793 3002 4847 neque
3043 4778 3202 4842 Deus,
3245 4792 3417 4845 neque
3450 4776 3638 4830 Filius.

2065 4865 2328 4931 Quoniam
2359 4881 2465 4920 non
2504 4868 2570 4921 de
2609 4866 2768 4920 Patre
2818 4871 3038 4936 perinde
3075 4877 3236 4936 atque
3265 4867 3434 4920 Filius
3477 4881 3643 4936 gene-

2066 4955 2166 5006 sim
2223 4957 2455 5024 accepit,
2487 4966 2541 5009 et
2577 4973 2716 5012 unus
2744 4973 2810 5012 ex
2857 4972 3043 5012 eorum
3074 4974 3238 5012 censu
3268 4966 3382 5022 est,
3418 4959 3506 5025 qui
3546 4971 3642 5025 per

2069 5043 2260 5098 Filium
2329 5047 2702 5102 condebantur
2750 5067 2765 5104 ε
2816 5049 3250 5120 quandoquidem
3314 5049 3489 5103 omnia
3551 5065 3644 5118 per

2293 5201 2338 5234 ⁸³
2371 5201 2578 5260 Coloss.
2612 5220 2650 5272 ι,
2676 5205 2761 5260 16.
2836 5205 2883 5237 ⁸⁸
2911 5204 3107 5275 Ephes.
3139 5203 3287 5271 tv,5,
3327 5203 3381 5258 6.

2063 5395 2246 5458 Patre,
2286 5403 2342 5448 ut
2378 5395 2680 5448 mirandum
2729 5393 2800 5448 sit
2830 5391 3114 5446 Socratem
3147 5390 3280 5443 adeo
3317 5388 3639 5456 desipuisse,

2063 5467 2153 5534 qui
2194 5467 2307 5518 lucc
2362 5463 2943 5534 scriptaproduxerit,
2994 5471 3052 5514 ut
3103 5460 3401 5514 Eusebium
3439 5461 3637 5513 immu—

2066 5533 2186 5588 nem
2241 5537 2498 5603 probaret
2549 5535 2617 5587 ab
2666 5533 3020 5603 Arianismo:
3051 5539 3107 5603 et
3142 5541 3320 5603 tamen
3359 5539 3644 5603 aus_us__est

2061 5607 2088 5658 ὁ
2117 5599 2426 5676 Παμφίλου,
2457 5606 2554 5659 has
2584 5602 2885 5676 sui__ipsius
2939 5599 3307 5672 blasphemias
3360 5599 3642 5655 catholica:

2066 5672 2321 5730 Ecclusiue
2347 5676 2639 5729 ascribere.
2666 5672 2739 5730 Μ.

2142 5744 2254 5813 (66)
2281 5745 2448 5813 Vulgo
2479 5745 2612 5798 πᾶσι
2632 5744 2785 5808 Θεὸς.

2141 5811 2248 5886 (67)
2291 5811 2454 5886 Vulgo
2483 5815 2559 5880 δέ,
2590 5825 2642 5871 et
2674 5833 2794 5872 mox
2819 5814 2938 5869 ὅλον
2969 5811 3059 5870 τοῦ
3093 5816 3149 5868 Σ.
