4082 6436
426 414 569 472 1015

1107 413 1375 469 EUSEBII
1415 414 1898 473 CASSARIENSIS
1934 412 2015 470 0P

2130 413 2309 471 PARS
2346 413 2434 468 IV.
2476 447 2544 464 τ-
2583 409 3010 472 ΒΟΟΜΑΤΙΟΑ.

3540 411 3682 469 1016

428 536 599 600 ipsum
630 533 772 602 facta
802 543 944 596 sunt,
969 544 1017 587 et
1044 534 1156 588 sine
1188 535 1301 601 ipso
1336 541 1533 604 factum
1558 546 1633 590 est
1655 536 1803 592 nihil.
1826 538 2002 606 Atque

2116 536 2355 608 ἐγένετο,
2384 541 2480 594 καί
2513 541 2687 608 χωρὶς
2720 539 2905 594 αὑτοῦ
2937 531 3179 607 ἐγένετο
3210 532 3351 588 οὐδέ
3374 534 3465 588 ἐν.
3494 535 3683 593 Ταυτα.

429 627 531 679 ista
556 627 769 693 quidem
801 625 866 678 ad
893 625 1034 677 hunc
1086 613 1301 679 modum
1338 636 1540 682 sanctae
1569 636 1695 683 sunt
1723 635 1779 681 et
1809 627 1999 681 catho-

427 715 545 770 lica:
598 715 849 769 Ecclesiae
898 715 1113 780 tradita,
1178 729 1415 784 voceque
1463 717 1645 771 divina
1687 718 1999 787 consignata

428 806 703 873 mysteria.
761 803 1045 859 Marcellus
1091 820 1223 859 vero
1271 807 1605 873 permiscens
1650 809 1854 874 omnia,
1900 806 2000 861 ali-

427 894 645 963 quando
668 895 718 948 in
743 896 1067 964 profundum
1086 912 1143 951 se
1159 896 1629 953 Sabellianismum
1658 899 1998 968 praecipitat:

428 984 715 1054 aliquando
752 985 904 1041 Pauli
945 988 1089 1042 illius
1118 1004 1146 1042 a
1193 990 1497 1046 Samosatis
1542 991 1788 1046 haeresim
1840 1006 2000 1045 reno-

426 1090 558 1131 vare
580 1076 715 1140 vult,
751 1078 1040 1148 aliquando
1061 1077 1280 1135 Judtens
1311 1091 1521 1135 tantum
1558 1097 1665 1137 non
1701 1084 2005 1153 deprehen-

428 1168 615 1222 ditur:
649 1184 808 1222 unam
843 1171 1040 1224 etenim
1086 1171 1400 1241 hyposmsin
1445 1174 1885 1243 tripersonatam,
1927 1176 2002 1229 uti

429 1269 488 1313 et
516 1259 858 1315 trinoniinem
896 1262 1221 1329 introducit,
1253 1264 1501 1318 eumdem
1553 1266 1827 1320 allirmans
1884 1279 2005 1322 esse

430 1350 623 1415 Deum,
655 1362 708 1404 et
757 1352 810 1406 in
864 1351 972 1406 Deo
1026 1352 1281 1420 Verbum,
1316 1366 1370 1409 et
1421 1354 1681 1424 Spiritum
1736 1365 2003 1410 sanctum.

430 1438 821 1509 Transgressus
867 1443 991 1497 inde
1037 1444 1100 1496 ad
1158 1444 1395 1512 Apostoli
1435 1446 1501 1499 de
1543 1445 1757 1501 Christo
1798 1447 2006 1501 theolo-

428 1533 605 1600 giam,
636 1534 873 1587 diversas
927 1535 1015 1588 hic
1050 1534 1270 1588 adhibet
1323 1535 1823 1605 interpretationes.
1871 1536 2002 1590 Nam

430 1638 552 1675 cum
581 1623 809 1676 exertim
843 1624 1131 1692 Apostolus
1160 1625 1354 1680 Filium
1389 1625 1508 1689 Dei,
1534 1627 1697 1681 Deum
1728 1630 2004 1697 praedicet,

430 1723 489 1766 ut
514 1714 602 1768 ubi
629 1714 720 1776 ait,
751 1714 853 1780 Qui
878 1725 954 1769 est
983 1716 1157 1786 imago
1180 1716 1277 1770 Dei
1298 1717 1603 1785 invisibilis,
1631 1720 2007 1789 primogenitus

431 1805 601 1857 omnis
633 1806 1169 1875 creaturtr,quoniam
1194 1808 1249 1860 in
1271 1807 1362 1861 illo
1389 1817 1566 1862 creata
1594 1820 1713 1863 sunt
1741 1811 2000 1876 universa,

2103 628 2200 697 μὲν
2263 623 2356 682 οῦν
2426 632 2525 701 τῆς
2589 628 2880 700 καθολικῆς
2967 622 3067 680 καὶ
3134 624 3294 691 ἁγίας
3353 625 3682 696 Ἐκκλησίας

2088 712 2202 799 ,ὧδέ
2233 736 2308 789 πη
2342 717 2429 772 διὰ
2449 719 2556 773 τῶν
2583 718 2742 772 θείων
2773 719 2964 787 φωνῶν
2991 713 3342 792 παραδίδοται
3367 715 3437 769 τὰ
3472 718 3683 789 μυστή-

2103 829 2213 883 ρια·
2250 811 2567 883 Μάρκελλος
2599 811 2655 865 δὲ
2705 812 2883 865 πάντα
2917 810 3115 881 φύρας.
3150 807 3280 860 ποτὲ
3325 809 3424 879 μὲν
3469 811 3550 873 είς
3582 810 3684 863 αὐ·-

2101 902 2192 953 τὸν
2214 900 2333 954 ὅλον
2366 901 2456 954 τὸν
2482 900 2771 954 Σαϐελλίου
2801 899 2960 970 βυθον
2990 897 3181 970 χωρεῖ,
3210 897 3341 951 ποτὲ
3372 897 3430 951 δὲ
3465 898 3681 952 Παύλου

2104 990 2199 1044 τοῦ
2241 992 2602 1063 Σαμοσατέως
2630 990 2984 1046 ἀνανεοῦσθαι
3022 988 3278 1062 πειρᾶται
3316 986 3415 1060 τὴν
3444 991 3679 1061 αἵρεσιν,

2107 1082 2237 1135 ποτὲ
2285 1083 2342 1141 δὲ
2396 1083 2645 1147 Ἰουδαῖος
2685 1082 2760 1134 ὢν
2809 1081 3069 1153 ἄντικρυς
3111 1078 3493 1149 ἀπελέγχεται*
3548 1080 3681 1152 μίαν

2109 1174 2217 1244 γὰρ
2260 1174 2556 1228 ὑπόστασιν
2593 1174 2975 1246 τριπρόσωπον
3007 1170 3197 1244 ὥσπερ
3239 1172 3333 1226 καὶ
3371 1171 3683 1244 τριώνυμον

2108 1267 2342 1335 εἰσάγει,
2377 1267 2468 1321 τὸν
2508 1266 2670 1321 αὐτὸν
2704 1264 2842 1320 εἰναι
2869 1266 3043 1334 λέγων
3081 1265 3171 1319 τὸν
3201 1265 3334 1319 Θεὸν
3374 1265 3468 1319 καὶ
3498 1263 3590 1318 τὸν
3622 1268 3683 1319 ὲν

2106 1356 2254 1427 αὐτῷ
2286 1358 2457 1426 Λόγον
2489 1359 2581 1411 καὶ
2605 1357 2666 1410 τὸ
2697 1355 2855 1426 ἆγισνι
2876 1355 3121 1428 Πνεῦμα.
3156 1352 3270 1410 Εἶτ’
3306 1356 3555 1410 ἐντεῦθεν
3586 1374 3684 1427 με·-

2107 1447 2277 1511 ταόὰς
2304 1448 2396 1499 ὲπί
2419 1449 2518 1511 τὰς
2549 1448 2910 1512 ἀποστολικὰς
2952 1448 3079 1519 περὶ
3110 1446 3205 1501 τοῦ
3239 1447 3473 1520 Χριστοῦ
3500 1447 3684 1501 θεολο-

2106 1535 2252 1603 γίας,
2316 1535 2476 1590 πάλιν
2516 1536 2626 1607 (68)
2672 1535 3012 1606 διαστρόφοις
3052 1536 3313 1608 κέχρηται
3343 1536 3682 1607 ἑρμηνείαις.

2110 1625 2214 1679 Τοῦ
2256 1624 2367 1699 γὰρ
2397 1626 2542 1680 θείου
2586 1627 2907 1680 Ἀποστὸλου
2963 1626 3337 1695 θεολογοῦντος
3385 1627 3686 1699 διὰρῤηδην

2108 1715 2201 1768 τὸν
2225 1715 2352 1769 Υἱὸν
2378 1715 2472 1768 τοῦ
2500 1714 2633 1768 Θεοῦ
2662 1716 2753 1767 καὶ
2773 1714 3159 1782 λέγοντος,’⁹ος
3184 1713 3354 1766 ἐστιν
3379 1712 3556 1767 εἰκὼν
3578 1712 3686 1766 τοῦ

2113 1806 2263 1861 Θεοῦ
2304 1807 2414 1861 τοῦ
2460 1806 2738 1876 ἀοράτου,
2773 1809 3145 1875 πρωτότοκος
3174 1810 3377 1873 πάσης
3409 1806 3684 1870 κτίσεως,

431 1908 551 1949 Cum
579 1910 639 1947 ea
670 1909 787 1961 qum
820 1895 872 1946 in
919 1894 1059 1948 ctelis
1101 1906 1246 1960 sunt,
1280 1905 1391 1949 tum
1425 1914 1541 1966 qua:
1563 1914 1719 1965 super
1759 1910 1953 1953 terram
1981 1916 2001 1955 :

2116 1897 2194 1950 ὅτι
2221 1898 2291 1951 ἐν
2312 1896 2473 1963 αὐτῷ
2503 1898 2749 1967 ἐκτίσθη
2776 1897 2848 1951 τὰ
2874 1897 3088 1961 πάντα,
3130 1896 3203 1951 τά
3228 1913 3289 1950 τε
3316 1897 3387 1949 ἐν
3416 1894 3541 1960 τοῖς
3586 1896 3689 1948 οὺς

432 1984 538 2044 sive
563 1984 805 2050 uisibilia,
841 2002 928 2039 seu
958 1987 1274 2050 invisibilia:
1297 1988 1403 2041 sive
1432 1989 1627 2053 throni,
1653 2006 1744 2043 seu
1766 1991 2007 2044 domina-

2099 1988 2329 2056 ραν-οῖς,
2365 1988 2463 2042 καὶ
2505 1988 2578 2043 τὰ
2604 1989 2701 2047 ἐπὶ
2730 1988 2840 2057 τῆς
2879 1987 3012 2060 γῆς,
3039 1988 3158 2043 εἶτε
3208 1985 3408 2056 ὁρατὰ,
3437 1986 3558 2040 alte
3587 1986 3691 2040 ἀό-

434 2075 622 2140 tiones,
665 2076 770 2128 sive
810 2077 1176 2145 principatus,
1206 2094 1300 2133 seu
1339 2088 1640 2145 potestates,
1684 2080 1862 2136 omnia
1915 2096 2008 2150 per

2116 2097 2273 2144 pata,
2314 2080 2436 2134 εἴτε
2484 2083 2707 2150 θρόνοι,
2746 2081 2866 2136 εἴτε
2898 2081 3264 2150 κυριότητες,
3310 2079 3431 2134 εἴτε
3486 2080 3691 2163 ἁρχαὶ,

435 2167 630 2230 ipsum,
658 2176 709 2218 et
748 2166 799 2217 in
827 2169 938 2232 ipso
970 2167 1179 2220 condita
1205 2177 1330 2222 sunt
1364 2183 1383 2222 :
1403 2178 1453 2224 et
1489 2170 1596 2236 ipse
1633 2180 1707 2224 est
1746 2180 1866 2225 ante
1891 2188 2006 2225 om-

435 2254 548 2319 nia,
570 2263 616 2308 et
648 2256 824 2308 omnia
855 2257 910 2308 in
938 2257 1050 2325 ipso
1076 2260 1416 2312 constiterunt
1444 2259 1512 2312 ⁸⁸.

1074 2443 1225 2501 CAP.
1272 2447 1378 2505 VII.

438 2527 714 2597 Quomodo
740 2531 1269 2612 Marcellus_cnrnem
1292 2551 1559 2612 assereret
1587 2557 1696 2596 esse
1729 2542 2010 2612 imaginem

1011 2605 1108 2659 Dei
1146 2608 1444 2664 invisibilis.

507 2689 605 2745 Vir
637 2693 887 2764 egregius
921 2695 1024 2749 iste
1076 2700 1291 2753 demum
1340 2700 1407 2753 ad
1463 2715 1681 2755 carnem
1731 2700 2009 2769 deiectus,

438 2780 607 2849 ipsam
635 2781 868 2839 affirmat
907 2787 1192 2856 imaginem
1225 2789 1513 2844 invisibilis
1539 2804 1661 2845 esse
1702 2789 1793 2846 Dei
1831 2807 1846 2844 :
1887 2806 2011 2846 cum

440 2885 622 2927 tamen
653 2876 797 2943 quod
828 2892 932 2931 non
965 2877 1237 2946 observat,
1280 2879 1457 2934 forma
1495 2881 1812 2947 masculina,
1844 2884 1932 2952 qui
1960 2891 2015 2937 et

443 2981 550 3021 non
582 2983 698 3035 quae
737 2976 821 3023 est
858 2968 1034 3037 imago
1063 2968 1337 3024 eﬂ'eratur.
1364 2969 1456 3024 Ille
1486 2984 1665 3026 autem
1704 2972 2012 3037 articulum,

438 3059 530 3125 ὃς,
571 3061 724 3114 carni
763 3061 1085 3117 attributum
1134 3061 1413 3117 declarare
1456 3057 1567 3127 ait,
1594 3063 1737 3132 quod
1790 3066 1903 3134 Ipsa
1945 3064 2016 3120 sit

440 3150 531 3211 illa
566 3152 742 3221 imago
769 3152 1053 3207 invisibilis
1089 3153 1182 3208 Dei
1219 3169 1233 3207 :
1264 3154 1395 3208 illud
1423 3168 1638 3225 quoque
1663 3156 1769 3223 ipse
1792 3165 1867 3209 est
1897 3167 2017 3211 ante

442 3245 621 3301 omnia
641 3243 707 3298 de
742 3258 905 3299 carne
942 3244 1142 3300 dictum
1170 3247 1279 3300 ait:
1321 3223 1495 3317 neque
1542 3223 1728 3316 puduit
1774 3263 1896 3303 eum
1932 3248 2016 3304 di-
2042 3223 2090 3286 θ

441 3349 594 3400 cere,
635 3335 763 3402 ipse,
790 3338 859 3389 de
902 3350 1083 3392 carne.
1114 3335 1219 3391 Sed
1263 3348 1317 3395 et
1361 3349 1579 3409 propter
1628 3355 1847 3396 carnem
1894 3342 2017 3396 uni-

444 3444 612 3485 versae
631 3440 896 3484 creaturae
917 3431 1328 3501 primogenitum
1362 3445 1609 3488 vocatum
1634 3435 1710 3489 ait
1735 3455 1748 3488 :
1786 3453 1804 3486 ‹
1842 3434 2021 3491 Manet

449 3536 470 3571 s
516 3530 694 3574 autem
727 3522 1153 3587 immulabiliter,
1177 3523 1372 3590 inquit,
1399 3525 1466 3579 de
1489 3541 1672 3591 carne,
1700 3527 1881 3582 omnia
1910 3536 2017 3582 tam

447 3629 470 3667 ι
511 3611 562 3663 in
594 3611 747 3665 caelis
769 3626 930 3681 quam
962 3615 1012 3667 in
1045 3622 1209 3680 terra,
1239 3598 1354 3669 sive
1386 3616 1639 3683 visibilia,
1670 3622 1728 3681 ἧς
1754 3633 1848 3673 seu
1885 3619 2023 3675 invi-

448 3722 470 3755 s
515 3703 689 3763 sibilis
715 3713 897 3759 creata
927 3722 939 3756 :
973 3723 992 3756 ι
1021 3719 1120 3760 nec
1154 3706 1351 3776 refugit
1378 3706 1557 3763 dicere
1587 3708 1830 3774 thronos,
1859 3710 2023 3765 domi-

447 3795 726 3863 nationes,
773 3796 1143 3865 principatus,
1203 3807 1497 3868 potestates
1538 3815 1634 3871 per
1706 3812 1760 3857 et
1801 3812 2023 3873 propter

445 3903 666 3943 carnem
717 3888 1027 3946 Servaloris
1092 3891 1424 3945 creationem
1490 3908 1641 3953 suam
1697 3893 1748 3947 iu
1805 3892 2023 3950 Christo

444 3990 785 4037 consecutos.
846 3977 979 4032 Cum
1046 3993 1177 4032 vero
1245 3980 1523 4048 superiore
1586 3980 1723 4036 libro
1786 3980 2022 4038 Marcelli

444 4072 608 4131 verba
661 4069 729 4125 de
776 4070 938 4125 rebus
983 4070 1101 4125 istis
1144 4072 1436 4138 posuerim,
1481 4088 1546 4127 ne
1576 4085 1856 4129 excrescat
1886 4074 2023 4129 ultra

446 4163 664 4225 modum
698 4163 893 4224 oratio,
928 4169 1213 4215 contentus
1238 4175 1334 4216 ero
1366 4161 1473 4216 illic
1492 4177 1556 4218 ea
1593 4164 1903 4219 exhibuisse
1943 4176 2025 4219 te-

447 4252 722 4309 stimonia.
759 4251 929 4331 Quam
980 4265 1111 4307 vero
1142 4250 1216 4306 sit
1261 4251 1511 4319 distorta,
1552 4261 1608 4307 et
1636 4253 1900 4310 violenter
1936 4271 2026 4311 c0-

448 4354 567 4403 acta
594 4346 706 4398 haec
732 4346 858 4398 dicti
903 4345 1181 4414 apostolici
1212 4346 1605 4415 interpretatio,
1641 4362 1743 4402 non
1780 4358 1881 4413 est,
1911 4349 2027 4416 opi-

450 4449 567 4500 nor,
596 4450 729 4503 opus
765 4443 821 4488 ut
858 4433 1101 4503 pluribus
1139 4435 1316 4489 adhuc
1357 4448 1675 4505 persequar,
1701 4450 1822 4490 cum
1863 4451 2024 4505 quam

2107 2172 2227 2227 εἴτε
2269 2170 2566 2236 ἐξουσίαι,
2614 2173 2811 2225 πάντα
2863 2170 2940 2223 δι’
2980 2170 3189 2233 αὐτοῦ,
3232 2168 3331 2224 καὶ
3373 2170 3461 2235 εἰς
3502 2167 3696 2225 αὑτὸν

2108 2268 2399 2329 ἔκτισται,
2447 2269 2545 2321 καὶ
2591 2268 2774 2333 αὐτός
2815 2266 2947 2319 ἐστι
2999 2263 3111 2335 πρὸ
3162 2264 3422 2327 πάντων,
3471 2260 3570 2318 καί
3616 2258 3694 2323 τὰ

2111 2355 2306 2419 πάντα
2331 2356 2402 2410 ἐν
2426 2355 2587 2421 αὐτῷ
2616 2358 3018 2419 συνέστηκεν.

2768 2447 2924 2499 ΚΕΦ.
2965 2446 3036 2501 Z'.

2113 2543 2313 2605 ’Ὅπως
2358 2539 2714 2607 Μάρκελλος
2737 2536 2853 2603 τὴν
2882 2536 3088 2607 εἰκόνα
3114 2534 3217 2588 τοῦ
3267 2533 3413 2607 Θεοῦ
3441 2533 3549 2588 τοῦ
3591 2532 3702 2607 dos.

2296 2601 2482 2680 ράτοὶ)
2514 2607 2628 2676 τὴν
2873 2601 3023 2661 εἶναι
3055 2603 3470 2660 διεϐεϐαιοῦτο.
3665 2606 3675 2615 ’

2195 2704 2253 2757 '0
2283 2700 2593 2772 θαυμαστὸς
2634 2692 2789 2763 οὗτος
2828 2694 2984 2763 αὖθις
3017 2699 3107 2751 ἐπὶ
3139 2698 3236 2768 τὴν
3281 2697 3460 2769 σάρκα
3488 2693 3695 2763 πεσὼν,

2114 2794 2286 2867 αὐτὴν
2344 2788 2485 2846 εἶναι
2533 2792 2895 2861 ἀποφαίνεται
2935 2791 3034 2861 τὴν
3082 2790 3264 2843 εἰκόνα
3315 2787 3410 2841 τοῦ
3459 2787 3693 2859 ἀοράτου

2114 2885 2271 2952 Θεοῦ,
2287 2886 2387 2940 οὐκ
2402 2882 2615 2939 ἁκούων
2637 2883 2712 2946 ὡς
2733 2881 3005 2953 ἀρσενικῷ
3030 2882 3335 2954 χαρακτῆρι
3351 2880 3694 2951 ἐξενήνεκται

2115 2976 2196 3038 τὸ,
2228 2974 2288 3036 ὃς
2322 2975 2469 3027 ἐστιν
2502 2970 2683 3026 εἰκών.
2716 2971 2790 3023 Τὸ
2829 2970 2936 3041 γὰρ
2970 2969 3038 3036 ὃς
3068 2971 3168 3023 οὐκ
3198 2966 3291 3022 οἶδ’
3335 2970 3484 3031 ὅπως
3526 2969 3692 3038 ὲφαρ-

2120 3067 2290 3137 μόσας
2321 3067 2385 3135 τῇ
2427 3064 2593 3134 σαρκί
2624 3061 2826 3133 ταύτην
2855 3060 2958 3133 ἔφη
2983 3058 3272 3131 δηλοῦσθαι
3301 3060 3377 3122 ὼς
3406 3058 3577 3129 αὐτῆς
3606 3057 3698 3111 οὓς

2121 3175 2219 3230 σης
2250 3159 2348 3229 τῆς
2371 3156 2576 3219 εἰκόνος
2601 3154 2694 3209 τοῦ
2716 3152 2851 3208 Θεοῦ
2878 3152 2972 3206 τοῦ
2998 3153 3252 3225 ἀοράτου.
3277 3152 3386 3204 Καὶ
3413 3151 3595 3215 πάλιν,
3637 3150 3697 3202 τὸ

2119 3251 2300 3315 αὐτός
2332 3250 2463 3304 ἐστι
2500 3247 2611 3315 πρὸ
2634 3244 2877 3300 πάντων
2898 3262 2964 3298 πε
2974 3246 3027 3317 ρί.
3056 3244 3157 3315 τῆς
3192 3244 3393 3316 σαρκός
3420 3260 3583 3315 φησιν
3615 3244 3696 3295 εἰς

2122 3339 2335 3412 ρῆσθαι·
2384 3338 2483 3392 οὐκ
2531 3335 2845 3405 αἰδούμενος
2884 3336 2946 3388 τὸ
2990 3334 3172 3400 αὐτὸς
3222 3334 3315 3387 ἐπὶ
3357 3333 3457 3403 τῆς
3499 3332 3698 3403 σαρκὸς

2120 3428 2504 3499 ἐκλαμϐάνειν.
2531 3426 2641 3480 Καὶ
2663 3426 2753 3479 τὸν
2781 3424 3123 3495 πρωτότοκον
3151 3423 3331 3493 πάσης
3355 3422 3583 3485 κτίσεως
3608 3422 3695 3475 διὰ

2118 3519 2216 3591 τὴν
2244 3520 2422 3591 σάρκα
2441 3517 2739 3587 κεκλῆσθαι
2762 3515 2930 3582 λέγει.
2960 3533 2978 3565 t
3015 3514 3294 3585 Ἐπιμένει
3319 3512 3427 3583 (69)
3457 3528 3513 3564 τε
3545 3511 3690 3562 ἀδια-

2128 3631 2147 3664 «
2187 3612 2437 3684 τρέπτως
2470 3611 2527 3662 ὲν
2552 3612 2616 3680 τῇ
2648 3608 2811 3678 σαρκὶ
2837 3609 3059 3675 φάσκων
3087 3605 3157 3658 τὰ
3198 3607 3255 3658 ἐν
3281 3606 3387 3667 τοῖς
3422 3604 3682 3673 οὐρανοῖς,

2127 3721 2147 3755 ι
2183 3702 2276 3757 καὶ
2311 3700 2383 3754 τὰ
2424 3700 2518 3754 ἐπὶ
2561 3702 2660 3771 τῆς
2687 3699 2791 3768 γῆς
2819 3697 3085 3760 ἐκτίσθαι,
3119 3696 3186 3749 τά
3221 3713 3280 3748 τε
3303 3694 3469 3765 ὁρατὰ
3497 3693 3591 3747 καὶ
3622 3693 3687 3745 τὰ

2128 3811 2148 3846 ι
2180 3793 2404 3865 ἀόρατα.
2420 3812 2438 3843 i
2461 3791 2597 3845 Οὐδὲ
2615 3791 2962 3862 διατρέπεται
2979 3788 3219 3860 θρόνους,
3241 3788 3335 3841 καὶ
3350 3785 3690 3856 κυριότητας,

2121 3886 2215 3939 καὶ
2260 3883 2455 3957 ἀρχὰς,
2505 3882 2600 3935 καὶ
2640 3881 2888 3949 ἐξουσίας
2932 3880 3019 3934 διὰ
3068 3879 3169 3950 τῆς
3201 3877 3405 3949 σαρκὸς
3447 3874 3539 3929 τοῦ
3585 3875 3699 3927 Σωσι

2122 3981 2305 4051 τῆρος·
2358 3979 2553 4047 λέγων,
2602 3978 2702 4049 τῆς
2751 3978 2808 4030 ὲν
2862 3974 3082 4048 Χριστῷ
3133 3974 3365 4037 κτίσεως
3415 3970 3698 4041 ἠξιῶσθαι.

2127 4071 2268 4141 Ἤδη
2296 4070 2353 4132 δὲ
2374 4070 2461 4124 διὰ
2487 4070 2585 4140 τῆς
2613 4069 2719 4142 πρὸ
2740 4067 2932 4123 τούτου
2956 4066 3175 4137 γραφῆς
3205 4064 3305 4128 τὰς
3338 4064 3468 4136 περὶ
3497 4061 3704 4117 τούτων

2123 4160 2218 4215 τοῦ
2251 4159 2571 4232 Μαρκέλλου
2607 4158 2789 4229 φωνὰς
2835 4156 3233 4231 παραθέμενος,
3280 4155 3441 4223 λόγου
3488 4169 3707 4225 συμμε-

2124 4253 2282 4326 τρίας
2309 4251 2642 4322 φειδόμενος,
2673 4253 2739 4321 τῇ
2769 4250 2879 4319 (70)
2905 4248 3083 4303 αὐτῶν
3114 4247 3337 4300 ἐκείνων
3371 4244 3711 4317 ἀρκεσθήσο-

2130 4357 2226 4413 μαι
2251 4339 2541 4411 μαρτυρίᾳ.
2588 4338 2675 4401 Ὠς
2713 4338 2771 4395 δὲ
2813 4336 3135 4407 διάστροφος
3176 4337 3270 4388 καὶ
3309 4334 3639 4405 βεὸιασμένη
3674 4336 3709 4406 ἡ

2127 4429 2349 4501 τοιαύτη
2381 4429 2635 4500 τυγχάνει
2673 4432 2771 4500 τῆς
2820 4427 3185 4496 ἀποστολικῆς
3208 4424 3405 4490 λέξεως
3428 4426 3709 4496 διήγησις,

449 4527 521 4579 sit
549 4526 637 4580 illa
666 4526 948 4596 impudens
974 4526 1378 4597 interpretatio,
1404 4533 1601 4597 cuique
1650 4529 1785 4587 satis
1814 4529 2015 4589 innote-

2129 4521 2191 4576 οῦ
2239 4538 2328 4592 μοι
2362 4519 2471 4574 δεῖν
2519 4519 2756 4591 ἡγοῦμαι
2803 4517 3148 4588 κατασκευῆς
3196 4517 3459 4581 πλείονος,
3510 4515 3598 4568 διὰ
3648 4515 3711 4569 τὸ

450 4625 583 4672 SCM.

1036 4789 1263 4845 CAPUT
1300 4790 1430 4844 Vlll.

456 4883 730 4949 Quomodo
771 4883 909 4945 idem
960 4894 1160 4939 astruat
1201 4901 1412 5008 eloquent
1455 4885 1750 4942 Servatoris
1786 4885 2031 4953 prodesse

1165 4972 1217 5008 ni
1239 4973 1274 5008 ii
1303 4995 1317 5008 .

1165 4972 1317 5010 num.

521 5044 884 5101 Nihilominus
933 5044 1024 5112 qui
1074 5045 1143 5100 de
1194 5062 1359 5100 carne
1410 5046 1714 5101 Servatoris
1766 5044 1876 5115 egit
1918 5046 2024 5097 tam

455 5137 660 5200 multis,
695 5137 839 5189 illam
892 5137 1047 5191 nobis
1086 5153 1192 5191 non
1237 5147 1523 5190 conservat
1570 5146 1773 5191 sartam
1805 5146 2024 5190 tectam.

455 5228 760 5296 Optandum
814 5241 984 5290 esset,
1029 5236 1088 5281 ut
1120 5228 1202 5282 vel
1233 5228 1321 5282 hic
1362 5228 1550 5283 saltem
1585 5228 1674 5297 pie
1703 5241 1891 5296 sapere
1928 5241 2025 5280 vo-

458 5320 661 5383 luisset.
716 5320 785 5372 At
811 5334 955 5373 nuiic
997 5327 1342 5389 posteaquam
1387 5320 1567 5373 omnia
1601 5317 1667 5372 de
1704 5330 1868 5372 carne
1933 5316 2027 5373 de-

497 5474 501 5479 '
532 5489 592 5545 ἦ(
624 5483 719 5537 Ed.
748 5482 947 5549 Paris,
973 5498 1095 5554 pag.
1125 5483 1249 5540 ne.
1290 5484 1335 5521 ιι
1355 5482 1563 5540 Coloss.
1598 5498 1635 5551 ι,
1674 5483 1862 5540 15-17.

528 5623 638 5759 (68;
673 5623 844 5692 Vulgo
875 5623 1170 5694 διαφόροις.

528 5692 616 5755 (69
673 5691 838 5759 Vulgo
871 5693 948 5745 δέ.

528 5691 638 5759 (69)
673 5691 838 5759 Vulgo
871 5693 948 5745 δέ.

527 5763 620 5829 (70
679 5760 733 5813 lu
763 5763 917 5815 codd.
944 5759 1128 5813 αὑτοῦ.

532 5773 645 5902 (7i;
686 5832 851 5901 Vulgo
897 5832 1051 5882 παντὶ
1075 5831 1128 5883 τό

532 5831 645 5915 (Ἱί)
686 5832 851 5911 Vulgo
897 5832 1051 5882 παντὶ
1075 5831 1158 5888 τό.

2130 4612 2225 4679 καὶ
2267 4611 2379 4683 (Ἡ)
2426 4610 2587 4663 παντί·
2622 4610 2700 4681 τῷ
2732 4610 3055 4681 κατάφωρον
3083 4606 3222 4663 εἶναι
3262 4608 3324 4662 τὸ
3354 4608 3567 4672 ἀναιδὲς
3605 4608 3713 4679 τῆς

2126 4704 2439 4791 ἑρμηνείας.

2778 4792 2935 4845 ΚΕΦ.
2978 4791 3057 4844 H'.

2130 4889 2321 4951 Ὅπως
2368 4888 2400 4939 ό
2444 4885 2627 4949 αὐτὸς
2665 4883 2857 4952 μηδὲν
2900 4881 3154 4950 ὠφελεῖν
3199 4880 3313 4949 τὴν
3353 4878 3553 4947 σάρκα
3599 4877 3715 4933 τοῦ

2580 4952 2852 5025 Σωτῆρος
2882 4953 3243 5020 ἀπεφαίνετο

2206 5047 2351 5117 Πλὴν
2370 5045 2606 5099 τοσαῦτα
2630 5046 2759 5121 περὶ
2776 5044 2877 5114 τῆς
2903 5044 3104 5115 σαρκὸς
3122 5042 3215 5096 τοῦ
3238 5042 3488 5113 Σωτῆρος
3513 5037 3714 5105 εἰπὼν,

2134 5139 2243 5194 οὐδ’
2273 5138 2439 5209 αὐτὴν
2474 5140 2602 5208 ἡμῖν
2632 5137 2888 5205 φυλάττει
2916 5136 3079 5189 σώαν·
3117 5135 3193 5198 ὡς
3225 5134 3335 5188 εἴθε
3360 5133 3471 5205 γὰρ
3496 5131 3599 5185 κᾶν
3628 5133 3715 5193 εἰς

2135 5228 2301 5297 αὐτὴν
2338 5228 2429 5280 τὸν
2479 5227 2674 5297 εὐσεϐῆ
2723 5226 2958 5297 διετήρει
3004 5224 3281 5294 λογισμόν*
3335 5224 3453 5277 νυνὶ
3498 5219 3610 5290 (72)
3656 5219 3718 5271 δὲ

2142 5322 2278 5390 μετὰ
2305 5321 2483 5375 πάντα
2502 5320 2569 5372 τὰ
2596 5322 2720 5391 περί
2750 5321 2917 5395 αὐτῆς
2949 5316 3097 5389 αὐτῷ
3129 5317 3425 5388 λελεγμένα
3449 5315 3584 5386 (7'5),
3619 5314 3717 5367 ἐπὶ

2197 5617 2288 5677 (72
2316 5614 2485 5677 Vulgo
2509 5615 2565 5668 δὲ
2599 5615 2792 5667 πάντα.

2197 5634 2288 5677 ttz
2325 5634 2413 5667 Vill
2454 5634 2485 5670 ο
2509 5634 2565 5668 οε
2599 5634 2792 5667 παντα.

2195 5687 2307 5766 (75)
2338 5634 2505 5755 Vung
2535 5686 2638 5761 ﬁni
2664 5679 3046 5766 thrqpiquﬂ'it'v
3078 5677 3471 5766 αἰῲνων.¹ξειιίε
3500 5684 3719 5740 consul:

2121 5745 2402 5826 legendum
2427 5745 2544 5812 esse
2576 5745 2977 5824 συντελείᾲ.’Μ.
3007 5748 3085 5821 [et
3111 5752 3187 5803 sic
3215 5745 3416 5817 codd].
