  <div class='ocr_page' id='page_1' title='image "/cluster/home/n/w/nwhite01/storage/ocr_20150623/24:no.6/coo.31924054873058/522.png"; bbox 0 0 4082 6380; ppageno 0'>
   <div class='ocr_carea' id='block_1_1' title="bbox 356 371 1947 430">
    <p class='ocr_par' dir='ltr' id='par_1_1' title="bbox 356 371 1930 429">
     <span class='ocr_line' id='line_1_1' title="bbox 356 371 1930 429; baseline -0.001 -2"><span class='ocrx_word' id='word_1_1' title='bbox 356 374 491 429; x_wconf 77' lang='lat' dir='ltr'><strong>IOI&#39;I</strong></span> <span class='ocrx_word' id='word_1_2' title='bbox 1280 371 1365 425; x_wconf 82' lang='lat' dir='ltr'><strong>DE</strong></span> <span class='ocrx_word' id='word_1_3' title='bbox 1398 372 1930 429; x_wconf 79' lang='lat' dir='ltr'><strong>ECCLESIASTICA</strong></span> 
     </span>
    </p>
   </div>
   <div class='ocr_carea' id='block_1_2' title="bbox 2049 371 3593 430">
    <p class='ocr_par' dir='ltr' id='par_1_2' title="bbox 2049 371 3593 430">
     <span class='ocr_line' id='line_1_2' title="bbox 2049 371 3593 430; baseline 0.001 -4"><span class='ocrx_word' id='word_1_4' title='bbox 2049 371 2365 429; x_wconf 80' lang='lat' dir='ltr'><strong>lEOLOGIA</strong></span> <span class='ocrx_word' id='word_1_5' title='bbox 2400 371 2529 429; x_wconf 86' lang='lat' dir='ltr'><strong>LIB.</strong></span> <span class='ocrx_word' id='word_1_6' title='bbox 2570 373 2660 429; x_wconf 85' lang='grc' dir='ltr'><strong>ΙΙΙ.</strong></span> <span class='ocrx_word' id='word_1_7' title='bbox 3455 372 3593 430; x_wconf 69' lang='lat'><strong>1058</strong></span> 
     </span>
    </p>
   </div>
   <div class='ocr_carea' id='block_1_3' title="bbox 357 486 1947 561">
    <p class='ocr_par' dir='ltr' id='par_1_3' title="bbox 357 487 1922 561">
     <span class='ocr_line' id='line_1_3' title="bbox 357 487 1922 561; baseline 0.001 -19"><span class='ocrx_word' id='word_1_8' title='bbox 357 488 631 561; x_wconf 71' lang='grc' dir='ltr'><strong>συντελείᾳ</strong></span> <span class='ocrx_word' id='word_1_9' title='bbox 656 489 760 541; x_wconf 78' lang='grc' dir='ltr'>τῶν</span> <span class='ocrx_word' id='word_1_10' title='bbox 786 487 1012 548; x_wconf 72' lang='grc' dir='ltr'>αἰώνων,</span> <span class='ocrx_word' id='word_1_11' title='bbox 1051 488 1217 557; x_wconf 76' lang='grc' dir='ltr'>αὐτὴν</span> <span class='ocrx_word' id='word_1_12' title='bbox 1246 487 1447 557; x_wconf 81' lang='grc' dir='ltr'>ἔρημον</span> <span class='ocrx_word' id='word_1_13' title='bbox 1476 489 1568 542; x_wconf 81' lang='grc' dir='ltr'>τοῦ</span> <span class='ocrx_word' id='word_1_14' title='bbox 1595 490 1752 557; x_wconf 83' lang='grc' dir='ltr'>λόγου</span> <span class='ocrx_word' id='word_1_15' title='bbox 1787 492 1922 543; x_wconf 69' lang='grc' dir='ltr'>ἀποτ-</span> 
     </span>
    </p>
   </div>
   <div class='ocr_carea' id='block_1_4' title="bbox 2049 486 3595 561">
    <p class='ocr_par' dir='ltr' id='par_1_4' title="bbox 2049 486 3595 556">
     <span class='ocr_line' id='line_1_4' title="bbox 2049 486 3595 556; baseline -0.002 -15"><span class='ocrx_word' id='word_1_16' title='bbox 2049 489 2349 553; x_wconf 75' lang='lat' dir='ltr'><strong>naedicavit,</strong></span> <span class='ocrx_word' id='word_1_17' title='bbox 2389 486 2800 556; x_wconf 81' lang='lat' dir='ltr'><strong>relinquendam</strong></span> <span class='ocrx_word' id='word_1_18' title='bbox 2831 486 2976 541; x_wconf 84' lang='lat' dir='ltr'><strong>illam</strong></span> <span class='ocrx_word' id='word_1_19' title='bbox 3014 490 3228 542; x_wconf 84' lang='lat' dir='ltr'><strong>tandem</strong></span> <span class='ocrx_word' id='word_1_20' title='bbox 3255 486 3472 551; x_wconf 85' lang='lat' dir='ltr'><strong>nudam,</strong></span> <span class='ocrx_word' id='word_1_21' title='bbox 3497 500 3595 539; x_wconf 65' lang='grc' dir='ltr'>νας</span> 
     </span>
    </p>
   </div>
   <div class='ocr_carea' id='block_1_5' title="bbox 355 573 1947 651">
    <p class='ocr_par' dir='ltr' id='par_1_5' title="bbox 355 573 1920 651">
     <span class='ocr_line' id='line_1_5' title="bbox 355 573 1920 651; baseline 0.001 -21"><span class='ocrx_word' id='word_1_22' title='bbox 355 579 603 648; x_wconf 74' lang='grc' dir='ltr'>φαίνεται</span> <span class='ocrx_word' id='word_1_23' title='bbox 626 578 848 648; x_wconf 73' lang='grc' dir='ltr'>γράφων</span> <span class='ocrx_word' id='word_1_24' title='bbox 870 576 1060 639; x_wconf 72' lang='grc' dir='ltr'>οὕτως·</span> <span class='ocrx_word' id='word_1_25' title='bbox 1096 596 1113 625; x_wconf 80' lang='grc' dir='ltr'><strong>ι</strong></span> <span class='ocrx_word' id='word_1_26' title='bbox 1148 578 1209 628; x_wconf 81' lang='grc' dir='ltr'><strong>Εἰ</strong></span> <span class='ocrx_word' id='word_1_27' title='bbox 1234 573 1324 629; x_wconf 76' lang='grc' dir='ltr'><strong>οὖν</strong></span> <span class='ocrx_word' id='word_1_28' title='bbox 1352 578 1603 646; x_wconf 78' lang='grc' dir='ltr'>ὁμολογεῖ</span> <span class='ocrx_word' id='word_1_29' title='bbox 1622 578 1717 649; x_wconf 83' lang='grc' dir='ltr'><strong>τὴν</strong></span> <span class='ocrx_word' id='word_1_30' title='bbox 1744 579 1920 651; x_wconf 82' lang='grc' dir='ltr'>σάρκα</span> 
     </span>
    </p>
   </div>
   <div class='ocr_carea' id='block_1_6' title="bbox 2049 573 3597 651">
    <p class='ocr_par' dir='ltr' id='par_1_6' title="bbox 2049 576 3597 642">
     <span class='ocr_line' id='line_1_6' title="bbox 2049 576 3597 642; baseline -0.001 -11"><span class='ocrx_word' id='word_1_31' title='bbox 2049 596 2201 642; x_wconf 82' lang='lat' dir='ltr'><strong>:uam,</strong></span> <span class='ocrx_word' id='word_1_32' title='bbox 2225 588 2280 632; x_wconf 92' lang='lat' dir='ltr'><strong>et</strong></span> <span class='ocrx_word' id='word_1_33' title='bbox 2310 577 2476 633; x_wconf 89' lang='lat' dir='ltr'><strong>verbo</strong></span> <span class='ocrx_word' id='word_1_34' title='bbox 2510 592 2609 633; x_wconf 89' lang='lat' dir='ltr'><strong>suo</strong></span> <span class='ocrx_word' id='word_1_35' title='bbox 2644 578 2955 633; x_wconf 87' lang='lat' dir='ltr'><strong>destitutam</strong></span> <span class='ocrx_word' id='word_1_36' title='bbox 2989 576 3216 632; x_wconf 87' lang='lat' dir='ltr'><strong>al&#39;Iirmat</strong></span> <span class='ocrx_word' id='word_1_37' title='bbox 3259 578 3313 631; x_wconf 92' lang='lat' dir='ltr'><strong>in</strong></span> <span class='ocrx_word' id='word_1_38' title='bbox 3346 576 3451 631; x_wconf 85' lang='lat' dir='ltr'><strong>line</strong></span> <span class='ocrx_word' id='word_1_39' title='bbox 3498 591 3597 630; x_wconf 73' lang='lat' dir='ltr'><strong>sae-</strong></span> 
     </span>
    </p>
   </div>
   <div class='ocr_carea' id='block_1_7' title="bbox 361 652 1947 741">
    <p class='ocr_par' dir='ltr' id='par_1_7' title="bbox 361 666 1921 739">
     <span class='ocr_line' id='line_1_7' title="bbox 361 666 1921 739; baseline 0.012 -22"><span class='ocrx_word' id='word_1_40' title='bbox 361 686 378 717; x_wconf 83' lang='grc' dir='ltr'><strong>ι</strong></span> <span class='ocrx_word' id='word_1_41' title='bbox 423 668 585 736; x_wconf 79' lang='grc' dir='ltr'>μηδὲν</span> <span class='ocrx_word' id='word_1_42' title='bbox 613 666 840 735; x_wconf 77' lang='grc' dir='ltr'>ὠφελεῖι</span> <span class='ocrx_word' id='word_1_43' title='bbox 868 666 1049 729; x_wconf 77' lang='grc' dir='ltr'>αὐτὸν,</span> <span class='ocrx_word' id='word_1_44' title='bbox 1095 666 1209 729; x_wconf 83' lang='grc' dir='ltr'><strong>πῶς</strong></span> <span class='ocrx_word' id='word_1_45' title='bbox 1243 668 1475 738; x_wconf 77' lang='grc' dir='ltr'><strong>ἐγχωρεῖ</strong></span> <span class='ocrx_word' id='word_1_46' title='bbox 1509 668 1606 739; x_wconf 80' lang='grc' dir='ltr'>τὴν</span> <span class='ocrx_word' id='word_1_47' title='bbox 1640 671 1703 721; x_wconf 79' lang='grc' dir='ltr'><strong>ὲκ</strong></span> <span class='ocrx_word' id='word_1_48' title='bbox 1730 670 1832 739; x_wconf 78' lang='grc' dir='ltr'>γῆς</span> <span class='ocrx_word' id='word_1_49' title='bbox 1863 688 1921 723; x_wconf 85' lang='grc' dir='ltr'>τε</span> 
     </span>
    </p>
   </div>
   <div class='ocr_carea' id='block_1_8' title="bbox 2049 652 3594 741">
    <p class='ocr_par' dir='ltr' id='par_1_8' title="bbox 2049 666 3594 741">
     <span class='ocr_line' id='line_1_8' title="bbox 2049 666 3594 741; baseline -0.001 -20"><span class='ocrx_word' id='word_1_50' title='bbox 2049 671 2150 725; x_wconf 68' lang='lat' dir='ltr'><strong>:uli.</strong></span> <span class='ocrx_word' id='word_1_51' title='bbox 2183 670 2383 726; x_wconf 82' lang='lat' dir='ltr'><strong>Scribit</strong></span> <span class='ocrx_word' id='word_1_52' title='bbox 2419 670 2560 723; x_wconf 89' lang='lat' dir='ltr'><strong>enim</strong></span> <span class='ocrx_word' id='word_1_53' title='bbox 2591 667 2680 741; x_wconf 72' lang='grc' dir='ltr'><strong>[Β.</strong></span> <span class='ocrx_word' id='word_1_54' title='bbox 2707 668 2837 732; x_wconf 85' lang='lat' dir='ltr'><strong>CIV,</strong></span> <span class='ocrx_word' id='word_1_55' title='bbox 2880 670 3003 725; x_wconf 91' lang='lat' dir='ltr'><strong>coll.</strong></span> <span class='ocrx_word' id='word_1_56' title='bbox 3042 685 3097 739; x_wconf 87' lang='lat' dir='ltr'><strong>p.</strong></span> <span class='ocrx_word' id='word_1_57' title='bbox 3135 669 3225 732; x_wconf 79' lang='grc'><strong>51,</strong></span> <span class='ocrx_word' id='word_1_58' title='bbox 3251 667 3316 740; x_wconf 88' lang='lat' dir='ltr'><strong>C]</strong></span> <span class='ocrx_word' id='word_1_59' title='bbox 3346 688 3359 723; x_wconf 90' lang='lat'><strong>:</strong></span> <span class='ocrx_word' id='word_1_60' title='bbox 3401 686 3419 719; x_wconf 80' lang='grc' dir='ltr'><strong>ι</strong></span> <span class='ocrx_word' id='word_1_61' title='bbox 3443 666 3594 732; x_wconf 85' lang='lat' dir='ltr'><strong>Quod</strong></span> 
     </span>
    </p>
   </div>
   <div class='ocr_carea' id='block_1_9' title="bbox 361 756 1947 830">
    <p class='ocr_par' dir='ltr' id='par_1_9' title="bbox 361 756 1923 830">
     <span class='ocr_line' id='line_1_9' title="bbox 361 756 1923 830; baseline 0.003 -21"><span class='ocrx_word' id='word_1_62' title='bbox 361 775 379 809; x_wconf 84' lang='lat' dir='ltr'><strong>I</strong></span> <span class='ocrx_word' id='word_1_63' title='bbox 422 775 608 821; x_wconf 88' lang='grc' dir='ltr'>ουσαν,</span> <span class='ocrx_word' id='word_1_64' title='bbox 638 758 732 809; x_wconf 86' lang='grc' dir='ltr'><strong>καί</strong></span> <span class='ocrx_word' id='word_1_65' title='bbox 764 756 928 827; x_wconf 69' lang='grc' dir='ltr'>μηδὲν</span> <span class='ocrx_word' id='word_1_66' title='bbox 944 757 1272 826; x_wconf 69' lang='grc' dir='ltr'>ὠφελοῦσαν,</span> <span class='ocrx_word' id='word_1_67' title='bbox 1304 762 1395 813; x_wconf 76' lang='grc' dir='ltr'><strong>καὶ</strong></span> <span class='ocrx_word' id='word_1_68' title='bbox 1412 763 1467 813; x_wconf 86' lang='grc' dir='ltr'><strong>ἐν</strong></span> <span class='ocrx_word' id='word_1_69' title='bbox 1500 764 1610 824; x_wconf 87' lang='grc' dir='ltr'>τοῖς</span> <span class='ocrx_word' id='word_1_70' title='bbox 1645 763 1923 830; x_wconf 80' lang='grc' dir='ltr'><strong>μέλλουσιν</strong></span> 
     </span>
    </p>
   </div>
   <div class='ocr_carea' id='block_1_10' title="bbox 2049 756 3593 830">
    <p class='ocr_par' dir='ltr' id='par_1_10' title="bbox 2093 756 3593 829">
     <span class='ocr_line' id='line_1_10' title="bbox 2093 756 3593 829; baseline -0.003 -14"><span class='ocrx_word' id='word_1_71' title='bbox 2093 762 2138 815; x_wconf 89' lang='lat' dir='ltr'><strong>si</strong></span> <span class='ocrx_word' id='word_1_72' title='bbox 2179 776 2305 815; x_wconf 87' lang='lat' dir='ltr'><strong>vero</strong></span> <span class='ocrx_word' id='word_1_73' title='bbox 2345 760 2548 815; x_wconf 83' lang='lat' dir='ltr'><strong>scribat</strong></span> <span class='ocrx_word' id='word_1_74' title='bbox 2581 776 2802 814; x_wconf 89' lang='lat' dir='ltr'><strong>carnem</strong></span> <span class='ocrx_word' id='word_1_75' title='bbox 2844 777 2993 815; x_wconf 90' lang='lat' dir='ltr'><strong>suam</strong></span> <span class='ocrx_word' id='word_1_76' title='bbox 3027 762 3284 829; x_wconf 86' lang='lat' dir='ltr'><strong>prodesse</strong></span> <span class='ocrx_word' id='word_1_77' title='bbox 3320 760 3473 823; x_wconf 85' lang='lat' dir='ltr'><strong>nihil,</strong></span> <span class='ocrx_word' id='word_1_78' title='bbox 3504 756 3593 826; x_wconf 85' lang='lat' dir='ltr'><strong>qui</strong></span> 
     </span>
    </p>
   </div>
   <div class='ocr_carea' id='block_1_11' title="bbox 360 850 1917 923">
    <p class='ocr_par' dir='ltr' id='par_1_11' title="bbox 360 850 1917 923">
     <span class='ocr_line' id='line_1_11' title="bbox 360 850 1917 923; baseline 0.003 -23"><span class='ocrx_word' id='word_1_79' title='bbox 360 869 379 900; x_wconf 75' lang='grc' dir='ltr'><strong>ι</strong></span> <span class='ocrx_word' id='word_1_80' title='bbox 415 851 625 915; x_wconf 78' lang='grc' dir='ltr'><strong>αἰῶσιν,</strong></span> <span class='ocrx_word' id='word_1_81' title='bbox 651 852 725 914; x_wconf 84' lang='grc' dir='ltr'><strong>ὡς</strong></span> <span class='ocrx_word' id='word_1_82' title='bbox 752 850 897 919; x_wconf 79' lang='grc' dir='ltr'>αὐτῷ</span> <span class='ocrx_word' id='word_1_83' title='bbox 923 850 1321 915; x_wconf 78' lang='grc' dir='ltr'>λυσιτελοῦσαν,</span> <span class='ocrx_word' id='word_1_84' title='bbox 1352 854 1587 904; x_wconf 87' lang='grc' dir='ltr'>συνεῖναι</span> <span class='ocrx_word' id='word_1_85' title='bbox 1610 853 1688 923; x_wconf 80' lang='grc' dir='ltr'>τῷ</span> <span class='ocrx_word' id='word_1_86' title='bbox 1710 854 1917 923; x_wconf 77' lang='grc' dir='ltr'>Λόγῳ.»</span> 
     </span>
    </p>
   </div>
   <div class='ocr_carea' id='block_1_12' title="bbox 1008 1110 1282 1165">
    <p class='ocr_par' dir='ltr' id='par_1_12' title="bbox 1008 1110 1282 1165">
     <span class='ocr_line' id='line_1_12' title="bbox 1008 1110 1282 1165; baseline -0.011 0"><span class='ocrx_word' id='word_1_87' title='bbox 1008 1112 1163 1165; x_wconf 80' lang='grc' dir='ltr'>ΚΕΦ,</span> <span class='ocrx_word' id='word_1_88' title='bbox 1207 1110 1282 1162; x_wconf 78' lang='grc'><strong>6⁸.</strong></span> 
     </span>
    </p>
   </div>
   <div class='ocr_carea' id='block_1_13' title="bbox 386 1198 1927 1273">
    <p class='ocr_par' dir='ltr' id='par_1_13' title="bbox 386 1198 1927 1273">
     <span class='ocr_line' id='line_1_13' title="bbox 386 1198 1927 1273; baseline -0.006 -12"><span class='ocrx_word' id='word_1_89' title='bbox 386 1212 561 1271; x_wconf 79' lang='grc' dir='ltr'>Οπως</span> <span class='ocrx_word' id='word_1_90' title='bbox 598 1204 1179 1273; x_wconf 66' lang='grc' dir='ltr'>καταλειφθήσεσθαι</span> <span class='ocrx_word' id='word_1_91' title='bbox 1212 1204 1291 1273; x_wconf 15' lang='grc' dir='ltr'>Ῠέν</span> <span class='ocrx_word' id='word_1_92' title='bbox 1326 1202 1405 1267; x_wconf 81' lang='grc' dir='ltr'>τῷ</span> <span class='ocrx_word' id='word_1_93' title='bbox 1444 1201 1550 1273; x_wconf 82' lang='grc' dir='ltr'>τοῦ</span> <span class='ocrx_word' id='word_1_94' title='bbox 1578 1198 1927 1273; x_wconf 31' lang='grc' dir='ltr'>παντὸς-τέ-</span> 
     </span>
    </p>
   </div>
   <div class='ocr_carea' id='block_1_14' title="bbox 426 1271 1928 1344">
    <p class='ocr_par' dir='ltr' id='par_1_14' title="bbox 426 1271 1928 1344">
     <span class='ocr_line' id='line_1_14' title="bbox 426 1271 1928 1344; baseline -0.005 -13"><span class='ocrx_word' id='word_1_95' title='bbox 426 1283 517 1331; x_wconf 80' lang='grc' dir='ltr'>λει</span> <span class='ocrx_word' id='word_1_96' title='bbox 547 1277 660 1343; x_wconf 68' lang='grc' dir='ltr'>τὴν</span> <span class='ocrx_word' id='word_1_97' title='bbox 686 1271 879 1344; x_wconf 71' lang='grc' dir='ltr'>σάρκα</span> <span class='ocrx_word' id='word_1_98' title='bbox 924 1274 1026 1326; x_wconf 87' lang='grc' dir='ltr'>τοῦ</span> <span class='ocrx_word' id='word_1_99' title='bbox 1067 1272 1339 1340; x_wconf 79' lang='grc' dir='ltr'><em>Σωτῆρος</em></span> <span class='ocrx_word' id='word_1_100' title='bbox 1408 1272 1514 1325; x_wconf 88' lang='grc' dir='ltr'>τοῦ</span> <span class='ocrx_word' id='word_1_101' title='bbox 1551 1273 1741 1339; x_wconf 71' lang='grc' dir='ltr'>Λόγου</span> <span class='ocrx_word' id='word_1_102' title='bbox 1793 1271 1928 1337; x_wconf 72' lang='grc' dir='ltr'><strong>ἔρη-</strong></span> 
     </span>
    </p>
   </div>
   <div class='ocr_carea' id='block_1_15' title="bbox 424 1344 1661 1416">
    <p class='ocr_par' dir='ltr' id='par_1_15' title="bbox 424 1344 1661 1416">
     <span class='ocr_line' id='line_1_15' title="bbox 424 1344 1661 1416; baseline -0.008 -15"><span class='ocrx_word' id='word_1_103' title='bbox 424 1366 540 1416; x_wconf 83' lang='grc' dir='ltr'><strong>μον</strong></span> <span class='ocrx_word' id='word_1_104' title='bbox 564 1348 787 1414; x_wconf 71' lang='grc' dir='ltr'>ἐτόλμα</span> <span class='ocrx_word' id='word_1_105' title='bbox 830 1344 1035 1413; x_wconf 72' lang='grc' dir='ltr'>λέγειν.</span> <span class='ocrx_word' id='word_1_106' title='bbox 1654 1352 1661 1361; x_wconf 91' lang='lat'><strong>&#39;</strong></span> 
     </span>
    </p>
   </div>
   <div class='ocr_carea' id='block_1_16' title="bbox 427 1432 1930 1505">
    <p class='ocr_par' dir='ltr' id='par_1_16' title="bbox 427 1432 1930 1505">
     <span class='ocr_line' id='line_1_16' title="bbox 427 1432 1930 1505; baseline -0.005 -15"><span class='ocrx_word' id='word_1_107' title='bbox 427 1438 536 1490; x_wconf 77' lang='lat' dir='ltr'><strong>Kal.</strong></span> <span class='ocrx_word' id='word_1_108' title='bbox 560 1438 802 1505; x_wconf 89' lang='grc' dir='ltr'>δευτεροῖ</span> <span class='ocrx_word' id='word_1_109' title='bbox 823 1436 882 1487; x_wconf 85' lang='grc' dir='ltr'><strong>τὸ</strong></span> <span class='ocrx_word' id='word_1_110' title='bbox 902 1435 1032 1488; x_wconf 81' lang='grc' dir='ltr'>αὐτὸ</span> <span class='ocrx_word' id='word_1_111' title='bbox 1062 1437 1117 1487; x_wconf 88' lang='grc' dir='ltr'><strong>ἐν</strong></span> <span class='ocrx_word' id='word_1_112' title='bbox 1146 1434 1315 1505; x_wconf 75' lang='grc' dir='ltr'>ἑτέρῳ</span> <span class='ocrx_word' id='word_1_113' title='bbox 1338 1432 1579 1502; x_wconf 82' lang='grc' dir='ltr'>φάσκων·</span> <span class='ocrx_word' id='word_1_114' title='bbox 1616 1452 1633 1483; x_wconf 83' lang='lat' dir='ltr'><strong>I</strong></span> <span class='ocrx_word' id='word_1_115' title='bbox 1669 1434 1729 1485; x_wconf 87' lang='grc' dir='ltr'>Εἰ</span> <span class='ocrx_word' id='word_1_116' title='bbox 1756 1432 1930 1485; x_wconf 78' lang='grc' dir='ltr'>τοίνυν</span> 
     </span>
    </p>
   </div>
   <div class='ocr_carea' id='block_1_17' title="bbox 364 1524 1932 1600">
    <p class='ocr_par' dir='ltr' id='par_1_17' title="bbox 364 1524 1932 1600">
     <span class='ocr_line' id='line_1_17' title="bbox 364 1524 1932 1600; baseline -0.003 -21"><span class='ocrx_word' id='word_1_117' title='bbox 364 1549 381 1579; x_wconf 82' lang='grc' dir='ltr'><strong>ι</strong></span> <span class='ocrx_word' id='word_1_118' title='bbox 418 1532 476 1582; x_wconf 79' lang='grc' dir='ltr'><strong>ἐν</strong></span> <span class='ocrx_word' id='word_1_119' title='bbox 514 1529 592 1600; x_wconf 80' lang='grc' dir='ltr'><strong>τῷ</strong></span> <span class='ocrx_word' id='word_1_120' title='bbox 636 1527 812 1599; x_wconf 81' lang='grc' dir='ltr'><strong>καιρῷ</strong></span> <span class='ocrx_word' id='word_1_121' title='bbox 852 1528 950 1597; x_wconf 81' lang='grc' dir='ltr'>τῆς</span> <span class='ocrx_word' id='word_1_122' title='bbox 995 1527 1491 1589; x_wconf 82' lang='grc' dir='ltr'><strong>ἀποκαταστάσεως</strong></span> <span class='ocrx_word' id='word_1_123' title='bbox 1539 1525 1791 1579; x_wconf 84' lang='grc' dir='ltr'>ἁπάντων</span> <span class='ocrx_word' id='word_1_124' title='bbox 1840 1524 1932 1577; x_wconf 74' lang='grc' dir='ltr'>καὶ</span> 
     </span>
    </p>
   </div>
   <div class='ocr_carea' id='block_1_18' title="bbox 364 1614 1934 1692">
    <p class='ocr_par' dir='ltr' id='par_1_18' title="bbox 364 1614 1934 1692">
     <span class='ocr_line' id='line_1_18' title="bbox 364 1614 1934 1692; baseline -0.004 -21"><span class='ocrx_word' id='word_1_125' title='bbox 364 1642 381 1671; x_wconf 80' lang='grc' dir='ltr'><strong>ι</strong></span> <span class='ocrx_word' id='word_1_126' title='bbox 420 1622 587 1692; x_wconf 76' lang='grc' dir='ltr'>αὐτὴν</span> <span class='ocrx_word' id='word_1_127' title='bbox 614 1622 711 1690; x_wconf 86' lang='grc' dir='ltr'>τὴν</span> <span class='ocrx_word' id='word_1_128' title='bbox 756 1619 929 1671; x_wconf 79' lang='grc' dir='ltr'>κτίσιν</span> <span class='ocrx_word' id='word_1_129' title='bbox 965 1619 1027 1669; x_wconf 90' lang='grc' dir='ltr'><strong>ἐκ</strong></span> <span class='ocrx_word' id='word_1_130' title='bbox 1074 1618 1174 1688; x_wconf 83' lang='grc' dir='ltr'><strong>τῆς</strong></span> <span class='ocrx_word' id='word_1_131' title='bbox 1214 1617 1455 1679; x_wconf 78' lang='grc' dir='ltr'>δουλείας</span> <span class='ocrx_word' id='word_1_132' title='bbox 1488 1618 1566 1678; x_wconf 83' lang='grc' dir='ltr'><strong>είς</strong></span> <span class='ocrx_word' id='word_1_133' title='bbox 1596 1616 1694 1685; x_wconf 82' lang='grc' dir='ltr'>τὴν</span> <span class='ocrx_word' id='word_1_134' title='bbox 1723 1614 1934 1666; x_wconf 81' lang='grc' dir='ltr'>ἐλευθε-</span> 
     </span>
    </p>
   </div>
   <div class='ocr_carea' id='block_1_19' title="bbox 364 1702 1933 1782">
    <p class='ocr_par' dir='ltr' id='par_1_19' title="bbox 364 1702 1933 1782">
     <span class='ocr_line' id='line_1_19' title="bbox 364 1702 1933 1782; baseline -0.001 -23"><span class='ocrx_word' id='word_1_135' title='bbox 364 1731 381 1759; x_wconf 78' lang='grc' dir='ltr'><strong>ι</strong></span> <span class='ocrx_word' id='word_1_136' title='bbox 423 1711 540 1782; x_wconf 83' lang='grc' dir='ltr'>ρίαν</span> <span class='ocrx_word' id='word_1_137' title='bbox 602 1707 1107 1779; x_wconf 78' lang='grc' dir='ltr'>μεταϐληθήσεσθαι</span> <span class='ocrx_word' id='word_1_138' title='bbox 1148 1708 1175 1757; x_wconf 87' lang='grc' dir='ltr'><strong>ό</strong></span> <span class='ocrx_word' id='word_1_139' title='bbox 1223 1705 1433 1767; x_wconf 68' lang='grc' dir='ltr'>Παῦλος</span> <span class='ocrx_word' id='word_1_140' title='bbox 1466 1704 1592 1775; x_wconf 73' lang='grc' dir='ltr'><strong>ἔφη,</strong></span> <span class='ocrx_word' id='word_1_141' title='bbox 1626 1704 1773 1770; x_wconf 80' lang='grc' dir='ltr'>λέγει</span> <span class='ocrx_word' id='word_1_142' title='bbox 1824 1702 1933 1776; x_wconf 82' lang='grc' dir='ltr'>γὰρ</span> 
     </span>
    </p>
   </div>
   <div class='ocr_carea' id='block_1_20' title="bbox 364 1791 2059 1886">
    <p class='ocr_par' dir='ltr' id='par_1_20' title="bbox 364 1791 2059 1886">
     <span class='ocr_line' id='line_1_20' title="bbox 364 1791 2059 1886; baseline -0.003 -35"><span class='ocrx_word' id='word_1_143' title='bbox 364 1822 381 1851; x_wconf 83' lang='grc' dir='ltr'><strong>ι</strong></span> <span class='ocrx_word' id='word_1_144' title='bbox 415 1802 495 1854; x_wconf 85' lang='grc' dir='ltr'>ὅτι</span> <span class='ocrx_word' id='word_1_145' title='bbox 521 1800 612 1853; x_wconf 74' lang='grc' dir='ltr'><strong>καὶ</strong></span> <span class='ocrx_word' id='word_1_146' title='bbox 633 1800 785 1866; x_wconf 80' lang='grc' dir='ltr'>αὑτὴ</span> <span class='ocrx_word' id='word_1_147' title='bbox 824 1800 863 1865; x_wconf 75' lang='grc' dir='ltr'>ἡ</span> <span class='ocrx_word' id='word_1_148' title='bbox 903 1799 1095 1862; x_wconf 81' lang='grc' dir='ltr'>κτίσις</span> <span class='ocrx_word' id='word_1_149' title='bbox 1116 1794 1652 1864; x_wconf 75' lang='grc' dir='ltr'><strong>ἐλευθερωθήσεται</strong></span> <span class='ocrx_word' id='word_1_150' title='bbox 1827 1791 1935 1886; x_wconf 36' lang='grc' dir='ltr'>τ-ἦς</span> <span class='ocrx_word' id='word_1_151' title='bbox 1968 1832 2006 1886; x_wconf 73' lang='grc' dir='ltr'><strong>Β</strong></span> 
     </span>
    </p>
   </div>
   <div class='ocr_carea' id='block_1_21' title="bbox 365 1883 1937 1959">
    <p class='ocr_par' dir='ltr' id='par_1_21' title="bbox 365 1883 1937 1959">
     <span class='ocr_line' id='line_1_21' title="bbox 365 1883 1937 1959; baseline -0.006 -14"><span class='ocrx_word' id='word_1_152' title='bbox 365 1912 382 1941; x_wconf 81' lang='grc' dir='ltr'><strong>ι</strong></span> <span class='ocrx_word' id='word_1_153' title='bbox 416 1892 686 1956; x_wconf 71' lang='grc' dir='ltr'>δουλείας</span> <span class='ocrx_word' id='word_1_154' title='bbox 714 1889 822 1957; x_wconf 86' lang='grc' dir='ltr'>τῆς</span> <span class='ocrx_word' id='word_1_155' title='bbox 844 1888 1066 1959; x_wconf 67' lang='grc' dir='ltr'>φθορᾶς</span> <span class='ocrx_word' id='word_1_156' title='bbox 1094 1891 1180 1953; x_wconf 79' lang='grc' dir='ltr'><strong>είς</strong></span> <span class='ocrx_word' id='word_1_157' title='bbox 1202 1887 1312 1954; x_wconf 77' lang='grc' dir='ltr'><strong>τὴν</strong></span> <span class='ocrx_word' id='word_1_158' title='bbox 1337 1887 1679 1953; x_wconf 71' lang='grc' dir='ltr'>ἐλευθερίαν</span> <span class='ocrx_word' id='word_1_159' title='bbox 1705 1884 1815 1951; x_wconf 82' lang='grc' dir='ltr'>τῆς</span> <span class='ocrx_word' id='word_1_160' title='bbox 1842 1883 1937 1935; x_wconf 69' lang='grc' dir='ltr'>δό-</span> 
     </span>
    </p>
   </div>
   <div class='ocr_carea' id='block_1_22' title="bbox 364 1974 1936 2051">
    <p class='ocr_par' dir='ltr' id='par_1_22' title="bbox 364 1974 1936 2051">
     <span class='ocr_line' id='line_1_22' title="bbox 364 1974 1936 2051; baseline -0.006 -16"><span class='ocrx_word' id='word_1_161' title='bbox 364 2004 383 2035; x_wconf 76' lang='lat' dir='ltr'><strong>I</strong></span> <span class='ocrx_word' id='word_1_162' title='bbox 426 1984 537 2051; x_wconf 78' lang='grc' dir='ltr'>ξης</span> <span class='ocrx_word' id='word_1_163' title='bbox 568 1983 688 2036; x_wconf 85' lang='grc' dir='ltr'>τῶν</span> <span class='ocrx_word' id='word_1_164' title='bbox 715 1982 942 2036; x_wconf 82' lang='grc' dir='ltr'>τέκνων</span> <span class='ocrx_word' id='word_1_165' title='bbox 964 1982 1068 2035; x_wconf 83' lang='grc' dir='ltr'>τοῦ</span> <span class='ocrx_word' id='word_1_166' title='bbox 1110 1982 1285 2034; x_wconf 84' lang='grc' dir='ltr'>Θεοῦ·</span> <span class='ocrx_word' id='word_1_167' title='bbox 1328 1979 1443 2041; x_wconf 85' lang='grc' dir='ltr'><strong>πῶς</strong></span> <span class='ocrx_word' id='word_1_168' title='bbox 1475 1978 1553 2030; x_wconf 82' lang='grc' dir='ltr'>ἔτι</span> <span class='ocrx_word' id='word_1_169' title='bbox 1575 1977 1669 2047; x_wconf 79' lang='grc' dir='ltr'>τὴν</span> <span class='ocrx_word' id='word_1_170' title='bbox 1695 1975 1788 2028; x_wconf 81' lang='grc' dir='ltr'><strong>τοῦ</strong></span> <span class='ocrx_word' id='word_1_171' title='bbox 1819 1974 1936 2027; x_wconf 83' lang='grc' dir='ltr'>δού-</span> 
     </span>
    </p>
   </div>
   <div class='ocr_carea' id='block_1_23' title="bbox 363 2061 1934 2145">
    <p class='ocr_par' dir='ltr' id='par_1_23' title="bbox 363 2061 1934 2145">
     <span class='ocr_line' id='line_1_23' title="bbox 363 2061 1934 2145; baseline -0.006 -18"><span class='ocrx_word' id='word_1_172' title='bbox 363 2096 383 2127; x_wconf 73' lang='lat' dir='ltr'><strong>I</strong></span> <span class='ocrx_word' id='word_1_173' title='bbox 416 2076 509 2129; x_wconf 90' lang='grc' dir='ltr'><strong>λου</strong></span> <span class='ocrx_word' id='word_1_174' title='bbox 543 2074 775 2145; x_wconf 68' lang='grc' dir='ltr'>μορφὴν,</span> <span class='ocrx_word' id='word_1_175' title='bbox 804 2075 870 2143; x_wconf 76' lang='grc' dir='ltr'>ἢν</span> <span class='ocrx_word' id='word_1_176' title='bbox 900 2072 1189 2141; x_wconf 81' lang='grc' dir='ltr'>ἀνείληφεν</span> <span class='ocrx_word' id='word_1_177' title='bbox 1228 2072 1255 2123; x_wconf 86' lang='grc' dir='ltr'><strong>ὁ</strong></span> <span class='ocrx_word' id='word_1_178' title='bbox 1291 2070 1481 2137; x_wconf 82' lang='grc' dir='ltr'>Λόγος,</span> <span class='ocrx_word' id='word_1_179' title='bbox 1518 2067 1729 2139; x_wconf 70' lang='grc' dir='ltr'>μορφὴν</span> <span class='ocrx_word' id='word_1_180' title='bbox 1771 2061 1934 2118; x_wconf 74' lang='grc' dir='ltr'>οὖσαν</span> 
     </span>
    </p>
   </div>
   <div class='ocr_carea' id='block_1_24' title="bbox 363 2156 1936 2233">
    <p class='ocr_par' dir='ltr' id='par_1_24' title="bbox 363 2156 1936 2233">
     <span class='ocr_line' id='line_1_24' title="bbox 363 2156 1936 2233; baseline -0.006 -16"><span class='ocrx_word' id='word_1_181' title='bbox 363 2188 382 2217; x_wconf 72' lang='grc' dir='ltr'><strong>ι</strong></span> <span class='ocrx_word' id='word_1_182' title='bbox 422 2167 629 2227; x_wconf 83' lang='grc' dir='ltr'>δούλου,</span> <span class='ocrx_word' id='word_1_183' title='bbox 660 2167 900 2217; x_wconf 88' lang='grc' dir='ltr'>συνεῖναι</span> <span class='ocrx_word' id='word_1_184' title='bbox 924 2162 1002 2233; x_wconf 81' lang='grc' dir='ltr'>τῷ</span> <span class='ocrx_word' id='word_1_185' title='bbox 1029 2163 1186 2231; x_wconf 82' lang='grc' dir='ltr'>Λόγῳ</span> <span class='ocrx_word' id='word_1_186' title='bbox 1213 2162 1279 2213; x_wconf 86' lang='grc' dir='ltr'>δι’</span> <span class='ocrx_word' id='word_1_187' title='bbox 1306 2160 1492 2229; x_wconf 77' lang='grc' dir='ltr'>αὐτὴν,</span> <span class='ocrx_word' id='word_1_188' title='bbox 1520 2159 1715 2226; x_wconf 81' lang='grc' dir='ltr'>γένοιτ’</span> <span class='ocrx_word' id='word_1_189' title='bbox 1745 2156 1809 2210; x_wconf 86' lang='grc' dir='ltr'><strong>ἂν</strong></span> <span class='ocrx_word' id='word_1_190' title='bbox 1846 2156 1936 2208; x_wconf 87' lang='grc' dir='ltr'>δυ-</span> 
     </span>
    </p>
   </div>
   <div class='ocr_carea' id='block_1_25' title="bbox 365 2258 665 2322">
    <p class='ocr_par' dir='ltr' id='par_1_25' title="bbox 365 2258 665 2322">
     <span class='ocr_line' id='line_1_25' title="bbox 365 2258 665 2322; baseline -0.01 -11"><span class='ocrx_word' id='word_1_191' title='bbox 365 2281 383 2311; x_wconf 74' lang='grc'><strong>(</strong></span> <span class='ocrx_word' id='word_1_192' title='bbox 421 2258 578 2312; x_wconf 87' lang='grc' dir='ltr'>νατόν</span> <span class='ocrx_word' id='word_1_193' title='bbox 597 2274 610 2322; x_wconf 93' lang='grc'><strong>;</strong></span> <span class='ocrx_word' id='word_1_194' title='bbox 648 2277 665 2308; x_wconf 76' lang='grc' dir='ltr'><strong>ι</strong></span> 
     </span>
    </p>
   </div>
   <div class='ocr_carea' id='block_1_26' title="bbox 1026 2347 1264 2399">
    <p class='ocr_par' dir='ltr' id='par_1_26' title="bbox 1026 2347 1264 2399">
     <span class='ocr_line' id='line_1_26' title="bbox 1026 2347 1264 2399; baseline -0.008 0"><span class='ocrx_word' id='word_1_195' title='bbox 1026 2347 1181 2399; x_wconf 79' lang='grc' dir='ltr'><strong>ΚΕΦ.</strong></span> <span class='ocrx_word' id='word_1_196' title='bbox 1210 2347 1264 2397; x_wconf 88' lang='grc'><strong>1’.</strong></span> 
     </span>
    </p>
   </div>
   <div class='ocr_carea' id='block_1_27' title="bbox 367 2434 1936 2511">
    <p class='ocr_par' dir='ltr' id='par_1_27' title="bbox 367 2434 1936 2511">
     <span class='ocr_line' id='line_1_27' title="bbox 367 2434 1936 2511; baseline -0.01 -10"><span class='ocrx_word' id='word_1_197' title='bbox 367 2446 577 2501; x_wconf 81' lang='grc' dir='ltr'>Ὀποῒα</span> <span class='ocrx_word' id='word_1_198' title='bbox 602 2449 660 2499; x_wconf 85' lang='lat' dir='ltr'><strong>al</strong></span> <span class='ocrx_word' id='word_1_199' title='bbox 689 2444 833 2500; x_wconf 82' lang='grc' dir='ltr'>θεῖαι</span> <span class='ocrx_word' id='word_1_200' title='bbox 859 2441 1089 2511; x_wconf 63' lang='grc' dir='ltr'>Γραφαὶ</span> <span class='ocrx_word' id='word_1_201' title='bbox 1115 2440 1247 2508; x_wconf 74' lang='grc' dir='ltr'>περὶ</span> <span class='ocrx_word' id='word_1_202' title='bbox 1275 2439 1386 2511; x_wconf 75' lang='grc' dir='ltr'>τῆς</span> <span class='ocrx_word' id='word_1_203' title='bbox 1414 2436 1641 2511; x_wconf 63' lang='grc' dir='ltr'>σαρκὸς</span> <span class='ocrx_word' id='word_1_204' title='bbox 1669 2434 1773 2511; x_wconf 68' lang='grc' dir='ltr'>τοᾷ</span> <span class='ocrx_word' id='word_1_205' title='bbox 1820 2437 1936 2511; x_wconf 85' lang='grc' dir='ltr'><strong>Σω-</strong></span> 
     </span>
    </p>
   </div>
   <div class='ocr_carea' id='block_1_28' title="bbox 429 2504 1933 2585">
    <p class='ocr_par' dir='ltr' id='par_1_28' title="bbox 429 2504 1933 2585">
     <span class='ocr_line' id='line_1_28' title="bbox 429 2504 1933 2585; baseline -0.011 -14"><span class='ocrx_word' id='word_1_206' title='bbox 429 2517 612 2585; x_wconf 85' lang='grc' dir='ltr'>τῆρος</span> <span class='ocrx_word' id='word_1_207' title='bbox 637 2504 1015 2577; x_wconf 71' lang='grc' dir='ltr'>ὃιόάσκοῦσὶ,</span> <span class='ocrx_word' id='word_1_208' title='bbox 1062 2512 1159 2564; x_wconf 81' lang='grc' dir='ltr'>καὶ</span> <span class='ocrx_word' id='word_1_209' title='bbox 1184 2504 1272 2573; x_wconf 65' lang='grc' dir='ltr'><strong>ὣς</strong></span> <span class='ocrx_word' id='word_1_210' title='bbox 1300 2504 1370 2561; x_wconf 81' lang='grc' dir='ltr'>τὰ</span> <span class='ocrx_word' id='word_1_211' title='bbox 1403 2507 1646 2561; x_wconf 82' lang='grc' dir='ltr'>ἐναντιά</span> <span class='ocrx_word' id='word_1_212' title='bbox 1669 2504 1909 2573; x_wconf 62' lang='grc' dir='ltr'>Μάρκελ</span> <span class='ocrx_word' id='word_1_213' title='bbox 1930 2534 1933 2535; x_wconf 53' lang='grc' dir='ltr'><strong>ν</strong></span> 
     </span>
    </p>
   </div>
   <div class='ocr_carea' id='block_1_29' title="bbox 432 2587 832 2655">
    <p class='ocr_par' dir='ltr' id='par_1_29' title="bbox 432 2587 832 2655">
     <span class='ocr_line' id='line_1_29' title="bbox 432 2587 832 2655; baseline -0.005 -14"><span class='ocrx_word' id='word_1_214' title='bbox 432 2592 544 2651; x_wconf 71' lang='grc' dir='ltr'>λος</span> <span class='ocrx_word' id='word_1_215' title='bbox 576 2587 832 2655; x_wconf 62' lang='grc' dir='ltr'>ἐφρόνει.</span> 
     </span>
    </p>
   </div>
   <div class='ocr_carea' id='block_1_30' title="bbox 444 2663 1938 2744">
    <p class='ocr_par' dir='ltr' id='par_1_30' title="bbox 444 2663 1938 2744">
     <span class='ocr_line' id='line_1_30' title="bbox 444 2663 1938 2744; baseline -0.011 -14"><span class='ocrx_word' id='word_1_216' title='bbox 444 2678 603 2744; x_wconf 78' lang='grc' dir='ltr'>Ὁρᾷς</span> <span class='ocrx_word' id='word_1_217' title='bbox 638 2674 827 2736; x_wconf 82' lang='grc' dir='ltr'>ὁποίας</span> <span class='ocrx_word' id='word_1_218' title='bbox 868 2671 1127 2743; x_wconf 79' lang='grc' dir='ltr'>προέσθαι</span> <span class='ocrx_word' id='word_1_219' title='bbox 1176 2668 1357 2737; x_wconf 84' lang='grc' dir='ltr'>φωνὰς</span> <span class='ocrx_word' id='word_1_220' title='bbox 1404 2667 1545 2720; x_wconf 77' lang='grc' dir='ltr'>κατὰ</span> <span class='ocrx_word' id='word_1_221' title='bbox 1581 2668 1679 2735; x_wconf 86' lang='grc' dir='ltr'>τῆς</span> <span class='ocrx_word' id='word_1_222' title='bbox 1738 2663 1938 2734; x_wconf 76' lang='grc' dir='ltr'>σαρκὸς</span> 
     </span>
    </p>
   </div>
   <div class='ocr_carea' id='block_1_31' title="bbox 360 2756 1939 2837">
    <p class='ocr_par' dir='ltr' id='par_1_31' title="bbox 360 2756 1939 2837">
     <span class='ocr_line' id='line_1_31' title="bbox 360 2756 1939 2837; baseline -0.01 -15"><span class='ocrx_word' id='word_1_223' title='bbox 360 2768 455 2821; x_wconf 80' lang='grc' dir='ltr'>τοῦ</span> <span class='ocrx_word' id='word_1_224' title='bbox 502 2767 753 2837; x_wconf 78' lang='grc' dir='ltr'><strong>Σωτῆρος</strong></span> <span class='ocrx_word' id='word_1_225' title='bbox 783 2764 937 2836; x_wconf 78' lang='grc' dir='ltr'>ἡμῶν</span> <span class='ocrx_word' id='word_1_226' title='bbox 970 2762 1327 2833; x_wconf 77' lang='grc' dir='ltr'>τετόλμηκεν·</span> <span class='ocrx_word' id='word_1_227' title='bbox 1378 2760 1479 2811; x_wconf 84' lang='grc' dir='ltr'><strong>οὐκ</strong></span> <span class='ocrx_word' id='word_1_228' title='bbox 1512 2758 1829 2827; x_wconf 84' lang='grc' dir='ltr'>ἐπιστήσας,</span> <span class='ocrx_word' id='word_1_229' title='bbox 1866 2756 1939 2817; x_wconf 84' lang='grc' dir='ltr'>ὡς</span> 
     </span>
    </p>
   </div>
   <div class='ocr_carea' id='block_1_32' title="bbox 360 2844 1941 2930">
    <p class='ocr_par' dir='ltr' id='par_1_32' title="bbox 360 2844 1941 2930">
     <span class='ocr_line' id='line_1_32' title="bbox 360 2844 1941 2930; baseline -0.012 -15"><span class='ocrx_word' id='word_1_230' title='bbox 360 2863 458 2915; x_wconf 70' lang='grc' dir='ltr'>καὶ</span> <span class='ocrx_word' id='word_1_231' title='bbox 491 2860 599 2930; x_wconf 75' lang='grc' dir='ltr'>πρὸ</span> <span class='ocrx_word' id='word_1_232' title='bbox 627 2859 724 2927; x_wconf 84' lang='grc' dir='ltr'>τῆς</span> <span class='ocrx_word' id='word_1_233' title='bbox 740 2860 818 2919; x_wconf 87' lang='grc' dir='ltr'><strong>είς</strong></span> <span class='ocrx_word' id='word_1_234' title='bbox 837 2855 1098 2925; x_wconf 73' lang='grc' dir='ltr'>οὐρανοὺς</span> <span class='ocrx_word' id='word_1_235' title='bbox 1124 2850 1446 2921; x_wconf 66' lang='grc' dir='ltr'>ἀναλήψεως</span> <span class='ocrx_word' id='word_1_236' title='bbox 1476 2849 1555 2901; x_wconf 74' lang='grc' dir='ltr'>ἔτι</span> <span class='ocrx_word' id='word_1_237' title='bbox 1578 2844 1743 2900; x_wconf 74' lang='grc' dir='ltr'>οὖσαν</span> <span class='ocrx_word' id='word_1_238' title='bbox 1772 2846 1941 2915; x_wconf 74' lang='grc' dir='ltr'>αὐτὴν</span> 
     </span>
    </p>
   </div>
   <div class='ocr_carea' id='block_1_33' title="bbox 362 2938 1941 3021">
    <p class='ocr_par' dir='ltr' id='par_1_33' title="bbox 362 2938 1941 3021">
     <span class='ocr_line' id='line_1_33' title="bbox 362 2938 1941 3021; baseline -0.011 -16"><span class='ocrx_word' id='word_1_239' title='bbox 362 2955 455 3005; x_wconf 77' lang='grc' dir='ltr'><strong>ἐπὶ</strong></span> <span class='ocrx_word' id='word_1_240' title='bbox 485 2952 585 3021; x_wconf 79' lang='grc' dir='ltr'>γῆς</span> <span class='ocrx_word' id='word_1_241' title='bbox 617 2951 721 3019; x_wconf 75' lang='grc' dir='ltr'><strong>πρὸ</strong></span> <span class='ocrx_word' id='word_1_242' title='bbox 752 2947 845 3000; x_wconf 79' lang='grc' dir='ltr'><strong>τοῦ</strong></span> <span class='ocrx_word' id='word_1_243' title='bbox 892 2945 1095 3007; x_wconf 81' lang='grc' dir='ltr'>πάθους</span> <span class='ocrx_word' id='word_1_244' title='bbox 1130 2944 1302 3005; x_wconf 78' lang='grc' dir='ltr'>οὕτως</span> <span class='ocrx_word' id='word_1_245' title='bbox 1330 2939 1579 3006; x_wconf 75' lang='grc' dir='ltr'>ἐδόξασεν</span> <span class='ocrx_word' id='word_1_246' title='bbox 1616 2942 1672 2992; x_wconf 85' lang='grc' dir='ltr'><strong>ἐν</strong></span> <span class='ocrx_word' id='word_1_247' title='bbox 1697 2938 1774 3009; x_wconf 83' lang='grc' dir='ltr'>τῷ</span> <span class='ocrx_word' id='word_1_248' title='bbox 1804 2938 1941 3009; x_wconf 75' lang='grc' dir='ltr'>ὄρει,</span> 
     </span>
    </p>
   </div>
   <div class='ocr_carea' id='block_1_34' title="bbox 360 3030 1943 3114">
    <p class='ocr_par' dir='ltr' id='par_1_34' title="bbox 360 3030 1943 3114">
     <span class='ocr_line' id='line_1_34' title="bbox 360 3030 1943 3114; baseline -0.011 -16"><span class='ocrx_word' id='word_1_249' title='bbox 360 3044 540 3114; x_wconf 75' lang='grc' dir='ltr'>τρισὶν</span> <span class='ocrx_word' id='word_1_250' title='bbox 566 3046 677 3104; x_wconf 88' lang='grc' dir='ltr'>τοῖς</span> <span class='ocrx_word' id='word_1_251' title='bbox 703 3039 974 3110; x_wconf 87' lang='grc' dir='ltr'>ἐκκρίτοις</span> <span class='ocrx_word' id='word_1_252' title='bbox 1004 3035 1168 3091; x_wconf 79' lang='grc' dir='ltr'>αὑτοῦ</span> <span class='ocrx_word' id='word_1_253' title='bbox 1207 3036 1476 3107; x_wconf 77' lang='grc' dir='ltr'>μαθηταῖς</span> <span class='ocrx_word' id='word_1_254' title='bbox 1510 3033 1710 3103; x_wconf 85' lang='grc' dir='ltr'>μόνοις,</span> <span class='ocrx_word' id='word_1_255' title='bbox 1760 3030 1943 3083; x_wconf 87' lang='grc' dir='ltr'>εἰκόνα</span> 
     </span>
    </p>
   </div>
   <div class='ocr_carea' id='block_1_35' title="bbox 2010 848 3596 921">
    <p class='ocr_par' dir='ltr' id='par_1_35' title="bbox 2010 848 3596 921">
     <span class='ocr_line' id='line_1_35' title="bbox 2010 848 3596 921; baseline -0.003 -17"><span class='ocrx_word' id='word_1_256' title='bbox 2010 848 2048 904; x_wconf 78' lang='grc' dir='ltr'><strong>ἰ</strong></span> <span class='ocrx_word' id='word_1_257' title='bbox 2097 862 2272 921; x_wconf 84' lang='lat' dir='ltr'><strong>potest</strong></span> <span class='ocrx_word' id='word_1_258' title='bbox 2301 853 2414 906; x_wconf 83' lang='lat' dir='ltr'><strong>ﬁeri</strong></span> <span class='ocrx_word' id='word_1_259' title='bbox 2445 860 2501 905; x_wconf 83' lang='lat' dir='ltr'><strong>ut</strong></span> <span class='ocrx_word' id='word_1_260' title='bbox 2522 853 2878 921; x_wconf 86' lang='lat' dir='ltr'><strong>scripserit,si</strong></span> <span class='ocrx_word' id='word_1_261' title='bbox 2910 852 2991 905; x_wconf 91' lang='lat' dir='ltr'><strong>illa</strong></span> <span class='ocrx_word' id='word_1_262' title='bbox 3026 868 3143 920; x_wconf 65' lang='lat' dir='ltr'><strong>quae</strong></span> <span class='ocrx_word' id='word_1_263' title='bbox 3169 853 3234 906; x_wconf 90' lang='lat' dir='ltr'><strong>de</strong></span> <span class='ocrx_word' id='word_1_264' title='bbox 3258 864 3398 905; x_wconf 89' lang='lat' dir='ltr'><strong>terra</strong></span> <span class='ocrx_word' id='word_1_265' title='bbox 3423 859 3596 910; x_wconf 71' lang='lat' dir='ltr'><strong>est,e-t</strong></span> 
     </span>
    </p>
   </div>
   <div class='ocr_carea' id='block_1_36' title="bbox 2032 940 3595 1013">
    <p class='ocr_par' dir='ltr' id='par_1_36' title="bbox 2032 940 3595 1013">
     <span class='ocr_line' id='line_1_36' title="bbox 2032 940 3595 1013; baseline -0.003 -18"><span class='ocrx_word' id='word_1_266' title='bbox 2032 962 2051 995; x_wconf 76' lang='grc' dir='ltr'><strong>ι</strong></span> <span class='ocrx_word' id='word_1_267' title='bbox 2096 944 2224 998; x_wconf 84' lang='lat' dir='ltr'><strong>nihil</strong></span> <span class='ocrx_word' id='word_1_268' title='bbox 2259 945 2505 1013; x_wconf 88' lang='lat' dir='ltr'><strong>prodest,</strong></span> <span class='ocrx_word' id='word_1_269' title='bbox 2539 944 2589 997; x_wconf 92' lang='lat' dir='ltr'><strong>in</strong></span> <span class='ocrx_word' id='word_1_270' title='bbox 2641 943 2819 997; x_wconf 79' lang='lat' dir='ltr'><strong>futuro</strong></span> <span class='ocrx_word' id='word_1_271' title='bbox 2869 943 3267 1009; x_wconf 74' lang='lat' dir='ltr'><strong>sazculo,quasi</strong></span> <span class='ocrx_word' id='word_1_272' title='bbox 3313 940 3595 1012; x_wconf 78' lang='lat' dir='ltr'><strong>profutura</strong></span> 
     </span>
    </p>
   </div>
   <div class='ocr_carea' id='block_1_37' title="bbox 2032 1034 3237 1101">
    <p class='ocr_par' dir='ltr' id='par_1_37' title="bbox 2032 1034 3237 1101">
     <span class='ocr_line' id='line_1_37' title="bbox 2032 1034 3237 1101; baseline 0 -15"><span class='ocrx_word' id='word_1_273' title='bbox 2032 1054 2051 1086; x_wconf 79' lang='grc' dir='ltr'><strong>ι</strong></span> <span class='ocrx_word' id='word_1_274' title='bbox 2098 1037 2351 1101; x_wconf 88' lang='lat' dir='ltr'><strong>multum,</strong></span> <span class='ocrx_word' id='word_1_275' title='bbox 2381 1051 2501 1090; x_wconf 90' lang='lat' dir='ltr'><strong>cum</strong></span> <span class='ocrx_word' id='word_1_276' title='bbox 2527 1036 2702 1091; x_wconf 91' lang='lat' dir='ltr'><strong>Verbo</strong></span> <span class='ocrx_word' id='word_1_277' title='bbox 2729 1037 2932 1089; x_wconf 87' lang='lat' dir='ltr'><strong>versari</strong></span> <span class='ocrx_word' id='word_1_278' title='bbox 2958 1036 3148 1089; x_wconf 83' lang='lat' dir='ltr'><strong>debeat</strong></span> <span class='ocrx_word' id='word_1_279' title='bbox 3170 1034 3193 1086; x_wconf 72' lang='grc' dir='ltr'><strong><em>τ</em></strong></span> <span class='ocrx_word' id='word_1_280' title='bbox 3216 1053 3237 1086; x_wconf 71' lang='grc' dir='ltr'><strong>ι</strong></span> 
     </span>
    </p>
   </div>
   <div class='ocr_carea' id='block_1_38' title="bbox 2682 1126 2972 1182">
    <p class='ocr_par' dir='ltr' id='par_1_38' title="bbox 2682 1126 2972 1182">
     <span class='ocr_line' id='line_1_38' title="bbox 2682 1126 2972 1182; baseline -0.014 0"><span class='ocrx_word' id='word_1_281' title='bbox 2682 1127 2832 1182; x_wconf 84' lang='lat' dir='ltr'><strong>CAP.</strong></span> <span class='ocrx_word' id='word_1_282' title='bbox 2884 1126 2972 1179; x_wconf 79' lang='lat' dir='ltr'><strong>IX.</strong></span> 
     </span>
    </p>
   </div>
   <div class='ocr_carea' id='block_1_39' title="bbox 2031 1211 3599 1284">
    <p class='ocr_par' dir='ltr' id='par_1_39' title="bbox 2031 1211 3599 1284">
     <span class='ocr_line' id='line_1_39' title="bbox 2031 1211 3599 1284; baseline -0.004 -12"><span class='ocrx_word' id='word_1_283' title='bbox 2031 1220 2181 1284; x_wconf 82' lang='lat' dir='ltr'><strong>Quod</strong></span> <span class='ocrx_word' id='word_1_284' title='bbox 2230 1236 2389 1273; x_wconf 83' lang='lat' dir='ltr'><strong>ausus</strong></span> <span class='ocrx_word' id='word_1_285' title='bbox 2437 1229 2507 1271; x_wconf 83' lang='lat' dir='ltr'><strong>est</strong></span> <span class='ocrx_word' id='word_1_286' title='bbox 2551 1220 2755 1281; x_wconf 77' lang='lat' dir='ltr'><strong>dicere,</strong></span> <span class='ocrx_word' id='word_1_287' title='bbox 2803 1233 3015 1269; x_wconf 83' lang='lat' dir='ltr'><strong>carnem</strong></span> <span class='ocrx_word' id='word_1_288' title='bbox 3066 1215 3397 1281; x_wconf 80' lang='lat' dir='ltr'><strong>Servatoris,</strong></span> <span class='ocrx_word' id='word_1_289' title='bbox 3428 1211 3599 1267; x_wconf 80' lang='lat' dir='ltr'><strong>Verbo</strong></span> 
     </span>
    </p>
   </div>
   <div class='ocr_carea' id='block_1_40' title="bbox 2347 1285 3292 1353">
    <p class='ocr_par' dir='ltr' id='par_1_40' title="bbox 2347 1285 3292 1353">
     <span class='ocr_line' id='line_1_40' title="bbox 2347 1285 3292 1353; baseline -0.001 -12"><span class='ocrx_word' id='word_1_290' title='bbox 2347 1290 2728 1342; x_wconf 83' lang='lat' dir='ltr'><strong>destituendum</strong></span> <span class='ocrx_word' id='word_1_291' title='bbox 2752 1305 2859 1341; x_wconf 87' lang='lat' dir='ltr'><strong>esse</strong></span> <span class='ocrx_word' id='word_1_292' title='bbox 2887 1289 2939 1339; x_wconf 88' lang='lat' dir='ltr'><strong>in</strong></span> <span class='ocrx_word' id='word_1_293' title='bbox 2965 1287 3068 1353; x_wconf 77' lang='lat' dir='ltr'><strong>ﬁne</strong></span> <span class='ocrx_word' id='word_1_294' title='bbox 3091 1285 3292 1340; x_wconf 63' lang='lat' dir='ltr'><strong>saeculi.</strong></span> 
     </span>
    </p>
   </div>
   <div class='ocr_carea' id='block_1_41' title="bbox 2101 1371 3599 1451">
    <p class='ocr_par' dir='ltr' id='par_1_41' title="bbox 2101 1371 3599 1451">
     <span class='ocr_line' id='line_1_41' title="bbox 2101 1371 3599 1451; baseline -0.003 -17"><span class='ocrx_word' id='word_1_295' title='bbox 2101 1382 2252 1448; x_wconf 86' lang='lat' dir='ltr'><strong>Quod</strong></span> <span class='ocrx_word' id='word_1_296' title='bbox 2287 1382 2458 1451; x_wconf 88' lang='lat' dir='ltr'><strong>ipsum</strong></span> <span class='ocrx_word' id='word_1_297' title='bbox 2490 1387 2666 1434; x_wconf 89' lang='lat' dir='ltr'><strong>denuo</strong></span> <span class='ocrx_word' id='word_1_298' title='bbox 2717 1380 2977 1441; x_wconf 84' lang='lat' dir='ltr'><strong>inculcat,</strong></span> <span class='ocrx_word' id='word_1_299' title='bbox 3014 1378 3141 1431; x_wconf 84' lang='lat' dir='ltr'><strong>alibi</strong></span> <span class='ocrx_word' id='word_1_300' title='bbox 3175 1376 3423 1446; x_wconf 89' lang='lat' dir='ltr'><strong>inquiens</strong></span> <span class='ocrx_word' id='word_1_301' title='bbox 3457 1391 3511 1428; x_wconf 85' lang='lat' dir='ltr'><strong>:I</strong></span> <span class='ocrx_word' id='word_1_302' title='bbox 3540 1371 3599 1429; x_wconf 88' lang='lat' dir='ltr'><strong>Si</strong></span> 
     </span>
    </p>
   </div>
   <div class='ocr_carea' id='block_1_42' title="bbox 2037 1465 3603 1541">
    <p class='ocr_par' dir='ltr' id='par_1_42' title="bbox 2037 1465 3603 1541">
     <span class='ocr_line' id='line_1_42' title="bbox 2037 1465 3603 1541; baseline -0.003 -19"><span class='ocrx_word' id='word_1_303' title='bbox 2037 1490 2056 1522; x_wconf 77' lang='grc' dir='ltr'><strong>ι</strong></span> <span class='ocrx_word' id='word_1_304' title='bbox 2104 1472 2267 1541; x_wconf 84' lang='lat' dir='ltr'><strong>igitur</strong></span> <span class='ocrx_word' id='word_1_305' title='bbox 2303 1472 2355 1524; x_wconf 93' lang='lat' dir='ltr'><strong>in</strong></span> <span class='ocrx_word' id='word_1_306' title='bbox 2393 1480 2635 1538; x_wconf 87' lang='lat' dir='ltr'><strong>tempore</strong></span> <span class='ocrx_word' id='word_1_307' title='bbox 2674 1468 2763 1521; x_wconf 92' lang='lat' dir='ltr'><strong>illo</strong></span> <span class='ocrx_word' id='word_1_308' title='bbox 2802 1468 3208 1522; x_wconf 88' lang='lat' dir='ltr'><strong>restaurationis</strong></span> <span class='ocrx_word' id='word_1_309' title='bbox 3245 1465 3506 1527; x_wconf 88' lang='lat' dir='ltr'><strong>omnium,</strong></span> <span class='ocrx_word' id='word_1_310' title='bbox 3546 1472 3603 1519; x_wconf 85' lang='lat' dir='ltr'><strong>et</strong></span> 
     </span>
    </p>
   </div>
   <div class='ocr_carea' id='block_1_43' title="bbox 2038 1553 3599 1627">
    <p class='ocr_par' dir='ltr' id='par_1_43' title="bbox 2038 1553 3599 1627">
     <span class='ocr_line' id='line_1_43' title="bbox 2038 1553 3599 1627; baseline -0.004 -17"><span class='ocrx_word' id='word_1_311' title='bbox 2038 1579 2055 1610; x_wconf 82' lang='grc' dir='ltr'><strong>ι</strong></span> <span class='ocrx_word' id='word_1_312' title='bbox 2104 1560 2385 1627; x_wconf 87' lang='lat' dir='ltr'><strong>ipsammet</strong></span> <span class='ocrx_word' id='word_1_313' title='bbox 2440 1567 2767 1619; x_wconf 83' lang='lat' dir='ltr'><strong>creaturam,</strong></span> <span class='ocrx_word' id='word_1_314' title='bbox 2806 1557 2871 1610; x_wconf 88' lang='lat' dir='ltr'><strong>de</strong></span> <span class='ocrx_word' id='word_1_315' title='bbox 2911 1556 3169 1610; x_wconf 83' lang='lat' dir='ltr'><strong>servitute</strong></span> <span class='ocrx_word' id='word_1_316' title='bbox 3202 1554 3253 1607; x_wconf 90' lang='lat' dir='ltr'><strong>in</strong></span> <span class='ocrx_word' id='word_1_317' title='bbox 3294 1553 3599 1606; x_wconf 83' lang='lat' dir='ltr'><strong>libertatem</strong></span> 
     </span>
    </p>
   </div>
   <div class='ocr_carea' id='block_1_44' title="bbox 2040 1642 3602 1718">
    <p class='ocr_par' dir='ltr' id='par_1_44' title="bbox 2040 1642 3602 1718">
     <span class='ocr_line' id='line_1_44' title="bbox 2040 1642 3602 1718; baseline -0.004 -15"><span class='ocrx_word' id='word_1_318' title='bbox 2040 1669 2059 1703; x_wconf 82' lang='grc' dir='ltr'><strong>ι</strong></span> <span class='ocrx_word' id='word_1_319' title='bbox 2109 1650 2535 1705; x_wconf 79' lang='lat' dir='ltr'><strong>transferendam</strong></span> <span class='ocrx_word' id='word_1_320' title='bbox 2577 1664 2698 1702; x_wconf 84' lang='lat' dir='ltr'><strong>esse</strong></span> <span class='ocrx_word' id='word_1_321' title='bbox 2727 1649 2907 1703; x_wconf 87' lang='lat' dir='ltr'><strong>docuit</strong></span> <span class='ocrx_word' id='word_1_322' title='bbox 2942 1646 3141 1701; x_wconf 84' lang='lat' dir='ltr'><strong>Paulus</strong></span> <span class='ocrx_word' id='word_1_323' title='bbox 3168 1646 3265 1718; x_wconf 79' lang='lat' dir='ltr'><strong>(ait</strong></span> <span class='ocrx_word' id='word_1_324' title='bbox 3288 1645 3430 1699; x_wconf 88' lang='lat' dir='ltr'><strong>enim</strong></span> <span class='ocrx_word' id='word_1_325' title='bbox 3460 1642 3602 1712; x_wconf 89' lang='lat' dir='ltr'><strong>quod</strong></span> 
     </span>
    </p>
   </div>
   <div class='ocr_carea' id='block_1_45' title="bbox 2042 1735 3602 1808">
    <p class='ocr_par' dir='ltr' id='par_1_45' title="bbox 2042 1735 3602 1808">
     <span class='ocr_line' id='line_1_45' title="bbox 2042 1735 3602 1808; baseline -0.003 -15"><span class='ocrx_word' id='word_1_326' title='bbox 2042 1760 2061 1793; x_wconf 81' lang='grc' dir='ltr'><strong>ι</strong></span> <span class='ocrx_word' id='word_1_327' title='bbox 2107 1750 2163 1796; x_wconf 85' lang='lat' dir='ltr'><strong>et</strong></span> <span class='ocrx_word' id='word_1_328' title='bbox 2186 1742 2296 1808; x_wconf 82' lang='lat' dir='ltr'><strong>ipsa</strong></span> <span class='ocrx_word' id='word_1_329' title='bbox 2325 1752 2566 1794; x_wconf 71' lang='lat' dir='ltr'><strong>creatura</strong></span> <span class='ocrx_word' id='word_1_330' title='bbox 2591 1742 2896 1793; x_wconf 78' lang='lat' dir='ltr'><strong>liberabitur</strong></span> <span class='ocrx_word' id='word_1_331' title='bbox 2915 1740 3205 1791; x_wconf 83' lang='lat' dir='ltr'><strong>aservitute</strong></span> <span class='ocrx_word' id='word_1_332' title='bbox 3232 1735 3602 1804; x_wconf 81' lang='lat' dir='ltr'><strong>corruptionis.</strong></span> 
     </span>
    </p>
   </div>
   <div class='ocr_carea' id='block_1_46' title="bbox 2110 1825 3603 1899">
    <p class='ocr_par' dir='ltr' id='par_1_46' title="bbox 2110 1825 3603 1899">
     <span class='ocr_line' id='line_1_46' title="bbox 2110 1825 3603 1899; baseline -0.007 -15"><span class='ocrx_word' id='word_1_333' title='bbox 2110 1834 2163 1884; x_wconf 86' lang='lat' dir='ltr'><strong>in</strong></span> <span class='ocrx_word' id='word_1_334' title='bbox 2198 1830 2485 1883; x_wconf 81' lang='lat' dir='ltr'><strong>libertatem</strong></span> <span class='ocrx_word' id='word_1_335' title='bbox 2516 1840 2715 1883; x_wconf 86' lang='lat' dir='ltr'><strong>asserta</strong></span> <span class='ocrx_word' id='word_1_336' title='bbox 2738 1830 2918 1899; x_wconf 82' lang='lat' dir='ltr'><strong>gloria:</strong></span> <span class='ocrx_word' id='word_1_337' title='bbox 2946 1828 3177 1895; x_wconf 81' lang='lat' dir='ltr'><strong>ﬁliorum</strong></span> <span class='ocrx_word' id='word_1_338' title='bbox 3209 1826 3304 1878; x_wconf 85' lang='lat' dir='ltr'><strong>Dei</strong></span> <span class='ocrx_word' id='word_1_339' title='bbox 3321 1825 3388 1893; x_wconf 81' lang='lat'><strong>“)</strong></span> <span class='ocrx_word' id='word_1_340' title='bbox 3418 1840 3433 1889; x_wconf 89' lang='lat'><strong>;</strong></span> <span class='ocrx_word' id='word_1_341' title='bbox 3466 1839 3603 1891; x_wconf 88' lang='lat' dir='ltr'><strong>quo-</strong></span> 
     </span>
    </p>
   </div>
   <div class='ocr_carea' id='block_1_47' title="bbox 2043 1918 3607 1986">
    <p class='ocr_par' dir='ltr' id='par_1_47' title="bbox 2043 1918 3607 1986">
     <span class='ocr_line' id='line_1_47' title="bbox 2043 1918 3607 1986; baseline -0.005 -10"><span class='ocrx_word' id='word_1_342' title='bbox 2043 1944 2061 1976; x_wconf 80' lang='grc' dir='ltr'><strong>ι</strong></span> <span class='ocrx_word' id='word_1_343' title='bbox 2110 1924 2266 1977; x_wconf 86' lang='lat' dir='ltr'><strong>modo</strong></span> <span class='ocrx_word' id='word_1_344' title='bbox 2309 1924 2480 1977; x_wconf 87' lang='lat' dir='ltr'><strong>adhuc</strong></span> <span class='ocrx_word' id='word_1_345' title='bbox 2507 1922 2753 1984; x_wconf 89' lang='lat' dir='ltr'><strong>ulterius,</strong></span> <span class='ocrx_word' id='word_1_346' title='bbox 2798 1920 2883 1974; x_wconf 91' lang='lat' dir='ltr'><strong>illa</strong></span> <span class='ocrx_word' id='word_1_347' title='bbox 2930 1920 3071 1975; x_wconf 88' lang='lat' dir='ltr'><strong>servi</strong></span> <span class='ocrx_word' id='word_1_348' title='bbox 3096 1918 3287 1980; x_wconf 82' lang='lat' dir='ltr'><strong>forma,</strong></span> <span class='ocrx_word' id='word_1_349' title='bbox 3325 1932 3484 1986; x_wconf 89' lang='lat' dir='ltr'><strong>quam</strong></span> <span class='ocrx_word' id='word_1_350' title='bbox 3520 1930 3607 1968; x_wconf 84' lang='lat' dir='ltr'><strong>as-</strong></span> 
     </span>
    </p>
   </div>
   <div class='ocr_carea' id='block_1_48' title="bbox 2042 2010 3608 2083">
    <p class='ocr_par' dir='ltr' id='par_1_48' title="bbox 2042 2010 3608 2083">
     <span class='ocr_line' id='line_1_48' title="bbox 2042 2010 3608 2083; baseline -0.002 -17"><span class='ocrx_word' id='word_1_351' title='bbox 2042 2034 2059 2066; x_wconf 82' lang='grc' dir='ltr'><strong>ι</strong></span> <span class='ocrx_word' id='word_1_352' title='bbox 2109 2014 2337 2083; x_wconf 88' lang='lat' dir='ltr'><strong>sumpsit</strong></span> <span class='ocrx_word' id='word_1_353' title='bbox 2364 2020 2421 2077; x_wconf 56' lang='grc' dir='ltr'><strong>ἦ(</strong></span> <span class='ocrx_word' id='word_1_354' title='bbox 2456 2012 2710 2079; x_wconf 83' lang='lat' dir='ltr'><strong>Verbum,</strong></span> <span class='ocrx_word' id='word_1_355' title='bbox 2740 2028 2861 2066; x_wconf 91' lang='lat' dir='ltr'><strong>cum</strong></span> <span class='ocrx_word' id='word_1_356' title='bbox 2915 2013 2983 2066; x_wconf 91' lang='lat' dir='ltr'><strong>sit</strong></span> <span class='ocrx_word' id='word_1_357' title='bbox 3022 2010 3193 2065; x_wconf 82' lang='lat' dir='ltr'><strong>l‘orma</strong></span> <span class='ocrx_word' id='word_1_358' title='bbox 3223 2010 3389 2074; x_wconf 84' lang='lat' dir='ltr'><strong>servi,</strong></span> <span class='ocrx_word' id='word_1_359' title='bbox 3432 2022 3525 2077; x_wconf 88' lang='lat' dir='ltr'><strong>per</strong></span> <span class='ocrx_word' id='word_1_360' title='bbox 3550 2019 3608 2063; x_wconf 65' lang='lat' dir='ltr'><strong>se</strong></span> 
     </span>
    </p>
   </div>
   <div class='ocr_carea' id='block_1_49' title="bbox 2042 2101 3316 2172">
    <p class='ocr_par' dir='ltr' id='par_1_49' title="bbox 2042 2101 3316 2172">
     <span class='ocr_line' id='line_1_49' title="bbox 2042 2101 3316 2172; baseline -0.002 -16"><span class='ocrx_word' id='word_1_361' title='bbox 2042 2122 2061 2156; x_wconf 77' lang='grc' dir='ltr'><strong>ι</strong></span> <span class='ocrx_word' id='word_1_362' title='bbox 2110 2104 2299 2172; x_wconf 69' lang='lat' dir='ltr'><strong>ipsam,</strong></span> <span class='ocrx_word' id='word_1_363' title='bbox 2338 2118 2460 2158; x_wconf 90' lang='lat' dir='ltr'><strong>cum</strong></span> <span class='ocrx_word' id='word_1_364' title='bbox 2494 2104 2670 2158; x_wconf 81' lang='lat' dir='ltr'><strong>Verbo</strong></span> <span class='ocrx_word' id='word_1_365' title='bbox 2699 2104 2998 2158; x_wconf 87' lang='lat' dir='ltr'><strong>consistere</strong></span> <span class='ocrx_word' id='word_1_366' title='bbox 3031 2101 3316 2171; x_wconf 64' lang='lat' dir='ltr'><strong>poterit?»</strong></span> 
     </span>
    </p>
   </div>
   <div class='ocr_carea' id='block_1_50' title="bbox 2698 2360 2957 2417">
    <p class='ocr_par' dir='ltr' id='par_1_50' title="bbox 2698 2360 2957 2417">
     <span class='ocr_line' id='line_1_50' title="bbox 2698 2360 2957 2417; baseline 0.008 -3"><span class='ocrx_word' id='word_1_367' title='bbox 2698 2360 2849 2417; x_wconf 81' lang='lat' dir='ltr'><strong>CAP.</strong></span> <span class='ocrx_word' id='word_1_368' title='bbox 2890 2361 2957 2416; x_wconf 82' lang='lat' dir='ltr'><strong>X.</strong></span> 
     </span>
    </p>
   </div>
   <div class='ocr_carea' id='block_1_51' title="bbox 2039 2448 3608 2523">
    <p class='ocr_par' dir='ltr' id='par_1_51' title="bbox 2039 2448 3608 2523">
     <span class='ocr_line' id='line_1_51' title="bbox 2039 2448 3608 2523; baseline 0.003 -21"><span class='ocrx_word' id='word_1_369' title='bbox 2039 2448 2169 2514; x_wconf 79' lang='lat' dir='ltr'><strong>Qua:</strong></span> <span class='ocrx_word' id='word_1_370' title='bbox 2199 2448 2264 2502; x_wconf 85' lang='lat' dir='ltr'><strong>de</strong></span> <span class='ocrx_word' id='word_1_371' title='bbox 2288 2466 2443 2523; x_wconf 73' lang='lat' dir='ltr'><strong>carae</strong></span> <span class='ocrx_word' id='word_1_372' title='bbox 2472 2448 2763 2523; x_wconf 71' lang='lat' dir='ltr'><strong>Seruatoris</strong></span> <span class='ocrx_word' id='word_1_373' title='bbox 2790 2449 3078 2523; x_wconf 69' lang='lat' dir='ltr'><strong>Scriptura:</strong></span> <span class='ocrx_word' id='word_1_374' title='bbox 3113 2452 3332 2505; x_wconf 81' lang='lat' dir='ltr'><strong>doceant</strong></span> <span class='ocrx_word' id='word_1_375' title='bbox 3352 2465 3370 2505; x_wconf 93' lang='lat'><em>:</em></span> <span class='ocrx_word' id='word_1_376' title='bbox 3390 2460 3439 2506; x_wconf 86' lang='lat' dir='ltr'><strong>et</strong></span> <span class='ocrx_word' id='word_1_377' title='bbox 3468 2452 3608 2523; x_wconf 82' lang='lat' dir='ltr'><strong>quod</strong></span> 
     </span>
    </p>
   </div>
   <div class='ocr_carea' id='block_1_52' title="bbox 2354 2519 3286 2574">
    <p class='ocr_par' dir='ltr' id='par_1_52' title="bbox 2354 2519 3286 2574">
     <span class='ocr_line' id='line_1_52' title="bbox 2354 2519 3286 2574; baseline 0.002 -3"><span class='ocrx_word' id='word_1_378' title='bbox 2354 2519 2640 2572; x_wconf 76' lang='lat' dir='ltr'><strong>Marcellus</strong></span> <span class='ocrx_word' id='word_1_379' title='bbox 2662 2530 2847 2573; x_wconf 86' lang='lat' dir='ltr'><strong>contra</strong></span> <span class='ocrx_word' id='word_1_380' title='bbox 2882 2522 3001 2574; x_wconf 83' lang='lat' dir='ltr'><strong>illas</strong></span> <span class='ocrx_word' id='word_1_381' title='bbox 3042 2523 3286 2574; x_wconf 77' lang='lat' dir='ltr'><strong>senserit.</strong></span> 
     </span>
    </p>
   </div>
   <div class='ocr_carea' id='block_1_53' title="bbox 2111 2675 3609 2746">
    <p class='ocr_par' dir='ltr' id='par_1_53' title="bbox 2111 2675 3609 2746">
     <span class='ocr_line' id='line_1_53' title="bbox 2111 2675 3609 2746; baseline 0.003 -17"><span class='ocrx_word' id='word_1_382' title='bbox 2111 2675 2277 2731; x_wconf 83' lang='lat' dir='ltr'><strong>Vides</strong></span> <span class='ocrx_word' id='word_1_383' title='bbox 2309 2675 2364 2730; x_wconf 89' lang='lat' dir='ltr'><strong>in</strong></span> <span class='ocrx_word' id='word_1_384' title='bbox 2398 2691 2531 2744; x_wconf 88' lang='lat' dir='ltr'><strong>quas</strong></span> <span class='ocrx_word' id='word_1_385' title='bbox 2561 2690 2721 2731; x_wconf 89' lang='lat' dir='ltr'><strong>voces</strong></span> <span class='ocrx_word' id='word_1_386' title='bbox 2752 2677 3005 2746; x_wconf 88' lang='lat' dir='ltr'><strong>irruperit</strong></span> <span class='ocrx_word' id='word_1_387' title='bbox 3037 2678 3127 2732; x_wconf 88' lang='lat' dir='ltr'><strong>ille</strong></span> <span class='ocrx_word' id='word_1_388' title='bbox 3158 2688 3351 2733; x_wconf 91' lang='lat' dir='ltr'><strong>contra</strong></span> <span class='ocrx_word' id='word_1_389' title='bbox 3389 2692 3609 2734; x_wconf 76' lang='lat' dir='ltr'><strong>carnem</strong></span> 
     </span>
    </p>
   </div>
   <div class='ocr_carea' id='block_1_54' title="bbox 2044 2765 3613 2833">
    <p class='ocr_par' dir='ltr' id='par_1_54' title="bbox 2044 2765 3613 2833">
     <span class='ocr_line' id='line_1_54' title="bbox 2044 2765 3613 2833; baseline 0.001 -15"><span class='ocrx_word' id='word_1_390' title='bbox 2044 2765 2350 2819; x_wconf 69' lang='lat' dir='ltr'><strong>bervatoris</strong></span> <span class='ocrx_word' id='word_1_391' title='bbox 2378 2783 2391 2818; x_wconf 89' lang='lat'><strong>:</strong></span> <span class='ocrx_word' id='word_1_392' title='bbox 2431 2765 2658 2818; x_wconf 85' lang='lat' dir='ltr'><strong>nescivit</strong></span> <span class='ocrx_word' id='word_1_393' title='bbox 2687 2775 2887 2828; x_wconf 90' lang='lat' dir='ltr'><strong>autem,</strong></span> <span class='ocrx_word' id='word_1_394' title='bbox 2915 2766 3057 2833; x_wconf 89' lang='lat' dir='ltr'><strong>quod</strong></span> <span class='ocrx_word' id='word_1_395' title='bbox 3090 2774 3213 2819; x_wconf 89' lang='lat' dir='ltr'><strong>ante</strong></span> <span class='ocrx_word' id='word_1_396' title='bbox 3236 2765 3381 2818; x_wconf 84' lang='lat' dir='ltr'><strong>illam</strong></span> <span class='ocrx_word' id='word_1_397' title='bbox 3417 2767 3468 2819; x_wconf 92' lang='lat' dir='ltr'><strong>in</strong></span> <span class='ocrx_word' id='word_1_398' title='bbox 3499 2779 3613 2819; x_wconf 71' lang='lat' dir='ltr'><strong>cm-</strong></span> 
     </span>
    </p>
   </div>
   <div class='ocr_carea' id='block_1_55' title="bbox 2043 2857 3611 2925">
    <p class='ocr_par' dir='ltr' id='par_1_55' title="bbox 2043 2857 3611 2925">
     <span class='ocr_line' id='line_1_55' title="bbox 2043 2857 3611 2925; baseline 0 -16"><span class='ocrx_word' id='word_1_399' title='bbox 2043 2858 2124 2909; x_wconf 92' lang='lat' dir='ltr'><strong>los</strong></span> <span class='ocrx_word' id='word_1_400' title='bbox 2159 2857 2607 2925; x_wconf 88' lang='lat' dir='ltr'><strong>assumptionetn,</strong></span> <span class='ocrx_word' id='word_1_401' title='bbox 2661 2866 2716 2910; x_wconf 91' lang='lat' dir='ltr'><strong>et</strong></span> <span class='ocrx_word' id='word_1_402' title='bbox 2766 2867 2895 2909; x_wconf 92' lang='lat' dir='ltr'><strong>ante</strong></span> <span class='ocrx_word' id='word_1_403' title='bbox 2931 2857 3235 2925; x_wconf 86' lang='lat' dir='ltr'><strong>passionem</strong></span> <span class='ocrx_word' id='word_1_404' title='bbox 3290 2871 3442 2910; x_wconf 87' lang='lat' dir='ltr'><strong>suam</strong></span> <span class='ocrx_word' id='word_1_405' title='bbox 3488 2870 3611 2910; x_wconf 88' lang='lat' dir='ltr'><strong>cum</strong></span> 
     </span>
    </p>
   </div>
   <div class='ocr_carea' id='block_1_56' title="bbox 2042 2947 3615 3018">
    <p class='ocr_par' dir='ltr' id='par_1_56' title="bbox 2042 2947 3615 3018">
     <span class='ocr_line' id='line_1_56' title="bbox 2042 2947 3615 3018; baseline 0.001 -16"><span class='ocrx_word' id='word_1_406' title='bbox 2042 2949 2219 3003; x_wconf 84' lang='lat' dir='ltr'><strong>adhuc</strong></span> <span class='ocrx_word' id='word_1_407' title='bbox 2279 2947 2331 3000; x_wconf 92' lang='lat' dir='ltr'><strong>in</strong></span> <span class='ocrx_word' id='word_1_408' title='bbox 2395 2956 2536 3001; x_wconf 87' lang='lat' dir='ltr'><strong>terra</strong></span> <span class='ocrx_word' id='word_1_409' title='bbox 2604 2959 2935 3014; x_wconf 83' lang='lat' dir='ltr'><strong>versaretur,</strong></span> <span class='ocrx_word' id='word_1_410' title='bbox 2995 2948 3138 3002; x_wconf 85' lang='lat' dir='ltr'><strong>illam</strong></span> <span class='ocrx_word' id='word_1_411' title='bbox 3186 2947 3507 3018; x_wconf 76' lang='lat' dir='ltr'><strong>gloriﬁcavit</strong></span> <span class='ocrx_word' id='word_1_412' title='bbox 3560 2948 3615 3003; x_wconf 84' lang='lat' dir='ltr'><strong>in</strong></span> 
     </span>
    </p>
   </div>
   <div class='ocr_carea' id='block_1_57' title="bbox 2046 3034 3615 3106">
    <p class='ocr_par' dir='ltr' id='par_1_57' title="bbox 2046 3034 3615 3106">
     <span class='ocr_line' id='line_1_57' title="bbox 2046 3034 3615 3106; baseline 0.004 -20"><span class='ocrx_word' id='word_1_413' title='bbox 2046 3045 2247 3089; x_wconf 84' lang='lat' dir='ltr'><strong>monte.</strong></span> <span class='ocrx_word' id='word_1_414' title='bbox 2281 3034 2380 3090; x_wconf 87' lang='lat' dir='ltr'><strong>Ubi</strong></span> <span class='ocrx_word' id='word_1_415' title='bbox 2407 3036 2537 3087; x_wconf 82' lang='lat' dir='ltr'><strong>solis</strong></span> <span class='ocrx_word' id='word_1_416' title='bbox 2576 3036 2791 3089; x_wconf 80' lang='lat' dir='ltr'><strong>selectis</strong></span> <span class='ocrx_word' id='word_1_417' title='bbox 2823 3036 2995 3090; x_wconf 89' lang='lat' dir='ltr'><strong>tribus</strong></span> <span class='ocrx_word' id='word_1_418' title='bbox 3024 3037 3299 3105; x_wconf 79' lang='lat' dir='ltr'><strong>discipulis</strong></span> <span class='ocrx_word' id='word_1_419' title='bbox 3328 3037 3615 3106; x_wconf 73' lang='lat' dir='ltr'><strong>imaginem</strong></span> 
     </span>
    </p>
   </div>
   <div class='ocr_carea' id='block_1_58' title="bbox 358 3120 1947 3201">
    <p class='ocr_par' dir='ltr' id='par_1_58' title="bbox 358 3120 1944 3201">
     <span class='ocr_line' id='line_1_58' title="bbox 358 3120 1944 3201; baseline -0.01 -13"><span class='ocrx_word' id='word_1_420' title='bbox 358 3136 576 3196; x_wconf 74' lang='grc' dir='ltr'>δεικνὺς</span> <span class='ocrx_word' id='word_1_421' title='bbox 636 3133 736 3201; x_wconf 77' lang='grc' dir='ltr'>τῆς</span> <span class='ocrx_word' id='word_1_422' title='bbox 787 3130 1061 3200; x_wconf 85' lang='grc' dir='ltr'>βασιλείας</span> <span class='ocrx_word' id='word_1_423' title='bbox 1125 3126 1319 3191; x_wconf 83' lang='grc' dir='ltr'>αὐτοῦ,</span> <span class='ocrx_word' id='word_1_424' title='bbox 1379 3125 1454 3187; x_wconf 84' lang='grc' dir='ltr'><strong>ὡς</strong></span> <span class='ocrx_word' id='word_1_425' title='bbox 1502 3121 1837 3193; x_wconf 66' lang='grc' dir='ltr'>ἐξαστράψαι</span> <span class='ocrx_word' id='word_1_426' title='bbox 1883 3120 1944 3172; x_wconf 83' lang='grc' dir='ltr'><strong>τὸ</strong></span> 
     </span>
    </p>
   </div>
   <div class='ocr_carea' id='block_1_59' title="bbox 2049 3120 3615 3201">
    <p class='ocr_par' dir='ltr' id='par_1_59' title="bbox 2049 3126 3615 3196">
     <span class='ocr_line' id='line_1_59' title="bbox 2049 3126 3615 3196; baseline 0.001 -17"><span class='ocrx_word' id='word_1_427' title='bbox 2049 3127 2126 3179; x_wconf 87' lang='lat' dir='ltr'><strong>sui</strong></span> <span class='ocrx_word' id='word_1_428' title='bbox 2151 3126 2298 3191; x_wconf 80' lang='lat' dir='ltr'><strong>regni</strong></span> <span class='ocrx_word' id='word_1_429' title='bbox 2331 3129 2773 3193; x_wconf 58' lang='lat' dir='ltr'><strong>repraesentavit:</strong></span> <span class='ocrx_word' id='word_1_430' title='bbox 2809 3137 2865 3179; x_wconf 92' lang='lat' dir='ltr'><strong>ut</strong></span> <span class='ocrx_word' id='word_1_431' title='bbox 2900 3126 3268 3196; x_wconf 79' lang='lat' dir='ltr'><strong>resplenderet</strong></span> <span class='ocrx_word' id='word_1_432' title='bbox 3290 3128 3406 3194; x_wconf 84' lang='lat' dir='ltr'><strong>ejus</strong></span> <span class='ocrx_word' id='word_1_433' title='bbox 3428 3127 3615 3191; x_wconf 80' lang='lat' dir='ltr'><strong>facies,</strong></span> 
     </span>
    </p>
   </div>
   <div class='ocr_carea' id='block_1_60' title="bbox 365 3197 1947 3298">
    <p class='ocr_par' dir='ltr' id='par_1_60' title="bbox 365 3197 1939 3298">
     <span class='ocr_line' id='line_1_60' title="bbox 365 3197 1939 3298; baseline -0.011 -19"><span class='ocrx_word' id='word_1_434' title='bbox 365 3228 657 3298; x_wconf 88' lang='grc' dir='ltr'>πρόσωπον</span> <span class='ocrx_word' id='word_1_435' title='bbox 686 3197 848 3276; x_wconf 81' lang='grc' dir='ltr'>αὐτοῦ</span> <span class='ocrx_word' id='word_1_436' title='bbox 869 3261 883 3284; x_wconf 96' lang='grc'><strong>,</strong></span> <span class='ocrx_word' id='word_1_437' title='bbox 931 3221 1022 3271; x_wconf 75' lang='grc' dir='ltr'><strong>καὶ</strong></span> <span class='ocrx_word' id='word_1_438' title='bbox 1048 3219 1221 3287; x_wconf 83' lang='grc' dir='ltr'>φωτὸς</span> <span class='ocrx_word' id='word_1_439' title='bbox 1251 3214 1615 3286; x_wconf 79' lang='grc' dir='ltr'>μαρμαρυγὰς</span> <span class='ocrx_word' id='word_1_440' title='bbox 1646 3213 1939 3283; x_wconf 70' lang='grc' dir='ltr'>ἐκλάμψαι.</span> 
     </span>
    </p>
   </div>
   <div class='ocr_carea' id='block_1_61' title="bbox 2049 3197 3620 3298">
    <p class='ocr_par' dir='ltr' id='par_1_61' title="bbox 2050 3216 3620 3289">
     <span class='ocr_line' id='line_1_61' title="bbox 2050 3216 3620 3289; baseline 0.001 -19"><span class='ocrx_word' id='word_1_441' title='bbox 2050 3226 2104 3270; x_wconf 91' lang='lat' dir='ltr'><strong>et</strong></span> <span class='ocrx_word' id='word_1_442' title='bbox 2130 3216 2267 3270; x_wconf 90' lang='lat' dir='ltr'><strong>lucis</strong></span> <span class='ocrx_word' id='word_1_443' title='bbox 2297 3216 2503 3283; x_wconf 82' lang='lat' dir='ltr'><strong>fulgore</strong></span> <span class='ocrx_word' id='word_1_444' title='bbox 2540 3218 2810 3272; x_wconf 82' lang='lat' dir='ltr'><strong>radiaret:</strong></span> <span class='ocrx_word' id='word_1_445' title='bbox 2853 3216 3023 3272; x_wconf 82' lang='lat' dir='ltr'><strong>Facta</strong></span> <span class='ocrx_word' id='word_1_446' title='bbox 3061 3230 3135 3272; x_wconf 85' lang='lat' dir='ltr'><strong>est</strong></span> <span class='ocrx_word' id='word_1_447' title='bbox 3176 3221 3291 3289; x_wconf 83' lang='lat' dir='ltr'><strong>ejus</strong></span> <span class='ocrx_word' id='word_1_448' title='bbox 3323 3220 3512 3287; x_wconf 76' lang='lat' dir='ltr'><strong>facies,</strong></span> <span class='ocrx_word' id='word_1_449' title='bbox 3543 3221 3620 3272; x_wconf 85' lang='lat' dir='ltr'><strong>ait</strong></span> 
     </span>
    </p>
   </div>
   <div class='ocr_carea' id='block_1_62' title="bbox 376 3307 1952 3385">
    <p class='ocr_par' dir='ltr' id='par_1_62' title="bbox 376 3307 1952 3385">
     <span class='ocr_line' id='line_1_62' title="bbox 376 3307 1952 3385; baseline -0.009 -15"><span class='ocrx_word' id='word_1_450' title='bbox 376 3316 645 3385; x_wconf 71' lang='grc' dir='ltr'>Ἐγένετο</span> <span class='ocrx_word' id='word_1_451' title='bbox 662 3314 790 3382; x_wconf 77' lang='grc' dir='ltr'>γὰρ,</span> <span class='ocrx_word' id='word_1_452' title='bbox 806 3312 966 3381; x_wconf 71' lang='grc' dir='ltr'>φησὶν</span> <span class='ocrx_word' id='word_1_453' title='bbox 994 3312 1025 3379; x_wconf 81' lang='grc' dir='ltr'><strong>ἡ</strong></span> <span class='ocrx_word' id='word_1_454' title='bbox 1052 3310 1169 3361; x_wconf 90' lang='grc' dir='ltr'>θεία</span> <span class='ocrx_word' id='word_1_455' title='bbox 1196 3308 1406 3377; x_wconf 58' lang='grc' dir='ltr'>Γραφὴ,</span> <span class='ocrx_word' id='word_1_456' title='bbox 1426 3307 1490 3359; x_wconf 85' lang='grc' dir='ltr'>τὸ</span> <span class='ocrx_word' id='word_1_457' title='bbox 1509 3307 1831 3372; x_wconf 79' lang='grc' dir='ltr'>πρόσωπον</span> <span class='ocrx_word' id='word_1_458' title='bbox 1848 3307 1952 3357; x_wconf 84' lang='grc' dir='ltr'><strong>αὑ-</strong></span> 
     </span>
    </p>
   </div>
   <div class='ocr_carea' id='block_1_63' title="bbox 366 3393 1949 3469">
    <p class='ocr_par' dir='ltr' id='par_1_63' title="bbox 366 3393 1949 3469">
     <span class='ocr_line' id='line_1_63' title="bbox 366 3393 1949 3469; baseline -0.009 -10"><span class='ocrx_word' id='word_1_459' title='bbox 366 3406 472 3459; x_wconf 87' lang='grc' dir='ltr'>τοῦ</span> <span class='ocrx_word' id='word_1_460' title='bbox 502 3406 580 3468; x_wconf 82' lang='grc' dir='ltr'>ὡς</span> <span class='ocrx_word' id='word_1_461' title='bbox 613 3407 644 3457; x_wconf 83' lang='grc' dir='ltr'><em>ὁ</em></span> <span class='ocrx_word' id='word_1_462' title='bbox 681 3403 869 3469; x_wconf 78' lang='grc' dir='ltr'>ἣλιος·</span> <span class='ocrx_word' id='word_1_463' title='bbox 890 3400 986 3453; x_wconf 82' lang='grc' dir='ltr'>καὶ</span> <span class='ocrx_word' id='word_1_464' title='bbox 1014 3401 1085 3452; x_wconf 85' lang='grc' dir='ltr'>τὰ</span> <span class='ocrx_word' id='word_1_465' title='bbox 1118 3397 1313 3466; x_wconf 77' lang='grc' dir='ltr'>ἱμάτια</span> <span class='ocrx_word' id='word_1_466' title='bbox 1344 3396 1528 3449; x_wconf 86' lang='grc' dir='ltr'>αὑτοῦ</span> <span class='ocrx_word' id='word_1_467' title='bbox 1555 3398 1744 3449; x_wconf 74' lang='grc' dir='ltr'>λευκὰ</span> <span class='ocrx_word' id='word_1_468' title='bbox 1775 3396 1853 3459; x_wconf 83' lang='grc' dir='ltr'>ὡς</span> <span class='ocrx_word' id='word_1_469' title='bbox 1883 3393 1949 3445; x_wconf 85' lang='grc' dir='ltr'>τὸ</span> 
     </span>
    </p>
   </div>
   <div class='ocr_carea' id='block_1_64' title="bbox 367 3484 1947 3565">
    <p class='ocr_par' dir='ltr' id='par_1_64' title="bbox 367 3484 1947 3565">
     <span class='ocr_line' id='line_1_64' title="bbox 367 3484 1947 3565; baseline -0.007 -18"><span class='ocrx_word' id='word_1_470' title='bbox 367 3496 515 3565; x_wconf 71' lang='grc' dir='ltr'>φῶς·</span> <span class='ocrx_word' id='word_1_471' title='bbox 555 3494 665 3549; x_wconf 82' lang='grc' dir='ltr'>ἀλλ’</span> <span class='ocrx_word' id='word_1_472' title='bbox 691 3493 809 3546; x_wconf 74' lang='grc' dir='ltr'>οὐδὲ</span> <span class='ocrx_word' id='word_1_473' title='bbox 829 3492 1005 3553; x_wconf 74' lang='grc' dir='ltr'>συνεὶς</span> <span class='ocrx_word' id='word_1_474' title='bbox 1029 3492 1208 3542; x_wconf 83' lang='grc' dir='ltr'>ὁποῖον</span> <span class='ocrx_word' id='word_1_475' title='bbox 1233 3488 1390 3558; x_wconf 77' lang='grc' dir='ltr'>σῶμα</span> <span class='ocrx_word' id='word_1_476' title='bbox 1408 3486 1644 3557; x_wconf 78' lang='grc' dir='ltr'>Χριστοῦ</span> <span class='ocrx_word' id='word_1_477' title='bbox 1666 3484 1823 3553; x_wconf 79' lang='grc' dir='ltr'>δόξης</span> <span class='ocrx_word' id='word_1_478' title='bbox 1838 3484 1947 3553; x_wconf 73' lang='grc'>(74)</span> 
     </span>
    </p>
   </div>
   <div class='ocr_carea' id='block_1_65' title="bbox 363 3575 1949 3647">
    <p class='ocr_par' dir='ltr' id='par_1_65' title="bbox 363 3575 1949 3647">
     <span class='ocr_line' id='line_1_65' title="bbox 363 3575 1949 3647; baseline -0.006 -8"><span class='ocrx_word' id='word_1_479' title='bbox 363 3588 398 3639; x_wconf 81' lang='grc' dir='ltr'>ὁ</span> <span class='ocrx_word' id='word_1_480' title='bbox 428 3586 569 3646; x_wconf 88' lang='grc' dir='ltr'>θεῖος</span> <span class='ocrx_word' id='word_1_481' title='bbox 604 3583 923 3643; x_wconf 79' lang='grc' dir='ltr'>Ἀπόστολος</span> <span class='ocrx_word' id='word_1_482' title='bbox 950 3582 1045 3633; x_wconf 78' lang='grc' dir='ltr'><strong>καὶ</strong></span> <span class='ocrx_word' id='word_1_483' title='bbox 1074 3580 1148 3643; x_wconf 84' lang='grc' dir='ltr'>ὠς</span> <span class='ocrx_word' id='word_1_484' title='bbox 1181 3580 1275 3632; x_wconf 76' lang='grc' dir='ltr'><strong>καὶ</strong></span> <span class='ocrx_word' id='word_1_485' title='bbox 1309 3578 1376 3630; x_wconf 82' lang='grc' dir='ltr'>τὰ</span> <span class='ocrx_word' id='word_1_486' title='bbox 1426 3578 1669 3647; x_wconf 80' lang='grc' dir='ltr'>ἡμέτερα</span> <span class='ocrx_word' id='word_1_487' title='bbox 1724 3575 1949 3645; x_wconf 85' lang='grc' dir='ltr'>σώματα</span> 
     </span>
    </p>
   </div>
   <div class='ocr_carea' id='block_1_66' title="bbox 372 3668 1947 3745">
    <p class='ocr_par' dir='ltr' id='par_1_66' title="bbox 372 3668 1947 3745">
     <span class='ocr_line' id='line_1_66' title="bbox 372 3668 1947 3745; baseline -0.005 -17"><span class='ocrx_word' id='word_1_488' title='bbox 372 3675 672 3745; x_wconf 81' lang='grc' dir='ltr'>σύμμορφα</span> <span class='ocrx_word' id='word_1_489' title='bbox 696 3672 915 3725; x_wconf 77' lang='grc' dir='ltr'>ἔσεσθαι</span> <span class='ocrx_word' id='word_1_490' title='bbox 938 3672 1128 3741; x_wconf 85' lang='grc' dir='ltr'>ἐκείνῳ</span> <span class='ocrx_word' id='word_1_491' title='bbox 1153 3670 1230 3740; x_wconf 82' lang='grc' dir='ltr'>τῷ</span> <span class='ocrx_word' id='word_1_492' title='bbox 1253 3669 1463 3740; x_wconf 85' lang='grc' dir='ltr'>σώματι</span> <span class='ocrx_word' id='word_1_493' title='bbox 1491 3668 1734 3722; x_wconf 86' lang='grc' dir='ltr'>ἐδίδασκε</span> <span class='ocrx_word' id='word_1_494' title='bbox 1756 3668 1947 3735; x_wconf 86' lang='grc' dir='ltr'>λέγων,</span> 
     </span>
    </p>
   </div>
   <div class='ocr_carea' id='block_1_67' title="bbox 375 3757 1951 3836">
    <p class='ocr_par' dir='ltr' id='par_1_67' title="bbox 375 3757 1951 3836">
     <span class='ocr_line' id='line_1_67' title="bbox 375 3757 1951 3836; baseline -0.008 -13"><span class='ocrx_word' id='word_1_495' title='bbox 375 3766 485 3832; x_wconf 76' lang='grc' dir='ltr'><strong>’Ὃς</strong></span> <span class='ocrx_word' id='word_1_496' title='bbox 516 3766 628 3836; x_wconf 74' lang='grc'>(75)</span> <span class='ocrx_word' id='word_1_497' title='bbox 664 3764 1145 3833; x_wconf 81' lang='grc' dir='ltr'>μετεσχημάτισε</span> <span class='ocrx_word' id='word_1_498' title='bbox 1188 3762 1251 3815; x_wconf 83' lang='grc' dir='ltr'>τὸ</span> <span class='ocrx_word' id='word_1_499' title='bbox 1304 3760 1477 3829; x_wconf 84' lang='grc' dir='ltr'>σῶμα</span> <span class='ocrx_word' id='word_1_500' title='bbox 1514 3759 1622 3827; x_wconf 79' lang='grc' dir='ltr'>τῆς</span> <span class='ocrx_word' id='word_1_501' title='bbox 1672 3757 1951 3812; x_wconf 79' lang='grc' dir='ltr'>ταπεινώ-</span> 
     </span>
    </p>
   </div>
   <div class='ocr_carea' id='block_1_68' title="bbox 370 3850 1952 3925">
    <p class='ocr_par' dir='ltr' id='par_1_68' title="bbox 370 3850 1952 3925">
     <span class='ocr_line' id='line_1_68' title="bbox 370 3850 1952 3925; baseline -0.003 -16"><span class='ocrx_word' id='word_1_502' title='bbox 370 3872 526 3923; x_wconf 83' lang='grc' dir='ltr'>σεως</span> <span class='ocrx_word' id='word_1_503' title='bbox 557 3854 724 3925; x_wconf 75' lang='grc' dir='ltr'>ἡμῶν</span> <span class='ocrx_word' id='word_1_504' title='bbox 752 3857 1107 3924; x_wconf 64' lang='grc' dir='ltr'>σύμμορφον</span> <span class='ocrx_word' id='word_1_505' title='bbox 1135 3853 1212 3919; x_wconf 84' lang='grc' dir='ltr'>τῷ</span> <span class='ocrx_word' id='word_1_506' title='bbox 1240 3853 1465 3922; x_wconf 85' lang='grc' dir='ltr'>σώματι</span> <span class='ocrx_word' id='word_1_507' title='bbox 1494 3850 1599 3917; x_wconf 85' lang='grc' dir='ltr'>τῆς</span> <span class='ocrx_word' id='word_1_508' title='bbox 1630 3852 1810 3919; x_wconf 77' lang='grc' dir='ltr'>δόξης</span> <span class='ocrx_word' id='word_1_509' title='bbox 1850 3854 1952 3905; x_wconf 80' lang='grc' dir='ltr'><strong>αὺ-</strong></span> 
     </span>
    </p>
   </div>
   <div class='ocr_carea' id='block_1_69' title="bbox 373 3941 1953 4017">
    <p class='ocr_par' dir='ltr' id='par_1_69' title="bbox 373 3941 1953 4017">
     <span class='ocr_line' id='line_1_69' title="bbox 373 3941 1953 4017; baseline -0.005 -16"><span class='ocrx_word' id='word_1_510' title='bbox 373 3950 512 4003; x_wconf 86' lang='grc' dir='ltr'>τοῦ·</span> <span class='ocrx_word' id='word_1_511' title='bbox 551 3947 665 4001; x_wconf 85' lang='grc' dir='ltr'>ἀλλ’</span> <span class='ocrx_word' id='word_1_512' title='bbox 711 3948 832 3999; x_wconf 80' lang='grc' dir='ltr'>οὐδὲ</span> <span class='ocrx_word' id='word_1_513' title='bbox 877 3950 1075 4017; x_wconf 83' lang='grc' dir='ltr'>νοήσας</span> <span class='ocrx_word' id='word_1_514' title='bbox 1118 3946 1223 3998; x_wconf 86' lang='grc' dir='ltr'>τίνι</span> <span class='ocrx_word' id='word_1_515' title='bbox 1256 3945 1444 4015; x_wconf 85' lang='grc' dir='ltr'>τρόπῳ</span> <span class='ocrx_word' id='word_1_516' title='bbox 1478 3941 1953 4013; x_wconf 78' lang='grc' dir='ltr'>καταποθήσεσθαι</span> 
     </span>
    </p>
   </div>
   <div class='ocr_carea' id='block_1_70' title="bbox 373 4034 1951 4111">
    <p class='ocr_par' dir='ltr' id='par_1_70' title="bbox 373 4034 1951 4111">
     <span class='ocr_line' id='line_1_70' title="bbox 373 4034 1951 4111; baseline -0.006 -18"><span class='ocrx_word' id='word_1_517' title='bbox 373 4041 434 4093; x_wconf 79' lang='grc' dir='ltr'>τὸ</span> <span class='ocrx_word' id='word_1_518' title='bbox 464 4041 653 4111; x_wconf 77' lang='grc' dir='ltr'>θνητὸν</span> <span class='ocrx_word' id='word_1_519' title='bbox 689 4039 793 4090; x_wconf 85' lang='grc' dir='ltr'><strong>ὑπό</strong></span> <span class='ocrx_word' id='word_1_520' title='bbox 826 4038 923 4106; x_wconf 77' lang='grc' dir='ltr'>τῆς</span> <span class='ocrx_word' id='word_1_521' title='bbox 958 4036 1103 4106; x_wconf 78' lang='grc' dir='ltr'>ζωῆς</span> <span class='ocrx_word' id='word_1_522' title='bbox 1132 4036 1242 4105; x_wconf 84' lang='grc'>(76)</span> <span class='ocrx_word' id='word_1_523' title='bbox 1268 4074 1281 4097; x_wconf 92' lang='grc'><strong>,</strong></span> <span class='ocrx_word' id='word_1_524' title='bbox 1312 4035 1519 4105; x_wconf 74' lang='grc' dir='ltr'>ἔγραφε</span> <span class='ocrx_word' id='word_1_525' title='bbox 1550 4034 1793 4104; x_wconf 79' lang='grc' dir='ltr'>φάσκων,</span> <span class='ocrx_word' id='word_1_526' title='bbox 1836 4035 1951 4101; x_wconf 68' lang='grc' dir='ltr'><strong>Ἐφ’</strong></span> 
     </span>
    </p>
   </div>
   <div class='ocr_carea' id='block_1_71' title="bbox 374 4122 1953 4198">
    <p class='ocr_par' dir='ltr' id='par_1_71' title="bbox 374 4122 1953 4198">
     <span class='ocr_line' id='line_1_71' title="bbox 374 4122 1953 4198; baseline -0.007 -12"><span class='ocrx_word' id='word_1_527' title='bbox 374 4125 423 4197; x_wconf 85' lang='grc' dir='ltr'>ᾧ</span> <span class='ocrx_word' id='word_1_528' title='bbox 447 4134 517 4186; x_wconf 90' lang='grc' dir='ltr'>οὺ</span> <span class='ocrx_word' id='word_1_529' title='bbox 546 4130 799 4198; x_wconf 81' lang='grc' dir='ltr'>θέλομεν</span> <span class='ocrx_word' id='word_1_530' title='bbox 823 4128 1218 4186; x_wconf 81' lang='grc' dir='ltr'>ἐκδύσασθαι.</span> <span class='ocrx_word' id='word_1_531' title='bbox 1260 4126 1373 4195; x_wconf 85' lang='grc'>(77)</span> <span class='ocrx_word' id='word_1_532' title='bbox 1407 4127 1506 4177; x_wconf 76' lang='grc' dir='ltr'>ἵνα</span> <span class='ocrx_word' id='word_1_533' title='bbox 1536 4122 1845 4190; x_wconf 74' lang='grc' dir='ltr'>καταποθῇ</span> <span class='ocrx_word' id='word_1_534' title='bbox 1887 4124 1953 4175; x_wconf 82' lang='grc' dir='ltr'><strong>τό</strong></span> 
     </span>
    </p>
   </div>
   <div class='ocr_carea' id='block_1_72' title="bbox 376 4215 1954 4291">
    <p class='ocr_par' dir='ltr' id='par_1_72' title="bbox 376 4215 1954 4291">
     <span class='ocr_line' id='line_1_72' title="bbox 376 4215 1954 4291; baseline -0.007 -14"><span class='ocrx_word' id='word_1_535' title='bbox 376 4223 598 4291; x_wconf 84' lang='grc' dir='ltr'>θνητὸν</span> <span class='ocrx_word' id='word_1_536' title='bbox 628 4222 742 4276; x_wconf 78' lang='grc' dir='ltr'><strong>ὑπὸ</strong></span> <span class='ocrx_word' id='word_1_537' title='bbox 778 4220 886 4287; x_wconf 80' lang='grc' dir='ltr'>τῆς</span> <span class='ocrx_word' id='word_1_538' title='bbox 920 4218 1104 4287; x_wconf 77' lang='grc' dir='ltr'>ζωῆς·</span> <span class='ocrx_word' id='word_1_539' title='bbox 1135 4217 1341 4271; x_wconf 85' lang='grc' dir='ltr'>τούτων</span> <span class='ocrx_word' id='word_1_540' title='bbox 1390 4215 1619 4285; x_wconf 83' lang='grc' dir='ltr'>ἀμαθῶς</span> <span class='ocrx_word' id='word_1_541' title='bbox 1671 4215 1829 4284; x_wconf 76' lang='grc' dir='ltr'>ἔχων,</span> <span class='ocrx_word' id='word_1_542' title='bbox 1864 4215 1954 4267; x_wconf 82' lang='grc' dir='ltr'><strong>τὸν</strong></span> 
     </span>
    </p>
   </div>
   <div class='ocr_carea' id='block_1_73' title="bbox 381 4304 1954 4387">
    <p class='ocr_par' dir='ltr' id='par_1_73' title="bbox 381 4304 1954 4387">
     <span class='ocr_line' id='line_1_73' title="bbox 381 4304 1954 4387; baseline -0.008 -19"><span class='ocrx_word' id='word_1_543' title='bbox 381 4316 479 4387; x_wconf 78' lang='grc' dir='ltr'><strong>μὲν</strong></span> <span class='ocrx_word' id='word_1_544' title='bbox 516 4315 689 4379; x_wconf 85' lang='grc' dir='ltr'>Λόγον</span> <span class='ocrx_word' id='word_1_545' title='bbox 716 4311 1119 4365; x_wconf 73' lang='grc' dir='ltr'>διαϐεϐαιοῦται</span> <span class='ocrx_word' id='word_1_546' title='bbox 1154 4310 1209 4362; x_wconf 85' lang='grc' dir='ltr'><strong>ἒν</strong></span> <span class='ocrx_word' id='word_1_547' title='bbox 1241 4313 1333 4361; x_wconf 71' lang='grc' dir='ltr'><strong>καὶ</strong></span> <span class='ocrx_word' id='word_1_548' title='bbox 1359 4308 1553 4363; x_wconf 84' lang='grc' dir='ltr'>ταύτὸν</span> <span class='ocrx_word' id='word_1_549' title='bbox 1589 4306 1701 4377; x_wconf 88' lang='grc'>(78)</span> <span class='ocrx_word' id='word_1_550' title='bbox 1739 4304 1954 4375; x_wconf 81' lang='grc' dir='ltr'>μέλλειν</span> 
     </span>
    </p>
   </div>
   <div class='ocr_carea' id='block_1_74' title="bbox 376 4392 1955 4474">
    <p class='ocr_par' dir='ltr' id='par_1_74' title="bbox 376 4392 1955 4474">
     <span class='ocr_line' id='line_1_74' title="bbox 376 4392 1955 4474; baseline -0.007 -16"><span class='ocrx_word' id='word_1_551' title='bbox 376 4404 657 4474; x_wconf 88' lang='grc' dir='ltr'>γίγνεσθαι</span> <span class='ocrx_word' id='word_1_552' title='bbox 701 4403 777 4473; x_wconf 82' lang='grc' dir='ltr'>τῷ</span> <span class='ocrx_word' id='word_1_553' title='bbox 812 4402 949 4472; x_wconf 83' lang='grc' dir='ltr'>Θεῷ,</span> <span class='ocrx_word' id='word_1_554' title='bbox 996 4403 1186 4472; x_wconf 82' lang='grc' dir='ltr'>ὣσπερ</span> <span class='ocrx_word' id='word_1_555' title='bbox 1225 4402 1317 4453; x_wconf 66' lang='grc' dir='ltr'>καὶ</span> <span class='ocrx_word' id='word_1_556' title='bbox 1362 4400 1627 4469; x_wconf 80' lang='grc' dir='ltr'>πρότερον</span> <span class='ocrx_word' id='word_1_557' title='bbox 1653 4392 1740 4467; x_wconf 82' lang='grc' dir='ltr'>ἦν,</span> <span class='ocrx_word' id='word_1_558' title='bbox 1771 4398 1869 4467; x_wconf 84' lang='grc' dir='ltr'>τὴν</span> <span class='ocrx_word' id='word_1_559' title='bbox 1899 4397 1955 4451; x_wconf 82' lang='grc' dir='ltr'><strong>δὲ</strong></span> 
     </span>
    </p>
   </div>
   <div class='ocr_carea' id='block_1_75' title="bbox 381 4484 1955 4567">
    <p class='ocr_par' dir='ltr' id='par_1_75' title="bbox 381 4484 1955 4567">
     <span class='ocr_line' id='line_1_75' title="bbox 381 4484 1955 4567; baseline -0.008 -15"><span class='ocrx_word' id='word_1_560' title='bbox 381 4500 579 4567; x_wconf 80' lang='grc' dir='ltr'>σάρκα,</span> <span class='ocrx_word' id='word_1_561' title='bbox 611 4495 1058 4563; x_wconf 69' lang='grc' dir='ltr'>καταλειφθεῖσαν</span> <span class='ocrx_word' id='word_1_562' title='bbox 1093 4492 1196 4545; x_wconf 86' lang='grc' dir='ltr'><strong>ὑπὸ</strong></span> <span class='ocrx_word' id='word_1_563' title='bbox 1218 4491 1311 4543; x_wconf 81' lang='grc' dir='ltr'>τοῦ</span> <span class='ocrx_word' id='word_1_564' title='bbox 1350 4491 1547 4558; x_wconf 84' lang='grc' dir='ltr'>Λόγου,</span> <span class='ocrx_word' id='word_1_565' title='bbox 1576 4490 1676 4541; x_wconf 82' lang='grc' dir='ltr'><strong>οὐκ</strong></span> <span class='ocrx_word' id='word_1_566' title='bbox 1709 4484 1803 4541; x_wconf 79' lang='grc' dir='ltr'>οἶδ·</span> <span class='ocrx_word' id='word_1_567' title='bbox 1852 4489 1879 4540; x_wconf 86' lang='grc' dir='ltr'><strong>ὃ</strong></span> <span class='ocrx_word' id='word_1_568' title='bbox 1904 4505 1955 4540; x_wconf 89' lang='grc' dir='ltr'><strong>τι</strong></span> 
     </span>
    </p>
   </div>
   <div class='ocr_carea' id='block_1_76' title="bbox 379 4577 1960 4658">
    <p class='ocr_par' dir='ltr' id='par_1_76' title="bbox 379 4577 1960 4658">
     <span class='ocr_line' id='line_1_76' title="bbox 379 4577 1960 4658; baseline -0.007 -17"><span class='ocrx_word' id='word_1_569' title='bbox 379 4590 511 4643; x_wconf 87' lang='grc' dir='ltr'>ποτὲ</span> <span class='ocrx_word' id='word_1_570' title='bbox 566 4586 910 4658; x_wconf 81' lang='grc' dir='ltr'>γενήσεσθαι.</span> <span class='ocrx_word' id='word_1_571' title='bbox 971 4585 1303 4637; x_wconf 86' lang='grc' dir='ltr'>Ἐπάκουσον</span> <span class='ocrx_word' id='word_1_572' title='bbox 1355 4580 1399 4633; x_wconf 79' lang='grc' dir='ltr'>δ’</span> <span class='ocrx_word' id='word_1_573' title='bbox 1446 4577 1538 4634; x_wconf 83' lang='grc' dir='ltr'><strong>οὖν</strong></span> <span class='ocrx_word' id='word_1_574' title='bbox 1594 4581 1741 4640; x_wconf 81' lang='grc' dir='ltr'>ὅπως</span> <span class='ocrx_word' id='word_1_575' title='bbox 1785 4577 1960 4631; x_wconf 86' lang='grc' dir='ltr'>ταῦτά</span> 
     </span>
    </p>
   </div>
   <div class='ocr_carea' id='block_1_77' title="bbox 380 4670 1959 4750">
    <p class='ocr_par' dir='ltr' id='par_1_77' title="bbox 380 4670 1959 4750">
     <span class='ocr_line' id='line_1_77' title="bbox 380 4670 1959 4750; baseline -0.007 -18"><span class='ocrx_word' id='word_1_576' title='bbox 380 4696 580 4750; x_wconf 81' lang='grc' dir='ltr'>φησιν·</span> <span class='ocrx_word' id='word_1_577' title='bbox 620 4699 636 4729; x_wconf 83' lang='grc' dir='ltr'><strong>ι</strong></span> <span class='ocrx_word' id='word_1_578' title='bbox 680 4679 740 4729; x_wconf 86' lang='grc' dir='ltr'><strong>Εἰ</strong></span> <span class='ocrx_word' id='word_1_579' title='bbox 769 4677 823 4729; x_wconf 82' lang='grc' dir='ltr'>δέ</span> <span class='ocrx_word' id='word_1_580' title='bbox 856 4694 939 4739; x_wconf 73' lang='grc' dir='ltr'><strong>τις</strong></span> <span class='ocrx_word' id='word_1_581' title='bbox 980 4676 1108 4745; x_wconf 82' lang='grc' dir='ltr'>περὶ</span> <span class='ocrx_word' id='word_1_582' title='bbox 1148 4675 1243 4744; x_wconf 82' lang='grc' dir='ltr'>τῆς</span> <span class='ocrx_word' id='word_1_583' title='bbox 1281 4672 1483 4744; x_wconf 82' lang='grc' dir='ltr'>σαρκὸς</span> <span class='ocrx_word' id='word_1_584' title='bbox 1521 4671 1722 4740; x_wconf 84' lang='grc' dir='ltr'>ταύτης</span> <span class='ocrx_word' id='word_1_585' title='bbox 1765 4670 1865 4743; x_wconf 80' lang='grc' dir='ltr'><strong>τῆς</strong></span> <span class='ocrx_word' id='word_1_586' title='bbox 1902 4670 1959 4721; x_wconf 83' lang='grc' dir='ltr'><strong>ἐν</strong></span> 
     </span>
    </p>
   </div>
   <div class='ocr_carea' id='block_1_78' title="bbox 384 4761 1951 4843">
    <p class='ocr_par' dir='ltr' id='par_1_78' title="bbox 384 4761 1951 4843">
     <span class='ocr_line' id='line_1_78' title="bbox 384 4761 1951 4843; baseline -0.008 -19"><span class='ocrx_word' id='word_1_587' title='bbox 384 4793 403 4824; x_wconf 75' lang='grc' dir='ltr'><strong>ι</strong></span> <span class='ocrx_word' id='word_1_588' title='bbox 445 4771 524 4843; x_wconf 82' lang='grc' dir='ltr'>τῷ</span> <span class='ocrx_word' id='word_1_589' title='bbox 556 4771 712 4839; x_wconf 83' lang='grc' dir='ltr'><strong>Λόγῳ</strong></span> <span class='ocrx_word' id='word_1_590' title='bbox 740 4768 1005 4822; x_wconf 76' lang='grc' dir='ltr'>ἀθανάτου</span> <span class='ocrx_word' id='word_1_591' title='bbox 1037 4765 1322 4834; x_wconf 85' lang='grc' dir='ltr'>γεγονυίας</span> <span class='ocrx_word' id='word_1_592' title='bbox 1370 4764 1708 4824; x_wconf 88' lang='grc' dir='ltr'>πυνθάνοιτο,</span> <span class='ocrx_word' id='word_1_593' title='bbox 1763 4761 1815 4813; x_wconf 93' lang='grc' dir='ltr'><strong>τί</strong></span> <span class='ocrx_word' id='word_1_594' title='bbox 1856 4778 1951 4827; x_wconf 83' lang='grc' dir='ltr'><strong>φα·</strong></span> 
     </span>
    </p>
   </div>
   <div class='ocr_carea' id='block_1_79' title="bbox 385 4853 1962 4935">
    <p class='ocr_par' dir='ltr' id='par_1_79' title="bbox 385 4853 1962 4935">
     <span class='ocr_line' id='line_1_79' title="bbox 385 4853 1962 4935; baseline -0.007 -20"><span class='ocrx_word' id='word_1_595' title='bbox 385 4884 404 4915; x_wconf 75' lang='grc' dir='ltr'><strong>ι</strong></span> <span class='ocrx_word' id='word_1_596' title='bbox 446 4881 543 4935; x_wconf 88' lang='grc' dir='ltr'><strong>μεν</strong></span> <span class='ocrx_word' id='word_1_597' title='bbox 588 4862 701 4932; x_wconf 88' lang='lat'><strong>(79)</strong></span> <span class='ocrx_word' id='word_1_598' title='bbox 742 4861 877 4929; x_wconf 76' lang='grc' dir='ltr'>πρὸς</span> <span class='ocrx_word' id='word_1_599' title='bbox 935 4859 1096 4911; x_wconf 78' lang='grc' dir='ltr'>αὐτόν</span> <span class='ocrx_word' id='word_1_600' title='bbox 1125 4874 1138 4921; x_wconf 90' lang='lat'>;</span> <span class='ocrx_word' id='word_1_601' title='bbox 1165 4860 1247 4909; x_wconf 83' lang='grc' dir='ltr'><strong>ὅτι</strong></span> <span class='ocrx_word' id='word_1_602' title='bbox 1293 4853 1643 4928; x_wconf 76' lang='grc' dir='ltr'>δογματίζειν</span> <span class='ocrx_word' id='word_1_603' title='bbox 1675 4853 1773 4924; x_wconf 84' lang='grc' dir='ltr'>μὲν</span> <span class='ocrx_word' id='word_1_604' title='bbox 1803 4855 1962 4923; x_wconf 80' lang='grc' dir='ltr'>ἡμεῖς</span> 
     </span>
    </p>
   </div>
   <div class='ocr_carea' id='block_1_80' title="bbox 386 4944 1964 5025">
    <p class='ocr_par' dir='ltr' id='par_1_80' title="bbox 386 4944 1964 5025">
     <span class='ocr_line' id='line_1_80' title="bbox 386 4944 1964 5025; baseline -0.008 -17"><span class='ocrx_word' id='word_1_605' title='bbox 386 4975 405 5007; x_wconf 70' lang='grc' dir='ltr'><strong>ι</strong></span> <span class='ocrx_word' id='word_1_606' title='bbox 450 4955 577 5025; x_wconf 69' lang='grc' dir='ltr'>περ).</span> <span class='ocrx_word' id='word_1_607' title='bbox 609 4954 714 5006; x_wconf 84' lang='grc' dir='ltr'><strong>τῶν</strong></span> <span class='ocrx_word' id='word_1_608' title='bbox 750 4952 823 5023; x_wconf 86' lang='grc' dir='ltr'>μὴ</span> <span class='ocrx_word' id='word_1_609' title='bbox 849 4950 1092 5021; x_wconf 77' lang='grc' dir='ltr'>ἀκριϐῶς</span> <span class='ocrx_word' id='word_1_610' title='bbox 1147 4948 1275 5017; x_wconf 79' lang='grc' dir='ltr'>περὶ</span> <span class='ocrx_word' id='word_1_611' title='bbox 1306 4946 1414 4999; x_wconf 85' lang='grc' dir='ltr'><strong>τῶν</strong></span> <span class='ocrx_word' id='word_1_612' title='bbox 1443 4946 1601 4999; x_wconf 88' lang='grc' dir='ltr'>θεῖων</span> <span class='ocrx_word' id='word_1_613' title='bbox 1642 4944 1964 5016; x_wconf 83' lang='grc' dir='ltr'>μεμαθήκα-</span> 
     </span>
    </p>
   </div>
   <div class='ocr_carea' id='block_1_81' title="bbox 2052 3306 3621 3379">
    <p class='ocr_par' dir='ltr' id='par_1_81' title="bbox 2052 3306 3621 3379">
     <span class='ocr_line' id='line_1_81' title="bbox 2052 3306 3621 3379; baseline 0.004 -20"><span class='ocrx_word' id='word_1_614' title='bbox 2052 3322 2203 3360; x_wconf 83' lang='lat' dir='ltr'><strong>sacra</strong></span> <span class='ocrx_word' id='word_1_615' title='bbox 2237 3306 2539 3375; x_wconf 82' lang='lat' dir='ltr'><strong>Scriptura,</strong></span> <span class='ocrx_word' id='word_1_616' title='bbox 2572 3310 2707 3361; x_wconf 84' lang='lat' dir='ltr'><strong>sicut</strong></span> <span class='ocrx_word' id='word_1_617' title='bbox 2736 3310 2812 3361; x_wconf 89' lang='lat' dir='ltr'><strong>sol</strong></span> <span class='ocrx_word' id='word_1_618' title='bbox 2843 3322 2863 3359; x_wconf 87' lang='lat'><strong><em>:</em></strong></span> <span class='ocrx_word' id='word_1_619' title='bbox 2909 3321 2956 3363; x_wconf 86' lang='lat' dir='ltr'><strong>et</strong></span> <span class='ocrx_word' id='word_1_620' title='bbox 2998 3312 3304 3364; x_wconf 84' lang='lat' dir='ltr'><strong>vestimenta</strong></span> <span class='ocrx_word' id='word_1_621' title='bbox 3337 3314 3451 3379; x_wconf 82' lang='lat' dir='ltr'><strong>ejus</strong></span> <span class='ocrx_word' id='word_1_622' title='bbox 3497 3312 3621 3365; x_wconf 70' lang='lat' dir='ltr'><strong>alba</strong></span> 
     </span>
    </p>
   </div>
   <div class='ocr_carea' id='block_1_82' title="bbox 2051 3397 3621 3471">
    <p class='ocr_par' dir='ltr' id='par_1_82' title="bbox 2051 3397 3621 3471">
     <span class='ocr_line' id='line_1_82' title="bbox 2051 3397 3621 3471; baseline 0.003 -21"><span class='ocrx_word' id='word_1_623' title='bbox 2051 3399 2185 3450; x_wconf 75' lang='lat' dir='ltr'><strong>sicut</strong></span> <span class='ocrx_word' id='word_1_624' title='bbox 2215 3400 2306 3450; x_wconf 78' lang='lat' dir='ltr'><strong>nia:</strong></span> <span class='ocrx_word' id='word_1_625' title='bbox 2330 3397 2398 3452; x_wconf 70' lang='grc'><strong>³⁷.</strong></span> <span class='ocrx_word' id='word_1_626' title='bbox 2429 3397 2539 3451; x_wconf 85' lang='lat' dir='ltr'><strong>Nec</strong></span> <span class='ocrx_word' id='word_1_627' title='bbox 2585 3399 2846 3453; x_wconf 78' lang='lat' dir='ltr'><strong>intellexit</strong></span> <span class='ocrx_word' id='word_1_628' title='bbox 2886 3400 3172 3469; x_wconf 89' lang='lat' dir='ltr'><strong>qualeuam</strong></span> <span class='ocrx_word' id='word_1_629' title='bbox 3204 3417 3403 3470; x_wconf 89' lang='lat' dir='ltr'><strong>corpus</strong></span> <span class='ocrx_word' id='word_1_630' title='bbox 3436 3401 3621 3471; x_wconf 66' lang='lat' dir='ltr'><strong>gloria</strong></span> 
     </span>
    </p>
   </div>
   <div class='ocr_carea' id='block_1_83' title="bbox 2051 3484 3621 3558">
    <p class='ocr_par' dir='ltr' id='par_1_83' title="bbox 2051 3484 3621 3558">
     <span class='ocr_line' id='line_1_83' title="bbox 2051 3484 3621 3558; baseline 0.004 -20"><span class='ocrx_word' id='word_1_631' title='bbox 2051 3484 2251 3538; x_wconf 85' lang='lat' dir='ltr'><strong>Christi</strong></span> <span class='ocrx_word' id='word_1_632' title='bbox 2285 3485 2421 3538; x_wconf 83' lang='lat' dir='ltr'><strong>dixit</strong></span> <span class='ocrx_word' id='word_1_633' title='bbox 2449 3487 2776 3553; x_wconf 87' lang='lat' dir='ltr'><strong>Apostolus:</strong></span> <span class='ocrx_word' id='word_1_634' title='bbox 2831 3499 2943 3549; x_wconf 89' lang='lat' dir='ltr'><strong>aut,</strong></span> <span class='ocrx_word' id='word_1_635' title='bbox 2974 3491 3115 3558; x_wconf 89' lang='lat' dir='ltr'><strong>quod</strong></span> <span class='ocrx_word' id='word_1_636' title='bbox 3157 3499 3341 3545; x_wconf 79' lang='lat' dir='ltr'><strong>ucstra</strong></span> <span class='ocrx_word' id='word_1_637' title='bbox 3391 3505 3621 3558; x_wconf 79' lang='lat' dir='ltr'><strong>corpora</strong></span> 
     </span>
    </p>
   </div>
   <div class='ocr_carea' id='block_1_84' title="bbox 2052 3577 3623 3651">
    <p class='ocr_par' dir='ltr' id='par_1_84' title="bbox 2052 3577 3623 3651">
     <span class='ocr_line' id='line_1_84' title="bbox 2052 3577 3623 3651; baseline 0.005 -22"><span class='ocrx_word' id='word_1_638' title='bbox 2052 3577 2231 3629; x_wconf 83' lang='lat' dir='ltr'><strong>futura</strong></span> <span class='ocrx_word' id='word_1_639' title='bbox 2270 3579 2377 3631; x_wconf 89' lang='lat' dir='ltr'><strong>sint</strong></span> <span class='ocrx_word' id='word_1_640' title='bbox 2407 3578 2702 3633; x_wconf 83' lang='lat' dir='ltr'><strong>conlormia</strong></span> <span class='ocrx_word' id='word_1_641' title='bbox 2752 3581 2870 3649; x_wconf 87' lang='lat' dir='ltr'><strong>ejus</strong></span> <span class='ocrx_word' id='word_1_642' title='bbox 2903 3582 3139 3650; x_wconf 87' lang='lat' dir='ltr'><strong>corpori,</strong></span> <span class='ocrx_word' id='word_1_643' title='bbox 3187 3583 3238 3635; x_wconf 89' lang='lat' dir='ltr'><strong>id</strong></span> <span class='ocrx_word' id='word_1_644' title='bbox 3283 3586 3424 3651; x_wconf 88' lang='lat' dir='ltr'><strong>quod</strong></span> <span class='ocrx_word' id='word_1_645' title='bbox 3463 3583 3623 3637; x_wconf 84' lang='lat' dir='ltr'><strong>docet</strong></span> 
     </span>
    </p>
   </div>
   <div class='ocr_carea' id='block_1_85' title="bbox 2053 3667 3620 3741">
    <p class='ocr_par' dir='ltr' id='par_1_85' title="bbox 2053 3667 3620 3741">
     <span class='ocr_line' id='line_1_85' title="bbox 2053 3667 3620 3741; baseline 0.007 -22"><span class='ocrx_word' id='word_1_646' title='bbox 2053 3667 2195 3721; x_wconf 91' lang='lat' dir='ltr'><strong>idem</strong></span> <span class='ocrx_word' id='word_1_647' title='bbox 2226 3669 2438 3725; x_wconf 88' lang='lat' dir='ltr'><strong>divinus</strong></span> <span class='ocrx_word' id='word_1_648' title='bbox 2465 3669 2564 3734; x_wconf 88' lang='lat' dir='ltr'><strong>vir,</strong></span> <span class='ocrx_word' id='word_1_649' title='bbox 2599 3672 2848 3741; x_wconf 83' lang='lat' dir='ltr'><strong>inquiens</strong></span> <span class='ocrx_word' id='word_1_650' title='bbox 2881 3690 2895 3727; x_wconf 90' lang='lat'><strong>:</strong></span> <span class='ocrx_word' id='word_1_651' title='bbox 2930 3672 3035 3737; x_wconf 85' lang='lat' dir='ltr'><strong>Qui</strong></span> <span class='ocrx_word' id='word_1_652' title='bbox 3062 3674 3461 3741; x_wconf 82' lang='lat' dir='ltr'><strong>transformabit</strong></span> <span class='ocrx_word' id='word_1_653' title='bbox 3499 3690 3620 3729; x_wconf 84' lang='lat' dir='ltr'><strong>cor-</strong></span> 
     </span>
    </p>
   </div>
   <div class='ocr_carea' id='block_1_86' title="bbox 2053 3758 3623 3834">
    <p class='ocr_par' dir='ltr' id='par_1_86' title="bbox 2053 3758 3623 3834">
     <span class='ocr_line' id='line_1_86' title="bbox 2053 3758 3623 3834; baseline 0.007 -26"><span class='ocrx_word' id='word_1_654' title='bbox 2053 3773 2149 3825; x_wconf 85' lang='lat' dir='ltr'><strong>pus</strong></span> <span class='ocrx_word' id='word_1_655' title='bbox 2184 3759 2281 3811; x_wconf 81' lang='lat' dir='ltr'><strong>IIoc</strong></span> <span class='ocrx_word' id='word_1_656' title='bbox 2310 3758 2628 3813; x_wconf 81' lang='lat' dir='ltr'><strong>humilitatis</strong></span> <span class='ocrx_word' id='word_1_657' title='bbox 2664 3771 2878 3827; x_wconf 66' lang='lat' dir='ltr'><strong>nostrae,</strong></span> <span class='ocrx_word' id='word_1_658' title='bbox 2908 3774 2962 3816; x_wconf 85' lang='lat' dir='ltr'><strong>ut</strong></span> <span class='ocrx_word' id='word_1_659' title='bbox 2996 3764 3263 3833; x_wconf 81' lang='lat' dir='ltr'><strong>conforme</strong></span> <span class='ocrx_word' id='word_1_660' title='bbox 3287 3764 3381 3833; x_wconf 78' lang='lat' dir='ltr'><strong>ﬁat</strong></span> <span class='ocrx_word' id='word_1_661' title='bbox 3414 3766 3623 3834; x_wconf 76' lang='lat' dir='ltr'><strong>corpori</strong></span> 
     </span>
    </p>
   </div>
   <div class='ocr_carea' id='block_1_87' title="bbox 2052 3848 3625 3922">
    <p class='ocr_par' dir='ltr' id='par_1_87' title="bbox 2052 3848 3625 3922">
     <span class='ocr_line' id='line_1_87' title="bbox 2052 3848 3625 3922; baseline 0.006 -24"><span class='ocrx_word' id='word_1_662' title='bbox 2052 3848 2237 3916; x_wconf 72' lang='lat' dir='ltr'><strong>gloria:</strong></span> <span class='ocrx_word' id='word_1_663' title='bbox 2265 3851 2430 3916; x_wconf 83' lang='lat' dir='ltr'><strong>ipsius</strong></span> <span class='ocrx_word' id='word_1_664' title='bbox 2474 3850 2541 3906; x_wconf 81' lang='grc'><strong>⁸⁸.</strong></span> <span class='ocrx_word' id='word_1_665' title='bbox 2603 3849 2712 3904; x_wconf 86' lang='lat' dir='ltr'><strong>Nec</strong></span> <span class='ocrx_word' id='word_1_666' title='bbox 2758 3853 3011 3920; x_wconf 82' lang='lat' dir='ltr'><strong>cognovit</strong></span> <span class='ocrx_word' id='word_1_667' title='bbox 3063 3868 3171 3922; x_wconf 85' lang='lat' dir='ltr'><strong>quo</strong></span> <span class='ocrx_word' id='word_1_668' title='bbox 3216 3854 3430 3906; x_wconf 86' lang='lat' dir='ltr'><strong>tandem</strong></span> <span class='ocrx_word' id='word_1_669' title='bbox 3464 3864 3625 3921; x_wconf 87' lang='lat' dir='ltr'><strong>pacto</strong></span> 
     </span>
    </p>
   </div>
   <div class='ocr_carea' id='block_1_88' title="bbox 2054 3940 3622 4011">
    <p class='ocr_par' dir='ltr' id='par_1_88' title="bbox 2054 3940 3622 4011">
     <span class='ocr_line' id='line_1_88' title="bbox 2054 3940 3622 4011; baseline 0.004 -19"><span class='ocrx_word' id='word_1_670' title='bbox 2054 3940 2434 4011; x_wconf 84' lang='lat' dir='ltr'><strong>ascribcndum</strong></span> <span class='ocrx_word' id='word_1_671' title='bbox 2470 3943 2575 3995; x_wconf 91' lang='lat' dir='ltr'><strong>erit</strong></span> <span class='ocrx_word' id='word_1_672' title='bbox 2612 3944 2841 3997; x_wconf 87' lang='lat' dir='ltr'><strong>mortale</strong></span> <span class='ocrx_word' id='word_1_673' title='bbox 2894 3944 3037 3998; x_wconf 89' lang='lat' dir='ltr'><strong>istud</strong></span> <span class='ocrx_word' id='word_1_674' title='bbox 3085 3945 3153 3999; x_wconf 85' lang='lat' dir='ltr'><strong>ab</strong></span> <span class='ocrx_word' id='word_1_675' title='bbox 3192 3945 3622 4011; x_wconf 80' lang='lat' dir='ltr'><strong>immortalitate,</strong></span> 
     </span>
    </p>
   </div>
   <div class='ocr_carea' id='block_1_89' title="bbox 2055 4033 3627 4107">
    <p class='ocr_par' dir='ltr' id='par_1_89' title="bbox 2055 4033 3627 4107">
     <span class='ocr_line' id='line_1_89' title="bbox 2055 4033 3627 4107; baseline 0.006 -24"><span class='ocrx_word' id='word_1_676' title='bbox 2055 4044 2114 4084; x_wconf 89' lang='lat' dir='ltr'><strong>ut</strong></span> <span class='ocrx_word' id='word_1_677' title='bbox 2148 4033 2225 4084; x_wconf 89' lang='lat' dir='ltr'><strong>ait</strong></span> <span class='ocrx_word' id='word_1_678' title='bbox 2258 4034 2419 4100; x_wconf 90' lang='lat' dir='ltr'><strong>idem,</strong></span> <span class='ocrx_word' id='word_1_679' title='bbox 2453 4033 2717 4089; x_wconf 84' lang='lat' dir='ltr'><strong>Nolumus</strong></span> <span class='ocrx_word' id='word_1_680' title='bbox 2756 4036 2847 4089; x_wconf 88' lang='lat' dir='ltr'><strong>illo</strong></span> <span class='ocrx_word' id='word_1_681' title='bbox 2878 4038 3167 4103; x_wconf 73' lang='lat' dir='ltr'><strong>exspoliari</strong></span> <span class='ocrx_word' id='word_1_682' title='bbox 3194 4055 3213 4101; x_wconf 84' lang='lat'><strong><em>;</em></strong></span> <span class='ocrx_word' id='word_1_683' title='bbox 3243 4040 3333 4091; x_wconf 80' lang='lat' dir='ltr'><strong>sed</strong></span> <span class='ocrx_word' id='word_1_684' title='bbox 3387 4055 3627 4107; x_wconf 76' lang='lat' dir='ltr'><strong>superre-</strong></span> 
     </span>
    </p>
   </div>
   <div class='ocr_carea' id='block_1_90' title="bbox 2054 4124 3627 4198">
    <p class='ocr_par' dir='ltr' id='par_1_90' title="bbox 2054 4124 3627 4198">
     <span class='ocr_line' id='line_1_90' title="bbox 2054 4124 3627 4198; baseline 0.004 -23"><span class='ocrx_word' id='word_1_685' title='bbox 2054 4124 2196 4188; x_wconf 74' lang='lat' dir='ltr'><strong>s‘tiri,</strong></span> <span class='ocrx_word' id='word_1_686' title='bbox 2222 4136 2274 4175; x_wconf 86' lang='lat' dir='ltr'><strong>ut</strong></span> <span class='ocrx_word' id='word_1_687' title='bbox 2302 4125 2642 4178; x_wconf 84' lang='lat' dir='ltr'><strong>absorbeatur</strong></span> <span class='ocrx_word' id='word_1_688' title='bbox 2663 4127 2758 4179; x_wconf 81' lang='lat' dir='ltr'><strong>hoc</strong></span> <span class='ocrx_word' id='word_1_689' title='bbox 2776 4128 3000 4182; x_wconf 76' lang='lat' dir='ltr'><strong>mortals</strong></span> <span class='ocrx_word' id='word_1_690' title='bbox 3031 4145 3063 4181; x_wconf 79' lang='grc' dir='ltr'><strong>ιι</strong></span> <span class='ocrx_word' id='word_1_691' title='bbox 3090 4130 3191 4183; x_wconf 80' lang='lat' dir='ltr'><strong>vita</strong></span> <span class='ocrx_word' id='word_1_692' title='bbox 3227 4129 3291 4181; x_wconf 78' lang='grc'><strong>⁸⁸.</strong></span> <span class='ocrx_word' id='word_1_693' title='bbox 3320 4126 3446 4183; x_wconf 65' lang='lat' dir='ltr'><strong>Hazc</strong></span> <span class='ocrx_word' id='word_1_694' title='bbox 3475 4127 3627 4198; x_wconf 83' lang='lat' dir='ltr'><strong>igno-</strong></span> 
     </span>
    </p>
   </div>
   <div class='ocr_carea' id='block_1_91' title="bbox 2059 4213 3625 4283">
    <p class='ocr_par' dir='ltr' id='par_1_91' title="bbox 2059 4213 3625 4283">
     <span class='ocr_line' id='line_1_91' title="bbox 2059 4213 3625 4283; baseline 0.003 -20"><span class='ocrx_word' id='word_1_695' title='bbox 2059 4227 2182 4265; x_wconf 90' lang='lat' dir='ltr'><strong>rans</strong></span> <span class='ocrx_word' id='word_1_696' title='bbox 2235 4214 2437 4277; x_wconf 89' lang='lat' dir='ltr'><strong>omnia,</strong></span> <span class='ocrx_word' id='word_1_697' title='bbox 2495 4213 2730 4268; x_wconf 90' lang='lat' dir='ltr'><strong>Verbum</strong></span> <span class='ocrx_word' id='word_1_698' title='bbox 2781 4216 2995 4283; x_wconf 86' lang='lat' dir='ltr'><strong>quidem</strong></span> <span class='ocrx_word' id='word_1_699' title='bbox 3050 4231 3360 4270; x_wconf 89' lang='lat' dir='ltr'><strong>mansurum</strong></span> <span class='ocrx_word' id='word_1_700' title='bbox 3419 4218 3625 4270; x_wconf 89' lang='lat' dir='ltr'><strong>unitqu</strong></span> 
     </span>
    </p>
   </div>
   <div class='ocr_carea' id='block_1_92' title="bbox 2058 4303 3625 4369">
    <p class='ocr_par' dir='ltr' id='par_1_92' title="bbox 2058 4303 3625 4369">
     <span class='ocr_line' id='line_1_92' title="bbox 2058 4303 3625 4369; baseline 0.004 -13"><span class='ocrx_word' id='word_1_701' title='bbox 2058 4303 2189 4367; x_wconf 75' lang='lat' dir='ltr'><strong>Deo,</strong></span> <span class='ocrx_word' id='word_1_702' title='bbox 2230 4306 2324 4369; x_wconf 86' lang='lat' dir='ltr'><strong>ait,</strong></span> <span class='ocrx_word' id='word_1_703' title='bbox 2360 4314 2420 4359; x_wconf 89' lang='lat' dir='ltr'><strong>ut</strong></span> <span class='ocrx_word' id='word_1_704' title='bbox 2442 4307 2568 4360; x_wconf 91' lang='lat' dir='ltr'><strong>olim</strong></span> <span class='ocrx_word' id='word_1_705' title='bbox 2603 4318 2721 4359; x_wconf 89' lang='lat' dir='ltr'><strong>erat</strong></span> <span class='ocrx_word' id='word_1_706' title='bbox 2761 4326 2775 4362; x_wconf 92' lang='lat'><strong>:</strong></span> <span class='ocrx_word' id='word_1_707' title='bbox 2822 4322 3038 4362; x_wconf 87' lang='lat' dir='ltr'><strong>carnem</strong></span> <span class='ocrx_word' id='word_1_708' title='bbox 3089 4322 3222 4361; x_wconf 89' lang='lat' dir='ltr'><strong>vero</strong></span> <span class='ocrx_word' id='word_1_709' title='bbox 3260 4323 3288 4360; x_wconf 86' lang='lat' dir='ltr'><strong>a</strong></span> <span class='ocrx_word' id='word_1_710' title='bbox 3329 4306 3505 4363; x_wconf 87' lang='lat' dir='ltr'><strong>Verbo</strong></span> <span class='ocrx_word' id='word_1_711' title='bbox 3531 4309 3625 4363; x_wconf 87' lang='lat' dir='ltr'><strong>de-</strong></span> 
     </span>
    </p>
   </div>
   <div class='ocr_carea' id='block_1_93' title="bbox 2060 4395 3628 4465">
    <p class='ocr_par' dir='ltr' id='par_1_93' title="bbox 2060 4395 3628 4465">
     <span class='ocr_line' id='line_1_93' title="bbox 2060 4395 3628 4465; baseline 0.004 -20"><span class='ocrx_word' id='word_1_712' title='bbox 2060 4395 2327 4461; x_wconf 86' lang='lat' dir='ltr'><strong>relictam,</strong></span> <span class='ocrx_word' id='word_1_713' title='bbox 2359 4398 2541 4450; x_wconf 86' lang='lat' dir='ltr'><strong>nescio</strong></span> <span class='ocrx_word' id='word_1_714' title='bbox 2571 4399 2719 4465; x_wconf 88' lang='lat' dir='ltr'><strong>quid,</strong></span> <span class='ocrx_word' id='word_1_715' title='bbox 2762 4408 2855 4450; x_wconf 89' lang='lat' dir='ltr'><strong>aut</strong></span> <span class='ocrx_word' id='word_1_716' title='bbox 2899 4398 2988 4451; x_wconf 93' lang='lat' dir='ltr'><strong>ubi</strong></span> <span class='ocrx_word' id='word_1_717' title='bbox 3042 4398 3299 4451; x_wconf 83' lang='lat' dir='ltr'><strong>futuram.</strong></span> <span class='ocrx_word' id='word_1_718' title='bbox 3331 4400 3465 4451; x_wconf 80' lang='lat' dir='ltr'><strong>Audi</strong></span> <span class='ocrx_word' id='word_1_719' title='bbox 3499 4415 3628 4452; x_wconf 83' lang='lat' dir='ltr'><strong>vero</strong></span> 
     </span>
    </p>
   </div>
   <div class='ocr_carea' id='block_1_94' title="bbox 1991 4486 3630 4589">
    <p class='ocr_par' dir='ltr' id='par_1_94' title="bbox 1991 4486 3630 4589">
     <span class='ocr_line' id='line_1_94' title="bbox 1991 4486 3630 4589; baseline 0.004 -54"><span class='ocrx_word' id='word_1_720' title='bbox 1991 4533 2033 4589; x_wconf 77' lang='lat' dir='ltr'><strong>D</strong></span> <span class='ocrx_word' id='word_1_721' title='bbox 2062 4496 2120 4536; x_wconf 89' lang='lat' dir='ltr'><strong>ut</strong></span> <span class='ocrx_word' id='word_1_722' title='bbox 2183 4486 2433 4553; x_wconf 83' lang='lat' dir='ltr'><strong>loquatur</strong></span> <span class='ocrx_word' id='word_1_723' title='bbox 2481 4486 2570 4558; x_wconf 81' lang='grc' dir='ltr'><strong>[Ιί.</strong></span> <span class='ocrx_word' id='word_1_724' title='bbox 2612 4487 2835 4559; x_wconf 80' lang='lat' dir='ltr'><strong>CVIII]:</strong></span> <span class='ocrx_word' id='word_1_725' title='bbox 2891 4507 2909 4539; x_wconf 82' lang='lat' dir='ltr'><strong>I</strong></span> <span class='ocrx_word' id='word_1_726' title='bbox 2958 4488 3107 4554; x_wconf 87' lang='lat' dir='ltr'><strong>Quod</strong></span> <span class='ocrx_word' id='word_1_727' title='bbox 3145 4489 3188 4542; x_wconf 89' lang='lat' dir='ltr'><strong>si</strong></span> <span class='ocrx_word' id='word_1_728' title='bbox 3226 4490 3496 4557; x_wconf 85' lang='lat' dir='ltr'><strong>quispiam</strong></span> <span class='ocrx_word' id='word_1_729' title='bbox 3564 4491 3630 4542; x_wconf 86' lang='lat' dir='ltr'><strong>de</strong></span> 
     </span>
    </p>
   </div>
   <div class='ocr_carea' id='block_1_95' title="bbox 2071 4578 3633 4649">
    <p class='ocr_par' dir='ltr' id='par_1_95' title="bbox 2071 4578 3633 4649">
     <span class='ocr_line' id='line_1_95' title="bbox 2071 4578 3633 4649; baseline 0.004 -22"><span class='ocrx_word' id='word_1_730' title='bbox 2071 4594 2088 4626; x_wconf 83' lang='lat' dir='ltr'><strong>I</strong></span> <span class='ocrx_word' id='word_1_731' title='bbox 2137 4590 2298 4628; x_wconf 86' lang='lat' dir='ltr'><strong>carne</strong></span> <span class='ocrx_word' id='word_1_732' title='bbox 2348 4578 2448 4631; x_wconf 90' lang='lat' dir='ltr'><strong>hac</strong></span> <span class='ocrx_word' id='word_1_733' title='bbox 2486 4581 2802 4649; x_wconf 76' lang='lat' dir='ltr'><strong>interroget,</strong></span> <span class='ocrx_word' id='word_1_734' title='bbox 2837 4595 2955 4648; x_wconf 68' lang='lat' dir='ltr'><strong>qum</strong></span> <span class='ocrx_word' id='word_1_735' title='bbox 3006 4582 3057 4633; x_wconf 91' lang='lat' dir='ltr'><strong>in</strong></span> <span class='ocrx_word' id='word_1_736' title='bbox 3096 4579 3268 4636; x_wconf 81' lang='lat' dir='ltr'><strong>Verbo</strong></span> <span class='ocrx_word' id='word_1_737' title='bbox 3302 4590 3385 4635; x_wconf 83' lang='lat' dir='ltr'><strong>est</strong></span> <span class='ocrx_word' id='word_1_738' title='bbox 3414 4583 3633 4634; x_wconf 89' lang='lat' dir='ltr'><strong>immor-</strong></span> 
     </span>
    </p>
   </div>
   <div class='ocr_carea' id='block_1_96' title="bbox 2072 4667 3632 4741">
    <p class='ocr_par' dir='ltr' id='par_1_96' title="bbox 2072 4667 3632 4741">
     <span class='ocr_line' id='line_1_96' title="bbox 2072 4667 3632 4741; baseline 0.005 -25"><span class='ocrx_word' id='word_1_739' title='bbox 2072 4684 2091 4716; x_wconf 76' lang='grc' dir='ltr'><strong>ι</strong></span> <span class='ocrx_word' id='word_1_740' title='bbox 2143 4667 2284 4729; x_wconf 89' lang='lat' dir='ltr'><strong>talis,</strong></span> <span class='ocrx_word' id='word_1_741' title='bbox 2316 4670 2445 4735; x_wconf 89' lang='lat' dir='ltr'><strong>quid</strong></span> <span class='ocrx_word' id='word_1_742' title='bbox 2495 4671 2816 4735; x_wconf 88' lang='lat' dir='ltr'><strong>sentiamus,</strong></span> <span class='ocrx_word' id='word_1_743' title='bbox 2850 4671 3113 4737; x_wconf 89' lang='lat' dir='ltr'><strong>dicemus,</strong></span> <span class='ocrx_word' id='word_1_744' title='bbox 3154 4673 3298 4741; x_wconf 86' lang='lat' dir='ltr'><strong>quod</strong></span> <span class='ocrx_word' id='word_1_745' title='bbox 3336 4682 3485 4726; x_wconf 89' lang='lat' dir='ltr'><strong>certo</strong></span> <span class='ocrx_word' id='word_1_746' title='bbox 3516 4680 3632 4725; x_wconf 85' lang='lat' dir='ltr'><strong>sta-</strong></span> 
     </span>
    </p>
   </div>
   <div class='ocr_carea' id='block_1_97' title="bbox 2073 4759 3634 4840">
    <p class='ocr_par' dir='ltr' id='par_1_97' title="bbox 2073 4759 3634 4840">
     <span class='ocr_line' id='line_1_97' title="bbox 2073 4759 3634 4840; baseline 0.005 -31"><span class='ocrx_word' id='word_1_747' title='bbox 2073 4777 2091 4809; x_wconf 78' lang='grc' dir='ltr'><strong>ι</strong></span> <span class='ocrx_word' id='word_1_748' title='bbox 2141 4769 2289 4811; x_wconf 90' lang='lat' dir='ltr'><strong>tuere</strong></span> <span class='ocrx_word' id='word_1_749' title='bbox 2317 4759 2370 4813; x_wconf 91' lang='lat' dir='ltr'><strong>in</strong></span> <span class='ocrx_word' id='word_1_750' title='bbox 2408 4770 2580 4813; x_wconf 88' lang='lat' dir='ltr'><strong>tututn</strong></span> <span class='ocrx_word' id='word_1_751' title='bbox 2608 4763 2939 4817; x_wconf 82' lang='lat' dir='ltr'><strong>arbitramur</strong></span> <span class='ocrx_word' id='word_1_752' title='bbox 2974 4763 3039 4817; x_wconf 82' lang='lat' dir='ltr'><strong>de</strong></span> <span class='ocrx_word' id='word_1_753' title='bbox 3089 4763 3265 4829; x_wconf 84' lang='lat' dir='ltr'><strong>rebus,</strong></span> <span class='ocrx_word' id='word_1_754' title='bbox 3308 4777 3443 4832; x_wconf 88' lang='lat' dir='ltr'><strong>quas</strong></span> <span class='ocrx_word' id='word_1_755' title='bbox 3477 4776 3507 4816; x_wconf 85' lang='lat' dir='ltr'><strong>e</strong></span> <span class='ocrx_word' id='word_1_756' title='bbox 3547 4780 3634 4840; x_wconf 68' lang='lat' dir='ltr'><strong>sa-</strong></span> 
     </span>
    </p>
   </div>
   <div class='ocr_carea' id='block_1_98' title="bbox 2077 4852 3631 4920">
    <p class='ocr_par' dir='ltr' id='par_1_98' title="bbox 2077 4852 3631 4920">
     <span class='ocr_line' id='line_1_98' title="bbox 2077 4852 3631 4920; baseline 0.003 -18"><span class='ocrx_word' id='word_1_757' title='bbox 2077 4870 2094 4902; x_wconf 83' lang='grc' dir='ltr'><strong>ι</strong></span> <span class='ocrx_word' id='word_1_758' title='bbox 2142 4852 2254 4905; x_wconf 91' lang='lat' dir='ltr'><strong>cris</strong></span> <span class='ocrx_word' id='word_1_759' title='bbox 2287 4852 2481 4906; x_wconf 90' lang='lat' dir='ltr'><strong>litteris</strong></span> <span class='ocrx_word' id='word_1_760' title='bbox 2515 4869 2619 4907; x_wconf 90' lang='lat' dir='ltr'><strong>non</strong></span> <span class='ocrx_word' id='word_1_761' title='bbox 2671 4869 2858 4908; x_wconf 88' lang='lat' dir='ltr'><strong>smnus</strong></span> <span class='ocrx_word' id='word_1_762' title='bbox 2903 4856 3069 4908; x_wconf 89' lang='lat' dir='ltr'><strong>docti.</strong></span> <span class='ocrx_word' id='word_1_763' title='bbox 3105 4855 3382 4920; x_wconf 88' lang='lat' dir='ltr'><strong>Quomodo</strong></span> <span class='ocrx_word' id='word_1_764' title='bbox 3411 4855 3514 4908; x_wconf 86' lang='lat' dir='ltr'><strong>hac</strong></span> <span class='ocrx_word' id='word_1_765' title='bbox 3546 4869 3631 4907; x_wconf 82' lang='lat' dir='ltr'><strong>vta</strong></span> 
     </span>
    </p>
   </div>
   <div class='ocr_carea' id='block_1_99' title="bbox 2074 4942 3635 5013">
    <p class='ocr_par' dir='ltr' id='par_1_99' title="bbox 2074 4942 3635 5013">
     <span class='ocr_line' id='line_1_99' title="bbox 2074 4942 3635 5013; baseline 0.005 -22"><span class='ocrx_word' id='word_1_766' title='bbox 2074 4960 2092 4991; x_wconf 80' lang='grc' dir='ltr'><strong>ι</strong></span> <span class='ocrx_word' id='word_1_767' title='bbox 2144 4942 2395 4996; x_wconf 83' lang='lat' dir='ltr'><strong>insistent.</strong></span> <span class='ocrx_word' id='word_1_768' title='bbox 2429 4942 2531 5005; x_wconf 69' lang='lat' dir='ltr'><strong>illi.~</strong></span> <span class='ocrx_word' id='word_1_769' title='bbox 2557 4943 2649 5012; x_wconf 86' lang='lat' dir='ltr'><strong>qui</strong></span> <span class='ocrx_word' id='word_1_770' title='bbox 2694 4943 2920 4997; x_wconf 90' lang='lat' dir='ltr'><strong>aliorum</strong></span> <span class='ocrx_word' id='word_1_771' title='bbox 2972 4946 3221 5013; x_wconf 85' lang='lat' dir='ltr'><strong>dogmata</strong></span> <span class='ocrx_word' id='word_1_772' title='bbox 3273 4945 3635 5011; x_wconf 62' lang='lat' dir='ltr'><strong>subvertant!</strong></span> 
     </span>
    </p>
   </div>
   <div class='ocr_carea' id='block_1_100' title="bbox 461 5125 1947 5199">
    <p class='ocr_par' dir='ltr' id='par_1_100' title="bbox 461 5125 1918 5199">
     <span class='ocr_line' id='line_1_100' title="bbox 461 5125 1918 5199; baseline -0.008 -11"><span class='ocrx_word' id='word_1_773' title='bbox 461 5140 518 5197; x_wconf 55' lang='grc' dir='ltr'>ὦ</span> <span class='ocrx_word' id='word_1_774' title='bbox 557 5135 651 5187; x_wconf 77' lang='lat' dir='ltr'><strong>Ed.</strong></span> <span class='ocrx_word' id='word_1_775' title='bbox 693 5133 888 5190; x_wconf 54' lang='lat' dir='ltr'><strong>Parim</strong></span> <span class='ocrx_word' id='word_1_776' title='bbox 922 5145 1041 5199; x_wconf 82' lang='lat' dir='ltr'><strong>pag.</strong></span> <span class='ocrx_word' id='word_1_777' title='bbox 1126 5129 1243 5182; x_wconf 88' lang='lat' dir='ltr'><strong>I77.</strong></span> <span class='ocrx_word' id='word_1_778' title='bbox 1279 5129 1323 5159; x_wconf 76' lang='grc'><strong>⁸⁸⁸</strong></span> <span class='ocrx_word' id='word_1_779' title='bbox 1358 5127 1513 5180; x_wconf 79' lang='lat' dir='ltr'><strong>Rom.</strong></span> <span class='ocrx_word' id='word_1_780' title='bbox 1550 5141 1667 5188; x_wconf 83' lang='lat' dir='ltr'><strong>VIII,</strong></span> <span class='ocrx_word' id='word_1_781' title='bbox 1709 5125 1800 5178; x_wconf 70' lang='grc'><strong>⁸21.</strong></span> <span class='ocrx_word' id='word_1_782' title='bbox 1875 5126 1918 5156; x_wconf 82' lang='grc'><strong>⁸⁷</strong></span> 
     </span>
    </p>
   </div>
   <div class='ocr_carea' id='block_1_101' title="bbox 2049 5125 3460 5199">
    <p class='ocr_par' dir='ltr' id='par_1_101' title="bbox 2049 5125 3460 5196">
     <span class='ocr_line' id='line_1_101' title="bbox 2049 5125 3460 5196; baseline 0.003 -19"><span class='ocrx_word' id='word_1_783' title='bbox 2049 5125 2138 5179; x_wconf 77' lang='lat' dir='ltr'><strong>LIII.</strong></span> <span class='ocrx_word' id='word_1_784' title='bbox 2169 5140 2299 5192; x_wconf 82' lang='lat' dir='ltr'><strong>xvn,</strong></span> <span class='ocrx_word' id='word_1_785' title='bbox 2340 5125 2396 5180; x_wconf 72' lang='grc'><strong>2.</strong></span> <span class='ocrx_word' id='word_1_786' title='bbox 2471 5125 2517 5157; x_wconf 83' lang='grc'><strong><em>⁸⁸</em></strong></span> <span class='ocrx_word' id='word_1_787' title='bbox 2542 5125 2737 5196; x_wconf 87' lang='lat' dir='ltr'><strong>Philip.</strong></span> <span class='ocrx_word' id='word_1_788' title='bbox 2770 5143 2850 5196; x_wconf 92' lang='lat' dir='ltr'><strong>III,</strong></span> <span class='ocrx_word' id='word_1_789' title='bbox 2879 5127 2971 5182; x_wconf 71' lang='lat'><strong>2|.</strong></span> <span class='ocrx_word' id='word_1_790' title='bbox 3044 5126 3088 5159; x_wconf 79' lang='grc'>⁸⁹</span> <span class='ocrx_word' id='word_1_791' title='bbox 3116 5125 3155 5180; x_wconf 91' lang='lat' dir='ltr'><strong>II</strong></span> <span class='ocrx_word' id='word_1_792' title='bbox 3185 5126 3311 5181; x_wconf 83' lang='lat' dir='ltr'><strong>Cor.</strong></span> <span class='ocrx_word' id='word_1_793' title='bbox 3329 5143 3381 5192; x_wconf 91' lang='lat' dir='ltr'><strong>v,</strong></span> <span class='ocrx_word' id='word_1_794' title='bbox 3403 5126 3460 5181; x_wconf 75' lang='grc'><strong>4.</strong></span> 
     </span>
    </p>
   </div>
   <div class='ocr_carea' id='block_1_102' title="bbox 463 5310 1964 5383">
    <p class='ocr_par' dir='ltr' id='par_1_102' title="bbox 463 5310 1964 5383">
     <span class='ocr_line' id='line_1_102' title="bbox 463 5310 1964 5383; baseline 0.003 -20"><span class='ocrx_word' id='word_1_795' title='bbox 463 5312 573 5383; x_wconf 69' lang='grc' dir='ltr'>(ᾘι)</span> <span class='ocrx_word' id='word_1_796' title='bbox 607 5312 775 5379; x_wconf 86' lang='lat' dir='ltr'><strong>Vulgo</strong></span> <span class='ocrx_word' id='word_1_797' title='bbox 810 5310 990 5383; x_wconf 81' lang='grc' dir='ltr'>[Θεοῦι</span> <span class='ocrx_word' id='word_1_798' title='bbox 1026 5312 1200 5383; x_wconf 75' lang='grc' dir='ltr'>δόξης.</span> <span class='ocrx_word' id='word_1_799' title='bbox 1262 5310 1624 5382; x_wconf 78' lang='grc' dir='ltr'>Μρ.Χριστοῦ</span> <span class='ocrx_word' id='word_1_800' title='bbox 1664 5312 1712 5365; x_wconf 89' lang='grc' dir='ltr'><strong>δ.</strong></span> <span class='ocrx_word' id='word_1_801' title='bbox 1744 5324 1797 5369; x_wconf 90' lang='lat' dir='ltr'><strong>et</strong></span> <span class='ocrx_word' id='word_1_802' title='bbox 1843 5314 1964 5368; x_wconf 87' lang='lat' dir='ltr'><strong>dein</strong></span> 
     </span>
    </p>
   </div>
   <div class='ocr_carea' id='block_1_103' title="bbox 391 5381 1181 5457">
    <p class='ocr_par' dir='ltr' id='par_1_103' title="bbox 391 5381 1181 5457">
     <span class='ocr_line' id='line_1_103' title="bbox 391 5381 1181 5457; baseline 0 -25"><span class='ocrx_word' id='word_1_803' title='bbox 391 5381 685 5457; x_wconf 39' lang='lat' dir='ltr'><strong>(“ﬂante</strong></span> <span class='ocrx_word' id='word_1_804' title='bbox 723 5381 1181 5457; x_wconf 56' lang='grc' dir='ltr'><strong>μετεσχτγμιέιτισεἶ</strong></span> 
     </span>
    </p>
   </div>
   <div class='ocr_carea' id='block_1_104' title="bbox 462 5448 1961 5524">
    <p class='ocr_par' dir='ltr' id='par_1_104' title="bbox 462 5448 1961 5524">
     <span class='ocr_line' id='line_1_104' title="bbox 462 5448 1961 5524; baseline -0.001 -18"><span class='ocrx_word' id='word_1_805' title='bbox 462 5448 575 5524; x_wconf 80' lang='lat'><strong>(75)</strong></span> <span class='ocrx_word' id='word_1_806' title='bbox 616 5448 1122 5519; x_wconf 71' lang='grc' dir='ltr'>Μετεσχημιῖτισε.</span> <span class='ocrx_word' id='word_1_807' title='bbox 1149 5450 1341 5524; x_wconf 86' lang='lat' dir='ltr'><strong>_Locus</strong></span> <span class='ocrx_word' id='word_1_808' title='bbox 1387 5460 1469 5504; x_wconf 90' lang='lat' dir='ltr'><strong>est</strong></span> <span class='ocrx_word' id='word_1_809' title='bbox 1508 5448 1699 5524; x_wconf 87' lang='lat' dir='ltr'><strong>Philip.</strong></span> <span class='ocrx_word' id='word_1_810' title='bbox 1742 5466 1821 5524; x_wconf 88' lang='lat' dir='ltr'><strong>III,</strong></span> <span class='ocrx_word' id='word_1_811' title='bbox 1869 5452 1961 5515; x_wconf 65' lang='lat' dir='ltr'><strong>Si,</strong></span> 
     </span>
    </p>
   </div>
   <div class='ocr_carea' id='block_1_105' title="bbox 391 5521 1959 5590">
    <p class='ocr_par' dir='ltr' id='par_1_105' title="bbox 391 5521 1959 5590">
     <span class='ocr_line' id='line_1_105' title="bbox 391 5521 1959 5590; baseline -0.001 -14"><span class='ocrx_word' id='word_1_812' title='bbox 391 5521 481 5577; x_wconf 82' lang='lat' dir='ltr'><strong>IIh&#39;i</strong></span> <span class='ocrx_word' id='word_1_813' title='bbox 521 5521 715 5589; x_wconf 77' lang='lat' dir='ltr'><strong>legitur</strong></span> <span class='ocrx_word' id='word_1_814' title='bbox 745 5521 1275 5590; x_wconf 82' lang='grc' dir='ltr'>μετασχηματίσει,</span> <span class='ocrx_word' id='word_1_815' title='bbox 1320 5536 1426 5585; x_wconf 86' lang='lat' dir='ltr'><strong>quo</strong></span> <span class='ocrx_word' id='word_1_816' title='bbox 1452 5523 1609 5574; x_wconf 83' lang='lat' dir='ltr'><strong>modo</strong></span> <span class='ocrx_word' id='word_1_817' title='bbox 1633 5523 1853 5573; x_wconf 88' lang='lat' dir='ltr'><strong>omnino</strong></span> <span class='ocrx_word' id='word_1_818' title='bbox 1884 5524 1959 5574; x_wconf 83' lang='lat' dir='ltr'><strong>le-</strong></span> 
     </span>
    </p>
   </div>
   <div class='ocr_carea' id='block_1_106' title="bbox 394 5592 1957 5662">
    <p class='ocr_par' dir='ltr' id='par_1_106' title="bbox 394 5592 1957 5662">
     <span class='ocr_line' id='line_1_106' title="bbox 394 5592 1957 5662; baseline -0.003 -14"><span class='ocrx_word' id='word_1_819' title='bbox 394 5593 648 5662; x_wconf 78' lang='lat' dir='ltr'><strong>gendum,</strong></span> <span class='ocrx_word' id='word_1_820' title='bbox 700 5602 756 5645; x_wconf 88' lang='lat' dir='ltr'><strong>et</strong></span> <span class='ocrx_word' id='word_1_821' title='bbox 822 5592 1108 5662; x_wconf 77' lang='lat' dir='ltr'><strong>hicapud</strong></span> <span class='ocrx_word' id='word_1_822' title='bbox 1185 5592 1469 5662; x_wconf 81' lang='lat' dir='ltr'><strong>Eusebium</strong></span> <span class='ocrx_word' id='word_1_823' title='bbox 1531 5592 1832 5662; x_wconf 77' lang='lat' dir='ltr'><strong>addendum</strong></span> <span class='ocrx_word' id='word_1_824' title='bbox 1894 5606 1957 5662; x_wconf 72' lang='lat' dir='ltr'><strong>ex</strong></span> 
     </span>
    </p>
   </div>
   <div class='ocr_carea' id='block_1_107' title="bbox 394 5659 1960 5730">
    <p class='ocr_par' dir='ltr' id='par_1_107' title="bbox 394 5659 1960 5730">
     <span class='ocr_line' id='line_1_107' title="bbox 394 5659 1960 5730; baseline -0.002 -13"><span class='ocrx_word' id='word_1_825' title='bbox 394 5659 668 5730; x_wconf 62' lang='lat' dir='ltr'><strong>Apostnln,</strong></span> <span class='ocrx_word' id='word_1_826' title='bbox 724 5661 864 5729; x_wconf 84' lang='lat' dir='ltr'><strong>quod</strong></span> <span class='ocrx_word' id='word_1_827' title='bbox 922 5660 1008 5714; x_wconf 88' lang='lat' dir='ltr'><strong>hic</strong></span> <span class='ocrx_word' id='word_1_828' title='bbox 1060 5662 1227 5724; x_wconf 88' lang='lat' dir='ltr'><strong>deest,</strong></span> <span class='ocrx_word' id='word_1_829' title='bbox 1275 5663 1361 5725; x_wconf 76' lang='grc' dir='ltr'><strong>εις</strong></span> <span class='ocrx_word' id='word_1_830' title='bbox 1380 5659 1443 5713; x_wconf 83' lang='grc' dir='ltr'>τὸ</span> <span class='ocrx_word' id='word_1_831' title='bbox 1499 5660 1776 5729; x_wconf 79' lang='grc' dir='ltr'>γενέσθαι</span> <span class='ocrx_word' id='word_1_832' title='bbox 1815 5661 1960 5714; x_wconf 77' lang='grc' dir='ltr'>αὐτὸ</span> 
     </span>
    </p>
   </div>
   <div class='ocr_carea' id='block_1_108' title="bbox 396 5731 1960 5802">
    <p class='ocr_par' dir='ltr' id='par_1_108' title="bbox 396 5731 1960 5802">
     <span class='ocr_line' id='line_1_108' title="bbox 396 5731 1960 5802; baseline 0.001 -17"><span class='ocrx_word' id='word_1_833' title='bbox 396 5733 773 5802; x_wconf 51' lang='grc' dir='ltr'>σύμμορφον.</span> <span class='ocrx_word' id='word_1_834' title='bbox 810 5731 861 5782; x_wconf 86' lang='lat' dir='ltr'><strong>III</strong></span> <span class='ocrx_word' id='word_1_835' title='bbox 899 5732 1143 5802; x_wconf 86' lang='lat' dir='ltr'><strong>sequenti</strong></span> <span class='ocrx_word' id='word_1_836' title='bbox 1198 5733 1320 5802; x_wconf 87' lang='lat' dir='ltr'><strong>loco</strong></span> <span class='ocrx_word' id='word_1_837' title='bbox 1362 5732 1626 5802; x_wconf 79' lang='lat' dir='ltr'><strong>Apostoli,</strong></span> <span class='ocrx_word' id='word_1_838' title='bbox 1669 5733 1705 5783; x_wconf 97' lang='lat' dir='ltr'><strong>ll</strong></span> <span class='ocrx_word' id='word_1_839' title='bbox 1742 5731 1865 5784; x_wconf 85' lang='lat' dir='ltr'><strong>Cor.</strong></span> <span class='ocrx_word' id='word_1_840' title='bbox 1907 5749 1960 5787; x_wconf 86' lang='lat' dir='ltr'><strong>v.</strong></span> 
     </span>
    </p>
   </div>
   <div class='ocr_carea' id='block_1_109' title="bbox 398 5801 1962 5875">
    <p class='ocr_par' dir='ltr' id='par_1_109' title="bbox 398 5801 1962 5875">
     <span class='ocr_line' id='line_1_109' title="bbox 398 5801 1962 5875; baseline 0.001 -22"><span class='ocrx_word' id='word_1_841' title='bbox 398 5803 451 5875; x_wconf 65' lang='grc' dir='ltr'>ὁ,</span> <span class='ocrx_word' id='word_1_842' title='bbox 482 5801 486 5802; x_wconf 60' lang='grc'><strong><em>⁷</em></strong></span> <span class='ocrx_word' id='word_1_843' title='bbox 515 5814 594 5856; x_wconf 76' lang='lat' dir='ltr'><strong>est</strong></span> <span class='ocrx_word' id='word_1_844' title='bbox 661 5801 902 5857; x_wconf 80' lang='lat' dir='ltr'><strong>delectus</strong></span> <span class='ocrx_word' id='word_1_845' title='bbox 946 5818 957 5853; x_wconf 88' lang='lat'><strong>:</strong></span> <span class='ocrx_word' id='word_1_846' title='bbox 1019 5801 1302 5869; x_wconf 82' lang='lat' dir='ltr'><strong>legendum</strong></span> <span class='ocrx_word' id='word_1_847' title='bbox 1366 5801 1777 5865; x_wconf 72' lang='grc' dir='ltr'>ἐκδύσασθαι,</span> <span class='ocrx_word' id='word_1_848' title='bbox 1826 5802 1962 5856; x_wconf 66' lang='grc' dir='ltr'><strong>ἀλλ’</strong></span> 
     </span>
    </p>
   </div>
   <div class='ocr_carea' id='block_1_110' title="bbox 2071 5310 2763 5367">
    <p class='ocr_par' dir='ltr' id='par_1_110' title="bbox 2071 5310 2763 5367">
     <span class='ocr_line' id='line_1_110' title="bbox 2071 5310 2763 5367; baseline -0.003 0"><span class='ocrx_word' id='word_1_849' title='bbox 2071 5312 2517 5367; x_wconf 82' lang='grc' dir='ltr'>ἐπενδύσασθαι</span> <span class='ocrx_word' id='word_1_850' title='bbox 2543 5311 2661 5364; x_wconf 79' lang='grc' dir='ltr'>ἵνα.</span> <span class='ocrx_word' id='word_1_851' title='bbox 2693 5310 2763 5365; x_wconf 84' lang='grc' dir='ltr'><strong>Μ.</strong></span> 
     </span>
    </p>
   </div>
   <div class='ocr_carea' id='block_1_111' title="bbox 2144 5381 2709 5452">
    <p class='ocr_par' dir='ltr' id='par_1_111' title="bbox 2144 5381 2709 5452">
     <span class='ocr_line' id='line_1_111' title="bbox 2144 5381 2709 5452; baseline -0.002 -18"><span class='ocrx_word' id='word_1_852' title='bbox 2144 5382 2254 5452; x_wconf 89' lang='lat'><strong>(76)</strong></span> <span class='ocrx_word' id='word_1_853' title='bbox 2292 5382 2457 5452; x_wconf 82' lang='lat' dir='ltr'><strong>Vulgo</strong></span> <span class='ocrx_word' id='word_1_854' title='bbox 2486 5381 2545 5449; x_wconf 77' lang='grc' dir='ltr'><strong>ἐγ</strong></span> <span class='ocrx_word' id='word_1_855' title='bbox 2556 5384 2709 5452; x_wconf 78' lang='grc' dir='ltr'>ραψε.</span> 
     </span>
    </p>
   </div>
   <div class='ocr_carea' id='block_1_112' title="bbox 2140 5450 2981 5521">
    <p class='ocr_par' dir='ltr' id='par_1_112' title="bbox 2140 5450 2981 5521">
     <span class='ocr_line' id='line_1_112' title="bbox 2140 5450 2981 5521; baseline -0.001 -17"><span class='ocrx_word' id='word_1_856' title='bbox 2140 5450 2250 5521; x_wconf 87' lang='lat'><strong>(77)</strong></span> <span class='ocrx_word' id='word_1_857' title='bbox 2287 5450 2535 5521; x_wconf 58' lang='grc' dir='ltr'>Μρξάλγ</span> <span class='ocrx_word' id='word_1_858' title='bbox 2557 5450 2981 5509; x_wconf 80' lang='grc' dir='ltr'>ἐπενδύσασθαι.</span> 
     </span>
    </p>
   </div>
   <div class='ocr_carea' id='block_1_113' title="bbox 2141 5522 2688 5593">
    <p class='ocr_par' dir='ltr' id='par_1_113' title="bbox 2141 5522 2688 5593">
     <span class='ocr_line' id='line_1_113' title="bbox 2141 5522 2688 5593; baseline 0.005 -20"><span class='ocrx_word' id='word_1_859' title='bbox 2141 5523 2251 5589; x_wconf 88' lang='lat'><strong>(78)</strong></span> <span class='ocrx_word' id='word_1_860' title='bbox 2285 5522 2452 5593; x_wconf 80' lang='lat' dir='ltr'><strong>Vulgo</strong></span> <span class='ocrx_word' id='word_1_861' title='bbox 2489 5523 2688 5593; x_wconf 84' lang='grc' dir='ltr'>μένειν.</span> 
     </span>
    </p>
   </div>
   <div class='ocr_carea' id='block_1_114' title="bbox 2140 5586 3648 5674">
    <p class='ocr_par' dir='ltr' id='par_1_114' title="bbox 2140 5586 3648 5674">
     <span class='ocr_line' id='line_1_114' title="bbox 2140 5586 3648 5674; baseline 0 -30"><span class='ocrx_word' id='word_1_862' title='bbox 2140 5586 2252 5662; x_wconf 84' lang='grc'>(79)</span> <span class='ocrx_word' id='word_1_863' title='bbox 2277 5586 2666 5674; x_wconf 43' lang='grc' dir='ltr'><strong>Πρρξταὺτόν.</strong></span> <span class='ocrx_word' id='word_1_864' title='bbox 2689 5592 3004 5674; x_wconf 67' lang='lat' dir='ltr'><strong>_Hic_dee_st</strong></span> <span class='ocrx_word' id='word_1_865' title='bbox 3038 5590 3293 5674; x_wconf 68' lang='grc' dir='ltr'>ἐροῦμεν,</span> <span class='ocrx_word' id='word_1_866' title='bbox 3338 5586 3523 5674; x_wconf 69' lang='lat' dir='ltr'><strong>statim</strong></span> <span class='ocrx_word' id='word_1_867' title='bbox 3565 5587 3648 5644; x_wconf 56' lang='lat' dir='ltr'><strong>lea</strong></span> 
     </span>
    </p>
   </div>
   <div class='ocr_carea' id='block_1_115' title="bbox 2067 5657 3639 5737">
    <p class='ocr_par' dir='ltr' id='par_1_115' title="bbox 2067 5657 3639 5737">
     <span class='ocr_line' id='line_1_115' title="bbox 2067 5657 3639 5737; baseline -0.011 -20"><span class='ocrx_word' id='word_1_868' title='bbox 2067 5657 2248 5737; x_wconf 79' lang='lat' dir='ltr'><strong>gerem</strong></span> <span class='ocrx_word' id='word_1_869' title='bbox 2275 5657 2546 5737; x_wconf 58' lang='lat' dir='ltr'><strong>sceptri»),</strong></span> <span class='ocrx_word' id='word_1_870' title='bbox 2574 5663 2647 5735; x_wconf 85' lang='grc' dir='ltr'>μὴ</span> <span class='ocrx_word' id='word_1_871' title='bbox 2678 5661 2921 5737; x_wconf 80' lang='grc' dir='ltr'>ἁκριῦὦς</span> <span class='ocrx_word' id='word_1_872' title='bbox 2944 5663 3008 5715; x_wconf 85' lang='grc' dir='ltr'><strong>ἐκ</strong></span> <span class='ocrx_word' id='word_1_873' title='bbox 3026 5657 3133 5716; x_wconf 79' lang='grc' dir='ltr'><strong>τῶν</strong></span> <span class='ocrx_word' id='word_1_874' title='bbox 3162 5657 3345 5737; x_wconf 79' lang='grc' dir='ltr'>θείων,</span> <span class='ocrx_word' id='word_1_875' title='bbox 3375 5669 3429 5737; x_wconf 70' lang='lat' dir='ltr'><strong>et</strong></span> <span class='ocrx_word' id='word_1_876' title='bbox 3461 5670 3639 5737; x_wconf 53' lang='lat' dir='ltr'><strong>tamen</strong></span> 
     </span>
    </p>
   </div>
   <div class='ocr_carea' id='block_1_116' title="bbox 2069 5729 3645 5855">
    <p class='ocr_par' dir='ltr' id='par_1_116' title="bbox 2069 5729 3645 5855">
     <span class='ocr_line' id='line_1_116' title="bbox 2069 5729 3645 5855; baseline 0.008 -71"><span class='ocrx_word' id='word_1_877' title='bbox 2069 5729 2253 5855; x_wconf 55' lang='lat' dir='ltr'><strong>paulo~</strong></span> <span class='ocrx_word' id='word_1_878' title='bbox 2279 5729 2399 5855; x_wconf 49' lang='lat' dir='ltr'><strong>p03;</strong></span> <span class='ocrx_word' id='word_1_879' title='bbox 2448 5729 2646 5793; x_wconf 72' lang='lat' dir='ltr'><strong>eodem</strong></span> <span class='ocrx_word' id='word_1_880' title='bbox 2698 5729 2857 5791; x_wconf 78' lang='lat' dir='ltr'><strong>modo</strong></span> <span class='ocrx_word' id='word_1_881' title='bbox 2912 5736 3104 5804; x_wconf 82' lang='lat' dir='ltr'><strong>legitur</strong></span> <span class='ocrx_word' id='word_1_882' title='bbox 3163 5733 3288 5803; x_wconf 74' lang='grc' dir='ltr'>περὶ</span> <span class='ocrx_word' id='word_1_883' title='bbox 3343 5729 3442 5800; x_wconf 82' lang='grc' dir='ltr'><strong>τῆς</strong></span> <span class='ocrx_word' id='word_1_884' title='bbox 3490 5729 3645 5795; x_wconf 71' lang='grc' dir='ltr'>θείάί</span> 
     </span>
     <span class='ocr_line' id='line_1_117' title="bbox 2116 5816 2413 5855; baseline 0 0"><span class='ocrx_word' id='word_1_885' title='bbox 2116 5816 2313 5855; x_wconf 62' lang='lat' dir='ltr'><strong>autem.</strong></span> <span class='ocrx_word' id='word_1_886' title='bbox 2398 5840 2413 5855; x_wconf 93' lang='lat'><strong>.</strong></span> 
     </span>
    </p>
   </div>
   <div class='ocr_carea' id='block_1_117' title="bbox 2116 5816 2413 5871">
    <p class='ocr_par' dir='ltr' id='par_1_117' title="bbox 2116 5816 2413 5871">
     <span class='ocr_line' id='line_1_118' title="bbox 2116 5816 2413 5871; baseline 0.007 -18"><span class='ocrx_word' id='word_1_887' title='bbox 2116 5816 2313 5871; x_wconf 79' lang='grc' dir='ltr'>ραφης.</span> <span class='ocrx_word' id='word_1_888' title='bbox 2340 5816 2413 5855; x_wconf 77' lang='lat' dir='ltr'><strong>tu.</strong></span> 
     </span>
    </p>
   </div>
  </div>
