4082 6392
464 382 613 444 1019

1151 385 1417 442 EUSEBll
1453 384 1929 443 CESARIENSIS
1966 383 2122 441 OPP.
2160 380 2338 438 PARS
2374 378 2463 437 IV.
2502 412 2573 425 —
2610 380 3025 441 DOGMATICA.

3573 378 3713 437 1020

477 515 499 550 ι
543 498 626 553 Ad
658 497 779 552 illos
806 512 934 551 vero
958 496 1047 567 qui
1072 508 1318 551 exactam
1343 497 1409 551 de
1438 498 1600 551 rebus
1630 498 1748 551 istis
1779 497 2039 549 rationem

2149 509 2169 544 ε
2217 508 2316 563 μεν
2349 490 2601 562 Γραφῶν,
2652 491 2753 543 οὐκ
2786 490 3024 560 ἀσφαλὲς
3063 485 3198 543 εἶναι
3225 489 3535 561 νομέζομεν.
3586 490 3713 556 Πῶς

464 609 497 642 ’1
548 608 577 644 a
608 591 763 644 nobis
786 589 1035 657 exigunt,
1067 588 1360 656 inquimus,
1392 587 1535 657 quod
1560 598 1749 643 sancto
1782 586 2058 656 Apostolo.

476 698 500 734 ι
547 681 1032 750 obtentperamlum
1070 680 1275 733 scimus
1316 694 1458 745 esse,
1490 679 1583 747 qui
1628 678 1884 748 mysteria
1918 678 2041 731 abs-

475 788 498 823 ‹
544 773 785 833 condita,
829 772 895 824 ad
950 770 1096 823 illum
1148 771 1387 834 modum,
1431 783 1591 839 quem
1661 769 1774 838 ipse
1827 769 2037 832 statuit,

478 882 498 915 ι
546 866 837 917 scrutanda
889 862 1075 916 docnit
1115 879 1129 917 :
1183 859 1431 915 Videmus
1473 862 1609 914 enim
1649 877 1807 924 nunc,
1846 860 2038 928 inquit,

479 971 498 1004 ο
543 963 797 1020 tanquam
844 967 937 1019 per
966 950 1233 1018 speculum
1282 951 1335 1002 in
1379 950 1699 1016 (enigmata:
1752 962 1873 1000 tunc
1924 963 2039 1001 vero

478 1062 499 1095 ι
544 1043 683 1111 facie
719 1042 790 1094 ad
819 1042 1010 1111 faciem
1044 1042 1113 1104 ”,
1153 1052 1208 1094 et
1236 1046 1293 1103 »Β
1334 1055 1452 1110 quae
1497 1050 1811 1107 sequuntur.
1843 1036 1920 1090 Ne
1958 1052 2041 1091 me

476 1150 501 1187 s
545 1134 845 1201 interroges
874 1149 1023 1201 ergo,
1053 1135 1119 1186 de
1149 1133 1309 1185 rebus
1335 1146 1456 1200 qua:
1479 1146 1583 1184 non
1612 1138 1829 1183 exstant
1857 1137 2042 1195 aperte

477 1241 501 1276 ε
549 1224 759 1277 traditae
788 1222 839 1276 in
873 1221 1174 1291 Scripturis
1227 1222 1398 1275 sacris
1433 1240 1446 1275 :
1486 1222 1630 1275 unde
1672 1228 1876 1274 eertum
1910 1218 2041 1287 quid

478 1331 501 1368 ι
545 1324 783 1367 statuere
831 1327 934 1366 non
984 1327 1202 1381 possunt
1249 1313 1315 1364 de
1363 1326 1546 1374 carne,
1594 1309 1746 1377 cujus
1775 1311 2041 1378 particeps

478 1420 501 1455 ι
546 1412 669 1457 erat
703 1402 966 1455 Verbum.
1012 1401 1113 1466 Qui
1157 1411 1337 1454 autem
1387 1399 1590 1453 fatetur
1634 1413 1693 1453 se
1740 1414 1844 1451 non
1886 1411 2041 1466 posse

478 1510 500 1545 s
548 1493 615 1547 de
667 1493 968 1561 Scripturis
1017 1495 1363 1560 respondere,
1417 1490 1578 1545 simul
1626 1490 1944 1553 conﬁtetur,
1982 1503 2041 1545 se

477 1601 500 1636 ι
548 1585 681 1637 nihil
711 1585 844 1638 certi
876 1585 942 1639 de
979 1568 1274 1653 Scripturis
1307 1583 1582 1637 didicisse.
1613 1600 1631 1634 ι
1663 1579 2038 1648 Huiuscemodi

473 1674 567 1730 ille
601 1676 667 1729 de
693 1676 797 1730 hac
824 1690 988 1730 carne
1021 1677 1176 1730 scivit
1209 1693 1224 1729 :
1257 1690 1359 1729 non
1385 1685 1604 1743 accepta
1630 1677 1696 1728 de
1722 1673 2038 1739 Scripturis,

472 1780 582 1821 non
637 1765 704 1819 ab
749 1766 873 1819 aliis
920 1776 1205 1832 occupata,
1247 1780 1351 1819 non
1380 1779 1411 1820 e
1444 1765 1735 1819 traditione
1787 1764 2042 1819 Ecclesia

475 1854 684 1921 doctus,
713 1857 813 1910 sibi
844 1873 970 1911 vero
1000 1858 1232 1910 conficta
1261 1874 1277 1910 :
1304 1866 1360 1911 et
1391 1856 1459 1910 de
1490 1873 1588 1912 suo
1614 1857 1843 1911 cerebro
1872 1873 2037 1910 exco-

473 1956 645 2014 gttata
671 1962 684 1998 ι
721 1949 1089 2015 peregrinum.
1114 1958 1169 2001 et
1200 1949 1431 2001 alienum
1454 1963 1481 2001 a
1504 1949 1727 2003 veritate
1750 1950 1998 2019 genimeo
2023 1967 2039 2004 :

477 2052 577 2090 nec
605 2050 724 2090 erat
754 2038 826 2091 illi
858 2039 907 2090 in
944 2038 1126 2090 animo
1158 2037 1435 2107 Scriptura
1478 2039 1750 2110 inquiens,
1783 2038 1865 2092 Ne
1887 2039 2040 2109 adje-

471 2131 605 2182 ceris
631 2130 699 2181 ad
736 2146 1001 2182 sermones
1040 2131 1173 2199 ejus,
1200 2145 1262 2183 ne
1288 2139 1335 2182 te
1366 2139 1638 2197 caarguat.
1670 2140 1716 2183 et
1746 2132 1799 2183 in
1828 2136 2042 2185 menda-

471 2226 554 2274 cio
592 2222 999 2289 deprehendaris
1035 2223 1102 2274 ⁹¹.
1163 2222 1245 2284 Ει,
1294 2220 1383 2276 Va:
1425 2223 1492 2274 iis
1526 2223 1618 2291 qui
1652 2223 1715 2276 de
1752 2239 1847 2275 suo
1884 2225 2039 2276 corde

471 2312 780 2376 praphelant
805 2312 871 2365 ".
907 2310 1116 2368 Intuere
1147 2322 1326 2367 autem
1362 2322 1562 2382 quanta
1590 2328 1649 2368 se
1674 2315 2039 2367 circumduxit

473 2402 772 2469 impietate.
805 2401 904 2468 Qui
938 2405 1084 2456 enim
1140 2404 1449 2457 universam
1496 2404 1639 2457 illam
1681 2404 2036 2475 theologicam

472 2492 735 2545 rationem
764 2493 828 2546 de
859 2492 997 2547 Filio
1038 2494 1316 2563 unigenito
1346 2497 1758 2564 pratexsistente
1804 2497 1870 2548 ad
1916 2511 2039 2549 car-

472 2596 595 2634 nem
625 2580 837 2647 dejecit,
878 2594 933 2634 et
980 2590 1189 2636 tantum
1238 2598 1344 2635 non
1392 2582 1636 2636 lauream
1681 2583 1755 2636 illi
1799 2582 2038 2638 victoria

471 2671 753 2741 premium
790 2672 972 2726 verbis
1016 2672 1394 2727 disertissimis
1454 2672 1848 2741 superindusit.
1905 2672 2037 2727 Nam

473 2766 520 2819 is
558 2766 648 2833 qui
690 2766 849 2829 dixit,
885 2764 978 2818 Dei
1009 2765 1241 2819 Verbum
1284 2781 1381 2833 per
1427 2766 1882 2820 resurrectionem
1910 2780 2038 2834 pro-

471 2873 698 2913 curasse
728 2858 1185 2918 immortalitatem
1224 2860 1472 2911 humanae
1499 2858 1672 2923 carni,
1695 2868 1751 2913 et
1781 2867 2036 2925 tanquam

471 2964 674 3003 corona
734 2948 1049 3002 redimitum
1107 2948 1173 3001 ad
1237 2947 1331 3002 Dei
1397 2947 1643 3002 dextram
1700 2948 2039 3002 ascendendo

471 3039 821 3094 consedisse:
857 3040 999 3095 idem
1033 3040 1148 3108 ipse
1177 3039 1253 3092 ait
1277 3038 1419 3091 illam
1464 3040 1676 3093 inanem
1722 3047 1777 3094 et
1816 3052 2034 3091 vacuant

471 3130 710 3183 futuram
756 3130 807 3183 in
852 3130 960 3187 ﬁne
1002 3128 1182 3183 mundi
1216 3146 1230 3183 :
1260 3130 1384 3181 dum
1415 3126 1652 3183 Verbum
1682 3127 1869 3182 adunit
1906 3129 2035 3192 Deo,

2148 600 2169 635 ‹
2209 582 2319 655 γάρ
2334 583 2493 635 τοῦτο
2517 583 2777 653 πράττειν
2791 581 3013 634 δυνατὸν
3042 584 3153 644 τοῖς
3174 583 3267 635 καὶ
3282 579 3353 634 τά
3377 582 3577 653 ἐτέρων
3599 583 3712 650 (80')

2147 691 2167 726 ‹
2205 674 2570 744 ἀνατρέπουσι
2590 672 2862 743 δόγματας
2904 670 3040 724 Ἀλλ’
3065 670 3294 742 ἐροῦμεν
3322 672 3455 743 πρὸς
3474 673 3601 737 τοὺς
3622 674 3714 727 τὸν

2147 783 2168 817 r
2202 764 2403 837 ἀκριϐῆ
2440 766 2565 836 περὶ
2594 764 2783 817 τούτου
2809 763 2998 833 μαθεῖν
3020 762 3145 833 παρ’
3175 762 3327 833 ἡμῶν
3360 762 3715 834 βουλομένους

2146 875 2166 908 ι
2203 856 2494 925 λόγονβτι,
2518 854 2916 927 πειθόμενοιτῷ
2937 852 3065 925 ἱερῷ
3093 854 3421 924 ’Δποστόλῳ,
3437 854 3715 925 ἔσμενβτι

2150 966 2169 999 α
2211 947 2386 1010 οὕτως
2433 948 2582 1018 ἡμᾶς
2634 949 2765 1018 ὁρᾷν
2814 946 2882 998 τὰ
2934 945 3396 1016 ἀποκεκρυμμένα
3443 946 3717 1017 μυστήρια

2147 1056 2167 1089 s
2209 1039 2494 1109 προσήκει,
2544 1037 2619 1101 ὡς
2666 1038 2827 1099 αὐτὸς
2874 1036 3011 1106 ἔφη’
3063 1036 3377 1104 Βλέπομεν
3422 1035 3531 1105 γὰρ
3561 1037 3713 1105 ἄρτι,

2148 1146 2167 1180 ι
2204 1129 2355 1198 φησὶ,
2383 1126 2456 1180 δι’
2483 1128 2803 1194 εὶσόπτρου
2819 1127 2887 1179 ἐν
2906 1114 3203 1194 αἰνίγματι
3222 1142 3236 1156 ·
3267 1126 3401 1179 τότε
3431 1125 3499 1178 δὲ
3528 1126 3718 1193 πρόσ-

2148 1234 2166 1267 t
2207 1231 2368 1271 ωπον
2418 1218 2566 1285 πρὸς
2617 1218 2961 1285 πρόσωπον,
3021 1217 3114 1285 καὶ
3147 1216 3215 1269 τὰ
3247 1216 3408 1286 ἑξῆς·
3455 1216 3594 1271 ὥστε
3637 1218 3714 1289 μή

2146 1324 2166 1358 s
2212 1324 2312 1376 μου
2343 1307 2612 1360 πυνθάνου
2642 1308 2771 1377 περὶ
2799 1298 2872 1358 ὧν
2901 1304 3087 1373 σαφῶς
3110 1304 3268 1378 παρὰ.
3289 1306 3388 1376 τῆς
3409 1305 3556 1369 θείας
3581 1306 3719 1378 Γραο

2149 1415 2168 1448 ι
2205 1398 2312 1467 φῆς
2335 1398 2409 1469 μὴ
2442 1398 2736 1469 μεμάθηκα
2758 1414 2773 1427 ⁵
2804 1396 2891 1449 διὰ
2920 1396 3079 1451 τοῦτο
3108 1396 3286 1450 τοίνυν
3319 1396 3443 1450 οὐδὲ
3470 1397 3723 1470 περὶτῆς

2145 1507 2166 1540 s
2205 1488 2351 1554 θείας
2384 1489 2493 1561 (8|)
2528 1488 2747 1560 Γραφῆς
2775 1488 2988 1558 ἐκείνης
3019 1489 3118 1555 τῆς
3156 1487 3234 1558 τῷ
3270 1488 3429 1559 Λόγῳ
3458 1505 3720 1560 κοινωνη-

2148 1598 2167 1631 ‹
2208 1580 2379 1651 σάσης
2408 1580 2608 1651 σαρκὸς
2634 1579 2817 1647 σαφῶς
2865 1580 3036 1631 εἰπεῖν
3065 1578 3383 1649 δυνήσομαι.
3417 1576 3532 1632 Εἶθ’
3557 1582 3585 1633 ὁ
3613 1598 3721 1652 μη-

2149 1688 2169 1722 ι
2207 1672 2295 1724 δὲν
2323 1671 2501 1739 λέγειν
2541 1669 2798 1723 δύνασθαι
2844 1669 3142 1740 ὁμολογῶν,
3180 1669 3314 1741 μηδὲ
3343 1670 3718 1741 μεμαθηκέναι

2151 1781 2171 1814 ι
2209 1781 2260 1819 τι
2288 1762 2395 1816 ἀπὸ
2434 1751 2537 1833 τῆς
2576 1762 2820 1834 Γραφῆς.
2859 1780 2879 1813 s
2914 1760 3156 1815 Τοιαῦτα
3198 1762 3337 1832 περὶ
3372 1762 3476 1831 τῆς
3516 1762 3720 1834 σαρκὸς

2142 1855 2475 1926 ἀπεφήνατο,
2509 1852 2739 1906 οὔτ’ἀπὸ
2761 1853 2860 1922 τῆς
2888 1853 3109 1923 Γραφῆς
3139 1851 3325 1906 λαὸὼν
3344 1851 3453 1906 οὔτ’
3475 1854 3568 1924 ἀφ’
3600 1854 3719 1907 ἑτέ-

2146 1962 2251 2016 ρων
2275 1944 2385 2014 (82)
2403 1943 2728 2016 παραλαϐών
2743 1961 2754 1971 ’
2780 1944 2840 1997 οῦ
2850 1947 2889 1997 τ’
2908 1942 3018 1998 ἀπὸ
3036 1944 3137 2015 τῆς
3164 1944 3486 2014 Ἐκκλησίας
3509 1944 3718 2015 μαθὼν,

2141 2034 2316 2105 ἐαυτῷ
2343 2036 2399 2088 δὲ
2423 2037 2739 2099 ἀναπλάσας
2765 2036 2858 2089 καὶ
2886 2036 2985 2106 τῆς
3006 2036 3210 2099 οἰκείας
3228 2035 3574 2108 ἐνθυμήσεως
3600 2037 3721 2090 ἐπι-

2140 2128 2337 2195 νοήσας
2389 2126 2535 2190 ξένον
2585 2128 2680 2180 καὶ
2725 2127 2825 2196 τῆς
2857 2126 3115 2197 ἀληθείας
3144 2126 3418 2198 ἀλλότριον
3449 2127 3719 2200 γέννημα,

2144 2217 2309 2288 μηδὲν
2354 2218 2412 2270 ἐν
2459 2215 2535 2287 νῷ
2607 2216 2786 2271 λαόὼν
2834 2219 2933 2289 τὴν
2983 2217 3247 2287 λέγουσαν
3297 2220 3523 2290 Γραφήν
3555 2236 3568 2250 '
3618 2223 3673 2273 Μ
3684 2221 3718 2287 ὴ

2142 2305 2413 2375 προσθῇς
2429 2306 2551 2374 τοῖς
2574 2309 2779 2378 λόγοις
2808 2309 3016 2373 αὐτοῦ,
3025 2309 3257 2379 μήποτε
3270 2308 3487 2378 ἐλέγξῃ
3503 2324 3594 2363 σε·
3619 2311 3722 2364 καὶ

2140 2397 2376 2466 ψευδὴς
2402 2397 2547 2467 γένῃ
2568 2415 2581 2428 ο
2613 2399 2728 2463 καὶ,
2753 2400 2897 2454 Οὐαὶ
2926 2400 3049 2465 τοῖς
3068 2403 3555 2470 προφητεύουσιν
3599 2402 3721 2456 ἀπὸ

2140 2487 2390 2555 καρδίας
2420 2489 2640 2543 αὐτῶν.
2679 2490 2822 2562 Ὅρα
2875 2490 2920 2544 δ’
2949 2486 3042 2544 οὖν
3085 2491 3187 2564 ὅσῃ
3232 2491 3518 2565 δυσσεϐείᾳ
3562 2508 3723 2561 περι-

2141 2578 2452 2635 πέπτωκεν.
2494 2580 2553 2635 '0
2583 2581 2691 2652 γὰρ
2726 2580 2824 2652 τὴν
2848 2583 3026 2635 πᾶσαν
3061 2583 3188 2653 περὶ
3215 2581 3308 2634 τοῦ
3334 2582 3722 2652 προῦπάρχον-

2139 2685 2232 2732 τος
2271 2668 2591 2740 μονογενοῦς
2616 2669 2746 2723 Υίοῦ
2774 2670 3069 2740 θεολογίαν,
3093 2672 3185 2725 ἐπὶ
3212 2672 3307 2743 τὴν
3336 2673 3514 2743 σάρκα
3543 2689 3717 2725 κατα-

2139 2758 2338 2823 σαλὼν,
2367 2761 2550 2825 αὐτοῖς
2568 2778 2627 2814 τε
2665 2763 2872 2832 ῥήμασι
2893 2764 3050 2834 νίκης
3081 2763 3343 2833 στέφανον
3381 2763 3551 2834 αὗτὴν
3588 2767 3720 2817 ἀνα-

2139 2851 2427 2923 γορεύσας,
2454 2851 2626 2916 οὕτως
2672 2853 2805 2924 ἔφη·
2833 2854 2924 2908 τὸν
2951 2854 3046 2908 τοῦ
3077 2854 3212 2909 Θεοῦ
3259 2857 3435 2924 Λόγον
3473 2857 3574 2927 τὴν
3623 2856 3719 2910 ἀν-

2138 2942 2419 3015 θρωπίνην
2461 2943 2642 3016 σάρκα
2686 2944 2773 2998 διὰ
2806 2947 2905 3017 τῆς
2938 2946 3287 3009 ἀναστάσεως
3317 2947 3582 3002 ἀθάνατον
3614 2964 3714 3015 γε-

2137 3032 2322 3088 νέσθαι
2372 3036 2862 3106 παρεσκευακέναι,
2899 3039 2991 3091 καὶ
3023 3038 3211 3111 ὥσπερ
3233 3038 3356 3092 τινὰ
3404 3040 3518 3111 (85)
3557 3040 3717 3109 νίκην

2139 3125 2402 3195 στέφανον
2448 3114 2851 3198 ἀναδησάμενον
2878 3130 2934 3182 ἐν
2964 3128 3113 3200 δεξιᾷ
3145 3129 3242 3182 τοῦ
3295 3131 3516 3202 Πατρὸς
3541 3131 3711 3184 καθέ-

471 3233 694 3275 carnem
738 3234 867 3273 vero
916 3228 1128 3288 separat
1167 3220 1234 3273 ab
1265 3219 1520 3288 operibus
1548 3217 1704 3273 Verbi
1733 3236 1747 3272 :
1792 3227 1847 3273 et
1879 3218 2038 3273 relin-

2143 3216 2352 3282 ζεσθαι,
2384 3211 2539 3283 οὗτος
2566 3219 2727 3283 αὐτός
2754 3238 2916 3292 φησιν
2941 3220 3108 3292 αὐτὴν
3144 3221 3348 3294 ἔρημον
3376 3222 3606 3276 ἔσεσθατ
3623 3223 3721 3277 καὶ

469 3314 590 3382 quit
631 3311 820 3365 nescio
866 3311 954 3365 ubi
991 3312 1304 3365 destitutam
1345 3327 1358 3363 :
1392 3309 1750 3363 immortalem
1797 3320 1944 3365 certe
1986 3318 2041 3364 et

468 3402 932 3470 incerruptibilem
959 3419 974 3454 :
1010 3401 1301 3455 inanimem
1326 3415 1473 3465 vero,
1499 3409 1555 3454 et
1579 3399 1833 3456 destituta
1865 3401 2039 3456 Verbo

469 3495 545 3549 ab
571 3493 717 3547 omni
749 3507 913 3562 opere
937 3492 1241 3546 feriantetn.
1272 3491 1401 3557 Quae
1438 3493 1551 3561 ipsa
1582 3490 1651 3545 de
1687 3507 1792 3546 non
1827 3492 2039 3547 intelle-

463 3587 576 3640 ctis
602 3585 1009 3652 Scripturarum
1044 3581 1369 3637 lectionibus
1410 3581 1655 3636 stabilire
1683 3581 1865 3635 voluit.
1902 3581 2038 3636 Nam

465 3691 595 3731 eum
625 3676 883 3729 Servator
915 3674 980 3728 ad
1006 3687 1120 3739 eos,
1149 3673 1240 3743 qui
1276 3687 1380 3726 non
1408 3670 1698 3741 capiebant
1725 3687 2035 3727 sermonem

464 3782 650 3832 suum,
689 3768 755 3820 de
776 3779 940 3819 carne
965 3775 1141 3818 suaet
1163 3764 1423 3832 sanguine
1465 3764 1825 3817 disserentem
1885 3763 2035 3818 dice-

468 3871 573 3927 ret,
595 3860 823 3914 Haecine
838 3874 922 3911 vos
946 3856 1316 3912 scandalizat?
1334 3855 1396 3909 Si
1422 3870 1543 3923 ergo
1568 3854 1805 3908 videritis
1834 3852 2036 3907 Filium

467 3953 694 4008 hominis
728 3951 1091 4005 ascendentem
1118 3947 1208 4002 ubi
1232 3955 1348 4000 erat
1378 3947 1543 4013 prius.
1571 3946 1798 4012 Spiritus
1821 3956 1919 4009 est.
1946 3947 2035 4015 qui

467 4043 736 4110 oioi/icat:
781 4058 906 4094 caro
958 4057 1062 4094 non
1114 4040 1320 4106 prodest
1357 4038 1664 4107 quidquam.
1708 4035 1879 4091 Verba
1918 4053 2036 4106 qua:

467 4152 564 4204 ego
586 4135 790 4189 locutus
820 4148 934 4186 sum
957 4131 1100 4187 vobis
1128 4130 1343 4198 spiritus
1372 4140 1418 4181 et
1448 4130 1550 4182 vita
1578 4139 1698 4182 sunt
1722 4129 1814 4183 ⁹¹’.

2142 3316 2384 3388 ὀρφανὴν
2410 3317 2468 3370 ἐν
2493 3316 2571 3388 τῷ
2601 3317 2695 3370 τοῦ
2716 3318 2914 3382 παντὸς
2931 3319 3073 3373 τέλει
3098 3336 3112 3349 ·
3149 3320 3284 3374 ἑνῶν
3318 3321 3416 3391 μὲν
3438 3321 3529 3376 τὸν
3548 3322 3721 3390 Λόγον

2142 3406 2221 3478 τῷ
2245 3406 2383 3479 Θεῷ,
2410 3407 2507 3479 τὴν
2539 3408 2597 3462 δὲ
2630 3409 2808 3480 σάρκα
2837 3411 3086 3483 χωρίζων
3116 3411 3216 3482 τῆς
3237 3411 3329 3465 τοῦ
3352 3412 3522 3481 Λόγου
3565 3413 3721 3483 ἐνερω

2145 3502 2319 3570 γείας,
2351 3502 2444 3557 καὶ
2482 3502 2798 3558 καταλιπὼν
2837 3504 3025 3577 αὐτὴν,
3054 3507 3156 3560 οὐκ
3190 3502 3285 3559 οἷδ’
3316 3507 3478 3569 ὅπως,
3508 3506 3718 3560 ἀθάνα-

2140 3605 2233 3642 τον
2281 3589 2379 3660 μὲν
2423 3590 2516 3643 καὶ
2561 3586 2861 3662 ἄφθαρτον,
2896 3592 3101 3663 ἄψυχον
3129 3593 3185 3647 δέ
3226 3595 3319 3647 καὶ⁹
3358 3597 3709 3666 ἁνενέργητον

2142 3677 2250 3731 ὑπὸ
2276 3676 2371 3732 τοῦ
2402 3679 2596 3747 Λόγου.
2647 3680 2757 3733 Καὶ
2793 3681 2967 3735 ταῦτα
3008 3682 3065 3734 δὲ
3115 3683 3276 3738 πάλιν
3311 3686 3371 3736 ἐκ
3406 3683 3509 3737 τῶν
3549 3683 3714 3736 θείων

2139 3770 2602 3839 ἀναγνωσμάτων,
2635 3771 2671 3825 ἀ
2723 3772 2797 3844 μὴ
2832 3772 3077 3845 νενόηκε,
3135 3778 3386 3847 συνιστᾷν
3435 3778 3709 3846 πειρᾶται.

2139 3859 2247 3911 Τοῦ
2285 3859 2392 3930 γάρ
2430 3861 2685 3934 Σωτῆρος
2743 3864 2900 3935 ἡμῶν
2952 3867 3087 3939 πρὸς
3142 3867 3268 3931 τοὺς
3309 3867 3382 3938 μὴ
3435 3867 3718 3931 συνιέντας

2139 3949 2239 4014 τὰς
2268 3951 2397 4021 περὶ
2426 3951 2527 4021 τῆς
2551 3954 2754 4025 σαρκὸς
2778 3956 2873 4008 καὶ
2901 3955 2995 4009 τοῦ
3026 3958 3257 4028 αἵματος
3281 3959 3444 4012 αὑτοῦ
3464 3958 3716 4011 δτδασκαι

2142 4041 2262 4105 λίας
2282 4043 2562 4113 εἰρηκότος
2577 4059 2591 4074 °
2634 4045 2814 4100 Τοῦτο
2838 4045 2994 4115 ὑμᾶς
3018 4048 3436 4115 σκανδαλίζει;
3468 4049 3577 4103 ἐὰν
3600 4044 3724 4104 οὖν

2141 4129 2397 4199 θεωρῆτε
2438 4132 2546 4186 τὸν
2600 4134 2739 4188 Υἱὸν
2768 4135 2875 4190 τοῦ
2909 4138 3221 4205 ἀνθρώπου
3278 4140 3719 4203 ἀναϐαίνοντα,

468 4223 622 4278 ὅπου
652 4222 732 4291 ἦν
752 4221 817 4274 τὸ
835 4222 1142 4288 πρότερον,
1155 4219 1218 4273 τὸ
1240 4215 1478 4286 Πνεῦμὰ
1491 4217 1620 4268 ἐστι
1642 4215 1707 4268 τὸ
1725 4214 2066 4282 ζωοποιοῦν,
2106 4218 2144 4285 ἡ
2165 4218 2320 4287 σὰρξ
2377 4221 2486 4274 οὐκ
2507 4220 2727 4291 ὠφελεῖ
2765 4224 2963 4279 οὐδέν·
2986 4227 3309 4297 τὰηρήματα
3330 4229 3368 4282 d
3399 4229 3517 4299 ἐγὼ
3536 4228 3721 4283 λελά-

465 4320 627 4384 ληκα
646 4312 805 4384 ὑμῖν,
837 4311 1071 4381 πνευμά
1091 4309 1343 4371 ἐστικαὶ
1371 4306 1480 4377 ζωή
1511 4309 1662 4361 ἐστι.

1114 4397 1266 4453 CAP.
1308 4397 1395 4452 XI.

469 4494 624 4560 Quod
654 4509 825 4546 vocem
851 4489 1203 4557 evangelicum
1237 4505 1339 4541 non
1365 4487 1684 4560 intelligens,
1715 4489 1852 4542 dixit
1875 4504 2031 4543 scan-

540 4563 830 4627 .tlulizare,
860 4572 906 4615 et
937 4556 1071 4614 nihil
1097 4560 1341 4628 prodesse
1365 4573 1579 4611 carnem
1616 4556 1935 4614 Servatoris.

538 4720 770 4775 Sensum
808 4718 1095 4772 verborum
1137 4731 1241 4768 non
1276 4713 1707 4783 apprehendens,
1750 4714 2033 4768 existima-

2772 4403 2931 4459 ΚΕΦ.
2981 4405 3079 4457 ῙΑ’.

2143 4490 2337 4562 Ὄξτως
2352 4489 2437 4562 μὴ
2464 4489 2694 4562 νοήσας
2717 4490 2833 4559 τὴν
2848 4492 3258 4562 ,εὐαγγελικὴν
3294 4493 3502 4562 φωνὴν
3525 4509 3716 4548 σκαν-

2209 4560 2469 4620 δαλίζειν
2488 4561 2603 4628 ἔφη
2640 4560 2754 4629 τὴν
2778 4560 2974 4630 σάρκα
3000 4560 3106 4617 ἑοῦ
3134 4560 3427 4632 Σωτῆρος,
3450 4560 3572 4617 ista)
3593 4581 3716 4633 μη-

2209 4630 2316 4683 δὲν
2334 4630 2606 4698 ὠφελεῖν.

2212 4718 2324 4788 (84)
2355 4719 2468 4772 Οὐκ
2497 4720 2798 4790 ἐπιστήσας
2817 4722 2882 4791 τῇ
2904 4720 3110 4792 διανοίᾳ
3135 4720 3228 4773 τοῦ
3246 4719 3422 4789 λόγου,
3441 4719 3717 4774 ὑπέλαϐεν

466 4814 545 4869 vit
568 4812 717 4867 illum
747 4809 835 4864 hic
866 4809 1089 4875 rejicere
1134 4810 1192 4870 >14
1247 4816 1464 4860 carnem
1496 4821 1655 4873 quam
1676 4812 2039 4873 assumpserat

2142 4809 2305 4863 αὑτὸν
2332 4810 2542 4863 ἀθετεῖν
2572 4809 2671 4881 τὴν
2696 4811 2894 4883 σάρκα,
2925 4811 2991 4882 ἢν
3016 4810 3301 4883 ἀνείληφεν
3337 4816 3402 4864 ὲκ
3430 4814 3526 4882 τῆς
3551 4812 3718 4880 ἁγίας

463 4909 535 4960 de
586 4913 774 4959 sancta
829 4899 1071 4968 Virgine.
1124 4903 1301 4968 Atque
1351 4899 1547 4952 exinde
1603 4896 1872 4952 coniicere
1909 4898 2035 4963 Vvult

466 4995 624 5061 illud,
661 5002 783 5064 post
827 4990 1012 5045 mundi
1064 4988 1587 5044 consummationem
1634 4986 1727 5040 Dei
1751 4985 2032 5052 .Verbunt,

465 5089 624 5159 plane
657 5084 912 5139 nudatam
946 5083 1091 5136 omni
1122 5081 1433 5149 operatione
1477 5093 1695 5135 carnem
1743 5094 1895 5133 suam
1940 5082 2037 5133 de-

544 5184 601 5241 >I4
624 5176 727 5231 Ed.
756 5174 951 5238 Paris.,
986 5188 1108 5243 pag.
1132 5171 1253 5227 178.
1284 5171 1405 5227 179.
1480 5172 1528 5205 ⁹⁹
1555 5170 1573 5225 1
1607 5171 1732 5227 Cor.
1764 5186 1886 5231 xm.
1923 5170 2008 5230 12.

2157 5171 2325 5227 Εοοιί.
2367 5187 2462 5238 vn,
2500 5172 2589 5239 M,
2631 5172 2717 5229 15.
2792 5174 2837 5207 ⁸⁸
2884 5173 2985 5229 lsa.
3022 5175 3222 5241 Ix,15.

463 5247 635 5304 62-64

539 5370 669 5482 (80)⁸
696 5409 1117 5482 Ἇνπρέπουρνι
1152 5404 1433 5482 δόγματα.
1456 5402 1654 5482 Asterii
1686 5401 1955 5482 nimirum
1979 5412 2035 5459 et

467 5473 819 5541 Arianorum,
848 5473 984 5545 quos
1016 5473 1305 5530 Marcellus
1345 5474 1705 5545 oppugnabat.
1759 5473 1882 5545 ldeo
1913 5475 2033 5528 sine
2128 5494 2129 5501 η

468 5551 689 5604 disertis
720 5542 1015 5617 Scriptum
1052 5545 1372 5617 verbis,qad
1406 5542 1626 5617 illarum
1680 5543 2031 5617 qua;sti_one_t_n

468 5635 575 5674 non
618 5612 1001 5677 responsurum
1034 5629 1092 5669 se
1122 5616 1217 5669 ait.
1255 5614 1333 5669 Ad
1370 5612 1505 5667 alios
1540 5626 1668 5666 vero
1702 5613 1792 5681 qui
1829 5614 2036 5680 simpli—

467 5690 625 5751 citer,
665 5702 763 5739 nec
790 5685 1079 5756 ἐριστικῶς
1123 5687 1478 5756 interrogent,
1507 5681 2033 5756 se_dicturnm._lta_-

467 5773 574 5826 qne
605 5750 703 5825 pro
724 5750 859 5826 πρὸς
881 5754 1024 5826 τοὺς,
1057 5758 1287 5826 legerem
1311 5750 1469 5826 Δπρός
1512 5750 1727 5817 ἄλλους,
1771 5751 1853 5808 τοι
1893 5750 2035 5804 ἐκεί-

466 5821 621 5891 νους,
645 5821 779 5888 τοὺς
800 5824 889 5879 τὸν
918 5821 1140 5895 ἀκριϐῆ,
1171 5834 1276 5878 etc.
1310 5821 1381 5876 Μ.

2137 4902 2437 4974 Παρθένου.
2483 4896 2595 4955 Εἶτ’
2627 4903 2693 4955 ὲκ
2727 4903 2915 4955 τούτου
2966 4905 3215 4973 πειρᾶται
3256 4905 3715 4968 κατασκευάζειν,

2136 4988 2210 5051 ὡς
2238 4989 2377 5057 μετά
2408 4989 2504 5060 τὴν
2539 4988 2840 5043 συντέλειαν
2862 4991 2955 5043 τοῦ
2980 4991 3200 5054 παντὸς.
3230 4991 3434 5063 ἔρημον
3457 4993 3556 5062 τῆς
3580 4994 3716 5045 ἐαυ-

2136 5078 2231 5132 τοῦ
2264 5081 2540 5151 ἐνεργείας
2564 5084 2622 5133 ἐν
2636 5081 2713 5151 τῷ
2738 5080 2855 5152 Θεῷ
2868 5082 3038 5151 Λόγος
3059 5081 3372 5153 καταλείψει
3395 5085 3492 5155 τὴν
3510 5084 3719 5154 σάρκα.

3307 5177 3374 5208 ⁸³⁸
3412 5175 3567 5231 Joan.
3606 5192 3712 5244 τι..

2210 5404 2320 5476 (8!)
2351 5403 2519 5476 Yulso
2541 5407 2759 5476 γραφῆς
2776 5405 3009 5476 ἐκείνηςο

2234 5474 2322 5546 82)
2355 5472 2523 5546 Vitligo
2549 5472 2852 5546 προλαϐών,
2886 5472 3089 5546 ειιιιοκ
3109 5472 3182 5546 μὴ
3216 5473 3492 5546 προσθείς.

2230 5545 2320 5610 85)
2348 5544 2540 5611 Νίκην
2560 5544 2884 5612 οίτέςοανον.
2915 5545 3068 5598 Esset
3102 5544 3279 5612 νίκης.
3315 5544 3384 5599 Μ.

2230 5614 2319 5684 84)
2383 5615 2506 5667 Οὐκ
2548 5613 2884 5686 ἐπιστήσας
2939 5611 3061 5686 εῇη
3094 5611 3289 5686 Annon
3337 5614 3536 5669 rectius
3608 5615 3722 5686 τὴν

2138 5683 2397 5755 διάνοιαν,
2415 5692 2521 5755 _aut
2569 5683 2883 5755 τῇγδιανοίᾳ
2918 5683 3010 5736 τὸν
3050 5683 3229 5755 λόγον,
3279 5684 3349 5737 ita
3391 5683 3720 5755 enituablti

2139 5752 2541 5878 hoqttittttrﬁ’osl
2564 5752 2724 5821 ἁγίας
2744 5752 2921 5811 addidi
2942 5752 3243 5827 Παρθένου,
3263 5754 3403 5823 quod
3421 5753 3721 5809 manifeste

2175 5838 2297 5877 cera
2331 5861 2343 5877 .
2445 5862 2458 5875 .

2175 5832 2343 5877 ccrat.
2388 5832 2458 5876 Μ.
