4082 6420
382 402 512 458 10M

1293 403 1378 458 DE
1417 403 1955 460 ECCLESIASTICA
2000 404 2394 460 TIIEOLOGIA
2438 407 2563 462 LIB.
2601 408 2689 462 III.

3476 416 3616 470 IO‘Z‘!

379 520 688 592 Δᾶγειγοῦν
705 526 884 586 αὐτοῖς
915 526 1141 595 ῥήμασι*
1172 544 1189 575 ι
1214 525 1348 596 Περὶ
1370 526 1477 596 γὰρ
1509 528 1605 597 τῆς
1637 527 1854 598 σαρκὸς,
1879 528 1945 596 ἢν

2053 528 2383 582 relicturum.
2417 528 2588 582 Verba
2621 529 2737 596 ejus
2798 538 2922 581 sant
2973 527 3064 599 [ιι.
3098 527 3228 590 ειν,
3269 527 3392 583 coll.
3431 545 3485 598 p.
3526 532 3616 596 5t,

387 633 408 668 ι
443 615 580 687 ἔχων
602 616 793 686 ὡμίλει
815 619 926 678 τοῖς
954 618 1239 688 μαθηταῖς,
1258 617 1399 671 οὕτω
1419 618 1585 686 λέγει·
1610 621 1784 673 Τοῦτο
1799 618 1952 688 ὑμᾶς

387 725 410 761 s
442 705 818 769 σκανδαλίζει
838 728 855 774 ;
881 710 989 763 ἐὰν
1007 707 1122 764 οὖν
1151 709 1313 778 ἴδητε
1337 712 1442 763 τὸν
1462 711 1594 764 Υὶὸν
1614 712 1718 765 τοῦ
1732 713 1952 780 ἀνθρὼ-

389 818 411 852 s
446 815 562 854 που
595 803 866 862 ἀπιόντα,
898 802 1049 855 ὅπου
1079 798 1155 870 ἦν
1176 801 1239 854 τὸ
1268 803 1588 870 πρότερον;
1616 803 1680 855 τὸ
1708 805 1953 872 Πνεῦμα

388 906 410 940 s
449 888 726 953 ζωοποιεῖ,
750 891 787 956 ἡ
827 891 982 959 σὰρξ
1007 891 1114 957 (85)
1143 891 1321 943 οὐδὲν
1339 890 1570 959 ὠφελεῖ.
1597 892 1658 943 Εἰ
1683 889 1772 945 οὖν
1821 893 1950 962 ὁμο-

391 1001 408 1032 ι
449 980 594 1048 λογεί
642 981 738 1052 τὴν
797 981 970 1052 σάρκα
998 981 1174 1052 μηδὲν
1203 982 1311 1048 (86)
1341 982 1568 1050 ὠφελεῖν
1594 985 1752 1036 αὑτὸν
1775 1024 1789 1045 ,
1836 985 1953 1050 πῶς

392 1089 411 1122 s
453 1073 683 1142 ἐγχωρεῖ
703 1071 798 1142 τὴν
825 1074 887 1124 ὲκ
919 1075 1020 1142 γῆς
1050 1089 1109 1123 τε
1143 1067 1304 1124 οὖσαν
1337 1073 1430 1124 καὶ
1460 1073 1622 1142 μηδὲν
1643 1073 1952 1142 ὠφελοῦσαν

389 1179 409 1212 ε
455 1163 549 1215 καὶ
580 1164 635 1214 ὲν
661 1166 771 1224 τοῖς
803 1161 1083 1232 μέλλουσιν
1114 1162 1224 1231 (87)
1257 1163 1446 1215 αἰῶσιν
1479 1162 1628 1233 αὐτῷ
1651 1163 1953 1216 λυσιτελοῧο

391 1274 409 1306 ‹
449 1271 568 1319 σαν,
593 1258 824 1308 συνεῖναι
852 1254 928 1324 τῷ
967 1253 1157 1325 Λόγῳ;
1195 1274 1213 1305 ιι
1257 1257 1419 1326 Ὁρᾷς
1445 1257 1541 1326 ὅσῃ
1574 1256 1831 1327 κέχρηται
1858 1255 1950 1308 τοῦ

383 1347 737 1414 εὖαγγελικοῦ
769 1347 924 1415 λόγου
951 1344 1268 1418 διαστροφῇ,
1297 1348 1386 1400 διὰ
1409 1349 1467 1400 τὸ
1487 1350 1558 1420 μὴ
1593 1333 1825 1402 συνιέναι
1858 1349 1950 1402 τοῦ

383 1437 556 1505 Λόγου
583 1439 680 1510 τὴν
721 1441 983 1510 σωτήριον
1013 1439 1217 1510 φωνὴν,
1246 1440 1392 1503 ὅπως
1442 1441 1689 1511 εἴρηται,
1731 1443 1822 1495 καὶ
1865 1441 1952 1496 διὰ

383 1527 542 1582 ποίαν
574 1525 774 1581 αἰτίαν.

1032 1717 1186 1767 ΚΕΦ.
1241 1715 1339 1768 1Β’.

601 1795 908 1870 Ἐρμηνεία
932 1804 1042 1870 τῆς
1078 1805 1469 1874 εὐαγπένιικιῆς
1497 1807 1739 1873 λέξεως.

2053 621 2094 673 C
2124 619 2140 690 ]
2177 634 2191 671 :
2222 640 2239 670 ι
2270 621 2340 672 De
2366 635 2528 673 carne
2548 636 2708 688 quam
2739 620 2992 685 trahebat,
3013 635 3133 672 cum
3156 631 3464 673 versaretur
3494 636 3615 675 cum

2059 730 2077 761 ι
2125 711 2398 778 discipulis
2423 712 2552 773 suis,
2583 711 2653 763 ita
2689 711 2960 779 loquitur:
2993 710 3105 762 Hoc
3133 728 3219 764 vos
3247 713 3574 764 scandalizat
3595 714 3624 765 .’

2058 821 2076 853 ι
2122 805 2167 856 si
2198 820 2319 872 ergo
2350 804 2586 856 videritis
2622 801 2822 856 Filium
2867 803 3097 854 hominis
3123 804 3488 856 ascendentem
3526 803 3618 857 ubi

2060 916 2078 948 ι
2124 908 2232 948 erat
2279 899 2462 963 prius?
2491 895 2721 962 Spiritus
2766 905 2838 946 est
2890 896 2979 964 qui
3031 894 3256 961 rivifirat
3283 909 3302 946 .·
3355 909 3477 946 curo
3515 909 3620 947 non

2059 1009 2077 1042 ι
2123 993 2329 1060 prodest
2353 992 2656 1059 quidquam.
2694 989 2748 1042 Si
2780 1003 2909 1056 ergo
2942 1003 3090 1039 snam
3121 1003 3340 1040 carnem
3367 1003 3470 1040 non
3496 1002 3623 1053 pro-

2058 1101 2076 1134 ι
2122 1085 2276 1136 desse
2311 1084 2600 1150 quidquam
2639 1079 2890 1144 fateatur,
2938 1079 3208 1147 quomodo
3259 1078 3372 1131 ﬁeri
3419 1088 3615 1144 potest,

2057 1191 2076 1225 ι
2124 1185 2180 1228 ιιι
2211 1189 2326 1241 qua:
2357 1185 2562 1240 sumpta
2594 1173 2661 1222 sit
2696 1173 2760 1224 de
2799 1183 2937 1223 terra
2975 1181 3027 1222 et
3062 1168 3191 1221 nihil
3238 1171 3408 1236 prosit
3443 1184 3456 1232 ;
3492 1177 3618 1219 tan-

2058 1283 2077 1316 r
2125 1281 2284 1332 quam
2318 1280 2436 1333 qua:
2467 1264 2720 1330 prodesse
2754 1270 2988 1328 poterat,
3044 1258 3276 1312 aﬂutura
3333 1255 3510 1310 Verbo
3545 1255 3619 1311 sit

2058 1376 2076 1407 ι
2123 1356 2176 1407 in
2221 1354 2398 1408 frttnro
2427 1355 2643 1407 sarculo.
2680 1373 2698 1405 ι
2747 1352 2884 1405 Ecce
2936 1365 3096 1418 quam
3143 1363 3392 1417 perverse
3423 1354 3619 1398 tractet

2052 1460 2355 1500 sermonem
2383 1446 2783 1512 evangelicum:
2839 1457 2903 1494 eo
2937 1441 3080 1510 quod
3127 1442 3418 1493 salutarent
3455 1437 3618 1491 Verbi

2051 1553 2237 1590 vocem
2295 1551 2395 1589 non
2443 1537 2706 1605 percipiat
2755 1544 2938 1588 recte:
2991 1548 3088 1585 nec
3125 1532 3177 1584 in
3223 1547 3380 1599 quem
3431 1529 3616 1599 ﬁnem,

2052 1639 2144 1694 aut
2171 1631 2239 1684 ob
2273 1643 2433 1697 quam
2465 1641 2680 1680 causam
2718 1634 3030 1692 usurpetur,
3060 1623 3342 1694 intelligat.

2674 1717 2824 1771 CAP.
2887 1715 3002 1770 XII.

2370 1809 2693 1879 Evangelicaz
2741 1811 2878 1861 vocis
2921 1807 3301 1876 interpretatio.

463 1891 622 1944 Ἀλλὰ
674 1866 735 1944 σύ
763 1866 842 1961 ⁷γε
879 1866 1162 1948 ἀναλαϐὼν
1319 1866 1942 1970 εὐαγγελικὴνΤραφὴν,

2124 1903 2203 1958 'l'n
2253 1912 2452 1964 autem,
2495 1908 2709 1968 recepto
2745 1898 3016 1967 Evangeﬁi
3062 1897 3386 1956 testimonio.
3429 1895 3624 1950 Servs-

381 1975 480 2034 Θέα
514 1982 608 2050 τὴν
625 1987 803 2036 πᾶσαν
833 1985 926 2037 τοῦ
959 1987 1206 2058 Σωτῆρος
1229 1988 1381 2058 ἡμῶν
1415 1991 1778 2055 διδασκαλίαν,
1801 1994 1946 2056 ὅπως

379 2075 440 2128 οὺ
477 2076 601 2146 περὶ
628 2072 690 2146 ἦς
720 2078 971 2146 ἀνείληφε
1004 2081 1203 2151 σαρκὸς
1245 2081 1538 2150 διελέγετο,
1588 2087 1714 2155 περὶ
1755 2086 1811 2137 δὲ
1851 2085 1944 2137 τοῦ

383 2165 644 2234 μυστικοῦ
681 2166 928 2238 σώματός
952 2186 1010 2221 τε
1042 2170 1134 2223 καὶ
1168 2171 1414 2239 αἵματος.
1463 2173 1675 2244 Ἐπειδὴ
1701 2174 1806 2244 γὰρ
1834 2177 1946 2236 τοῖς

381 2255 541 2308 πέντε
569 2257 752 2328 ἄρτοις
774 2258 963 2329 ἔθρεψε
1001 2261 1070 2312 τὰ
1096 2259 1295 2331 πλήθη,
1333 2262 1473 2331 μέγα
1502 2263 1557 2314 δὲ
1584 2261 1762 2331 Θαῦμα
1791 2261 1946 2315 τοῦτο

381 2347 621 2418 παρέσχε
662 2352 771 2412 τοῖς
802 2351 1120 2422 ἑωρακόσιν,
1189 2353 1448 2405 Ἰουδαίων
1503 2353 1558 2405 δὲ
1598 2356 1644 2405 οί
1699 2353 1941 2407 πλεῖστοι

383 2435 804 2502 ἐξευτελίζοντες
819 2441 880 2492 τὸ
901 2442 1138 2508 γεγονὸς,
1157 2440 1338 2510 ἔλεγον
1355 2442 1520 2514 αὐτῷ·
1551 2445 1608 2496 Τί
1629 2439 1740 2498 οὖν
1756 2444 1946 2509 ποιεῖς

379 2528 463 2580 σὺ
493 2531 764 2597 σημεῖον,
820 2532 921 2586 ἵνα
966 2533 1181 2601 ἴδωμεν
1214 2534 1311 2587 καὶ
1345 2534 1790 2603 πιστεύσωμεν;
1829 2531 1947 2589 εἶτα

382 2621 717 2690 παρέϐαλλον
739 2625 798 2676 τὸ
827 2626 998 2695 μάννα
1024 2626 1083 2678 τὸ
1110 2627 1166 2679 ἐν
1195 2629 1260 2696 τῇ
1295 2629 1390 2698 ὲρή
1403 2645 1508 2696 μῳ,
1557 2627 1798 2695 λέγοντες
1818 2646 1831 2659 ·
1881 2629 1945 2681 Οἱ

381 2711 630 2778 πατέρες
674 2712 841 2782 ἡμῶν
887 2715 954 2769 τὸ
987 2716 1185 2786 μάννα
1231 2719 1456 2786 ἔφαγον
1496 2718 1566 2770 ἐν
1607 2715 1680 2784 τῇ
1711 2716 1906 2786 ἐρήμῳ
1928 2757 1943 2784 ,

381 2801 572 2864 καθώς
617 2805 745 2857 ἐστι
788 2807 1207 2876 γεγραμμένον,
1246 2811 1460 2877 Ἀρτον
1490 2809 1559 2862 ἐκ
1612 2809 1718 2862 τοῦ
1768 2812 1944 2878 οὐραα

380 2895 490 2947 νοῦ
533 2895 640 2966 (88)
688 2896 944 2952 δέδωκεν
970 2900 1172 2964 αὐτοῖς
1195 2900 1440 2970 φαγεῖν·
1504 2901 1638 2971 πρὸς
1700 2899 1868 2953 ταῦτα
1917 2901 1946 2953 ό

382 2984 571 3053 Σωτὴρ
608 2987 936 3058 ἀπεκρίνατο
961 3006 974 3019 ·
1029 2990 1226 3059 Ἀμὴν,
1280 2989 1439 3058 ἀμὴν
1469 2987 1622 3059 λέγω
1659 2989 1820 3058 ὑμῖν,
1874 2991 1946 3044 οὐ

379 3075 641 3144 Μωῡσῆς
661 3079 884 3133 ἔδωκεν
910 3081 1052 3148 ὑμῖν
1092 3081 1197 3134 τὸν
1235 3080 1417 3149 ἄρτον
1436 3081 1503 3134 ἐκ
1525 3081 1630 3134 τοῦ
1655 3083 1944 3150 οὐρανοῦ,

379 3166 518 3220 ἀλλ’
557 3173 589 3221 ὀ
631 3170 830 3238 Πατήρ
866 3190 984 3240 μου
1023 3173 1269 3226 δίδωσιν
1295 3173 1436 3240 ὑμῖν
1477 3171 1584 3226 τὸν
1616 3172 1796 3240 ἄρτον
1839 3173 1948 3226 τὸν

335 3268 338 3270 ⁷
383 3258 675 3324 ἀληθινόν
695 3261 761 3312 ἐκ
783 3260 890 3313 τοῦ
919 3263 1197 3327 οὐρανοῦ.
1221 3259 1330 3315 Εἶτ’
1353 3263 1599 3334 ἐπιφέρει
1621 3280 1632 3294 ·
1833 3266 1948 3333 εἰμι

379 3351 415 3400 ό
434 3348 611 3416 ἄρτος
633 3348 740 3417 τῆς
778 3348 949 3415 ζωῆς.
987 3351 1094 3403 Καὶ
1121 3352 1279 3404 πάλιν
1297 3369 1308 3380 ·
1345 3350 1483 3418 Ἐγώ
1513 3353 1628 3416 εἰμι
1653 3354 1684 3404 ὀ
1711 3353 1886 3420 ἄρτος
1915 3357 1948 3406 ό

383 3438 640 3504 καταϐὰς
663 3439 730 3492 ἐκ
751 3441 856 3494 τοῦ
883 3442 1159 3508 οὐρανοῦ.
1197 3441 1306 3493 Καὶ
1338 3438 1491 3505 αὖθις
1516 3459 1529 3473 ο
1563 3443 1626 3494 '0
1660 3441 1727 3494 δὲ
1769 3443 1947 3509 ἄρτος

381 3526 454 3579 ὃν
471 3527 585 3596 ἐγὼ
607 3528 797 3592 δώσω,
816 3531 878 3583 τὸ
903 3531 1071 3600 σῶμά
1097 3550 1215 3600 μου
1242 3533 1393 3586 ἐστι’.
1411 3533 1518 3585 Καὶ
1537 3533 1695 3585 πάλιν
1731 3531 1950 3604 προστί-

383 3619 555 3689 θησιν·
598 3622 800 3691 Ἀμὴν,
825 3625 986 3692 ἀμὴν
1004 3625 1155 3693 λέγω
1173 3625 1331 3694 ὑμῖν,
1351 3626 1458 3678 ἐὰν
1477 3624 1561 3694 μὴ
1593 3624 1821 3694 φάγητε
1835 3623 1950 3692 τὴν

379 3711 577 3778 σάρκα
601 3713 701 3766 τοῦ
731 3713 868 3767 Υιοῦ
880 3714 981 3768 τοῦ
1013 3715 1344 3782 ἀνθρώπου,
1362 3715 1459 3768 καὶ
1489 3719 1660 3783 πίητε
1679 3716 1863 3770 αὐτοῦ
1882 3715 1948 3770 τὸ

379 3797 544 3870 stipa,
558 3805 669 3858 οὐκ
680 3803 846 3871 ἔχετε
863 3805 1015 3867 ζωὴν
1030 3808 1099 3860 ἐν
1115 3807 1365 3872 ἑαυτοῖς.
1387 3809 1446 3860 '0
1460 3805 1690 3875 τρώγων
1699 3826 1816 3877 μου
1836 3807 1950 3875 τὴν

381 3894 598 3962 σάρκα,
627 3898 723 3949 καὶ
765 3897 954 3949 πίνων
971 3915 1090 3965 μου
1108 3898 1170 3950 τὸ
1190 3895 1350 3966 αἷμα,
1372 3900 1496 3967 ἔχει
1519 3898 1671 3966 ζωὴν
1689 3900 1947 3964 αἰώνιον,

383 3986 481 4039 καὶ
505 3986 618 4056 ἐγὼ
637 3987 962 4054 ἀναστήσω
989 3989 1177 4042 αὑτὸν
1203 3990 1272 4042 ἐν
1300 3989 1371 4057 τῇ
1407 3990 1638 4059 ἐσχάτῃ
1658 3993 1849 4060 ἡμέρᾳ
1868 4009 1882 4022 ·
1909 3993 1947 4059 ἠ

385 4078 494 4147 γὰρ
523 4077 679 4145 σάρξ
704 4097 822 4147 μου
865 4081 1098 4146 ἀληθής
1130 4081 1258 4133 ἐστι
1297 4079 1548 4149 βρῶσις,
1585 4082 1681 4134 καὶ
1711 4083 1775 4135 τὸ
1808 4079 1950 4152 αἷμά

377 4187 498 4238 μου
521 4169 752 4236 ἀληθής
771 4171 899 4222 ἐστι
925 4173 1130 4236 πόσις·
1158 4175 1190 4224 ό
1220 4171 1453 4240 τρώγων
1468 4191 1586 4241 μου
1618 4173 1732 4240 τὴν
1753 4173 1950 4240 σάρκα

385 4263 484 4315 καὶ
519 4264 709 4316 πίνων
734 4280 853 4331 μου
896 4262 962 4315 τὸ
1007 4259 1166 4331 αἷμα,
1203 4264 1272 4315 ἐν
1309 4263 1436 4331 ἐμοὶ
1459 4262 1645 4332 μένει,
1689 4263 1847 4332 κάγὼ
1883 4265 1950 4316 ἐν

382 4353 560 4418 αὐτῷ.
607 4353 791 4406 Ταῦτα
838 4355 932 4406 καὶ
979 4353 1046 4407 τὰ
1087 4354 1307 4406 τοιαῦτα
1359 4355 1759 4426 μυστικώτερον
1786 4353 1948 4409 αὑτοῦ

381 4447 685 4512 διεξιόντος,
704 4447 844 4508 τινὲς
873 4446 980 4498 τῶν
1010 4446 1171 4498 αὑτοῦ
1198 4446 1452 4516 μαθητῶν
1479 4443 1652 4505 εἷπον,
1679 4447 1950 4515 Σκληρός

2053 1995 2183 2049 toris
2206 1991 2500 2044 doctrinam
2546 2000 2688 2043 recte
2719 1989 2997 2056 percipies.
3038 1986 3150 2041 Non
3181 1987 3323 2039 enim
3366 1986 3623 2052 loqueba-

2053 2068 2138 2143 tur
2170 2089 2236 2141 de
2265 2100 2426 2139 carne
2457 2100 2518 2137 ea
2552 2099 2710 2152 quam
2743 2088 3127 2143 assumpserat,
3169 2082 3258 2131 sed
3301 2077 3364 2130 dc
3397 2089 3623 2144 corpore

2049 2191 2103 2233 et
2149 2177 2405 2246 sanguine
2455 2191 2552 2228 suo
2601 2175 2847 2243 mystico.
2916 2171 3049 2225 Nam
3099 2185 3220 2223 cum
3271 2171 3337 2223 de
3383 2170 3621 2236 quinque

2050 2270 2278 2341 panibus
2312 2267 2700 2320 multitudinem
2747 2265 2887 2317 illam
2931 2277 3173 2331 magnam
3213 2269 3532 2322 saturasset,
3567 2267 3623 2313 et

2048 2348 2290 2416 videntes
2320 2359 2420 2413 hoc
2453 2357 2711 2410 miraculo
2743 2354 3061 2409 reddidisset
3085 2350 3342 2404 attonitos
3369 2367 3381 2402 :
3414 2363 3476 2401 ac
3509 2347 3623 2416 ple-

2051 2455 2200 2521 rique
2229 2449 2394 2504 Judaei
2425 2449 2622 2502 factum
2659 2446 2786 2498 illud
2820 2443 3157 2497 viliracerent
3180 2481 3194 2504 ,
3242 2443 3620 2506 dicerentque,

2052 2545 2128 2600 Tu
2157 2561 2275 2612 ergo
2305 2542 2564 2609 quodnam
2589 2541 2792 2605 signum
2840 2535 2994 2602 facis,
3025 2543 3079 2586 ut
3116 2533 3386 2586 videamus
3424 2541 3477 2583 et.
3510 2545 3622 2581 cre-

2050 2634 2348 2688 damus”?
2410 2644 2603 2684 manna
2656 2628 2904 2694 deinceps
2963 2625 3301 2692 allegarent,
3363 2623 3503 2690 quod
3568 2623 3620 2675 in

2051 2731 2262 2784 deserto
2314 2726 2409 2779 fuit
2449 2743 2459 2777 :
2501 2722 2686 2775 Patres
2748 2720 2946 2786 nostri,
2996 2717 3258 2778 dicentes,
3315 2731 3510 2767 manna
3561 2714 3622 2767 in

2051 2821 2251 2872 deserto
2283 2814 2634 2867 comederunt.
2654 2809 3088 2879 quemadmodum
3114 2807 3364 2873 scriptum
3402 2813 3477 2856 est
3522 2803 3618 2868 "',

2053 2909 2252 2962 Panem
2281 2910 2343 2958 de
2377 2907 2502 2958 coelo
2537 2903 2679 2954 dedit
2704 2904 2769 2955 iis
2792 2899 3159 2952 comedendum
3185 2895 3373 2962 “;hic
3407 2907 3627 2962 respos-

2053 3001 2141 3054 det
2200 2998 2458 3050 Servator
2491 3008 2506 3045 :
2541 2994 2724 3056 Amen,
2765 3008 2913 3044 amen
2943 2991 3058 3042 dico
3091 2988 3232 3041 vobis
3257 3028 3270 3050 ,
3296 3003 3399 3040 non
3450 2986 3622 3041 Μσιεο·

2053 3092 2192 3146 dedit
2239 3089 2381 3143 vobis
2415 3103 2598 3150 panem
2647 3085 2710 3136 de
2749 3083 2894 3142 caelo,
2949 3083 3038 3133 sed
3089 3077 3248 3132 Pater
3289 3095 3431 3131 meus
3481 3077 3622 3131 dedit

2054 3180 2195 3235 vobis
2217 3194 2401 3246 panem
2433 3191 2608 3228 verum
2657 3174 2720 3225 de
2767 3171 2892 3224 caelo
2916 3171 2981 3222 ’³.
3014 3169 3078 3224 Et
3113 3169 3280 3232 addit,
3341 3167 3453 3236 Ego
3502 3181 3618 3220 sum

2049 3271 2202 3338 panis
2237 3266 2463 3331 vitaz";
2496 3274 2568 3326 et,
2603 3261 2715 3330 Ego
2749 3279 2864 3315 sum
2899 3262 3049 3329 panis
3094 3259 3184 3328 qui
3231 3259 3296 3310 de
3360 3259 3485 3310 cosio
3529 3258 3621 3310 de-

2049 3360 2226 3414 scendi
2272 3359 2315 3390 ⁹⁷
2353 3372 2368 3420 ;
2401 3365 2474 3418 et,
2527 3353 2688 3406 Panis
2719 3369 2869 3421 quem
2909 3369 2998 3419 ego
3047 3351 3180 3402 dabo
3229 3352 3390 3413 vobis,
3435 3367 3623 3417 corpus

2046 3466 2214 3504 meum
2261 3458 2335 3501 est
2387 3447 2454 3502 ".
2507 3446 2565 3499 Et
2613 3445 2760 3497 addit
2805 3444 2994 3496 iterum
3033 3459 3045 3494 :
3085 3442 3268 3503 Amen,
3301 3458 3452 3494 amen
3501 3442 3620 3494 dico

2047 3542 2212 3601 vobis,
2240 3539 2337 3591 nisi
2365 3536 2697 3590 comederitis
2724 3550 2933 3586 carnem
2969 3531 3097 3584 Filii
3134 3533 3394 3596 hominis,
3425 3542 3472 3584 et
3495 3549 3621 3584 san-

2045 3633 2249 3703 guinem
2275 3627 2385 3698 ejus
2405 3627 2658 3689 biberitis,
2694 3643 2793 3678 non
2817 3624 3069 3676 habebitis
3092 3624 3248 3676 vitam
3280 3623 3332 3675 in
3349 3622 3624 3675 vobismet-

2047 3723 2194 3788 ipsis.
2257 3719 2359 3784 Qui
2400 3717 2503 3770 edit
2561 3732 2769 3768 carnem
2813 3730 3010 3776 meam,
3047 3723 3093 3766 et
3141 3712 3263 3764 bibit
3315 3714 3621 3780 sanguinem

2049 3829 2243 3873 meum,
2278 3810 2428 3862 habet
2453 3809 2608 3860 vitam
2641 3817 2909 3870 a'ternam,
2933 3813 2980 3857 et
3007 3821 3096 3870 ego
3122 3804 3439 3856 resuscitabo
3470 3802 3621 3855 illum

2047 3907 2100 3956 in
2141 3903 2419 3956 novissimo
2459 3901 2564 3951 die.
2607 3897 2743 3950 Caro
2785 3897 2921 3948 enim
2974 3911 3085 3948 mea
3119 3912 3268 3948 verus
3313 3903 3390 3948 est
3444 3897 3616 3958 cibus,

2052 4000 2109 4057 ᾖ(
2139 4006 2181 4046 et
2205 3995 2416 4059 sanguis
2444 4007 2584 4042 meus
2614 4004 2763 4041 verus
2796 3997 2868 4038 est
2902 3996 3054 4052 potus
3083 3999 3100 4036 :
3128 3986 3216 4054 qui
3244 3986 3468 4039 comedit
3499 4001 3619 4038 car-

2049 4103 2160 4138 nem
2183 4102 2370 4148 meum,
2397 4094 2442 4135 et
2468 4081 2588 4133 bibit
2630 4079 2937 4146 sanguinem
2974 4094 3166 4139 meum,
3214 4078 3269 4130 in
3307 4093 3387 4129 me
3422 4087 3618 4141 manet,

2047 4184 2092 4228 et
2123 4191 2216 4242 ego
2238 4175 2289 4226 in
2322 4173 2412 4224 illo
2452 4171 2519 4224 θ’.
2565 4170 2686 4223 llzec
2734 4181 2786 4221 et
2820 4171 2903 4222 his
2943 4170 3138 4223 similia
3176 4170 3439 4238 qnmdam,
3497 4183 3620 4220 cum

2049 4265 2272 4335 mystice
2323 4273 2759 4332 persequeretur,
2804 4260 3021 4328 quidam
3075 4261 3140 4312 de
3179 4258 3452 4324 discipulis
3501 4257 3620 4323 ejus

2051 4357 2347 4410 dixerunt:
2389 4355 2561 4408 Durus
2608 4363 2681 4407 est
2731 4354 2816 4405 hic
2874 4368 3080 4416 sermo;
3137 4351 3251 4421 quis
3298 4359 3461 4417 potest
3503 4364 3620 4402 eum

2049 4450 2237 4500 audire
2271 4448 2331 4500 ’ἲ
2371 4447 2578 4512 Quibus
2609 4447 2685 4499 sic
2717 4447 2993 4511 respondit
3019 4444 3294 4504 Sa-rvator,
3334 4443 3581 4506 inanicns
3603 4481 3618 4496 .

381 4536 553 4588 ἐστιν
585 4537 617 4588 ὁ
649 4536 848 4605 λόγος,
894 4536 984 4600 τίς
1011 4535 1256 4588 δύναται
1284 4535 1468 4588 αὑτοῦ
1493 4536 1768 4598 ἀκούείν;
1815 4534 1948 4607 πρὸς

2057 4537 2167 4592 Hoc
2191 4556 2274 4591 vos
2304 4538 2674 4590 scandalizat?
2700 4539 2745 4590 si
2784 4538 3019 4590 videritis
3056 4553 3175 4603 ergo
3214 4533 3411 4586 Filium
3455 4533 3623 4584 homi-

383 4625 477 4689 οὓς
513 4627 844 4696 ἁπεκρίνατο
871 4629 898 4679 ό
926 4626 1112 4698 Σωτὴρ
1146 4626 1318 4694 λέγων
1341 4640 1356 4656 ο
1384 4627 1560 4680 Τοῦτο
1589 4624 1743 4694 ὑμᾶς
1764 4644 1950 4680 σκαν-

383 4717 635 4779 δαλκ’ζει;
665 4719 772 4770 ἐὰν
791 4717 901 4771 οὖν
922 4715 1173 4784 θεωρῆτε
1199 4717 1306 4769 τὸν
1339 4717 1474 4770 Υἱὸν
1501 4717 1606 4770 τοῦ
1643 4715 1950 4783 ἀνθρώπου

384 4811 802 4872 ἀναϐαίνοντα,
837 4809 986 4862 ὅπου
1014 4805 1090 4876 ἦν
1125 4807 1190 4860 τὸ
1232 4809 1562 4875 πρότερον;
1604 4807 1671 4860 Τὸ
1721 4806 1954 4875 πνεῦμά

384 4900 512 4952 ἐστι
547 4898 610 4950 τὸ
645 4897 980 4958 ζωοποιοῦν,
1021 4899 1058 4965 ἡ
1079 4897 1234 4963 σὰρξ
1263 4899 1373 4950 οὐκ
1399 4897 1618 4966 ὠφελεῖ
1632 4897 1842 4950 οὐδέν’
1883 4896 1955 4949 τὰ

375 4991 615 5058 ῥήματα
658 4989 694 5043 ά
739 4989 1048 5055 λελάληκα
1079 4985 1241 5055 ὑμῖν,
1276 4987 1510 5056 πνεῦμά
1545 4989 1675 5040 ἐστι
1716 4988 1810 5040 καὶ
1842 4985 1950 5054 ζωή

383 5083 532 5136 ἐστι.
561 5083 635 5134 Δι’
662 5077 735 5135 ὧν
776 5083 1054 5135 ἐπαίδευεν
1080 5083 1271 5145 αὐτοὺς
1304 5081 1687 5150 πνευματικῶς
1736 5080 1952 5133 ἀκούειν

382 5174 490 5227 τῶν
520 5191 584 5226 πε
596 5176 647 5244 pi
678 5175 776 5243 τῆς
805 5174 1002 5245 σαρκὸς
1030 5173 1122 5225 καὶ
1153 5172 1245 5225 τοῦ
1269 5173 1495 5242 αἵματος
1517 5172 1678 5225 αὐτοῦ
1705 5171 1954 5242 λελεγμέ-

383 5282 508 5320 νων·
550 5265 625 5336 μὴ
653 5263 762 5336 γὰρ
788 5263 882 5334 τὴν
919 5263 1114 5335 σάρκα,
1145 5263 1211 5334 ῆν
1241 5263 1573 5337 περίκειμαι,
1599 5265 1854 5336 νομίσητέ
1882 5281 1949 5336 με

2058 4631 2138 4684 nis
2174 4633 2535 4682 ascendentem
2562 4629 2648 4680 ubi
2675 4632 2819 4696 prius
2855 4628 2996 4698 fuit?
3028 4626 3252 4694 Spiritus
3279 4637 3351 4679 est
3376 4627 3466 4696 qui
3491 4627 3620 4679 vivi-

2051 4723 2196 4789 licat,
2225 4737 2346 4772 caro
2380 4737 2479 4771 non
2500 4720 2704 4787 prodest
2727 4723 3037 4788 quidquam.
3088 4717 3251 4771 Verba
3278 4735 3392 4782 qua,
3415 4719 3620 4772 locutus

2053 4828 2166 4863 sum
2207 4811 2349 4862 vobis
2377 4812 2596 4876 spiritus
2639 4820 2758 4862 sunt
2786 4823 2831 4862 et
2863 4793 2966 4863 vita
2991 4813 3031 4862 '.
3072 4810 3278 4875 Quibus
3303 4825 3397 4863 eos
3428 4811 3621 4864 docere

2053 4901 2239 4964 voluit,
2269 4900 2619 4969 spiritualiter
2647 4901 2986 4967 intelligenda
3031 4916 3150 4954 esse
3185 4916 3303 4969 qua:
3347 4903 3412 4953 de
3453 4915 3619 4954 carne

2056 5000 2108 5043 ct
2134 4994 2394 5060 sanguine
2437 4994 2773 5046 audiverant.
2825 4993 3000 5046 Nolite
3031 5003 3220 5061 putare
3273 5007 3489 5046 carnem
3535 5007 3621 5044 me

2053 5083 2235 5138 dicere
2271 5100 2428 5152 quam
2457 5085 2781 5138 circumfero
2815 5103 2828 5138 :
2861 5087 3012 5153 quasi
3044 5085 3187 5138 illam
3213 5100 3304 5138 vos
3336 5085 3621 5138 comedere

2052 5185 2302 5242 oporteat
2342 5192 2356 5228 :
2411 5191 2507 5229 nec
2554 5177 2861 5230 existimate
2899 5193 2981 5230 me
3032 5177 3179 5230 vobis
3227 5178 3518 5244 przecipere
3563 5184 3622 5228 ut

2052 5267 2360 5321 sersibilean
2402 5277 2454 5321 et
2502 5268 2835 5336 corporalem
2890 5269 3084 5323 bibatis
3122 5268 3436 5337 sanguinem
3477 5281 3617 5320 ενο-

457 5477 514 5535 Et
554 5472 648 5525 Ed.
684 5471 880 5530 Paris.,
913 5487 1031 5541 pag.
1064 5471 1186 5526 180.
1262 5471 1306 5502 ’³
1334 5468 1488 5542 Joan.
1515 5486 1603 5542 rt,
1636 5471 1738 5542 '50.,
1793 5472 1864 5542 ἐξ*
1896 5471 1948 5524 Et

2052 5488 2207 5530 ωτι.
2253 5473 2340 5527 ιι.
2409 5473 2858 5542 υ]υει..νι,τι.
2901 5447 3212 5528 "ibiJ.52.
3281 5469 3327 5503 η
3356 5468 3487 5525 ibid.
3523 5465 3618 5522 δι.

384 5541 714 5597 οιιυιαμιε.
813 5539 1111 5595 "insulsa.
1187 5543 1231 5574 θ’
1259 5542 1386 5596 ibid.
1413 5539 1482 5594 54
1511 5541 1598 5595 57.

459 5705 570 5772 (85)
609 5705 774 5768 Vulgo
806 5706 988 5776 μηδὲν.

463 5776 572 5840 (86)
607 5775 875 5844 Ὠφελεῖν
893 5779 1095 5830 αὐτόν.
1124 5776 1261 5838 Lege
1291 5777 1492 5840 αὐτοῖς,
1531 5776 1611 5828 vel
1636 5777 1814 5839 αὐτός.
1855 5775 1919 5829 Μ.

465 5848 576 5917 (87)
619 5846 837 5901 Αἱῶσιν
865 5846 1040 5911 αὐτῷ.
1086 5848 1140 5902 In
1203 5865 1444 5916 margine
1495 5847 1769 5914 ὡσαύτως,
1829 5863 1950 5902 vera

1676 5543 1695 5573 ί
1729 5541 1857 5596 ibid.
1889 5544 1976 5596 61.

2054 5543 2074 5573 ³
2107 5545 2238 5598 ibid.
2289 5544 2477 5600 62-54.

2061 5706 2220 5759 lectio
2246 5715 2346 5768 est,
2374 5705 2448 5766 ὡς
2471 5700 2620 5774 αὐτῷ
2651 5702 2750 5774 [sic
2780 5702 2944 5774 p.176
2969 5700 3032 5774 (1]
3060 5695 3463 5764 λυσιτελοῦσαν,
3497 5704 3620 5751 tan-

2059 5793 2218 5845 quam
2241 5791 2359 5838 qltae
2388 5773 2674 5845 protIcsSet
2701 5775 2820 5842 ipsi.
2855 5773 2920 5826 Μ.

2130 5845 2240 5916 (88)
2280 5847 2310 5898 ν
2323 5847 2442 5914 ulgo
2475 5844 2692 5898 ἔδωκεν.
