4082 6394
477 351 616 407 Ιοῖῧ

1148 350 1420 406 EUSEBII
1459 349 1936 406 CAESARIENSIS
1973 347 2124 403 OPP.
2162 347 2344 404 PARS
2380 347 2470 406 IV.
2510 377 2580 390 ο-
2623 345 3040 404 DOGMATICA.

3579 352 3720 410 1024

472 482 591 520 runt
640 465 804 535 probe
853 465 1022 519 nostis
1049 467 1194 535 quod
1231 468 1392 520 verba
1445 482 1564 535 qum
1618 466 1772 518 vobis
1834 465 2029 519 locutus

2151 461 2354 529 λέγειν,
2382 463 2457 526 ὡς
2483 461 2602 514 δέον
2633 460 2802 532 αὐτὴν
2827 461 3047 524 ἐσθίειν,
3086 461 3219 534 μηδὲ
3267 463 3321 516 τὺ
3347 461 3598 534 αἰσθητὸν
3625 468 3722 520 καὶ

467 573 608 620 sum,
647 555 872 620 spiritus
896 565 1023 610 sunt
1052 566 1105 610 et
1135 557 1240 610 vita
1275 575 1288 611 :
1332 559 1405 611 ita
1453 568 1510 611 ttt
1546 558 1707 612 verba
1745 557 1916 627 ipsius
1941 597 1958 622 ,
1990 569 2029 611 e1

2149 551 2460 622 σωματικὸν
2505 547 2644 622 αἷμα
2692 551 2866 605 πίνειν
2906 552 3310 623 ὑπολαμϐάνετε
3355 571 3420 625 με
3451 556 3721 626 προστάτ-

465 661 746 700 sermones
771 645 882 699 sint
914 661 1044 699 caro
1072 658 1127 701 et
1155 650 1376 718 Sanguis
1401 689 1416 714 ,
1451 659 1506 703 et
1535 649 1578 703 si
1617 651 1738 716 quis
1770 664 1831 703 ea
1865 664 2041 704 come-

465 740 576 800 dat,
608 749 859 805 tanquam
889 738 1010 792 cibo
1046 740 1249 793 caelesti
1302 751 1520 808 pastus,
1567 741 1731 793 vitam
1784 749 2040 793 wternam

465 830 825 897 participabit.
887 827 966 882 Ne
1012 845 1163 900 ergo,
1227 831 1422 900 inquit,
1477 847 1574 886 vos
1627 833 1730 886 hoc
1783 832 2036 897 oliendat,

461 921 603 987 quod
669 921 735 972 de
785 921 1116 974 comedenda
1175 935 1345 974 carne
1397 933 1451 975 et
1502 923 1734 976 bibendo
1782 923 2041 989 sanguine

460 1011 569 1064 dixi
605 1027 743 1065 :nec
772 1011 1049 1067 auditione
1080 1014 1219 1066 nuda
1255 1014 1647 1068 conturbetnini
1674 1055 1689 1079 ,
1740 1015 1784 1068 si
1833 1016 2040 1069 locutus

459 1113 577 1152 sum
635 1099 702 1152 de
726 1099 850 1154 cibo
884 1112 938 1155 et
967 1111 1115 1169 potu.
1150 1101 1275 1155 llaec
1306 1103 1447 1156 enim
1490 1103 1822 1158 seusihiliter
1855 1105 2038 1158 audita

459 1189 591 1244 nihil
633 1191 968 1259 proderunt:
1003 1190 1246 1260 Spiritus
1290 1202 1467 1247 autem
1525 1203 1608 1248 est
1656 1195 1742 1261 qui
1794 1193 2035 1249 viviﬂeat

460 1281 817 1350 spiritualiter
879 1285 1178 1338 audientes.
1243 1282 1426 1339 Novus
1483 1296 1661 1338 autem
1718 1285 2039 1354 evangelica:

457 1373 717 1426 doctrinae
752 1375 1022 1444 interpres
1054 1376 1176 1433 iste.
1212 1391 1334 1429 cum
1380 1376 1513 1430 nihil
1545 1377 1740 1430 horum
1793 1386 2032 1445 caperet,

457 1465 661 1520 autlisis
681 1469 948 1536 quomodo
977 1467 1184 1521 scribat
1221 1468 1442 1520 totidem
1479 1467 1699 1537 syllabis
1736 1468 1825 1540 [ιι.
1876 1467 1988 1539 CV]
2020 1486 2033 1523 :

463 1541 642 1608 iCum
673 1566 915 1624 tangeret
946 1573 1141 1626 corpus
1186 1572 1340 1609 suum
1375 1566 1430 1610 et
1467 1558 1820 1626 praesentibus
1857 1568 2039 1610 osten-

463 1667 480 1694 ο
535 1647 706 1715 deret,
745 1629 965 1716 inquit:
1002 1648 1234 1702 "oscine
1267 1663 1354 1700 vos
1386 1648 1727 1701 "scandalizat
1751 1652 1776 1704 ?
1812 1647 1869 1701 Si
1917 1664 2037 1717 ergo

2143 659 2280 708 τειν,
2315 643 2429 696 ἀλλ’
2454 639 2513 697 εὖ
2545 643 2682 708 ῐστε,
2733 643 2815 695 ὅτι
2867 642 3184 715 campus
3229 663 3330 715 μου
3371 644 3406 698 ἃ
3451 643 3724 716 λελάληκα

2144 734 2272 803 ὑμῖν
2298 733 2514 804 πνεῦμά
2541 737 2654 787 ἐστι
2689 734 2782 786 καὶ
2807 732 2918 804 ζωή
2948 737 3094 790 ἐστιν
3113 752 3126 766 ο
3154 735 3293 788 ὥστε
3334 737 3470 790 αὐτὰ
3493 733 3628 790 εἶναι
3655 738 3723 791 τὰ

2147 828 2366 899 ῥήματα
2387 826 2482 879 καὶ
2503 827 2627 888 τοὺς
2649 825 2840 892 λόγους
2865 825 3028 878 αὑτοῦ
3051 825 3148 897 τὴν
3167 827 3342 898 σάρκα
3363 828 3454 880 καὶ
3481 827 3540 880 τὸ
3560 822 3720 898 αἷμα,

2143 911 2218 970 ὧν
2243 920 2272 970 ό
2306 917 2548 988 μετέχων
2571 917 2678 979 ἀεὶ,
2727 915 2926 968 ὡσανεὶ
2945 917 3094 988 ἄρτῳ
3109 917 3342 988 οὐρανίῳ
3367 919 3719 989 τρεφόμενος,

2140 1009 2241 1079 τῆς
2265 1007 2516 1079 οὐρανίου
2555 1005 2769 1077 μεθέξει
2799 1006 2963 1077 ζωῆς.
3006 1009 3095 1079 Μὴ
3126 1009 3188 1080 δὴ
3222 1005 3335 1071 οὖν,
3367 1012 3519 1080 φησὶ,
3557 1028 3723 1064 σκαν-

2142 1098 2406 1163 δαλιζέτω
2447 1101 2588 1170 ὑμᾶς
2619 1099 2796 1164 τοῦτο,
2821 1099 2849 1152 δ
2879 1100 3006 1171 περὶ
3039 1101 3291 1170 βρώσεως
3312 1102 3408 1172 τῆς
3432 1102 3571 1173 ἐμῆς
3597 1119 3722 1175 σαρ-

2141 1189 2236 1254 κὸς
2267 1190 2361 1242 καὶ
2397 1191 2525 1261 περὶ
2551 1190 2792 1261 πόματος
2812 1191 2904 1242 τοῦ
2929 1191 3060 1260 ἐμοῦ
3086 1192 3311 1262 αἵματος
3331 1193 3553 1264 εἴρηκα·
3584 1194 3721 1264 μηδὲ

2140 1283 2468 1352 ταραττέτω·
2487 1283 2630 1352 ὑμᾶς
2658 1283 2690 1351 ἡ
2719 1283 3003 1353 πρόχειρος
3022 1283 3156 1354 ἀκοὴ
3181 1283 3288 1336 τῶν
3316 1286 3443 1356 περὶ
3468 1287 3567 1356 τῆς
3591 1303 3724 1359 σαρ-

2144 1373 2240 1436 κὸς
2290 1374 2382 1426 καὶ
2435 1375 2667 1443 αἵματος
2699 1375 3003 1444 εἰρημένων
3036 1393 3156 1444 μοι·
3196 1376 3369 1429 ταῦτα
3415 1377 3521 1449 γὰρ
3567 1378 3723 1431 οὐδὲν

2141 1463 2341 1532 ὠφελεῖ
2371 1464 2642 1534 αἰσθητῶς
2674 1465 2980 1535 ἀκουόμενα
3004 1483 3017 1496 ·
3045 1466 3104 1519 τὸ
3143 1465 3198 1518 δὲ
3245 1467 3472 1537 Πνεῦμά
3511 1470 3627 1522 ἐστι
3658 1471 3722 1522 τὸ

2141 1551 2439 1618 ζωοποιοῦν
2489 1558 2613 1620 τοὺς
2665 1556 3050 1626 πνευματικῶς
3098 1556 3316 1610 ἀκούειν
3364 1556 3720 1630 δυναμένους.

2154 1646 2290 1699 Ἀλλ’
2320 1649 2348 1699 ὁ
2382 1647 2566 1709 καινὸς
2611 1647 2883 1719 ἐξηγητὴς
2923 1647 3030 1701 τῶν
3061 1649 3428 1717 εὑαγγελικῶν
3460 1651 3720 1722 μαθημά-

462 1755 481 1788 ι
533 1739 768 1791 videritis
823 1738 1030 1792 Filium
1087 1740 1316 1792 hominis
1363 1740 1726 1792 ascendentem
1763 1740 1848 1792 ubi
1889 1741 2029 1808 prius

2139 1755 2247 1791 των
2282 1739 2448 1810 μηδὲν
2493 1739 2697 1794 τούτων
2748 1739 2967 1805 συνιεὶς,
3019 1741 3318 1792 ἐπάκουσον
3341 1742 3488 1804 ὅπως
3515 1744 3722 1814 γράφει

460 1848 481 1882 ι
528 1831 700 1900 [uerat
727 1833 752 1886 7
777 1832 991 1900 spiritus
1019 1832 1240 1902 viviﬁcat
1263 1870 1277 1894 ,
1312 1846 1435 1884 caro
1473 1847 1574 1884 non
1618 1833 1826 1899 prodest
1875 1833 2026 1901 quid-

2137 1798 2308 1897 λέγων
2335 1798 2526 1892 άὺταῖς
2558 1829 2846 1893 συλλαϐαῖς
2873 1847 2885 1860 ο
2917 1848 2936 1880 ι
2989 1830 3095 1883 Τοῦ
3130 1830 3464 1903 ἀνθρωπίνου
3503 1798 3724 1904 ui;qu-

458 1938 480 1972 ς
525 1937 705 1990 quam.
737 1941 756 1975 ι
786 1924 864 1975 Ad
894 1937 1052 1991 quem
1095 1923 1378 1976 dicendum
1413 1931 1493 1975 est
1524 1941 1537 1976 :
1578 1922 1644 1976 Et
1680 1925 1821 1974 unde
1851 1923 1967 1985 tibi,
1997 1939 2028 1974 ο

459 2013 619 2079 Itone,
643 2023 698 2065 III
719 2013 942 2080 adjicias
975 2014 1040 2068 ad
1072 2013 1407 2082 Scripturam
1435 2013 1801 2083 evangelicum
1827 2012 1850 2064 ?
1874 2011 2031 2064 Nam-

455 2119 582 2170 que,
615 2105 956 2159 Servatorem
985 2119 1183 2173 corpus
1212 2105 1509 2159 humanum
1544 2105 1784 2172 tetigisse
1821 2104 2031 2171 Etprae-

453 2197 695 2250 sentibus
725 2196 1046 2256 ostendisse.
1098 2196 1434 2265 dixisseqne,
1487 2196 1716 2248 hoccine
1752 2209 1846 2246 vos
1872 2209 2031 2248 scan-

454 2287 695 2341 dalizat?
731 2303 832 2341 non
872 2289 1097 2343 habetttr
1139 2288 1278 2354 apud
1312 2286 1701 2355 evangelistam
1727 2325 1743 2352 ,
1795 2293 1850 2340 tu
1893 2301 1924 2340 a
1979 2297 2030 2340 te

453 2375 632 2447 lingis,
665 2387 720 2431 et
752 2391 783 2431 e
812 2387 902 2431 tuo
935 2378 1162 2432 cerebro
1198 2377 1300 2430 hoc
1334 2375 1760 2429 additamentum
1801 2373 2028 2428 commi-

2139 1939 2156 1970 ι
2199 1937 2288 1983 νος
2323 1919 2575 1990 σώματος
2626 1921 2720 1974 xui
2751 1920 2930 1984 δείξας
2956 1921 3088 1974 αὐτὸ
3143 1926 3256 1986 τοῖς
3310 1923 3496 1993 ὁρῶσι,
3536 1926 3721 1978 Τοῦτο

2137 2027 2155 2062 ι
2195 2010 2351 2080 ὑμᾶς
2368 2012 2750 2072 σκανδαλίζει
2769 2029 2785 2074 ;
2806 2013 2930 2083 ἔφη’
2966 2013 3102 2065 Ἐὰν
3121 2010 3234 2074 οὖν
3258 2015 3421 2082 ιδητε
3442 2016 3548 2069 τὸν
3580 2016 3722 2070 rida-

2136 2121 2154 2154 ι
2193 2101 2299 2156 τοῦ
2341 2104 2653 2171 ἀνθρώπου
2698 2105 2965 2167 ἀνιόντα,
3019 2104 3171 2158 ὅπου
3198 2102 3277 2175 ἦν
3308 2105 3373 2159 τὸ
3404 2109 3719 2176 πρότερον;

2136 2214 2154 2246 ι
2195 2197 2262 2248 τὸ
2277 2197 2509 2264 πνεῦμα
2532 2195 2812 2262 ζωοποιεῖ,
2842 2199 2879 2266 ἡ
2906 2199 3061 2265 σὰρξ
3087 2198 3267 2252 οὐδὲν
3289 2199 3522 2268 ὠφελεῖ.
3537 2221 3554 2250 ι
3573 2201 3721 2271 Πρλς

2129 2285 2186 2338 ὃν
2200 2280 2266 2355 ἦν
2287 2287 2479 2340 εἰπεῖν⁹
2499 2288 2608 2340 Καὶ
2626 2287 2787 2340 πόθεν
2805 2305 2907 2351 σοι,
2932 2283 2976 2340 ὦ
2994 2293 3224 2357 γενναῖε,
3243 2292 3275 2361 ἡ
3299 2293 3580 2364 προσθήκη
3608 2293 3722 2346 τῶν

2133 2377 2205 2448 μὴ
2220 2378 2539 2448 φερομένων
2556 2380 2611 2430 ὲν
2629 2381 2694 2448 τῇ
2717 2379 3042 2451 εὐαγγελικῇ
3063 2382 3254 2453 Γραφῇ
3273 2400 3286 2445 ;
3307 2382 3365 2434 τὸ
3388 2381 3495 2452 γάρ
3512 2383 3604 2435 τοῦ
3625 2385 3724 2436 ἀν-

454 2467 587 2522 nisci
615 2483 778 2522 ausus
817 2484 896 2523 es.
927 2469 1080 2535 Quod
1123 2468 1298 2521 audax
1339 2465 1549 2520 facinus
1585 2482 1612 2518 a
1658 2481 1716 2519 se
1750 2476 2026 2536 acceptum

2134 2467 2405 2540 θρωπίνου
2426 2468 2675 2539 σώματος
2700 2470 2974 2539 ἁψάμενον
2999 2471 3088 2522 τὸν
3107 2472 3330 2542 Σωτῆρα
3355 2474 3446 2525 καὶ
3471 2473 3721 2537 δείξαντα

453 2562 727 2616 transtulit
753 2577 840 2625 eo,
872 2571 930 2615 ut
957 2563 1160 2616 diceret
1185 2574 1403 2614 carnem
1444 2558 1748 2614 Servatoris
1782 2573 1812 2612 a
1857 2559 2029 2614 Verbo

2135 2559 2269 2612 αὐτὸ
2295 2561 2408 2622 τοῖς
2443 2558 2643 2630 ὁρῶσιν
2673 2561 2969 2630 εἰρηκέναι,
2998 2561 3154 2614 τοῦτο
3182 2564 3324 2632 ὑμᾶς
3340 2565 3716 2630 σκανδαλίζεις

449 2665 551 2706 suo
579 2653 704 2706 olim
739 2654 1150 2722 relinquendam
1183 2651 1329 2705 omni
1361 2655 1680 2720 operatione
1714 2652 1972 2704 nudatam
2009 2671 2022 2705 :

2134 2649 2282 2720 παρὰ
2318 2650 2515 2703 σαὺτοῦ
2555 2650 2816 2714 πλάττεις
2840 2652 2932 2705 xui
2965 2651 3063 2723 τὴν
3107 2654 3423 2726 προσθήκην
3450 2657 3556 2708 ἀπὸ
3586 2659 3718 2710 σαῦ-

451 2744 496 2796 si
546 2743 744 2798 fatetur
789 2759 917 2812 ergo
975 2757 1191 2797 carnem
1237 2743 1494 2811 prodesse
1549 2743 1723 2794 nihil:
1761 2744 2028 2810 quomodo

2134 2741 2220 2794 τοῦ
2248 2741 2516 2794 ποιεῖσθαι
2542 2741 2744 2812 τολμᾷς
2773 2744 2785 2796 !
2837 2745 2896 2794 ’0
2930 2744 2992 2815 δὴ
3047 2745 3301 2816 τόλμημα
3355 2747 3486 2816 παρ’
3519 2747 3713 2801 ἑαυτοῦ

453 2841 566 2883 tum
602 2831 716 2896 lict,
751 2841 807 2884 ut
830 2846 950 2900 qua:
978 2833 1043 2884 de
1075 2841 1216 2884 terra
1245 2840 1328 2883 est
1376 2840 1430 2882 et
1465 2829 1596 2882 nihil
1641 2833 1879 2898 prodest,
1911 2841 2027 2884 tan-

2134 2832 2307 2885 λαϐὼν
2350 2832 2599 2884 ἐντεῦθεν
2646 2832 2817 2887 οἴεται
2863 2837 3325 2906 παρασκευάζειν,
3375 2837 3579 2909 ἔρημον
3611 2839 3711 2909 τῆς

449 2933 612 2986 quam
675 2920 954 2989 profutura
1007 2920 1060 2974 in
1112 2919 1292 2972 futuro
1338 2917 1535 2972 saeculo
1595 2921 1733 2974 adsit
1804 2921 2026 2975 Verbo?

2134 2924 2405 2994 ἐνεργείας
2457 2923 2550 2976 τοῦ
2595 2923 2767 2993 Λόγου
2798 2925 2896 2996 τὴν
2929 2927 3105 2999 σάρκα
3135 2927 3226 2981 τοῦ
3259 2930 3511 3002 Σωτῆρος
3544 2949 3714 2984 κατα-

455 3015 515 3072 ᾖ(
538 3010 614 3062 Ad
633 3010 774 3063 hunc
800 3012 1015 3064 modum
1036 3015 1303 3068 inerudite
1316 3025 1367 3066 et
1390 3014 1678 3067 inscienter
1698 3013 1940 3081 prorupit
1962 3013 2023 3065 ad

2134 3014 2506 3084 ληφθήσεσθαι
2547 3015 2742 3083 λέγων.
2779 3017 2840 3070 Ei
2868 3014 2961 3071 οῦν
2997 3020 3252 3090 ὁμολογεῖ
3275 3023 3372 3092 τὴν
3402 3023 3579 3094 σάρκα
3609 3041 3714 3094 μη-

452 3104 691 3159 divinam
729 3103 1067 3173 Scripturam
1126 3106 1612 3175 interpretantlam.
1649 3105 1755 3158 Sed
1797 3116 1851 3159 et
1895 3120 2025 3174 apo-

2134 3107 2218 3160 δὲν
2259 3106 2368 3177 (89)
2408 3105 2637 3174 ὠφελεῖν
2663 3109 2846 3173 αὐτὸν,
2886 3110 3000 3174 πῶς
3027 3114 3261 3184 ἐγχωρεί
3288 3113 3386 3184 τὴν
3415 3115 3479 3166 ἐκ
3511 3116 3613 3184 γῆς
3652 3133 3712 3168 τε

450 3195 670 3248 stolicos
733 3198 799 3250 ad
862 3199 1112 3252 eumdem
1171 3200 1385 3252 modum
1440 3213 1719 3252 sermones
1775 3213 2027 3268 perverse

2134 3194 2294 3252 οὖσαν
2337 3197 2431 3250 καὶ
2461 3197 2626 3268 μηδὲν
2657 3199 2972 3269 ὠφελοῦσαν
3025 3207 3119 3256 καὶ
3162 3207 3221 3258 ὲν
3263 3209 3376 3270 τοῖς
3427 3208 3714 3278 μέλλουσιν

449 3282 794 3352 interpretari
833 3303 1116 3356 aggressus
1140 3297 1245 3341 est.

2134 3289 2324 3342 αἰῶσιν
2373 3289 2448 3353 ὡς
2495 3290 2643 3360 αὐτῷ
2694 3291 3096 3361 λυσιτελοῦσαν,
3143 3302 3380 3352 συνεῖναι
3413 3301 3490 3371 τῷ
3515 3302 3710 3372 Λόγῳς

449 3373 606 3428 Οὕτω
637 3377 735 3446 μὲν
780 3372 872 3430 οῦν
919 3379 1145 3448 ἀμαθῶς
1179 3380 1274 3433 xui.
1319 3379 1765 3448 ἀνεπιστημόνως
1837 3380 1937 3451 τὴν
2002 3380 2359 3451 εὖαγγελικὴν
2403 3383 2854 3453 παρερμηνεῦσαι
2893 3387 3074 3460 φωνὴν
3134 3390 3390 3461 ὡρμήθη,
3450 3393 3543 3446 καὶ
3597 3394 3712 3448 τῶν

447 3470 820 3525 ἁποστολικῶν
843 3472 898 3526 δὲ
923 3473 1121 3543 ὁμοίως
1154 3474 1412 3546 ῥημάτων
1440 3475 1799 3544 διαστρόφους
1827 3475 2112 3548 ἐξηγήσεις
2144 3478 2400 3528 ἐποιεῖτο.

1062 3567 1214 3620 CAP.
1259 3566 1395 3620 XIII.

451 3655 724 3721 Quomodo
779 3672 990 3724 regnum
1040 3658 1231 3709 Christi
1281 3660 1374 3720 ait,
1432 3658 1640 3709 initium
1693 3667 1814 3708 ante
1857 3673 2022 3709 annos

519 3728 927 3793 quadringentos
963 3729 1254 3792 accepisse,
1311 3729 1609 3780 habiturum
1653 3735 1826 3779 autem
1867 3725 2022 3792 ﬁnem

521 3797 577 3847 in
601 3799 1048 3848 consummatione
1078 3797 1279 3858 Hrculi,
1325 3800 1521 3849 censuit
1564 3812 1830 3863 perversus
1877 3795 2021 3851 Scri-

521 3878 798 3933 pturarum
830 3869 1284 3932 interpretationes
1312 3868 1598 3935 afferenda.

418 4093 423 4098 _
523 4023 656 4080 Cum
687 4023 741 4078 in
766 4023 1130 4092 apostolorum
1166 4023 1392 4077 Actibus
1425 4024 1567 4078 dicat
1594 4021 1809 4087 Petrus,
1856 4025 2020 4093 Quem

453 4125 651 4184 oportet
683 4114 837 4168 stelas
867 4129 1052 4181 capere
1093 4131 1254 4184 usque
1282 4115 1354 4165 ad
1386 4123 1586 4181 tempus
1624 4117 2022 4170 restaurationis

453 4208 688 4261 omnium
739 4205 793 4270 ³;
843 4208 1167 4260 sententiam
1217 4205 1334 4272 ejus
1392 4206 1492 4258 loci
1539 4222 1645 4260 non
1701 4207 2020 4276 intelligens,

453 4299 583 4356 hinc
647 4297 956 4367 profectus,
1019 4298 1214 4350 Christi
1291 4312 1509 4365 regnum
1577 4297 2025 4352 circumscribere

2767 3575 2923 3628 ΚΕΦ.
2960 3575 3059 3630 ῙΓ’.

2132 3665 2329 3746 "osum;
2345 3671 2465 3746 τὴν
2489 3667 2597 3746 τοῦ
2632 3667 2887 3746 ξριστοῦ
2910 3667 3244 3746 βασαζείαις
3269 3666 3460 3746 ἀρχὴν
3482 3666 3596 3746 μὲν
3613 3667 3700 3746 εἰς·

2197 3736 2457 3806 angam
2486 3738 2600 3805 τὴν
2635 3736 2754 3790 ἀπὸ
2790 3739 3190 3806 τετρακοσίων
3220 3736 3365 3790 ἐτῶν
3388 3777 3403 3800 ,
3434 3736 3607 3804 τέλος
3631 3736 3703 3791 δὲ

2197 3807 2359 3871 ἕξειν
2390 3812 2460 3863 ἐν
2501 3807 2576 3876 τῇ
2613 3807 2952 3877 συντελείᾳ,
2992 3806 3702 3877 διεϐεϐαιοῦτο,διαστρό-

2197 3895 2372 4001 ρους(
2399 3881 2756 3948 ποιούμενος
2811 3876 2920 3943 τὰς
2969 3875 3088 3932 τῶν
3131 3881 3306 3934 θείων
3336 3875 3712 3948 Γραφῶπὲρ-

2197 3965 2349 4016 μηνε
2372 3968 2466 4016 ας.

2191 3965 2466 4016 μηνειας.

2197 4039 2401 4094 Αὐτίκα
2429 4041 2579 4110 γοῦν,
2609 4043 2668 4095 ὲν
2696 4041 2816 4103 ταῖς
2857 4039 3094 4112 Πράξεσι
3110 4041 3216 4095 τῶν
3242 4042 3575 4103 ἀποστόλων,
3607 4041 3705 4116 τοῦ

2129 4126 2334 4198 Πέτρου
2364 4133 2491 4201 περὶ
2523 4131 2614 4184 τοῦ
2645 4131 2893 4201 Σωτῆρος
2931 4131 3086 4202 ἡμῶν
3130 4134 3412 4204 εἰρηκότος
3433 4174 3448 4198 ,
3485 4138 3595 4186 Ὃν
3617 4134 3713 4187 δεῖ

2128 4218 2388 4284 οὐρανὸν
2403 4221 2520 4290 μὲν
2551 4221 2838 4286 δέξασθαι
2867 4221 3001 4289 ἄχρι
3031 4224 3266 4292 χρόνων
3290 4224 3713 4280 ἀποκαταστά-

2130 4324 2301 4374 σεως,
2335 4311 2409 4382 μὴ
2439 4314 2634 4383 νοήσας
2682 4313 2779 4384 τὴν
2820 4315 2911 4368 τοῦ
2947 4315 3106 4384 λόγου
3149 4316 3417 4381 διάνοιαν,
3453 4318 3706 4370 ἐντεῦθεν

452 4402 700 4456 conatur,
732 4391 1021 4444 terminum
1053 4390 1190 4444 illius
1220 4391 1390 4454 aiens,
1430 4401 1480 4441 et
1524 4389 2021 4443 tleterutiuationem

2134 4397 2227 4467 τὴν
2279 4399 2556 4468 βασιλείαν
2601 4403 2694 4455 τοῦ
2744 4403 2977 4475 Χριστοῦ
3038 4407 3399 4477 περιγράφειν
3447 4409 3706 4478 πειρᾶται

453 4487 772 4556 signiﬁcari,
799 4501 866 4539 eo
894 4485 1035 4555 quod
1055 4483 1274 4547 dicitur,
1299 4481 1472 4553 Usque
1503 4485 1572 4536 ad
1598 4491 1793 4552 tempus
1820 4493 2024 4536 restau-

452 4580 692 4633 rationis.
727 4580 838 4633 Hoc
867 4580 1004 4633 idem
1047 4589 1100 4630 et
1145 4592 1241 4646 per
1284 4575 1559 4631 Psalmum
1597 4577 1822 4629 indicari
1871 4576 2026 4628 docet

451 4671 738 4732 dicentem,
776 4668 908 4724 Sede
941 4686 971 4722 a
1010 4671 1209 4723 dextris
1248 4669 1407 4730 meis,
1441 4669 1602 4720 donec
1627 4682 1816 4733 ponam
1849 4666 2028 4718 inimi-

449 4777 538 4816 cas
570 4770 684 4814 tuos
720 4761 1003 4814 scubellum
1032 4761 1216 4830 pedum
1242 4772 1448 4813 tuorum
1470 4759 1510 4811 ⁴.
1555 4757 1618 4811 Ει
1639 4755 1860 4810 Paulum
1898 4772 2027 4823 apo-

2125 4483 2248 4553 ὅρον
2273 4486 2391 4540 τινὰ
2427 4489 2649 4557 φάσκων
2684 4492 2777 4543 xui
2806 4491 3139 4564 προθεσμίαν
3169 4495 3265 4565 τῆς
3300 4495 3575 4564 βασιλείας
3605 4497 3707 4550 αῦ-

2125 4575 2220 4627 τοῦ
2247 4576 2554 4648 δηλοῦσθαι,
2594 4581 2680 4635 διὰ
2710 4583 2770 4635 τὸ
2805 4583 3087 4652 λέγεσθαι,
3119 4585 3252 4655 ἆγρι
3292 4588 3526 4656 χρόνων
3557 4589 3707 4643 ἀπο-

2126 4669 2566 4736 καταστάσεως.
2601 4673 2675 4725 Τὸ
2705 4675 2836 4727 αὐτὸ
2877 4676 2932 4727 δὲ
2974 4676 3130 4730 τοῦτο
3182 4679 3533 4732 συνίστασθαί
3568 4698 3704 4749 φησι

2127 4759 2221 4810 καὶ
2250 4759 2335 4811 διὰ
2381 4761 2474 4812 τοῦ
2497 4762 2808 4830 ¹φάσκοντος
2851 4766 3079 4839 Ψαλμοῦ
3101 4809 3114 4833 ,
3149 4768 3342 4823 Κάθου
3379 4771 3446 4822 ἐκ
3488 4770 3706 4836 δεξιῶν

449 4855 648 4912 stolnm
714 4855 918 4908 dixisse
980 4855 1048 4907 ob
1124 4855 1261 4908 hanc
1313 4868 1571 4914 causam,
1635 4850 1852 4916 Oportet
1906 4867 2022 4902 eum

2134 4867 2265 4916 μου,
2297 4849 2407 4916 ἕως
2431 4850 2507 4905 ἂν
2525 4853 2605 4906 θῶ
2628 4855 2768 4921 τοὺς
2793 4857 3041 4926 ἐχθρούς
3069 4874 3184 4912 σου
3220 4859 3550 4912 ὑποπόδιον
3583 4859 3707 4913 τῶν

449 4961 688 5015 regnare,
742 4961 902 5014 usque
939 4946 1062 4996 dum
1115 4945 1342 5012 posuerit
1385 4944 1624 4996 inimicos
1667 4939 1762 4994 sub
1806 4941 2020 5009 pedibus

449 5039 559 5091 suis
586 5038 626 5089 '.
667 5037 798 5090 Illud
828 5037 970 5089 enim
1020 5038 1206 5103 donec,
1267 5048 1320 5090 et
1374 5053 1534 5106 usque
1569 5036 1693 5089 dum
1739 5034 2017 5088 deﬁnitum

454 5133 661 5188 tempus
687 5123 996 5192 signilicare
1047 5127 1382 5189 arbitratur;
1436 5126 1652 5180 attende
1707 5139 1836 5192 ergo
1881 5137 2018 5192 quo-

451 5218 611 5270 modo
639 5217 703 5270 ad
753 5217 974 5270 verbum
1009 5216 1254 5280 scribat,
1291 5218 1538 5285 inquiens
1586 5215 1693 5289 [Β.
1726 5214 1860 5279 CIV,
1893 5213 2015 5268 coll.

2125 4939 2326 4994 ποδῶν
2354 4959 2470 4997 σου
2489 4984 2504 5008 ,
2536 4947 2629 4998 καὶ
2662 4947 2872 5002 Παῦλον
2903 4949 2958 5002 δὲ
2986 4950 3077 5002 τὸν
3109 4951 3400 5004 ἀπόστολον
3429 4951 3516 5004 διὰ
3543 4951 3709 5005 τοῦτο

2124 5031 2406 5102 εἰρηκέναι
2431 5033 2511 5098 τὸ,
2547 5035 2648 5088 Δεῖ
2666 5037 2775 5106 γὰρ
2806 5039 2991 5092 αὐτὸν
3011 5041 3384 5104 βασιλεύειν.
3406 5041 3516 5106 ἓως
3528 5039 3605 5094 ἂν
3623 5041 3709 5111 θῇ

2099 5121 2266 5202 ⁵τοὺς
2296 5123 2546 5193 ἐχθροὺς
2573 5129 2692 5183 ὑπὸ
2720 5130 2861 5197 τοὺς
2890 5131 3077 5198 πόδας
3105 5133 3290 5186 αὑτοῦ
3310 5149 3324 5164 ο
3363 5133 3424 5186 τὸ
3456 5133 3562 5202 γὰρ
3588 5132 3707 5201 ἕως

2123 5213 2215 5264 καὶ
2243 5214 2303 5266 τὸ
2336 5215 2474 5286 ἄχρι
2509 5223 2941 5293 περιωρισμένου
2972 5224 3160 5295 χρόνου
3203 5226 3534 5295 σημαντικὸν
3560 5221 3709 5279 εἶναι

451 5323 502 5378 p.
524 5309 584 5364 51
609 5306 650 5362 C
667 5307 720 5380 ]:
747 5325 767 5360 ι
799 5307 952 5364 Hanc
969 5309 1038 5364 ob
1056 5323 1277 5362 causam
1303 5309 1513 5362 videtur
1537 5307 1662 5360 mihi
1687 5308 1825 5360 Deus
1845 5304 2020 5360 omni-

2134 5303 2413 5360 5πέλα6εν.
2469 5309 2801 5367 Ἑπάκουσον
2836 5314 2945 5385 (90)
2995 5315 3125 5384 γοῦν
3169 5317 3314 5381 ὅπως
3369 5315 3513 5371 κατὰ
3553 5315 3711 5381 λέξιν

525 5481 582 5537 >14
612 5475 713 5530 Ed.
743 5475 918 5543 Paris,
953 5493 1072 5549 pag.
1111 5478 1233 5533 l8l.

1309 5479 1329 5511 ³
1361 5480 1482 5534 Act.
1522 5495 1603 5539 Ill,
1648 5478 1740 5533 2i.
1813 5476 2002 5532 ‘Psal.
2035 5492 2144 5546 cu,
2189 5479 2242 5538 Ι.
2315 5481 2340 5513 ⁸
2369 5480 2387 5534 1
2419 5479 2545 5537 Cor.
2589 5499 2679 5547 xv,
2709 5482 2798 5538 25.

523 5649 642 5734 (89).
679 5651 948 5734 Ὠςξεξεῖν
989 5655 1203 5738 αὐτόν..
1251 5655 1447 5710 Iterum
1495 5659 1582 5738 hic
1648 5659 2016 5738 reponendum

2134 5661 2240 5738 ιτιῖι,
2284 5664 2369 5718 hic
2419 5678 2578 5732 porro
2609 5674 2757 5738 recte
2802 5663 3084 5733 scriptum,
3143 5673 3194 5718 ιιι
3255 5679 3422 5732 nt'prr
3450 5665 3708 5720 correxi-

458 5729 888 5803 mlliz‘tbiap‘ttp.’
937 5739 1031 5789 pro
1060 5729 1338 5788 ὡσαύτως.
1375 5732 1515 5794 quod
1565 5729 1616 5783 itt
1673 5731 1913 5797 margine
1942 5739 2026 5784 tan

2144 5729 2573 5803 adjectum—crat.
2609 5733 2679 5791 Μ.

528 5785 636 5856 (9U)
671 5785 845 5857 Vulgo
869 5785 1032 5844 ὑπακ.
