2041 3224
180 210 264 239 ιοιξδ

680 209 724 236 DE
740 208 1007 237 ECCLESIASTICA
1023 208 1222 236 THEOLOGIA
1241 209 1304 235 LIB.
1326 208 1371 236 Ill.

1760 209 1771 236 Ι
1777 207 1831 236 026

179 266 299 302 γράφει
327 267 429 302 λέγων·
452 275 462 292 ι
486 265 535 293 Διὰ
558 265 637 292 τοῦτο
663 266 717 301 γάρ
743 275 787 301 μοι
812 266 886 293 δοκεῖ
908 266 956 293 καὶ
980 268 987 292 ί

1050 275 1058 290 ι
1077 271 1177 300 potens
1192 270 1219 292 et
1234 266 1362 293 Dominus
1377 265 1409 292 ad
1423 265 1494 291 illum
1510 264 1619 298 dixisse,
1637 265 1705 292 Sede
1725 273 1741 291 ιι
1762 265 1829 292 dea:-

184 320 197 338 1
218 313 432 349 παντοκράτωρ
449 312 525 343 Θεὸς,
539 313 554 339 ό
576 312 631 347 (91)
652 312 785 347 δεσπότης
798 332 805 343 ,
823 312 890 347 πρὸς
911 306 992 338 αὑτὸν

186 365 197 382 ε
217 357 331 392 λέγειν.
345 357 444 385 Κάθου
451 358 485 384 ἐκ
493 356 600 388 δεξιῶν
612 365 681 391 μου,
692 356 746 389 ἕως
755 357 809 391 (92)
818 356 856 383 ἂν
866 354 906 383 θῶ
921 356 992 389 τοὺς

186 411 198 428 ι
220 403 361 437 ἐχθρούς
374 411 432 430 σου
452 402 617 429 ὑποπόδον
635 401 693 428 τῶν
706 402 807 429 ποδῶν
823 410 896 429 σου·
914 404 991 438 ἐνερ-

186 457 196 473 ι
218 449 292 484 γείᾳ
307 449 375 485 μόνῃ
391 449 434 476 διὰ
447 449 496 484 τὴν
510 448 684 483 ἀνθρωπίνην
700 448 789 483 σάρκα
803 448 928 483 χωρίζειν
942 449 991 475 αὺ-

185 503 196 519 ι
220 494 273 520 τὸν
290 494 378 521 δοκῶν
391 503 397 509 ·
421 495 468 521 καὶ
485 494 580 528 ὥσπερ
594 494 648 528 (93)
673 493 797 529 εἴρηται,
814 493 875 519 τινὰ
897 494 990 528 χρόνον

186 548 196 564 ι
219 540 332 575 ὁρίζων
354 540 427 576 αὑτῷ
451 541 500 576 τῆς
523 542 550 566 ὲν
572 540 647 575 δεξιᾷ
665 540 816 576 καθέδρας,
838 540 909 566 οὕτω
925 540 991 574 φησὶ

185 591 195 607 ι
217 583 296 618 πρὸς
313 584 394 611 αὐτόν
405 592 413 598 ·
432 584 509 617 ’Ἕως
522 583 559 610 ἂν
573 584 611 611 θῶ
628 585 698 618 τοὺς
706 585 831 619 ἐχθρούς
848 594 905 612 σου
917 586 990 611 ὐπο-

186 637 195 652 ι
216 628 335 655 πέδιον
352 629 411 655 τῶν
429 628 530 655 ποδῶν
551 637 620 656 σου.
636 629 720 655 Τοῦτο
734 629 761 656 δὲ
776 630 806 655 τὸ
822 629 989 665 προφητικὸν

185 682 196 696 ι
217 673 271 699 τοῦ
290 674 373 700 Δαΰὶδ
388 674 468 709 ῥητὸν
484 675 649 710 σαφέστερον
664 676 729 710 ἡμῖν
747 675 905 711 ἑρμηνεύων
921 677 934 701 ὁ
953 676 990 701 ἰε-

187 728 197 744 ι
220 719 273 755 ρὸς
298 720 472 753 Ἀπόςτολος,
496 721 565 747 οὕτω
586 730 643 753 πως
671 722 740 757 ἔφη’
756 723 806 748 Δεῖ
820 723 874 757 γὰρ
896 722 990 748 αὐτὸν

187 772 197 788 ‹
217 764 423 798 βασιλεύειν,
446 765 500 798 ἕως
518 765 556 792 ἂν
579 765 617 800 θῇ
648 766 719 799 τοὺς
747 767 873 800 ἐχθροὺς
896 767 989 793 αὑτοῦ

188 818 198 834 ε
217 810 394 837 ὑποπόδιον
419 811 478 838 τῶν
501 811 601 838 ποδῶν
620 813 724 841 αὑτοῦ,
738 813 841 839 Οὐκοῦν
856 813 917 848 ὅρον
929 812 990 839 τινὰ

184 864 194 880 ι
217 856 302 890 ἔχειν
319 859 392 885 δοκεῖ
413 860 429 894 ἡ
454 860 512 886 κατ’
536 858 679 894 ἄνθρωπον
703 858 786 885 αὑτοῦ
804 859 945 893 οἰκονομία
959 868 989 885 τε

184 912 193 928 ι
215 904 267 930 καὶ
298 904 430 939 βασιλεία.
455 905 509 932 Καὶ
532 905 590 940 μεθ’
614 905 696 940 ἕτερα
719 905 856 939 ἐπιλέγει·
880 906 926 931 καὶ
946 905 989 931 διὰ

1048 321 1057 337 ι
1082 312 1132 338 tris
1161 311 1236 344 meis,
1261 312 1341 338 donec
1354 320 1449 345 ponam
1474 311 1667 338 inimicosluos
1689 311 1829 337 scabellum

1049 367 1057 383 ι
1081 358 1173 391 pedum
1187 363 1300 383 tuorum.
1318 357 1430 391 Propter
1445 365 1553 384 carnem
1569 357 1712 384 humanam
1726 362 1828 384 tantum

1048 413 1057 430 ι
1081 403 1239 437 operatione
1253 404 1326 430 illum
1342 403 1447 430 videtur
1462 411 1598 438 separare.
1619 408 1663 437 et,
1678 409 1707 431 ut
1729 405 1830 432 dictum

1048 459 1057 474 ε
1080 455 1132 483 est,
1155 455 1272 482 tempore
1290 448 1364 475 illum
1380 449 1616 482 circumscribere,
1634 450 1753 484 quandin
1769 458 1830 477 ses-

1048 503 1057 519 ι
1080 502 1159 521 surus
1193 495 1245 521 eia
1267 495 1370 521 dextris
1400 495 1487 521 fuerat
1505 504 1511 521 :
1530 496 1590 522 ideo
1619 496 1716 530 inquit,
1743 496 1831 524 Donec

1048 549 1056 564 ι
1079 548 1173 573 ponam
1199 541 1318 566 inimicos
1345 545 1403 567 tuos
1432 541 1570 567 scabellum
1596 544 1689 576 pedum
1712 547 1829 570 tuorum.

1047 594 1056 609 ι
1080 584 1154 618 Quod
1176 585 1360 619 propheticum
1384 586 1493 613 Daridis
1512 588 1713 620 tesdmonium,
1736 588 1832 614 diluci-

1046 640 1055 656 ι
1081 631 1139 657 dius
1154 631 1298 665 explicavit
1315 633 1408 658 beatus
1427 633 1571 666 Apostolus
1587 633 1731 666 inquiens:
1745 632 1831 666 Opor-

1047 685 1056 701 I
1084 681 1118 702 tet
1134 677 1226 703 etenim
1242 677 1318 703 illum
1333 678 1460 711 imperare
1473 678 1555 704 donec
1575 679 1688 712 posuerit
1709 679 1831 705 inimicos

1047 730 1055 746 t
1079 721 1136 754 eius
1153 723 1294 749 scabellum
1320 724 1414 755 pedum
1436 724 1529 758 ipsius.
1544 723 1582 750 lla
1598 725 1712 751 termino
1726 725 1832 751 videtur

1046 776 1055 793 ι
1079 769 1277 801 circumscribi,
1295 769 1366 796 illius
1377 770 1524 796 secundum
1539 770 1674 796 hominem
1688 770 1830 804 dispensa-

1046 822 1054 838 ι
1079 814 1127 846 tio,
1147 819 1227 847 atque
1240 823 1380 849 regnum.)
1398 815 1429 842 Et
1449 820 1507 849 post
1522 815 1572 841 alia
1595 816 1750 842 subnectit:
1770 825 1780 841 θ
1797 815 1830 841 Et

1046 867 1054 882 ι
1079 863 1219 892 propterea
1249 860 1431 894 apostolorum
1464 862 1556 892 Actus,
1581 860 1615 887 de
1640 861 1748 888 homine
1776 861 1830 887 isto

1046 911 1055 927 ι
1080 911 1160 937 quem
1189 904 1335 938 assumpsit
1367 904 1411 930 Dei
1446 904 1582 936 Velbum,
1610 910 1637 932 et
1663 911 1830 939 assumptum

185 959 194 973 ι
218 949 309 976 τοῦτο
322 951 349 977 αὶ
364 950 480 986 Πράξεις
492 951 545 976 τῶν
567 950 721 977 ἀποστόλων
740 950 803 985 περὶ
819 950 864 976 τοῦ
888 950 987 987 ἀνθρώ-

1046 958 1054 973 ι
1082 950 1222 976 constituit
1245 957 1259 976 a
1279 950 1325 976 Dei
1350 950 1464 981 dextris,
1486 951 1520 976 ila
1542 950 1682 978 referunt:
1700 953 1729 982 ᾗ(
1745 950 1828 982 Quem

187 1004 196 1019 ι
221 1003 275 1022 που
306 996 417 1027 τούτου,
435 996 464 1022 ὃν
481 997 626 1032 ἀνείληφεν
648 998 662 1023 ό
686 997 732 1023 τοῦ
751 997 818 1023 Θεοῦ
840 997 925 1031 Λόγος
942 997 989 1023 καὶ

187 1049 197 1065 ι
218 1041 382 1077 ἀνειληφὼς
399 1043 427 1068 ὲν
451 1042 526 1077 δεξιᾷ
548 1042 594 1069 τοῦ
614 1042 720 1078 Πατρὸς
745 1041 902 1074 καθέζεται,
920 1042 990 1069 οὕτω

189 1096 199 1112 ι
221 1086 394 1120 διδάσκουσι,
419 1089 556 1123 λέγουσαι,
573 1090 627 1115 Ὃν
651 1088 698 1116 δεῖ
718 1089 848 1122 οὐρανὸν
862 1089 920 1123 μὲν
940 1089 988 1116 δέ-

190 1142 201 1158 (
225 1132 340 1165 ξασθαι
359 1134 433 1169 (94),
457 1134 525 1169 ἄχρι
551 1134 666 1168 χρόνων
696 1133 986 1167 ἀποκαταστάσεως·

192 1188 202 1204 ι
222 1178 276 1205 καὶ
291 1176 370 1205 αὗται
387 1179 480 1215 ὥσπερ
495 1180 555 1214 ὅρον
571 1179 632 1205 τινὰ
644 1179 689 1205 καὶ
704 1178 871 1214 προθεσμίαν
885 1179 990 1214 ὁρίζου-

191 1235 202 1251 ι
222 1234 283 1253 σαι.
307 1235 316 1251 ι
340 1223 387 1257 Οἷς
413 1225 471 1261 μεθ’
494 1225 575 1261 ἕτερα
597 1225 734 1259 ζεπιλσέγει·
763 1234 771 1249 ι
797 1225 858 1256 Πῶς
879 1224 933 1259 (95)
949 1224 989 1250 ἔτι

193 1281 203 1296 ι
224 1271 279 1307 τὴν
290 1271 336 1298 τοῦ
353 1271 445 1297 δούλου
461 1271 566 1306 μορφὴν
578 1271 610 1306 ἢν
622 1271 764 1306 ἀνείληφεν
780 1271 793 1297 ό
808 1271 903 1304 Λόγος,
921 1279 988 1305 μορ-

194 1326 205 1342 ε
228 1317 285 1353 φὴν
302 1315 382 1343 οὖσαν
398 1317 506 1348 δούλου,
526 1318 644 1343 συνεῖναι
660 1317 699 1352 τῷ
711 1317 799 1351 Λόγῳ,
820 1317 931 1344 δυνατὸν
944 1317 989 1350 γέ-

195 1372 204 1388 ι
226 1363 293 1389 νοιτ“
305 1362 354 1394 av;
372 1362 467 1397 Σαφῶς
480 1362 544 1396 γοῦν
558 1363 604 1389 καὶ
620 1363 766 1398 διαρρήδην
780 1364 809 1389 ὲν
826 1362 921 1398 βραχεί
933 1371 987 1388 τινι

196 1417 207 1433 σ
228 1408 318 1444 χρόνῳ
335 1408 387 1434 τῶν
404 1417 433 1434 τε
448 1408 672 1443 παρεληλυθότων
696 1409 742 1434 καὶ
766 1408 820 1435 τῶν
837 1408 986 1443 μελλόντων

196 1463 206 1479 ι
226 1453 332 1480 αἰώνων
345 1454 393 1490 τὴν
410 1454 480 1480 κατὰ
495 1454 584 1489 σάρκα
605 1453 760 1489 οἰκονομίαν
776 1453 823 1480 τοῦ
849 1453 936 1487 Λόγου
953 1453 987 1479 δι’

197 1507 208 1524 ι
226 1499 299 1534 ἡμεῖς
311 1499 472 1534 γεγενῆσθαι
486 1499 696 1535 συμϐεϐηκέναι,
709 1499 755 1526 καὶ
767 1499 879 1534 ταύτην,
893 1498 986 1533 ὥσπερ

1044 1004 1053 1020 ι
1077 1000 1177 1027 oportet
1195 996 1288 1022 uelum
1303 1004 1395 1030 capere
1420 1004 1500 1030 usque
1522 997 1556 1022 ad
1576 1001 1677 1030 tempus
1694 1002 1828 1022 restaura-

1043 1051 1051 1067 ι
1076 1042 1155 1068 tionis
1172 1049 1181 1069 :
1199 1042 1233 1068 ita
1264 1046 1369 1076 tempus
1393 1042 1466 1068 velut
1490 1042 1656 1068 decircinant
1670 1042 1694 1068 ei
1714 1042 1829 1068 circum-

1043 1096 1052 1112 ι
1077 1088 1219 1121 scriptum.
1236 1097 1245 1113 ι
1263 1087 1369 1119 Quibus
1381 1086 1501 1120 postaiia
1516 1087 1646 1114 annectit.
1665 1095 1675 1111 ι
1692 1086 1830 1118 Quomodo

1042 1141 1051 1157 ι
1074 1135 1161 1166 potest
1180 1132 1236 1158 ﬁeri
1249 1137 1276 1158 ut
1295 1133 1380 1158 l'orma
1404 1131 1474 1158 servi
1496 1139 1577 1165 quant
1601 1131 1749 1165 assumpsit
1763 1129 1830 1157 Ver-

1044 1185 1052 1201 l
1077 1179 1150 1209 bum,
1164 1177 1248 1203 forma
1275 1178 1346 1203 servi
1367 1185 1428 1203 cum
1450 1177 1564 1203 exsistat
1584 1184 1644 1203 cum
1672 1175 1759 1204 Verbo
1783 1184 1829 1203 co-

1043 1232 1051 1248 I
1081 1223 1212 1249 uniatur?
1228 1222 1319 1257 Itaque
1333 1230 1380 1256 pro
1396 1222 1553 1249 brthSsittlo
1569 1223 1683 1256 quodam
1710 1228 1829 1256 tempore

1042 1277 1051 1293 ι
1074 1269 1211 1303 praeterito
1227 1276 1323 1302 nempe
1344 1269 1391 1294 illo
1409 1272 1436 1294 et
1457 1267 1563 1299 futuro,
1589 1268 1753 1301 dispensatio
1772 1268 1829 1294 haec

1042 1325 1051 1341 ‹
1075 1316 1221 1342 secundum
1242 1322 1351 1342 carnem
1376 1313 1453 1341 Verbi
1480 1313 1624 1341 manifeste
1648 1318 1674 1340 et
1698 1320 1829 1346 expresse

1043 1370 1052 1387 ι
1080 1360 1225 1394 adimpleta
1245 1361 1359 1394 contigit
1381 1365 1491 1394 propter
1511 1367 1560 1386 nos
1578 1367 1659 1393 quam
1676 1359 1712 1385 uti
1728 1358 1829 1393 princi-

1043 1413 1053 1430 ‹
1078 1406 1150 1440 pium
1176 1405 1269 1432 habuit
1284 1405 1321 1432 ita
1341 1406 1420 1431 linem
1435 1405 1588 1432 habituram
1602 1424 1609 1436 ,
1630 1404 1708 1430 docet
1722 1404 1829 1431 divinus

1043 1460 1052 1476 ι
1077 1450 1186 1483 Paulus,
1210 1451 1251 1477 bis
1279 1451 1390 1477 totidem
1411 1457 1478 1484 pene
1497 1450 1587 1477 Verbis
1614 1450 1733 1477 :Deinde
1756 1450 1827 1484 ﬁnis,

1045 1506 1054 1522 ι
1077 1504 1136 1524 cum
1150 1496 1287 1522 tradiderit
1302 1504 1407 1531 regnum
1421 1495 1475 1522 Deo
1485 1502 1507 1522 et
1524 1495 1599 1522 Patri
1619 1504 1666 1522 suo
1679 1496 1700 1525 ‘.
1714 1506 1723 1522 ›

196 1554 207 1570 ι
229 1545 329 1581 ἀρχὴν,
362 1546 433 1572 οὕτω
455 1547 501 1573 καὶ
522 1547 597 1578 τέλος
618 1547 688 1581 ἔχειν
713 1548 726 1573 ό
758 1546 902 1577 θεσπέσιος
937 1546 1031 1582 εἴρηκε
1066 1544 1190 1576 Παῦλος·
1224 1543 1295 1570 οὕτω
1325 1551 1384 1575 πως
1420 1543 1522 1570 εἰπών·
1552 1542 1624 1570 Εἶτα
1660 1544 1692 1570 τὸ
1731 1544 1828 1583 τέλος,

197 1597 208 1614 ε
229 1589 303 1615 ὅταν
318 1590 468 1623 παραδιδῶ
484 1591 540 1624 τὴν
554 1591 718 1622 ,βασιλείαν
731 1590 770 1623 τῷ
788 1591 848 1624 Θεῷ
865 1591 913 1618 καί
931 1590 1031 1624 Πατρί.
1050 1598 1059 1615 ι

521 1639 597 1664 ΚΕΦ.
613 1638 660 1663 1Δ’.

202 1680 379 1716 Ὲεηγήσεις
401 1682 455 1716 τῆς
476 1683 589 1725 ὑγιοῦς-1
614 1683 751 1714 διανοίας
775 1683 834 1709 τῶν
854 1683 986 1717 ἀναγνω-

530 1725 660 1752 σματων.

231 1763 282 1789 Διὰ
294 1771 427 1789 τοσουτων
443 1763 600 1798 Μάρκελλος
617 1765 663 1790 καὶ
677 1763 707 1789 τὸ
721 1763 807 1797 σῶμα
819 1763 874 1796 τῆς
895 1762 988 1796 δόξης

194 1808 251 1834 τοῦ
270 1808 336 1835 Υίοῦ
352 1808 478 1844 ἠγνόησε,
495 1809 540 1834 καὶ
554 1809 601 1844 τὴν
618 1808 794 1845 ἀτελεύτητον
807 1807 889 1834 αὑτοῦ
908 1808 986 1843 βασι-

196 1854 273 1881 λείαν
291 1856 412 1891 ἀρνεῖται
435 1856 486 1881 οὐκ
507 1856 667 1891 ἐπιστήσας,
682 1856 719 1887 ὡς
739 1855 811 1882 κατά
835 1863 896 1881 τινα
927 1863 987 1881 συν-

197 1898 294 1934 ήθειαν
308 1899 358 1934 τῆς
371 1900 482 1935 Γραφῆς
498 1900 650 1931 ἰδιάζουσαν
662 1899 692 1925 τὸ
705 1899 760 1932 ἕως
776 1899 987 1935 παραλαμϐάνε-

199 1945 260 1971 σθαι
273 1945 364 1971 εἴωθεν
377 1954 382 1960 ·
401 1945 471 1971 οὕτω
483 1946 547 1979 γοῦν
564 1947 577 1972 ό
590 1945 684 1981 Σωτὴρ
707 1947 763 1977 τοῖς
778 1945 912 1980 μαθηταῖς
930 1945 987 1971 ἐλε-

197 1999 264 2025 γεν·
288 1990 366 2018 Ἰδοὺ
394 1991 450 2025 ἐγὼ
470 1992 532 2025 μεθ’
550 1990 633 2025 ὑμῶν
653 1992 711 2025 εἰμι
738 1991 839 2023 πάσας
864 1990 984 2024 ἡμέρας,

198 2035 254 2068 ἕως
265 2035 319 2069 τῆς
335 2036 511 2068 συντελείας
521 2036 574 2062 τοῦ
593 2035 649 2070 (96)
660 2035 767 2068 αἰῶνος
777 2044 783 2051 ·
798 2036 849 2062 οὐκ
866 2035 987 2070 ἀναιρῶν

198 2081 230 2107 τὸ
254 2081 409 2107 συνέσεσθαι
434 2082 524 2113 αὐτοῖς
549 2081 595 2108 καὶ
620 2082 689 2117 μετὰ
706 2082 756 2117 τὴν
771 2081 935 2112 συντέλειαν,
948 2080 987 2107 δι-

198 2126 306 2153 δάσκιον
326 2127 348 2153 δ’
367 2128 407 2154 ὃτι
427 2127 474 2153 καὶ
491 2127 537 2153 νῦν
550 2127 599 2162 μὲν
611 2127 685 2153 ἔσται
704 2127 752 2152 σὺν
769 2127 860 2157 αὐτοῖς
875 2126 927 2157 ἓως
938 2126 987 2160 τῆς

200 2172 369 2205 συντελείας,
393 2172 548 2199 ἐπισκοπῶν
568 2173 615 2199 καὶ
636 2172 775 2207 φυλάττων
800 2172 903 2202 πάντας
924 2171 986 2202 τοὺς

197 2218 273 2253 αὐτῷ
290 2218 541 2254 μαθητευομένους·
556 2219 603 2245 καὶ
621 2219 688 2253 μετὰ
710 2218 759 2252 τὴν
781 2217 936 2244 συντέλειαν
948 2217 985 2248 δὲ,

198 2264 360 2300 κρειττόνως
377 2266 468 2299 αὐτοῖς
485 2264 621 2298 συνέσταῖ,
637 2265 781 2295 κοινωνοὺς
799 2264 898 2294 αὐτοὺς
920 2264 987 2289 ἁπο-

1348 1636 1423 1663 CAP.
1452 1636 1521 1663 XIV.

1124 1681 1261 1716 Expositio
1271 1682 1329 1707 sani
1342 1690 1432 1708 sensus
1447 1682 1565 1708 locorum
1580 1682 1738 1717 Scriptura.

1074 1760 1125 1786 Per
1143 1767 1199 1787 meo
1216 1760 1305 1787 omnia
1330 1765 1369 1786 tot
1388 1765 1412 1786 el
1438 1760 1500 1786 talia
1524 1759 1666 1787 Marcellus
1691 1761 1826 1796 ignoravit

1036 1813 1129 1839 corpus
1148 1806 1239 1840 glorite
1252 1805 1329 1838 Filii,
1346 1811 1372 1833 et
1386 1806 1622 1834 indelerminabiie
1643 1807 1700 1841 ejus
1715 1816 1827 1843 regnum

1037 1857 1168 1887 pernegat
1202 1854 1321 1879 futurum
1346 1862 1352 1880 :
1377 1854 1486 1880 Inlnime
1513 1855 1632 1881 animum
1665 1857 1827 1889 advertens,

1036 1898 1107 1932 quod
1130 1898 1277 1925 secundum
1295 1899 1430 1934 propriam
1444 1902 1588 1934 quamdam
1605 1901 1751 1936 Scripturaa
1764 1911 1830 1930 con-

1036 1944 1215 1975 suetudinem,
1232 1944 1295 1971 illud
1310 1945 1391 1972 donec
1411 1945 1496 1973 soleat
1517 1947 1613 1980 accipi.
1644 1947 1681 1974 lla
1698 1947 1829 1975 Servator

1036 1989 1184 2024 discipulos
1204 1990 1361 2024 alloquitur,
1395 1990 1532 2018 Vobiscum
1560 2001 1617 2019 sum
1645 2001 1731 2020 omnes
1760 1995 1826 2026 dies,

1036 2043 1117 2069 usque
1137 2035 1172 2061 ad
1192 2038 1442 2063 consummationem
1470 2038 1562 2064 δινευιί
1575 2039 1585 2054 ⁷
1602 2046 1710 2073 :neque
1737 2044 1828 2067 tamen

1037 2085 1117 2115 negat
1137 2088 1166 2108 se
1191 2082 1224 2108 iis
1250 2082 1396 2109 aﬂuturum
1420 2089 1479 2118 post
1506 2085 1584 2111 linem
1613 2086 1727 2113 mundi.-
1749 2086 1828 2114 docet

1037 2132 1127 2154 autem
1143 2129 1214 2161 quod
1236 2128 1262 2155 in
1283 2130 1409 2163 praesenti
1423 2129 1523 2156 sacculo
1537 2139 1589 2157 non
1610 2131 1716 2159 deseret
1732 2140 1779 2159 eos
1793 2132 1829 2158 ad

1037 2181 1122 2207 usque
1142 2175 1405 2202 consummationem
1424 2184 1430 2202 :
1446 2176 1492 2203 sed
1516 2177 1588 2210 quod
1611 2184 1705 2204 omnes
1724 2178 1773 2212 ipsi
1799 2178 1830 2205 in

1037 2218 1205 2253 disciplinam
1219 2221 1331 2247 traditos
1355 2227 1499 2249 curaturus
1510 2222 1545 2248 sit
1564 2226 1590 2249 et
1605 2222 1806 2256 gubernaturus
1818 2232 1828 2249 ι

1037 2269 1065 2290 et
1090 2270 1150 2299 post
1167 2268 1429 2294 conmnmnationem
1452 2269 1531 2295 modo
1551 2268 1665 2300 quodam
1689 2268 1826 2295 excellen-

197 2311 302 2346 φαίνων
323 2311 373 2345 τῆς
399 2311 480 2337 αὑτοῦ
505 2311 652 2346 βασιλείας.
681 2310 773 2341 Οὕτως
802 2308 849 2336 οὖν
877 2309 924 2335 καὶ
945 2308 984 2340 τὸ,

1041 2310 1100 2336 tiori
1116 2311 1151 2337 sil
1168 2310 1219 2337 illis
1241 2310 1392 2338 aﬂ'ulurus:
1420 2317 1447 2339 et
1467 2313 1611 2347 participes
1632 2319 1679 2339 eos
1706 2312 1827 2340 facturas

199 2355 296 2384 Κάθου
307 2357 340 2383 ἐκ
349 2357 454 2388 δεξιῶν
463 2365 533 2391 μου,
544 2357 598 2389 ἓως
609 2356 664 2392 (97)
676 2356 714 2383 ἂν
726 2356 766 2382 θῶ
779 2355 849 2387 τοὺς
860 2354 985 2389 ἐχθρούς

198 2412 258 2430 σου
275 2403 438 2430 ὑποπόδιον
458 2403 516 2429 τῶν
533 2403 634 2430 ποδῶν
651 2411 725 2429 σου·
742 2404 789 2429 καὶ
805 2402 853 2434 τὸ,
872 2403 926 2428 ’ον
939 2401 987 2427 δεῖ

198 2448 329 2488 οὐρανρν
335 2449 393 2483 μὲν
404 2449 547 2481 δέξασθαι
561 2449 630 2483 ἄχρι
644 2450 761 2483 χρόνων
776 2446 984 2475 ἀποκαταστά-

194 2502 285 2539 διιίεως,
300 2495 349 2530 οὐχ
358 2495 395 2526 ὼς
408 2495 504 2530 μηκέτι
517 2495 646 2530 ἐσομένου
664 2495 732 2530 μετὰ
745 2495 831 2521 ταῦτα
851 2494 984 2524 λέλεκται.

200 2540 256 2567 ἀλλ’
273 2541 310 2572 ὡς
327 2541 467 2576 μέλλοντος
490 2541 559 2567 κατὰ
581 2541 626 2567 τὸν
649 2541 697 2575 τῆς
717 2541 870 2571 συντελείας
892 2540 985 2574 καιρὸν

199 2585 382 2614 διανίστασθαι
396 2587 449 2614 ἀπὸ
465 2588 511 2614 τοῦ
527 2588 623 2623 θρόνου
635 2588 683 2614 τοῦ
699 2587 847 2622 πατρικοῦ,
866 2587 912 2613 καὶ
926 2587 987 2612 δευ-

1039 2355 1112 2388 regni
1129 2355 1181 2382 sui.
1202 2356 1240 2382 Ita
1252 2361 1280 2382 et
1292 2356 1355 2384 illud
1372 2358 1488 2392 capitur,
1505 2359 1572 2384 Sede
1589 2367 1606 2385 α
1621 2358 1721 2384 dextris
1740 2359 1802 2385 meis
1818 2366 1827 2384 ;

1036 2402 1117 2428 donec
1134 2411 1229 2436 ponam
1252 2403 1371 2430 inimicos
1400 2409 1457 2430 tuo:
1480 2404 1621 2430 scabeltum
1642 2404 1738 2438 pedum
1766 2409 1826 2431 tuo-

1037 2454 1095 2472 rum
1115 2447 1135 2473 ⁵.
1154 2446 1187 2473 Et
1205 2448 1286 2480 illud,
1309 2449 1391 2481 Quem
1409 2454 1510 2483 oportet
1532 2450 1609 2476 mlo;
1633 2457 1726 2483 capere
1746 2458 1828 2485 usque

1038 2493 1071 2518 ad
1089 2494 1308 2520 restaurationem
1320 2495 1435 2520 omnium
1450 2495 1472 2528 ⁵,
1488 2496 1560 2529 quod
1572 2503 1625 2522 non
1636 2495 1734 2522 dicitur
1749 2496 1827 2529 quasi

1038 2544 1130 2572 postea
1158 2547 1210 2565 non
1238 2547 1299 2566 eum
1325 2546 1462 2575 caperent.
1491 2540 1544 2568 Sed
1567 2541 1637 2575 quod
1663 2542 1689 2567 in
1718 2541 1771 2568 iine
1794 2543 1829 2567 de

1038 2591 1150 2621 paterno
1175 2586 1243 2613 solio
1269 2591 1329 2614 erat
1349 2592 1532 2620 surrecturus,
1557 2592 1585 2614 et
1616 2587 1764 2614 secundum
1794 2588 1829 2614 de

233 2680 263 2709 ᾖ(
278 2677 327 2704 Ed.
340 2676 438 2711 Paris.,
453 2686 512 2714 pag.
526 2679 586 2706 l82.
626 2678 636 2694 ‘
649 2680 657 2705 Ι
671 2678 734 2706 Cor.
745 2686 789 2711 xv,
803 2677 847 2704 24.
884 2677 896 2693 "
911 2677 1005 2706 Matth.
1025 2687 1123 2711 xxvm,
1146 2678 1191 2706 2οτ
1229 2680 1242 2696 ⁸
1253 2680 1323 2708 Psal.
1348 2689 1404 2714 eu,
1419 2682 1445 2708 i.
1481 2682 1491 2697 ν
1506 2681 1570 2708 Act.
1583 2688 1624 2713 ιιι,
1638 2681 1682 2708 2f.

235 2757 292 2792 (9i)
316 2758 477 2791 Δεσπότης.
508 2757 566 2785 Non
601 2758 771 2793 simpliciter,
803 2759 849 2785 sed
880 2758 982 2786 Chriin

201 2791 342 2853 υιψιὶὓιιιιι
365 2795 513 2830 secundum
542 2791 698 2827 hominem;
731 2801 796 2826 ergo
824 2794 900 2821 deest
931 2795 979 2821 αὺ-

199 2834 257 2853 του.
304 2846 311 2854 .

235 2862 293 2898 (υέ)
312 2862 395 2896 Vulgo
411 2869 465 2889 om.
481 2863 523 2889 ἄν.

235 2898 292 2932 (95)
306 2898 416 2932 ’Ὠσπερ
428 2898 539 2931 εἴρηται
560 2899 636 2926 τίνα.
656 2899 734 2926 Certe
749 2898 784 2926 ita
805 2898 907 2926 dictum
932 2904 983 2932 est,

200 2933 248 2960 sed
263 2933 366 2966 malint,
384 2935 456 2968 quod
476 2935 501 2961 in
520 2935 641 2969 margine
660 2934 757 2967 iuerat,
774 2935 866 2970 ῥητόν
890 2935 984 2962 delini-

1040 2765 1095 2786 tum
1108 2765 1212 2795 tempus
1227 2765 1306 2787 vocat
1330 2760 1423 2787 statim
1446 2760 1556 2795 ὅρον.-
1573 2760 1638 2788 Dedi
1651 2760 1722 2795 quod
1741 2766 1781 2788 cst
1800 2761 1825 2788 in

1039 2796 1118 2822 codd.
1136 2795 1172 2821 M.

1074 2830 1131 2866 (94)
1146 2831 1230 2865 Vulgo
1246 2830 1297 2861 ἕως
1307 2839 1351 2866 χρ.

1086 2865 1130 2900 95)
1148 2867 1198 2900 Mp.
1214 2866 1281 2892 ἐστι.

1084 2900 1129 2933 96)
1146 2900 1231 2936 _\'ulgo
1248 2901 1350 2935 κόπμου
1361 2909 1367 2931 ;
1380 2900 1434 2933 iam
1449 2901 1585 2936 Mp.corl’.

1073 2935 1128 2971 (97)
1146 2934 1228 2971 Vulgo
1244 2936 1275 2963 ἂν
1294 2934 1363 2972 [καὶ]
1377 2935 1427 2963 θῶ.
