4082 6428
417 358 555 416 1027

1090 356 1355 413 EUSEBll
1390 354 1865 412 CESARIENSIS
1900 354 2048 410 OPP.
2092 353 2273 411 PARS
2310 355 2402 411 IV.
2440 383 2511 398 -α-
2549 354 2968 410 DOGMATICA.

3511 352 3648 407 1028

411 478 551 531 emlo
602 476 913 532 descensum
988 489 1142 528 suum
1198 473 1481 527 facturus:
1518 472 1585 527 de
1629 473 1748 542 (quo
1803 471 1977 540 inquit

2080 470 2239 542 τέραν
2276 468 2544 524 ποιεῖσθαι
2584 470 2807 523 κάθοδον
2856 471 2921 523 ἐκ
2960 468 3052 521 τοῦ
3080 466 3309 542 οὐρανοῦ
3336 507 3350 531 ,
3380 466 3509 537 περὶ
3530 458 3595 538 ἦς
3619 467 3651 519 ὁ

410 567 740 636 Apostolus:
776 567 841 619 Et
885 567 995 634 ipse
1021 565 1272 619 Dominus
1305 566 1361 618 in
1402 563 1727 628 celeumate,
1774 564 1828 617 in
1860 580 1978 617 voce

411 657 733 727 archangeli,
764 658 819 711 in
853 660 976 711 tuba
1007 656 1100 711 Dei
1122 656 1393 710 descendet
1423 657 1487 709 de
1511 656 1671 719 cwlo,
1710 666 1761 708 et
1787 656 1979 708 mortui

411 752 465 803 iu
505 747 718 803 Christo
762 756 1034 817 resurgant
1068 748 1227 816 primi
1250 759 1399 800 :tum
1439 763 1531 799 nos
1557 747 1646 815 qui
1686 748 1881 799 erimus
1924 746 1978 798 in

408 842 533 895 rivis
561 839 814 901 derelicti,
839 856 944 892 una
971 855 1089 892 eum
1119 837 1226 891 illis
1270 839 1533 906 rapientur
1560 838 1617 891 in
1658 838 1878 891 nubibus
1908 837 1979 889 ad

409 932 611 983 obvium
634 930 862 983 eundum
893 930 1117 983 Domino
1140 933 1193 984 in
1228 947 1368 995 aere,
1399 941 1445 984 et
1476 931 1551 983 ita
1585 930 1725 982 omni
1753 938 1979 997 tempore

407 1037 524 1074 cum
564 1021 791 1076 Domino
820 1022 1016 1076 erimus
1050 1023 1117 1077 ιθ.
1145 1028 1201 1084 >14
1228 1019 1602 1090 Oportetergo
1630 1022 1975 1076 Servalorem

409 1112 460 1164 in
494 1112 650 1167 cmlis
681 1128 900 1168 manere
922 1153 941 1181 ,
975 1125 1030 1168 et
1058 1114 1345 1168 considere
1377 1128 1406 1165 a
1437 1114 1645 1168 dextris
1674 1112 1767 1169 Dei
1801 1112 1979 1167 Patris

411 1206 665 1273 usquead
694 1207 853 1260 linem
881 1223 897 1260 :
930 1206 982 1259 in
1012 1207 1128 1275 ipso
1150 1216 1331 1261 autem
1355 1207 1460 1260 line
1480 1207 1719 1260 omnium
1743 1208 1978 1260 secundo

409 1293 647 1363 gloriose
675 1296 1007 1351 adventurus
1041 1307 1257 1351 sanctos
1281 1313 1409 1351 suos
1433 1297 1499 1350 ad
1528 1312 1586 1351 se
1617 1307 1875 1363 assumat,
1919 1305 1979 1349 ut

409 1386 556 1441 omni
588 1396 829 1457 tempore
856 1390 966 1443 sint
1008 1405 1130 1443 cum
1174 1390 1292 1459 ipso
1326 1407 1340 1444 :
1380 1405 1483 1444 non
1517 1390 1582 1444 ad
1612 1400 1821 1457 tempus
1846 1389 1978 1443 deli-

410 1478 608 1544 hituui,
666 1483 759 1536 sed
809 1482 1062 1535 sztculum
1114 1481 1610 1548 indeterminabile;
1668 1483 1746 1535 ait
1796 1480 1973 1544 enim,

410 1568 633 1638 Semper
669 1587 786 1625 eum
835 1570 1060 1624 Domino
1103 1572 1273 1639 futuri
1318 1588 1522 1625 sumus.
1580 1572 1842 1637 Quocirca
1900 1570 1973 1623 illi

408 1664 580 1716 sancti
609 1679 729 1716 cum
761 1665 876 1734 ipso
906 1664 1096 1729 futuri,
1124 1679 1290 1735 regno
1321 1665 1491 1733 ipsius
1520 1665 1574 1719 in
1610 1679 1778 1734 regno
1810 1664 1977 1720 casio-

2092 562 2411 626 Ἀπόστολος
2439 562 2678 616 διδάσκει
2701 562 2896 633 λέγων,
2929 563 3057 617 Ὅτι
3078 559 3259 627 αὐτὸς
3284 562 3318 614 d
3345 558 3555 627 Κύριος
3579 556 3653 611 ἐν

2078 657 2456 723 κελεύσματι,
2495 656 2565 708 ὲν
2599 654 2766 724 φωνῇ
2819 654 3214 724 ἀρχαγγέλου,
3249 649 3350 704 καί
3390 650 3461 702 ἐν
3499 645 3653 703 σάλ-

2078 760 2238 816 πιγγι
2270 748 2416 802 Θεοῦ
2448 747 2841 815 καταϐήσεται
2871 747 2973 800 ἀπ’
3007 742 3284 812 οὐρανοῦ,
3320 738 3419 794 καὶ
3465 743 3521 793 ol
3557 757 3654 793 νε-

2077 842 2204 910 κροὶ
2228 842 2299 895 ὲν
2322 839 2552 908 Χριστῷ
2576 839 3023 905 ἀναστήσονται
3048 837 3159 904 (98)
3183 833 3417 904 πρῶτοι·
3448 832 3654 885 ἔπειτα

2076 927 2242 996 ἡμεῖς
2277 931 2331 983 οἱ
2361 928 2588 995 (FBs-rec,
2622 932 2676 983 οἱ
2709 930 3220 997 περιλειπόμενοι,
3249 923 3368 993 ἅμα
3397 922 3520 976 σὺν
3547 923 3683 974 αὑ·-

2076 1018 2199 1085 τοῖς
2235 1020 2699 1089 ἁρπαγησόμεθα
2741 1020 2811 1073 ὲν
2852 1019 3134 1088 νεφέλαις
3170 1018 3257 1080 είς
3306 1012 3656 1081 ἀπάντησιν

2077 1111 2180 1165 τοῦ
2212 1113 2432 1179 Κυρίου
2462 1114 2548 1178 εὶς
2572 1112 2769 1180 ἀέρας,
2800 1111 2897 1165 καὶ
2922 1111 3073 1165 οὕτω
3098 1109 3354 1163 πάντοτε
3384 1106 3507 1160 σὺν
3534 1109 3650 1160 Κυ-

2069 1204 2181 1271 ρίῳ
2208 1204 2483 1273 ἐσόμεθα.
2512 1207 2603 1258 Δεῖ
2625 1205 2804 1257 τοίνυν
2843 1203 2932 1257 τὸν
2976 1203 3208 1274 Σωτῆρα
3247 1202 3426 1273 μένειν
3464 1202 3523 1255 ὲν
3560 1200 3656 1253 οὐ·

2079 1296 2244 1369 ρανῷ,
2277 1297 2371 1349 καὶ
2397 1294 2718 1358 καθέζεσθαι
2751 1296 2808 1347 ὲν
2839 1292 2984 1365 δεξιᾷ
3012 1293 3105 1346 τοῦ
3136 1291 3349 1363 Πατρὸς
3369 1331 3383 1353 ,
3410 1290 3518 1353 ἕως
3553 1288 3656 1359 τῆς

2079 1387 2402 1450 συντελείας,
2426 1386 2566 1440 κατὰ
2585 1387 2640 1440 δὲ
2660 1387 2827 1457 αὐτὴν
2853 1385 2949 1457 τὴν
2973 1384 3278 1438 συντέλειαν
3306 1382 3399 1436 τοῦ
3427 1380 3651 1444 παντὸς,

2074 1481 2173 1551 τὴν
2212 1480 2419 1548 ἔνδοξον
2468 1480 2562 1533 καὶ
2608 1479 2866 1551 δευτέραν
2896 1478 3058 1531 αὑτοῦ
3091 1477 3389 1548 παρουσίαν
3419 1473 3655 1543 ποιησά-

2080 1589 2257 1642 μενος,
2284 1572 2411 1636 τοὺς
2459 1571 2645 1641 ἁγίους
2677 1569 2841 1625 αὑτοῦ
2884 1569 3266 1641 παραλήψεται
3313 1568 3394 1630 εἰς
3421 1566 3483 1620 τὺ
3517 1566 3656 1620 πάν-

2074 1679 2196 1716 τοτε
2226 1663 2372 1734 αὐτῷ
2409 1667 2642 1739 συνεῖναι
2666 1681 2679 1693 ι
2719 1663 2841 1733 οὐχὶ
2887 1662 3049 1735 μέχρι
3092 1659 3238 1724 τινὸς
3277 1660 3506 1732 χρόνου,
3540 1657 3656 1711 ἀλλ’

407 1765 529 1803 rum
552 1751 920 1821 perfruentur.
948 1752 1019 1806 At
1048 1755 1296 1824 egregius
1329 1755 1429 1808 iste
1474 1754 1558 1807 vir
1587 1755 1654 1808 de
1689 1756 1976 1809 SerVatore

2080 1758 2157 1819 εἰς
2185 1755 2410 1827 ἄπειρον
2441 1756 2614 1811 αἰῶνα
2634 1774 2649 1788 ο
2686 1757 2849 1809 Οὕτω
2890 1755 3000 1826 γάρ
3041 1770 3213 1825 φησι,
3248 1750 3509 1809 Πάντοτε
3535 1748 3664 1805 σὺν

409 1843 611 1896 dictum
664 1852 946 1907 autumat,
984 1857 1235 1911 oportere
1286 1862 1408 1900 eum
1454 1848 1752 1915 imperare,
1809 1862 1976 1916 usque

2080 1813 2274 1916 Kinltp
2304 1813 2579 1917 ἐσόμεθα.
2614 1848 2822 1902 Οὐκοῦν
2874 1813 2924 1901 oi
2968 1813 3114 1915 δγίοί
3165 1813 3396 1899 πάντοτε
3441 1840 3661 1896 συνεσό-

409 1934 536 1986 dum
585 1937 832 2001 posuerit
880 1934 1131 1991 inimicos
1186 1935 1481 1991 scabellum
1534 1935 1757 2005 pedibus
1815 1937 1971 1992 suis:

2084 1956 2233 2011 μενοι
2278 1940 2447 2012 αὐτῷ,
2478 1940 2578 2011 τῆς
2625 1939 2790 1995 αὑτοῦ
2841 1938 3116 2010 βασιλείας
3163 1934 3562 1990 ἀπολαύσουσιν
3598 1934 3661 1985 ὲν

409 2034 715 2093 postremus
758 2035 934 2082 autem
984 2028 1236 2083 inimicus
1280 2028 1646 2097 subjiciendus
1686 2042 1831 2084 mors
1870 2039 1972 2082 est.

2080 2030 2144 2098 τῇ
2189 2029 2602 2104 κατηγγελμένῃ
2648 2030 2755 2083 τῶν
2806 2028 3049 2100 οὐρανῶν
3111 2026 3376 2099 βασιλείᾳ.
3434 2023 3575 2077 Ἀλλ’
3628 2023 3660 2075 ὁ

410 2113 499 2180 Et,
553 2112 684 2168 Cum
734 2132 851 2171 vero
897 2118 998 2187 ipsi
1042 2118 1389 2189 subjicienlur
1415 2120 1611 2182 omnia,
1642 2127 1751 2173 tum
1794 2127 1842 2172 et
1867 2121 1974 2187 ipse

2080 2122 2321 2185 γενναῖος
2352 2118 2526 2175 ταῦτα
2558 2120 2673 2192 (99)
2698 2121 2772 2192 μὴ
2804 2119 3004 2183 συνεὶς,
3035 2116 3127 2171 τοῦ
3152 2117 3297 2170 θείου
3335 2113 3660 2170 Ἀποστόλου

408 2204 714 2275 subjicielur
729 2210 797 2273 ei,
820 2210 911 2278 qui
943 2209 1165 2277 subjecit
1191 2209 1366 2262 omnia
1383 2210 1477 2261 sub
1498 2211 1712 2278 pedibus
1741 2210 1855 2280 ejus
1872 2251 1886 2271 ,
1918 2221 1972 2264 ut

2081 2210 2206 2281 περὶ
2228 2209 2321 2263 τοῦ
2351 2211 2502 2283 Σωτῆ
2512 2229 2601 2283 ρος
2628 2215 2660 2283 ὴ
2669 2211 2787 2283 μῶν
2816 2210 3096 2283 εἰρηκότος
3116 2209 3196 2272 τὸ,
3215 2207 3440 2279 Διῖγάρ
3470 2207 3663 2263 αὑτὸν

406 2297 476 2349 sit
499 2296 637 2350 Deus
657 2299 838 2353 omnia
860 2301 914 2353 in
933 2301 1172 2354 omnibus
1201 2302 1276 2358 ":
1303 2316 1431 2356 usus
1454 2318 1548 2355 sua
1588 2304 1975 2358 consuetudine

409 2385 525 2441 haec
553 2389 812 2457 depravat
843 2407 856 2443 :
888 2391 1070 2445 nescio
1098 2390 1240 2444 enim
1279 2407 1386 2459 quo
1417 2404 1611 2461 pacto,
1655 2394 1976 2462 subjicietur

410 2479 578 2533 Filius
628 2481 797 2544 Patri,
852 2496 971 2550 pro,
1014 2484 1228 2537 unietur
1286 2485 1394 2540 Deo
1441 2484 1697 2552 Verbum,
1745 2487 1972 2554 accepit.

410 2570 573 2637 Quasi
608 2572 721 2625 dari
746 2584 929 2642 posset
974 2583 1183 2644 tempus
1225 2577 1440 2644 quando
1473 2578 1545 2631 illi
1583 2593 1687 2634 non
1726 2580 1981 2634 adunire-

412 2672 519 2718 tur.
560 2663 710 2729 Quod
740 2666 786 2719 si
823 2662 1058 2720 Verbum
1082 2677 1201 2722 erat
1235 2668 1303 2724 ab
1328 2680 1534 2724 aeterno
1564 2671 1616 2723 in
1647 2668 1755 2724 Deo
1781 2672 1983 2726 subsis-

409 2764 556 2825 tens,
589 2759 859 2826 quomodo
909 2758 1041 2812 dicit
1086 2770 1214 2815 tunc
1247 2760 1357 2816 Deo
1397 2771 1454 2816 et
1482 2760 1631 2815 Patri
1685 2760 1981 2830 subjectum

410 2845 647 2901 futurum
671 2864 794 2902 eum
811 2849 835 2904 τ

2073 2301 2451 2367 βασιλεύειν,
2482 2302 2655 2373 ἄχρις
2688 2300 2758 2361 οὗ
2798 2302 2873 2373 θῇ
2908 2302 3050 2370 τοὺς
3080 2302 3334 2372 ἐχθροὺς
3364 2299 3483 2355 ὑπὸ
3513 2300 3665 2367 τοὺς

2080 2391 2269 2458 πόδας
2299 2394 2485 2450 αὑτοῦ
2508 2412 2523 2425 ο
2554 2396 2812 2466 ἔσχατος
2837 2396 3047 2466 ἐχθρὸς
3085 2391 3457 2462 καταργεῖται
3495 2397 3529 2448 d
3556 2393 3661 2448 θά-

2080 2499 2292 2552 νατοςο
2331 2487 2424 2541 καὶ
2470 2488 2660 2550 πάλιν,
2713 2489 2899 2542 Ὀταν
2942 2487 3010 2542 δὲ
3053 2489 3215 2556 αὐτῷ
3262 2485 3535 2556 ὑποταγῇ
3584 2488 3666 2538 τὰ

2082 2575 2298 2639 πάντα,
2343 2579 2477 2632 τότε
2516 2578 2614 2633 καὶ
2655 2581 2836 2646 αὐτὸς
2863 2579 3303 2650 ὑποταγήσεται
3332 2578 3411 2645 τῷ
3440 2574 3664 2633 ὑποτά-

2085 2667 2199 2732 ξαν
2212 2684 2266 2721 τι
2290 2667 2450 2734 αὐτῷ
2472 2670 2543 2724 τὰ
2570 2669 2784 2734 πάντα,
2817 2671 2917 2725 ἵνα
2946 2666 2987 2743 ᾖ
3017 2674 3050 2725 d
3094 2671 3237 2737 Θεὸς
3265 2670 3338 2725 τὰ
3370 2666 3566 2722 πάντα
3589 2667 3666 2720 ἐν

2084 2759 2362 2831 πᾶσι,⁷τῇ
2399 2760 2476 2833 (1)
2512 2763 2728 2833 συνήθει
2768 2762 2941 2835 ταύτῃ
2983 2762 3277 2834 διαστροφῇ
3320 2760 3662 2833 χρησάμενος

2086 2856 2180 2909 καὶ
2225 2854 2397 2909 ταῦτα
2436 2852 2882 2929 παρερμηνεύει’
2930 2853 3031 2906 οὐκ
3066 2847 3177 2931 οἷδ’κ
3202 2853 3351 2916 ὅπως
3396 2850 3481 2914 τι,
3524 2851 3659 2903 ὐπο-

408 2940 745 3011 ταγήσεσθαι
770 2942 849 3014 τῷ
871 2945 1047 3017 ῐῐατρὶ
1079 2946 1170 3000 τὸν
1194 2946 1343 3010 Υἱδν,
1371 2947 1493 3001 ἀντὶ
1534 2946 1626 3000 τοῦ
1671 2948 2037 3021 ἑνωθήσεσθαι
2079 2948 2160 3021 τῷ
2188 2951 2306 3022 Θεῷ
2331 2950 2422 3004 τὸν
2468 2950 2639 3018 Λόγον
2675 2947 2948 3016 ὲξακούων
2972 2965 2987 2978 ·
3029 2948 3124 3001 καὶ
3178 2936 3323 2999 ¹’τιςότε
3366 2945 3476 3018 γὰρ
3513 2943 3662 3013 αὖτῷ

410 3031 513 3083 οὐκ
542 3026 610 3100 ἦν
641 3033 956 3103 ἡνωμένος;
989 3038 1037 3089 εἰ
1066 3035 1132 3111 δὴ
1178 3036 1350 3104 Λόγος
1382 3032 1450 3109 ἦν
1473 3079 1488 3105 ,
1556 3036 1742 3101 ἀϊδίως
1792 3038 1870 3111 (‘2)
1930 3038 2189 3111 ὑπάρχων
2218 3041 2276 3092 ὲν
2318 3040 2399 3111 τῷ
2430 3037 2570 3109 Θεῷ.
2611 3037 2737 3102 Πῶς
2772 3032 2864 3092 οὖν
2901 3036 3021 3090 τότε
3060 3036 3224 3106 φησιν
3259 3035 3663 3107 ὑποτανῆσεται

410 3123 487 3195 τῷ
523 3124 643 3197 Θεῷ
681 3126 776 3179 καὶ
811 3126 1019 3198 Πατρί;

1040 3221 1192 3276 CAP.
1230 3221 1350 3277 XV.

414 3310 658 3377 Qualiter
708 3313 927 3378 diritur,
977 3317 1151 3387 omnia
1192 3314 1337 3387 Filio
1368 3316 1731 3387 subjicientur.
1779 3326 1828 3373 et
1875 3317 1983 3387 ipse

940 3385 1254 3454 subjicietur
1284 3384 1460 3441 Patri.

479 3470 882 3526 advertendum
908 3485 993 3528 est
1022 3491 1150 3530 vero
1188 3479 1458 3545 quomodo
1499 3478 1646 3533 dicat
1670 3477 1982 3546 Apostolus,

412 3563 593 3617 omnia
620 3564 918 3628 subjectum
960 3567 1023 3618 iri
1051 3565 1188 3621 Filio
1217 3584 1233 3623 :
1258 3578 1313 3623 et
1335 3570 1572 3637 qualiter
1610 3585 1704 3639 per
1738 3571 1981 3624 eamdem

414 3651 806 3720 subjectionem
868 3655 1265 3720 subjiciendum
1328 3648 1476 3710 Patri
1531 3656 1725 3711 Filium
1787 3658 1980 3711 dicat:

417 3739 704 3812 Postquam
749 3760 866 3798 vero
902 3746 1077 3800 omnia
1113 3749 1341 3817 subjecta
1387 3750 1464 3801 illi
1509 3748 1733 3817 fuerint,
1779 3759 1887 3801 tum
1933 3758 1982 3801 et

415 3834 525 3901 ipse
557 3831 730 3887 Filius
757 3835 1068 3903 subjicietur
1098 3836 1268 3901 Patri,
1299 3840 1388 3908 qui
1412 3840 1511 3906 ipsi
1541 3839 1755 3904 subiecit
1785 3841 1982 3893 omnia:

415 3933 473 3977 ut
520 3923 658 3977 Deus
708 3926 778 3979 sit
815 3927 991 3980 omnia
1034 3930 1087 3981 in
1123 3932 1362 3982 omnibus
1404 3929 1468 3984 “.
1505 3930 1656 3992 Illud,
1701 3931 1875 3982 omnia
1928 3931 1986 3982 in

415 4018 678 4079 omnibus,
709 4034 814 4071 non
842 4019 1109 4086 intelligit.
1133 4018 1251 4075 Non
1280 4024 1424 4075 enim
1450 4023 1545 4083 ait.
1572 4022 1738 4077 Deum
1770 4024 1821 4075 in
1846 4022 1983 4078 Filio

416 4106 657 4160 luturum
687 4110 889 4174 omnia,
939 4113 1032 4165 sed
1066 4111 1120 4164 in
1143 4113 1379 4166 omnibus
1396 4129 1417 4177 ;
1464 4114 1606 4182 quod
1636 4116 1807 4180 magis
1837 4115 1985 4169 vidc-

416 4206 505 4252 tur
578 4199 922 4256 cozilitionem
999 4207 1288 4273 quamdam
1354 4217 1408 4259 et
1463 4209 1981 4261 consummationem

413 4291 655 4344 omnium
706 4292 1034 4363 signiﬁcare.
1070 4294 1114 4348 si
1153 4296 1290 4349 Deus
1326 4297 1400 4349 sit
1445 4296 1656 4350 futurus
1700 4299 1879 4351 omnia
1930 4299 1983 4351 in

413 4382 667 4437 omnibus
692 4401 706 4437 :
732 4385 1121 4454 subjectionem
1151 4400 1278 4439 vero
1300 4385 1422 4441 Filii
1451 4387 1704 4440 unionem
1733 4384 1982 4453 intelligit

418 4472 604 4536 Verbi,
635 4485 688 4529 et
720 4475 1131 4543 interpretatur,
1157 4480 1215 4540 ᾖ(
1240 4479 1330 4546 qui
1384 4492 1528 4530 unus
1566 4484 1622 4530 et
1669 4475 1809 4529 idem
1861 4489 1982 4529 cum

2721 3219 2879 3275 ΚΕΦ.
2921 3211 3024 3273 ΙΕ’.

2084 3310 2287 3380 Ὅπως
2315 3312 2539 3381 εἴρηται
2552 3309 2639 3381 κτὰ
2682 3309 2878 3381 πάντα
2904 3306 3393 3377 ὑποταγήσεσθαι
3431 3305 3514 3373 τῷ
3553 3304 3665 3373 ΥΙῷ

2155 3385 2254 3437 καὶ
2281 3380 2469 3437 αὑτὸν
2498 3380 2578 3446 τῷ
2615 3380 2819 3448 Πατρί.
3650 3400 3653 3403 -

2154 3475 2275 3547 Χρὴ
2304 3474 2359 3527 δὲ
2384 3473 2673 3544 ἐπιστῆσαι
2711 3471 2802 3525 τὸν
2831 3469 2983 3533 νοῦν,
3018 3469 3094 3532 ὡς
3121 3470 3214 3523 καὶ
3256 3468 3405 3539 αὺτῷ
3441 3466 3518 3538 τῷ
3546 3466 3661 3537 Υίῷ

2083 3568 2151 3622 τὰ
2196 3567 2371 3619 πάντα
2409 3563 2847 3635 ὑποταγήσεσθαι
2879 3565 2907 3616 ὁ
2942 3560 3260 3624 Ἀπόστολος
3288 3560 3411 3630 ἔφη,
3453 3559 3543 3613 καὶ
3579 3560 3656 3621 ὡς

2082 3662 2148 3730 τῇ
2177 3659 2312 3728 αὐτῇ
2341 3658 2586 3727 ὑποταγῇ
2614 3656 2706 3708 καί⁵
2730 3654 2888 3707 αὑτὸν
2917 3651 3353 3724 ὑποταγήσεσθαι
3372 3651 3448 3722 τῷ
3479 3649 3652 3721 Πατρδ.

2083 3750 2322 3803 διδάσκει
2350 3747 2543 3815 λέγων,
2572 3748 2748 3799 Ὅταν
2778 3743 2846 3797 δὲ
2868 3743 2937 3797 τὰ
2961 3742 3157 3801 πάντα
3182 3742 3340 3808 αὺτῷ
3363 3739 3653 3811 ὑποταγῇ,

2083 3841 2217 3894 τότε
2250 3838 2350 3892 καί
2382 3834 2564 3902 αὐτὸς
2595 3837 2628 3888 ό
2670 3834 2802 3901 Υἱὸς
2846 3832 3291 3902 ὑποταγήσεται
3330 3831 3410 3897 τῷ
3446 3830 3656 3886 ὑποτά·

2085 3930 2253 3995 ξαντι
2285 3927 2445 3995 αὑτῷ
2478 3927 2549 3981 τὰ
2578 3924 2801 3980 πάνταο
2835 3926 2935 3979 ἵνα
2960 3920 3000 3997 ᾖ
3031 3928 3064 3979 d
3097 3925 3241 3991 Θεὸς
3266 3923 3338 3977 τὰ
3372 3922 3567 3977 πάντα
3589 3922 3672 3977 ἐν’

2083 4021 2293 4077 πᾶσιν.
2319 4016 2448 4074 Εἶτα
2476 4018 2571 4072 τοῦ
2602 4018 2699 4089 μὲν
2728 4016 2924 4071 πάντα
2951 4017 3019 4070 ἐν
3033 4015 3223 4070 πᾶσιν
3243 4017 3343 4069 οὐκ
3369 4015 3576 4068 ἀκούει·
3594 4014 3661 4068 οὗ

2083 4113 2193 4184 γὰρ
2234 4114 2292 4165 ὲν
2334 4112 2412 4183 τῷ
2442 4112 2558 4182 Υἰῷ
2598 4127 2729 4183 φησι
2754 4109 2827 4165 τὰ
2863 4108 3057 4163 πάντα
3105 4109 3321 4164 ἔσεσθαι
3371 4109 3462 4162 τὸν
3502 4107 3659 4172 Θεὸν,

2084 4205 2198 4258 ἀλλ’
2230 4205 2301 4259 ἐν
2330 4202 2518 4259 πᾶσιν
2541 4219 2553 4233 υ
2609 4204 2747 4274 ὅπερ
2788 4202 2985 4273 μᾶλλον
3036 4200 3213 4266 ἔδοξεν
3250 4200 3317 4254 ἂν
3365 4201 3662 4271 συνάφειάν

2086 4314 2206 4350 τινα
2250 4298 2467 4352 πάντων
2512 4294 2608 4347 καὶ
2650 4293 2843 4348 ἕνωσιν
2881 4293 3203 4364 σημαίνειν,
3258 4293 3307 4345 εἰ
3351 4291 3528 4347 πάντα
3578 4280 3675 4360 (3)-

2088 4388 2267 4459 μέλλοι
2317 4390 2348 4442 ὁ
2386 4387 2519 4450 Θεὸς
2563 4388 2621 4439 ὲν
2654 4386 2819 4439 πᾶσιν
2845 4380 3003 4438 εἶναι.
3040 4384 3149 4455 Τὴν
3188 4385 3233 4438 δ’
3262 4384 3541 4456 ὑποταγὴν
3565 4384 3660 4437 τοῦ

2083 4478 2215 4532 Υἱοῦ
2248 4478 2440 4531 ἕνωσιν
2468 4470 2758 4549 ἑρμηνεύει
2787 4474 2880 4529 τοῦ
2928 4475 3124 4543 Λόγου,
3152 4474 3208 4528 ἒν
3238 4476 3328 4528 καὶ
3356 4475 3434 4546 (t)
3461 4475 3660 4529 ταύτὸν

414 4563 575 4619 Patre
601 4564 810 4620 futurus
843 4578 977 4628 erat,
1024 4570 1098 4620 uti
1141 4581 1196 4621 et
1241 4570 1388 4637 prius
1424 4568 1621 4622 fuerat.
1654 4567 1804 4633 Quod
1835 4566 1880 4620 si
1907 4566 1978 4617 ita

2082 4571 2445 4643 γενησομένου
2481 4571 2561 4642 τῷ
2589 4570 2763 4642 Πατρὶ
2789 4567 2912 4622 καθ’
2943 4567 2982 4621 ἃ
3025 4569 3120 4622 καὶ
3150 4571 3415 4647 πρότερον
3458 4562 3547 4639 ἦν,
3581 4568 3663 4631 ὡς

410 4654 540 4708 velit
567 4654 975 4721 subjectiOucm.
1010 4657 1156 4712 Patri
1188 4674 1307 4713 esse
1338 4677 1458 4714 cum
1509 4659 1667 4713 Patre
1702 4658 1976 4721 unionem,

411 4751 720 4803 necessario
742 4760 797 4804 et
835 4750 921 4805 illa
967 4752 1207 4805 omnium
1250 4753 1513 4820 subjectio
1558 4751 1695 4805 Filio
1724 4751 1975 4803 unionem

409 4855 533 4895 eum
592 4840 730 4895 Filio
773 4843 1004 4896 similem
1057 4845 1521 4912 signiﬁcabitult
1582 4857 1754 4909 neque
1808 4842 1977 4897 Filius

407 4934 587 4987 adhuc
619 4932 850 5000 amplius
870 4947 964 5007 per
992 4950 1051 4987 se
1075 4938 1149 4989 sit
1183 4958 1193 4989 :
1221 4938 1313 4989 sed
1348 4951 1445 4989 nec
1489 4933 1589 5003 ipsi
1637 4930 1973 5001 subjicienda

408 5025 786 5078 solvendorum
827 5023 1113 5077 multitudo
1141 5040 1237 5092 per
1263 5042 1320 5078 se
1355 5027 1637 5087 subsistat,
1683 5035 1774 5076 aut
1817 5038 1971 5076 suam

410 5115 677 5184 propriam
704 5114 872 5169 vitam
902 5116 1044 5169 vivat
1071 5134 1085 5170 :
1116 5116 1211 5170 sed
1240 5126 1297 5168 ut
1330 5114 1423 5168 liat
1460 5114 1707 5170 confusio
1733 5124 1787 5167 et
1815 5112 1975 5167 coali-

2080 4663 2242 4727 αὑτὸς
2265 4664 2389 4733 ἔφη.
2425 4663 2489 4716 Εἰ
2519 4663 2699 4715 τοίνυν
2730 4662 2923 4715 ἕνωσιν
2950 4657 3087 4714 εἶναι
3119 4660 3219 4731 τὴν
3253 4659 3530 4729 ὑποταγὴν
3559 4657 3665 4729 τὴν

2079 4751 2215 4821 πρὸς
2241 4751 2332 4804 τὸν
2356 4750 2575 4819 Πατέρα
2607 4749 2867 4820 ὁρίζεται,
2895 4748 3187 4803 ἀκόλουθον
3213 4746 3278 4800 ἂν
3321 4746 3406 4818 εἰη
3434 4743 3529 4801 καῖ
3559 4746 3667 4817 τὴν

2079 4843 2295 4895 πάντων
2322 4841 2456 4913 πρὸς
2480 4843 2571 4896 τὸν
2600 4843 2726 4896 Υἰὸν
2765 4841 3044 4912 ὑποταγὴν
3087 4839 3164 4910 (5)
3189 4840 3288 4909 τὴν
3319 4839 3490 4910 αὐτὴν
3520 4838 3666 4909 πρὸς

2079 4933 2240 4986 αὐτὸν
2284 4932 2477 4986 ἕνωσιν
2519 4933 2803 5003 σημαίνειν
2826 4971 2840 4995 ,
2876 4931 2951 4994 ὡς
3002 4930 3193 5001 μηκέτ’
3227 4926 3365 4983 εἶναι
3398 4929 3490 4983 τὸν
3528 4928 3664 4984 Υἰὺν

2078 5022 2200 5076 καθ’
2242 5024 2464 5087 ἑαυτὸν,
2496 5025 2631 5095 μηδὲ
2672 5022 2740 5077 τὰ
2782 5022 3237 5093 ὑποταγησόμενα
3286 5020 3435 5091 αὐτῷ
3475 5018 3661 5091 πλήθη

2077 5115 2185 5168 τῶν
2213 5115 2532 5187 σωζομένων
2569 5116 2703 5169 ἰδίαν
2735 5114 2994 5186 ζήσεσθαι
3027 5112 3170 5184 ζωὴν
3189 5151 3204 5178 ,
3240 5112 3566 5183 συναλοιφὴν
3596 5112 3663 5166 δέ

476 5296 537 5356 ᾖ(
565 5289 663 5345 Ed.
692 5287 1033 5362 Paris.,pag.
1072 5289 1195 5346 184.
1271 5288 1315 5320 ¹⁶
1340 5288 1358 5343 1
1385 5286 1579 5344 Thess.
1615 5302 1689 5353 ιν,
1729 5286 1818 5354 i3,
1859 5287 1948 5344 10.

2101 5288 2268 5345 lCor.
2305 5291 2490 5358 κν,9.8.
2528 5293 2571 5325 ¹⁹
2601 5293 2731 5349 ibid.

475 5489 587 5561 (98)
612 5490 735 5561 ΜΡ..
755 5491 990 5561 πρῶτον.

497 5560 587 5621 99)
609 5560 774 5631 Vulgo
804 5560 939 5633 φησί
964 5562 1163 5626 συνείς.

497 5565 587 5621 99)
609 5565 774 5631 Vulgo
806 5565 939 5633 φησι
964 5565 1163 5626 συνείς.
1785 5565 1789 5568 ’

470 5565 550 5707 (li
582 5636 701 5685 υιιι.
758 5635 899 5707 vnlg.
934 5633 1254 5706 διαστροτρῇ,
1310 5634 1438 5692 hinc
1498 5632 1602 5706 Mp.
1657 5649 1746 5707 γρ.
1802 5651 1969 5706 συνη-

400 5698 516 5773 θείᾳ
528 5703 654 5773 (loco
673 5698 921 5773 Δσυνήθει.
1073 5698 1105 5773 _'
1169 5698 1179 5704 ’
1204 5698 1229 5706 ”
1488 5739 1493 5745 .

470 5768 545 5839 ('2)
585 5768 756 5838 Vulgo
787 5768 1045 5840 ὑπάρχων
1071 5769 1156 5844 ἧν.

2143 5498 2222 5567 ('5)
2257 5498 2426 5563 Vulgo
2457 5497 2662 5568 μέλλει.

2143 5558 2221 5636 (4)
2245 5558 2468 5622 rauim;
2482 5565 2909 5636 γενησομένου,
2936 5579 3131 5636 nempe
3152 5566 3350 5636 λόγου,
3363 5562 3429 5616 de
3446 5558 3661 5636 quod}-

2072 5628 2160 5691 xit
2185 5628 2738 5706 νιιικιιγενησόμένον,
2763 5640 2918 5706 male.
2939 5635 3011 5688 M.
3033 5628 3238 5689 -ὲΜςί
3268 5635 3425 5701 γυιμο
3454 5628 3577 5686 sae‘
3598 5628 3653 5706 ᾧ.

2146 5696 2394 5831 (5)“7‘1‘19-
2444 5696 2639 5774 αὐτὴν
2698 5696 2847 5775 πρὸς
2911 5706 3120 5762 αὐτόν.
3194 5696 3406 5759 Mallem
3473 5696 3656 5755 τοιαύ-

2148 5792 2197 5829 ν.
2293 5814 2307 5829 .

2077 5792 2197 5846 την.
2237 5792 2307 5831 at.
