4082 6422
368 323 508 380 1¹329

1280 323 1367 376 DE
1406 320 1939 379 ECCLESIASTICA
1977 317 2373 376 'i‘HEOLOGIA
2405 315 2537 372 LIB.
2576 314 2669 370 Ill.

3461 313 3600 394 roso

365 455 489 493 "WG.
519 443 613 494 καὶ
645 442 902 512 σύγχυσιν
931 441 1176 510 γίνεσθαι
1215 437 1321 494 τῶν
1351 441 1507 504 ὅλων,
1544 441 1718 494 ἓνκαὶ
1749 440 1926 494 ταύτὺη

2043 440 2117 493 tio
2145 438 2197 491 in
2231 451 2288 491 se
2310 434 2467 490 simul
2508 433 2747 490 omnium
2791 446 2955 487 :cum
3014 430 3180 486 Filius
3232 438 3288 485 et
3344 439 3604 501 quotquot

366 533 747 603 γενησομένων
779 533 872 586 τοῦ
893 533 1022 585 Υίοῦ
1052 535 1146 586 καὶ
1177 533 1284 583 τῶν
1312 531 1512 585 λοιπῶν
1538 534 1810 594 ἁπάντων,
1845 534 1939 584 καὶ

367 621 432 674 οὐ
459 622 637 692 μόνον,
657 623 790 676 ἀλλὰ
816 625 908 676 καὶ
923 623 1084 676 αὑτοῦ
1101 623 1194 675 τοῦ
1212 624 1343 675 Θεοῦ
1365 623 1461 692 (6).
1481 624 1542 674 Et
1558 626 1626 690 γά
1634 641 1664 694 ρ
1679 623 1745 676 τὰ
1765 623 1939 676 πάντα

370 712 451 783 τῷ
481 714 594 784 Titi)
615 755 629 776 ,
663 716 691 766 ὁ
715 715 771 767 δὲ
806 715 928 779 Υἱὸς
963 714 1038 784 τῷ
1073 716 1243 786 Πατρὶ
1267 753 1280 777 ,
1322 716 1379 766 ὲν
1416 713 1494 783 τῷ
1542 713 1938 768 ὑποτάσσεσθαι

372 803 604 866 ἑνοῦται,
622 806 724 874 ὅρα
751 805 804 857 τί
826 823 888 857 συ
897 805 1108 876 μ6αίνει
1141 807 1205 858 ὲκ
1229 805 1320 857 τοῦ
1345 805 1523 872 λόγου.
1570 804 1727 863 Ἀλλ’,
1752 804 1939 875 ὥσπερ

369 894 469 962 οὐχ
500 894 689 946 ἕνωσιν
717 897 745 947 ὁ
783 895 1098 959 Ἀπόστολος
1113 895 1300 964 ἐδήλου
1328 893 1938 962 λέγων,⁹Υποταγ-ήσε-

369 985 511 1035 σθαι
541 981 620 1046 τῷ
676 982 783 1048 Υίῷ
825 985 898 1037 τὰ
947 984 1175 1048 πάντα,
1208 984 1340 1038 ἀλλά
1371 985 1467 1056 τὴν
1500 984 1557 1050 ὲξ
1589 984 1936 1038 αὑθεκουσίου

371 1074 741 1146 προαιρέσεως
772 1077 1015 1148 ὑπακοὴν
1047 1078 1138 1130 καὶ
1170 1076 1266 1146 τὴν
1295 1076 1450 1142 δόξαν
1483 1078 1576 1129 καὶ
1611 1075 1708 1146 τὴν
1750 1076 1935 1146 τιμὴν,

368 1164 439 1234 ἣν
470 1164 738 1218 ἀποδώσει
766 1167 914 1236 αὑτῴ
943 1167 1009 1220 τὰ
1042 1168 1238 1228 πάντα,
1277 1161 1363 1219 οἷα
1393 1167 1624 1237 Σωτῆρι,
1653 1166 1747 1218 καὶ
1789 1164 1938 1234 βασι-

369 1254 454 1307 λεῖ
480 1255 586 1306 τῶν
613 1255 775 1309 ὅλων
793 1257 881 1308 τὸν
904 1258 1062 1310 αὑτὸν
1077 1258 1274 1328 τρόπον
1299 1258 1391 1310 καὶ
1407 1255 1466 1309 τὸ
1493 1256 1650 1309 αὑτὸν
1669 1256 1940 1326 ὑποταγή-

373 1347 560 1400 σεσθαι
593 1347 670 1418 τῷ
699 1349 870 1419 Πατρὶ
891 1349 1042 1402 οὐδὲν
1057 1351 1237 1421 ἕτερον
1265 1351 1624 1420 (7),σημαίνοι
1655 1351 1738 1409 ἂν,
1779 1349 1810 1420 ἥ
1840 1350 1937 1419 τὴν

364 1438 528 1505 δόξαν
541 1440 633 1491 καὶ
647 1439 745 1510 τὴν
756 1441 918 1510 τιμὴν
935 1441 1094 1494 καὶτὸ
1109 1441 1270 1504 σέϐας
1283 1444 1378 1512 τήν
1391 1459 1448 1494 τε
1469 1441 1936 1512 μεγαλοπρέπειαν

368 1530 470 1599 τήν
489 1546 548 1581 τε
574 1529 922 1584 αὑθεκούσιον
943 1531 1208 1602 ὑπακοὴν,
1238 1535 1302 1603 ἣν
1343 1534 1437 1585 καὶ
1480 1531 1639 1594 αὐτὸς
1670 1529 1935 1585 ἀποδώσει

363 1619 446 1690 τῷ
465 1619 582 1690 Θεῷ
615 1620 709 1674 καὶ
738 1621 911 1692 Πατρὶ
931 1661 946 1685 ,
995 1622 1212 1674 ἐπειδάν
1244 1623 1368 1685 τοὺς
1393 1624 1596 1684 πάντας
1627 1621 1807 1685 ἀξίους
1839 1620 1935 1690 τῆς

365 1713 638 1782 πατρικῆς
660 1713 909 1783 θεότητος
929 1709 1065 1765 εἶναι
1086 1714 1496 1784 παρασκευάσῃ.
1517 1711 1664 1774 Τέως
1684 1711 1781 1781 μὲν
1805 1708 1931 1777 γὰρ,

358 1801 439 1864 ὡς
465 1802 552 1853 ὅτε
584 1802 683 1854 οὐκ
711 1801 848 1865 ἄξιοι
873 1801 1072 1871 ταύτης
1113 1802 1235 1865 εἰσὶ,
1283 1799 1565 1871 προλαϐὼν
1615 1798 1794 1860 αὐτὸς,
1846 1791 1934 1849 οἷά
1967 1783 2005 1836 Β

365 1907 452 1950 τις
481 1891 656 1953 κοινὸς
684 1891 939 1944 ἁπάντων
979 1889 1188 1960 Σωτὴρ,
1221 1888 1572 1959 διορθωτικὴν
1596 1888 1701 1940 τῶν
1731 1885 1932 1940 ἀτελῶν

365 1983 459 2036 καί
493 1983 894 2053 θεραπευτικὴν
909 1983 1015 2036 τῶν
1033 1981 1320 2052 θεραπείας
1359 1983 1626 2052 δεομένων
1658 1979 1931 2049 βασιλείαν

362 2075 656 2144 βασιλεύει,
706 2077 830 2138 τοὺς
874 2075 973 2142 τὴς
1012 2074 1284 2144 βασιλείας
1319 2075 1548 2145 ἐχθροὺς
1573 2074 1797 2141 ὑπάγων
1821 2077 1932 2138 τοῖς

357 2165 524 2219 αὐτοῦ
574 2166 760 2220 ποσίψ
797 2161 932 2236 δ’δή
978 2167 1302 2236 παρίστησιν
1349 2167 1378 2217 ὁ
1423 2166 1645 2234 φάσκων
1681 2164 1927 2235 Ψαλμὸς,

355 2254 546 2312 Εἶπεν
578 2260 610 2310 ό
639 2258 852 2324 Κύριος
876 2253 956 2320 τῷ
989 2256 1181 2322 Κυρίῳ
1202 2272 1320 2321 μου
1340 2294 1355 2318 ,
1386 2254 1580 2308 Κάθου
1616 2255 1683 2307 ἐκ
1719 2252 1931 2318 δεξιῶν

350 2363 495 2416 μου,
528 2346 639 2410 ἓως
670 2346 745 2400 ἂν
773 2350 853 2401 θω
875 2346 1017 2410 τοὺς
1037 2346 1286 2413 ἐχθρούς
1315 2362 1430 2399 σου
1460 2345 1788 2399 ὑποπόδιον
1813 2343 1930 2398 τῶν

356 2438 559 2492 ποδῶν
586 2453 722 2502 σου,
762 2438 848 2490 ὅτε
882 2437 1006 2499 τοὺς
1037 2437 1135 2505 μὲν
1163 2437 1388 2506 ἐχθροὺς
1417 2437 1522 2490 ὑπὸ
1551 2437 1718 2498 πόδας
1758 2434 1924 2500 θέσει,

352 2531 483 2592 τοὺς
512 2529 569 2582 δὲ
597 2529 696 2598 τῆς
726 2527 890 2582 αὐτοῦ
939 2527 1210 2596 βασιλείας
1256 2529 1436 2592 ἀξίους
1489 2531 1546 2582 ὲν
1589 2526 1926 2596 ἀτελευτήτῳ

355 2619 470 2691 ζωῇ
504 2622 850 2692 καταστήσει.
887 2618 1197 2689 Τηνικαῦτα
1232 2621 1340 2690 γὰρ
1392 2620 1482 2673 καὶ
1515 2619 1590 2690 (8)
1636 2621 1664 2672 ὁ
1712 2619 1928 2673 πάντων

356 2711 552 2782 ἐχθρὸς
603 2711 828 2776 θάνατος
864 2712 1087 2782 ἔσχατος
1133 2712 1643 2783 καταργηθήσεταιο
1705 2710 1928 2782 μηδενὸς

353 2802 464 2874 γὰρ
505 2803 822 2875 θνήσκοντος
867 2805 978 2865 ἔτι,
1018 2804 1075 2856 ὲν
1108 2803 1310 2873 αἰωνίῳ
1355 2802 1412 2855 δὲ
1455 2801 1564 2872 ζωῇ
1613 2800 1927 2872 ξησομένων

352 2894 476 2946 τότε
505 2895 610 2948 τῶν
642 2895 739 2964 τῆς
768 2895 1038 2964 βασιλείας
1074 2895 1258 2958 ἀξίων,
1288 2895 1378 2946 τὸν
1412 2893 1638 2947 θάνατον
1666 2895 1927 2965 ἀργήσειν

294 3045 304 3062 γ
353 2985 534 3048 εἰκὸς,
567 2987 755 3056 μηκέτ’
811 2986 1002 3056 ἔχοντα
1034 2984 1124 3048 οὓς
1168 2983 1523 3037 θανατώσειεν
1565 2985 1662 3051 (9).
1698 2979 1798 3037 Ὧν
1826 2977 1927 3036 ὧδε

353 3074 834 3143 εὐτρεπισθέντων,
852 3075 929 3146 τῷ
952 3075 1063 3145 Υίῴ
1086 3074 1176 3127 τοῦ
1198 3074 1331 3127 Θεοῦ
1363 3075 1625 3145 σωτήριον
1653 3073 1926 3144 ὑποταγὴν

352 3166 553 3228 πάντες
573 3169 619 3217 οἱ
636 3166 779 3232 ἅγιοι
799 3168 1248 3234 ὑποταγήσονται,
1268 3165 1416 3236 αὑτῴ
1434 3165 1544 3236 ζωῇ
1569 3165 1666 3233 μὲν
1687 3165 1800 3218 ὄντι
1828 3164 1924 3235 ζη-

353 3256 568 3324 σόμενοι
589 3255 837 3318 αἱωνίως·
860 3257 1019 3326 σοφίᾳ
1054 3257 1110 3308 δὲ
1132 3257 1263 3314 ὄντι,
1282 3256 1434 3323 σοφοὶ
1464 3256 1758 3325 γενόμενοι⁸
1784 3256 1924 3326 λόγῳ

349 3345 408 3396 δὲ
446 3345 591 3408 ὄντι,
641 3345 810 3412 λόγιοι
856 3347 1330 3415 ἀπεργασθέντες·
1374 3345 1514 3398 οὕτω
1545 3347 1602 3397 δὲ
1645 3347 1738 3398 καὶ
1785 3349 1921 3418 Χρι-

351 3437 469 3488 στοὶ
489 3437 827 3506 γενήσονται,
847 3437 1114 3506 πνεύματι
1134 3436 1232 3506 τῆς
1248 3436 1410 3489 αὑτοῦ
1428 3437 1653 3500 εὐωδίας
1675 3437 1924 3506 χρισθέν-

348 3540 441 3586 τες
465 3539 478 3553 °
513 3525 795 3593 φωστῆρες
818 3542 878 3577 τε
908 3525 1380 3595 ἀναδειχθήσονται
1419 3525 1512 3577 τοῦ
1545 3526 1664 3578 νέου
1705 3524 1918 3588 αἰῶνος⁹

351 3611 412 3676 ἐξ
429 3613 592 3665 αὑτοῦ
618 3614 687 3666 τά
709 3614 862 3680 φῶτα
883 3615 1116 3686 χορηγού
1125 3633 1274 3684 μενοι
1295 3616 1388 3668 καὶ
1411 3616 1517 3667 υἱοὶ
1542 3615 1598 3667 δὲ
1620 3615 1754 3668 Θεοῦ
1780 3615 1923 3668 ἔσον-

349 3723 461 3768 ται,
496 3705 574 3775 τῷ
615 3707 713 3776 τῆς
749 3706 1020 3770 υἱοθεσίας
1059 3707 1329 3776 πνεύματι
1375 3707 1776 3776 κοσμηθέντες,
1826 3707 1920 3760 καὶ

349 3797 458 3850 τῶν
489 3797 690 3852 λοιπῶν
719 3799 778 3850 ὲν
808 3797 954 3866 αὐτῷ
995 3799 1276 3868 δυνάμεων
1305 3798 1648 3868 μεθέξουσιν,
1683 3798 1732 3850 οἱ
1772 3797 1920 3868 αὑτῷ

351 3889 853 3958 ὑποταγησόμενοι,
887 3890 963 3952 ὼς
1007 3891 1102 3942 καὶ
1131 3890 1373 3952 δικαίους
1417 3887 1668 3958 γενέσθαι
1710 3891 1775 3941 ὲκ
1821 3889 1921 3959 τῆς

348 3982 517 4034 αὑτοῦ
549 3981 912 4052 δικαιοσύνης,
946 3983 1040 4035 καὶ
1082 3982 1268 4050 ἁγίους
1309 3983 1374 4034 ἐκ
1416 3984 1516 4053 τῆς
1565 3980 1726 4033 αὐτοῦ
1754 3982 1918 4050 ἀγιω-

349 4071 535 4141 σύνης.
577 4072 728 4124 Ἐπεὶ
751 4071 807 4124 δὲ
833 4073 928 4125 καὶ
947 4072 1078 4135 Θεὸς
1103 4068 1172 4143 ἧν
1199 4073 1226 4124 ό
1251 4071 1440 4138 Λόγος,
1467 4069 1589 4122 οὑδὲ
1612 4069 1711 4140 τῆς
1739 4069 1920 4142 θεότη-

345 4177 436 4223 τος
463 4161 645 4222 αὐτοῖς
676 4159 947 4231 φθονήσει·
976 4160 1116 4214 ὥστε
1141 4159 1506 4230 ἐπαληθεῦσαι
1526 4159 1618 4212 τὸν
1658 4159 1917 4212 Ἀπόσιτοι-

345 4249 458 4310 λον.
486 4251 910 4319 κληρονόμους
943 4250 1061 4319 μὲν
1091 4250 1258 4315 Θεοῦ,
1283 4250 1818 4319 συγκληρονόμους
1851 4247 1920 4302 δὲ

336 4340 603 4408 ’.Χριστοῦ
647 4340 971 4411 γενήσεσθαι
1008 4341 1131 4403 τοὺς
1166 4341 1352 4408 ἁγίους
1384 4340 1742 4410 προφήσαντα
1781 4339 1912 4409 (10).

2040 539 2164 584 sunt
2187 528 2348 582 futuri
2381 527 2646 588 homines,
2684 539 2848 578 unum
2889 522 3052 577 l'uturi
3093 524 3200 576 sint
3243 531 3405 591 alque
3435 522 3600 586 idem,

2040 638 2139 676 nec
2161 637 2348 675 eorum
2387 618 2756 673 tantummodo
2783 617 2832 669 in
2860 630 3062 679 unum;
3095 615 3187 668 sed
3227 624 3280 668 et
3314 613 3405 666 Dei
3444 612 3604 666 simul

2039 714 2216 767 lutura
2248 713 2314 766 sil
2358 711 2597 765 coalitio.
2639 709 2714 763 Ita
2757 709 2899 760 enim
2933 721 3152 760 necesse
3187 715 3290 768 est,
3334 704 3602 772 siquidem

2039 807 2220 860 omnia
2275 805 2440 866 Filio,
2513 803 2679 856 Filius
2729 810 2905 854 autent
2942 798 3110 860 Patri,
3168 797 3220 851 in
3262 797 3603 864 subiiciendo

2040 899 2294 951 uniantur
2336 915 2348 952 :
2388 897 2486 950 hoc
2526 897 2670 949 enim
2710 892 2778 948 de
2821 893 3006 962 positis
3056 901 3433 959 consequi-tur.
3493 888 3602 943 Sed

2039 987 2494 1055 quemadmodum
2533 986 2784 1038 unionem
2831 999 2935 1036 non
2986 983 3244 1035 indicavit
3288 980 3599 1048 Apostolus.

2040 1079 2307 1146 inquiens,
2356 1077 2544 1130 Omnia
2587 1073 2730 1128 Filio
2775 1072 3137 1142 subjicientur.
3194 1071 3298 1127 Sed
3348 1071 3603 1123 obedien-

2041 1170 2164 1222 tiam
2205 1170 2368 1222 voluit
2401 1170 2466 1222 de
2492 1170 2657 1222 libera
2689 1169 3067 1235 procedentem
3098 1164 3369 1219 voluntate
3401 1173 3456 1217 et
3489 1161 3602 1232 glo-

2039 1260 2169 1311 riam
2202 1270 2253 1311 et
2279 1261 2557 1320 honorem,
2589 1274 2745 1324 quem
2777 1258 3081 1312 referebant
3100 1257 3146 1309 ei
3172 1255 3374 1318 omnia,
3410 1264 3600 1323 utpote

2039 1349 2310 1401 Servatori
2349 1359 2400 1402 et
2429 1351 2539 1417 regi
2566 1349 2802 1402 onmium
2839 1348 2940 1404 :ad
2969 1348 3213 1402 eumdem
3261 1348 3509 1410 modum,
3544 1354 3600 1418 et

2039 1441 2182 1494 illum
2211 1440 2508 1506 subjectum
2558 1440 2622 1494 iri
2656 1441 2798 1493 Patri
2835 1455 2931 1494 suo
2957 1440 3088 1494 nihil
3117 1439 3262 1490 aliud
3303 1439 3596 1508 signillcat,

2037 1546 2195 1600 quam
2219 1532 2440 1600 gloriam
2474 1543 2527 1585 et
2561 1532 2820 1586 honorem
2859 1545 2910 1586 et
2940 1535 3367 1593 venerationem,
3397 1541 3450 1584 et
3485 1545 3600 1583 ma-

2037 1625 2427 1692 gnificentiam,
2483 1635 2538 1678 et
2569 1625 2920 1678 voluntariam
2966 1622 3374 1690 subiectionem,
3435 1636 3596 1691 quam

2040 1715 2343 1769 redditurus
2377 1725 2461 1769 est
2511 1716 2623 1784 ipse
2667 1716 2774 1768 Deo
2811 1723 2862 1768 et
2916 1713 3094 1773 Patri,
3145 1729 3265 1766 cum
3321 1726 3602 1766 universos

2034 1803 2268 1856 ell‘ccerit
2303 1805 2492 1872 dignos
2524 1804 2806 1858 divinitate
2838 1818 2933 1856 sua
2967 1814 3205 1869 paterna.
3247 1801 3424 1871 Usque
3454 1803 3596 1854 enim

2035 1897 2157 1948 dum
2193 1895 2349 1961 hujus
2389 1911 2492 1948 non
2527 1905 2653 1948 sunt
2681 1895 2859 1963 digni,
2900 1896 3197 1963 anticipans
3232 1893 3384 1961 ipse;
3431 1891 3599 1946 veluti

2032 1986 2335 2040 communis
2364 1987 2582 2054 quidam
2611 1986 2848 2038 omnium
2882 1985 3156 2047 Servatur.
3183 2000 3402 2053 regnum
3430 1983 3600 2036 admi-

2032 2075 2250 2139 nistrat,
2284 2090 2391 2144 quo
2431 2076 2729 2144 imperfecti
2773 2086 3217 2130 consummentur
3241 2088 3289 2130 et
3321 2075 3599 2129 curatione

2032 2163 2333 2234 indigentes
2366 2178 2651 2230 curentur,
2698 2166 2994 2233 subiiciens
3044 2169 3143 2220 sub
3203 2166 3432 2235 pedibus
3483 2166 3598 2219 suis

2031 2255 2212 2307 hostes
2242 2254 2394 2307 istius
2422 2258 2570 2323 regni
2607 2256 2710 2308 sui.
2740 2256 2892 2321 Quod
2923 2267 2974 2310 et
3022 2255 3266 2310 I’salmus
3317 2256 3596 2323 indicavit,

2031 2342 2273 2410 inquiens
2292 2343 2464 2400 .Dixit
2493 2343 2746 2418 Dominus
2780 2344 2998 2397 Domino
3027 2362 3159 2409 meo,
3189 2344 3317 2400 Sede
3338 2363 3368 2397 α
3399 2346 3597 2399 dextris

2029 2435 2187 2498 meis,
2225 2436 2384 2488 donec
2423 2451 2640 2503 posuero
2676 2437 2910 2488 inimicos
2944 2449 3057 2488 tuos
3086 2437 3371 2489 scabellum
3409 2439 3597 2504 pedum

2031 2533 2239 2576 tuorum
2274 2524 2337 2576 ”.
2375 2523 2598 2591 Quando
2635 2525 2884 2579 inimicos
2913 2527 3181 2594 positurus
3213 2541 3297 2582 est
3322 2539 3418 2583 sub
3447 2529 3598 2597 pedi-

2030 2612 2129 2679 bus
2154 2614 2263 2666 suis
2292 2627 2307 2667 :
2339 2631 2435 2670 suo
2457 2625 2638 2667 autem
2671 2631 2836 2683 regno
2863 2616 3075 2684 dignos,
3120 2617 3171 2670 in
3203 2621 3311 2671 vita
3341 2619 3597 2672 intermi-

2029 2704 2194 2757 nabili
2249 2705 2648 2758 constituturns
2681 2723 2693 2758 :
2729 2717 2839 2758 tum
2871 2717 2919 2760 et
2971 2707 3211 2759 οηιιιίιιιιι
3255 2707 3594 2762 inimicorum

2031 2809 2176 2848 mors
2224 2805 2526 2862 postremus
2567 2795 2901 2865 subiicietnr.
2958 2795 3090 2850 Cum
3123 2798 3266 2850 enim
3315 2812 3471 2851 nemo
3527 2799 3598 2852 sit

2029 2885 2280 2953 deinceps
2332 2886 2651 2948 moriturus,
2687 2889 2779 2939 sed
2825 2887 2876 2939 in
2919 2887 3025 2939 vita
3065 2887 3447 2942 interminabili
3481 2905 3599 2943 om-

2031 2992 2127 3030 nes
2167 2976 2384 3040 victuri,
2424 2989 2532 3028 tum
2580 2989 2806 3031 mortem
2862 2979 3084 3032 onmino
3127 2979 3444 3032 abolendam
3470 3022 3484 3047 ,
3540 2982 3593 3033 in

1953 3110 1994 3167 α
2030 3068 2205 3138 dignis
2233 3069 2320 3121 illo
2349 3084 2536 3137 regno,
2569 3080 2715 3123 recte
2755 3071 2858 3124 dici
2905 3071 3136 3132 videtur,
3168 3087 3288 3123 cum
3331 3087 3486 3125 nemo
3525 3073 3598 3127 sit

2027 3161 2244 3214 futurus
2298 3177 2458 3230 quem
2500 3162 2698 3216 alliciat
2727 3175 2914 3218 rnorte.
2955 3165 3158 3229 Quibus
3193 3167 3258 3216 ad
3297 3167 3438 3219 hunc
3479 3181 3597 3219 mo-

2024 3254 2151 3306 dum
2201 3255 2490 3322 adaptatis,
2534 3254 2669 3307 Filro
2700 3256 2912 3322 quidem
2950 3256 3040 3309 ltei
3083 3258 3252 3308 sant-ti
3282 3273 3468 3309 onmes
3499 3271 3598 3326 per

2022 3347 2314 3400 salutarem
2362 3345 2743 3412 subiecIiOnem
2794 3347 3169 3414 subiicientur,
3236 3359 3502 3415 quatenus
3547 3345 3594 3402 is

2023 3438 2130 3490 vita
2150 3446 2252 3500 est,
2275 3438 2439 3490 vitam
2471 3439 2522 3490 in
2554 3453 2618 3492 co
2647 3438 2835 3492 victuri
2881 3438 3242 3492 immortalem
3275 3456 3288 3491 :
3322 3447 3594 3506 quatenus

2022 3530 2308 3598 sapientia,
2351 3530 2620 3599 sapientes
2676 3530 2841 3582 futuri
2873 3547 2888 3584 :
2923 3530 3072 3600 logos
3127 3538 3415 3598 quatenus,
3467 3529 3591 3599 lago

2023 3620 2352 3687 perﬁciendi,
2398 3629 2452 3674 et
2480 3619 2727 3674 Christus
2757 3631 3050 3689 quatenus,
3086 3621 3252 3674 odore
3280 3621 3400 3690 ejus
3448 3621 3592 3676 bono

2023 3711 2329 3779 inungendi.
2371 3711 2682 3766 Lumiuaria
2723 3712 3150 3778 designabantur
3187 3713 3311 3765 novi
3363 3712 3545 3766 saeculi
3570 3753 3588 3779 ,

2026 3806 2084 3863 ›Ῑ‹
2113 3803 2304 3869 quibus
2328 3804 2413 3855 lux
2439 3804 2505 3858 ab
2538 3803 2628 3857 illo
2651 3802 3095 3871 suppeditabitur.
3136 3803 3256 3858 Filii
3283 3804 3373 3857 Dei
3422 3803 3588 3859 l‘uturi

2021 3890 2296 3946 liliationis
2319 3893 2510 3960 spiritu
2540 3894 2658 3960 eius
2692 3893 2935 3945 adornati
2968 3903 3022 3946 et
3057 3895 3276 3948 exculti.
3309 3895 3588 3961 Quomodo

2020 3981 2110 4047 qui
2157 3979 2230 4032 illi
2283 3989 2408 4034 sunt
2465 3979 2782 4048 subiiciendi
2828 3996 3050 4047 omnes,
3098 3979 3418 4037 facultatum
3471 3983 3587 4051 eius

2019 4076 2333 4121 ceterarum
2388 4069 2678 4137 participes
2735 4068 2884 4126 lient.
2941 4068 3075 4122 Nam
3131 4080 3192 4147 et
3235 4069 3365 4139 iusti
3423 4071 3588 4126 l’uturi

2019 4170 2166 4226 sunt,
2197 4162 2263 4215 de
2285 4160 2496 4230 iustitia
2530 4162 2681 4230 eius:
2718 4175 2771 4218 et
2795 4164 2861 4220 de
2889 4164 3177 4218 sanctitate
3217 4164 3358 4220 illius
3387 4165 3583 4220 sancti.

2020 4249 2126 4304 Sed
2161 4267 2332 4320 neque
2378 4253 2810 4321 quandoquidem
2861 4253 3004 4307 Deus
3048 4263 3167 4308 erat
3221 4253 3494 4319 Verbum,
3530 4265 3592 4308 et

2019 4341 2270 4395 deitatem
2319 4357 2472 4394 sttam
2516 4341 2584 4395 iis
2623 4342 2876 4396 invidebit
2917 4358 2931 4396 :
2981 4350 3039 4394 ut
3088 4355 3212 4396 vere
3257 4343 3468 4397 locutus
3513 4342 3586 4396 sit

345 4431 454 4484 Ναὶ
493 4434 598 4502 μην
642 4433 738 4484 καὶ
788 4430 1033 4502 σώμασιν
1075 4432 1378 4500 οὐρανίοις,
1409 4430 1545 4501 ήλίῳ
1576 4430 1671 4482 καὶ
1717 4429 1910 4502 σελήνῃ

2026 4431 2322 4498 Apostolus.
2353 4430 2600 4485 Hert-edes
2634 4432 2752 4497 Dei,
2785 4433 3078 4491 coheredes
3116 4445 3285 4485 autem
3321 4430 3514 4485 Christi
3539 4431 3585 4464 “

345 4523 438 4575 uti.
479 4522 698 4594 ἄστροις
731 4524 1022 4594 χρήσονται
1057 4522 1474 4594 παραπλησίοις,
1523 4521 1615 4575 καὶ
1655 4524 1710 4575 ὲν
1744 4522 1915 4592 τούτῳ

343 4614 442 4682 τῆς
472 4614 634 4666 αὑτοῦ
671 4615 1098 4685 μεταληψόμενοι
1124 4614 1300 4684 δόξης.
1337 4615 1401 4666 Ὃ
1433 4613 1497 4684 δὴ
1541 4612 1650 4683 (ll)
1677 4611 1914 4684 παρίστη

343 4703 504 4767 αὐτὸς
545 4707 744 4774 φήσας,
783 4705 850 4769 ἐξ
893 4701 964 4759 οὗ
1015 4705 1114 4757 καὶ
1161 4702 1404 4771 Σωτῆρα
1447 4703 1913 4773 ἀπεκδεχόμεθα,

350 4796 564 4862 Κύριον
624 4796 867 4862 Ἰησοῦν
916 4800 1176 4866 Χριστὸν
1212 4797 1280 4864 ὃς
1312 4797 1804 4866 μετασχηματίζει
1844 4797 1911 4849 τὸ

345 4885 514 4956 σῶμα
545 4886 653 4956 τῆς
684 4887 1092 4955 ταπεινώσεως
1117 4888 1434 4960 ἠμῶνῌὲ),
1453 4890 1812 4957 σύμμορφον
1829 4887 1914 4954 τῷ

2021 4520 2228 4576 futuros
2253 4539 2366 4577 eos.
2400 4523 2502 4577 Sed
2531 4535 2586 4577 et
2622 4540 2849 4591 corpora
2890 4541 2985 4579 sua
3020 4525 3325 4578 aeternitate
3357 4524 3582 4593 praedita

2021 4614 2140 4678 soli,
2174 4613 2311 4666 lunae
2339 4625 2394 4667 et
2420 4615 2688 4668 sideribus
2721 4615 2918 4668 similia
2951 4617 3354 4669 coruscabunt:
3385 4630 3488 4682 quo
3529 4627 3585 4666 et

2021 4706 2074 4757 in
2122 4705 2237 4771 ipso
2281 4702 2397 4769 eius
2441 4705 2622 4772 gloria:
2681 4707 3098 4774 participabunl.
3142 4706 3291 4770 Quod
3336 4718 3389 4758 et
3438 4703 3579 4759 idem

2018 4791 2200 4844 docuit
2237 4793 2406 4853 aiens,
2451 4788 2597 4844 Unde
2638 4803 2684 4844 et
2724 4790 3048 4844 Servatoreut
3089 4804 3445 4858 exspectamus
3487 4790 3581 4868 Jef-

2017 4896 2130 4933 sum
2160 4877 2460 4946 Christum,
2487 4884 2573 4951 qui
2603 4882 2998 4951 transfurmabit
3036 4897 3222 4950 corpus
3267 4883 3580 4935 humilitatis

419 5048 478 5107 ris
518 5043 614 5098 Ed.
647 5044 842 5112 Paris.,
870 5060 993 5116 pag.
1027 5044 1148 5101 185.
1228 5045 1271 5076 ⁸⁸
1296 5043 1441 5098 Psal.
1471 5058 1582 5107 ets,
1611 5041 1666 5097 1.
1742 5044 1786 5073 ’⁸
1822 5041 1980 5096 Rom.
2020 5055 2108 5096 vni
2133 5081 2149 5108 ,
2181 5040 2247 5094 l7

411 5243 489 5312 (6)
523 5243 690 5314 yttlgo
717 5244 765 5296 εί
801 5244 922 5314 μέν.

338 5386 370 5436 ὑ
411 5313 486 5383 ('7)
523 5312 686 5397 Vulgo
712 5312 988 5384 σημαίνει,
1011 5326 1064 5370 et
1087 5332 1204 5370 mox
1236 5319 1428 5388 μεγαλ.
1463 5322 1556 5374 καὶ
1577 5321 1674 5394 τὴν
1708 5323 1898 5377 αὑοεκ.

376 5401 635 5436 ποταγην.

376 5401 635 5454 ποταγην.

409 5455 485 5530 (8)
524 5451 580 5504 ’0⁷
610 5451 850 5530 ,πάττων
876 5455 1125 5530 Δἐχθρός.
1160 5456 1440 5530 Legerem,
1477 5461 1776 5530 τηνικαῦτα
1806 5465 1902 5517 καὶ

336 5527 365 5578 ὁ
389 5527 604 5610 πάντων
638 5523 1120 5610 ὲζθρῶνοθάνατος,
1150 5523 1263 5579 ore:
1281 5529 1346 5610 ill.

411 5594 484 5663 (9)
525 5587 638 5644 Ὧν
669 5587 805 5648 ὧδε.
839 5592 929 5672 SHT
965 5587 1263 5672 legendum.
1297 5596 1488 5672 Statim
1517 5601 1774 5671 τΧριστοὶ
1804 5620 1899 5672 γε·

335 5663 588 5736 νήσονται
621 5681 725 5718 non
757 5668 1084 5743 TEVﬁGO‘Itt..
1109 5666 1279 5722 Erunt
1313 5670 1387 5723 ill.
1421 5663 1629 5725 Christi.
1664 5672 1735 5730 Μ.
1815 5663 1826 5672 ’
1877 5688 1882 5692 ‘

2077 5251 2188 5323 (l0)
2217 5249 2324 5306 Ναὶ
2356 5248 2478 5318 μὴν
2498 5248 2614 5323 -καὶ
2645 5246 2922 5323 σώμασιν
2950 5248 3290 5323 οὐρανίοις.¹
3313 5245 3385 5323 De
3417 5245 3576 5323 clari-

2010 5317 2118 5375 tate
2149 5317 2436 5389 corporum
2460 5317 2882 5387 glnritiCaturnm
2914 5321 3165 5389 intelligit
3194 5336 3208 5370 :
3243 5317 3329 5389 ubi
3352 5322 3572 5389 quidam

2007 5403 2064 5444 ιιι
2091 5393 2192 5455 sol,
2233 5387 2321 5442 alii
2359 5401 2413 5440 ιιι
2442 5390 2587 5446 luna.
2624 5390 2931 5442 t'adi..bttnl.
2974 5388 3136 5440 Stella
3169 5388 3311 5455 enini
3351 5401 3378 5436 a
3415 5387 3573 5455 stella

2006 5453 2203 5517 «ἥσω-ι,
2228 5471 2280 5511 et
2305 5463 2379 5510 sic
2404 5471 2486 5511 est
2512 5460 2837 5512 resurrectio
2863 5471 3220 5510 tnortuorunt.
3263 5454 3334 5507 Μ.
3358 5481 3428 5493 —
3459 5453 3588 5523 Mp-

2002 5530 2134 5592 νίοις
2165 5534 2279 5581 loro
2301 5528 2590 5599 οὐρανίοις.

2075 5591 2187 5670 (ll)
2226 5591 2387 5665 vna-,1.
2411 5599 2467 5650 δὲ
2487 5598 2755 5668 παρίστας
2792 5591 3383 5670 (reﬂoruit-lolium],
3410 5592 3574 5670 αὑτός

2002 5664 2314 5739 φησιν’(Μμδ
2335 5664 2555 5739 ίφήσας)
2571 5664 2780 5739 manus
2801 5664 2964 5732 'vnl'go
2988 5666 3186 5737 Κύριον
3203 5664 3340 5739 [τὸν]
3359 5664 3571 5739 iunxi).

2071 5733 2197 5810 (l2)
2217 5741 2260 5790 Σ
2265 5733 2574 5808 ύμίὶορροόυ
2595 5737 2670 5803 τῷ
2691 5737 2930 5806 σώματι.
2957 5733 3105 5791 Adae
3127 5733 3398 5802 γενέσθαι.
3442 5733 3514 5786 M.
