  <div class='ocr_page' id='page_1' title='image "/cluster/home/n/w/nwhite01/storage/ocr_20150623/24:no.6/coo.31924054873058/530.png"; bbox 0 0 4082 6382; ppageno 0'>
   <div class='ocr_carea' id='block_1_1' title="bbox 295 423 435 480">
    <p class='ocr_par' dir='ltr' id='par_1_1' title="bbox 295 423 435 480">
     <span class='ocr_line' id='line_1_1' title="bbox 295 423 435 480; baseline 0.007 -1"><span class='ocrx_word' id='word_1_1' title='bbox 295 428 320 479; x_wconf 76' lang='grc'>1</span> <span class='ocrx_word' id='word_1_2' title='bbox 332 423 435 480; x_wconf 73' lang='lat' dir='ltr'><strong>O53</strong></span> 
     </span>
    </p>
   </div>
   <div class='ocr_carea' id='block_1_2' title="bbox 1200 403 2638 498">
    <p class='ocr_par' dir='ltr' id='par_1_2' title="bbox 1200 403 2638 498">
     <span class='ocr_line' id='line_1_2' title="bbox 1200 403 2638 498; baseline 0 -20"><span class='ocrx_word' id='word_1_3' title='bbox 1200 421 1303 498; x_wconf 68' lang='lat' dir='ltr'><strong>me</strong></span> <span class='ocrx_word' id='word_1_4' title='bbox 1337 418 1884 480; x_wconf 79' lang='lat' dir='ltr'><strong>ECCLESiASTlCA</strong></span> <span class='ocrx_word' id='word_1_5' title='bbox 1923 420 2321 478; x_wconf 79' lang='lat' dir='ltr'><strong>THEOLOGIA</strong></span> <span class='ocrx_word' id='word_1_6' title='bbox 2359 421 2489 478; x_wconf 85' lang='lat' dir='ltr'><strong>LIB.</strong></span> <span class='ocrx_word' id='word_1_7' title='bbox 2527 403 2638 479; x_wconf 62' lang='lat' dir='ltr'><strong>nt.‘</strong></span> 
     </span>
    </p>
   </div>
   <div class='ocr_carea' id='block_1_3' title="bbox 3392 427 3522 480">
    <p class='ocr_par' dir='ltr' id='par_1_3' title="bbox 3392 427 3522 480">
     <span class='ocr_line' id='line_1_3' title="bbox 3392 427 3522 480; baseline 0 -1"><span class='ocrx_word' id='word_1_8' title='bbox 3392 427 3415 479; x_wconf 67' lang='lat' dir='ltr'><strong>‘l</strong></span> <span class='ocrx_word' id='word_1_9' title='bbox 3426 427 3522 480; x_wconf 68' lang='grc'><strong>054</strong></span> 
     </span>
    </p>
   </div>
   <div class='ocr_carea' id='block_1_4' title="bbox 290 537 1861 611">
    <p class='ocr_par' dir='ltr' id='par_1_4' title="bbox 290 537 1860 611">
     <span class='ocr_line' id='line_1_4' title="bbox 290 537 1860 611; baseline 0.001 -20"><span class='ocrx_word' id='word_1_10' title='bbox 290 537 421 610; x_wconf 58' lang='lat' dir='ltr'><strong>Tit-5&#39;};</strong></span> <span class='ocrx_word' id='word_1_11' title='bbox 457 539 676 592; x_wconf 79' lang='grc' dir='ltr'>ὲνοικῶν</span> <span class='ocrx_word' id='word_1_12' title='bbox 707 539 765 591; x_wconf 80' lang='grc' dir='ltr'>ἐν</span> <span class='ocrx_word' id='word_1_13' title='bbox 802 540 1012 605; x_wconf 73' lang='grc' dir='ltr'>αὐτοῖς,</span> <span class='ocrx_word' id='word_1_14' title='bbox 1038 541 1131 594; x_wconf 79' lang='grc' dir='ltr'>καὶ</span> <span class='ocrx_word' id='word_1_15' title='bbox 1157 539 1542 611; x_wconf 79' lang='grc' dir='ltr'><strong>ἐμπεριπατῶν</strong></span> <span class='ocrx_word' id='word_1_16' title='bbox 1573 541 1629 591; x_wconf 76' lang='grc' dir='ltr'>ἐν</span> <span class='ocrx_word' id='word_1_17' title='bbox 1658 540 1860 603; x_wconf 82' lang='grc' dir='ltr'>αὐτοῖς,</span> 
     </span>
    </p>
   </div>
   <div class='ocr_carea' id='block_1_5' title="bbox 1963 537 3533 611">
    <p class='ocr_par' dir='ltr' id='par_1_5' title="bbox 1967 539 3533 610">
     <span class='ocr_line' id='line_1_5' title="bbox 1967 539 3533 610; baseline -0.001 -16"><span class='ocrx_word' id='word_1_18' title='bbox 1967 541 2165 602; x_wconf 86' lang='lat' dir='ltr'><strong>bitans,</strong></span> <span class='ocrx_word' id='word_1_19' title='bbox 2198 543 2247 593; x_wconf 91' lang='lat' dir='ltr'><strong>in</strong></span> <span class='ocrx_word' id='word_1_20' title='bbox 2279 540 2384 595; x_wconf 86' lang='lat' dir='ltr'><strong>illis</strong></span> <span class='ocrx_word' id='word_1_21' title='bbox 2416 539 2714 603; x_wconf 80' lang='lat' dir='ltr'><strong>ambulans,</strong></span> <span class='ocrx_word' id='word_1_22' title='bbox 2743 553 2843 594; x_wconf 86' lang='lat' dir='ltr'><strong>nec</strong></span> <span class='ocrx_word' id='word_1_23' title='bbox 2882 539 3218 610; x_wconf 80' lang='lat' dir='ltr'><strong>dedignatus</strong></span> <span class='ocrx_word' id='word_1_24' title='bbox 3243 555 3365 595; x_wconf 87' lang='lat' dir='ltr'><strong>esse</strong></span> <span class='ocrx_word' id='word_1_25' title='bbox 3411 542 3533 594; x_wconf 86' lang='lat' dir='ltr'><strong>illo-</strong></span> 
     </span>
    </p>
   </div>
   <div class='ocr_carea' id='block_1_6' title="bbox 288 628 1853 697">
    <p class='ocr_par' dir='ltr' id='par_1_6' title="bbox 288 628 1853 697">
     <span class='ocr_line' id='line_1_6' title="bbox 288 628 1853 697; baseline 0.001 -16"><span class='ocrx_word' id='word_1_26' title='bbox 288 630 386 684; x_wconf 75' lang='grc' dir='ltr'>καὶ</span> <span class='ocrx_word' id='word_1_27' title='bbox 426 630 556 694; x_wconf 83' lang='grc' dir='ltr'><strong>Θεὸς</strong></span> <span class='ocrx_word' id='word_1_28' title='bbox 589 631 764 683; x_wconf 80' lang='grc' dir='ltr'>αὐτῶν</span> <span class='ocrx_word' id='word_1_29' title='bbox 803 632 903 684; x_wconf 86' lang='grc' dir='ltr'><strong>οὐκ</strong></span> <span class='ocrx_word' id='word_1_30' title='bbox 947 631 1191 697; x_wconf 79' lang='grc' dir='ltr'><strong>ἀπαξιῶν</strong></span> <span class='ocrx_word' id='word_1_31' title='bbox 1229 628 1386 696; x_wconf 83' lang='grc' dir='ltr'>εἶναι,</span> <span class='ocrx_word' id='word_1_32' title='bbox 1421 632 1544 685; x_wconf 84' lang='grc' dir='ltr'>λαόν</span> <span class='ocrx_word' id='word_1_33' title='bbox 1593 649 1651 684; x_wconf 92' lang='grc' dir='ltr'>τε</span> <span class='ocrx_word' id='word_1_34' title='bbox 1689 631 1853 685; x_wconf 75' lang='grc' dir='ltr'>αὑτοῦ</span> 
     </span>
    </p>
   </div>
   <div class='ocr_carea' id='block_1_7' title="bbox 290 721 1854 791">
    <p class='ocr_par' dir='ltr' id='par_1_7' title="bbox 290 721 1854 791">
     <span class='ocr_line' id='line_1_7' title="bbox 290 721 1854 791; baseline -0.001 -18"><span class='ocrx_word' id='word_1_35' title='bbox 290 721 415 784; x_wconf 85' lang='grc' dir='ltr'>τοὺς</span> <span class='ocrx_word' id='word_1_36' title='bbox 449 722 655 783; x_wconf 86' lang='grc' dir='ltr'>πάντας</span> <span class='ocrx_word' id='word_1_37' title='bbox 693 721 1083 791; x_wconf 79' lang='grc' dir='ltr'>οἰκειούμενος.</span> <span class='ocrx_word' id='word_1_38' title='bbox 1130 721 1286 774; x_wconf 74' lang='grc' dir='ltr'>Οὕτω</span> <span class='ocrx_word' id='word_1_39' title='bbox 1329 722 1426 791; x_wconf 82' lang='grc' dir='ltr'>μὲν</span> <span class='ocrx_word' id='word_1_40' title='bbox 1458 722 1558 775; x_wconf 77' lang='grc' dir='ltr'>οὐκ</span> <span class='ocrx_word' id='word_1_41' title='bbox 1608 721 1765 774; x_wconf 76' lang='grc' dir='ltr'>ἔσται</span> <span class='ocrx_word' id='word_1_42' title='bbox 1797 723 1854 773; x_wconf 80' lang='grc' dir='ltr'>ἐν</span> 
     </span>
    </p>
   </div>
   <div class='ocr_carea' id='block_1_8' title="bbox 289 811 1862 885">
    <p class='ocr_par' dir='ltr' id='par_1_8' title="bbox 289 811 1862 885">
     <span class='ocr_line' id='line_1_8' title="bbox 289 811 1862 885; baseline 0 -19"><span class='ocrx_word' id='word_1_43' title='bbox 289 813 493 877; x_wconf 71' lang='grc' dir='ltr'>αὐτοῖς,</span> <span class='ocrx_word' id='word_1_44' title='bbox 533 812 606 876; x_wconf 88' lang='grc' dir='ltr'><strong>ὡς</strong></span> <span class='ocrx_word' id='word_1_45' title='bbox 640 815 732 865; x_wconf 77' lang='grc' dir='ltr'>καὶ</span> <span class='ocrx_word' id='word_1_46' title='bbox 773 814 829 865; x_wconf 82' lang='grc' dir='ltr'><strong>έν</strong></span> <span class='ocrx_word' id='word_1_47' title='bbox 868 814 1016 883; x_wconf 80' lang='grc' dir='ltr'>αὐτῷ</span> <span class='ocrx_word' id='word_1_48' title='bbox 1039 814 1253 882; x_wconf 83' lang='grc' dir='ltr'>λέγεται</span> <span class='ocrx_word' id='word_1_49' title='bbox 1289 811 1428 867; x_wconf 82' lang='grc' dir='ltr'>εἶναι</span> <span class='ocrx_word' id='word_1_50' title='bbox 1471 813 1548 884; x_wconf 80' lang='grc' dir='ltr'>τῷ</span> <span class='ocrx_word' id='word_1_51' title='bbox 1579 815 1711 885; x_wconf 80' lang='grc' dir='ltr'>Υἱῴ,</span> <span class='ocrx_word' id='word_1_52' title='bbox 1731 815 1862 866; x_wconf 90' lang='grc' dir='ltr'>καθ-</span> 
     </span>
    </p>
   </div>
   <div class='ocr_carea' id='block_1_9' title="bbox 287 903 1864 975">
    <p class='ocr_par' dir='ltr' id='par_1_9' title="bbox 287 903 1864 975">
     <span class='ocr_line' id='line_1_9' title="bbox 287 903 1864 975; baseline 0.002 -19"><span class='ocrx_word' id='word_1_53' title='bbox 287 903 367 968; x_wconf 83' lang='grc' dir='ltr'>ὼς</span> <span class='ocrx_word' id='word_1_54' title='bbox 397 904 634 958; x_wconf 82' lang='grc' dir='ltr'><strong>διδάσκει</strong></span> <span class='ocrx_word' id='word_1_55' title='bbox 678 904 848 972; x_wconf 89' lang='grc' dir='ltr'>λέγων</span> <span class='ocrx_word' id='word_1_56' title='bbox 877 906 1060 968; x_wconf 82' lang='grc' dir='ltr'>αὐτὸς,</span> <span class='ocrx_word' id='word_1_57' title='bbox 1099 907 1154 957; x_wconf 90' lang='lat'><strong>&#39;0</strong></span> <span class='ocrx_word' id='word_1_58' title='bbox 1182 905 1383 973; x_wconf 79' lang='grc' dir='ltr'>Πατὴρ</span> <span class='ocrx_word' id='word_1_59' title='bbox 1424 907 1494 958; x_wconf 77' lang='grc' dir='ltr'><strong>ἐν</strong></span> <span class='ocrx_word' id='word_1_60' title='bbox 1525 907 1672 974; x_wconf 80' lang='grc' dir='ltr'>ἐμοὶ,</span> <span class='ocrx_word' id='word_1_61' title='bbox 1703 905 1864 975; x_wconf 77' lang='grc' dir='ltr'><strong>κάγὼ</strong></span> 
     </span>
    </p>
   </div>
   <div class='ocr_carea' id='block_1_10' title="bbox 286 995 1862 1068">
    <p class='ocr_par' dir='ltr' id='par_1_10' title="bbox 286 995 1862 1068">
     <span class='ocr_line' id='line_1_10' title="bbox 286 995 1862 1068; baseline 0.001 -20"><span class='ocrx_word' id='word_1_62' title='bbox 286 997 359 1048; x_wconf 79' lang='grc' dir='ltr'><strong>ἐν</strong></span> <span class='ocrx_word' id='word_1_63' title='bbox 400 995 478 1061; x_wconf 84' lang='grc' dir='ltr'><strong>τῷ</strong></span> <span class='ocrx_word' id='word_1_64' title='bbox 528 997 742 1064; x_wconf 84' lang='grc' dir='ltr'><strong>Πατρί·</strong></span> <span class='ocrx_word' id='word_1_65' title='bbox 793 997 885 1050; x_wconf 72' lang='grc' dir='ltr'>καὶ</span> <span class='ocrx_word' id='word_1_66' title='bbox 929 997 1110 1049; x_wconf 85' lang='grc' dir='ltr'>πάντα</span> <span class='ocrx_word' id='word_1_67' title='bbox 1140 998 1196 1050; x_wconf 80' lang='grc' dir='ltr'>δὲ</span> <span class='ocrx_word' id='word_1_68' title='bbox 1241 997 1392 1050; x_wconf 78' lang='grc' dir='ltr'>ἔσται</span> <span class='ocrx_word' id='word_1_69' title='bbox 1431 1001 1490 1050; x_wconf 86' lang='grc' dir='ltr'>ἐν</span> <span class='ocrx_word' id='word_1_70' title='bbox 1528 999 1727 1061; x_wconf 79' lang='grc' dir='ltr'>αὐτοῖς,</span> <span class='ocrx_word' id='word_1_71' title='bbox 1783 997 1862 1068; x_wconf 82' lang='grc' dir='ltr'>τῷ</span> 
     </span>
    </p>
   </div>
   <div class='ocr_carea' id='block_1_11' title="bbox 289 1087 1860 1161">
    <p class='ocr_par' dir='ltr' id='par_1_11' title="bbox 289 1087 1860 1161">
     <span class='ocr_line' id='line_1_11' title="bbox 289 1087 1860 1161; baseline 0.003 -22"><span class='ocrx_word' id='word_1_72' title='bbox 289 1088 454 1139; x_wconf 76' lang='grc' dir='ltr'>πᾶσιν</span> <span class='ocrx_word' id='word_1_73' title='bbox 496 1087 685 1140; x_wconf 76' lang='grc' dir='ltr'>ἑαυτὸν</span> <span class='ocrx_word' id='word_1_74' title='bbox 731 1087 1016 1158; x_wconf 88' lang='grc' dir='ltr'>παρέχειν,</span> <span class='ocrx_word' id='word_1_75' title='bbox 1060 1088 1179 1141; x_wconf 87' lang='grc' dir='ltr'>καθ’</span> <span class='ocrx_word' id='word_1_76' title='bbox 1208 1089 1237 1142; x_wconf 88' lang='grc' dir='ltr'><strong>ὃ</strong></span> <span class='ocrx_word' id='word_1_77' title='bbox 1281 1093 1313 1160; x_wconf 83' lang='grc' dir='ltr'>ἡ</span> <span class='ocrx_word' id='word_1_78' title='bbox 1363 1090 1591 1143; x_wconf 79' lang='grc' dir='ltr'><strong>ἑκάστου</strong></span> <span class='ocrx_word' id='word_1_79' title='bbox 1636 1091 1860 1161; x_wconf 87' lang='grc' dir='ltr'>δύναμις</span> 
     </span>
    </p>
   </div>
   <div class='ocr_carea' id='block_1_12' title="bbox 284 1178 1866 1251">
    <p class='ocr_par' dir='ltr' id='par_1_12' title="bbox 284 1178 1866 1251">
     <span class='ocr_line' id='line_1_12' title="bbox 284 1178 1866 1251; baseline 0.001 -21"><span class='ocrx_word' id='word_1_80' title='bbox 284 1180 457 1249; x_wconf 84' lang='grc' dir='ltr'>,χωρεῖ</span> <span class='ocrx_word' id='word_1_81' title='bbox 492 1179 590 1248; x_wconf 85' lang='grc' dir='ltr'><strong>τῆς</strong></span> <span class='ocrx_word' id='word_1_82' title='bbox 617 1178 777 1233; x_wconf 78' lang='grc' dir='ltr'>αὐτοῦ</span> <span class='ocrx_word' id='word_1_83' title='bbox 809 1178 1060 1248; x_wconf 82' lang='grc' dir='ltr'><strong>θεότητος</strong></span> <span class='ocrx_word' id='word_1_84' title='bbox 1090 1181 1516 1251; x_wconf 74' lang='grc' dir='ltr'><strong>μεταλαγχάνειν</strong></span> <span class='ocrx_word' id='word_1_85' title='bbox 1537 1197 1549 1210; x_wconf 86' lang='grc'><strong>·</strong></span> <span class='ocrx_word' id='word_1_86' title='bbox 1583 1181 1681 1250; x_wconf 80' lang='grc' dir='ltr'>τῆς</span> <span class='ocrx_word' id='word_1_87' title='bbox 1714 1198 1866 1251; x_wconf 89' lang='grc' dir='ltr'>τρισ-</span> 
     </span>
    </p>
   </div>
   <div class='ocr_carea' id='block_1_13' title="bbox 291 1270 1859 1342">
    <p class='ocr_par' dir='ltr' id='par_1_13' title="bbox 291 1270 1859 1342">
     <span class='ocr_line' id='line_1_13' title="bbox 291 1270 1859 1342; baseline 0.002 -21"><span class='ocrx_word' id='word_1_88' title='bbox 291 1270 568 1341; x_wconf 78' lang='grc' dir='ltr'>μακαρίας</span> <span class='ocrx_word' id='word_1_89' title='bbox 590 1271 798 1332; x_wconf 81' lang='grc' dir='ltr'><strong>ἐλπίδος</strong></span> <span class='ocrx_word' id='word_1_90' title='bbox 821 1270 913 1323; x_wconf 79' lang='grc' dir='ltr'>καὶ</span> <span class='ocrx_word' id='word_1_91' title='bbox 938 1271 1038 1340; x_wconf 81' lang='grc' dir='ltr'><strong>τῆς</strong></span> <span class='ocrx_word' id='word_1_92' title='bbox 1064 1272 1423 1342; x_wconf 79' lang='grc' dir='ltr'>ἀτελευτήτου</span> <span class='ocrx_word' id='word_1_93' title='bbox 1451 1273 1544 1325; x_wconf 71' lang='grc' dir='ltr'>καὶ</span> <span class='ocrx_word' id='word_1_94' title='bbox 1583 1273 1859 1342; x_wconf 77' lang='grc' dir='ltr'>ἀφθάρτου</span> 
     </span>
    </p>
   </div>
   <div class='ocr_carea' id='block_1_14' title="bbox 289 1357 1861 1433">
    <p class='ocr_par' dir='ltr' id='par_1_14' title="bbox 289 1357 1861 1433">
     <span class='ocr_line' id='line_1_14' title="bbox 289 1357 1861 1433; baseline 0.002 -20"><span class='ocrx_word' id='word_1_95' title='bbox 289 1358 439 1430; x_wconf 78' lang='grc' dir='ltr'>ζωῆς</span> <span class='ocrx_word' id='word_1_96' title='bbox 465 1363 520 1414; x_wconf 85' lang='grc' dir='ltr'>ὲν</span> <span class='ocrx_word' id='word_1_97' title='bbox 543 1362 713 1432; x_wconf 84' lang='grc' dir='ltr'>τούτῳ</span> <span class='ocrx_word' id='word_1_98' title='bbox 739 1361 1217 1432; x_wconf 79' lang='grc' dir='ltr'>καταστησομένης</span> <span class='ocrx_word' id='word_1_99' title='bbox 1238 1363 1315 1433; x_wconf 81' lang='grc' dir='ltr'>τῷ</span> <span class='ocrx_word' id='word_1_100' title='bbox 1343 1363 1506 1426; x_wconf 81' lang='grc' dir='ltr'>τέλει,</span> <span class='ocrx_word' id='word_1_101' title='bbox 1537 1365 1594 1416; x_wconf 85' lang='grc' dir='ltr'>ἐν</span> <span class='ocrx_word' id='word_1_102' title='bbox 1623 1357 1666 1429; x_wconf 79' lang='grc' dir='ltr'>ᾧ</span> <span class='ocrx_word' id='word_1_103' title='bbox 1700 1365 1728 1414; x_wconf 83' lang='grc' dir='ltr'>ὁ</span> <span class='ocrx_word' id='word_1_104' title='bbox 1766 1364 1861 1432; x_wconf 82' lang='grc' dir='ltr'>μὲν</span> 
     </span>
    </p>
   </div>
   <div class='ocr_carea' id='block_1_15' title="bbox 285 1451 1862 1523">
    <p class='ocr_par' dir='ltr' id='par_1_15' title="bbox 285 1451 1862 1523">
     <span class='ocr_line' id='line_1_15' title="bbox 285 1451 1862 1523; baseline 0.001 -19"><span class='ocrx_word' id='word_1_105' title='bbox 285 1452 421 1515; x_wconf 80' lang='grc' dir='ltr'>Θεὸς</span> <span class='ocrx_word' id='word_1_106' title='bbox 452 1451 604 1505; x_wconf 80' lang='grc' dir='ltr'>ἔσται</span> <span class='ocrx_word' id='word_1_107' title='bbox 650 1455 826 1506; x_wconf 88' lang='grc' dir='ltr'>πάντα</span> <span class='ocrx_word' id='word_1_108' title='bbox 863 1457 921 1508; x_wconf 84' lang='grc' dir='ltr'>ὲν</span> <span class='ocrx_word' id='word_1_109' title='bbox 966 1456 1098 1507; x_wconf 79' lang='grc' dir='ltr'>πᾶσι</span> <span class='ocrx_word' id='word_1_110' title='bbox 1144 1454 1278 1523; x_wconf 75' lang='grc'>(15),</span> <span class='ocrx_word' id='word_1_111' title='bbox 1312 1457 1432 1516; x_wconf 90' lang='grc' dir='ltr'>ταῖς</span> <span class='ocrx_word' id='word_1_112' title='bbox 1479 1453 1579 1523; x_wconf 82' lang='grc' dir='ltr'><strong>τῆς</strong></span> <span class='ocrx_word' id='word_1_113' title='bbox 1613 1454 1862 1523; x_wconf 75' lang='grc' dir='ltr'>θεότητος</span> 
     </span>
    </p>
   </div>
   <div class='ocr_carea' id='block_1_16' title="bbox 285 1541 1860 1617">
    <p class='ocr_par' dir='ltr' id='par_1_16' title="bbox 285 1541 1860 1617">
     <span class='ocr_line' id='line_1_16' title="bbox 285 1541 1860 1617; baseline 0.003 -23"><span class='ocrx_word' id='word_1_114' title='bbox 285 1541 452 1594; x_wconf 77' lang='grc' dir='ltr'>αὐτοῦ</span> <span class='ocrx_word' id='word_1_115' title='bbox 499 1549 884 1615; x_wconf 78' lang='grc' dir='ltr'><strong>μαρμαρυγαῖς</strong></span> <span class='ocrx_word' id='word_1_116' title='bbox 925 1547 1147 1599; x_wconf 87' lang='grc' dir='ltr'>ἀλέκτου</span> <span class='ocrx_word' id='word_1_117' title='bbox 1195 1546 1372 1611; x_wconf 79' lang='grc' dir='ltr'>φωτὸς</span> <span class='ocrx_word' id='word_1_118' title='bbox 1418 1545 1706 1617; x_wconf 81' lang='grc' dir='ltr'><strong>ἐμπιπλῶν</strong></span> <span class='ocrx_word' id='word_1_119' title='bbox 1736 1548 1860 1608; x_wconf 80' lang='grc' dir='ltr'>τοὺς</span> 
     </span>
    </p>
   </div>
   <div class='ocr_carea' id='block_1_17' title="bbox 287 1634 1863 1709">
    <p class='ocr_par' dir='ltr' id='par_1_17' title="bbox 287 1634 1863 1709">
     <span class='ocr_line' id='line_1_17' title="bbox 287 1634 1863 1709; baseline 0.002 -23"><span class='ocrx_word' id='word_1_120' title='bbox 287 1634 516 1698; x_wconf 81' lang='grc' dir='ltr'><strong>πάντας·</strong></span> <span class='ocrx_word' id='word_1_121' title='bbox 539 1638 568 1688; x_wconf 84' lang='grc' dir='ltr'>ὁ</span> <span class='ocrx_word' id='word_1_122' title='bbox 585 1637 640 1689; x_wconf 85' lang='grc' dir='ltr'>δὲ</span> <span class='ocrx_word' id='word_1_123' title='bbox 669 1638 792 1700; x_wconf 76' lang='grc' dir='ltr'>Υἱὸς</span> <span class='ocrx_word' id='word_1_124' title='bbox 813 1639 1240 1709; x_wconf 80' lang='grc' dir='ltr'>ἐναγαλλόμενος</span> <span class='ocrx_word' id='word_1_125' title='bbox 1268 1640 1361 1691; x_wconf 77' lang='grc' dir='ltr'><strong>καὶ</strong></span> <span class='ocrx_word' id='word_1_126' title='bbox 1395 1639 1598 1709; x_wconf 79' lang='grc' dir='ltr'>χαίρων</span> <span class='ocrx_word' id='word_1_127' title='bbox 1630 1638 1705 1708; x_wconf 82' lang='grc' dir='ltr'>τῷ</span> <span class='ocrx_word' id='word_1_128' title='bbox 1732 1656 1863 1692; x_wconf 88' lang='grc' dir='ltr'>κατ-</span> 
     </span>
    </p>
   </div>
   <div class='ocr_carea' id='block_1_18' title="bbox 288 1725 1862 1800">
    <p class='ocr_par' dir='ltr' id='par_1_18' title="bbox 288 1725 1862 1800">
     <span class='ocr_line' id='line_1_18' title="bbox 288 1725 1862 1800; baseline 0.002 -22"><span class='ocrx_word' id='word_1_129' title='bbox 288 1725 568 1798; x_wconf 83' lang='grc' dir='ltr'>ορθώματι</span> <span class='ocrx_word' id='word_1_130' title='bbox 589 1767 603 1790; x_wconf 95' lang='grc'><strong>,</strong></span> <span class='ocrx_word' id='word_1_131' title='bbox 642 1730 904 1797; x_wconf 79' lang='grc' dir='ltr'>στεφάνου</span> <span class='ocrx_word' id='word_1_132' title='bbox 935 1731 1090 1799; x_wconf 83' lang='grc' dir='ltr'>δίκην</span> <span class='ocrx_word' id='word_1_133' title='bbox 1135 1729 1488 1800; x_wconf 84' lang='grc' dir='ltr'><strong>περιθέμενος</strong></span> <span class='ocrx_word' id='word_1_134' title='bbox 1519 1731 1642 1792; x_wconf 77' lang='grc' dir='ltr'>τοὺς</span> <span class='ocrx_word' id='word_1_135' title='bbox 1674 1730 1740 1781; x_wconf 84' lang='grc' dir='ltr'><strong>δι’</strong></span> <span class='ocrx_word' id='word_1_136' title='bbox 1767 1730 1862 1781; x_wconf 86' lang='grc' dir='ltr'>αύ-</span> 
     </span>
    </p>
   </div>
   <div class='ocr_carea' id='block_1_19' title="bbox 285 1818 1862 1892">
    <p class='ocr_par' dir='ltr' id='par_1_19' title="bbox 285 1818 1862 1892">
     <span class='ocr_line' id='line_1_19' title="bbox 285 1818 1862 1892; baseline 0.001 -22"><span class='ocrx_word' id='word_1_137' title='bbox 285 1818 382 1870; x_wconf 85' lang='grc' dir='ltr'><strong>τοῦ</strong></span> <span class='ocrx_word' id='word_1_138' title='bbox 427 1819 528 1888; x_wconf 84' lang='grc' dir='ltr'>τῆς</span> <span class='ocrx_word' id='word_1_139' title='bbox 565 1821 963 1892; x_wconf 80' lang='grc' dir='ltr'><strong>μακαριότητος</strong></span> <span class='ocrx_word' id='word_1_140' title='bbox 1011 1822 1374 1891; x_wconf 74' lang='grc' dir='ltr'>ἠξιωμένους,</span> <span class='ocrx_word' id='word_1_141' title='bbox 1413 1820 1517 1872; x_wconf 79' lang='grc' dir='ltr'><strong>ὑπὸ</strong></span> <span class='ocrx_word' id='word_1_142' title='bbox 1557 1820 1736 1890; x_wconf 75' lang='grc' dir='ltr'>ὲφόρῳ</span> <span class='ocrx_word' id='word_1_143' title='bbox 1783 1819 1862 1890; x_wconf 82' lang='grc' dir='ltr'>τῷ</span> 
     </span>
    </p>
   </div>
   <div class='ocr_carea' id='block_1_20' title="bbox 1974 630 3536 701">
    <p class='ocr_par' dir='ltr' id='par_1_20' title="bbox 1974 630 3536 701">
     <span class='ocr_line' id='line_1_20' title="bbox 1974 630 3536 701; baseline 0.001 -18"><span class='ocrx_word' id='word_1_144' title='bbox 1974 646 2090 684; x_wconf 87' lang='lat' dir='ltr'><strong>rum</strong></span> <span class='ocrx_word' id='word_1_145' title='bbox 2137 632 2304 695; x_wconf 86' lang='lat' dir='ltr'><strong>Deus,</strong></span> <span class='ocrx_word' id='word_1_146' title='bbox 2333 646 2453 684; x_wconf 93' lang='lat' dir='ltr'><strong>cum</strong></span> <span class='ocrx_word' id='word_1_147' title='bbox 2487 631 2538 682; x_wconf 92' lang='lat' dir='ltr'><strong>in</strong></span> <span class='ocrx_word' id='word_1_148' title='bbox 2580 630 2834 699; x_wconf 86' lang='lat' dir='ltr'><strong>populum</strong></span> <span class='ocrx_word' id='word_1_149' title='bbox 2872 630 2972 684; x_wconf 88' lang='lat' dir='ltr'><strong>sibi</strong></span> <span class='ocrx_word' id='word_1_150' title='bbox 2998 644 3187 684; x_wconf 88' lang='lat' dir='ltr'><strong>omnes</strong></span> <span class='ocrx_word' id='word_1_151' title='bbox 3221 635 3536 701; x_wconf 85' lang='lat' dir='ltr'><strong>appropria—</strong></span> 
     </span>
    </p>
   </div>
   <div class='ocr_carea' id='block_1_21' title="bbox 1971 722 3531 791">
    <p class='ocr_par' dir='ltr' id='par_1_21' title="bbox 1971 722 3531 791">
     <span class='ocr_line' id='line_1_21' title="bbox 1971 722 3531 791; baseline 0.003 -18"><span class='ocrx_word' id='word_1_152' title='bbox 1971 724 2127 776; x_wconf 83' lang='lat' dir='ltr'><strong>verit.</strong></span> <span class='ocrx_word' id='word_1_153' title='bbox 2174 723 2287 777; x_wconf 85' lang='lat' dir='ltr'><strong>Non</strong></span> <span class='ocrx_word' id='word_1_154' title='bbox 2336 734 2510 776; x_wconf 86' lang='lat' dir='ltr'><strong>autem</strong></span> <span class='ocrx_word' id='word_1_155' title='bbox 2553 723 2656 776; x_wconf 89' lang='lat' dir='ltr'><strong>erit</strong></span> <span class='ocrx_word' id='word_1_156' title='bbox 2700 723 2765 776; x_wconf 86' lang='lat' dir='ltr'><strong>ad</strong></span> <span class='ocrx_word' id='word_1_157' title='bbox 2805 736 2928 776; x_wconf 90' lang='lat' dir='ltr'><strong>eum</strong></span> <span class='ocrx_word' id='word_1_158' title='bbox 2993 723 3208 776; x_wconf 87' lang='lat' dir='ltr'><strong>modum</strong></span> <span class='ocrx_word' id='word_1_159' title='bbox 3258 722 3310 775; x_wconf 89' lang='lat' dir='ltr'><strong>in</strong></span> <span class='ocrx_word' id='word_1_160' title='bbox 3359 724 3531 791; x_wconf 82' lang='lat' dir='ltr'><strong>ipsis,</strong></span> 
     </span>
    </p>
   </div>
   <div class='ocr_carea' id='block_1_22' title="bbox 1964 810 3529 880">
    <p class='ocr_par' dir='ltr' id='par_1_22' title="bbox 1964 810 3529 880">
     <span class='ocr_line' id='line_1_22' title="bbox 1964 810 3529 880; baseline 0.002 -16"><span class='ocrx_word' id='word_1_161' title='bbox 1964 813 2412 878; x_wconf 80' lang='lat' dir='ltr'><strong>quemadmodum</strong></span> <span class='ocrx_word' id='word_1_162' title='bbox 2459 811 2654 866; x_wconf 73' lang='lat' dir='ltr'><strong>dicitur</strong></span> <span class='ocrx_word' id='word_1_163' title='bbox 2687 812 2738 864; x_wconf 91' lang='lat' dir='ltr'><strong>in</strong></span> <span class='ocrx_word' id='word_1_164' title='bbox 2786 810 2922 865; x_wconf 88' lang='lat' dir='ltr'><strong>Filio</strong></span> <span class='ocrx_word' id='word_1_165' title='bbox 2949 824 3088 874; x_wconf 89' lang='lat' dir='ltr'><strong>esse,</strong></span> <span class='ocrx_word' id='word_1_166' title='bbox 3115 811 3182 864; x_wconf 93' lang='lat' dir='ltr'><strong>de</strong></span> <span class='ocrx_word' id='word_1_167' title='bbox 3212 827 3318 880; x_wconf 92' lang='lat' dir='ltr'><strong>quo</strong></span> <span class='ocrx_word' id='word_1_168' title='bbox 3349 813 3529 875; x_wconf 89' lang='lat' dir='ltr'><strong>docet,</strong></span> 
     </span>
    </p>
   </div>
   <div class='ocr_carea' id='block_1_23' title="bbox 1963 902 3530 973">
    <p class='ocr_par' dir='ltr' id='par_1_23' title="bbox 1963 902 3530 973">
     <span class='ocr_line' id='line_1_23' title="bbox 1963 902 3530 973; baseline 0.003 -19"><span class='ocrx_word' id='word_1_169' title='bbox 1963 902 2126 957; x_wconf 80' lang='lat' dir='ltr'><strong>Pater</strong></span> <span class='ocrx_word' id='word_1_170' title='bbox 2163 905 2216 956; x_wconf 86' lang='lat' dir='ltr'><strong>in</strong></span> <span class='ocrx_word' id='word_1_171' title='bbox 2255 921 2355 968; x_wconf 88' lang='lat' dir='ltr'><strong>me,</strong></span> <span class='ocrx_word' id='word_1_172' title='bbox 2384 915 2432 958; x_wconf 85' lang='lat' dir='ltr'><strong>et</strong></span> <span class='ocrx_word' id='word_1_173' title='bbox 2471 920 2562 973; x_wconf 85' lang='lat' dir='ltr'><strong>ego</strong></span> <span class='ocrx_word' id='word_1_174' title='bbox 2606 904 2660 957; x_wconf 83' lang='lat' dir='ltr'><strong>in</strong></span> <span class='ocrx_word' id='word_1_175' title='bbox 2693 902 2854 958; x_wconf 82' lang='lat' dir='ltr'><strong>Patre</strong></span> <span class='ocrx_word' id='word_1_176' title='bbox 2873 904 2920 935; x_wconf 81' lang='grc'><strong>¹⁰</strong></span> <span class='ocrx_word' id='word_1_177' title='bbox 2943 921 2958 970; x_wconf 91' lang='grc'>;</span> <span class='ocrx_word' id='word_1_178' title='bbox 2985 905 3165 958; x_wconf 87' lang='lat' dir='ltr'><strong>omnia</strong></span> <span class='ocrx_word' id='word_1_179' title='bbox 3195 914 3374 958; x_wconf 85' lang='lat' dir='ltr'><strong>autem</strong></span> <span class='ocrx_word' id='word_1_180' title='bbox 3417 913 3530 958; x_wconf 89' lang='lat' dir='ltr'><strong>tum</strong></span> 
     </span>
    </p>
   </div>
   <div class='ocr_carea' id='block_1_24' title="bbox 1964 994 3534 1064">
    <p class='ocr_par' dir='ltr' id='par_1_24' title="bbox 1964 994 3534 1064">
     <span class='ocr_line' id='line_1_24' title="bbox 1964 994 3534 1064; baseline -0.001 -17"><span class='ocrx_word' id='word_1_181' title='bbox 1964 994 2068 1048; x_wconf 88' lang='lat' dir='ltr'><strong>illis</strong></span> <span class='ocrx_word' id='word_1_182' title='bbox 2095 996 2228 1061; x_wconf 85' lang='lat' dir='ltr'><strong>erit,</strong></span> <span class='ocrx_word' id='word_1_183' title='bbox 2271 995 2412 1064; x_wconf 92' lang='lat' dir='ltr'><strong>quod</strong></span> <span class='ocrx_word' id='word_1_184' title='bbox 2443 1011 2499 1051; x_wconf 90' lang='lat' dir='ltr'><strong>se</strong></span> <span class='ocrx_word' id='word_1_185' title='bbox 2549 1006 2658 1048; x_wconf 90' lang='lat' dir='ltr'><strong>tum</strong></span> <span class='ocrx_word' id='word_1_186' title='bbox 2708 994 2961 1050; x_wconf 90' lang='lat' dir='ltr'><strong>omnibus</strong></span> <span class='ocrx_word' id='word_1_187' title='bbox 2999 996 3317 1061; x_wconf 84' lang='lat' dir='ltr'><strong>exhibebit,</strong></span> <span class='ocrx_word' id='word_1_188' title='bbox 3372 1005 3534 1064; x_wconf 83' lang='lat' dir='ltr'><strong>prout.</strong></span> 
     </span>
    </p>
   </div>
   <div class='ocr_carea' id='block_1_25' title="bbox 1963 1085 3528 1155">
    <p class='ocr_par' dir='ltr' id='par_1_25' title="bbox 1963 1085 3528 1155">
     <span class='ocr_line' id='line_1_25' title="bbox 1963 1085 3528 1155; baseline 0.004 -21"><span class='ocrx_word' id='word_1_189' title='bbox 1963 1087 2377 1155; x_wconf 86' lang='lat' dir='ltr'><strong>uniuscujusque</strong></span> <span class='ocrx_word' id='word_1_190' title='bbox 2428 1085 2653 1140; x_wconf 73' lang='lat' dir='ltr'><strong>facultas</strong></span> <span class='ocrx_word' id='word_1_191' title='bbox 2701 1085 2846 1140; x_wconf 92' lang='lat' dir='ltr'><strong>illius</strong></span> <span class='ocrx_word' id='word_1_192' title='bbox 2895 1086 3152 1139; x_wconf 75' lang='lat' dir='ltr'><strong>deitatem</strong></span> <span class='ocrx_word' id='word_1_193' title='bbox 3195 1095 3371 1154; x_wconf 84' lang='lat' dir='ltr'><strong>potest</strong></span> <span class='ocrx_word' id='word_1_194' title='bbox 3434 1103 3528 1140; x_wconf 87' lang='lat' dir='ltr'><strong>ca-</strong></span> 
     </span>
    </p>
   </div>
   <div class='ocr_carea' id='block_1_26' title="bbox 1962 1177 3534 1245">
    <p class='ocr_par' dir='ltr' id='par_1_26' title="bbox 1962 1177 3534 1245">
     <span class='ocr_line' id='line_1_26' title="bbox 1962 1177 3534 1245; baseline 0.003 -17"><span class='ocrx_word' id='word_1_195' title='bbox 1962 1190 2088 1242; x_wconf 84' lang='lat' dir='ltr'><strong>pere</strong></span> <span class='ocrx_word' id='word_1_196' title='bbox 2115 1216 2132 1240; x_wconf 90' lang='lat'><strong>,</strong></span> <span class='ocrx_word' id='word_1_197' title='bbox 2161 1193 2281 1231; x_wconf 84' lang='lat' dir='ltr'><strong>cum</strong></span> <span class='ocrx_word' id='word_1_198' title='bbox 2311 1192 2435 1245; x_wconf 82' lang='lat' dir='ltr'><strong>spes</strong></span> <span class='ocrx_word' id='word_1_199' title='bbox 2468 1177 2815 1231; x_wconf 79' lang='lat' dir='ltr'><strong>beatitudinis</strong></span> <span class='ocrx_word' id='word_1_200' title='bbox 2861 1185 2914 1230; x_wconf 88' lang='lat' dir='ltr'><strong>et</strong></span> <span class='ocrx_word' id='word_1_201' title='bbox 2953 1179 3077 1232; x_wconf 60' lang='lat' dir='ltr'><strong>vita</strong></span> <span class='ocrx_word' id='word_1_202' title='bbox 3115 1177 3534 1233; x_wconf 83' lang='lat' dir='ltr'><strong>interminabilis</strong></span> 
     </span>
    </p>
   </div>
   <div class='ocr_carea' id='block_1_27' title="bbox 1961 1269 3534 1338">
    <p class='ocr_par' dir='ltr' id='par_1_27' title="bbox 1961 1269 3534 1338">
     <span class='ocr_line' id='line_1_27' title="bbox 1961 1269 3534 1338; baseline 0.003 -18"><span class='ocrx_word' id='word_1_203' title='bbox 1961 1277 2013 1320; x_wconf 90' lang='lat' dir='ltr'><strong>et</strong></span> <span class='ocrx_word' id='word_1_204' title='bbox 2045 1269 2467 1336; x_wconf 89' lang='lat' dir='ltr'><strong>incorruptibilis</strong></span> <span class='ocrx_word' id='word_1_205' title='bbox 2503 1270 2556 1322; x_wconf 93' lang='lat' dir='ltr'><strong>in</strong></span> <span class='ocrx_word' id='word_1_206' title='bbox 2598 1284 2663 1323; x_wconf 94' lang='lat' dir='ltr'><strong>eo</strong></span> <span class='ocrx_word' id='word_1_207' title='bbox 2697 1269 2800 1323; x_wconf 91' lang='lat' dir='ltr'><strong>sita</strong></span> <span class='ocrx_word' id='word_1_208' title='bbox 2842 1271 2912 1324; x_wconf 87' lang='lat' dir='ltr'><strong>sit</strong></span> <span class='ocrx_word' id='word_1_209' title='bbox 2949 1269 3054 1322; x_wconf 85' lang='lat' dir='ltr'><strong>fine</strong></span> <span class='ocrx_word' id='word_1_210' title='bbox 3079 1309 3095 1335; x_wconf 93' lang='lat'><strong>,</strong></span> <span class='ocrx_word' id='word_1_211' title='bbox 3136 1271 3350 1338; x_wconf 80' lang='lat' dir='ltr'><strong>quando</strong></span> <span class='ocrx_word' id='word_1_212' title='bbox 3393 1271 3534 1324; x_wconf 86' lang='lat' dir='ltr'><strong>Deus</strong></span> 
     </span>
    </p>
   </div>
   <div class='ocr_carea' id='block_1_28' title="bbox 1962 1358 3533 1428">
    <p class='ocr_par' dir='ltr' id='par_1_28' title="bbox 1962 1358 3533 1428">
     <span class='ocr_line' id='line_1_28' title="bbox 1962 1358 3533 1428; baseline 0.003 -18"><span class='ocrx_word' id='word_1_213' title='bbox 1962 1358 2172 1412; x_wconf 87' lang='lat' dir='ltr'><strong>futurus</strong></span> <span class='ocrx_word' id='word_1_214' title='bbox 2214 1371 2298 1413; x_wconf 87' lang='lat' dir='ltr'><strong>est</strong></span> <span class='ocrx_word' id='word_1_215' title='bbox 2349 1360 2527 1412; x_wconf 84' lang='lat' dir='ltr'><strong>omnia</strong></span> <span class='ocrx_word' id='word_1_216' title='bbox 2581 1360 2636 1413; x_wconf 92' lang='lat' dir='ltr'><strong>in</strong></span> <span class='ocrx_word' id='word_1_217' title='bbox 2683 1361 2966 1421; x_wconf 90' lang='lat' dir='ltr'><strong>omnibus,</strong></span> <span class='ocrx_word' id='word_1_218' title='bbox 3010 1361 3306 1428; x_wconf 88' lang='lat' dir='ltr'><strong>adimplens</strong></span> <span class='ocrx_word' id='word_1_219' title='bbox 3345 1377 3533 1415; x_wconf 82' lang='lat' dir='ltr'><strong>omnes</strong></span> 
     </span>
    </p>
   </div>
   <div class='ocr_carea' id='block_1_29' title="bbox 1963 1447 3533 1505">
    <p class='ocr_par' dir='ltr' id='par_1_29' title="bbox 1963 1447 3533 1505">
     <span class='ocr_line' id='line_1_29' title="bbox 1963 1447 3533 1505; baseline 0.004 -9"><span class='ocrx_word' id='word_1_220' title='bbox 1963 1447 2126 1498; x_wconf 84' lang='lat' dir='ltr'><strong>radiis</strong></span> <span class='ocrx_word' id='word_1_221' title='bbox 2153 1461 2263 1500; x_wconf 72' lang='lat' dir='ltr'><strong>sua:</strong></span> <span class='ocrx_word' id='word_1_222' title='bbox 2294 1447 2510 1502; x_wconf 88' lang='lat' dir='ltr'><strong>deitatis</strong></span> <span class='ocrx_word' id='word_1_223' title='bbox 2554 1448 2929 1505; x_wconf 84' lang='lat' dir='ltr'><strong>indeficientis.</strong></span> <span class='ocrx_word' id='word_1_224' title='bbox 2974 1449 3140 1505; x_wconf 85' lang='lat' dir='ltr'><strong>Filius</strong></span> <span class='ocrx_word' id='word_1_225' title='bbox 3176 1460 3355 1504; x_wconf 87' lang='lat' dir='ltr'><strong>autem</strong></span> <span class='ocrx_word' id='word_1_226' title='bbox 3406 1461 3533 1504; x_wconf 89' lang='lat' dir='ltr'><strong>tunc</strong></span> 
     </span>
    </p>
   </div>
   <div class='ocr_carea' id='block_1_30' title="bbox 1962 1537 3532 1605">
    <p class='ocr_par' dir='ltr' id='par_1_30' title="bbox 1962 1537 3532 1605">
     <span class='ocr_line' id='line_1_30' title="bbox 1962 1537 3532 1605; baseline 0.004 -17"><span class='ocrx_word' id='word_1_227' title='bbox 1962 1537 2236 1590; x_wconf 81' lang='lat' dir='ltr'><strong>exsultans</strong></span> <span class='ocrx_word' id='word_1_228' title='bbox 2290 1539 2521 1605; x_wconf 83' lang='lat' dir='ltr'><strong>gaudio,</strong></span> <span class='ocrx_word' id='word_1_229' title='bbox 2581 1549 2638 1593; x_wconf 86' lang='lat' dir='ltr'><strong>et</strong></span> <span class='ocrx_word' id='word_1_230' title='bbox 2703 1541 2867 1594; x_wconf 80' lang='lat' dir='ltr'><strong>veluti</strong></span> <span class='ocrx_word' id='word_1_231' title='bbox 2929 1542 3252 1596; x_wconf 81' lang='lat' dir='ltr'><strong>victoriosus</strong></span> <span class='ocrx_word' id='word_1_232' title='bbox 3328 1542 3532 1596; x_wconf 88' lang='lat' dir='ltr'><strong>athleta</strong></span> 
     </span>
    </p>
   </div>
   <div class='ocr_carea' id='block_1_31' title="bbox 1962 1629 3534 1702">
    <p class='ocr_par' dir='ltr' id='par_1_31' title="bbox 1962 1629 3534 1702">
     <span class='ocr_line' id='line_1_31' title="bbox 1962 1629 3534 1702; baseline 0.006 -23"><span class='ocrx_word' id='word_1_233' title='bbox 1962 1629 2449 1696; x_wconf 87' lang='lat' dir='ltr'><strong>triumphabundus</strong></span> <span class='ocrx_word' id='word_1_234' title='bbox 2508 1646 2708 1686; x_wconf 87' lang='lat' dir='ltr'><strong>corona</strong></span> <span class='ocrx_word' id='word_1_235' title='bbox 2762 1647 2949 1686; x_wconf 88' lang='lat' dir='ltr'><strong>eorum</strong></span> <span class='ocrx_word' id='word_1_236' title='bbox 3011 1635 3348 1702; x_wconf 86' lang='lat' dir='ltr'><strong>redimietur,</strong></span> <span class='ocrx_word' id='word_1_237' title='bbox 3395 1649 3534 1702; x_wconf 91' lang='lat' dir='ltr'><strong>quos</strong></span> 
     </span>
    </p>
   </div>
   <div class='ocr_carea' id='block_1_32' title="bbox 1961 1717 3532 1792">
    <p class='ocr_par' dir='ltr' id='par_1_32' title="bbox 1961 1717 3532 1792">
     <span class='ocr_line' id='line_1_32' title="bbox 1961 1717 3532 1792; baseline 0.006 -23"><span class='ocrx_word' id='word_1_238' title='bbox 1961 1717 2292 1772; x_wconf 81' lang='lat' dir='ltr'><strong>beatitudine</strong></span> <span class='ocrx_word' id='word_1_239' title='bbox 2341 1721 2532 1789; x_wconf 88' lang='lat' dir='ltr'><strong>dignos</strong></span> <span class='ocrx_word' id='word_1_240' title='bbox 2575 1721 2807 1787; x_wconf 88' lang='lat' dir='ltr'><strong>habitos,</strong></span> <span class='ocrx_word' id='word_1_241' title='bbox 2857 1723 3018 1777; x_wconf 85' lang='lat' dir='ltr'><strong>Patre</strong></span> <span class='ocrx_word' id='word_1_242' title='bbox 3080 1738 3177 1778; x_wconf 88' lang='lat' dir='ltr'><strong>suo</strong></span> <span class='ocrx_word' id='word_1_243' title='bbox 3219 1733 3532 1792; x_wconf 89' lang='lat' dir='ltr'><strong>spectante,</strong></span> 
     </span>
    </p>
   </div>
   <div class='ocr_carea' id='block_1_33' title="bbox 1963 1810 3537 1878">
    <p class='ocr_par' dir='ltr' id='par_1_33' title="bbox 1963 1810 3537 1878">
     <span class='ocr_line' id='line_1_33' title="bbox 1963 1810 3537 1878; baseline 0.005 -18"><span class='ocrx_word' id='word_1_244' title='bbox 1963 1823 2130 1878; x_wconf 80' lang='lat' dir='ltr'><strong>regno</strong></span> <span class='ocrx_word' id='word_1_245' title='bbox 2182 1810 2508 1866; x_wconf 74' lang='lat' dir='ltr'><strong>indeiicienti</strong></span> <span class='ocrx_word' id='word_1_246' title='bbox 2551 1824 2603 1866; x_wconf 91' lang='lat' dir='ltr'><strong>et</strong></span> <span class='ocrx_word' id='word_1_247' title='bbox 2646 1829 2750 1866; x_wconf 91' lang='lat' dir='ltr'><strong>non</strong></span> <span class='ocrx_word' id='word_1_248' title='bbox 2809 1814 3164 1868; x_wconf 84' lang='lat' dir='ltr'><strong>veterascenti</strong></span> <span class='ocrx_word' id='word_1_249' title='bbox 3221 1831 3537 1869; x_wconf 81' lang='lat' dir='ltr'><strong>remunera-</strong></span> 
     </span>
    </p>
   </div>
   <div class='ocr_carea' id='block_1_34' title="bbox 286 1891 1861 1983">
    <p class='ocr_par' dir='ltr' id='par_1_34' title="bbox 286 1891 1858 1983">
     <span class='ocr_line' id='line_1_34' title="bbox 286 1891 1858 1983; baseline -0.001 -20"><span class='ocrx_word' id='word_1_250' title='bbox 286 1912 482 1982; x_wconf 72' lang='lat' dir='ltr'><strong>ﬂa&#39;cpi,</strong></span> <span class='ocrx_word' id='word_1_251' title='bbox 510 1911 606 1982; x_wconf 76' lang='grc' dir='ltr'>τὴν</span> <span class='ocrx_word' id='word_1_252' title='bbox 639 1913 830 1983; x_wconf 83' lang='grc' dir='ltr'><strong>ἀγήρω</strong></span> <span class='ocrx_word' id='word_1_253' title='bbox 859 1891 951 1965; x_wconf 78' lang='grc' dir='ltr'>καὶ</span> <span class='ocrx_word' id='word_1_254' title='bbox 984 1912 1336 1982; x_wconf 73' lang='grc' dir='ltr'><strong>ἀτελεύτητον</strong></span> <span class='ocrx_word' id='word_1_255' title='bbox 1368 1910 1665 1964; x_wconf 80' lang='grc' dir='ltr'><strong>διατελέσει</strong></span> <span class='ocrx_word' id='word_1_256' title='bbox 1701 1911 1858 1981; x_wconf 89' lang='grc' dir='ltr'>βασι-</span> 
     </span>
    </p>
   </div>
   <div class='ocr_carea' id='block_1_35' title="bbox 1963 1891 3536 1983">
    <p class='ocr_par' dir='ltr' id='par_1_35' title="bbox 1963 1901 3536 1972">
     <span class='ocr_line' id='line_1_35' title="bbox 1963 1901 3536 1972; baseline 0.006 -22"><span class='ocrx_word' id='word_1_257' title='bbox 1963 1909 2116 1953; x_wconf 85' lang='lat' dir='ltr'><strong>turus</strong></span> <span class='ocrx_word' id='word_1_258' title='bbox 2147 1910 2249 1954; x_wconf 89' lang='lat' dir='ltr'><strong>est.</strong></span> <span class='ocrx_word' id='word_1_259' title='bbox 2291 1901 2526 1970; x_wconf 89' lang='lat' dir='ltr'><strong>impletis</strong></span> <span class='ocrx_word' id='word_1_260' title='bbox 2561 1906 2625 1957; x_wconf 87' lang='lat' dir='ltr'><strong>de</strong></span> <span class='ocrx_word' id='word_1_261' title='bbox 2650 1919 2715 1958; x_wconf 91' lang='lat' dir='ltr'><strong>eo</strong></span> <span class='ocrx_word' id='word_1_262' title='bbox 2749 1914 2859 1958; x_wconf 88' lang='lat' dir='ltr'><strong>tum</strong></span> <span class='ocrx_word' id='word_1_263' title='bbox 2893 1905 3090 1960; x_wconf 86' lang='lat' dir='ltr'><strong>divinis</strong></span> <span class='ocrx_word' id='word_1_264' title='bbox 3129 1906 3386 1972; x_wconf 78' lang='lat' dir='ltr'><strong>oraculis,</strong></span> <span class='ocrx_word' id='word_1_265' title='bbox 3413 1921 3536 1960; x_wconf 87' lang='lat' dir='ltr'><strong>cum</strong></span> 
     </span>
    </p>
   </div>
   <div class='ocr_carea' id='block_1_36' title="bbox 285 2001 1859 2074">
    <p class='ocr_par' dir='ltr' id='par_1_36' title="bbox 285 2001 1859 2074">
     <span class='ocr_line' id='line_1_36' title="bbox 285 2001 1859 2074; baseline -0.002 -18"><span class='ocrx_word' id='word_1_266' title='bbox 285 2001 454 2063; x_wconf 78' lang='grc' dir='ltr'>λείαν,</span> <span class='ocrx_word' id='word_1_267' title='bbox 482 2003 590 2056; x_wconf 91' lang='grc' dir='ltr'><strong>τῶν</strong></span> <span class='ocrx_word' id='word_1_268' title='bbox 632 2003 759 2074; x_wconf 73' lang='grc' dir='ltr'>περὶ</span> <span class='ocrx_word' id='word_1_269' title='bbox 797 2003 958 2056; x_wconf 82' lang='grc' dir='ltr'>αὑτοῦ</span> <span class='ocrx_word' id='word_1_270' title='bbox 992 2003 1186 2070; x_wconf 82' lang='grc' dir='ltr'>λογίων</span> <span class='ocrx_word' id='word_1_271' title='bbox 1219 2002 1518 2073; x_wconf 84' lang='grc' dir='ltr'>τηνικαῦτα</span> <span class='ocrx_word' id='word_1_272' title='bbox 1567 2001 1859 2072; x_wconf 81' lang='grc' dir='ltr'>πληρωθη-</span> 
     </span>
    </p>
   </div>
   <div class='ocr_carea' id='block_1_37' title="bbox 286 2092 1862 2165">
    <p class='ocr_par' dir='ltr' id='par_1_37' title="bbox 286 2092 1862 2165">
     <span class='ocr_line' id='line_1_37' title="bbox 286 2092 1862 2165; baseline -0.002 -19"><span class='ocrx_word' id='word_1_273' title='bbox 286 2092 551 2164; x_wconf 84' lang='grc' dir='ltr'>σομένων,</span> <span class='ocrx_word' id='word_1_274' title='bbox 580 2093 686 2146; x_wconf 90' lang='grc' dir='ltr'>τῶν</span> <span class='ocrx_word' id='word_1_275' title='bbox 724 2111 780 2146; x_wconf 88' lang='grc' dir='ltr'>τε</span> <span class='ocrx_word' id='word_1_276' title='bbox 811 2095 1008 2156; x_wconf 75' lang='grc' dir='ltr'>ἄλλων,</span> <span class='ocrx_word' id='word_1_277' title='bbox 1044 2095 1184 2165; x_wconf 84' lang='grc' dir='ltr'>ἄταρ</span> <span class='ocrx_word' id='word_1_278' title='bbox 1228 2094 1292 2163; x_wconf 82' lang='grc' dir='ltr'>δὴ</span> <span class='ocrx_word' id='word_1_279' title='bbox 1322 2093 1545 2147; x_wconf 76' lang='grc' dir='ltr'>καὶτῶν</span> <span class='ocrx_word' id='word_1_280' title='bbox 1570 2092 1664 2146; x_wconf 81' lang='grc' dir='ltr'><strong>τοῦ</strong></span> <span class='ocrx_word' id='word_1_281' title='bbox 1696 2093 1862 2160; x_wconf 82' lang='grc' dir='ltr'>ἀγγέ-</span> 
     </span>
    </p>
   </div>
   <div class='ocr_carea' id='block_1_38' title="bbox 285 2184 1861 2256">
    <p class='ocr_par' dir='ltr' id='par_1_38' title="bbox 285 2184 1861 2256">
     <span class='ocr_line' id='line_1_38' title="bbox 285 2184 1861 2256; baseline -0.001 -20"><span class='ocrx_word' id='word_1_282' title='bbox 285 2184 378 2238; x_wconf 83' lang='grc' dir='ltr'><strong>λου</strong></span> <span class='ocrx_word' id='word_1_283' title='bbox 402 2185 642 2256; x_wconf 77' lang='grc' dir='ltr'><strong>Γαϐριὴλ</strong></span> <span class='ocrx_word' id='word_1_284' title='bbox 675 2186 810 2256; x_wconf 80' lang='grc' dir='ltr'>πρὸς</span> <span class='ocrx_word' id='word_1_285' title='bbox 841 2187 942 2256; x_wconf 84' lang='grc' dir='ltr'><strong>τὴν</strong></span> <span class='ocrx_word' id='word_1_286' title='bbox 971 2186 1237 2254; x_wconf 82' lang='grc' dir='ltr'>παναγίαν</span> <span class='ocrx_word' id='word_1_287' title='bbox 1265 2185 1535 2256; x_wconf 82' lang='grc' dir='ltr'><strong>Παρθένον</strong></span> <span class='ocrx_word' id='word_1_288' title='bbox 1559 2185 1861 2255; x_wconf 82' lang='grc' dir='ltr'>εἰρημένων</span> 
     </span>
    </p>
   </div>
   <div class='ocr_carea' id='block_1_39' title="bbox 286 2275 1860 2347">
    <p class='ocr_par' dir='ltr' id='par_1_39' title="bbox 286 2275 1860 2347">
     <span class='ocr_line' id='line_1_39' title="bbox 286 2275 1860 2347; baseline 0.001 -19"><span class='ocrx_word' id='word_1_289' title='bbox 286 2275 419 2346; x_wconf 60' lang='grc' dir='ltr'><strong>περὶ⁵</strong></span> <span class='ocrx_word' id='word_1_290' title='bbox 450 2275 546 2328; x_wconf 80' lang='grc' dir='ltr'>τοῦ</span> <span class='ocrx_word' id='word_1_291' title='bbox 573 2276 630 2342; x_wconf 75' lang='grc' dir='ltr'>ἐξ</span> <span class='ocrx_word' id='word_1_292' title='bbox 664 2277 833 2346; x_wconf 80' lang='grc' dir='ltr'>αὐτῆς</span> <span class='ocrx_word' id='word_1_293' title='bbox 853 2276 1269 2347; x_wconf 84' lang='grc' dir='ltr'>τεχθησομένου,</span> <span class='ocrx_word' id='word_1_294' title='bbox 1314 2277 1407 2342; x_wconf 78' lang='grc' dir='ltr'>Ὠς</span> <span class='ocrx_word' id='word_1_295' title='bbox 1431 2275 1545 2343; x_wconf 80' lang='grc' dir='ltr'><strong>ἄρα</strong></span> <span class='ocrx_word' id='word_1_296' title='bbox 1565 2277 1860 2341; x_wconf 77' lang='grc' dir='ltr'>,βασιλεύ-</span> 
     </span>
    </p>
   </div>
   <div class='ocr_carea' id='block_1_40' title="bbox 281 2367 1860 2435">
    <p class='ocr_par' dir='ltr' id='par_1_40' title="bbox 281 2367 1860 2435">
     <span class='ocr_line' id='line_1_40' title="bbox 281 2367 1860 2435; baseline -0.001 -13"><span class='ocrx_word' id='word_1_297' title='bbox 281 2381 382 2422; x_wconf 78' lang='grc' dir='ltr'><strong>σει</strong></span> <span class='ocrx_word' id='word_1_298' title='bbox 424 2370 511 2434; x_wconf 81' lang='grc' dir='ltr'>εἱς</span> <span class='ocrx_word' id='word_1_299' title='bbox 563 2368 704 2433; x_wconf 85' lang='grc' dir='ltr'>τοὺς</span> <span class='ocrx_word' id='word_1_300' title='bbox 741 2367 982 2434; x_wconf 79' lang='grc' dir='ltr'>αἰῶνας,</span> <span class='ocrx_word' id='word_1_301' title='bbox 1018 2368 1119 2422; x_wconf 80' lang='grc' dir='ltr'><strong>καὶ</strong></span> <span class='ocrx_word' id='word_1_302' title='bbox 1164 2368 1276 2435; x_wconf 80' lang='grc' dir='ltr'>τῆς</span> <span class='ocrx_word' id='word_1_303' title='bbox 1319 2370 1644 2435; x_wconf 75' lang='grc' dir='ltr'>βασιλείας</span> <span class='ocrx_word' id='word_1_304' title='bbox 1674 2369 1860 2423; x_wconf 84' lang='grc' dir='ltr'>αὐτοῦ</span> 
     </span>
    </p>
   </div>
   <div class='ocr_carea' id='block_1_41' title="bbox 281 2459 1860 2530">
    <p class='ocr_par' dir='ltr' id='par_1_41' title="bbox 281 2459 1860 2530">
     <span class='ocr_line' id='line_1_41' title="bbox 281 2459 1860 2530; baseline -0.001 -15"><span class='ocrx_word' id='word_1_305' title='bbox 281 2463 399 2515; x_wconf 82' lang='grc' dir='ltr'>οὐκ</span> <span class='ocrx_word' id='word_1_306' title='bbox 431 2459 603 2514; x_wconf 69' lang='grc' dir='ltr'>ἔσται</span> <span class='ocrx_word' id='word_1_307' title='bbox 633 2460 827 2526; x_wconf 76' lang='grc' dir='ltr'>τέλος.</span> <span class='ocrx_word' id='word_1_308' title='bbox 858 2459 1162 2514; x_wconf 85' lang='grc' dir='ltr'>Βασιλεύων</span> <span class='ocrx_word' id='word_1_309' title='bbox 1189 2459 1300 2530; x_wconf 83' lang='lat' dir='ltr'><strong>(l6)</strong></span> <span class='ocrx_word' id='word_1_310' title='bbox 1327 2460 1392 2530; x_wconf 84' lang='grc' dir='ltr'>δὴ</span> <span class='ocrx_word' id='word_1_311' title='bbox 1411 2459 1531 2514; x_wconf 86' lang='grc' dir='ltr'>τότε</span> <span class='ocrx_word' id='word_1_312' title='bbox 1553 2463 1582 2514; x_wconf 84' lang='grc' dir='ltr'>ὁ</span> <span class='ocrx_word' id='word_1_313' title='bbox 1611 2462 1736 2524; x_wconf 75' lang='grc' dir='ltr'>Υἱὸς</span> <span class='ocrx_word' id='word_1_314' title='bbox 1764 2460 1860 2514; x_wconf 73' lang='grc' dir='ltr'><strong>τοῦ</strong></span> 
     </span>
    </p>
   </div>
   <div class='ocr_carea' id='block_1_42' title="bbox 282 2548 1860 2620">
    <p class='ocr_par' dir='ltr' id='par_1_42' title="bbox 282 2548 1860 2620">
     <span class='ocr_line' id='line_1_42' title="bbox 282 2548 1860 2620; baseline -0.001 -17"><span class='ocrx_word' id='word_1_315' title='bbox 282 2549 422 2604; x_wconf 74' lang='grc' dir='ltr'>Θεοῦ</span> <span class='ocrx_word' id='word_1_316' title='bbox 451 2551 577 2612; x_wconf 77' lang='grc' dir='ltr'>τοὺς</span> <span class='ocrx_word' id='word_1_317' title='bbox 611 2550 702 2603; x_wconf 79' lang='grc' dir='ltr'><strong>ὑπ’</strong></span> <span class='ocrx_word' id='word_1_318' title='bbox 731 2548 879 2619; x_wconf 81' lang='grc' dir='ltr'>αὐτῷ</span> <span class='ocrx_word' id='word_1_319' title='bbox 907 2548 1352 2619; x_wconf 81' lang='grc' dir='ltr'>βασιλευομένους</span> <span class='ocrx_word' id='word_1_320' title='bbox 1381 2548 1587 2613; x_wconf 87' lang='grc' dir='ltr'>πάντας</span> <span class='ocrx_word' id='word_1_321' title='bbox 1602 2549 1676 2620; x_wconf 82' lang='grc' dir='ltr'>τῷ</span> <span class='ocrx_word' id='word_1_322' title='bbox 1698 2550 1860 2602; x_wconf 78' lang='grc' dir='ltr'>αὑτοῦ</span> 
     </span>
    </p>
   </div>
   <div class='ocr_carea' id='block_1_43' title="bbox 287 2639 1860 2713">
    <p class='ocr_par' dir='ltr' id='par_1_43' title="bbox 287 2639 1860 2713">
     <span class='ocr_line' id='line_1_43' title="bbox 287 2639 1860 2713; baseline 0 -19"><span class='ocrx_word' id='word_1_323' title='bbox 287 2641 598 2713; x_wconf 80' lang='grc' dir='ltr'>παραδώσει</span> <span class='ocrx_word' id='word_1_324' title='bbox 630 2641 824 2712; x_wconf 77' lang='grc' dir='ltr'>Πατρὶ,</span> <span class='ocrx_word' id='word_1_325' title='bbox 853 2641 912 2693; x_wconf 85' lang='grc' dir='ltr'>οὐ</span> <span class='ocrx_word' id='word_1_326' title='bbox 938 2639 1271 2710; x_wconf 76' lang='grc' dir='ltr'>παυσάμενος</span> <span class='ocrx_word' id='word_1_327' title='bbox 1303 2641 1401 2705; x_wconf 84' lang='grc' dir='ltr'><strong>τῆς</strong></span> <span class='ocrx_word' id='word_1_328' title='bbox 1429 2640 1720 2709; x_wconf 77' lang='grc' dir='ltr'>βασιλείας,</span> <span class='ocrx_word' id='word_1_329' title='bbox 1755 2642 1860 2694; x_wconf 71' lang='grc' dir='ltr'>οὐδ’</span> 
     </span>
    </p>
   </div>
   <div class='ocr_carea' id='block_1_44' title="bbox 285 2731 1863 2805">
    <p class='ocr_par' dir='ltr' id='par_1_44' title="bbox 285 2731 1863 2805">
     <span class='ocr_line' id='line_1_44' title="bbox 285 2731 1863 2805; baseline -0.001 -19"><span class='ocrx_word' id='word_1_330' title='bbox 285 2733 584 2805; x_wconf 75' lang='grc' dir='ltr'>ἀναχωρῶν</span> <span class='ocrx_word' id='word_1_331' title='bbox 616 2734 815 2804; x_wconf 79' lang='grc' dir='ltr'>αὐτῆς·</span> <span class='ocrx_word' id='word_1_332' title='bbox 845 2733 963 2785; x_wconf 79' lang='grc' dir='ltr'>οὐδὲ</span> <span class='ocrx_word' id='word_1_333' title='bbox 998 2733 1105 2802; x_wconf 78' lang='grc' dir='ltr'><strong>γὰρ</strong></span> <span class='ocrx_word' id='word_1_334' title='bbox 1141 2731 1406 2784; x_wconf 86' lang='grc' dir='ltr'>παύεσθαι</span> <span class='ocrx_word' id='word_1_335' title='bbox 1449 2731 1611 2784; x_wconf 82' lang='grc' dir='ltr'>αὑτὸν</span> <span class='ocrx_word' id='word_1_336' title='bbox 1639 2733 1736 2800; x_wconf 83' lang='grc' dir='ltr'><strong>τῆς</strong></span> <span class='ocrx_word' id='word_1_337' title='bbox 1771 2731 1863 2801; x_wconf 85' lang='grc' dir='ltr'>βα-</span> 
     </span>
    </p>
   </div>
   <div class='ocr_carea' id='block_1_45' title="bbox 287 2818 1864 2892">
    <p class='ocr_par' dir='ltr' id='par_1_45' title="bbox 287 2818 1864 2892">
     <span class='ocr_line' id='line_1_45' title="bbox 287 2818 1864 2892; baseline -0.002 -14"><span class='ocrx_word' id='word_1_338' title='bbox 287 2825 494 2887; x_wconf 78' lang='grc' dir='ltr'>σιλείας</span> <span class='ocrx_word' id='word_1_339' title='bbox 529 2827 558 2878; x_wconf 89' lang='grc' dir='ltr'>ὁ</span> <span class='ocrx_word' id='word_1_340' title='bbox 591 2824 730 2888; x_wconf 84' lang='grc' dir='ltr'>θεῖος</span> <span class='ocrx_word' id='word_1_341' title='bbox 775 2823 1088 2884; x_wconf 76' lang='grc' dir='ltr'>Ἀπόστολος</span> <span class='ocrx_word' id='word_1_342' title='bbox 1121 2823 1223 2892; x_wconf 75' lang='grc' dir='ltr'><strong>ἔφη</strong></span> <span class='ocrx_word' id='word_1_343' title='bbox 1265 2823 1396 2892; x_wconf 85' lang='lat' dir='ltr'><strong>(l7),</strong></span> <span class='ocrx_word' id='word_1_344' title='bbox 1440 2818 1476 2892; x_wconf 81' lang='grc' dir='ltr'><strong>ἦ</strong></span> <span class='ocrx_word' id='word_1_345' title='bbox 1525 2821 1633 2892; x_wconf 85' lang='grc' dir='ltr'><strong>γὰρ</strong></span> <span class='ocrx_word' id='word_1_346' title='bbox 1667 2822 1733 2875; x_wconf 87' lang='grc' dir='ltr'>ἂν</span> <span class='ocrx_word' id='word_1_347' title='bbox 1771 2825 1864 2876; x_wconf 88' lang='grc' dir='ltr'>τά-</span> 
     </span>
    </p>
   </div>
   <div class='ocr_carea' id='block_1_46' title="bbox 288 2913 1864 2989">
    <p class='ocr_par' dir='ltr' id='par_1_46' title="bbox 288 2913 1864 2989">
     <span class='ocr_line' id='line_1_46' title="bbox 288 2913 1864 2989; baseline -0.001 -21"><span class='ocrx_word' id='word_1_348' title='bbox 288 2915 480 2970; x_wconf 76' lang='grc' dir='ltr'>ναντία</span> <span class='ocrx_word' id='word_1_349' title='bbox 507 2915 711 2989; x_wconf 68' lang='grc' dir='ltr'>ἔγραψε</span> <span class='ocrx_word' id='word_1_350' title='bbox 740 2916 816 2984; x_wconf 79' lang='grc' dir='ltr'>τῷ</span> <span class='ocrx_word' id='word_1_351' title='bbox 843 2915 1083 2986; x_wconf 77' lang='grc' dir='ltr'>Γαϐριὴλ</span> <span class='ocrx_word' id='word_1_352' title='bbox 1114 2915 1226 2984; x_wconf 84' lang='lat' dir='ltr'><strong>(l8)</strong></span> <span class='ocrx_word' id='word_1_353' title='bbox 1257 2913 1573 2966; x_wconf 82' lang='grc' dir='ltr'>θεσπίσαντι</span> <span class='ocrx_word' id='word_1_354' title='bbox 1604 2913 1740 2984; x_wconf 84' lang='grc' dir='ltr'>πρὸς</span> <span class='ocrx_word' id='word_1_355' title='bbox 1768 2914 1864 2984; x_wconf 81' lang='grc' dir='ltr'>τὴν</span> 
     </span>
    </p>
   </div>
   <div class='ocr_carea' id='block_1_47' title="bbox 283 3001 1863 3078">
    <p class='ocr_par' dir='ltr' id='par_1_47' title="bbox 283 3001 1863 3078">
     <span class='ocr_line' id='line_1_47' title="bbox 283 3001 1863 3078; baseline -0.004 -18"><span class='ocrx_word' id='word_1_356' title='bbox 283 3006 559 3078; x_wconf 74' lang='grc' dir='ltr'>Παρθένον</span> <span class='ocrx_word' id='word_1_357' title='bbox 598 3005 937 3075; x_wconf 79' lang='grc' dir='ltr'>βασιλεύσειν</span> <span class='ocrx_word' id='word_1_358' title='bbox 969 3005 1128 3057; x_wconf 62' lang='grc' dir='ltr'>αὺτζν</span> <span class='ocrx_word' id='word_1_359' title='bbox 1161 3007 1238 3066; x_wconf 78' lang='grc' dir='ltr'>εἰς</span> <span class='ocrx_word' id='word_1_360' title='bbox 1267 3005 1391 3066; x_wconf 80' lang='grc' dir='ltr'>τοὺς</span> <span class='ocrx_word' id='word_1_361' title='bbox 1420 3003 1620 3064; x_wconf 84' lang='grc' dir='ltr'>αἰῶνας</span> <span class='ocrx_word' id='word_1_362' title='bbox 1649 3001 1742 3054; x_wconf 74' lang='grc' dir='ltr'>καὶ</span> <span class='ocrx_word' id='word_1_363' title='bbox 1766 3002 1863 3071; x_wconf 84' lang='grc' dir='ltr'>τῆς</span> 
     </span>
    </p>
   </div>
   <div class='ocr_carea' id='block_1_48' title="bbox 283 3093 1863 3168">
    <p class='ocr_par' dir='ltr' id='par_1_48' title="bbox 283 3093 1863 3168">
     <span class='ocr_line' id='line_1_48' title="bbox 283 3093 1863 3168; baseline -0.003 -18"><span class='ocrx_word' id='word_1_364' title='bbox 283 3096 564 3164; x_wconf 78' lang='grc' dir='ltr'>βασιλείας</span> <span class='ocrx_word' id='word_1_365' title='bbox 601 3097 763 3151; x_wconf 78' lang='grc' dir='ltr'>αὑτοῦ</span> <span class='ocrx_word' id='word_1_366' title='bbox 799 3097 909 3167; x_wconf 77' lang='lat' dir='ltr'><strong>(i9)</strong></span> <span class='ocrx_word' id='word_1_367' title='bbox 947 3095 1021 3168; x_wconf 84' lang='grc' dir='ltr'>μὴ</span> <span class='ocrx_word' id='word_1_368' title='bbox 1055 3096 1269 3149; x_wconf 76' lang='grc' dir='ltr'>ἔσεσθαι</span> <span class='ocrx_word' id='word_1_369' title='bbox 1300 3096 1469 3159; x_wconf 83' lang='grc' dir='ltr'>τέλος,</span> <span class='ocrx_word' id='word_1_370' title='bbox 1507 3093 1641 3147; x_wconf 88' lang='grc' dir='ltr'><strong>ἀλλά</strong></span> <span class='ocrx_word' id='word_1_371' title='bbox 1683 3109 1863 3164; x_wconf 89' lang='grc' dir='ltr'>παρα-</span> 
     </span>
    </p>
   </div>
   <div class='ocr_carea' id='block_1_49' title="bbox 277 3185 1936 3282">
    <p class='ocr_par' dir='ltr' id='par_1_49' title="bbox 277 3185 1936 3282">
     <span class='ocr_line' id='line_1_49' title="bbox 277 3185 1936 3282; baseline -0.003 -40"><span class='ocrx_word' id='word_1_372' title='bbox 277 3187 476 3244; x_wconf 82' lang='grc' dir='ltr'>δώσειν</span> <span class='ocrx_word' id='word_1_373' title='bbox 518 3190 616 3258; x_wconf 82' lang='grc' dir='ltr'><strong>τὴν</strong></span> <span class='ocrx_word' id='word_1_374' title='bbox 650 3187 958 3258; x_wconf 81' lang='grc' dir='ltr'>βασιλείαν,</span> <span class='ocrx_word' id='word_1_375' title='bbox 992 3187 1193 3258; x_wconf 84' lang='grc' dir='ltr'>δηλαδὴ</span> <span class='ocrx_word' id='word_1_376' title='bbox 1227 3189 1352 3250; x_wconf 77' lang='grc' dir='ltr'>τοὺς</span> <span class='ocrx_word' id='word_1_377' title='bbox 1397 3188 1491 3237; x_wconf 87' lang='grc' dir='ltr'><strong>ὑπ’</strong></span> <span class='ocrx_word' id='word_1_378' title='bbox 1519 3185 1666 3256; x_wconf 82' lang='grc' dir='ltr'>αὐτῷ</span> <span class='ocrx_word' id='word_1_379' title='bbox 1714 3185 1862 3254; x_wconf 66' lang='grc' dir='ltr'>βασις</span> <span class='ocrx_word' id='word_1_380' title='bbox 1890 3221 1936 3282; x_wconf 77' lang='lat' dir='ltr'><strong><em>C</em></strong></span> 
     </span>
    </p>
   </div>
   <div class='ocr_carea' id='block_1_50' title="bbox 281 3277 1861 3350">
    <p class='ocr_par' dir='ltr' id='par_1_50' title="bbox 281 3277 1861 3350">
     <span class='ocr_line' id='line_1_50' title="bbox 281 3277 1861 3350; baseline -0.003 -18"><span class='ocrx_word' id='word_1_381' title='bbox 281 3279 603 3350; x_wconf 82' lang='grc' dir='ltr'>λευομένους</span> <span class='ocrx_word' id='word_1_382' title='bbox 627 3278 703 3347; x_wconf 85' lang='grc' dir='ltr'>τῷ</span> <span class='ocrx_word' id='word_1_383' title='bbox 725 3277 843 3346; x_wconf 87' lang='grc' dir='ltr'><strong>Θεῷ</strong></span> <span class='ocrx_word' id='word_1_384' title='bbox 866 3277 959 3329; x_wconf 78' lang='grc' dir='ltr'><strong>καὶ</strong></span> <span class='ocrx_word' id='word_1_385' title='bbox 989 3277 1180 3347; x_wconf 86' lang='grc' dir='ltr'><strong>Πατρί.</strong></span> <span class='ocrx_word' id='word_1_386' title='bbox 1205 3277 1600 3340; x_wconf 89' lang='grc' dir='ltr'>Τελειωθέντας</span> <span class='ocrx_word' id='word_1_387' title='bbox 1629 3277 1738 3346; x_wconf 82' lang='grc' dir='ltr'>γάρ</span> <span class='ocrx_word' id='word_1_388' title='bbox 1768 3278 1861 3329; x_wconf 78' lang='grc' dir='ltr'><strong>ὑπ’</strong></span> 
     </span>
    </p>
   </div>
   <div class='ocr_carea' id='block_1_51' title="bbox 279 3367 1864 3438">
    <p class='ocr_par' dir='ltr' id='par_1_51' title="bbox 279 3367 1864 3438">
     <span class='ocr_line' id='line_1_51' title="bbox 279 3367 1864 3438; baseline -0.003 -15"><span class='ocrx_word' id='word_1_389' title='bbox 279 3370 434 3438; x_wconf 83' lang='grc' dir='ltr'>αύτῷ</span> <span class='ocrx_word' id='word_1_390' title='bbox 476 3370 600 3432; x_wconf 82' lang='grc' dir='ltr'>τοὺς</span> <span class='ocrx_word' id='word_1_391' title='bbox 644 3369 868 3430; x_wconf 83' lang='grc' dir='ltr'>πάντας,</span> <span class='ocrx_word' id='word_1_392' title='bbox 904 3367 1101 3419; x_wconf 78' lang='grc' dir='ltr'>ὡσανεὶ</span> <span class='ocrx_word' id='word_1_393' title='bbox 1151 3368 1262 3436; x_wconf 80' lang='lat'><strong>(‘20)</strong></span> <span class='ocrx_word' id='word_1_394' title='bbox 1311 3367 1730 3437; x_wconf 80' lang='grc' dir='ltr'>φα.δρυνομένος</span> <span class='ocrx_word' id='word_1_395' title='bbox 1786 3367 1864 3436; x_wconf 82' lang='grc' dir='ltr'>τῷ</span> 
     </span>
    </p>
   </div>
   <div class='ocr_carea' id='block_1_52' title="bbox 281 3449 1865 3528">
    <p class='ocr_par' dir='ltr' id='par_1_52' title="bbox 281 3449 1865 3528">
     <span class='ocr_line' id='line_1_52' title="bbox 281 3449 1865 3528; baseline -0.003 -17"><span class='ocrx_word' id='word_1_396' title='bbox 281 3456 689 3528; x_wconf 83' lang='grc' dir='ltr'>κατορθώματι,</span> <span class='ocrx_word' id='word_1_397' title='bbox 720 3453 1030 3527; x_wconf 81' lang='grc' dir='ltr'>παραδώσει</span> <span class='ocrx_word' id='word_1_398' title='bbox 1068 3453 1147 3524; x_wconf 84' lang='grc' dir='ltr'><strong>τῷ</strong></span> <span class='ocrx_word' id='word_1_399' title='bbox 1177 3454 1346 3522; x_wconf 84' lang='grc' dir='ltr'>Πατρί</span> <span class='ocrx_word' id='word_1_400' title='bbox 1367 3469 1380 3482; x_wconf 74' lang='grc' dir='ltr'><strong>ο</strong></span> <span class='ocrx_word' id='word_1_401' title='bbox 1413 3449 1501 3506; x_wconf 85' lang='grc' dir='ltr'><strong>οἷά</strong></span> <span class='ocrx_word' id='word_1_402' title='bbox 1532 3471 1655 3507; x_wconf 89' lang='grc' dir='ltr'>τινα</span> <span class='ocrx_word' id='word_1_403' title='bbox 1687 3471 1865 3524; x_wconf 90' lang='grc' dir='ltr'>παρα-</span> 
     </span>
    </p>
   </div>
   <div class='ocr_carea' id='block_1_53' title="bbox 279 3545 1864 3616">
    <p class='ocr_par' dir='ltr' id='par_1_53' title="bbox 279 3545 1864 3616">
     <span class='ocr_line' id='line_1_53' title="bbox 279 3545 1864 3616; baseline -0.001 -16"><span class='ocrx_word' id='word_1_404' title='bbox 279 3549 459 3616; x_wconf 78' lang='grc' dir='ltr'>θήκην</span> <span class='ocrx_word' id='word_1_405' title='bbox 492 3545 948 3615; x_wconf 80' lang='grc' dir='ltr'>ἀποδεδεγμένος’</span> <span class='ocrx_word' id='word_1_406' title='bbox 985 3545 1012 3596; x_wconf 84' lang='grc' dir='ltr'>ὃ</span> <span class='ocrx_word' id='word_1_407' title='bbox 1048 3545 1157 3615; x_wconf 68' lang='lat'><strong>(2|)</strong></span> <span class='ocrx_word' id='word_1_408' title='bbox 1185 3545 1249 3616; x_wconf 81' lang='grc' dir='ltr'>δὴ</span> <span class='ocrx_word' id='word_1_409' title='bbox 1277 3545 1516 3598; x_wconf 83' lang='grc' dir='ltr'>διδάσκει</span> <span class='ocrx_word' id='word_1_410' title='bbox 1561 3545 1735 3613; x_wconf 82' lang='grc' dir='ltr'>λέγων</span> <span class='ocrx_word' id='word_1_411' title='bbox 1768 3547 1864 3599; x_wconf 88' lang='grc' dir='ltr'><strong>αὺ-</strong></span> 
     </span>
    </p>
   </div>
   <div class='ocr_carea' id='block_1_54' title="bbox 281 3635 1858 3706">
    <p class='ocr_par' dir='ltr' id='par_1_54' title="bbox 281 3635 1858 3706">
     <span class='ocr_line' id='line_1_54' title="bbox 281 3635 1858 3706; baseline -0.002 -13"><span class='ocrx_word' id='word_1_412' title='bbox 281 3640 394 3702; x_wconf 65' lang='grc' dir='ltr'>τδς,</span> <span class='ocrx_word' id='word_1_413' title='bbox 442 3637 640 3691; x_wconf 80' lang='grc' dir='ltr'>Πάντα</span> <span class='ocrx_word' id='word_1_414' title='bbox 673 3653 774 3704; x_wconf 84' lang='grc' dir='ltr'><strong>μοι</strong></span> <span class='ocrx_word' id='word_1_415' title='bbox 804 3635 1098 3704; x_wconf 79' lang='grc' dir='ltr'>παρεδόθη</span> <span class='ocrx_word' id='word_1_416' title='bbox 1135 3637 1251 3689; x_wconf 79' lang='grc' dir='ltr'><strong>ὑπὸ</strong></span> <span class='ocrx_word' id='word_1_417' title='bbox 1295 3635 1401 3688; x_wconf 84' lang='grc' dir='ltr'><strong>τοῦ</strong></span> <span class='ocrx_word' id='word_1_418' title='bbox 1434 3639 1662 3704; x_wconf 81' lang='grc' dir='ltr'><strong>Πατρός</strong></span> <span class='ocrx_word' id='word_1_419' title='bbox 1708 3655 1858 3706; x_wconf 81' lang='grc' dir='ltr'>μου·</span> 
     </span>
    </p>
   </div>
   <div class='ocr_carea' id='block_1_55' title="bbox 279 3724 1865 3798">
    <p class='ocr_par' dir='ltr' id='par_1_55' title="bbox 279 3724 1865 3798">
     <span class='ocr_line' id='line_1_55' title="bbox 279 3724 1865 3798; baseline -0.001 -15"><span class='ocrx_word' id='word_1_420' title='bbox 279 3731 367 3783; x_wconf 79' lang='grc' dir='ltr'>διὸ</span> <span class='ocrx_word' id='word_1_421' title='bbox 390 3729 717 3792; x_wconf 87' lang='grc' dir='ltr'>ἀκολούθως,</span> <span class='ocrx_word' id='word_1_422' title='bbox 743 3724 830 3781; x_wconf 79' lang='grc' dir='ltr'><strong>οἷα</strong></span> <span class='ocrx_word' id='word_1_423' title='bbox 859 3729 1031 3798; x_wconf 78' lang='grc' dir='ltr'>φύλαξ</span> <span class='ocrx_word' id='word_1_424' title='bbox 1051 3729 1271 3797; x_wconf 78' lang='grc' dir='ltr'>ἀγαθὸς,</span> <span class='ocrx_word' id='word_1_425' title='bbox 1303 3727 1444 3779; x_wconf 89' lang='grc' dir='ltr'>σῶαν</span> <span class='ocrx_word' id='word_1_426' title='bbox 1473 3729 1564 3781; x_wconf 73' lang='grc' dir='ltr'><strong>καὶ</strong></span> <span class='ocrx_word' id='word_1_427' title='bbox 1593 3729 1702 3798; x_wconf 72' lang='lat'><strong>(:2)</strong></span> <span class='ocrx_word' id='word_1_428' title='bbox 1725 3729 1865 3782; x_wconf 87' lang='grc' dir='ltr'><strong>κατά</strong></span> 
     </span>
    </p>
   </div>
   <div class='ocr_carea' id='block_1_56' title="bbox 287 3819 1864 3892">
    <p class='ocr_par' dir='ltr' id='par_1_56' title="bbox 287 3819 1864 3892">
     <span class='ocr_line' id='line_1_56' title="bbox 287 3819 1864 3892; baseline -0.002 -18"><span class='ocrx_word' id='word_1_429' title='bbox 287 3821 464 3874; x_wconf 84' lang='grc' dir='ltr'>πάντα</span> <span class='ocrx_word' id='word_1_430' title='bbox 496 3819 814 3892; x_wconf 82' lang='grc' dir='ltr'>ἐρρωμένην</span> <span class='ocrx_word' id='word_1_431' title='bbox 848 3821 944 3892; x_wconf 79' lang='grc' dir='ltr'><strong>τὴν</strong></span> <span class='ocrx_word' id='word_1_432' title='bbox 980 3820 1306 3890; x_wconf 86' lang='grc' dir='ltr'>παραθήκην</span> <span class='ocrx_word' id='word_1_433' title='bbox 1341 3821 1520 3890; x_wconf 80' lang='grc' dir='ltr'>φέρων</span> <span class='ocrx_word' id='word_1_434' title='bbox 1554 3820 1864 3890; x_wconf 87' lang='grc' dir='ltr'>παραδώσει</span> 
     </span>
    </p>
   </div>
   <div class='ocr_carea' id='block_1_57' title="bbox 281 3911 1862 3984">
    <p class='ocr_par' dir='ltr' id='par_1_57' title="bbox 281 3911 1862 3984">
     <span class='ocr_line' id='line_1_57' title="bbox 281 3911 1862 3984; baseline -0.003 -16"><span class='ocrx_word' id='word_1_435' title='bbox 281 3913 365 3984; x_wconf 78' lang='grc' dir='ltr'>τῷ</span> <span class='ocrx_word' id='word_1_436' title='bbox 391 3912 508 3982; x_wconf 83' lang='grc' dir='ltr'><strong>Θεῷ</strong></span> <span class='ocrx_word' id='word_1_437' title='bbox 545 3913 678 3983; x_wconf 77' lang='lat'><strong>(‘25),</strong></span> <span class='ocrx_word' id='word_1_438' title='bbox 722 3912 1024 3983; x_wconf 78' lang='grc' dir='ltr'>ἀρχιερέως</span> <span class='ocrx_word' id='word_1_439' title='bbox 1068 3913 1244 3983; x_wconf 83' lang='grc' dir='ltr'>δίκην,</span> <span class='ocrx_word' id='word_1_440' title='bbox 1286 3915 1412 3976; x_wconf 70' lang='grc' dir='ltr'>τοὺς</span> <span class='ocrx_word' id='word_1_441' title='bbox 1447 3913 1538 3964; x_wconf 80' lang='grc' dir='ltr'><strong>ὑπ’</strong></span> <span class='ocrx_word' id='word_1_442' title='bbox 1569 3911 1716 3982; x_wconf 80' lang='grc' dir='ltr'>αύτῷ</span> <span class='ocrx_word' id='word_1_443' title='bbox 1749 3911 1862 3983; x_wconf 70' lang='grc'><strong>(24)</strong></span> 
     </span>
    </p>
   </div>
   <div class='ocr_carea' id='block_1_58' title="bbox 292 4003 1866 4078">
    <p class='ocr_par' dir='ltr' id='par_1_58' title="bbox 292 4003 1866 4078">
     <span class='ocr_line' id='line_1_58' title="bbox 292 4003 1866 4078; baseline -0.002 -19"><span class='ocrx_word' id='word_1_444' title='bbox 292 4005 663 4078; x_wconf 80' lang='grc' dir='ltr'>ἰερουμένους,</span> <span class='ocrx_word' id='word_1_445' title='bbox 696 4004 901 4067; x_wconf 86' lang='grc' dir='ltr'>πάντας</span> <span class='ocrx_word' id='word_1_446' title='bbox 924 4003 1294 4074; x_wconf 82' lang='grc' dir='ltr'>λευχείμονας,</span> <span class='ocrx_word' id='word_1_447' title='bbox 1343 4006 1435 4057; x_wconf 73' lang='grc' dir='ltr'>καὶ</span> <span class='ocrx_word' id='word_1_448' title='bbox 1463 4003 1700 4075; x_wconf 74' lang='grc' dir='ltr'>ὡσπερεὶ</span> <span class='ocrx_word' id='word_1_449' title='bbox 1728 4004 1866 4074; x_wconf 84' lang='grc' dir='ltr'>λαμ-</span> 
     </span>
    </p>
   </div>
   <div class='ocr_carea' id='block_1_59' title="bbox 284 4095 1865 4170">
    <p class='ocr_par' dir='ltr' id='par_1_59' title="bbox 284 4095 1865 4170">
     <span class='ocr_line' id='line_1_59' title="bbox 284 4095 1865 4170; baseline -0.003 -18"><span class='ocrx_word' id='word_1_450' title='bbox 284 4097 587 4170; x_wconf 87' lang='grc' dir='ltr'>προτάταις</span> <span class='ocrx_word' id='word_1_451' title='bbox 630 4097 842 4158; x_wconf 85' lang='grc' dir='ltr'>στολαῖς</span> <span class='ocrx_word' id='word_1_452' title='bbox 886 4099 996 4159; x_wconf 88' lang='grc' dir='ltr'>τοῖς</span> <span class='ocrx_word' id='word_1_453' title='bbox 1041 4097 1139 4166; x_wconf 81' lang='grc' dir='ltr'>τῆς</span> <span class='ocrx_word' id='word_1_454' title='bbox 1185 4096 1532 4158; x_wconf 86' lang='grc' dir='ltr'>ἀναστάσεως</span> <span class='ocrx_word' id='word_1_455' title='bbox 1570 4095 1865 4167; x_wconf 85' lang='grc' dir='ltr'>ἀφθάρτοις</span> 
     </span>
    </p>
   </div>
   <div class='ocr_carea' id='block_1_60' title="bbox 287 4187 1864 4261">
    <p class='ocr_par' dir='ltr' id='par_1_60' title="bbox 287 4187 1864 4261">
     <span class='ocr_line' id='line_1_60' title="bbox 287 4187 1864 4261; baseline -0.003 -17"><span class='ocrx_word' id='word_1_456' title='bbox 287 4189 536 4261; x_wconf 84' lang='grc' dir='ltr'>σώμασιν</span> <span class='ocrx_word' id='word_1_457' title='bbox 587 4188 1056 4258; x_wconf 82' lang='grc' dir='ltr'>ὲξαστράπτοντας</span> <span class='ocrx_word' id='word_1_458' title='bbox 1110 4187 1388 4258; x_wconf 83' lang='grc' dir='ltr'>παριστῶν</span> <span class='ocrx_word' id='word_1_459' title='bbox 1442 4187 1611 4256; x_wconf 74' lang='grc' dir='ltr'>αὐτῷ,</span> <span class='ocrx_word' id='word_1_460' title='bbox 1665 4188 1753 4240; x_wconf 85' lang='grc' dir='ltr'><strong>ἴνα</strong></span> <span class='ocrx_word' id='word_1_461' title='bbox 1789 4188 1864 4258; x_wconf 77' lang='grc' dir='ltr'>μὴ</span> 
     </span>
    </p>
   </div>
   <div class='ocr_carea' id='block_1_61' title="bbox 286 4278 1866 4352">
    <p class='ocr_par' dir='ltr' id='par_1_61' title="bbox 286 4278 1866 4352">
     <span class='ocr_line' id='line_1_61' title="bbox 286 4278 1866 4352; baseline 0 -18"><span class='ocrx_word' id='word_1_462' title='bbox 286 4281 459 4352; x_wconf 84' lang='grc' dir='ltr'>μόνης</span> <span class='ocrx_word' id='word_1_463' title='bbox 488 4280 589 4350; x_wconf 82' lang='grc' dir='ltr'>τῆς</span> <span class='ocrx_word' id='word_1_464' title='bbox 614 4282 705 4332; x_wconf 86' lang='grc' dir='ltr'><strong>ὑπ’</strong></span> <span class='ocrx_word' id='word_1_465' title='bbox 731 4278 877 4350; x_wconf 81' lang='grc' dir='ltr'>αὐτῷ</span> <span class='ocrx_word' id='word_1_466' title='bbox 904 4279 1177 4348; x_wconf 75' lang='grc' dir='ltr'>βασιλείας</span> <span class='ocrx_word' id='word_1_467' title='bbox 1205 4280 1570 4345; x_wconf 76' lang='grc' dir='ltr'>ἀπολαύωσιν,</span> <span class='ocrx_word' id='word_1_468' title='bbox 1603 4281 1739 4333; x_wconf 86' lang='grc' dir='ltr'><strong>ἀλλά</strong></span> <span class='ocrx_word' id='word_1_469' title='bbox 1774 4282 1866 4334; x_wconf 75' lang='grc' dir='ltr'>καὶ</span> 
     </span>
    </p>
   </div>
   <div class='ocr_carea' id='block_1_62' title="bbox 284 4368 1861 4440">
    <p class='ocr_par' dir='ltr' id='par_1_62' title="bbox 284 4368 1861 4440">
     <span class='ocr_line' id='line_1_62' title="bbox 284 4368 1861 4440; baseline 0 -16"><span class='ocrx_word' id='word_1_470' title='bbox 284 4368 396 4425; x_wconf 76' lang='grc' dir='ltr'><strong>τῶν</strong></span> <span class='ocrx_word' id='word_1_471' title='bbox 444 4369 540 4421; x_wconf 82' lang='grc' dir='ltr'><strong>τοῦ</strong></span> <span class='ocrx_word' id='word_1_472' title='bbox 593 4369 804 4440; x_wconf 80' lang='grc' dir='ltr'>Πατρὸς</span> <span class='ocrx_word' id='word_1_473' title='bbox 867 4370 1120 4440; x_wconf 79' lang='grc' dir='ltr'>ἀρρήτων</span> <span class='ocrx_word' id='word_1_474' title='bbox 1183 4370 1402 4437; x_wconf 75' lang='grc' dir='ltr'>ἀγαθῶν</span> <span class='ocrx_word' id='word_1_475' title='bbox 1463 4369 1861 4439; x_wconf 79' lang='grc' dir='ltr'>ἐμπιπλῶνται.</span> 
     </span>
    </p>
   </div>
   <div class='ocr_carea' id='block_1_63' title="bbox 283 4459 1866 4531">
    <p class='ocr_par' dir='ltr' id='par_1_63' title="bbox 283 4459 1866 4531">
     <span class='ocr_line' id='line_1_63' title="bbox 283 4459 1866 4531; baseline -0.001 -17"><span class='ocrx_word' id='word_1_476' title='bbox 283 4459 442 4514; x_wconf 74' lang='grc' dir='ltr'>Οὕτω</span> <span class='ocrx_word' id='word_1_477' title='bbox 473 4460 581 4531; x_wconf 78' lang='grc' dir='ltr'><strong>γὰρ</strong></span> <span class='ocrx_word' id='word_1_478' title='bbox 606 4459 776 4524; x_wconf 76' lang='grc' dir='ltr'>ἔσται,</span> <span class='ocrx_word' id='word_1_479' title='bbox 800 4461 939 4513; x_wconf 86' lang='grc' dir='ltr'><strong>κατά</strong></span> <span class='ocrx_word' id='word_1_480' title='bbox 958 4462 1047 4513; x_wconf 84' lang='grc' dir='ltr'>τὸν</span> <span class='ocrx_word' id='word_1_481' title='bbox 1063 4461 1399 4525; x_wconf 75' lang='grc' dir='ltr'>Ἀπὸστολον,</span> <span class='ocrx_word' id='word_1_482' title='bbox 1417 4463 1474 4514; x_wconf 88' lang='grc' dir='ltr'><strong>Ὀ</strong></span> <span class='ocrx_word' id='word_1_483' title='bbox 1505 4463 1647 4525; x_wconf 81' lang='grc' dir='ltr'>Θεὸς</span> <span class='ocrx_word' id='word_1_484' title='bbox 1671 4461 1866 4514; x_wconf 80' lang='grc' dir='ltr'>πάντα</span> 
     </span>
    </p>
   </div>
   <div class='ocr_carea' id='block_1_64' title="bbox 1963 1989 3538 2065">
    <p class='ocr_par' dir='ltr' id='par_1_64' title="bbox 1963 1989 3538 2065">
     <span class='ocr_line' id='line_1_64' title="bbox 1963 1989 3538 2065; baseline 0.005 -23"><span class='ocrx_word' id='word_1_485' title='bbox 1963 1989 2081 2044; x_wconf 87' lang='lat' dir='ltr'><strong>aliis</strong></span> <span class='ocrx_word' id='word_1_486' title='bbox 2117 2001 2225 2044; x_wconf 92' lang='lat' dir='ltr'><strong>tum</strong></span> <span class='ocrx_word' id='word_1_487' title='bbox 2267 1993 2357 2046; x_wconf 90' lang='lat' dir='ltr'><strong>illo</strong></span> <span class='ocrx_word' id='word_1_488' title='bbox 2384 1993 2650 2050; x_wconf 89' lang='lat' dir='ltr'><strong>Gabrielis</strong></span> <span class='ocrx_word' id='word_1_489' title='bbox 2681 1997 2858 2065; x_wconf 79' lang='lat' dir='ltr'><strong>angeli</strong></span> <span class='ocrx_word' id='word_1_490' title='bbox 2886 1997 2952 2050; x_wconf 89' lang='lat' dir='ltr'><strong>ad</strong></span> <span class='ocrx_word' id='word_1_491' title='bbox 2980 1998 3377 2051; x_wconf 82' lang='lat' dir='ltr'><strong>sanctissimam</strong></span> <span class='ocrx_word' id='word_1_492' title='bbox 3414 1998 3538 2052; x_wconf 84' lang='lat' dir='ltr'><strong>Vir—</strong></span> 
     </span>
    </p>
   </div>
   <div class='ocr_carea' id='block_1_65' title="bbox 1961 2084 3538 2157">
    <p class='ocr_par' dir='ltr' id='par_1_65' title="bbox 1961 2084 3538 2157">
     <span class='ocr_line' id='line_1_65' title="bbox 1961 2084 3538 2157; baseline 0.005 -24"><span class='ocrx_word' id='word_1_493' title='bbox 1961 2084 2136 2149; x_wconf 81' lang='lat' dir='ltr'><strong>ginem</strong></span> <span class='ocrx_word' id='word_1_494' title='bbox 2171 2087 2230 2144; x_wconf 68' lang='lat' dir='ltr'><strong>&gt;I&lt;</strong></span> <span class='ocrx_word' id='word_1_495' title='bbox 2256 2085 2462 2150; x_wconf 89' lang='lat' dir='ltr'><strong>prolato</strong></span> <span class='ocrx_word' id='word_1_496' title='bbox 2493 2087 2557 2139; x_wconf 89' lang='lat' dir='ltr'><strong>de</strong></span> <span class='ocrx_word' id='word_1_497' title='bbox 2581 2086 2717 2140; x_wconf 78' lang='lat' dir='ltr'><strong>FlliO</strong></span> <span class='ocrx_word' id='word_1_498' title='bbox 2741 2102 2807 2140; x_wconf 85' lang='lat' dir='ltr'><strong>ex</strong></span> <span class='ocrx_word' id='word_1_499' title='bbox 2830 2103 2892 2142; x_wconf 90' lang='lat' dir='ltr'><strong>ea</strong></span> <span class='ocrx_word' id='word_1_500' title='bbox 2927 2090 3355 2157; x_wconf 83' lang='lat' dir='ltr'><strong>progenerando,</strong></span> <span class='ocrx_word' id='word_1_501' title='bbox 3385 2089 3538 2153; x_wconf 80' lang='lat' dir='ltr'><strong>Quod</strong></span> 
     </span>
    </p>
   </div>
   <div class='ocr_carea' id='block_1_66' title="bbox 1961 2175 3540 2248">
    <p class='ocr_par' dir='ltr' id='par_1_66' title="bbox 1961 2175 3540 2248">
     <span class='ocr_line' id='line_1_66' title="bbox 1961 2175 3540 2248; baseline 0.006 -24"><span class='ocrx_word' id='word_1_502' title='bbox 1961 2183 2272 2242; x_wconf 80' lang='lat' dir='ltr'><strong>regnaturus</strong></span> <span class='ocrx_word' id='word_1_503' title='bbox 2299 2175 2368 2227; x_wconf 75' lang='lat' dir='ltr'><strong>sit</strong></span> <span class='ocrx_word' id='word_1_504' title='bbox 2402 2176 2455 2226; x_wconf 81' lang='lat' dir='ltr'><strong>in</strong></span> <span class='ocrx_word' id='word_1_505' title='bbox 2491 2187 2762 2243; x_wconf 63' lang='lat' dir='ltr'><strong>aeternum,</strong></span> <span class='ocrx_word' id='word_1_506' title='bbox 2791 2189 2840 2232; x_wconf 84' lang='lat' dir='ltr'><strong>et</strong></span> <span class='ocrx_word' id='word_1_507' title='bbox 2878 2181 3024 2248; x_wconf 86' lang='lat' dir='ltr'><strong>regni</strong></span> <span class='ocrx_word' id='word_1_508' title='bbox 3050 2180 3164 2245; x_wconf 75' lang='lat' dir='ltr'><strong>eius</strong></span> <span class='ocrx_word' id='word_1_509' title='bbox 3207 2197 3309 2232; x_wconf 84' lang='lat' dir='ltr'><strong>non</strong></span> <span class='ocrx_word' id='word_1_510' title='bbox 3338 2183 3436 2232; x_wconf 81' lang='lat' dir='ltr'><strong>erit</strong></span> <span class='ocrx_word' id='word_1_511' title='bbox 3470 2181 3540 2248; x_wconf 72' lang='lat' dir='ltr'><strong>ﬂ-</strong></span> 
     </span>
    </p>
   </div>
   <div class='ocr_carea' id='block_1_67' title="bbox 1961 2263 3538 2335">
    <p class='ocr_par' dir='ltr' id='par_1_67' title="bbox 1961 2263 3538 2335">
     <span class='ocr_line' id='line_1_67' title="bbox 1961 2263 3538 2335; baseline 0.005 -20"><span class='ocrx_word' id='word_1_512' title='bbox 1961 2264 2043 2315; x_wconf 81' lang='lat' dir='ltr'><strong>nis</strong></span> <span class='ocrx_word' id='word_1_513' title='bbox 2065 2263 2134 2318; x_wconf 79' lang='lat'><strong>&quot;.</strong></span> <span class='ocrx_word' id='word_1_514' title='bbox 2181 2263 2431 2332; x_wconf 80' lang='lat' dir='ltr'><strong>Regnans</strong></span> <span class='ocrx_word' id='word_1_515' title='bbox 2473 2279 2538 2320; x_wconf 90' lang='lat' dir='ltr'><strong>eo</strong></span> <span class='ocrx_word' id='word_1_516' title='bbox 2569 2275 2810 2335; x_wconf 82' lang='lat' dir='ltr'><strong>tempore</strong></span> <span class='ocrx_word' id='word_1_517' title='bbox 2850 2268 2941 2322; x_wconf 89' lang='lat' dir='ltr'><strong>Dei</strong></span> <span class='ocrx_word' id='word_1_518' title='bbox 2989 2267 3181 2334; x_wconf 82' lang='lat' dir='ltr'><strong>Filius,</strong></span> <span class='ocrx_word' id='word_1_519' title='bbox 3227 2285 3414 2324; x_wconf 88' lang='lat' dir='ltr'><strong>omnes</strong></span> <span class='ocrx_word' id='word_1_520' title='bbox 3443 2286 3538 2324; x_wconf 87' lang='lat' dir='ltr'><strong>eos</strong></span> 
     </span>
    </p>
   </div>
   <div class='ocr_carea' id='block_1_68' title="bbox 1962 2355 3538 2427">
    <p class='ocr_par' dir='ltr' id='par_1_68' title="bbox 1962 2355 3538 2427">
     <span class='ocr_line' id='line_1_68' title="bbox 1962 2355 3538 2427; baseline 0.006 -22"><span class='ocrx_word' id='word_1_521' title='bbox 1962 2355 2051 2422; x_wconf 86' lang='lat' dir='ltr'><strong>qui</strong></span> <span class='ocrx_word' id='word_1_522' title='bbox 2085 2355 2183 2409; x_wconf 87' lang='lat' dir='ltr'><strong>sub</strong></span> <span class='ocrx_word' id='word_1_523' title='bbox 2218 2357 2333 2424; x_wconf 87' lang='lat' dir='ltr'><strong>ipso</strong></span> <span class='ocrx_word' id='word_1_524' title='bbox 2372 2366 2496 2410; x_wconf 92' lang='lat' dir='ltr'><strong>sunt</strong></span> <span class='ocrx_word' id='word_1_525' title='bbox 2528 2361 2797 2427; x_wconf 86' lang='lat' dir='ltr'><strong>regnaturi</strong></span> <span class='ocrx_word' id='word_1_526' title='bbox 2848 2361 3140 2414; x_wconf 89' lang='lat' dir='ltr'><strong>traditurus</strong></span> <span class='ocrx_word' id='word_1_527' title='bbox 3175 2372 3258 2415; x_wconf 90' lang='lat' dir='ltr'><strong>est</strong></span> <span class='ocrx_word' id='word_1_528' title='bbox 3294 2370 3403 2414; x_wconf 90' lang='lat' dir='ltr'><strong>tum</strong></span> <span class='ocrx_word' id='word_1_529' title='bbox 3439 2377 3538 2416; x_wconf 89' lang='lat' dir='ltr'><strong>suo</strong></span> 
     </span>
    </p>
   </div>
   <div class='ocr_carea' id='block_1_69' title="bbox 1961 2445 3535 2539">
    <p class='ocr_par' dir='ltr' id='par_1_69' title="bbox 1961 2445 3535 2539">
     <span class='ocr_line' id='line_1_69' title="bbox 1961 2445 3535 2539; baseline 0.004 -40"><span class='ocrx_word' id='word_1_530' title='bbox 1961 2445 2106 2499; x_wconf 86' lang='lat' dir='ltr'><strong>Patri</strong></span> <span class='ocrx_word' id='word_1_531' title='bbox 2133 2462 2275 2502; x_wconf 90' lang='lat' dir='ltr'><strong>:.non</strong></span> <span class='ocrx_word' id='word_1_532' title='bbox 2305 2449 2518 2517; x_wconf 87' lang='lat' dir='ltr'><strong>quidem</strong></span> <span class='ocrx_word' id='word_1_533' title='bbox 2548 2450 2799 2504; x_wconf 87' lang='lat' dir='ltr'><strong>desinens</strong></span> <span class='ocrx_word' id='word_1_534' title='bbox 2830 2453 2944 2519; x_wconf 90' lang='lat' dir='ltr'><strong>ipse</strong></span> <span class='ocrx_word' id='word_1_535' title='bbox 2968 2467 3195 2522; x_wconf 87' lang='lat' dir='ltr'><strong>regnare</strong></span> <span class='ocrx_word' id='word_1_536' title='bbox 3222 2453 3535 2539; x_wconf 56' lang='lat' dir='ltr'><strong>aliquando,</strong></span> 
     </span>
    </p>
   </div>
   <div class='ocr_carea' id='block_1_70' title="bbox 1963 2542 3538 2618">
    <p class='ocr_par' dir='ltr' id='par_1_70' title="bbox 1963 2542 3538 2618">
     <span class='ocr_line' id='line_1_70' title="bbox 1963 2542 3538 2618; baseline 0.003 -26"><span class='ocrx_word' id='word_1_537' title='bbox 1963 2552 2064 2593; x_wconf 85' lang='lat' dir='ltr'><strong>nec</strong></span> <span class='ocrx_word' id='word_1_538' title='bbox 2103 2542 2291 2608; x_wconf 90' lang='lat' dir='ltr'><strong>quovis</strong></span> <span class='ocrx_word' id='word_1_539' title='bbox 2327 2551 2569 2610; x_wconf 88' lang='lat' dir='ltr'><strong>tempore</strong></span> <span class='ocrx_word' id='word_1_540' title='bbox 2608 2560 2770 2613; x_wconf 86' lang='lat' dir='ltr'><strong>regno</strong></span> <span class='ocrx_word' id='word_1_541' title='bbox 2821 2561 2880 2599; x_wconf 89' lang='lat' dir='ltr'><strong>se</strong></span> <span class='ocrx_word' id='word_1_542' title='bbox 2915 2547 3173 2601; x_wconf 87' lang='lat' dir='ltr'><strong>abdicans</strong></span> <span class='ocrx_word' id='word_1_543' title='bbox 3217 2547 3349 2618; x_wconf 93' lang='lat' dir='ltr'><strong>(nec</strong></span> <span class='ocrx_word' id='word_1_544' title='bbox 3391 2547 3538 2601; x_wconf 89' lang='lat' dir='ltr'><strong>enim</strong></span> 
     </span>
    </p>
   </div>
   <div class='ocr_carea' id='block_1_71' title="bbox 1962 2633 3537 2707">
    <p class='ocr_par' dir='ltr' id='par_1_71' title="bbox 1962 2633 3537 2707">
     <span class='ocr_line' id='line_1_71' title="bbox 1962 2633 3537 2707; baseline 0.006 -23"><span class='ocrx_word' id='word_1_545' title='bbox 1962 2645 2192 2700; x_wconf 82' lang='lat' dir='ltr'><strong>regnare</strong></span> <span class='ocrx_word' id='word_1_546' title='bbox 2250 2633 2545 2687; x_wconf 85' lang='lat' dir='ltr'><strong>desiturum</strong></span> <span class='ocrx_word' id='word_1_547' title='bbox 2602 2635 2895 2704; x_wconf 87' lang='lat' dir='ltr'><strong>aliquando</strong></span> <span class='ocrx_word' id='word_1_548' title='bbox 2946 2655 3068 2693; x_wconf 91' lang='lat' dir='ltr'><strong>eum</strong></span> <span class='ocrx_word' id='word_1_549' title='bbox 3119 2640 3330 2694; x_wconf 86' lang='lat' dir='ltr'><strong>divinus</strong></span> <span class='ocrx_word' id='word_1_550' title='bbox 3389 2641 3537 2707; x_wconf 59' lang='lat' dir='ltr'><strong>Apoc</strong></span> 
     </span>
    </p>
   </div>
   <div class='ocr_carea' id='block_1_72' title="bbox 1963 2721 3540 2801">
    <p class='ocr_par' dir='ltr' id='par_1_72' title="bbox 1963 2721 3540 2801">
     <span class='ocr_line' id='line_1_72' title="bbox 1963 2721 3540 2801; baseline 0.007 -26"><span class='ocrx_word' id='word_1_551' title='bbox 1963 2722 2132 2776; x_wconf 87' lang='lat' dir='ltr'><strong>stolus</strong></span> <span class='ocrx_word' id='word_1_552' title='bbox 2159 2721 2475 2788; x_wconf 75' lang='lat' dir='ltr'><strong>afﬁrmavit;</strong></span> <span class='ocrx_word' id='word_1_553' title='bbox 2505 2724 2581 2780; x_wconf 89' lang='lat' dir='ltr'><strong>ita</strong></span> <span class='ocrx_word' id='word_1_554' title='bbox 2617 2728 2762 2781; x_wconf 89' lang='lat' dir='ltr'><strong>enim</strong></span> <span class='ocrx_word' id='word_1_555' title='bbox 2790 2727 3026 2786; x_wconf 86' lang='lat' dir='ltr'><strong>Gabrieli</strong></span> <span class='ocrx_word' id='word_1_556' title='bbox 3051 2733 3319 2786; x_wconf 90' lang='lat' dir='ltr'><strong>contraria</strong></span> <span class='ocrx_word' id='word_1_557' title='bbox 3353 2745 3540 2801; x_wconf 83' lang='lat' dir='ltr'><strong>protu-</strong></span> 
     </span>
    </p>
   </div>
   <div class='ocr_carea' id='block_1_73' title="bbox 1963 2812 3539 2888">
    <p class='ocr_par' dir='ltr' id='par_1_73' title="bbox 1963 2812 3539 2888">
     <span class='ocr_line' id='line_1_73' title="bbox 1963 2812 3539 2888; baseline 0.008 -23"><span class='ocrx_word' id='word_1_558' title='bbox 1963 2812 2113 2868; x_wconf 85' lang='lat' dir='ltr'><strong>lisset</strong></span> <span class='ocrx_word' id='word_1_559' title='bbox 2159 2815 2250 2884; x_wconf 91' lang='lat' dir='ltr'><strong>qui</strong></span> <span class='ocrx_word' id='word_1_560' title='bbox 2306 2816 2504 2886; x_wconf 80' lang='lat' dir='ltr'><strong>Virgini</strong></span> <span class='ocrx_word' id='word_1_561' title='bbox 2543 2819 2714 2882; x_wconf 77' lang='lat' dir='ltr'><strong>dixit,</strong></span> <span class='ocrx_word' id='word_1_562' title='bbox 2766 2831 3110 2888; x_wconf 79' lang='lat' dir='ltr'><strong>regnaturum</strong></span> <span class='ocrx_word' id='word_1_563' title='bbox 3162 2823 3308 2877; x_wconf 87' lang='lat' dir='ltr'><strong>illum</strong></span> <span class='ocrx_word' id='word_1_564' title='bbox 3346 2825 3397 2877; x_wconf 92' lang='lat' dir='ltr'><strong>in</strong></span> <span class='ocrx_word' id='word_1_565' title='bbox 3437 2840 3539 2878; x_wconf 71' lang='lat' dir='ltr'><strong>sa:-</strong></span> 
     </span>
    </p>
   </div>
   <div class='ocr_carea' id='block_1_74' title="bbox 1963 2905 3540 2987">
    <p class='ocr_par' dir='ltr' id='par_1_74' title="bbox 1963 2905 3540 2987">
     <span class='ocr_line' id='line_1_74' title="bbox 1963 2905 3540 2987; baseline 0.006 -27"><span class='ocrx_word' id='word_1_566' title='bbox 1963 2905 2122 2969; x_wconf 88' lang='lat' dir='ltr'><strong>cula,</strong></span> <span class='ocrx_word' id='word_1_567' title='bbox 2163 2921 2263 2960; x_wconf 91' lang='lat' dir='ltr'><strong>nec</strong></span> <span class='ocrx_word' id='word_1_568' title='bbox 2306 2905 2544 2962; x_wconf 80' lang='lat' dir='ltr'><strong>futurum</strong></span> <span class='ocrx_word' id='word_1_569' title='bbox 2586 2910 2872 2978; x_wconf 86' lang='lat' dir='ltr'><strong>aliquando</strong></span> <span class='ocrx_word' id='word_1_570' title='bbox 2917 2915 3062 2982; x_wconf 85' lang='lat' dir='ltr'><strong>regni</strong></span> <span class='ocrx_word' id='word_1_571' title='bbox 3115 2913 3259 2968; x_wconf 90' lang='lat' dir='ltr'><strong>illius</strong></span> <span class='ocrx_word' id='word_1_572' title='bbox 3298 2914 3540 2987; x_wconf 84' lang='lat' dir='ltr'><strong>finem);</strong></span> 
     </span>
    </p>
   </div>
   <div class='ocr_carea' id='block_1_75' title="bbox 1965 2996 3546 3071">
    <p class='ocr_par' dir='ltr' id='par_1_75' title="bbox 1965 2996 3546 3071">
     <span class='ocr_line' id='line_1_75' title="bbox 1965 2996 3546 3071; baseline 0.007 -21"><span class='ocrx_word' id='word_1_573' title='bbox 1965 2997 2060 3050; x_wconf 86' lang='lat' dir='ltr'><strong>sed</strong></span> <span class='ocrx_word' id='word_1_574' title='bbox 2091 2996 2228 3050; x_wconf 79' lang='lat' dir='ltr'><strong>dixit</strong></span> <span class='ocrx_word' id='word_1_575' title='bbox 2266 2999 2586 3052; x_wconf 87' lang='lat' dir='ltr'><strong>traditurum</strong></span> <span class='ocrx_word' id='word_1_576' title='bbox 2636 3017 2860 3071; x_wconf 82' lang='lat' dir='ltr'><strong>regnum</strong></span> <span class='ocrx_word' id='word_1_577' title='bbox 2897 3017 3051 3057; x_wconf 89' lang='lat' dir='ltr'><strong>suum</strong></span> <span class='ocrx_word' id='word_1_578' title='bbox 3091 3003 3276 3070; x_wconf 89' lang='lat' dir='ltr'><strong>Patri,</strong></span> <span class='ocrx_word' id='word_1_579' title='bbox 3315 3005 3418 3060; x_wconf 89' lang='lat' dir='ltr'><strong>hoc</strong></span> <span class='ocrx_word' id='word_1_580' title='bbox 3461 3014 3546 3061; x_wconf 86' lang='lat' dir='ltr'><strong>est</strong></span> 
     </span>
    </p>
   </div>
   <div class='ocr_carea' id='block_1_76' title="bbox 1967 3085 3544 3162">
    <p class='ocr_par' dir='ltr' id='par_1_76' title="bbox 1967 3085 3544 3162">
     <span class='ocr_line' id='line_1_76' title="bbox 1967 3085 3544 3162; baseline 0.009 -23"><span class='ocrx_word' id='word_1_581' title='bbox 1967 3085 2088 3141; x_wconf 90' lang='lat' dir='ltr'><strong>illos</strong></span> <span class='ocrx_word' id='word_1_582' title='bbox 2118 3088 2171 3141; x_wconf 92' lang='lat' dir='ltr'><strong>in</strong></span> <span class='ocrx_word' id='word_1_583' title='bbox 2207 3103 2342 3157; x_wconf 91' lang='lat' dir='ltr'><strong>quos</strong></span> <span class='ocrx_word' id='word_1_584' title='bbox 2373 3091 2651 3145; x_wconf 86' lang='lat' dir='ltr'><strong>obtinebat</strong></span> <span class='ocrx_word' id='word_1_585' title='bbox 2686 3107 2926 3162; x_wconf 84' lang='lat' dir='ltr'><strong>regnum.</strong></span> <span class='ocrx_word' id='word_1_586' title='bbox 2957 3093 3368 3152; x_wconf 87' lang='lat' dir='ltr'><strong>Consummatos</strong></span> <span class='ocrx_word' id='word_1_587' title='bbox 3397 3100 3544 3153; x_wconf 90' lang='lat' dir='ltr'><strong>enim</strong></span> 
     </span>
    </p>
   </div>
   <div class='ocr_carea' id='block_1_77' title="bbox 1967 3179 3544 3252">
    <p class='ocr_par' dir='ltr' id='par_1_77' title="bbox 1967 3179 3544 3252">
     <span class='ocr_line' id='line_1_77' title="bbox 1967 3179 3544 3252; baseline 0.009 -23"><span class='ocrx_word' id='word_1_588' title='bbox 1967 3179 2033 3231; x_wconf 90' lang='lat' dir='ltr'><strong>ab</strong></span> <span class='ocrx_word' id='word_1_589' title='bbox 2073 3180 2189 3246; x_wconf 75' lang='lat' dir='ltr'><strong>ipso</strong></span> <span class='ocrx_word' id='word_1_590' title='bbox 2216 3180 2356 3242; x_wconf 89' lang='lat' dir='ltr'><strong>illos,</strong></span> <span class='ocrx_word' id='word_1_591' title='bbox 2385 3193 2437 3233; x_wconf 91' lang='lat' dir='ltr'><strong>et</strong></span> <span class='ocrx_word' id='word_1_592' title='bbox 2470 3193 2725 3252; x_wconf 90' lang='lat' dir='ltr'><strong>tanquam</strong></span> <span class='ocrx_word' id='word_1_593' title='bbox 2759 3199 2856 3238; x_wconf 89' lang='lat' dir='ltr'><strong>suo</strong></span> <span class='ocrx_word' id='word_1_594' title='bbox 2884 3185 3118 3252; x_wconf 83' lang='lat' dir='ltr'><strong>glorioso</strong></span> <span class='ocrx_word' id='word_1_595' title='bbox 3143 3187 3385 3242; x_wconf 79' lang='lat' dir='ltr'><strong>facinore</strong></span> <span class='ocrx_word' id='word_1_596' title='bbox 3418 3190 3544 3243; x_wconf 91' lang='lat' dir='ltr'><strong>illu-</strong></span> 
     </span>
    </p>
   </div>
   <div class='ocr_carea' id='block_1_78' title="bbox 1965 3269 3538 3347">
    <p class='ocr_par' dir='ltr' id='par_1_78' title="bbox 1965 3269 3538 3347">
     <span class='ocr_line' id='line_1_78' title="bbox 1965 3269 3538 3347; baseline 0.008 -25"><span class='ocrx_word' id='word_1_597' title='bbox 1965 3277 2186 3334; x_wconf 84' lang='lat' dir='ltr'><strong>stratus,</strong></span> <span class='ocrx_word' id='word_1_598' title='bbox 2230 3269 2378 3324; x_wconf 81' lang='lat' dir='ltr'><strong>Patri</strong></span> <span class='ocrx_word' id='word_1_599' title='bbox 2407 3275 2600 3336; x_wconf 88' lang='lat' dir='ltr'><strong>tradet,</strong></span> <span class='ocrx_word' id='word_1_600' title='bbox 2645 3285 2895 3343; x_wconf 87' lang='lat' dir='ltr'><strong>tanquam</strong></span> <span class='ocrx_word' id='word_1_601' title='bbox 2929 3278 3194 3343; x_wconf 86' lang='lat' dir='ltr'><strong>quoddam</strong></span> <span class='ocrx_word' id='word_1_602' title='bbox 3231 3279 3538 3347; x_wconf 87' lang='lat' dir='ltr'><strong>depositum</strong></span> 
     </span>
    </p>
   </div>
   <div class='ocr_carea' id='block_1_79' title="bbox 1966 3359 3542 3434">
    <p class='ocr_par' dir='ltr' id='par_1_79' title="bbox 1966 3359 3542 3434">
     <span class='ocr_line' id='line_1_79' title="bbox 1966 3359 3542 3434; baseline 0.01 -25"><span class='ocrx_word' id='word_1_603' title='bbox 1966 3359 2312 3413; x_wconf 87' lang='lat' dir='ltr'><strong>manifestum</strong></span> <span class='ocrx_word' id='word_1_604' title='bbox 2353 3380 2365 3414; x_wconf 93' lang='lat'><strong>:</strong></span> <span class='ocrx_word' id='word_1_605' title='bbox 2400 3365 2542 3430; x_wconf 87' lang='lat' dir='ltr'><strong>quod</strong></span> <span class='ocrx_word' id='word_1_606' title='bbox 2582 3373 2636 3416; x_wconf 88' lang='lat' dir='ltr'><strong>et</strong></span> <span class='ocrx_word' id='word_1_607' title='bbox 2673 3365 2786 3433; x_wconf 90' lang='lat' dir='ltr'><strong>ipse</strong></span> <span class='ocrx_word' id='word_1_608' title='bbox 2827 3366 2984 3418; x_wconf 88' lang='lat' dir='ltr'><strong>docet</strong></span> <span class='ocrx_word' id='word_1_609' title='bbox 3021 3369 3306 3434; x_wconf 89' lang='lat' dir='ltr'><strong>inquiens:</strong></span> <span class='ocrx_word' id='word_1_610' title='bbox 3346 3368 3542 3424; x_wconf 81' lang='lat' dir='ltr'><strong>Omnia</strong></span> 
     </span>
    </p>
   </div>
   <div class='ocr_carea' id='block_1_80' title="bbox 1965 3450 3542 3526">
    <p class='ocr_par' dir='ltr' id='par_1_80' title="bbox 1965 3450 3542 3526">
     <span class='ocr_line' id='line_1_80' title="bbox 1965 3450 3542 3526; baseline 0.011 -26"><span class='ocrx_word' id='word_1_611' title='bbox 1965 3450 2097 3501; x_wconf 81' lang='lat' dir='ltr'><strong>mihi</strong></span> <span class='ocrx_word' id='word_1_612' title='bbox 2135 3453 2332 3506; x_wconf 83' lang='lat' dir='ltr'><strong>tradita</strong></span> <span class='ocrx_word' id='word_1_613' title='bbox 2374 3466 2495 3508; x_wconf 77' lang='lat' dir='ltr'><strong>sunt</strong></span> <span class='ocrx_word' id='word_1_614' title='bbox 2537 3473 2569 3509; x_wconf 91' lang='lat' dir='ltr'><strong>a</strong></span> <span class='ocrx_word' id='word_1_615' title='bbox 2616 3454 2777 3510; x_wconf 84' lang='lat' dir='ltr'><strong>Patre</strong></span> <span class='ocrx_word' id='word_1_616' title='bbox 2809 3461 3010 3513; x_wconf 80' lang='lat' dir='ltr'><strong>meo&quot;.</strong></span> <span class='ocrx_word' id='word_1_617' title='bbox 3063 3461 3325 3526; x_wconf 85' lang='lat' dir='ltr'><strong>Quocirca</strong></span> <span class='ocrx_word' id='word_1_618' title='bbox 3378 3464 3542 3518; x_wconf 83' lang='lat' dir='ltr'><strong>veluti</strong></span> 
     </span>
    </p>
   </div>
   <div class='ocr_carea' id='block_1_81' title="bbox 1963 3541 3541 3619">
    <p class='ocr_par' dir='ltr' id='par_1_81' title="bbox 1963 3541 3541 3619">
     <span class='ocr_line' id='line_1_81' title="bbox 1963 3541 3541 3619; baseline 0.011 -27"><span class='ocrx_word' id='word_1_619' title='bbox 1963 3541 2169 3611; x_wconf 82' lang='lat' dir='ltr'><strong>probus</strong></span> <span class='ocrx_word' id='word_1_620' title='bbox 2207 3543 2435 3613; x_wconf 85' lang='lat' dir='ltr'><strong>depositi</strong></span> <span class='ocrx_word' id='word_1_621' title='bbox 2481 3557 2694 3610; x_wconf 87' lang='lat' dir='ltr'><strong>custos,</strong></span> <span class='ocrx_word' id='word_1_622' title='bbox 2736 3550 3036 3619; x_wconf 89' lang='lat' dir='ltr'><strong>depositum</strong></span> <span class='ocrx_word' id='word_1_623' title='bbox 3080 3552 3287 3607; x_wconf 87' lang='lat' dir='ltr'><strong>salvum</strong></span> <span class='ocrx_word' id='word_1_624' title='bbox 3333 3566 3541 3610; x_wconf 87' lang='lat' dir='ltr'><strong>sartum</strong></span> 
     </span>
    </p>
   </div>
   <div class='ocr_carea' id='block_1_82' title="bbox 1967 3639 3544 3706">
    <p class='ocr_par' dir='ltr' id='par_1_82' title="bbox 1967 3639 3544 3706">
     <span class='ocr_line' id='line_1_82' title="bbox 1967 3639 3544 3706; baseline 0.01 -21"><span class='ocrx_word' id='word_1_625' title='bbox 1967 3643 2278 3704; x_wconf 87' lang='lat' dir='ltr'><strong>tectumque</strong></span> <span class='ocrx_word' id='word_1_626' title='bbox 2304 3639 2580 3693; x_wconf 81' lang='lat' dir='ltr'><strong>exhibebit</strong></span> <span class='ocrx_word' id='word_1_627' title='bbox 2604 3640 2733 3706; x_wconf 90' lang='lat' dir='ltr'><strong>Deo,</strong></span> <span class='ocrx_word' id='word_1_628' title='bbox 2759 3645 2825 3696; x_wconf 89' lang='lat' dir='ltr'><strong>ad</strong></span> <span class='ocrx_word' id='word_1_629' title='bbox 2855 3644 3024 3696; x_wconf 87' lang='lat' dir='ltr'><strong>instar</strong></span> <span class='ocrx_word' id='word_1_630' title='bbox 3051 3643 3329 3699; x_wconf 84' lang='lat' dir='ltr'><strong>Pontiﬁcis</strong></span> <span class='ocrx_word' id='word_1_631' title='bbox 3353 3659 3544 3701; x_wconf 89' lang='lat' dir='ltr'><strong>omnes</strong></span> 
     </span>
    </p>
   </div>
   <div class='ocr_carea' id='block_1_83' title="bbox 1967 3725 3540 3806">
    <p class='ocr_par' dir='ltr' id='par_1_83' title="bbox 1967 3725 3540 3806">
     <span class='ocr_line' id='line_1_83' title="bbox 1967 3725 3540 3806; baseline 0.009 -28"><span class='ocrx_word' id='word_1_632' title='bbox 1967 3725 2102 3780; x_wconf 87' lang='lat' dir='ltr'><strong>albis</strong></span> <span class='ocrx_word' id='word_1_633' title='bbox 2128 3731 2375 3793; x_wconf 88' lang='lat' dir='ltr'><strong>amictos,</strong></span> <span class='ocrx_word' id='word_1_634' title='bbox 2400 3741 2454 3784; x_wconf 90' lang='lat' dir='ltr'><strong>et</strong></span> <span class='ocrx_word' id='word_1_635' title='bbox 2486 3735 2805 3802; x_wconf 87' lang='lat' dir='ltr'><strong>corporibus</strong></span> <span class='ocrx_word' id='word_1_636' title='bbox 2839 3735 3257 3799; x_wconf 80' lang='lat' dir='ltr'><strong>immortalibus,</strong></span> <span class='ocrx_word' id='word_1_637' title='bbox 3287 3747 3540 3806; x_wconf 88' lang='lat' dir='ltr'><strong>tanquam</strong></span> 
     </span>
    </p>
   </div>
   <div class='ocr_carea' id='block_1_84' title="bbox 1967 3818 3540 3894">
    <p class='ocr_par' dir='ltr' id='par_1_84' title="bbox 1967 3818 3540 3894">
     <span class='ocr_line' id='line_1_84' title="bbox 1967 3818 3540 3894; baseline 0.006 -24"><span class='ocrx_word' id='word_1_638' title='bbox 1967 3818 2116 3872; x_wconf 89' lang='lat' dir='ltr'><strong>stolis</strong></span> <span class='ocrx_word' id='word_1_639' title='bbox 2147 3821 2547 3876; x_wconf 86' lang='lat' dir='ltr'><strong>candidissimis</strong></span> <span class='ocrx_word' id='word_1_640' title='bbox 2581 3826 2851 3878; x_wconf 86' lang='lat' dir='ltr'><strong>radiantes</strong></span> <span class='ocrx_word' id='word_1_641' title='bbox 2883 3825 2954 3878; x_wconf 92' lang='lat' dir='ltr'><strong>illi</strong></span> <span class='ocrx_word' id='word_1_642' title='bbox 2995 3827 3043 3878; x_wconf 89' lang='lat' dir='ltr'><strong>in</strong></span> <span class='ocrx_word' id='word_1_643' title='bbox 3077 3844 3268 3880; x_wconf 86' lang='lat' dir='ltr'><strong>manus</strong></span> <span class='ocrx_word' id='word_1_644' title='bbox 3297 3829 3540 3894; x_wconf 76' lang='lat' dir='ltr'><strong>tradens,</strong></span> 
     </span>
    </p>
   </div>
   <div class='ocr_carea' id='block_1_85' title="bbox 1966 3912 3542 3986">
    <p class='ocr_par' dir='ltr' id='par_1_85' title="bbox 1966 3912 3542 3986">
     <span class='ocr_line' id='line_1_85' title="bbox 1966 3912 3542 3986; baseline 0.006 -24"><span class='ocrx_word' id='word_1_645' title='bbox 1966 3919 2026 3962; x_wconf 91' lang='lat' dir='ltr'><strong>ut</strong></span> <span class='ocrx_word' id='word_1_646' title='bbox 2061 3925 2166 3964; x_wconf 90' lang='lat' dir='ltr'><strong>non</strong></span> <span class='ocrx_word' id='word_1_647' title='bbox 2207 3912 2366 3965; x_wconf 91' lang='lat' dir='ltr'><strong>modo</strong></span> <span class='ocrx_word' id='word_1_648' title='bbox 2403 3914 2500 3967; x_wconf 90' lang='lat' dir='ltr'><strong>sub</strong></span> <span class='ocrx_word' id='word_1_649' title='bbox 2541 3915 2628 3968; x_wconf 92' lang='lat' dir='ltr'><strong>illo</strong></span> <span class='ocrx_word' id='word_1_650' title='bbox 2660 3913 2912 3968; x_wconf 77' lang='lat' dir='ltr'><strong>fruantur</strong></span> <span class='ocrx_word' id='word_1_651' title='bbox 2947 3931 3140 3986; x_wconf 82' lang='lat' dir='ltr'><strong>regno,</strong></span> <span class='ocrx_word' id='word_1_652' title='bbox 3187 3919 3282 3970; x_wconf 87' lang='lat' dir='ltr'><strong>sed</strong></span> <span class='ocrx_word' id='word_1_653' title='bbox 3320 3920 3542 3986; x_wconf 87' lang='lat' dir='ltr'><strong>insuper</strong></span> 
     </span>
    </p>
   </div>
   <div class='ocr_carea' id='block_1_86' title="bbox 1967 4000 3538 4070">
    <p class='ocr_par' dir='ltr' id='par_1_86' title="bbox 1967 4000 3538 4070">
     <span class='ocr_line' id='line_1_86' title="bbox 1967 4000 3538 4070; baseline 0.004 -18"><span class='ocrx_word' id='word_1_654' title='bbox 1967 4000 2247 4068; x_wconf 83' lang='lat' dir='ltr'><strong>adimpleri</strong></span> <span class='ocrx_word' id='word_1_655' title='bbox 2315 4004 2522 4070; x_wconf 81' lang='lat' dir='ltr'><strong>possint</strong></span> <span class='ocrx_word' id='word_1_656' title='bbox 2579 4003 2934 4059; x_wconf 80' lang='lat' dir='ltr'><strong>ineliabilibus</strong></span> <span class='ocrx_word' id='word_1_657' title='bbox 2993 4007 3168 4060; x_wconf 85' lang='lat' dir='ltr'><strong>l’atris</strong></span> <span class='ocrx_word' id='word_1_658' title='bbox 3208 4008 3288 4060; x_wconf 90' lang='lat' dir='ltr'><strong>sui</strong></span> <span class='ocrx_word' id='word_1_659' title='bbox 3343 4008 3538 4062; x_wconf 88' lang='lat' dir='ltr'><strong>bonis:</strong></span> 
     </span>
    </p>
   </div>
   <div class='ocr_carea' id='block_1_87' title="bbox 1967 4094 3542 4165">
    <p class='ocr_par' dir='ltr' id='par_1_87' title="bbox 1967 4094 3542 4165">
     <span class='ocr_line' id='line_1_87' title="bbox 1967 4094 3542 4165; baseline 0.005 -23"><span class='ocrx_word' id='word_1_660' title='bbox 1967 4101 2126 4158; x_wconf 89' lang='lat' dir='ltr'><strong>atque</strong></span> <span class='ocrx_word' id='word_1_661' title='bbox 2168 4095 2241 4145; x_wconf 87' lang='lat' dir='ltr'><strong>ita</strong></span> <span class='ocrx_word' id='word_1_662' title='bbox 2292 4094 2502 4149; x_wconf 87' lang='lat' dir='ltr'><strong>futurus</strong></span> <span class='ocrx_word' id='word_1_663' title='bbox 2541 4108 2643 4159; x_wconf 87' lang='lat' dir='ltr'><strong>est,</strong></span> <span class='ocrx_word' id='word_1_664' title='bbox 2669 4098 2966 4150; x_wconf 86' lang='lat' dir='ltr'><strong>secundum</strong></span> <span class='ocrx_word' id='word_1_665' title='bbox 3021 4097 3260 4165; x_wconf 80' lang='lat' dir='ltr'><strong>Apostoli</strong></span> <span class='ocrx_word' id='word_1_666' title='bbox 3295 4099 3542 4164; x_wconf 88' lang='lat' dir='ltr'><strong>dictum,</strong></span> 
     </span>
    </p>
   </div>
   <div class='ocr_carea' id='block_1_88' title="bbox 1969 4173 3539 4250">
    <p class='ocr_par' dir='ltr' id='par_1_88' title="bbox 1969 4173 3539 4250">
     <span class='ocr_line' id='line_1_88' title="bbox 1969 4173 3539 4250; baseline 0.008 -16"><span class='ocrx_word' id='word_1_667' title='bbox 1969 4181 2106 4236; x_wconf 78' lang='lat' dir='ltr'><strong>Deus</strong></span> <span class='ocrx_word' id='word_1_668' title='bbox 2148 4187 2327 4237; x_wconf 84' lang='lat' dir='ltr'><strong>omnia</strong></span> <span class='ocrx_word' id='word_1_669' title='bbox 2366 4187 2419 4237; x_wconf 87' lang='lat' dir='ltr'><strong>in</strong></span> <span class='ocrx_word' id='word_1_670' title='bbox 2467 4189 2704 4239; x_wconf 79' lang='lat' dir='ltr'><strong>omnibus</strong></span> <span class='ocrx_word' id='word_1_671' title='bbox 2730 4187 2774 4218; x_wconf 78' lang='grc'><strong>³³</strong></span> <span class='ocrx_word' id='word_1_672' title='bbox 2801 4228 2814 4250; x_wconf 89' lang='grc'><strong>,</strong></span> <span class='ocrx_word' id='word_1_673' title='bbox 2857 4203 2980 4240; x_wconf 90' lang='lat' dir='ltr'><strong>cum</strong></span> <span class='ocrx_word' id='word_1_674' title='bbox 3030 4173 3200 4244; x_wconf 71' lang='lat' dir='ltr'><strong>Filius</strong></span> <span class='ocrx_word' id='word_1_675' title='bbox 3237 4204 3366 4244; x_wconf 89' lang='lat' dir='ltr'><strong>suos</strong></span> <span class='ocrx_word' id='word_1_676' title='bbox 3408 4192 3539 4246; x_wconf 91' lang='lat' dir='ltr'><strong>sub-</strong></span> 
     </span>
    </p>
   </div>
   <div class='ocr_carea' id='block_1_89' title="bbox 1968 4273 3542 4348">
    <p class='ocr_par' dir='ltr' id='par_1_89' title="bbox 1968 4273 3542 4348">
     <span class='ocr_line' id='line_1_89' title="bbox 1968 4273 3542 4348; baseline 0.006 -22"><span class='ocrx_word' id='word_1_677' title='bbox 1968 4273 2104 4326; x_wconf 88' lang='lat' dir='ltr'><strong>ditos</strong></span> <span class='ocrx_word' id='word_1_678' title='bbox 2137 4286 2622 4342; x_wconf 72' lang='lat' dir='ltr'><strong>reprzesentaturus</strong></span> <span class='ocrx_word' id='word_1_679' title='bbox 2648 4287 2730 4331; x_wconf 88' lang='lat' dir='ltr'><strong>est</strong></span> <span class='ocrx_word' id='word_1_680' title='bbox 2760 4278 2882 4345; x_wconf 82' lang='lat' dir='ltr'><strong>ipsi,</strong></span> <span class='ocrx_word' id='word_1_681' title='bbox 2914 4286 2971 4330; x_wconf 92' lang='lat' dir='ltr'><strong>ut</strong></span> <span class='ocrx_word' id='word_1_682' title='bbox 3002 4279 3117 4348; x_wconf 86' lang='lat' dir='ltr'><strong>ipse</strong></span> <span class='ocrx_word' id='word_1_683' title='bbox 3137 4279 3298 4334; x_wconf 88' lang='lat' dir='ltr'><strong>Pater</strong></span> <span class='ocrx_word' id='word_1_684' title='bbox 3315 4295 3542 4348; x_wconf 85' lang='lat' dir='ltr'><strong>perom-</strong></span> 
     </span>
    </p>
   </div>
   <div class='ocr_carea' id='block_1_90' title="bbox 1967 4365 3540 4441">
    <p class='ocr_par' dir='ltr' id='par_1_90' title="bbox 1967 4365 3540 4441">
     <span class='ocr_line' id='line_1_90' title="bbox 1967 4365 3540 4441; baseline 0.006 -24"><span class='ocrx_word' id='word_1_685' title='bbox 1967 4365 2052 4417; x_wconf 88' lang='lat' dir='ltr'><strong>nia</strong></span> <span class='ocrx_word' id='word_1_686' title='bbox 2087 4365 2157 4418; x_wconf 91' lang='lat' dir='ltr'><strong>sit</strong></span> <span class='ocrx_word' id='word_1_687' title='bbox 2186 4366 2238 4417; x_wconf 94' lang='lat' dir='ltr'><strong>in</strong></span> <span class='ocrx_word' id='word_1_688' title='bbox 2270 4368 2522 4421; x_wconf 87' lang='lat' dir='ltr'><strong>omnibus</strong></span> <span class='ocrx_word' id='word_1_689' title='bbox 2546 4370 2747 4421; x_wconf 90' lang='lat' dir='ltr'><strong>omnia.</strong></span> <span class='ocrx_word' id='word_1_690' title='bbox 2776 4367 2906 4420; x_wconf 82' lang='lat' dir='ltr'><strong>Nam</strong></span> <span class='ocrx_word' id='word_1_691' title='bbox 2934 4380 2992 4422; x_wconf 89' lang='lat' dir='ltr'><strong>ut</strong></span> <span class='ocrx_word' id='word_1_692' title='bbox 3025 4379 3142 4423; x_wconf 88' lang='lat' dir='ltr'><strong>orat</strong></span> <span class='ocrx_word' id='word_1_693' title='bbox 3175 4371 3289 4441; x_wconf 89' lang='lat' dir='ltr'><strong>ipse</strong></span> <span class='ocrx_word' id='word_1_694' title='bbox 3317 4373 3367 4423; x_wconf 91' lang='lat' dir='ltr'><strong>in</strong></span> <span class='ocrx_word' id='word_1_695' title='bbox 3400 4371 3540 4427; x_wconf 83' lang='lat' dir='ltr'><strong>Filio</strong></span> 
     </span>
    </p>
   </div>
   <div class='ocr_carea' id='block_1_91' title="bbox 1965 4455 3538 4530">
    <p class='ocr_par' dir='ltr' id='par_1_91' title="bbox 1965 4455 3538 4530">
     <span class='ocr_line' id='line_1_91' title="bbox 1965 4455 3538 4530; baseline 0.004 -22"><span class='ocrx_word' id='word_1_696' title='bbox 1965 4469 2063 4508; x_wconf 84' lang='lat' dir='ltr'><strong>suo</strong></span> <span class='ocrx_word' id='word_1_697' title='bbox 2077 4455 2392 4526; x_wconf 77' lang='lat' dir='ltr'><strong>olim,juxta</strong></span> <span class='ocrx_word' id='word_1_698' title='bbox 2427 4459 2551 4510; x_wconf 91' lang='lat' dir='ltr'><strong>illud</strong></span> <span class='ocrx_word' id='word_1_699' title='bbox 2578 4474 2591 4510; x_wconf 93' lang='lat'><strong>:</strong></span> <span class='ocrx_word' id='word_1_700' title='bbox 2629 4456 2858 4512; x_wconf 80' lang='lat' dir='ltr'><strong>Paterin</strong></span> <span class='ocrx_word' id='word_1_701' title='bbox 2879 4476 2977 4523; x_wconf 86' lang='lat' dir='ltr'><strong>me,</strong></span> <span class='ocrx_word' id='word_1_702' title='bbox 3006 4470 3052 4512; x_wconf 83' lang='lat' dir='ltr'><strong>et</strong></span> <span class='ocrx_word' id='word_1_703' title='bbox 3067 4477 3158 4529; x_wconf 86' lang='lat' dir='ltr'><strong>ego</strong></span> <span class='ocrx_word' id='word_1_704' title='bbox 3182 4464 3235 4514; x_wconf 84' lang='lat' dir='ltr'><strong>in</strong></span> <span class='ocrx_word' id='word_1_705' title='bbox 3258 4461 3416 4515; x_wconf 80' lang='lat' dir='ltr'><strong>Patre</strong></span> <span class='ocrx_word' id='word_1_706' title='bbox 3443 4463 3488 4493; x_wconf 74' lang='lat'><strong>“</strong></span> <span class='ocrx_word' id='word_1_707' title='bbox 3521 4504 3538 4530; x_wconf 86' lang='lat'><strong>,</strong></span> 
     </span>
    </p>
   </div>
   <div class='ocr_carea' id='block_1_92' title="bbox 281 4546 1861 4624">
    <p class='ocr_par' dir='ltr' id='par_1_92' title="bbox 281 4551 1861 4624">
     <span class='ocr_line' id='line_1_92' title="bbox 281 4551 1861 4624; baseline 0.001 -19"><span class='ocrx_word' id='word_1_708' title='bbox 281 4552 355 4605; x_wconf 74' lang='grc' dir='ltr'><strong>ἐν</strong></span> <span class='ocrx_word' id='word_1_709' title='bbox 390 4552 540 4606; x_wconf 82' lang='grc' dir='ltr'>πᾶσι</span> <span class='ocrx_word' id='word_1_710' title='bbox 561 4593 575 4615; x_wconf 91' lang='grc'><strong>,</strong></span> <span class='ocrx_word' id='word_1_711' title='bbox 629 4552 719 4605; x_wconf 78' lang='grc' dir='ltr'><strong>τοῦ</strong></span> <span class='ocrx_word' id='word_1_712' title='bbox 770 4551 896 4605; x_wconf 79' lang='grc' dir='ltr'>Υἱοῦ</span> <span class='ocrx_word' id='word_1_713' title='bbox 929 4555 1052 4616; x_wconf 75' lang='grc' dir='ltr'>τοὺς</span> <span class='ocrx_word' id='word_1_714' title='bbox 1090 4553 1534 4624; x_wconf 83' lang='grc' dir='ltr'>βασιλευομένους</span> <span class='ocrx_word' id='word_1_715' title='bbox 1565 4555 1861 4623; x_wconf 81' lang='grc' dir='ltr'>προσάγον-</span> 
     </span>
    </p>
   </div>
   <div class='ocr_carea' id='block_1_93' title="bbox 1963 4546 3537 4624">
    <p class='ocr_par' dir='ltr' id='par_1_93' title="bbox 1967 4546 3537 4624">
     <span class='ocr_line' id='line_1_93' title="bbox 1967 4546 3537 4624; baseline 0.007 -25"><span class='ocrx_word' id='word_1_716' title='bbox 1967 4549 2033 4600; x_wconf 88' lang='lat' dir='ltr'><strong>ad</strong></span> <span class='ocrx_word' id='word_1_717' title='bbox 2061 4553 2306 4605; x_wconf 89' lang='lat' dir='ltr'><strong>eumdem</strong></span> <span class='ocrx_word' id='word_1_718' title='bbox 2343 4554 2554 4606; x_wconf 88' lang='lat' dir='ltr'><strong>modum</strong></span> <span class='ocrx_word' id='word_1_719' title='bbox 2579 4555 2682 4607; x_wconf 91' lang='lat' dir='ltr'><strong>erit</strong></span> <span class='ocrx_word' id='word_1_720' title='bbox 2709 4563 2818 4606; x_wconf 89' lang='lat' dir='ltr'><strong>tum</strong></span> <span class='ocrx_word' id='word_1_721' title='bbox 2849 4553 2900 4606; x_wconf 93' lang='lat' dir='ltr'><strong>in</strong></span> <span class='ocrx_word' id='word_1_722' title='bbox 2936 4556 3186 4609; x_wconf 89' lang='lat' dir='ltr'><strong>omnibus</strong></span> <span class='ocrx_word' id='word_1_723' title='bbox 3211 4571 3308 4624; x_wconf 87' lang='lat' dir='ltr'><strong>per</strong></span> <span class='ocrx_word' id='word_1_724' title='bbox 3344 4546 3537 4611; x_wconf 70' lang='lat' dir='ltr'><strong>Filium</strong></span> 
     </span>
    </p>
   </div>
   <div class='ocr_carea' id='block_1_94' title="bbox 282 4642 1858 4714">
    <p class='ocr_par' dir='ltr' id='par_1_94' title="bbox 282 4642 1858 4714">
     <span class='ocr_line' id='line_1_94' title="bbox 282 4642 1858 4714; baseline 0.003 -20"><span class='ocrx_word' id='word_1_725' title='bbox 282 4659 376 4706; x_wconf 91' lang='grc' dir='ltr'><strong>τος</strong></span> <span class='ocrx_word' id='word_1_726' title='bbox 401 4642 568 4714; x_wconf 77' lang='grc' dir='ltr'>αὐτῷ,</span> <span class='ocrx_word' id='word_1_727' title='bbox 598 4645 682 4697; x_wconf 84' lang='grc' dir='ltr'>ἵνα</span> <span class='ocrx_word' id='word_1_728' title='bbox 719 4645 837 4696; x_wconf 85' lang='grc' dir='ltr'>ὅλον</span> <span class='ocrx_word' id='word_1_729' title='bbox 858 4643 1020 4697; x_wconf 80' lang='grc' dir='ltr'>τοῦτο</span> <span class='ocrx_word' id='word_1_730' title='bbox 1047 4646 1290 4714; x_wconf 79' lang='grc' dir='ltr'>γένηται,</span> <span class='ocrx_word' id='word_1_731' title='bbox 1321 4645 1462 4713; x_wconf 82' lang='grc' dir='ltr'>λέγω</span> <span class='ocrx_word' id='word_1_732' title='bbox 1489 4645 1545 4697; x_wconf 79' lang='grc' dir='ltr'>δὲ</span> <span class='ocrx_word' id='word_1_733' title='bbox 1582 4645 1641 4697; x_wconf 74' lang='grc' dir='ltr'>τὸ</span> <span class='ocrx_word' id='word_1_734' title='bbox 1675 4646 1858 4698; x_wconf 75' lang='grc' dir='ltr'>Πάντα</span> 
     </span>
    </p>
   </div>
   <div class='ocr_carea' id='block_1_95' title="bbox 280 4732 1858 4809">
    <p class='ocr_par' dir='ltr' id='par_1_95' title="bbox 280 4732 1858 4809">
     <span class='ocr_line' id='line_1_95' title="bbox 280 4732 1858 4809; baseline 0 -21"><span class='ocrx_word' id='word_1_735' title='bbox 280 4735 346 4789; x_wconf 73' lang='grc' dir='ltr'>ἐν</span> <span class='ocrx_word' id='word_1_736' title='bbox 374 4739 537 4790; x_wconf 77' lang='grc' dir='ltr'>πᾶσιν</span> <span class='ocrx_word' id='word_1_737' title='bbox 567 4732 704 4790; x_wconf 73' lang='grc' dir='ltr'>εἶναι</span> <span class='ocrx_word' id='word_1_738' title='bbox 740 4737 830 4789; x_wconf 83' lang='grc' dir='ltr'>τὸν</span> <span class='ocrx_word' id='word_1_739' title='bbox 871 4738 1108 4806; x_wconf 84' lang='grc' dir='ltr'><strong>Πατέρα.</strong></span> <span class='ocrx_word' id='word_1_740' title='bbox 1150 4739 1236 4799; x_wconf 87' lang='grc' dir='ltr'>Ὠς</span> <span class='ocrx_word' id='word_1_741' title='bbox 1261 4737 1369 4808; x_wconf 77' lang='grc' dir='ltr'><strong>γὰρ</strong></span> <span class='ocrx_word' id='word_1_742' title='bbox 1406 4733 1474 4806; x_wconf 80' lang='grc' dir='ltr'>ἦν</span> <span class='ocrx_word' id='word_1_743' title='bbox 1509 4737 1771 4809; x_wconf 87' lang='grc' dir='ltr'>πρότερον</span> <span class='ocrx_word' id='word_1_744' title='bbox 1801 4739 1858 4788; x_wconf 84' lang='grc' dir='ltr'>ὲν</span> 
     </span>
    </p>
   </div>
   <div class='ocr_carea' id='block_1_96' title="bbox 282 4822 1859 4894">
    <p class='ocr_par' dir='ltr' id='par_1_96' title="bbox 282 4822 1859 4894">
     <span class='ocr_line' id='line_1_96' title="bbox 282 4822 1859 4894; baseline -0.002 -17"><span class='ocrx_word' id='word_1_745' title='bbox 282 4823 363 4893; x_wconf 82' lang='grc' dir='ltr'><strong>τῷ</strong></span> <span class='ocrx_word' id='word_1_746' title='bbox 393 4824 523 4894; x_wconf 79' lang='grc' dir='ltr'>Υἱῷ,</span> <span class='ocrx_word' id='word_1_747' title='bbox 554 4825 694 4878; x_wconf 88' lang='grc' dir='ltr'><strong>κατά</strong></span> <span class='ocrx_word' id='word_1_748' title='bbox 723 4825 804 4888; x_wconf 86' lang='grc' dir='ltr'>τὸ,</span> <span class='ocrx_word' id='word_1_749' title='bbox 845 4824 906 4878; x_wconf 82' lang='grc'><strong>’0</strong></span> <span class='ocrx_word' id='word_1_750' title='bbox 948 4825 1150 4892; x_wconf 69' lang='grc' dir='ltr'>Πατὴρ</span> <span class='ocrx_word' id='word_1_751' title='bbox 1181 4827 1251 4876; x_wconf 76' lang='grc' dir='ltr'><strong>ἐν</strong></span> <span class='ocrx_word' id='word_1_752' title='bbox 1273 4824 1422 4892; x_wconf 79' lang='grc' dir='ltr'>ἐμοὶ,</span> <span class='ocrx_word' id='word_1_753' title='bbox 1469 4824 1629 4894; x_wconf 68' lang='grc' dir='ltr'><strong>κάγὼ</strong></span> <span class='ocrx_word' id='word_1_754' title='bbox 1667 4825 1735 4876; x_wconf 79' lang='grc' dir='ltr'><strong>ἐν</strong></span> <span class='ocrx_word' id='word_1_755' title='bbox 1780 4822 1859 4887; x_wconf 82' lang='grc' dir='ltr'><strong>τῷ</strong></span> 
     </span>
    </p>
   </div>
   <div class='ocr_carea' id='block_1_97' title="bbox 1963 4644 3542 4715">
    <p class='ocr_par' dir='ltr' id='par_1_97' title="bbox 1963 4644 3542 4715">
     <span class='ocr_line' id='line_1_97' title="bbox 1963 4644 3542 4715; baseline 0.007 -22"><span class='ocrx_word' id='word_1_756' title='bbox 1963 4645 2372 4698; x_wconf 83' lang='lat' dir='ltr'><strong>consummatis.</strong></span> <span class='ocrx_word' id='word_1_757' title='bbox 2418 4644 2530 4699; x_wconf 86' lang='lat' dir='ltr'><strong>Non</strong></span> <span class='ocrx_word' id='word_1_758' title='bbox 2559 4648 2701 4700; x_wconf 88' lang='lat' dir='ltr'><strong>enim</strong></span> <span class='ocrx_word' id='word_1_759' title='bbox 2734 4649 3024 4715; x_wconf 83' lang='lat' dir='ltr'><strong>Apostolus</strong></span> <span class='ocrx_word' id='word_1_760' title='bbox 3055 4649 3206 4709; x_wconf 80' lang='lat' dir='ltr'><strong>dixit,</strong></span> <span class='ocrx_word' id='word_1_761' title='bbox 3237 4648 3432 4702; x_wconf 85' lang='lat' dir='ltr'><strong>Filium</strong></span> <span class='ocrx_word' id='word_1_762' title='bbox 3481 4665 3542 4704; x_wconf 82' lang='lat' dir='ltr'><strong>se</strong></span> 
     </span>
    </p>
   </div>
   <div class='ocr_carea' id='block_1_98' title="bbox 1964 4738 3538 4810">
    <p class='ocr_par' dir='ltr' id='par_1_98' title="bbox 1964 4738 3538 4810">
     <span class='ocr_line' id='line_1_98' title="bbox 1964 4738 3538 4810; baseline 0.006 -27"><span class='ocrx_word' id='word_1_763' title='bbox 1964 4747 2064 4785; x_wconf 89' lang='lat' dir='ltr'><strong>suo</strong></span> <span class='ocrx_word' id='word_1_764' title='bbox 2100 4749 2266 4800; x_wconf 83' lang='lat' dir='ltr'><strong>regno</strong></span> <span class='ocrx_word' id='word_1_765' title='bbox 2299 4738 2672 4791; x_wconf 85' lang='lat' dir='ltr'><strong>abdicaturum</strong></span> <span class='ocrx_word' id='word_1_766' title='bbox 2715 4753 2770 4794; x_wconf 90' lang='lat' dir='ltr'><strong>et</strong></span> <span class='ocrx_word' id='word_1_767' title='bbox 2804 4752 3152 4810; x_wconf 72' lang='lat' dir='ltr'><strong>regnaturum</strong></span> <span class='ocrx_word' id='word_1_768' title='bbox 3191 4742 3358 4794; x_wconf 88' lang='lat' dir='ltr'><strong>Deum</strong></span> <span class='ocrx_word' id='word_1_769' title='bbox 3391 4757 3404 4793; x_wconf 91' lang='lat'><strong>:</strong></span> <span class='ocrx_word' id='word_1_770' title='bbox 3445 4743 3538 4794; x_wconf 82' lang='lat' dir='ltr'><strong>sed</strong></span> 
     </span>
    </p>
   </div>
   <div class='ocr_carea' id='block_1_99' title="bbox 1967 4822 3588 4900">
    <p class='ocr_par' dir='ltr' id='par_1_99' title="bbox 1967 4822 3588 4900">
     <span class='ocr_line' id='line_1_99' title="bbox 1967 4822 3588 4900; baseline 0.007 -26"><span class='ocrx_word' id='word_1_771' title='bbox 1967 4822 2156 4878; x_wconf 87' lang='lat' dir='ltr'><strong>Filium</strong></span> <span class='ocrx_word' id='word_1_772' title='bbox 2198 4826 2304 4880; x_wconf 86' lang='lat' dir='ltr'><strong>Deo</strong></span> <span class='ocrx_word' id='word_1_773' title='bbox 2325 4838 2380 4882; x_wconf 87' lang='lat' dir='ltr'><strong>et</strong></span> <span class='ocrx_word' id='word_1_774' title='bbox 2417 4828 2560 4883; x_wconf 83' lang='lat' dir='ltr'><strong>Patri</strong></span> <span class='ocrx_word' id='word_1_775' title='bbox 2598 4846 2819 4900; x_wconf 86' lang='lat' dir='ltr'><strong>regnum</strong></span> <span class='ocrx_word' id='word_1_776' title='bbox 2853 4835 3177 4887; x_wconf 89' lang='lat' dir='ltr'><strong>traditurum</strong></span> <span class='ocrx_word' id='word_1_777' title='bbox 3207 4833 3414 4887; x_wconf 87' lang='lat' dir='ltr'><strong>salvum</strong></span> <span class='ocrx_word' id='word_1_778' title='bbox 3447 4835 3540 4885; x_wconf 91' lang='lat' dir='ltr'><strong>de-</strong></span> <span class='ocrx_word' id='word_1_779' title='bbox 3585 4895 3588 4898; x_wconf 96' lang='lat'><em>_</em></span> 
     </span>
    </p>
   </div>
   <div class='ocr_carea' id='block_1_100' title="bbox 362 4999 1861 5078">
    <p class='ocr_par' dir='ltr' id='par_1_100' title="bbox 362 4999 1844 5071">
     <span class='ocr_line' id='line_1_100' title="bbox 362 4999 1844 5071; baseline 0.004 -18"><span class='ocrx_word' id='word_1_780' title='bbox 362 5005 419 5062; x_wconf 63' lang='lat'><strong>&gt;14</strong></span> <span class='ocrx_word' id='word_1_781' title='bbox 443 4999 540 5054; x_wconf 86' lang='lat' dir='ltr'><strong>Ed.</strong></span> <span class='ocrx_word' id='word_1_782' title='bbox 559 4999 754 5065; x_wconf 90' lang='lat' dir='ltr'><strong>Paris.,</strong></span> <span class='ocrx_word' id='word_1_783' title='bbox 773 5016 892 5071; x_wconf 86' lang='lat' dir='ltr'><strong>pag.</strong></span> <span class='ocrx_word' id='word_1_784' title='bbox 915 5001 1034 5055; x_wconf 80' lang='grc'><strong>187.</strong></span> <span class='ocrx_word' id='word_1_785' title='bbox 1111 5001 1156 5033; x_wconf 82' lang='grc'><strong>¹⁰</strong></span> <span class='ocrx_word' id='word_1_786' title='bbox 1182 5000 1335 5056; x_wconf 85' lang='lat' dir='ltr'><strong>Joan.</strong></span> <span class='ocrx_word' id='word_1_787' title='bbox 1361 5017 1413 5066; x_wconf 70' lang='grc' dir='ltr'><strong>ιι,</strong></span> <span class='ocrx_word' id='word_1_788' title='bbox 1432 4999 1518 5054; x_wconf 77' lang='lat'><strong>38.</strong></span> <span class='ocrx_word' id='word_1_789' title='bbox 1597 5002 1639 5033; x_wconf 81' lang='grc'><strong>¹¹</strong></span> <span class='ocrx_word' id='word_1_790' title='bbox 1660 5001 1786 5058; x_wconf 87' lang='lat' dir='ltr'><strong>Luc.</strong></span> <span class='ocrx_word' id='word_1_791' title='bbox 1807 5019 1844 5069; x_wconf 89' lang='lat' dir='ltr'><strong>l,</strong></span> 
     </span>
    </p>
   </div>
   <div class='ocr_carea' id='block_1_101' title="bbox 1963 4999 3534 5078">
    <p class='ocr_par' dir='ltr' id='par_1_101' title="bbox 1973 5004 3534 5078">
     <span class='ocr_line' id='line_1_101' title="bbox 1973 5004 3534 5078; baseline 0.005 -20"><span class='ocrx_word' id='word_1_792' title='bbox 1973 5007 2060 5058; x_wconf 81' lang='lat'><strong>55.</strong></span> <span class='ocrx_word' id='word_1_793' title='bbox 2139 5007 2182 5036; x_wconf 80' lang='lat'>“</span> <span class='ocrx_word' id='word_1_794' title='bbox 2204 5004 2333 5062; x_wconf 88' lang='lat' dir='ltr'><strong>Luc.</strong></span> <span class='ocrx_word' id='word_1_795' title='bbox 2355 5024 2408 5074; x_wconf 71' lang='grc' dir='ltr'>κ,</span> <span class='ocrx_word' id='word_1_796' title='bbox 2427 5007 2513 5062; x_wconf 69' lang='lat'><strong>22.</strong></span> <span class='ocrx_word' id='word_1_797' title='bbox 2593 5010 2638 5041; x_wconf 79' lang='grc'><strong>³³</strong></span> <span class='ocrx_word' id='word_1_798' title='bbox 2660 5010 2676 5064; x_wconf 98' lang='lat' dir='ltr'><strong>l</strong></span> <span class='ocrx_word' id='word_1_799' title='bbox 2702 5011 2826 5066; x_wconf 89' lang='lat' dir='ltr'><strong>Cor.</strong></span> <span class='ocrx_word' id='word_1_800' title='bbox 2853 5027 2941 5078; x_wconf 80' lang='lat' dir='ltr'><strong>xv,</strong></span> <span class='ocrx_word' id='word_1_801' title='bbox 2959 5013 3052 5069; x_wconf 70' lang='lat'><strong>28.</strong></span> <span class='ocrx_word' id='word_1_802' title='bbox 3127 5011 3172 5044; x_wconf 68' lang='grc' dir='ltr'><strong>’δ</strong></span> <span class='ocrx_word' id='word_1_803' title='bbox 3187 5009 3342 5067; x_wconf 84' lang='lat' dir='ltr'><strong>Joan.</strong></span> <span class='ocrx_word' id='word_1_804' title='bbox 3368 5025 3422 5074; x_wconf 72' lang='grc' dir='ltr'>ι,</span> <span class='ocrx_word' id='word_1_805' title='bbox 3441 5006 3534 5066; x_wconf 77' lang='lat'><strong>38.</strong></span> 
     </span>
    </p>
   </div>
   <div class='ocr_carea' id='block_1_102' title="bbox 352 5175 1488 5252">
    <p class='ocr_par' dir='ltr' id='par_1_102' title="bbox 352 5175 1488 5252">
     <span class='ocr_line' id='line_1_102' title="bbox 352 5175 1488 5252; baseline 0.007 -24"><span class='ocrx_word' id='word_1_806' title='bbox 499 5177 664 5252; x_wconf 53' lang='lat' dir='ltr'><strong>ango</strong></span> <span class='ocrx_word' id='word_1_807' title='bbox 685 5182 804 5252; x_wconf 79' lang='grc' dir='ltr'>ταῖς</span> <span class='ocrx_word' id='word_1_808' title='bbox 825 5197 884 5233; x_wconf 90' lang='grc' dir='ltr'>τε</span> <span class='ocrx_word' id='word_1_809' title='bbox 915 5179 966 5234; x_wconf 93' lang='grc' dir='ltr'>θ.</span> <span class='ocrx_word' id='word_1_810' title='bbox 1000 5188 1055 5235; x_wconf 87' lang='lat' dir='ltr'><strong>et</strong></span> <span class='ocrx_word' id='word_1_811' title='bbox 1084 5195 1204 5235; x_wconf 79' lang='lat' dir='ltr'><strong>mox</strong></span> <span class='ocrx_word' id='word_1_812' title='bbox 1230 5180 1488 5252; x_wconf 86' lang='grc' dir='ltr'>ἀλήκτου.</span> 
     </span>
    </p>
   </div>
   <div class='ocr_carea' id='block_1_103' title="bbox 354 5247 770 5318">
    <p class='ocr_par' dir='ltr' id='par_1_103' title="bbox 354 5247 770 5318">
     <span class='ocr_line' id='line_1_103' title="bbox 354 5247 770 5318; baseline 0.007 -19"><span class='ocrx_word' id='word_1_813' title='bbox 354 5247 466 5312; x_wconf 84' lang='lat' dir='ltr'><strong>(l6)</strong></span> <span class='ocrx_word' id='word_1_814' title='bbox 498 5247 667 5318; x_wconf 82' lang='lat' dir='ltr'><strong>Vulgo</strong></span> <span class='ocrx_word' id='word_1_815' title='bbox 692 5249 770 5303; x_wconf 91' lang='grc' dir='ltr'>δέ.</span> 
     </span>
    </p>
   </div>
   <div class='ocr_carea' id='block_1_104' title="bbox 351 5318 755 5389">
    <p class='ocr_par' dir='ltr' id='par_1_104' title="bbox 351 5318 755 5389">
     <span class='ocr_line' id='line_1_104' title="bbox 351 5318 755 5389; baseline 0 0"><span class='ocrx_word' id='word_1_816' title='bbox 351 5318 464 5389; x_wconf 64' lang='grc' dir='ltr'><strong>(Π)</strong></span> <span class='ocrx_word' id='word_1_817' title='bbox 497 5319 666 5386; x_wconf 65' lang='lat' dir='ltr'><strong>Vult!“</strong></span> <span class='ocrx_word' id='word_1_818' title='bbox 693 5319 755 5389; x_wconf 72' lang='grc' dir='ltr'><strong>ἢ·</strong></span> 
     </span>
    </p>
   </div>
   <div class='ocr_carea' id='block_1_105' title="bbox 348 5387 1843 5458">
    <p class='ocr_par' dir='ltr' id='par_1_105' title="bbox 348 5387 1843 5458">
     <span class='ocr_line' id='line_1_105' title="bbox 348 5387 1843 5458; baseline 0.011 -21"><span class='ocrx_word' id='word_1_819' title='bbox 348 5387 461 5456; x_wconf 82' lang='grc'><strong>(18)</strong></span> <span class='ocrx_word' id='word_1_820' title='bbox 502 5387 883 5456; x_wconf 71' lang='grc' dir='ltr'>Θαυμάσαντι</span> <span class='ocrx_word' id='word_1_821' title='bbox 939 5391 1107 5458; x_wconf 80' lang='grc' dir='ltr'>πρός.</span> <span class='ocrx_word' id='word_1_822' title='bbox 1158 5390 1271 5444; x_wconf 83' lang='grc' dir='ltr'><strong>Νοη</strong></span> <span class='ocrx_word' id='word_1_823' title='bbox 1328 5403 1412 5444; x_wconf 88' lang='lat' dir='ltr'><strong>est</strong></span> <span class='ocrx_word' id='word_1_824' title='bbox 1465 5408 1592 5448; x_wconf 86' lang='lat' dir='ltr'><strong>vera</strong></span> <span class='ocrx_word' id='word_1_825' title='bbox 1660 5397 1843 5452; x_wconf 91' lang='lat' dir='ltr'><strong>lectio.</strong></span> 
     </span>
    </p>
   </div>
   <div class='ocr_carea' id='block_1_106' title="bbox 279 5455 1839 5530">
    <p class='ocr_par' dir='ltr' id='par_1_106' title="bbox 279 5455 1839 5530">
     <span class='ocr_line' id='line_1_106' title="bbox 279 5455 1839 5530; baseline 0.01 -23"><span class='ocrx_word' id='word_1_826' title='bbox 279 5455 466 5530; x_wconf 83' lang='lat' dir='ltr'><strong>Neque</strong></span> <span class='ocrx_word' id='word_1_827' title='bbox 489 5459 631 5530; x_wconf 85' lang='lat' dir='ltr'><strong>enim</strong></span> <span class='ocrx_word' id='word_1_828' title='bbox 657 5459 896 5521; x_wconf 83' lang='lat' dir='ltr'><strong>Gabriel,</strong></span> <span class='ocrx_word' id='word_1_829' title='bbox 925 5455 1016 5514; x_wconf 76' lang='lat' dir='ltr'><strong>sed</strong></span> <span class='ocrx_word' id='word_1_830' title='bbox 1052 5464 1207 5516; x_wconf 85' lang='lat' dir='ltr'><strong>beata</strong></span> <span class='ocrx_word' id='word_1_831' title='bbox 1243 5461 1402 5530; x_wconf 83' lang='lat' dir='ltr'><strong>Virgo</strong></span> <span class='ocrx_word' id='word_1_832' title='bbox 1429 5464 1839 5523; x_wconf 84' lang='lat' dir='ltr'><strong>admirabatur:</strong></span> 
     </span>
    </p>
   </div>
   <div class='ocr_carea' id='block_1_107' title="bbox 276 5527 1847 5603">
    <p class='ocr_par' dir='ltr' id='par_1_107' title="bbox 276 5527 1847 5603">
     <span class='ocr_line' id='line_1_107' title="bbox 276 5527 1847 5603; baseline 0.009 -25"><span class='ocrx_word' id='word_1_833' title='bbox 276 5527 649 5603; x_wconf 81' lang='lat' dir='ltr'><strong>et_leg_endut_n</strong></span> <span class='ocrx_word' id='word_1_834' title='bbox 697 5541 782 5583; x_wconf 90' lang='lat' dir='ltr'><strong>est</strong></span> <span class='ocrx_word' id='word_1_835' title='bbox 838 5530 1216 5603; x_wconf 81' lang='grc' dir='ltr'>θαυμάσασαν,</span> <span class='ocrx_word' id='word_1_836' title='bbox 1279 5527 1469 5586; x_wconf 75' lang='lat' dir='ltr'><strong>sensus</strong></span> <span class='ocrx_word' id='word_1_837' title='bbox 1521 5546 1690 5603; x_wconf 89' lang='lat' dir='ltr'><strong>patet,</strong></span> <span class='ocrx_word' id='word_1_838' title='bbox 1741 5555 1847 5593; x_wconf 72' lang='lat' dir='ltr'><strong>vox</strong></span> 
     </span>
    </p>
   </div>
   <div class='ocr_carea' id='block_1_108' title="bbox 277 5596 1844 5662">
    <p class='ocr_par' dir='ltr' id='par_1_108' title="bbox 277 5596 1844 5662">
     <span class='ocr_line' id='line_1_108' title="bbox 277 5596 1844 5662; baseline 0.01 -14"><span class='ocrx_word' id='word_1_839' title='bbox 277 5596 652 5650; x_wconf 83' lang='lat' dir='ltr'><strong>substituenda</strong></span> <span class='ocrx_word' id='word_1_840' title='bbox 685 5614 791 5653; x_wconf 92' lang='lat' dir='ltr'><strong>non</strong></span> <span class='ocrx_word' id='word_1_841' title='bbox 830 5596 1091 5655; x_wconf 84' lang='lat' dir='ltr'><strong>occurrit.</strong></span> <span class='ocrx_word' id='word_1_842' title='bbox 1143 5602 1214 5655; x_wconf 76' lang='grc' dir='ltr'><strong>Μ.</strong></span> <span class='ocrx_word' id='word_1_843' title='bbox 1270 5629 1344 5644; x_wconf 88' lang='lat'><strong>-</strong></span> <span class='ocrx_word' id='word_1_844' title='bbox 1390 5596 1534 5658; x_wconf 57' lang='lat' dir='ltr'><strong>Dedi&#39;</strong></span> <span class='ocrx_word' id='word_1_845' title='bbox 1571 5622 1637 5660; x_wconf 80' lang='lat' dir='ltr'><strong>ex</strong></span> <span class='ocrx_word' id='word_1_846' title='bbox 1679 5596 1844 5662; x_wconf 83' lang='lat' dir='ltr'><strong>codd.</strong></span> 
     </span>
    </p>
   </div>
   <div class='ocr_carea' id='block_1_109' title="bbox 278 5662 614 5719">
    <p class='ocr_par' dir='ltr' id='par_1_109' title="bbox 278 5662 614 5719">
     <span class='ocr_line' id='line_1_109' title="bbox 278 5662 614 5719; baseline 0 -1"><span class='ocrx_word' id='word_1_847' title='bbox 278 5662 614 5719; x_wconf 79' lang='grc' dir='ltr'>θεσπίσαντι.</span> 
     </span>
    </p>
   </div>
   <div class='ocr_carea' id='block_1_110' title="bbox 349 5735 1850 5889">
    <p class='ocr_par' dir='ltr' id='par_1_110' title="bbox 349 5735 1850 5889">
     <span class='ocr_line' id='line_1_110' title="bbox 349 5735 805 5802; baseline 0.018 -16"><span class='ocrx_word' id='word_1_848' title='bbox 349 5736 460 5802; x_wconf 84' lang='lat' dir='ltr'><strong>(I9)</strong></span> <span class='ocrx_word' id='word_1_849' title='bbox 491 5735 657 5802; x_wconf 67' lang='lat' dir='ltr'><strong>Vulgo</strong></span> <span class='ocrx_word' id='word_1_850' title='bbox 685 5756 805 5801; x_wconf 77' lang='grc' dir='ltr'>ουκ.</span> 
     </span>
     <span class='ocr_line' id='line_1_111' title="bbox 349 5805 1850 5889; baseline 0.011 -32"><span class='ocrx_word' id='word_1_851' title='bbox 349 5805 461 5876; x_wconf 74' lang='grc'><strong>(20)</strong></span> <span class='ocrx_word' id='word_1_852' title='bbox 495 5807 1024 5889; x_wconf 43' lang='lat' dir='ltr'><strong>inuiolata-patimur.</strong></span> <span class='ocrx_word' id='word_1_853' title='bbox 1067 5812 1251 5889; x_wconf 71' lang='lat' dir='ltr'><strong>Potest</strong></span> <span class='ocrx_word' id='word_1_854' title='bbox 1295 5813 1458 5889; x_wconf 82' lang='lat' dir='ltr'><strong>etiam</strong></span> <span class='ocrx_word' id='word_1_855' title='bbox 1488 5816 1586 5886; x_wconf 83' lang='lat' dir='ltr'><strong>legi</strong></span> <span class='ocrx_word' id='word_1_856' title='bbox 1616 5818 1850 5889; x_wconf 80' lang='grc' dir='ltr'>φαιδρυ-</span> 
     </span>
    </p>
   </div>
   <div class='ocr_carea' id='block_1_111' title="bbox 275 5872 1848 5955">
    <p class='ocr_par' dir='ltr' id='par_1_111' title="bbox 275 5872 1848 5955">
     <span class='ocr_line' id='line_1_112' title="bbox 275 5872 1848 5955; baseline 0.011 -28"><span class='ocrx_word' id='word_1_857' title='bbox 275 5872 502 5946; x_wconf 56' lang='grc' dir='ltr'>ώμενος</span> <span class='ocrx_word' id='word_1_858' title='bbox 534 5872 697 5948; x_wconf 74' lang='lat' dir='ltr'><strong>[quod</strong></span> <span class='ocrx_word' id='word_1_859' title='bbox 729 5872 850 5934; x_wconf 66' lang='lat' dir='ltr'><strong>dedi</strong></span> <span class='ocrx_word' id='word_1_860' title='bbox 881 5872 1004 5936; x_wconf 75' lang='lat' dir='ltr'><strong>cuni</strong></span> <span class='ocrx_word' id='word_1_861' title='bbox 1029 5884 1210 5954; x_wconf 81' lang='lat' dir='ltr'><strong>codtl.]</strong></span> <span class='ocrx_word' id='word_1_862' title='bbox 1251 5902 1264 5937; x_wconf 90' lang='lat'><strong>:</strong></span> <span class='ocrx_word' id='word_1_863' title='bbox 1299 5885 1440 5954; x_wconf 86' lang='lat' dir='ltr'><strong>quod</strong></span> <span class='ocrx_word' id='word_1_864' title='bbox 1476 5872 1654 5955; x_wconf 52' lang='lat' dir='ltr'><strong>pimus</strong></span> <span class='ocrx_word' id='word_1_865' title='bbox 1697 5872 1848 5944; x_wconf 19' lang='lat' dir='ltr'><strong>alibi-</strong></span> 
     </span>
    </p>
   </div>
   <div class='ocr_carea' id='block_1_112' title="bbox 558 5968 1274 6039">
    <p class='ocr_par' dir='ltr' id='par_1_112' title="bbox 558 5968 1274 6039">
     <span class='ocr_line' id='line_1_113' title="bbox 558 5968 1274 6039; baseline 0.014 -13"><span class='ocrx_word' id='word_1_866' title='bbox 558 5968 829 6032; x_wconf 70' lang='grc' dir='ltr'>Ρλτιιοι..</span> <span class='ocrx_word' id='word_1_867' title='bbox 877 5971 995 6035; x_wconf 83' lang='lat' dir='ltr'><strong>Gn.</strong></span> <span class='ocrx_word' id='word_1_868' title='bbox 1045 5975 1274 6039; x_wconf 74' lang='lat' dir='ltr'><strong>XXIV.</strong></span> 
     </span>
    </p>
   </div>
   <div class='ocr_carea' id='block_1_113' title="bbox 1962 5186 3536 5258">
    <p class='ocr_par' dir='ltr' id='par_1_113' title="bbox 1962 5186 3536 5258">
     <span class='ocr_line' id='line_1_114' title="bbox 1962 5186 3536 5258; baseline 0 -18"><span class='ocrx_word' id='word_1_869' title='bbox 1962 5195 2098 5250; x_wconf 91' lang='lat' dir='ltr'><strong>tror,</strong></span> <span class='ocrx_word' id='word_1_870' title='bbox 2154 5203 2276 5242; x_wconf 90' lang='lat' dir='ltr'><strong>cum</strong></span> <span class='ocrx_word' id='word_1_871' title='bbox 2310 5186 2488 5258; x_wconf 70' lang='lat' dir='ltr'><strong>illum</strong></span> <span class='ocrx_word' id='word_1_872' title='bbox 2548 5195 2804 5256; x_wconf 86' lang='lat' dir='ltr'><strong>tanquam</strong></span> <span class='ocrx_word' id='word_1_873' title='bbox 2861 5190 3184 5258; x_wconf 83' lang='lat' dir='ltr'><strong>choragum,</strong></span> <span class='ocrx_word' id='word_1_874' title='bbox 3240 5195 3296 5240; x_wconf 85' lang='lat' dir='ltr'><strong>et</strong></span> <span class='ocrx_word' id='word_1_875' title='bbox 3351 5187 3536 5258; x_wconf 82' lang='lat' dir='ltr'><strong>athle-</strong></span> 
     </span>
    </p>
   </div>
   <div class='ocr_carea' id='block_1_114' title="bbox 1963 5256 3534 5327">
    <p class='ocr_par' dir='ltr' id='par_1_114' title="bbox 1963 5256 3534 5327">
     <span class='ocr_line' id='line_1_115' title="bbox 1963 5256 3534 5327; baseline 0 -17"><span class='ocrx_word' id='word_1_876' title='bbox 1963 5269 2094 5322; x_wconf 84' lang='lat' dir='ltr'><strong>tam,</strong></span> <span class='ocrx_word' id='word_1_877' title='bbox 2149 5270 2202 5312; x_wconf 89' lang='lat' dir='ltr'><strong>et</strong></span> <span class='ocrx_word' id='word_1_878' title='bbox 2256 5256 2794 5325; x_wconf 74' lang='lat' dir='ltr'><strong>tritunphnbundun,</strong></span> <span class='ocrx_word' id='word_1_879' title='bbox 2842 5263 2894 5312; x_wconf 91' lang='lat' dir='ltr'><strong>in</strong></span> <span class='ocrx_word' id='word_1_880' title='bbox 2955 5256 3060 5314; x_wconf 64' lang='lat' dir='ltr'><strong>hoc</strong></span> <span class='ocrx_word' id='word_1_881' title='bbox 3108 5273 3207 5314; x_wconf 91' lang='lat' dir='ltr'><strong>suo</strong></span> <span class='ocrx_word' id='word_1_882' title='bbox 3254 5257 3534 5327; x_wconf 77' lang='grc' dir='ltr'>κατορθώ-</span> 
     </span>
    </p>
   </div>
   <div class='ocr_carea' id='block_1_115' title="bbox 1959 5329 2802 5396">
    <p class='ocr_par' dir='ltr' id='par_1_115' title="bbox 1959 5329 2802 5396">
     <span class='ocr_line' id='line_1_116' title="bbox 1959 5329 2802 5396; baseline 0 -16"><span class='ocrx_word' id='word_1_883' title='bbox 1959 5345 2108 5396; x_wconf 85' lang='grc' dir='ltr'>ματι,</span> <span class='ocrx_word' id='word_1_884' title='bbox 2135 5339 2260 5381; x_wconf 82' lang='lat' dir='ltr'><strong>ante</strong></span> <span class='ocrx_word' id='word_1_885' title='bbox 2301 5329 2685 5396; x_wconf 80' lang='lat' dir='ltr'><strong>designaverit.</strong></span> <span class='ocrx_word' id='word_1_886' title='bbox 2732 5331 2802 5381; x_wconf 87' lang='lat' dir='ltr'><strong>M.</strong></span> 
     </span>
    </p>
   </div>
   <div class='ocr_carea' id='block_1_116' title="bbox 2027 5396 2642 5470">
    <p class='ocr_par' dir='ltr' id='par_1_116' title="bbox 2027 5396 2642 5470">
     <span class='ocr_line' id='line_1_117' title="bbox 2027 5396 2642 5470; baseline 0.005 -20"><span class='ocrx_word' id='word_1_887' title='bbox 2027 5398 2139 5470; x_wconf 69' lang='grc'>(21)</span> <span class='ocrx_word' id='word_1_888' title='bbox 2176 5397 2346 5465; x_wconf 81' lang='lat' dir='ltr'><strong>Vulgo</strong></span> <span class='ocrx_word' id='word_1_889' title='bbox 2376 5399 2525 5470; x_wconf 62' lang='lat' dir='ltr'><strong>tleest</strong></span> <span class='ocrx_word' id='word_1_890' title='bbox 2553 5396 2642 5466; x_wconf 85' lang='grc' dir='ltr'><strong>δή.</strong></span> 
     </span>
    </p>
   </div>
   <div class='ocr_carea' id='block_1_117' title="bbox 2021 5465 3110 5540">
    <p class='ocr_par' dir='ltr' id='par_1_117' title="bbox 2021 5465 3110 5540">
     <span class='ocr_line' id='line_1_118' title="bbox 2021 5465 3110 5540; baseline -0.001 -18"><span class='ocrx_word' id='word_1_891' title='bbox 2021 5465 2136 5538; x_wconf 70' lang='lat'><strong>(:2)</strong></span> <span class='ocrx_word' id='word_1_892' title='bbox 2164 5470 2324 5523; x_wconf 85' lang='grc' dir='ltr'>Κατὰ</span> <span class='ocrx_word' id='word_1_893' title='bbox 2353 5465 2567 5540; x_wconf 55' lang='lat' dir='ltr'><strong>xei-rm.</strong></span> <span class='ocrx_word' id='word_1_894' title='bbox 2584 5465 3000 5540; x_wconf 38' lang='grc' dir='ltr'>μείξει-τρόπον.</span> <span class='ocrx_word' id='word_1_895' title='bbox 3038 5467 3110 5522; x_wconf 83' lang='grc' dir='ltr'><strong>Μ.</strong></span> 
     </span>
    </p>
   </div>
   <div class='ocr_carea' id='block_1_118' title="bbox 2020 5535 3534 5607">
    <p class='ocr_par' dir='ltr' id='par_1_118' title="bbox 2020 5535 3534 5607">
     <span class='ocr_line' id='line_1_119' title="bbox 2020 5535 3534 5607; baseline -0.001 -15"><span class='ocrx_word' id='word_1_896' title='bbox 2020 5535 2131 5606; x_wconf 75' lang='grc'><strong>(25)</strong></span> <span class='ocrx_word' id='word_1_897' title='bbox 2167 5536 2496 5607; x_wconf 75' lang='grc' dir='ltr'>Ἁρχιερέως</span> <span class='ocrx_word' id='word_1_898' title='bbox 2532 5535 2731 5603; x_wconf 76' lang='grc' dir='ltr'><strong>δίκην.</strong></span> <span class='ocrx_word' id='word_1_899' title='bbox 2758 5535 2868 5591; x_wconf 51' lang='lat' dir='ltr'><strong>Non</strong></span> <span class='ocrx_word' id='word_1_900' title='bbox 2894 5552 2952 5592; x_wconf 91' lang='lat' dir='ltr'><strong>ut</strong></span> <span class='ocrx_word' id='word_1_901' title='bbox 2993 5541 3105 5604; x_wconf 73' lang='lat' dir='ltr'><strong>ipse</strong></span> <span class='ocrx_word' id='word_1_902' title='bbox 3148 5540 3216 5592; x_wconf 86' lang='lat' dir='ltr'><strong>sit</strong></span> <span class='ocrx_word' id='word_1_903' title='bbox 3249 5537 3317 5591; x_wconf 86' lang='lat' dir='ltr'><strong>ad</strong></span> <span class='ocrx_word' id='word_1_904' title='bbox 3361 5537 3534 5591; x_wconf 84' lang='lat' dir='ltr'><strong>instar</strong></span> 
     </span>
    </p>
   </div>
   <div class='ocr_carea' id='block_1_119' title="bbox 1946 5609 3537 5677">
    <p class='ocr_par' dir='ltr' id='par_1_119' title="bbox 1946 5609 3537 5677">
     <span class='ocr_line' id='line_1_120' title="bbox 1946 5609 3537 5677; baseline -0.001 -14"><span class='ocrx_word' id='word_1_905' title='bbox 1946 5614 2237 5677; x_wconf 69' lang='lat' dir='ltr'><strong>pontificas,</strong></span> <span class='ocrx_word' id='word_1_906' title='bbox 2291 5623 2599 5676; x_wconf 86' lang='lat' dir='ltr'><strong>quanquam</strong></span> <span class='ocrx_word' id='word_1_907' title='bbox 2637 5624 2822 5662; x_wconf 86' lang='lat' dir='ltr'><strong>revera</strong></span> <span class='ocrx_word' id='word_1_908' title='bbox 2863 5612 2935 5663; x_wconf 86' lang='lat' dir='ltr'><strong>sit</strong></span> <span class='ocrx_word' id='word_1_909' title='bbox 2987 5610 3225 5676; x_wconf 79' lang='lat' dir='ltr'><strong>pontifex</strong></span> <span class='ocrx_word' id='word_1_910' title='bbox 3280 5625 3295 5660; x_wconf 84' lang='lat'><strong>:</strong></span> <span class='ocrx_word' id='word_1_911' title='bbox 3338 5609 3430 5661; x_wconf 84' lang='lat' dir='ltr'><strong>sed</strong></span> <span class='ocrx_word' id='word_1_912' title='bbox 3477 5623 3537 5661; x_wconf 82' lang='lat' dir='ltr'><strong>ut</strong></span> 
     </span>
    </p>
   </div>
   <div class='ocr_carea' id='block_1_120' title="bbox 1951 5678 3537 5749">
    <p class='ocr_par' dir='ltr' id='par_1_120' title="bbox 1951 5678 3537 5749">
     <span class='ocr_line' id='line_1_121' title="bbox 1951 5678 3537 5749; baseline 0 -18"><span class='ocrx_word' id='word_1_913' title='bbox 1951 5681 2165 5749; x_wconf 81' lang='lat' dir='ltr'><strong>salvati_</strong></span> <span class='ocrx_word' id='word_1_914' title='bbox 2193 5680 2324 5740; x_wconf 88' lang='lat' dir='ltr'><strong>sint,</strong></span> <span class='ocrx_word' id='word_1_915' title='bbox 2359 5679 2425 5730; x_wconf 87' lang='lat' dir='ltr'><strong>ad</strong></span> <span class='ocrx_word' id='word_1_916' title='bbox 2477 5681 2648 5730; x_wconf 83' lang='lat' dir='ltr'><strong>instar</strong></span> <span class='ocrx_word' id='word_1_917' title='bbox 2691 5681 2963 5749; x_wconf 86' lang='lat' dir='ltr'><strong>pontilicis</strong></span> <span class='ocrx_word' id='word_1_918' title='bbox 3005 5679 3378 5749; x_wconf 84' lang='grc' dir='ltr'>λευχείμονες,</span> <span class='ocrx_word' id='word_1_919' title='bbox 3413 5678 3537 5746; x_wconf 82' lang='lat' dir='ltr'><strong>lego</strong></span> 
     </span>
    </p>
   </div>
   <div class='ocr_carea' id='block_1_121' title="bbox 1951 5747 3276 5820">
    <p class='ocr_par' dir='ltr' id='par_1_121' title="bbox 1951 5747 3276 5820">
     <span class='ocr_line' id='line_1_122' title="bbox 1951 5747 3276 5820; baseline 0.003 -20"><span class='ocrx_word' id='word_1_920' title='bbox 1951 5747 2320 5820; x_wconf 72' lang='grc' dir='ltr'>ἐρρωμένους,</span> <span class='ocrx_word' id='word_1_921' title='bbox 2353 5763 2384 5820; x_wconf 82' lang='lat' dir='ltr'><strong>e</strong></span> <span class='ocrx_word' id='word_1_922' title='bbox 2415 5749 2787 5820; x_wconf 78' lang='lat' dir='ltr'><strong>superioribus</strong></span> <span class='ocrx_word' id='word_1_923' title='bbox 2813 5760 2865 5802; x_wconf 87' lang='lat' dir='ltr'><strong>et</strong></span> <span class='ocrx_word' id='word_1_924' title='bbox 2899 5747 3158 5820; x_wconf 72' lang='grc' dir='ltr'>ιῦσπερεί.</span> <span class='ocrx_word' id='word_1_925' title='bbox 3182 5747 3276 5820; x_wconf 53' lang='lat' dir='ltr'><strong>ut.</strong></span> 
     </span>
    </p>
   </div>
   <div class='ocr_carea' id='block_1_122' title="bbox 2027 5816 3208 5890">
    <p class='ocr_par' dir='ltr' id='par_1_122' title="bbox 2027 5816 3208 5890">
     <span class='ocr_line' id='line_1_123' title="bbox 2027 5816 3208 5890; baseline 0.001 -18"><span class='ocrx_word' id='word_1_926' title='bbox 2027 5816 2134 5890; x_wconf 61' lang='lat' dir='ltr'><strong>(at)</strong></span> <span class='ocrx_word' id='word_1_927' title='bbox 2166 5819 2332 5886; x_wconf 79' lang='lat' dir='ltr'><strong>Vulgo</strong></span> <span class='ocrx_word' id='word_1_928' title='bbox 2359 5816 2684 5886; x_wconf 82' lang='grc' dir='ltr'>ὲρουμένους</span> <span class='ocrx_word' id='word_1_929' title='bbox 2709 5831 2763 5873; x_wconf 87' lang='lat' dir='ltr'><strong>et</strong></span> <span class='ocrx_word' id='word_1_930' title='bbox 2796 5835 2916 5873; x_wconf 71' lang='lat' dir='ltr'><strong>mox</strong></span> <span class='ocrx_word' id='word_1_931' title='bbox 2956 5819 3029 5882; x_wconf 83' lang='grc' dir='ltr'>ὠς</span> <span class='ocrx_word' id='word_1_932' title='bbox 3060 5816 3208 5890; x_wconf 73' lang='grc' dir='ltr'>περί.</span> 
     </span>
    </p>
   </div>
   <div class='ocr_carea' id='block_1_123' title="bbox 3183 5979 3262 6037">
    <p class='ocr_par' dir='ltr' id='par_1_123' title="bbox 3183 5979 3262 6037">
     <span class='ocr_line' id='line_1_124' title="bbox 3183 5979 3262 6037; baseline 0 0"><span class='ocrx_word' id='word_1_933' title='bbox 3183 5979 3262 6037; x_wconf 80' lang='grc'><strong>33</strong></span> 
     </span>
    </p>
   </div>
  </div>
