4082 6398
347 350 484 405 1037

1256 348 1349 407 DE
1386 344 1925 409 ECCLESIASTICA
1964 330 2363 410 THEOLOGIA
2407 342 2541 408 LIB:
2578 327 2667 407 tu;

3444 342 3585 398 1058

341 467 523 539 ἅρχων
570 466 662 519 καὶ
709 465 910 538 ποιμὴν
957 467 1283 539 γενήσεσθαι
1332 472 1361 523 ὀ
1408 471 1611 525 Δαϐίδο
1665 475 1919 526 ἐπικεκα-

2024 481 2167 538 Daiei
2200 475 2341 541 Quod
2369 474 2533 527 David
2563 478 2721 527 artate
2746 467 2901 537 longe
2930 464 3281 521 antecedebat
3307 463 3422 517 haec
3452 473 3590 517 tem—

338 556 630 628 λυμμένως
661 559 897 613 ἐνταῦθα
922 560 1015 612 τοῦ
1040 561 1203 613 Δαὸὶδ
1236 562 1327 614 τὸν
1350 563 1584 635 Χριστὸν
1610 564 1915 633 αἰνιττομέο

334 665 434 703 νου
459 649 547 703 διὰ
586 650 645 704 τὸ
682 653 746 703 ὲκ
782 652 1095 723 σπέρματος
1116 653 1280 706 αὐτοῦ
1319 656 1618 723 γεγονέναι.
1664 656 1832 709 Τοῦτο
1857 656 1915 709 δὲ

336 740 500 810 δῆλον
541 744 605 794 ὲκ
648 741 742 794 τοῦ
798 743 1218 815 προτεθνηκέναι
1255 745 1347 799 τὸν
1386 748 1547 801 Δαϐὶδ
1580 746 1673 801 τοῦ
1701 749 1914 820 χρόνου,

341 832 465 884 καθ’
497 833 554 886 ὃν
581 834 731 887 ταῦτ’
754 835 988 903 ἐλέγετο.
1037 838 1377 909 Σαφέστερον
1405 838 1459 891 δὲ
1487 839 1660 893 ταῦτα
1685 842 1778 894 καὶ
1810 843 1916 894 Δα-

339 924 460 994 νιὴλ
506 927 535 977 6
575 928 857 999 προφήτης
892 928 1172 993 θεσπίζει,
1218 928 1309 982 τὸν
1350 932 1584 1001 Χριστὸν
1627 932 1721 985 τοῦ
1757 932 1916 998 Θεοῦ,

350 1013 487 1066 Υἱὸν
513 1014 825 1082 ἀνθρώπου
852 1016 1130 1086 ὀνομάζων
1157 1018 1365 1081 λευκῶς
1386 1057 1400 1081 ,
1429 1018 1601 1083 οὕτως
1631 1016 1723 1074 οῦν
1757 1021 1852 1074 καὶ
1883 1022 1917 1091 ἡ

337 1105 448 1159 τῶν
478 1106 636 1176 ἱερῶν
651 1102 995 1176 Εύαγγελίων
1017 1108 1203 1161 εἴωθεν
1224 1108 1381 1162 αὑτὸν
1401 1111 1691 1165 ἀποκαλεῖν
1712 1113 1917 1184 γραφή.

338 1197 504 1264 Λέγει
528 1198 584 1251 δὲ
610 1198 795 1252 τοῦτον
827 1194 916 1253 τὸν
945 1200 1141 1270 τρόπον
1161 1218 1174 1230 υ
1223 1200 1545 1270 Ἐθεώρουν
1574 1203 1643 1256 ἐν
1675 1202 1920 1272 ὁράματι

334 1284 451 1358 τῆς
473 1290 691 1355 νυκτὸς
712 1335 724 1352 ,
767 1291 861 1344 καὶ
888 1289 1015 1343 ἰδοὺ
1045 1290 1192 1358 μετὰ
1215 1292 1333 1345 τῶν·
1360 1293 1631 1361 νεφελῶν
1662 1293 1769 1346 τοῦ
1814 1296 1919 1346 οὺ-

336 1383 546 1449 ρανοῦ,
577 1384 657 1449 ὡς
695 1384 823 1449 Υἱὸς
851 1382 1163 1451 ἀνθρώπου
1198 1384 1519 1454 ἐρχόμενος
1542 1380 1622 1455 ἦν
1642 1402 1657 1415 ’
1692 1384 1789 1439 καὶ
1810 1385 1920 1451 ἕως

338 1471 449 1524 τοῦ
504 1471 770 1524 multum)
836 1470 955 1523 τῶν
1001 1471 1235 1540 ἡμερῶν
1293 1472 1522 1541 ἔφθασε
1584 1472 1683 1525 καὶ
1732 1486 1919 1541 προσ-

338 1560 567 1630 ηνέχθη
591 1601 605 1623 ,
640 1562 739 1615 καὶ
762 1562 923 1628 αὐτῷ
946 1562 1125 1630 ἐδόθη
1156 1562 1195 1631 ἡ
1229 1563 1407 1633 ἀρχὴ,
1438 1564 1537 1617 καὶ
1564 1565 1604 1633 ἡ
1630 1564 1793 1633 τιμὴ,
1822 1563 1922 1618 καὶ

333 1651 382 1719 ’ὴ
410 1652 702 1717 ,βασιλεία
726 1671 738 1683 ·
771 1654 869 1706 καὶ
903 1652 1125 1719 πάντες
1149 1658 1200 1708 οἱ
1225 1655 1383 1718 λαοὶ,
1409 1655 1619 1723 φυλαὶ,
1650 1654 1923 1724 γλῶσσαι

340 1743 502 1809 αὐτῷ
532 1742 996 1803 δουλεύσουσιν.
1042 1744 1113 1798 Ἠ
1150 1745 1401 1809 ἐξουσία
1444 1745 1631 1800 αὐτοῦ
1669 1745 1923 1811 ἐξουσία

2019 577 2167 629 pora.
2192 564 2402 617 Clarius
2428 564 2543 617 haec
2569 564 2682 631 ipsa
2710 560 3041 613 vaticinatur
3071 555 3277 614 Daniel.
3301 554 3390 609 ubi
3422 552 3586 606 Chri-

2017 665 2158 706 stum
2181 654 2414 723 appellat
2448 652 2645 706 Filium
2676 651 2917 714 hominis,
2957 662 3063 717 quo
3091 647 3305 702 nomine
3334 644 3589 711 frequen-

2017 757 2100 800 ter
2127 746 2178 799 in
2208 745 2511 814 Evangeliis
2542 753 2854 813 usurpatur.
2888 742 2977 795 Ait
3001 748 3180 795 autem
3214 753 3229 791 :
3257 736 3585 805 Aspiciebam
3646 748 3657 787 ἑ

2015 838 2072 890 in
2102 838 2294 893 visione
2327 838 2514 901 noctis,
2550 847 2596 889 et
2622 852 2739 890 ecce
2758 850 2875 889 cum
2900 832 3119 886 nubibus
3148 829 3260 883 caeli
3301 829 3452 897 quasi
3494 824 3587 878 Fi—
3662 822 3675 837 ⁴

2017 931 2119 983 lius
2152 931 2373 984 hominis
2406 929 2673 993 ueniebat;
2697 939 2744 981 et
2775 942 2936 996 usque
2964 923 3032 977 ad
3070 923 3350 991 Antiquam
3381 921 3587 972 dierum

2018 1024 2244 1091 pervenit
2266 1037 2286 1085 ;
2308 1031 2353 1075 et
2381 1023 2433 1073 in
2459 1030 2733 1087 conspectu
2759 1018 2872 1086 ejus
2914 1016 3209 1069 obtulerunt
3235 1027 3384 1076 eum;
3423 1021 3469 1063 et
3496 1011 3588 1061 de-

2018 1110 2096 1161 dit
2140 1110 2188 1163 ei
2241 1118 2564 1177 potestatem,
2600 1116 2648 1160 et
2676 1107 2925 1158 honorem
2970 1114 3017 1157 et
3066 1118 3300 1170 regnum.
3333 1109 3382 1152 et
3411 1112 3585 1151 omnes

2018 1200 2214 1268 populi,
2260 1200 2430 1252 tribus
2463 1209 2509 1251 et
2551 1198 2742 1267 lingua:
2773 1196 2871 1265 ipsi
2897 1195 3137 1249 servient.
3174 1190 3414 1245 Potestas
3448 1187 3583 1256 ejus,

2019 1302 2246 1359 potestas
2275 1302 2490 1353 (eterna,
2523 1307 2641 1360 qum
2671 1306 2776 1342 non
2801 1289 3090 1356 auferetur,
3133 1295 3181 1338 et
3214 1299 3427 1355 regnum
3469 1280 3587 1351 ejus

2019 1385 2160 1453 quod
2189 1398 2291 1435 non
2325 1390 2683 1448 corrumpetur
2698 1380 2766 1433 ιθ.
2806 1377 2964 1432 Vides
2999 1385 3056 1431 ut
3082 1377 3133 1429 in
3167 1375 3282 1429 istis
3338 1376 3586 1428 incorru-

2021 1474 2205 1544 ptibile
2227 1488 2333 1528 non
2356 1486 2662 1535 senescens,
2687 1471 2802 1525 sine
2831 1469 2937 1523 ﬁne
2960 1468 3195 1522 futurum
3216 1466 3332 1535 ejus
3361 1480 3584 1534 regnum

2022 1567 2280 1636 propheta
2337 1566 2574 1619 declaret
2620 1582 2635 1617 :
2686 1577 2791 1616 non
2833 1561 3049 1630 quidem
3089 1559 3249 1615 Verbi
3300 1558 3395 1612 Dei
3444 1557 3587 1611 illius

2022 1657 2163 1727 quod
2194 1658 2246 1711 in
2274 1656 2379 1709 Deo
2401 1656 2564 1721 inest,
2591 1654 2684 1709 sed
2713 1652 2842 1706 Filii
2868 1653 3111 1706 hominis.
3142 1651 3308 1717 Quem
3339 1650 3589 1703 eumdem

2027 1749 2261 1803 hominis
2287 1746 2482 1801 Filium
2534 1746 2697 1800 alium
2748 1752 2805 1800 et
2839 1744 3110 1800 diversum
3160 1756 3278 1797 esse
3317 1742 3472 1796 docet
3520 1741 3590 1793 ab

340 1834 597 1900 αἰώνιος,
641 1835 775 1901 ἣτις
816 1836 889 1889 οὐ
921 1837 1389 1904 παρελεύσεται·
1436 1837 1535 1890 καὶ
1563 1838 1602 1906 ἡ
1635 1838 1919 1903 βασιλεία

2022 1840 2256 1909 Antiquo
2301 1841 2533 1907 dierum,
2580 1839 2671 1908 qui
2720 1853 2946 1909 regnum
2989 1836 3187 1906 accipit
3230 1845 3488 1891 aeternum
3522 1832 3592 1886 ab

341 1925 526 1979 αὑτοῦ
551 1927 621 1979 οὺ
646 1924 1115 1994 διαφθαρήσεται
1135 1916 1163 1981 .’
1201 1926 1439 1998 Συνορᾶς
1470 1927 1547 1990 ὡς
1584 1928 1679 1981 καὶ
1705 1929 1761 1980 tv
1799 1928 1921 1982 τού-

338 2030 453 2076 τοις
481 2012 755 2085 ἄφθαρτον
803 2015 899 2068 καὶ
941 2017 1132 2087 ἀγήρω
1178 2017 1273 2070 καὶ
1318 2016 1674 2089 ἀτελεύτητον
1717 2019 1778 2071 οὐ
1824 2021 1918 2073 τοῦ

342 2104 516 2172 Λόγου
560 2106 654 2158 τοῦ
688 2107 745 2158 tv
779 2104 854 2176 τῷ
884 2104 1003 2177 Θεῷ
1034 2104 1130 2177 τὴν
1176 2106 1451 2176 βασιλείαν
1492 2106 1743 2173 ἔσεσθαι,
1780 2108 1919 2168 ,ἀλλὰ

340 2195 436 2248 ταῦ
462 2195 593 2249 Υίοῦ
643 2196 737 2249 τοῦ
788 2196 1097 2267 ἀνθρώπου,
1153 2198 1476 2268 παρίστησιν
1523 2200 1552 2251 6
1600 2200 1913 2271 προφήτης·

340 2287 528 2360 ἔτερόν
555 2306 614 2342 τε
647 2289 797 2360 παρὰ
823 2288 914 2343 τὸν
945 2289 1178 2344 Παλαιὸν
1217 2290 1325 2343 τῶν
1364 2291 1586 2362 ἡμερῶν
1626 2292 1811 2362 σαφῶς
1842 2294 1919 2346 δι-

334 2379 529 2431 δάσκει
554 2380 645 2432 τὸν
666 2380 794 2434 Υἱὸν
826 2376 965 2435 εἶναι
991 2380 1084 2433 τοῦ
1117 2379 1404 2451 ἀνθρώπου
1445 2381 1537 2435 τὸν
1578 2382 1676 2454 τὴν
1705 2382 1918 2456 ἄφθαρ-

340 2488 432 2523 τον
468 2470 743 2541 βασιλείαν
777 2470 930 2545 παρὰ
953 2468 1048 2526 τοῦ
1072 2472 1309 2526 Παλαιοῦ
1335 2472 1444 2527 τῶν
1469 2476 1689 2545 ἡμερῶν
1718 2476 1918 2549 δηλαδὴ

342 2560 496 2633 παρὰ
532 2562 625 2615 τοῦ
665 2558 829 2616 αὺτοῦ
862 2558 1072 2636 Πατρὸς
1112 2564 1528 2634 ὑποδεξάμενον.
1580 2566 1739 2620 ’Λλλὰ
1765 2569 1920 2639 Μάρ-

334 2652 531 2716 κελλος
561 2653 655 2706 ἕνα
690 2654 782 2707 καὶ
825 2654 915 2707 τὸν
957 2654 1121 2709 αὐτὸν
1164 2652 1303 2710 εἷναι
1349 2658 1589 2728 ὁρίζεται
1636 2659 1731 2712 καὶ
1789 2659 1918 2728 μίαν

342 2741 639 2797 ὑπόστασιν
696 2744 849 2798 δυσὶν
908 2746 1168 2817 ὀνόμασιν
1216 2747 1613 2819 ὑιλτοκειμένην⁸
1674 2748 1754 2802 ἔτι
1814 2750 1920 2820 μὴν

343 2832 439 2886 καὶ
469 2832 567 2904 τὴν
605 2833 880 2903 βασιλείαν
920 2837 1082 2890 αὐτοῦ
1116 2839 1478 2909 περιγράφειν
1507 2839 1679 2910 τολμᾷ
1711 2840 1803 2893 καλ⁵
1830 2840 1917 2892 τέ-

334 2920 434 3009 Ιλος
470 2925 688 2981 ἔσεσθαι
731 2927 830 2999 τῆς
868 2926 1104 3000 Χριστοῦ
1152 2930 1428 3001 βασιλείας
1471 2930 1703 2996 ἀναιδῶς
1750 2931 1921 2995 οὕτως

343 3018 711 3088 ἀποφαίνεται.
746 3021 882 3091 μετὰ
924 3022 1015 3074 τὸν
1065 3020 1165 3092 τῆς
1215 3024 1449 3095 κρίσεως
1481 3023 1693 3096 καιρὸν,
1728 3024 1921 3078 τοῦτον

334 3094 571 3186 ξγράφων
632 3111 722 3163 τὸν
764 3112 1000 3183 τρόπον·
1048 3132 1066 3164 ι
1117 3094 1390 3180 Μέγιστον
1447 3094 1589 3183 ἡμῖν
1625 3116 1920 3186 μυστήριον

333 3180 368 3271 :1
400 3198 630 3252 ἐνταῦθα
654 3202 683 3253 6
724 3180 1041 3265 ’Λπὸστολος
1070 3203 1439 3256 ἀνακαλύπτει
1459 3180 1596 3271 (35),
1616 3180 1769 3267 τέλος
1790 3180 1919 3258 ⁷έεσε-

333 3276 370 3358 is
407 3289 529 3342 σθαι
590 3291 813 3358 φάσκων
861 3292 959 3361 τῆς
1002 3292 1239 3362 Χριστοῦ
1293 3292 1603 3362 βασιλείας.
1658 3293 1809 3357 τέλος
1864 3295 1923 3348 δὲ

346 3399 368 3433 s
403 3380 560 3444 τότε,
604 3380 748 3434 ὅταν
791 3379 986 3434 πάντα
1037 3382 1311 3451 ὑποταγῇ
1361 3382 1481 3436 ὑπὸ
1534 3382 1677 3448 τσὺς
1732 3381 1921 3447 πόδας

347 3489 368 3523 ι
409 3471 615 3525 αὐτοῦ.
641 3491 660 3525 ι
699 3472 809 3526 Καὶ
859 3472 1284 3544 ὲπεξεργάξεται
1325 3473 1438 3543 (54)
1485 3474 1576 3526 τὸν
1618 3473 1775 3542 λόγον
1818 3466 1922 3525 ὧδέ

342 3576 421 3630 πη
478 3562 684 3629 λέγων’
742 3582 761 3615 ι
790 3564 1040 3633 Ἔφαμεν
1099 3564 1157 3618 tv
1210 3567 1321 3628 τοῖς
1381 3564 1709 3636 προάγουσιν
1763 3563 1923 3636 ἡμῶν

346 3671 367 3704 ‹
409 3654 613 3724 ῥητοῖς,
670 3653 760 3707 τὸν
812 3655 1086 3725 Δεσπότην
1134 3654 1290 3726 ἡμῶν
1337 3656 1428 3710 τὸν
1473 3657 1705 3728 Χριστὸν
1748 3656 1922 3727 ἀρχὴν

346 3762 369 3794 ‹
408 3744 698 3815 ἐσχηκέναι
736 3743 1030 3814 βασιλείας,
1078 3748 1142 3799 ὲκ
1180 3747 1287 3800 τῶν
1330 3746 1487 3801 θείων
1522 3748 1752 3819 Γραφῶν
1781 3751 1919 3803 ἀπο-

349 3854 369 3886 (
406 3834 601 3902 δείξεσι
627 3834 922 3906 χρώμενοι.
965 3837 1076 3888 Καὶ
1111 3836 1375 3906 ἐπιλέγει,
1420 3838 1516 3892 καὶ
1546 3838 1681 3903 ὅλως
1710 3840 1924 3911 μυρίων

348 3943 367 3977 ι
406 3926 585 3997 ῥητῶν
616 3922 752 3996 πρὸς
784 3925 1085 3996 μαρτυρίαν
1130 3927 1277 3979 ἐστὶν
1323 3928 1697 3999 εὐπορήσαντα
1728 3930 1922 3997 δεῖξαι,

347 4037 368 4070 ι
402 4019 483 4071 ὅτι
510 4018 683 4091 ἀρχὴν
715 4017 824 4088 (55)
862 4017 1133 4088 βασιλείας
1172 4018 1393 4090 εἴληφεν
1441 4020 1470 4070 6
1511 4020 1795 4091 ἅνθρωπος
1832 4022 1920 4075 διὰ

347 4130 367 4163 ι
406 4111 498 4165 τοῦ
527 4112 723 4179 Λόγου.
772 4112 834 4163 Εἰ
876 4108 969 4163 οὖν
1018 4109 1239 4182 εἴληφεν
1285 4112 1457 4183 ἀρχὴν
1505 4113 1778 4182 βασιλείας
1815 4116 1922 4186 πρὸ

346 4216 367 4249 ι
405 4198 542 4252 ἐτῶν
564 4198 698 4251 ὅλων
726 4199 785 4250 οὐ
812 4198 1073 4251 πλειόνων
1097 4200 1130 4269 ἢ
1160 4203 1547 4271 τετρακοσίων,
1569 4204 1719 4256 οὐδὲν
1749 4206 1923 4275 παρά-

347 4308 367 4340 (
401 4287 569 4353 δοξον,
592 4292 639 4342 εἰ
659 4291 750 4343 τὸν
766 4292 872 4362 πρὸ
893 4291 1065 4355 οὕτως
1087 4288 1269 4359 ὀλίγου
1290 4293 1480 4363 χρόνου
1507 4293 1603 4363 τῆς
1647 4294 1920 4363 βασιλείας

344 4402 367 4436 ε
398 4384 601 4455 ταύτης
628 4386 856 4455 τυχόντα
886 4385 1243 4449 ὁἈπόστολός
1270 4404 1404 4458 φησι
1442 4386 1782 4457 παραδώσειν
1822 4388 1919 4459 τὴν

2021 1933 2260 2002 Antiquo
2280 1932 2510 1996 dierum,
2540 1932 2641 1986 hoc
2663 1939 2746 1986 est
2776 1933 2843 1985 ab
2868 1931 3036 2001 ipsius
3064 1930 3224 1983 Patre
3252 1943 3267 1981 :
3296 1924 3387 1980 sed
3428 1924 3595 1978 hosce

2021 2037 2184 2074 unum
2238 2031 2294 2075 et
2345 2027 2592 2075 eumdem
2647 2035 2769 2076 esse
2806 2019 3091 2075 Marcellus
3126 2019 3300 2082 docet,
3322 2028 3594 2081 unamque

2018 2113 2374 2169 substantiam
2408 2111 2617 2167 duobus
2666 2111 2975 2166 nominibus
3012 2109 3342 2179 insignitam.
3387 2104 3492 2159 Sed
3535 2113 3594 2158 et

2020 2218 2246 2274 regnum
2280 2204 2448 2271 ipsius
2477 2201 2904 2270 circumscripsit
2941 2201 3151 2255 audax:
3176 2207 3233 2253 et
3269 2197 3411 2265 quod
3443 2195 3593 2263 regni

2018 2295 2218 2350 Christi
2274 2295 2399 2349 ﬁnis
2439 2296 2512 2349 sit
2552 2294 2763 2348 futurus
2800 2301 2922 2361 post
2946 2291 3139 2362 judicii
3180 2300 3440 2358 tempora.
3474 2287 3592 2341 sine

2018 2387 2161 2441 omni
2181 2387 2524 2451 verecundia,
2550 2384 2622 2439 ita
2654 2384 2843 2440 scribit
2872 2399 2887 2435 :
2926 2402 2945 2435 ι
2982 2382 3272 2437 Maximum
3296 2378 3450 2435 nobis
3476 2391 3590 2447 my-

2024 2496 2044 2530 c
2082 2478 2304 2533 sterium
2337 2479 2425 2532 hic
2454 2476 2657 2531 revelat
2682 2474 2996 2546 Apostolus,
3033 2489 3157 2529 cum
3191 2473 3333 2542 quod
3366 2484 3593 2541 regnum

2024 2586 2045 2620 ι
2078 2570 2277 2625 Christi
2308 2570 2379 2625 sit
2416 2569 2748 2633 habiturum,
2784 2569 2945 2621 ﬁnem
2997 2565 3215 2629 indicet,
3265 2564 3425 2617 ﬁnem
3462 2574 3592 2614 vero

2025 2680 2045 2713 ι
2082 2669 2216 2722 tum.
2280 2676 2396 2714 cum
2460 2660 2693 2729 subjecta
2745 2657 2943 2726 fuerint
3001 2655 3175 2711 omnia
3226 2653 3324 2705 sub
3376 2649 3591 2719 pedibus

2026 2772 2046 2805 ι
2080 2754 2193 2824 ejus
2206 2753 2269 2806 '°.
2312 2772 2331 2806 ι
2369 2752 2540 2818 Quem
2572 2764 2876 2805 sermonem
2906 2748 2974 2803 ad
2997 2749 3143 2803 hunc
3167 2745 3382 2802 modum
3413 2742 3594 2798 adhuc

2020 2852 2313 2914 exaggerat
2344 2862 2356 2898 ι
2400 2859 2421 2894 ι
2460 2842 2701 2896 Diximus
2741 2842 2794 2894 in
2826 2838 3271 2908 praecedentibus,
3306 2834 3591 2889 Dominum

2025 2953 2045 2988 ι
2078 2946 2323 2990 nostrum
2352 2934 2623 2989 Christum
2650 2932 2799 3002 regni
2828 2932 2911 2986 sui
2940 2930 3149 2985 initium
3178 2927 3429 2983 habuisse
3461 2941 3478 2980 :
3508 2923 3593 2977 usi

2026 3040 2047 3074 ι
2082 3036 2267 3077 sumus
2313 3022 2381 3076 ad
2429 3022 2533 3076 hoc
2583 3021 2757 3090 ipsum
2824 3018 3210 3075 declarandum
3275 3016 3595 3071 testimoniis

2026 3129 2046 3163 ι
2084 3111 2714 3181 8οτίριιιτετυηι.»ΛιΙόὶι
2732 3128 2746 3164 :
2763 3128 2791 3162 -ι
2815 3109 2974 3166 Certe
2992 3116 3282 3179 suppetunt
3312 3109 3597 3161 innumera

2029 3221 2050 3255 ι
2087 3204 2264 3271 nobis,
2321 3213 2375 3259 et
2430 3204 2647 3272 quidem
2695 3202 3054 3266 abundanter,
3090 3199 3395 3255 testimonia
3451 3200 3597 3266 quod

2028 3312 2049 3347 ι
2083 3297 2307 3350 sortitus
2332 3294 2403 3348 sit
2444 3294 2596 3364 regni
2630 3294 2710 3347 sui
2745 3293 3063 3362 principium
3112 3292 3272 3345 homo
3312 3302 3410 3356 per
3456 3287 3595 3341 Ver-

2027 3402 2047 3433 ι
2084 3384 2229 3437 bum.
2260 3388 2326 3446 ’›Ῑ‹
2359 3382 2418 3436 Si
2448 3398 2578 3437 vero
2607 3381 2835 3451 sumpsit
2873 3384 2978 3435 hoc
3019 3378 3232 3433 initium
3263 3386 3387 3432 ante
3421 3390 3594 3430 annos

2026 3491 2046 3526 ι
2085 3490 2187 3528 non
2207 3474 2388 3543 plures
2407 3489 2569 3542 quam
2591 3486 2737 3537 cccc,
2767 3472 2895 3542 quid
2916 3472 3109 3525 mirum
3129 3471 3173 3525 si
3196 3467 3484 3538 Apostolus
3500 3482 3592 3522 re-

2025 3585 2047 3621 ι
2082 3567 2286 3630 tulerit,
2318 3566 2463 3619 illum
2492 3566 2583 3636 qui
2620 3576 2745 3619 ante
2772 3576 2984 3632 tempus
3009 3577 3113 3617 non
3146 3572 3253 3616 tam
3279 3562 3593 3616 diuturnum

2027 3679 2045 3711 ι
2083 3659 2288 3729 accepit
2326 3672 2549 3729 regnum
2595 3672 2773 3721 suum,
2819 3657 2958 3711 idem
2994 3668 3216 3724 regnum
3268 3652 3589 3706 traditurum

2026 3770 2045 3803 ι
2079 3751 2223 3805 Patri
2243 3750 2402 3804 suo?»
2424 3751 2549 3805 Post
2566 3747 2831 3819 paucasic
2857 3746 3053 3801 infert:
3080 3744 3246 3811 «Quid
3264 3758 3392 3810 ergo
3410 3744 3476 3797 de
3499 3744 3594 3796 hu-

2026 3861 2046 3894 ι
2082 3857 2237 3896 mana
2269 3842 2354 3895 illa
2389 3856 2554 3896 carne
2585 3842 2895 3901 edocemur.
2929 3853 3091 3907 quam
3133 3849 3230 3906 pro
3272 3834 3426 3888 nobis
3465 3843 3593 3887 ante

2024 3954 2045 3987 I
2081 3950 2249 3989 annos
2274 3935 2361 3987 vix
2386 3948 2511 3989 cccc
2539 3934 2775 4001 integros
2799 3931 3086 3999 assumpsit
3111 3929 3383 3983 Verbum?
3409 3934 3592 3981 utrum

2027 4043 2046 4076 ι
2086 4036 2422 4080 retenturum
2453 4027 2525 4079 sit
2557 4024 2791 4079 Verbum
2831 4023 3073 4077 eamdem
3132 4023 3184 4075 in
3213 4020 3394 4075 futuro
3422 4033 3591 4073 szecu-

2026 4135 2044 4167 ι
2088 4117 2159 4182 ιο,
2214 4132 2280 4170 an
2315 4116 2649 4170 solummodo
2690 4117 2757 4168 ad
2799 4113 2986 4182 judicii
3038 4121 3265 4179 tempus.
3308 4129 3328 4162 ι
3371 4110 3438 4164 Ει
3478 4111 3591 4164 haec

2021 4209 2237 4278 quidem
2270 4223 2435 4262 ausus
2452 4219 2534 4262 est
2562 4205 2843 4261 Marcellus
2870 4204 3043 4259 eﬂ‘ari.
3069 4205 3139 4257 At
3169 4204 3258 4257 Dei
3292 4202 3588 4271 prophetae,

2022 4314 2246 4368 regnum
2273 4298 2473 4353 Christi
2500 4298 2735 4351 futurum
2768 4293 3167 4349 interminabile
3200 4291 3464 4344 deﬁniunt
3491 4306 3506 4344 :
3535 4302 3592 4343 et

2023 4407 2051 4444 a
2082 4404 2221 4443 novo
2260 4389 2523 4457 principio
2567 4388 2977 4450 exordiendum,
3033 4394 3152 4453 post
3202 4384 3344 4436 diem
3401 4383 3589 4450 judicii

344 4495 366 4527 ι
397 4476 668 4546 βασιλείαν
681 4477 758 4547 τῷ
772 4477 906 4548 Θεῷ.
923 4498 940 4527 ›
954 4478 1063 4530 Καὶ
1083 4477 1402 4548 προστίθησι
1422 4478 1537 4546 μεθ’
1552 4478 1637 4530 tce
1647 4496 1712 4548 ρα
1727 4480 1917 4545 λέγων’

2024 4486 2127 4537 hoc
2154 4482 2441 4536 alIirmant.
2466 4480 2601 4534 Nota
2629 4483 2772 4534 enim
2809 4480 2939 4533 mihi
2974 4489 3032 4531 ut
3056 4479 3313 4547 prepheta
3342 4475 3592 4529 Ezechiel

346 4586 368 4618 ι
405 4568 469 4620 Τί
498 4569 675 4621 τοίνυν
709 4568 820 4637 (56)
858 4568 1197 4638 μανθάνομεν
1255 4570 1383 4639 περὶ
1426 4568 1523 4637 τῆς
1574 4568 1921 4641 ἀνθρωπίνης

346 4678 367 4710 ι
405 4659 625 4730 σαρκὸς,
652 4659 716 4729 ἢν
747 4660 813 4713 δι’
846 4662 991 4731 ἡμᾶς
1021 4660 1239 4730 εἴληφεν
1262 4663 1290 4713 6
1313 4660 1500 4727 Λόγος,
1537 4659 1641 4729 πρὸ
1664 4678 1923 4731 τετρακο-

347 4770 366 4801 ‹
404 4752 532 4804 σίων
570 4752 667 4821 οὐχ
699 4752 835 4805 ὅλων
870 4751 1041 4814 ὲτῶν;
1078 4752 1313 4823 Πότερόν
1353 4768 1484 4805 ποτε
1516 4754 1719 4824 ταύτην
1748 4754 1840 4807 καὶ
1864 4756 1922 4807 ὲν

347 4863 367 4895 ι
397 4846 509 4907 τοῖς
539 4841 819 4914 μέλλουσιν
873 4843 1061 4896 αἰῶσιν
1091 4846 1119 4896 ὁ
1146 4845 1316 4912 Λόγος
1349 4844 1493 4910 ἕξεις
1537 4845 1570 4915 ἥ
1600 4845 1726 4918 ἄχρι
1762 4847 1922 4916 μόνου

346 4954 367 4986 ι
401 4936 494 4988 τοῦ
524 4936 623 5005 τῆς
650 4936 883 5007 κρίσεως
916 4936 1107 5006 καιροῦ
1130 4952 1144 4998 ;
1171 4956 1190 4986 ι
1229 4935 1545 5005 Μάρκελλος
1571 4936 1669 5006 μὲν
1691 4932 1782 4989 οὖν
1809 4955 1919 4990 τοι·

341 5026 481 5079 αῦτα
525 5026 704 5095 λέγειν
750 5027 986 5097 ἐτόλμα·
1035 5028 1084 5079 οἱ
1119 5026 1176 5079 δέ
1220 5042 1284 5092 γε
1321 5026 1415 5078 τοῦ
1461 5026 1594 5079 Θεοῦ
1642 5028 1919 5097 προφῆται

341 5116 699 5188 ἀτελεύτητον
745 5118 836 5171 τοῦ
868 5117 1102 5189 Χριστοῦ
1151 5116 1249 5187 τὴν
1297 5116 1572 5186 βασιλείαν
1617 5119 1919 5189 ὁριζόμενοι

347 5209 485 5280 μετὰ
539 5209 628 5262 τὸν
671 5210 769 5281 τῆς
808 5212 1040 5281 κρίσεως
1077 5210 1266 5280 καιρὸν
1306 5209 1398 5262 τοῦ
1448 5209 1567 5262 νέου
1599 5211 1792 5271 αἰῶνος
1822 5212 1920 5282 τὴν

343 5301 518 5371 ἀρχὴν
550 5298 662 5369 (57)
693 5300 940 5364 καθέξειν
966 5300 1127 5355 αὐτόν
1154 5317 1304 5370 φασι.
1340 5300 1449 5352 Θέα
1478 5301 1587 5371 γάρ
1618 5303 1646 5353 6
1676 5301 1752 5363 ὡς
1781 5320 1917 5372 προ-

2023 4574 2310 4627 discrimen
2361 4580 2624 4640 supponat
2662 4572 2840 4625 ovium
2893 4569 2982 4625 Dei
3014 4606 3031 4631 ,
3075 4577 3131 4623 et
3182 4577 3301 4636 post
3331 4567 3589 4635 judicium

2026 4665 2189 4718 David
2222 4666 2287 4718 iis
2320 4677 2591 4732 pastorem
2616 4664 2893 4731 praeﬁciat,
2935 4676 3095 4730 quem
3121 4671 3171 4714 et
3204 4661 3500 4729 principem
3530 4657 3593 4709 il-

2024 4758 2196 4810 lorum
2232 4756 2467 4809 futurum
2512 4756 2857 4810 vaticinatur.
2894 4752 3077 4807 Daniel
3119 4762 3297 4806 autem
3326 4752 3413 4804 ubi
3451 4761 3587 4817 ιιι-τε-

2025 4851 2249 4903 miserat
2278 4868 2291 4902 :
2324 4848 2660 4901 Consideravi
2696 4857 2870 4901 autem
2914 4848 3077 4899 donec
3104 4847 3276 4898 throni
3298 4854 3590 4897 statueren-

2023 4948 2135 5002 tur,
2193 4948 2243 4993 et
2284 4938 2538 5003 Antiquus
2586 4938 2791 4990 dierum
2826 4938 2960 4989 sedit
3000 4952 3019 4989 :
3067 4936 3423 4989 vestimentum
3474 4931 3588 4999 ejus

2021 5032 2301 5085 candidum
2331 5031 2481 5097 quasi
2505 5030 2615 5091 nix,
2644 5040 2691 5081 et
2733 5028 2910 5095 capilli
2935 5028 3115 5094 capitis
3144 5029 3257 5094 ejus
3289 5024 3438 5093 quasi
3464 5023 3587 5073 lana

2020 5124 2216 5176 munda
2248 5139 2266 5175 :
2302 5124 2517 5174 thronus
2542 5121 2655 5187 ejus
2682 5120 2896 5189 ﬂamma
2917 5120 3053 5188 ignis
3083 5132 3105 5171 :
3135 5129 3261 5172 rotat
3298 5119 3409 5184 ejus
3447 5115 3582 5181 ignis

2021 5231 2289 5268 accensus.
2314 5213 2533 5268 Fluvius
2556 5216 2690 5283 ignis
2722 5215 3030 5282 rapidusque
3048 5209 3405 5280 egrediebatur
3437 5225 3467 5258 a
3499 5208 3584 5271 [a-

2021 5308 2095 5359 cie
2128 5308 2239 5368 eius
2272 5323 2288 5359 :
2320 5308 2487 5361 millia
2536 5308 2757 5360 millium
2802 5304 3167 5357 ministrabant
3212 5302 3280 5364 ei,
3332 5309 3379 5352 et
3414 5300 3583 5351 decies

420 5444 481 5502 >14
512 5437 611 5491 Ed.
628 5438 824 5501 Paris.,
853 5453 973 5508 pag.
1001 5439 1122 5493 190.
1196 5442 1240 5473 ²⁹
1271 5440 1402 5494 Dan.
1456 5456 1550 5505 vn,
1594 5442 1678 5508 15,
1715 5441 1800 5496 Η.
1879 5444 1919 5476 ³⁸

2022 5444 2128 5499 Sor.
2179 5462 2271 5508 xv,
2299 5444 2391 5499 28.

416 5570 530 5641 (55)
562 5570 734 5641 Vulgo
758 5571 1151 5641 ἀποκαλύπτει.

443 5639 531 5707 54)
562 5639 734 5707 Vulgo
756 5640 1016 5711 ὑπεξεργ.

565 5712 736 5797 uno
760 5711 1058 5797 ἀρκλιτῆς]
1092 5712 1215 5781 βασ-

419 5780 529 5852 (56)
566 5781 737 5851 Vulgo
770 5780 1141 5852 μανθάνωμεν.

2091 5579 2202 5650 (37)
2232 5579 2518 5644 Καθέξειν
2540 5579 2745 5633 αὑτὸν.
2776 5577 2887 5630 lmo
2930 5578 3109 5631 αὐτόν.
3135 5579 3415 5650 Christum
3437 5575 3582 5633 scii-

2035 5661 2120 5704 cet
2149 5651 2199 5701 in
2236 5650 2413 5705 futuro
2434 5650 2648 5715 sacculo,
2686 5651 2803 5704 novi
2838 5652 2989 5720 regni
3030 5651 3241 5704 initium
3272 5649 3582 5719 auspicata-

2023 5735 2165 5773 rnm.
2198 5725 2269 5773 tibi
2702 5754 2703 5759 η
