4082 6388
510 407 535 462 1
545 407 650 461 059

1184 405 1451 464 EUSEBII
1487 403 1967 464 CESARIENSIS
2005 387 2156 462 ουρ.
2201 406 2385 463 PARS
2422 404 2510 463 tv.
2551 438 2622 450 —
2661 405 3081 463 DOGMA'I'ICA.

3624 405 3769 465 1060

504 525 699 580 millies
731 536 947 580 centena
970 524 1138 577 millia
1179 524 1493 578 assistebant
1519 526 1600 589 ei;
1619 525 1885 594 judicium
1922 523 2054 580 sedit

2184 524 2358 596 φήτης
2404 522 2666 597 ἰεζεκιὴλ
2712 524 2995 596 κριτήριον
3040 523 3150 576 τῶν
3181 522 3273 579 τοῦ
3300 518 3435 577 Θεοῦ
3477 522 3769 596 προϐάτων

502 630 550 673 et
580 619 698 673 libri
725 619 891 688 aperti
914 627 1034 671 sunt
1058 617 1123 670 ³¹.
1144 615 1292 681 Haec,
1323 617 1565 686 inquam,
1596 616 1687 672 ttbi
1718 618 2076 687 pramiserat,

502 711 638 764 vidit
664 710 716 762 in
748 708 1099 777 sequentibus
1144 707 1340 762 Filium
1367 707 1601 763 hominis
1622 708 1925 764 venientem
1954 723 2076 764 cum

500 800 735 854 nubibus
773 798 919 864 cmli,
965 807 1022 853 et
1059 813 1230 867 usque
1256 799 1324 853 ad
1350 798 1646 868 Antiquum
1695 797 1906 853 dierum
1943 815 2073 869 pro-

498 890 829 957 gredientem
869 907 883 943 :
914 899 971 946 et
1003 904 1226 961 regnum
1258 889 1669 957 incorruptibile
1696 891 2071 958 accipientem.

498 978 763 1055 Quocirca
800 979 1115 1036 diﬂ‘erenter
1142 979 1229 1034 ille
1265 989 1401 1045 tum,
1443 989 1499 1033 et
1527 980 1697 1034 multo
1736 980 1954 1050 quidem
1982 995 2076 1034 ex-

498 1070 782 1125 cellentius
809 1085 1030 1139 regnum
1053 1080 1373 1141 accepturus
1405 1080 1510 1137 est,
1555 1086 1718 1140 quam
1758 1086 1900 1125 nunc
1929 1071 2074 1125 obti-

496 1167 588 1212 net
619 1177 634 1211 :
674 1175 797 1213 nam
819 1161 872 1214 in
897 1160 1016 1215 illos
1046 1161 1331 1230 imperium
1358 1172 1744 1231 consequetur,
1766 1162 1860 1232 qui
1898 1162 2072 1218 felici-

496 1261 609 1304 tate
640 1251 729 1305 illa
759 1251 1185 1307 honorabuntur.
1218 1251 1606 1307 Testimonium
1638 1252 1785 1308 hisce
1823 1252 2079 1322 perbibet

493 1341 867 1411 Evangelium,
921 1343 1009 1397 ubi
1040 1343 1269 1411 ipsemet
1298 1340 1555 1397 Servator
1600 1342 1949 1411 propheticus
1971 1342 2071 1399 has

492 1433 871 1501 praedictiones
891 1434 1196 1503 consignat,
1220 1433 1309 1487 ubi
1341 1447 1643 1487 sermonem
1668 1433 1806 1504 apud
1835 1434 2072 1503 discipu-

491 1524 577 1578 los
609 1524 790 1585 hnbet,
830 1523 1037 1579 deﬁue
1084 1523 1404 1578 saeculorum
1432 1538 1447 1577 :
1473 1522 1606 1578 Cum
1653 1534 1829 1578 autem
1874 1525 2070 1579 venerit

492 1613 670 1668 Filius
701 1616 926 1669 hominis
955 1616 1008 1667 in
1032 1619 1307 1685 majestate
1325 1631 1445 1679 sua,
1468 1624 1516 1668 et
1546 1631 1723 1670 omnes
1756 1615 2069 1684 angelicum

491 1721 572 1771 eo,
599 1716 723 1758 tunc
744 1706 936 1759 sedebit
964 1719 1119 1771 super
1143 1704 1315 1757 sedem
1355 1703 1647 1773 majestatis
1691 1718 1823 1768 sum,
1872 1712 1920 1757 et
1950 1719 2072 1757 con-

489 1798 841 1867 gregabantur
865 1807 987 1850 ante
1005 1796 1133 1850 eum"
1154 1811 1331 1849 omnes
1368 1805 1564 1864 gentes,
1604 1801 1655 1849 et
1683 1793 1950 1862 separabit
1979 1809 2067 1848 eos

2178 614 2514 687 ὑποθέμενος
2562 613 2704 688 μετὰ
2748 614 2846 687 τὴν
2881 615 3087 669 τούτων
3133 614 3311 685 κρίσιν
3338 612 3430 668 τὸν
3458 612 3622 667 Δαόὶδ
3667 614 3768 668 αὺ-

2174 709 2288 770 τοῖς
2322 704 2574 777 ἐφίστησι
2621 706 2874 778 ποιμένα,
2914 705 3011 762 καὶ
3051 704 3141 760 τὸν
3188 704 3347 759 αὐτὸν
3388 705 3623 776 ἄρχοντα
3664 704 3767 760 αὐ-

2174 796 2282 850 τῶν
2310 795 2530 851 ἔσεσθαι
2562 795 2827 861 θεσπίζει.
2869 793 2931 852 Ὀ
2959 796 3017 850 δὲ
3039 796 3233 869 Δανιὴλ
3259 794 3557 866 προειπὼν,
3598 796 3763 852 Ἐθε·

2173 887 2368 955 ὡρουν
2421 888 2534 954 ἕως
2590 886 2732 943 ὅτου
2780 889 2977 957 θρόνοι
3018 888 3332 955 ἐτέθησαν,
3376 884 3488 957 (58)
3523 886 3622 940 καί
3643 888 3764 941 lla-

2171 979 2344 1045 λαιὺς
2376 978 2614 1048 ἡμερῶν
2644 978 2917 1045 ἐκάθητο,
2966 979 3064 1032 καὶ
3103 977 3172 1033 τὸ
3220 978 3451 1048 ἔνδυμα
3491 978 3603 1049 (59)
3647 979 3760 1033 αὐ-

2171 1068 2281 1123 τοῦ
2325 1070 2549 1125 λευκόν
2588 1070 2670 1136 ὡς
2711 1069 2879 1140 χιὼν.
2928 1069 3027 1123 καὶ
3080 1071 3119 1137 ἠ
3161 1068 3295 1138 θρὶξ
3336 1067 3446 1138 τῆς
3486 1068 3762 1138 κεφαλῆς

2171 1159 2359 1213 αὐτοῦ
2396 1159 2539 1213 ὡσεὶ
2582 1158 2745 1227 ἔριον
2782 1157 3061 1228 καθαρόν.
3115 1160 3148 1212 ό
3189 1159 3400 1226 θρόνος
3427 1158 3614 1213 αὐτοῦ
3641 1158 3758 1229 (40)

2168 1248 2331 1317 φλὸξ
2356 1248 2565 1317 πυρός,
2593 1251 2648 1303 οἱ
2671 1248 2872 1319 τροχοί
2883 1247 3069 1303 αὐτοῦ
3090 1248 3209 1317 πῦρ
3227 1247 3474 1319 eum,
3489 1247 3760 1317 ποταμός

2170 1342 2359 1411 πυρὸς
2384 1337 2587 1397 εἷλκεν
2633 1342 2972 1412 ἔμπροσθεν
2996 1340 3206 1405 αὐτοῦ,
3254 1343 3441 1411 χίλιαι
3488 1340 3758 1410 χιλιάδες

2167 1433 2594 1502 ἐλειτούργουν
2621 1430 2802 1497 αὐτῷ,
2853 1432 2953 1486 καί
2993 1432 3200 1501 μύριαι
3235 1431 3520 1501 μυριάδες
3553 1448 3757 1500 παρει-

2168 1522 2509 1593 στήκεισαν
2538 1524 2879 1593 ἔμπροσθεν
2908 1522 3118 1587 αὐτοῦ,
3164 1522 3469 1592 κριτήριον
3502 1520 3752 1584 ἐκάθιζε,

2167 1616 2267 1672 καὶ
2313 1616 2528 1681 βίϐλοι
2574 1613 2988 1685 ἠνεῴχθησαν.
3043 1612 3231 1667 Ταῦτα
3281 1613 3751 1686 προθεασάμενος,

2168 1707 2296 1777 ἑξῆς
2322 1704 2414 1761 τὸν
2439 1706 2570 1761 Υίὸν
2602 1705 2696 1759 τοῦ
2731 1705 3019 1777 ἀνθρώπου
3043 1704 3237 1778 θεωρεῖ
3260 1705 3351 1759 ἐπὶ
3374 1705 3482 1759 τῶν
3510 1707 3754 1775 νεφελῶν

2166 1798 2261 1852 τοῦ
2287 1797 2518 1870 οὐρανοῦ
2549 1797 2842 1870 προσιόντα
2871 1797 2949 1869 τῷ
2972 1796 3193 1868 Παλαιῷ
3231 1796 3342 1851 τῶν
3377 1796 3619 1870 ἡμερῶν,
3652 1796 3754 1852 καὶ

491 1886 556 1937 ab
595 1886 831 1947 inuicem,
872 1888 1006 1938 sicut
1055 1894 1234 1949 pastor
1273 1890 1507 1953 segregat
1540 1898 1655 1936 oves
1685 1882 1751 1935 ab
1780 1883 1969 1948 Ittzdis,
2013 1891 2059 1937 et

2165 1888 2262 1961 τὴν
2293 1888 2569 1962 ἄφθαρτον
2604 1886 2883 1960 βασιλείαν
2928 1886 3339 1959 ὑποδεχόμενον.
3397 1886 3604 1942 Οὐκοῦν
3654 1887 3752 1940 καὶ

489 1989 677 2032 statuet
712 1995 827 2033 oues
854 1979 1061 2048 quidem
1116 1995 1148 2030 a
1192 1976 1390 2030 dextris
1428 1976 1560 2040 suis,
1602 1973 1781 2030 htcdos
1815 1983 1989 2027 autem
2028 1989 2061 2027 α

487 2071 739 2125 sinistris.
793 2069 937 2124 Tum:
985 2071 1116 2122 dicet
1170 2067 1277 2123 Rea:
1326 2067 1409 2121 Itis
1460 2067 1554 2136 qui
1618 2082 1654 2119 a
1692 2066 1892 2119 dextris
1946 2066 2060 2134 eius

487 2174 659 2228 erunt,
702 2163 902 2229 Venite,
935 2161 1190 2214 benedicti
1225 2158 1408 2214 Patris
1454 2159 1577 2224 mei,
1625 2158 1882 2229 possidete
1911 2174 2064 2225 para-

486 2266 595 2308 tum
625 2254 761 2308 vobis
793 2268 1006 2323 regnum
1055 2268 1086 2304 a
1116 2250 1491 2305 constitutione
1523 2250 1708 2304 mundi
1729 2250 1796 2306 ³².
1826 2254 1887 2314 ›Ι‹
1923 2248 2059 2305 Nota

483 2347 616 2405 mihi
664 2355 839 2401 autem
895 2360 1058 2415 quam
1105 2344 1423 2415 conspirant
1461 2342 1566 2399 ista
1596 2356 1721 2398 cum
1752 2342 1914 2398 dictis
1933 2342 2059 2412 'per

482 2439 794 2507 prophetam
817 2440 885 2492 de
911 2438 1100 2492 ovibus
1124 2444 1178 2490 et
1200 2433 1526 2490 discretione
1553 2434 1781 2490 ariemm
1802 2471 1819 2498 ,
1854 2441 2056 2504 etqua-

482 2529 605 2584 liter
641 2538 761 2598 post
795 2527 940 2582 illam
977 2528 1157 2582 ovium
1195 2525 1574 2583 discretionem
1600 2523 1722 2581 ’Bex
1762 2524 1849 2580 hic
1889 2525 2059 2579 intro.

480 2620 696 2675 ducitur
731 2619 899 2675 Filius
930 2618 1164 2674 hominis
1200 2635 1216 2673 :
1257 2618 1426 2687 ipsius
1465 2625 1645 2672 autem
1692 2614 1851 2671 Pater
1888 2614 2053 2669 Deus.

479 2710 595 2770 Hoc
624 2709 808 2766 docuit
845 2710 962 2779 ipse
992 2725 1009 2763 :
1048 2707 1193 2764 Tunc
1230 2708 1363 2763 dicet
1395 2706 1507 2762 Res:
1546 2708 1625 2762 his
1669 2707 1760 2778 qui
1792 2724 1825 2761 a
1857 2707 2053 2762 dextris

479 2804 592 2871 ejus
614 2812 764 2855 erunt
794 2816 814 2855 :
844 2799 1046 2867 Venite,
1091 2800 1347 2854 benedicti
1401 2797 1582 2853 Patris
1627 2797 1749 2866 mei,
1795 2796 2055 2868 possidete

478 2900 722 2960 paratum
746 2889 886 2944 vobis
909 2904 1162 2958 regnum;
1198 2886 1476 2958 analogice
1507 2885 1576 2941 ad
1609 2884 1738 2941 illud
1766 2898 1798 2939 a
1823 2883 2057 2954 propbec

482 2991 536 3035 ta
561 2982 788 3046 dictum,
817 2980 910 3035 ubi
945 2978 1114 3033 David
1142 2978 1234 3049 qui
1261 2978 1459 3032 dicitur
1492 2987 1681 3047 pastor
1716 2984 1771 3031 et
1802 2976 2055 3044 princeps

480 3072 693 3126 futurus
712 3070 909 3126 dicitur
932 3069 1135 3132 ovium,
1175 3069 1266 3139 qui
1306 3068 1412 3124 sub
1449 3069 1666 3137 auspice
1696 3069 1825 3132 Deo,
1866 3075 2053 3137 pastu-

480 3179 574 3220 rus
626 3172 682 3220 et
712 3164 1015 3218 directurus
1060 3171 1180 3216 erat
1215 3174 1411 3231 pecora
1444 3160 1558 3216 Dei.
1598 3160 1772 3230 Atque
1813 3159 1880 3215 ad
1922 3158 2050 3213 illud

2160 1979 2285 2033 τότε
2309 1978 2676 2051 διαφερόντως
2720 1978 2812 2032 καὶ
2846 1976 3170 2049 κρειττόνως
3213 1977 3248 2048 ἢ
3292 1974 3388 2031 νῦν
3418 1977 3594 2049 ἀρχὴν
3636 1975 3752 2040 ἕξει

2123 2070 2255 2136 ,τοῦ
2306 2071 2613 2143 βασιλεύειν
2643 2069 2752 2124 τῶν
2798 2069 2898 2140 τῆς
2937 2068 3339 2141 μακαριότητος
3374 2064 3560 2132 ἀξίων.
3611 2066 3751 2120 Τού-

2159 2179 2275 2225 τοις
2305 2163 2574 2236 μαρτυρεῖ
2602 2161 2663 2216 τὸ
2690 2159 3041 2230 Εὐαγγέλιον,
3071 2160 3129 2213 ὲν
3171 2152 3251 2223 οἷς
3284 2157 3446 2222 αὐτὸς
3477 2158 3753 2229 ἐπισφρα-

2158 2254 2373 2323 γίζεται
2409 2256 2439 2308 6
2468 2252 2661 2325 Σωτὴρ
2704 2252 2803 2317 τὰς
2847 2251 2960 2324 (41)
3013 2248 3355 2325 προφητικὰς
3400 2248 3573 2316 λέξεις
3619 2250 3752 2313 τοὺς

2158 2347 2289 2419 περὶ
2333 2345 2643 2409 συντελείας
2675 2344 2869 2414 λόγους
2901 2342 3227 2416 παραδιδοὺς
3257 2344 3371 2406 τοῖς
3412 2340 3605 2395 ἑαυτοῦ
3650 2360 3752 2413 μα-

2157 2435 2369 2507 θηταῖς,
2398 2435 2466 2491 δι⁹
2494 2428 2572 2507 ὧν
2602 2434 2755 2490 ταῦτ’
2787 2433 3033 2487 ἐδίδασκε
3060 2432 3253 2502 λέγων’
3291 2432 3476 2486 Ὅταν
3497 2431 3566 2484 δὲ
3594 2431 3748 2501 ἔλθῃ

2152 2527 2191 2581 ό
2214 2506 2366 2594 Υἱός
2411 2506 2883 2596 τοῦ’ἁνθρ‹ἱ›ποιν
2929 2526 3000 2579 ἐν
3045 2523 3123 2595 τῇ
3176 2524 3327 2596 δόξῃ
3379 2523 3589 2589 αὐτοῦ,
3643 2524 3745 2578 καὶ

2154 2617 2380 2685 πάντες
2405 2621 2462 2674 οἱ
2489 2618 2734 2689 ἄγγελοι
2766 2619 2893 2688 μετ’
2927 2616 3135 2683 αὐτοῦ,
3177 2617 3313 2672 τότε
3354 2617 3589 2672 καθίσει
3642 2615 3744 2669 ἐπὶ

2154 2712 2374 2780 θρόνου
2401 2710 2588 2781 δόξης
2628 2711 2835 2777 αὐτοῦ,
2872 2712 2969 2766 καὶ
3004 2711 3499 2781 συναχθήσονται
3526 2710 3745 2779 ἐμπρο-

2142 2803 2307 2855 σθεν
2341 2801 2531 2855 αὐτοῦ
2576 2799 2773 2855 πάντα
2809 2800 2882 2857 τὰ
2928 2802 3074 2869 ἔθνη
3096 2816 3111 2831 ο
3135 2800 3234 2855 καὶ
3264 2798 3499 2870 duorm-22'
3520 2798 3744 2865 αὐτοὺς

2148 2891 2255 2948 ἀπ’
2288 2890 2599 2958 ἀλλήλων,
2638 2890 2843 2961 ὥσπερ
2889 2893 2923 2945 ό
2961 2889 3187 2961 ποιμὴν
3217 2890 3474 2961 ἀφορίζει
3503 2889 3577 2944 τὰ
3598 2891 3741 2958 πρό-
3793 2926 3814 2943 .

2157 2983 2305 3036 ϐατα
2328 2982 2448 3038 ἀπὸ
2482 2982 2604 3037 τῶν
2647 2982 2887 3053 ἐρίφων,
2939 2984 3039 3038 καί
3084 2982 3301 3051 στήσει
3349 2981 3423 3036 τὰ
3459 2982 3577 3053 μὲν
3604 2983 3741 3051 πρός

2157 3073 2307 3155 Eafa
2323 3073 2392 3128 ἐκ
2407 3072 2623 3138 δεξιῶν
2646 3072 2855 3137 αὐτοῦ,
2883 3075 2957 3129 τὰ
2988 3075 3058 3129 δὲ
3087 3075 3288 3145 ἐρίφια
3310 3075 3380 3141 ἐξ
3394 3076 3734 3145 εὐωνύμων*

2155 3165 2289 3217 τότε
2309 3162 2483 3231 ἐρεῖό
2509 3164 2811 3231 ⁶βασιλεὺς
2832 3164 2957 3231 τοῖς
2978 3166 3047 3219 ἐκ
3079 3165 3295 3231 δεξιῶν
3328 3166 3539 3221 αὐτοῦ’
3562 3165 3740 3219 Δεῦτε

478 3269 694 3325 quoque
745 3254 959 3309 animus
1021 3252 1402 3315 advertendus,
1447 3250 1593 3321 quod
1639 3252 1840 3305 dictum
1870 3257 1956 3306 est
1989 3248 2057 3303 ab

2158 3256 2212 3308 οὶ
2250 3254 2644 3324 εὐλογημένοι
2672 3254 2778 3308 τοῦ
2804 3257 3037 3325 Πατρός
3064 3273 3205 3326 μου,
3239 3255 3742 3328 κληρονομήσατε

476 3345 756 3416 Apostolo,
783 3343 914 3398 Cum
968 3343 1295 3398 euacuauerit
1343 3357 1550 3403 omnem
1600 3341 1953 3410 principatum
2004 3349 2051 3393 et

476 3453 679 3493 omnem
703 3444 1005 3506 potestatem
1033 3443 1083 3487 et
1104 3433 1341 3488 virtutem
1356 3432 1423 3488 ⁸³.
1450 3431 1717 3502 Propheta
1740 3447 1952 3501 quoque
1972 3433 2054 3485 in-

477 3529 738 3594 sinuavit,
775 3527 1046 3598 inquiens,
1072 3522 1141 3577 Et
1166 3523 1345 3579 delebo
1377 3522 1546 3577 malas
1576 3522 1769 3577 bestias
1792 3539 1966 3578 omnes
1987 3522 2053 3578 de

476 3620 698 3675 terra".
735 3617 990 3686 Outenam
1036 3616 1235 3672 iuerint
1280 3626 1463 3671 autem
1517 3613 1621 3669 illa:
1675 3614 1884 3681 bestiae,
1933 3629 2053 3685 quae

475 3713 603 3767 ‘olim
643 3710 983 3767 incessebant
1012 3709 1311 3765 molestiam
1330 3708 1540 3772 ovibus,
1572 3720 1730 3777 quam
1759 3714 2052 3775 potestates

476 3806 543 3858 ad
573 3802 879 3873 oppositum
910 3801 1219 3857 constitutae
1248 3816 1264 3854 :
1304 3813 1424 3868 qua:
1459 3813 1581 3854 cum
1604 3813 1637 3854 e
1662 3798 1842 3853 medio
1865 3796 2049 3853 subla-

470 3906 545 3949 tte
593 3893 811 3960 fuerint,
857 3906 1051 3949 novum
1086 3890 1215 3946 illud
1262 3898 1425 3962 atque
1464 3889 1722 3944 eximium
1767 3889 2048 3954 saeculum,

475 3984 623 4039 omni
679 3983 963 4053 iniquitate
1009 3988 1320 4052 purgatum,
1376 3978 1575 4051 Regem
1603 3976 1818 4034 habebit
1849 3976 2047 4034 Filium

474 4073 747 4129 hominis:
779 4074 864 4128 vel
911 4073 1071 4141 juxta
1120 4071 1436 4143 prophetica
1467 4070 1747 4126 involucra
1771 4078 2047 4142 pastorem

472 4177 631 4219 Suum
661 4170 823 4232 atque
842 4161 1139 4232 principem
1171 4160 1337 4215 David
1366 4176 1381 4215 τ
1407 4168 1464 4213 at
1486 4159 1655 4214 Deum
1689 4173 1793 4215 non
1827 4160 2043 4223 dicitur,

472 4255 558 4311 vel
583 4264 874 4324 pastorem,
913 4253 1000 4307 vel
1028 4251 1325 4323 principem
1368 4249 1697 4306 habiturum.
1735 4249 1841 4306 Sed
1876 4251 2043 4306 subli-

475 4344 635 4400 miori
661 4344 893 4415 quodam
922 4353 979 4400 et
1011 4342 1295 4399 illustriori
1325 4357 1489 4412 supra
1521 4349 1816 4410 pastorem,
1846 4342 2047 4414 princi-

472 4451 614 4507 pem,
646 4446 703 4492 et
726 4451 909 4508 regem
936 4450 1121 4498 sensu,
1151 4443 1397 4502 respectu
1436 4434 1503 4489 ad
1534 4434 1769 4490 divinant
1797 4419 1915 4505 ejus
1932 4450 2047 4489 ma-

470 4529 720 4596 iestatem
750 4527 957 4589 habito,
988 4540 1093 4580 non
1120 4523 1311 4579 ovibus
1341 4525 1732 4587 tantummodo,
1776 4540 1961 4580 verum
1988 4540 2043 4581 et

2154 3345 2271 3414 τὴν
2309 3347 2761 3417 ἡτοιμασμένην
2800 3347 2943 3417 ὑμῖν
2975 3348 3303 3413 βασιλείαν
3330 3348 3453 3404 ἀπὸ
3490 3352 3741 3405 κατασο-

2152 3440 2268 3508 λῆς
2287 3444 2537 3512 κόσμου.
2565 3443 2749 3507 Ὅπως
2779 3443 2837 3497 δὲ
2862 3443 3033 3497 ταῦτα
3059 3442 3271 3515 συνᾴδει
3295 3445 3408 3507 τοῖς
3432 3444 3491 3500 ἐν
3513 3446 3579 3517 τῇ
3599 3460 3740 3517 προ-

2153 3534 2354 3605 φητείᾳ
2379 3534 2508 3606 περὶ
2530 3534 2842 3606 προσάτων,
2872 3536 2967 3588 καὶ
2998 3528 3126 3605 περὶ
3153 3534 3263 3607 (42)
3297 3535 3529 3606 κρίσεως
3561 3534 3737 3606 κριῶν

2151 3622 2482 3694 εἰρημένας,
2530 3624 2705 3694 τήρει,
2758 3625 2852 3678 καὶ
2901 3626 3049 3689 ὅπως
3094 3624 3345 3696 βασιλεὺς
3397 3623 3507 3695 (45)
3551 3624 3649 3695 μὲν
3698 3625 3732 3676 6

2152 3708 2280 3773 Υἱὸς
2317 3709 2411 3764 τοῦ
2445 3710 2733 3783 ἀνθρώπου
2769 3712 2909 3783 μετὰ
2946 3712 3045 3785 τὴν
3080 3711 3189 3767 τῶν
3234 3711 3513 3785 προὸάτων
3544 3710 3726 3783 κρίσιν

2149 3802 2421 3872 είσῆκται,
2448 3803 2641 3875 Πατὴρ
2664 3804 2723 3857 δὲ
2750 3804 2913 3858 αὐτοῦ
2948 3807 2979 3859 6
2999 3804 3150 3868 Θεός.
3180 3803 3350 3859 Τοῦτο
3374 3802 3481 3873 γὰρ
3508 3804 3602 3857 καὶ
3622 3803 3727 3858 αὐ·-

2148 3890 2239 3957 τδς
2264 3892 2544 3948 ἐδίδασκεν
2601 3893 2794 3962 εἰπὼν,
2845 3896 2983 3950 Τότε
3036 3895 3161 3966 ἐρεῖ
3202 3898 3235 3950 ό
3274 3894 3572 3961 ,ϐασιλεὺς
3602 3893 3730 3960 τοῖς

2147 3983 2217 4037 ἐκ
2253 3982 2468 4049 δεξιῶν
2495 3987 2702 4050 αὐτοῦ,
2743 3985 2923 4041 Δεῦτε
2949 3990 3004 4041 oi
3044 3989 3440 4057 εὐλογημένοι
3470 3986 3578 4039 τοῦ
3609 3989 3733 4041 Πα-

2147 4076 2284 4144 τρός
2307 4093 2448 4146 μου,
2493 4077 2769 4147 ἀναλόγως
2815 4078 2893 4149 τῷ
2945 4080 3004 4131 ὲν
3053 4081 3120 4151 τῇ
3165 4077 3472 4150 προφητείᾳ
3513 4077 3734 4147 ὼνομαυ

2149 4166 2329 4238 σμένῳ
2355 4167 2536 4221 Δαϐίδ.
2575 4170 2670 4222 Ὃν
2710 4169 2944 4240 ποιμένα
2973 4169 3067 4223 καὶ⁸
3108 4168 3346 4242 ἄρχοντα
3367 4168 3584 4222 ἔσεσθαι
3615 4168 3731 4221 τῶν

2146 4257 2430 4329 προὸάτων
2462 4261 2492 4313 ό
2516 4259 2671 4329 λόγος
2698 4260 2958 4323 διδάσκει,
2984 4260 3089 4314 ὑπὸ
3132 4260 3311 4333 ἐφόρῳ
3339 4260 3418 4331 τῷ
3446 4258 3562 4330 Θεῷ
3597 4258 3730 4330 μέλ-

2145 4349 2306 4403 λοντα
2352 4352 2659 4422 ποιμαίνειν
2700 4353 2794 4406 καὶ
2816 4352 3006 4425 ἄρχειν
3032 4352 3140 4406 τῶν
3170 4350 3432 4406 τοῦ“Θεοῦ
3471 4350 3727 4423 θρεμμά-

2145 4460 2272 4499 των.
2321 4444 2431 4497 Καὶ⁵
2474 4445 2669 4516 ἐκείνῳ
2710 4444 2767 4499 δὲ
2804 4446 3098 4515 ἀναγκαῖον
3125 4442 3414 4515 ἐπιστῆσαι
3453 4443 3545 4496 τὸν
3575 4442 3726 4508 νοῦν,

2144 4534 2221 4599 ὡς
2250 4534 2310 4588 τὸ
2337 4534 2488 4607 παρὰ
2516 4535 2594 4607 τῷ
2632 4536 2938 4609 Ἀποστόλῳ
2959 4536 3303 4609 λελεγμένον,
3329 4538 3389 4589 ὲν
3416 4534 3513 4606 τῷ,
3546 4535 3729 4588 Ὅταν

470 4586 657 4672 bvium
690 4619 891 4687 pastori
914 4586 1269 4686 imperantem
1300 4633 1313 4669 :
1346 4614 1466 4669 Erit
1511 4614 1671 4678 enim,
1697 4616 1888 4685 inquit,
1936 4616 2042 4670 illis

2157 4586 2490 4701 καταργήσῃ
2534 4586 2740 4687 ἱᾶσαν
2790 4586 3008 4699 ἀρχςιν,
3048 4586 3160 4683 καῖ
3192 4586 3397 4683 πᾶσαν
3431 4586 3727 4691 ἐξουσίαν

472 4718 652 4777 pastor
686 4725 861 4764 seruus
888 4725 1031 4764 meus
1074 4708 1262 4776 David,
1292 4718 1342 4763 et
1365 4722 1458 4778 ego
1480 4706 1736 4762 Dominus
1769 4723 1858 4761 ero
1891 4708 1955 4761 iis
1987 4711 2041 4763 in

2157 4719 2242 4773 sal
2293 4720 2552 4790 δύναμιν
2593 4720 2706 4792 (44)
2757 4719 2978 4792 ᾐνίξατο
3029 4721 3064 4790 ἡ
3115 4718 3418 4790 προφητεία
3478 4718 3720 4788 φήσασα,

472 4799 661 4855 Deum.
697 4798 923 4855 Servum
971 4814 1129 4855 suum
1177 4800 1344 4855 David
1384 4798 1615 4871 appellat
1642 4813 1786 4865 eum,
1826 4809 2044 4871 propter

2157 4812 2252 4866 Kal
2290 4812 2524 4881 ἀφανιῶ
2544 4815 2721 4884 θηρία
2743 4812 2976 4882 πονηρὰ
2998 4811 3119 4867 ἀπὸ
3146 4810 3258 4879 τῆς
3283 4809 3417 4882 τῆς.
3456 4809 3589 4863 Τίνα
3609 4809 3720 4882 γὰρ

471 4894 613 4948 servi
642 4891 894 4957 formam,
928 4908 1087 4962 quam
1116 4893 1376 4950 Servator
1395 4904 1450 4948 et
1479 4892 1735 4948 Dominus
1764 4903 1947 4948 noster
1976 4896 2043 4951 de

2157 4902 2208 4958 ἱν
2234 4905 2444 4973 γένοιτο
2471 4905 2542 4961 τά
2574 4905 2765 4978 θηρία,
2795 4904 2866 4959 τὰ
2904 4904 3069 4960 πάλαι
3118 4904 3381 4977 πρότερον
3426 4905 3539 4967 τοῖς
3582 4918 3721 4975 προ-

473 4982 672 5068 Davide
692 4983 940 5052 sumpsit.
2142 4994 2330 5060 ϐάτοις
2380 4995 2770 5068 διενοχλοῦντα,
2822 4995 2856 5068 ἢ
2905 4998 2963 5051 αἱ
3012 4996 3381 5067 ἀντικείμεναι
3426 4995 3722 5067 δυνάμεις;

464 5066 544 5126 ὧν
568 5075 634 5126 ἐκ
665 5072 840 5128 ποδῶν
877 5073 1165 5147 ἀρθεισῶν,
1211 5073 1390 5145 πάσης
1432 5073 1631 5137 κακίας
1659 5074 1953 5147 καθαρθεὶς
1996 5083 2026 5135 ὁ
2062 5083 2180 5149 νέος
2204 5087 2296 5139 καὶ
2323 5087 2507 5152 καινὸς
2535 5066 2647 5160 (45)
2674 5066 3089 5159 αἰὼνξβασιλέα
3114 5085 3214 5157 μὲν
3230 5066 3345 5150 ἕξει
3368 5086 3459 5139 τὸν
3470 5066 3597 5139 Υἱὸν
3623 5086 3723 5174 τοῦ

469 5275 558 5312 MV
581 5190 996 5314 >1;|Ed.l’aris.,
1019 5205 1143 5262 pag.
1178 5191 1300 5245 19!.
1412 5191 1456 5222 ³¹
1490 5191 1620 5245 Dan.
1662 5207 1759 5259 vn,
1787 5196 1843 5260 9,
1879 5196 1964 5250 10.

2157 5200 2331 5261 llatth.
2361 5220 2488 5270 xxv,
2514 5203 2708 5261 31-31.
2816 5205 2861 5236 ”
2892 5204 2909 5258 l
2944 5203 3071 5257 Cor.
3108 5218 3195 5268 ιν,
3249 5202 3340 5256 94-

3441 5202 3483 5233 ³⁸
3515 5201 3723 5257 Ezecb.

2217 5471 2327 5543 (ιε)
2356 5469 2839 5543 Κρίσεωςᾲκρίιιηο.
2882 5468 2973 5543 _Sic
3017 5480 3187 5535 recte,
3211 5467 3311 5523 nisi
3346 5467 3484 5522 [orte
3522 5466 3729 5538 κρίων,

2146 5540 2457 5611 καὶνκρίών.
2490 5541 2558 5597 Μ.
2607 5540 2773 5611 Vulgo
2800 5540 3071 5611 xploetov.
3100 5544 3103 5545 ⁷

571 5601 662 5729 ti?
694 5604 1666 5729 ιῐὲὲθηῗέρῗέιξ’·λ’ἓίὲιέῗτ⁰ἤ.ῗὲέετε
1959 5677 2043 5729 ι...

2216 5601 2330 5729 543)
2371 5611 2537 5681 Vulgo
2564 5625 2673 5665 om.
2700 5601 2801 5679 ριν
2826 5601 2882 5664 et
2903 5624 3027 5665 mox
3053 5610 3081 5663 6
3106 5616 3233 5663 ante
3255 5605 3406 5671 Θεός.

2241 5682 2309 5729 st
2359 5680 2533 5729 Vultm
2571 5678 2793 5729 ηὔξατο.

566 5672 658 5751 ιι)
694 5672 1072 5751 Προξοητικὰς
1121 5672 1374 5751 λέξεις...
1399 5675 1666 5751 lut_e_rs_ere
1695 5676 1925 5751 nugae.
1959 5677 2043 5751 ln-

2216 5672 2330 5751 (ιι)
2359 5672 2533 5751 Υιιιέο
2571 5672 2793 5751 ηῠξάῖο-

474 5744 669 5812 telligit
708 5747 852 5797 enim
902 5753 1174 5801 mutuatas
1218 5747 1285 5802 ab
1336 5745 1615 5800 Ezechiele
1667 5754 1724 5799 et
1796 5746 2038 5814 Danicle,

476 5821 582 5864 non
615 5813 856 5864 nuasvis.
890 5811 960 5864 Μ.

2218 5744 2330 5823 iiii)
2370 5744 2541 5822 Vulgo
2572 5744 2779 5813 κλεινός
2802 5765 2816 5815 ;
2841 5756 2894 5803 ιιι
2924 5747 2996 5805 cl'.
3037 5762 3094 5821 p.
3124 5747 3226 5803 115
3255 5748 3317 5815 D,
3347 5761 3400 5818 p.
3440 5745 3542 5802 1'50
3577 5748 3645 5805 Δ.

515 5824 582 5864 on
615 5826 856 5881 quasvis.
890 5824 960 5873 tu,

546 5460 1262 5537 (mummmmx

569 5462 662 5673 58)
694 5464 866 5536 Vulgo
893 5465 989 5521 καὶ
1016 5463 1092 5537 [ό]
1126 5466 1193 5521 lla

569 5533 638 5587 39
683 5533 853 5603 Vulgo
871 5550 982 5593 om.
1007 5536 1193 5590 αὐτοῦ.

571 5601 640 5656 10
704 5604 870 5673 Vulgo
896 5604 1123 5673 φλὸξ....
1150 5623 1193 5673 τι
