4082 6396
517 388 655 447 1045

1183 397 1451 467 EUSEBll
1486 397 1957 458 CAESARIENSIS
1993 401 2146 460 OPP.
2185 402 2368 458 PARS
2405 402 2494 460 IV.
2532 434 2602 446 —
2637 375 3085 462 DOGMATICAa

3602 407 3748 460 10M-

515 527 678 566 unum
708 515 977 579 summ";
1004 515 1075 569 ita
1109 533 1320 587 quoque
1363 521 1427 573 ad
1478 520 1648 588 ipsius
1696 520 2070 586 imitationem,

2179 522 2236 575 ἒν
2262 518 2400 576 εἶναι
2422 521 2594 590 ἔλεγε,
2617 522 2859 590 φάσκων,
2889 521 3038 591 Ἐγὼ
3057 521 3153 576 καὶ
3174 524 3206 574 ό
3231 515 3431 588 Πατὴρ
3453 519 3744 589 tta-saw,

515 615 576 660 ut
619 621 716 660 nos
755 621 943 661 omnes
992 610 1182 664 [lamus
1234 612 1525 682 participes
1557 611 1794 679 ejusdem
1834 612 2072 676 unionis,

513 709 760 768 precatus
787 711 890 755 est.
921 699 1036 755 Non
1083 703 1226 772 quod
1261 703 1518 770 Verbum,
1546 715 1605 758 ut
1633 705 1911 760 Marcellus
1939 704 2070 769 vult,

513 792 730 845 tmiatur
761 791 890 857 Deo;
920 802 975 847 et
1008 795 1441 851 substantialiter
1471 795 1829 866 coniungatur
1868 797 1915 849 ei
1947 837 1964 860 ,
2015 805 2074 850 ut

509 884 714 938 veritas
757 884 870 952 ipsa
907 885 1168 940 Servator
1222 896 1474 953 testatur,
1523 887 2076 956 inquienszGloriam

507 990 664 1043 quam
691 976 884 1029 dedisti
901 977 1026 1028 mihi
1056 978 1175 1030 dedi
1209 979 1298 1044 iis,
1329 987 1385 1031 ut
1413 979 1519 1032 sint
1553 996 1713 1032 unum
1739 981 1871 1032 sicut
1899 989 1946 1032 et
1982 994 2074 1031 nos

507 1082 674 1119 unum
712 1083 912 1124 sumus.
955 1067 1068 1136 Ego
1111 1069 1164 1121 in
1212 1070 1277 1123 iis
1326 1079 1374 1123 et
1419 1079 1476 1123 tu
1511 1070 1569 1122 in
1596 1086 1694 1134 me,
1728 1077 1788 1122 ut
1815 1071 1918 1123 sint
1949 1084 2075 1121 con-

507 1159 758 1210 summati
811 1159 866 1210 in
916 1175 1101 1212 unum.
1153 1161 1329 1229 Atque
1382 1159 1454 1214 ita
1504 1159 1884 1226 adimplebitur
1945 1156 2076 1210 illud

506 1248 746 1316 Apostoli
779 1250 980 1303 dictum
1015 1268 1028 1303 :
1057 1249 1125 1305 Ut
1157 1250 1298 1304 Deus
1335 1253 1404 1305 sit
1445 1251 1623 1304 omnia
1652 1252 1708 1302 in
1751 1249 1992 1304 omnibus
2007 1247 2072 1303 ³⁷.

507 1341 641 1396 Cum
684 1356 814 1396 vero
853 1341 1158 1411 Marcellus,
1192 1352 1246 1397 et
1273 1343 1362 1412 qui
1398 1357 1518 1396 cum
1549 1342 1666 1410 ipso
1696 1341 1884 1396 eodem
1920 1339 2077 1394 modo

506 1449 614 1503 quo
651 1435 765 1504 ipse
814 1434 1106 1490 Sabelliani
1147 1449 1294 1500 sunt,
1330 1436 1500 1490 tribus
1533 1437 1632 1490 niti
1682 1435 1893 1490 soleant
1926 1435 2078 1489 testi-

507 1523 723 1587 moniis,
753 1522 948 1592 quibus
963 1533 1229 1579 conantur
1247 1525 1554 1588 ostendere,
1569 1524 1783 1579 Patrem
1809 1537 1969 1595 atque
1986 1525 2078 1579 Fi-

505 1617 641 1670 lium
667 1631 788 1670 esse
821 1631 1009 1682 unum,
1037 1625 1221 1685 ulputa
1269 1616 1398 1670 illud
1425 1634 1440 1670 :
1466 1615 1578 1686 Ego
1619 1627 1667 1670 et
1713 1617 1874 1670 Pater
1915 1633 2077 1670 unum

504 1725 686 1762 sumus
715 1709 796 1775 ’3;
831 1718 886 1762 et
908 1708 1143 1762 secundo
1169 1727 1182 1760 :
1205 1705 1370 1760 Pater
1392 1708 1445 1762 in
1462 1725 1541 1760 me
1563 1719 1608 1762 et
1627 1725 1719 1777 ego
1739 1709 1792 1761 in
1819 1707 1979 1761 Patre
1995 1709 2036 1741 '9
2061 1726 2076 1775 ;

505 1807 560 1852 et
591 1799 749 1854 tertio
777 1814 793 1854 :
819 1798 926 1864 Qui
959 1815 1037 1852 me
1068 1798 1217 1861 vidit,
1259 1798 1384 1851 uidit
1440 1808 1501 1872 et.
1529 1796 1824 1863 Patrem“,
1848 1813 1966 1866 qua!
2000 1799 2073 1852 illi

505 1904 720 1958 semper
771 1891 824 1944 in
883 1904 978 1943 ore
1036 1889 1277 1955 habent;
1309 1897 1364 1942 et
1422 1887 1555 1942 illud
1596 1908 1610 1943 :
1649 1887 1759 1957 Ego
1807 1897 1854 1941 et
1910 1885 2072 1941 Pater

504 1999 671 2038 unum
695 1967 899 2047 sumus,
916 1980 1216 2050 objicienda
1240 1987 1369 2035 sunt
1396 1993 1427 2034 e
1460 1987 1646 2034 contra
1673 1993 1791 2047 qua:
1810 1977 1922 2046 iam
1946 1993 2072 2046 pro-

505 2075 774 2130 tulimus:
813 2073 907 2128 ubi
950 2086 1047 2143 pro
1102 2070 1380 2140 discipulis
1434 2070 1739 2136 intercedit,
1781 2078 1838 2123 ut
1881 2083 2073 2124 omnes

501 2168 740 2238 ejusdem
771 2165 995 2220 unitatis
1029 2163 1317 2233 participes
1363 2160 1516 2219 ﬁant.
1544 2160 1725 2231 lnquit
1767 2163 1912 2216 enim
1949 2177 1961 2213 :
1999 2161 2072 2216 Ut

499 2262 607 2316 sint
639 2275 825 2324 unum,
849 2254 1286 2327 quemadmodum
1315 2263 1365 2307 et
1394 2269 1488 2307 nos
1519 2269 1701 2306 sumus
1739 2269 1922 2306 unum.
1956 2251 2071 2322 Ego

499 2357 554 2409 in
581 2352 689 2406 illis
719 2361 766 2405 et
796 2360 853 2404 tu
883 2351 938 2404 in
965 2365 1069 2413 me,
1099 2357 1156 2400 ut
1186 2346 1291 2399 sint
1325 2345 1679 2398 consummati
1698 2345 1754 2399 in
1777 2361 1961 2399 unum.
1990 2347 2072 2399 Ad

497 2443 627 2500 illud
657 2452 836 2498 autem
861 2456 878 2496 :
913 2438 1072 2493 Pater
1097 2439 1152 2492 in
1173 2453 1254 2492 me
1279 2446 1327 2491 et
1361 2452 1455 2505 ego
1490 2436 1546 2489 in
1580 2434 1768 2503 Patre,
1797 2450 2069 2506 Opponam

499 2537 676 2590 denuo
734 2533 907 2604 ipsius
945 2545 1157 2595 vocem,
1181 2529 1269 2584 ubi
1299 2530 1395 2593 ait,
1426 2544 1523 2600 pro
1564 2529 1630 2583 iis
1669 2529 2019 2583 iutercedens
2053 2543 2069 2580 :

500 2625 571 2682 Ut
598 2637 656 2680 tu
687 2624 852 2678 Pater
888 2623 946 2677 in
992 2639 1098 2687 me,
1141 2631 1189 2674 et
1238 2637 1332 2690 ego
1373 2621 1426 2674 in
1462 2633 1529 2686 te,
1555 2631 1611 2674 ut
1644 2631 1692 2676 et
1714 2621 1814 2687 ipsi
1844 2619 1897 2674 in
1923 2621 2072 2673 nobis

497 2732 661 2771 unum
696 2715 821 2768 sint.
850 2711 918 2765 Et
940 2728 1033 2782 ego
1069 2710 1367 2766 claritatem
1397 2726 1555 2780 quam
1579 2711 1768 2764 dedisti
1795 2709 1922 2762 mihi
1951 2708 2072 2762 dedi

497 2807 649 2876 ipsis.
689 2804 744 2859 ιιι
790 2803 987 2873 quibus
1025 2800 1309 2871 perspicue
1341 2800 1472 2855 illud
1510 2800 1783 2866 indicavit,
1821 2801 1887 2852 ad
1945 2813 2072 2853 eum

497 2900 716 2954 modum
748 2897 803 2949 in
844 2896 965 2964 ipso
997 2908 1116 2949 esse
1158 2893 1402 2956 Patrem,
1439 2907 1544 2959 quo
1575 2901 1630 2945 et
1673 2891 1727 2945 in
1771 2891 1928 2944 nobis
1959 2889 2072 2942 vult

497 3003 639 3043 esse.
689 2986 807 3040 Non
859 2985 1003 3052 quod
1054 2999 1220 3036 unum
1276 2983 1392 3052 ipse
1442 2991 1496 3036 et
1525 2981 1689 3036 Pater
1735 2982 2074 3052 bypostatice

497 3081 604 3135 l'uit
634 3099 650 3134 :
681 3077 776 3133 sed
824 3075 967 3145 quod
1015 3073 1176 3128 Pater
1207 3088 1331 3128 cum
1384 3071 1700 3143 participem
1755 3071 1930 3141 ipsum
1964 3087 2074 3125 sua:

498 3173 684 3242 gloria:
731 3168 943 3232 fecerit,
995 3174 1050 3222 et
1096 3166 1210 3234 ipse
1243 3165 1310 3218 ad
1352 3163 1711 3218 imitationem
1764 3163 1847 3218 sui
1888 3162 2067 3216 Patris

497 3264 853 3322 familiaribus
885 3261 997 3316 suis
1043 3274 1198 3314 suam
1243 3257 1608 3312 communicet
1655 3257 1905 3326 gloriam.
1937 3253 2063 3309 Ideo

496 3359 576 3411 ait
603 3377 615 3411 :
645 3354 759 3424 Ego
790 3352 1083 3406 claritatem
1121 3365 1279 3418 quam
1332 3347 1527 3402 dedisti
1575 3347 1705 3399 mihi
1737 3347 1860 3400 dedi
1885 3346 1980 3409 eis,
2011 3355 2066 3398 ut

496 3449 602 3502 sint
636 3460 800 3498 unum
819 3445 954 3495 sicut
983 3451 1030 3494 et
1065 3456 1158 3493 nos
1194 3455 1359 3492 unum
1388 3453 1588 3492 sumus.
1617 3436 1729 3506 Ego
1761 3439 1817 3490 in
1844 3437 1910 3489 iis
1933 3446 1979 3488 et
2009 3447 2066 3488 tu

496 3539 553 3588 in
579 3550 680 3598 me,
711 3543 764 3585 ut
795 3540 842 3584 et
866 3531 967 3598 ipsi
998 3530 1073 3583 sic
1109 3529 1212 3582 sint
1253 3529 1306 3581 in
1340 3528 1504 3582 nobis.
1531 3529 1608 3582 Ita
1638 3528 1797 3581 Pater
1821 3537 1874 3582 et
1896 3526 2071 3582 Filius

498 3641 661 3681 unum
702 3633 846 3687 sunt,
879 3623 1262 3676 communione
1292 3620 1556 3676 claritatis
1590 3636 1603 3670 :
1636 3633 1797 3688 quam
1826 3635 1948 3673 cum
1985 3620 2066 3672 di-

497 3715 717 3785 scipulis
747 3713 860 3767 suis
892 3709 1189 3781 impertiat,
1230 3709 1470 3779 ejusdem
1512 3722 1607 3763 eos
1657 3708 1871 3763 unionis
1899 3709 2067 3776 parti-

499 3808 545 3858 (‘i
556 3821 647 3874 pes
682 3802 828 3858 fecit.

2173 612 2314 665 οὕτω
2343 611 2436 664 xu‘t
2470 611 2678 674 πάντας
2703 613 2852 683 ἡμᾶς
2881 611 3020 664 κατὰ
3051 612 3149 681 τὴν
3183 611 3350 665 αὐτοῦ
3387 611 3617 682 μίμησιν
3645 612 3749 682 τῆς

2175 701 2423 771 ὲνότητος
2454 700 2554 769 τῆς
2579 698 2690 771 (51)
2741 702 3027 769 μετασχεῖν
3059 699 3294 770 εὔχεται·
3326 700 3389 753 οὐ
3416 700 3557 752 κατὰ
3587 699 3749 770 Μάρ-

2173 791 2468 860 κελλον;τοῦ
2493 793 2665 860 Λόγου
2695 793 2964 863 ἐνωμένου
2983 792 3058 863 τῷ
3086 791 3203 862 Θεῷ
3231 794 3324 846 καὶ
3347 794 3410 862 τῇ
3440 793 3597 862 οὐσίᾳ
3621 809 3750 844 συν-

2172 884 2573 955 αφθησομὲνου,
2609 883 2791 947 καθὼς
2827 884 2885 937 δὲ
2923 884 3307 957 ἐμαρτύρησεν
3364 888 3398 957 ή
3440 885 3686 956 ἀλήθεια,
3716 887 3750 939 6

2175 979 2368 1050 Σωτὴρ
2409 977 2572 1040 αὐτὸς
2603 977 2793 1029 εἰπών·
2842 977 2962 1044 Τὴν
2999 976 3188 1041 δόξαν
3232 977 3310 1048 ἣν
3355 975 3583 1042 ἔδωκάς
3619 995 3747 1046 μοι,

2175 1069 2395 1123 δέδωκα
2419 1067 2641 1134 αὐτοῖς·
2673 1068 2773 1120 ἵνα
2797 1063 2949 1122 ὦσιν
2988 1067 3057 1121 ἐν
3090 1067 3202 1139 (52)
3239 1067 3431 1133 καθὼς
3462 1066 3635 1136 ἡμεῖς
3677 1067 3753 1120 ἓν

2173 1162 2380 1230 ἐσμεν-ο
2410 1161 2525 1230 ἐγὼ
2548 1162 2617 1214 ἐν
2641 1159 2844 1226 αὐτοῖς
2873 1159 2971 1213 καὶ
3005 1159 3086 1213 σὺ
3122 1158 3361 1228 ὲνέμοὶ,
3387 1159 3487 1212 ἵνα
3513 1153 3624 1212 ὦσι
3657 1173 3753 1211 τε-

2175 1251 2548 1320 τελειωμένοι
2590 1253 2678 1316 εἰς
2717 1250 2783 1304 τὸ
2814 1250 2903 1304 ἓν·
2950 1249 3093 1304 οὕτω
3128 1251 3238 1321 γὰρ
3277 1251 3372 1304 xui.
3403 1250 3524 1303 τότε
3561 1251 3655 1303 xui.
3685 1250 3752 1303 τὸ

2176 1343 2529 1398 ἁποστολικὸν
2561 1342 2744 1397 λοιπὸν
2778 1340 2964 1404 τέλους
2993 1339 3256 1407 τεύξεται,
3285 1341 3347 1393 τὸ
3376 1339 3577 1410 φῆσαν,
3615 1339 3753 1394 Ἵνα

2175 1430 2217 1506 ᾖ
2251 1439 2284 1488 ό
2318 1435 2461 1502 Θεὸς
2503 1435 2699 1489 πάντα
2723 1436 2794 1489 ἐν
2826 1432 2995 1490 πᾶσι.
3028 1434 3137 1487 Καὶ
3169 1431 3355 1502 ἐπειδὴ
3382 1431 3530 1502 τρισῖ⁵
3564 1434 3754 1502 ῥητοῖς

2177 1526 2492 1598 Μάρκελλος
2519 1527 2614 1579 xui.
2645 1526 2696 1578 οἱ
2733 1527 2822 1578 τὸν
2861 1526 3042 1595 ὅμοιον
3086 1523 3233 1594 αὐτῷ
3257 1523 3458 1596 τρόπον
3490 1523 3751 1577 Σαϐελλί-

2178 1617 2361 1680 ζοντες
2392 1617 2626 1687 χρῆσθαι
2654 1616 2895 1678 εἰώθασι,
2929 1616 3022 1670 τὸν
3048 1616 3265 1687 Πατέρα
3296 1617 3503 1670 καὶτὸν
3531 1615 3658 1668 Υἱδν
3690 1614 3753 1668 ἓν

2179 1701 2317 1760 εἶναι
2352 1707 2679 1776 πειρώμενοι
2707 1705 2998 1759 δεικνύναι·
3029 1706 3158 1758 ποτὲ
3181 1705 3292 1773 (55)
3323 1707 3442 1776 μὲν,
3478 1705 3621 1775 Ἐγὼ
3647 1705 3754 1758 και

2178 1792 2378 1866 Πατὴρ
2400 1798 2469 1851 ἕν
2491 1798 2696 1866 ἐσμεν,
2727 1796 3065 1867 Θρνυλοῦντες·
3099 1796 3226 1848 ποτὲ
3249 1797 3306 1849 δὲ
3334 1796 3417 1860 τὺ,
3451 1797 3515 1850 '0
3544 1795 3754 1863 Πατὴρ

2170 1889 2405 1957 ἐνέμοῖ,
2433 1890 2593 1958 κάγὼ
2615 1888 2684 1941 ἐυν
2704 1887 2782 1953 τῷ
2805 1886 3004 1954 Πατρί·
3033 1887 3126 1942 xui
3149 1887 3231 1950 τὸ,
3271 1887 3324 1938 '0
3349 1884 3620 1956 ἑωρακὼς
3643 1883 3759 1954 ἐμὲ

2169 1980 2388 2048 ἑώρακε
2419 1981 2515 2034 καὶ
2554 1979 2660 2034 τὸν
2694 1979 2940 2047 Πατέρα·
2971 1980 3108 2050 πρὸς
3152 1979 3250 2052 μὲν
3282 1979 3364 2044 τὸ,
3409 1978 3548 2047 Ἐγὼ
3585 1977 3684 2030 καὶ
3715 1979 3755 2031 δ

2169 2073 2374 2140 Πατὴρ
2401 2072 2470 2125 ἓν
2490 2072 2676 2140 ἐσμεν
2701 2071 2769 2124 τὰ
2790 2071 3143 2142 προκείμενα,
3173 2071 3356 2133 αὐτοῖς
3382 2067 3751 2140 προσακτέον,

2169 2164 2238 2218 δι’
2266 2158 2341 2217 ὧν
2370 2163 2727 2235 ὑπερεύχεται
2749 2163 2858 2217 τῶν
2881 2164 3046 2218 αὐτοῦ
3082 2161 3359 2234 μαθητῶν,
3393 2160 3480 2214 ἵνα
3501 2159 3598 2213 xui.
3619 2158 3754 2212 πάν-

2169 2273 2263 2319 τες
2291 2256 2442 2308 αὐτοὶ
2478 2255 2579 2325 τῆς
2615 2256 2782 2326 αὐτῆς
2822 2255 2934 2328 (54)
2972 2253 3215 2318 ἐνὼσεως
3241 2254 3466 2324 τύχωσι·
3496 2251 3647 2320 λέγει
3693 2251 3754 2305 δὲ

2170 2343 2284 2413 οὖν,
2316 2348 2451 2404 Ἵνα
2476 2343 2628 2402 ὦσιν
2645 2346 2734 2413 ἓν,
2767 2347 2960 2414 καθὼς
2986 2346 3156 2418 ἡμεῖς
3175 2347 3262 2401 ἕν’
3291 2345 3406 2416 ἐγὼ
3426 2346 3496 2400 ἐν
3522 2344 3752 2410 αὐτοῖς,

2171 2437 2272 2490 καὶ
2307 2437 2389 2490 σὺ
2420 2438 2491 2491 ἐν
2517 2437 2666 2507 ἐμοὶ,
2704 2438 2804 2491 ἵνα
2829 2432 2940 2492 ὦσι
2971 2435 3406 2506 τετελειωμένοι
3437 2437 3525 2501 εὶς
3562 2433 3630 2487 τὸ
3658 2434 3750 2488 ἓν.

2171 2530 2316 2601 Πρὸς
2347 2529 2404 2583 δὲ
2433 2529 2514 2594 τὸ,
2539 2531 2594 2582 '0
2629 2529 2830 2598 Πατὴρ
2866 2531 2936 2582 ἐν
2961 2529 3111 2598 ἐμοὶ,
3140 2527 3300 2597 κάγὼ
3331 2527 3402 2580 ἐν
3432 2526 3513 2590 τῷ
3540 2525 3751 2593 Πατρὶ,

2173 2621 2563 2694 παραθήσομεν
2589 2620 2686 2692 τὴν
2718 2621 2882 2674 αὐτοῦ
2909 2620 3070 2674 πάλιν
3094 2619 3298 2691 φωνὴν,
3327 2618 3394 2672 δι’
3418 2612 3486 2689 ἦς
3520 2617 3756 2688 ὑπερευ-

2172 2712 2399 2782 χόμενος
2450 2711 2627 2765 αὐτῶν
2675 2711 2843 2780 ἔλεγε·
2873 2711 3074 2777 Καθὼς
3097 2711 3199 2776 σὺ,
3242 2710 3456 2779 Πάτερ,
3497 2710 3566 2763 ὲν
3597 2707 3751 2778 ἐμοὶ,

2171 2803 2332 2872 κάγὼ
2358 2803 2427 2856 ἐν
2446 2804 2569 2864 σοὶ,
2592 2805 2693 2857 ἵνα
2720 2804 2819 2857 καὶ
2841 2804 3008 2857 αὐτοὶ
3033 2803 3103 2856 ἐν
3125 2801 3268 2872 ἡμῖν
3285 2798 3416 2858 ὦσι·
3449 2799 3609 2870 κάγὼ
3635 2798 3754 2867 τὴν

2171 2895 2380 2960 δόξαν,
2404 2895 2483 2962 ἣν
2524 2894 2782 2960 δέδωκάς
2824 2912 2945 2964 μοι,
2989 2894 3219 2948 δέδωκα
3261 2893 3484 2959 αὐτοῖς.
3529 2893 3609 2945 Δι’
3648 2885 3751 2956 ὧν,

2174 2987 2360 3056 σαφῶς
2394 2988 2722 3060 παρίστησιν
2757 2988 2928 3051 οὕτως
2960 2984 3096 3042 εἶναι
3123 2989 3181 3040 ὲν
3207 2987 3354 3058 αὐτῴ
3381 2987 3470 3040 τὸν
3507 2986 3754 3057 Πατέρα,

2172 3079 2353 3144 καθὼς
2383 3080 2476 3132 xui.
2498 3081 2555 3132 ὲν
2577 3081 2705 3152 ἡμῖν
2735 3078 2870 3136 εἶναι
2901 3079 3169 3149 βούλεται.
3200 3081 3313 3148 Οὐχ
3341 3079 3424 3131 ὅτι
3462 3077 3752 3160 καθλὺπό-

2175 3187 2362 3225 στασιν
2398 3169 2524 3240 μίαν
2545 3163 2624 3233 εἷς
2650 3169 2725 3222 ὢν
2750 3169 3005 3239 τυγχάνει
3026 3168 3188 3231 αὐτὸς
3216 3169 3312 3222 xui.
3335 3169 3363 3220 6
3388 3169 3598 3245 Πατήρ·
3631 3166 3750 3221 ἀλλ’
3831 3211 3834 3214 .

2169 3262 2250 3314 ὅτι
2275 3260 2368 3313 τοῦ
2397 3261 2610 3332 Πατρὸς
2648 3260 3074 3331 μεταδεδωκότος
3115 3259 3263 3329 αὐτῷ
3289 3259 3402 3330 (55)
3431 3260 3639 3323 οἰκείας
3661 3260 3752 3312 δά-

2170 3346 2298 3416 ξης,
2329 3347 2426 3400 καὶ
2461 3348 2622 3411 αὐτὸς
2651 3348 2850 3417 ὁμοίως
2873 3351 2983 3411 τοῖς
3011 3347 3248 3411 οἰκείοις,
3275 3349 3367 3402 τὸν
3409 3349 3629 3421 Πατέρα
3659 3367 3752 3423 μι-

2171 3438 2458 3508 μούμενος,
2506 3439 2844 3509 μεταδίδωσι.
2884 3439 2975 3492 Διό
3001 3456 3154 3510 φησι,
3197 3439 3371 3508 Κάγὼ
3406 3439 3520 3508 τὴν
3561 3439 3754 3504 δόξαν

2168 3527 2248 3594 ἢν
2271 3528 2496 3594 ἔδωκάς
2513 3548 2615 3597 μοι
2641 3529 2867 3585 δέδωκα
2889 3532 3115 3598 αὐτοῖς,
3138 3533 3240 3587 ἵνα
3263 3529 3413 3586 ὦσιν
3435 3532 3523 3594 ἐν,
3551 3532 3751 3598 καθὼς

2166 3619 2338 3687 ἡμεῖς
2367 3620 2475 3690 (56)
2505 3621 2593 3677 ἓν.
2613 3621 2816 3687 Καθὼς
2843 3622 2946 3686 σὺ,
2981 3623 3193 3692 Πάτερ,
3221 3625 3291 3677 ἐν
3318 3621 3642 3691 ἑμοὶ,κάγὼ
3670 3621 3747 3674 ἐν

2171 3711 2294 3775 σοὶ,
2319 3711 2420 3763 ἵνα
2445 3712 2542 3765 καὶ
2577 3713 2744 3766 αὐτοὶ
2773 3713 2842 3766 ἐν
2869 3713 3012 3782 ’ἡμῖν
3041 3709 3209 3768 ὦσιν.
3238 3713 3418 3776 Οὕτως
3443 3707 3534 3764 οὖν
3565 3710 3625 3764 ἓν
3656 3713 3739 3763 εἰ-

2173 3816 2257 3850 σιν
2276 3800 2304 3851 ὁ
2324 3801 2513 3870 Πατὴρ
2535 3801 2628 3854 καὶ
2650 3803 2677 3854 6
2699 3800 2828 3866 Υἰδς
2849 3803 2990 3856 κατὰ
3010 3803 3110 3875 τὴν
3135 3803 3415 3859 κοινωνίαν
3438 3802 3534 3872 τῆς
3557 3800 3716 3871 δόξης
3725 3837 3744 3865 ›

497 3897 567 3974 ἧς
593 3901 706 3963 τοῖς
733 3895 896 3951 αὑτοῦ
936 3895 1202 3966 μαθηταῖς
1245 3893 1578 3964 μεταδιδοὺς,
1609 3895 1707 3963 τῆς
1735 3891 1905 3961 αὐτῆς
1930 3889 2173 3955 ἐνώσεως
2207 3892 2296 3945 xui.
2333 3893 2493 3956 αὐτὸς
2520 3894 2691 3962 ἠξίου.

1067 4012 1125 4069 »Β
1169 4004 1399 4062 CAPUT
1435 4004 1554 4059 XX.

503 4101 656 4169 Quod
679 4109 733 4153 ut
772 4095 932 4151 Pater
961 4097 1017 4169 in
1053 4095 1214 4169 Filio,
1247 4105 1295 4148 et
1318 4093 1492 4169 Filius
1522 4096 1575 4148 in
1603 4093 1788 4169 Patre,
1823 4096 1897 4150 ita
1927 4103 1980 4149 et
2013 4096 2068 4149 in

903 4168 1013 4221 suis
1044 4166 1241 4219 sanctis
1268 4165 1509 4219 omnibus
1535 4167 1657 4218 erit.

566 4278 776 4331 Rursus
820 4276 894 4330 ita
935 4283 1062 4330 erat
1101 4276 1153 4328 in
1202 4275 1318 4343 ipso
1359 4273 1519 4329 Pater
1550 4281 1606 4328 et
1628 4274 1744 4342 ipse
1781 4275 1835 4328 in
1868 4274 2062 4341 Patre;

496 4371 951 4442 quemadmodum
994 4365 1269 4422 concludit
1305 4366 1829 4433 beatus'Apostolus
1858 4369 1924 4420 de
1959 4366 2066 4420 illis

493 4463 766 4524 omnibus,
798 4459 890 4528 qui
921 4473 1087 4528 regno
1111 4457 1374 4512 caelorum
1398 4456 1542 4527 digni
1578 4458 1793 4524 luerim,
1821 4458 1908 4512 ubi
1939 4459 2014 4510 ait
2047 4477 2060 4511 :
2106 4492 2119 4508 .

461 4570 470 4579 '
497 4556 644 4610 Tunc
676 4560 775 4609 erit
811 4552 950 4607 Deus
980 4552 1156 4604 omnia
1183 4553 1237 4604 in
1269 4549 1507 4602 omnibus
1523 4548 1592 4615 δί,
1619 4550 1685 4604 ad
1711 4554 1923 4605 modum
1955 4568 2063 4619 quo

495 4649 634 4701 dixit
660 4665 674 4700 :
705 4645 967 4699 Habitabo
1016 4645 1073 4696 in
1103 4641 1234 4704 illis,
1279 4649 1328 4694 et
1388 4640 1667 4694 ambulabo
1704 4641 1841 4694 inter
1883 4658 1968 4695 eos
1992 4642 2057 4696 δ’.

497 4741 604 4794 Sed
633 4748 687 4792 et
705 4736 972 4806 quomodo
987 4735 1186 4788 dictqu
1217 4748 1230 4784 :
1261 4730 1372 4784 Nos
1396 4733 1449 4784 in
1473 4733 1584 4800 ipso
1615 4732 1854 4795 vivimus,
1880 4743 2059 4784 etmo-

495 4846 695 4893 vemur,
720 4839 965 4882 etsumus
982 4823 1047 4877 ⁸³.
1081 4823 1211 4889 Qua:
1235 4837 1365 4877 sane
1391 4821 1570 4875 omnia
1603 4821 1669 4874 de
1698 4821 1851 4875 nobis
1874 4821 2062 4876 dicun-

497 4935 607 4983 tur.
635 4919 728 4990 qui
769 4927 946 4971 tamen
974 4915 1026 4968 in
1060 4915 1279 4984 propria
1317 4911 1599 4983 ltypostasi
1633 4911 1978 4967 subsistimus
2006 4922 2062 4967 et

494 5012 758 5075 vivimus;
796 5019 896 5062 nec
928 5006 1223 5075 quidquam
1267 5003 1530 5059 habemus
1561 5018 1684 5057 cum
1724 5013 1949 5071 paterna
1979 5004 2061 5058 di-

568 5197 628 5255 >3
664 5189 760 5243 Ed.
795 5186 995 5250 Paris.,
1027 5185 1302 5255 pagani.
1333 5183 1434 5255 _"_‘
1454 5182 1610 5255 Joan.
1662 5199 1716 5249 ι,
1752 5183 1840 5255 50.

1955 5186 1998 5216 ⁸⁷
2030 5186 2193 5243 lCor.
2229 5205 2320 5252 xv,
2353 5191 2444 5246 28.

2809 4009 2969 4060 ΚΕΦ.
3006 4009 3090 4060 Κ’.

2171 4093 2299 4148 Ὀτι
2335 4095 2415 4160 ὡς
2444 4099 2476 4149 ὁ
2526 4096 2726 4165 Πατὴρ
2769 4097 2838 4149 ἐν
2880 4097 2960 4162 τῷ
2996 4095 3126 4162 Υὶῷ,
3170 4098 3268 4151 καὶ
3310 4100 3343 4151 ὁ
3396 4095 3530 4159 Υἱὸς
3559 4094 3632 4146 ἐν
3665 4092 3753 4159 τῷ

2226 4165 2426 4233 Πατρὶ,
2459 4166 2610 4220 οὕτω
2636 4166 2734 4220 καὶ
2757 4167 2828 4220 ἐν
2856 4167 2978 4233 τοῖς
3000 4167 3190 4237 ἁγίοις
3221 4167 3453 4222 ἅπασιν
3478 4167 3676 4220 ἔσται.

2239 4278 2348 4330 Καὶ
2378 4277 2558 4340 πάλιν,
2590 4278 2762 4341 οὕτως
2794 4275 2862 4348 ἦν
2889 4281 2917 4332 ὁ
2945 4279 3135 4350 Πατὴρ
3168 4280 3225 4331 ὲν
3255 4277 3423 4348 αὐτῷ’
3457 4277 3554 4330 xui.
3580 4277 3743 4338 αὐτὸς

2167 4371 2225 4420 ὲν
2239 4367 2315 4438 τῷ
2334 4371 2525 4439 [lu-toi,
2548 4369 2622 4432 ὡς
2652 4371 2679 4421 ὁ
2707 4369 2848 4434 θεῖος
2888 4371 3207 4433 Ἀπόστολος
3236 4371 3328 4424 xui.
3362 4371 3494 4440 περὶ
3525 4368 3745 4421 πάντων

2170 4461 2410 4514 διδάσκει
2433 4461 2539 4514 τῶν
2568 4462 2667 4531 τῆς
2685 4463 3006 4532 ἐπουρανίου
3031 4461 3305 4533 βασιλείας
3326 4459 3514 4529 ἀξίων,
3545 4459 3742 4527 λέγων·

2176 4553 2312 4604 Τότε
2341 4550 2511 4605 ἔσται
2543 4555 2576 4606 ό
2618 4551 2762 4618 Θεὸς
2799 4552 2994 4606 πάντα
3037 4554 3107 4607 ἐν
3137 4552 3359 4607 πᾶσιν·
3401 4552 3477 4614 ὡς
3523 4551 3617 4604 xui.
3657 4549 3722 4602 τὸ

2182 4643 2510 4712 Ἐνοικήσω
2560 4646 2630 4698 ἐν
2679 4645 2882 4710 αὐτοῖς
2933 4645 3032 4698 καὶ
3082 4641 3559 4714 ἐμπεριπατήσω,
3586 4641 3710 4695 λέλε

2165 4753 2317 4788 κταιο
2352 4736 2461 4806 (57)
2497 4736 2632 4790 ἀλλὰ
2657 4739 2770 4802 xui,
2793 4737 2981 4806 Ἡμεῖς
3011 4739 3082 4790 ἐν
3113 4735 3271 4801 αὐτῷ
3299 4734 3502 4806 ζῶμεν,
3531 4734 3629 4787 καὶ
3658 4751 3744 4784 κι-

2164 4827 2444 4895 νούμεθα,
2482 4829 2583 4880 καί
2599 4828 2804 4897 ἐσμεν.
2847 4830 2956 4882 Καὶ
2990 4828 3162 4882 ταῦτα
3201 4828 3379 4884 πάντα
3419 4826 3550 4897 περὶ
3584 4825 3744 4896 ἡμῶν

2166 4917 2437 4984 λέλεκται,
2479 4920 2588 4973 τῶν
2624 4921 2744 4972 κατ’
2788 4920 2920 4974 ἰδίαν
2959 4921 3256 4974 ὑπόστασιν
3283 4917 3610 4988 ὑφεστώτων
3649 4918 3752 4973 xui.

2166 5009 2384 5073 ζώντων
2413 5013 2508 5064 xui.
2531 5011 2696 5082 μηδὲν
2725 5012 2953 5082 ἐχόντων
2979 5012 3153 5066 κοινὸν
3181 5011 3317 5083 πρὸς
3341 5010 3439 5082 τὴν
3465 5009 3756 5082 πατρικὴν

2559 5193 2603 5225 ³⁸
2635 5191 2790 5245 Joan.
2820 5209 2872 5258 χ,
2910 5192 2998 5248 50.
3075 5191 3119 5224 ³⁹
3149 5191 3277 5248 ibid.
3307 5189 3395 5244 58.
3507 5187 3556 5219 ⁸⁸
3577 5184 3752 5241 Joan.

493 5251 688 5326 XIV:9.
761 5258 807 5289 “
832 5256 854 5310 Ι
884 5251 1130 5320 Corfva
1160 5253 1250 5307 28.
1329 5252 1374 5284 ⁸²
1402 5251 1575 5309 Levit.
1598 5269 1749 5318 xxvi,
1778 5254 1845 5306 12
1872 5273 1886 5321 ;
1928 5255 1946 5309 l
1977 5257 2070 5312 C0:

2173 5275 2209 5328 ι,
2240 5260 2328 5315 16.
2372 5261 2418 5292 ⁸³
2439 5263 2560 5317 Act.
2590 5279 2723 5326 xvu,
2762 5264 2854 5318 28.

565 5459 676 5530 (5i)
716 5458 882 5529 Vulgo
926 5457 1090 5512 αὑτοῦ
1134 5464 1209 5512 at.
1254 5455 1325 5512 cl.
1358 5455 1422 5510 D.
1457 5457 1550 5510 lin.
1593 5469 1648 5511 et
1678 5471 1802 5512 mox
1855 5460 2060 5529 ἐνωμέ-

491 5545 677 5670 ωῖέδῖ)
711 5597 882 5668 Vulgo
911 5596 1092 5660 καθὼς
1127 5595 1268 5669 [καὶ]
1299 5597 1459 5719 ήλμεϊς
1499 5606 1553 5651 ει
1597 5611 1723 5652 mox
1766 5596 1872 5669 γὰρ
1915 5599 2056 5652 τότε·

566 5668 676 5719 (55)
711 5669 881 5719 Vultzo
905 5670 1001 5719 μὲν
1027 5667 1106 5719 τό.
1145 5676 1202 5719 et
1228 5667 1326 5719 Θου
1361 5667 1411 5719 λ.

566 5667 676 5738 (55)
711 5667 881 5738 Vulgo
905 5670 1001 5737 μὲν
1027 5667 1106 5731 τό,
1130 5667 1202 5720 θοι
1228 5667 1411 5738 Θρυλλ.

2165 5483 2252 5530 νος

2373 5536 2542 5607 Vulgo
2566 5539 2664 5608 τῆς
2693 5542 2796 5593 οἰκ.

2235 5607 2322 5678 (56
2381 5607 2549 5677 Vulgo
2571 5608 2630 5661 ’ἐν
2658 5611 2790 5678 ὲσμε

2381 5607 2549 5681 [ulgo
2571 5607 2630 5681 ’ἐν
2658 5611 2842 5681 ἐσμεν.

2235 5671 2353 5750 (ὅῌῖ)
2386 5671 2559 5750 Forte
2586 5671 2918 5750 legendum,
2984 5679 3164 5746 Ἀλλὰ,
3213 5679 3290 5744 ὡς
3333 5678 3423 5732 xui
3469 5675 3636 5750 ἡμεῖς
3683 5671 3767 5733 ἐν

569 5735 682 5802 (54⁷)
715 5735 1212 5818 δξρέαῑνέσεωςῇι
1259 5735 1330 5789 cl'.
1378 5737 1612 5818 D._lin..;
1650 5751 1769 5818 {nos
1808 5736 1964 5818 vuigo
1991 5737 2051 5790 ἓν

2173 5735 2314 5818 αὐτῷ
2329 5735 2414 5812 ’ζῶ
2423 5765 2537 5817 μεν.
2583 5747 2652 5803 Μ.

498 5808 661 5875 ἐσμεν
709 5803 777 5858 et,
805 5807 927 5860 dein
978 5805 1359 5875 παραθήσομεν
1423 5815 1478 5863 et
1533 5807 1598 5859 δι’
1645 5803 1711 5876 ἦς
1753 5803 2048 5876 ἐπερχόμε-
