4082 6450
408 350 551 406 ίῦίδ

1221 395 1226 406 .
1327 345 1418 400 DE
1448 345 1984 403 ECCLESIASTICA
2022 342 2416 402 THEOLOGIA
2454 343 2586 404 LIB.
2625 340 2721 401 ΙΙΙ.

3490 337 3630 400 1046

412 470 658 540 θεότητα.
699 468 765 525 Τί
816 467 928 539 (58)
965 466 1030 538 δὴ
1062 459 1165 520 οῦν-
1193 465 1301 538 χρὴ
1329 463 1648 536 θαυμάζειν,
1681 468 1729 519 εἰ
1767 467 1860 520 καὶ
1885 467 1971 519 ἐπὶ

2077 467 2302 522 vinitate
2336 481 2644 523 commune.
2673 464 2936 533 Quocirca
2969 477 3075 521 non
3119 471 3204 520 est
3241 461 3458 528 mirum,
3486 462 3531 517 si
3569 462 3642 519 de

411 557 505 610 τοῦ
540 556 694 622 Υἰοῦ,
725 558 780 610 αἱ
803 556 1172 626 παραπλήσιοι
1199 554 1456 625 φέρονται
1483 556 1674 624 φωναί·
1703 556 1802 609 ούκ
1825 559 1971 611 ἀναι-

2080 559 2213 616 Filio
2261 560 2394 615 tales
2441 573 2599 614 voces
2644 565 2993 628 usurpentur,
3021 570 3142 627 qua:
3181 555 3401 610 minime
3451 552 3641 607 tollant

415 648 604 720 ροῦσαι
649 649 745 719 μὲν
785 646 948 700 αὐτοῦ
988 646 1086 718 τὴν
1129 645 1425 704 ὑπόστασιν
1473 646 1584 705 ούδῗ
1629 647 1789 702 αὐτὸν
1838 644 1977 701 εἶναι

411 741 630 812 Πατέρα
652 741 747 793 καὶ
765 739 894 793 Υἱδν
916 740 1282 803 διδάσκουσαι,
1297 738 1396 812 τὴν
1415 737 1472 790 δὲ
1493 737 1588 792 τοῦ
1610 739 1822 811 Πατρδς
1842 739 1979 811 πρὸς

411 833 574 888 αὑτὸν
609 832 913 896 ἰδιάζουσαν
935 833 1030 886 καὶ
1071 831 1344 902 ἐξαίρετον
1384 830 1547 902 τιμὴν
1579 832 1673 884 καὶ
1699 831 1856 896 δόξαν
1881 831 1979 900 τῆς

413 925 731 998 μονογενοῦς
755 925 850 979 καὶ
871 925 1057 997 θεῖκῆς
1082 923 1364 988 κοινωνίας
1391 940 1459 976 πε
1468 922 1742 995 ριστῶσαι.

1025 1100 1182 1154 ΚΕΦ.
1221 1102 1354 1154 KA'.

408 1191 609 1259 Ὅπως
637 1190 752 1262 χρὴ
774 1191 937 1247 νοεῖν
974 1193 1068 1246 τό*
1089 1191 1150 1246 '0
1183 1190 1452 1262 ἑωρακὼς
1472 1191 1597 1262 ἐμὲ,
1627 1191 1845 1262 ἑώρακε
1880 1189 1979 1244 καὶ

997 1262 1104 1316 τὸν
1149 1261 1398 1330 Πατέρα.

477 1352 663 1418 Οὕτως
693 1347 786 1407 οῦν
810 1353 908 1410 καὶ
933 1355 966 1407 ὁ
991 1352 1259 1420 ἑωρακὼς
1282 1351 1466 1416 αὑτὸν,
1501 1349 1720 1420 ἑώρακε
1746 1349 1846 1404 καὶ
1872 1349 1981 1404 τὸν

406 1446 664 1514 Πατέρα,
695 1444 774 1516 τῷ
809 1444 965 1517 μόνον
1006 1445 1168 1500 αὐτὸν
1206 1444 1301 1499 καὶ
1344 1445 1545 1516 μηδένα
1588 1443 1744 1498 ἄλλον
1777 1443 1980 1496 εἰκόνα

407 1534 547 1591 εἶναι
587 1535 696 1590 τοῦ
728 1536 876 1590 Θεοῦ
917 1535 1022 1590 τοῦ
1067 1535 1323 1605 ἀοράτου
1362 1536 1456 1589 καὶ
1499 1535 1837 1607 ἀπαύγασμα
1879 1536 1978 1605 τῆς

404 1630 562 1700 δόξης
612 1629 706 1682 καὶ
750 1629 1075 1700 χαρακτῆρα
1120 1631 1221 1700 τῆς
1275 1630 1623 1693 ὑποστάσεως
1673 1627 1860 1694 αὐτοῦ,
1908 1628 1979 1682 ἐν

400 1719 606 1793 μορφῇ
649 1737 714 1775 τε
758 1720 906 1774 Θεοῦ
937 1720 1251 1790 ὑπάρχειν,
1285 1720 1428 1774 κατὰ
1475 1721 1575 1785 τὰς
1616 1720 1977 1783 ἁποστολικὰς

2077 659 2258 705 tamen
2291 650 2460 718 ipsius
2487 649 2822 725 bypostasin,
2857 649 3053 702 nedum
3105 645 3428 699 conﬁrmant
3461 644 3636 714 ipsum

2075 755 2196 796 esse
2224 749 2280 795 et
2312 739 2526 795 Patrem
2559 748 2614 795 et
2644 738 2846 794 Filium
2873 756 2888 792 :
2926 735 3295 791 tantummodo
3341 748 3641 803 repraesen-

2078 840 2192 886 tant
2225 832 2374 885 illam
2418 832 2654 886 divinam
2694 828 2954 898 unigeniti
3002 827 3122 882 Filii
3174 826 3639 886 communionem.

2077 925 2358 989 honorem,
2393 932 2554 994 atque
2587 921 2837 992 gloriam,
2867 934 3029 990 quam
3070 932 3134 973 ex
3175 917 3264 972 illa
3297 931 3326 971 a
3354 915 3516 971 Patre
3541 929 3640 970 suo

2076 1017 2255 1071 habeL

2656 1104 2880 1161 CAPUT
2918 1103 3061 1161 XXI.

2078 1197 2350 1263 Quomodo
2387 1198 2608 1270 intelligi
2631 1199 2812 1270 debeat
2833 1198 2964 1252 illud
2985 1215 3003 1251 :
3024 1214 3043 1248 ι
3077 1195 3182 1263 Qui
3205 1195 3329 1250 vidit
3361 1209 3468 1261 me,
3509 1189 3640 1248 vidit

2572 1311 2583 1320 .
2659 1279 2708 1322 et
2743 1267 2979 1321 Patrem.
3011 1287 3030 1320 ι
3319 1299 3328 1308 -

2147 1361 2220 1415 Ita
2257 1373 2468 1430 quoque
2507 1369 2560 1414 et
2588 1361 2677 1430 qui
2708 1359 2858 1413 illum
2890 1360 3044 1423 vidit,
3070 1358 3200 1412 vidit
3230 1364 3278 1410 et
3323 1355 3541 1409 Patrem
3558 1349 3630 1416 “,

2077 1463 2143 1502 eo
2172 1449 2313 1517 quod
2345 1449 2458 1518 ipse
2492 1449 2638 1504 solus
2664 1449 2758 1511 sit,
2798 1463 2905 1503 non
2939 1457 3119 1502 autem
3153 1447 3294 1501 alius
3325 1443 3594 1515 quispiam
3621 1479 3643 1508 ,

2078 1538 2262 1609 Imago
2293 1538 2390 1592 Dei
2412 1539 2770 1605 invisibilis",
2797 1546 2852 1594 et
2872 1537 3144 1594 emanatio
3162 1533 3592 1591 claritatisillius
3622 1572 3640 1599 ,

2077 1642 2133 1687 et
2167 1632 2453 1687 character
2471 1647 2764 1701 expressus
2801 1633 3154 1702 hypostasens
3186 1628 3304 1699 ejus
3327 1629 3441 1697 qui,
3473 1635 3530 1680 ut
3558 1625 3639 1681 lo-

2077 1724 2262 1792 quitur
2299 1722 2615 1792 Apostolus,
2662 1723 2722 1777 in
2763 1721 2937 1792 [arma
2983 1721 3080 1775 Dei
3121 1720 3390 1790 fuerat“.
3426 1719 3559 1773 Nam
3584 1727 3643 1772 ut

401 1808 769 1872 διδασκαλίας.
813 1809 899 1872 Ὡς
923 1807 1032 1880 γὰρ
1058 1809 1153 1862 καὶ
1177 1811 1207 1863 ὁ
1237 1808 1336 1880 τὴν
1361 1809 1645 1882 βασιλικὴν
1668 1810 1849 1870 εἰκόνα
1872 1809 1971 1881 τὴν

2073 1811 2164 1882 qui
2194 1811 2481 1882 imaginem
2519 1811 2662 1883 regis
2697 1825 3034 1880 expressam,
3061 1825 3166 1879 qua
3191 1808 3453 1865 exactiori
3484 1805 3643 1862 modo

401 1900 488 1954 ἐπ’
516 1898 739 1971 ἀκριϐὲς
760 1899 1196 1970 ὰφωμοιωμένην
1218 1900 1366 1971 αὐτῷ
1385 1900 1705 1972 τεθεαμένος
1725 1901 1850 1972 τοὺς
1871 1901 1977 1974 τῆς⁴

404 1989 619 2061 μορφῆς
643 1989 843 2053 τύπους
867 1989 955 2043 διὰ
985 1991 1085 2062 τῆς
1108 1991 1324 2062 γραφῆς
1354 1992 1803 2063 ἁποματτόμενος
1837 2008 1972 2062 φαν-

399 2080 679 2134 τασιοῦται
707 2081 800 2134 τὸν
832 2080 1074 2150 βασιλέα,
1100 2082 1192 2136 τὸν
1229 2083 1393 2136 αὐτὸν
1433 2082 1654 2155 τρόπον,
1687 2082 1888 2154 μᾶλλον
1913 2083 1971 2137 δὲ

399 2173 540 2242 ὑπὲρ
573 2172 748 2226 πάντα
777 2172 888 2243 (59)
916 2173 1071 2241 λόγον
1110 2174 1307 2237 παντός
1341 2190 1402 2227 τε
1430 2174 1685 2228 ἐπέκεινα
1715 2175 1972 2246 παραδεί-

399 2279 628 2334 γματος,
653 2263 682 2316 ὁ
707 2261 782 2334 νῷ
806 2264 1018 2332 διαυγεῖ
1050 2265 1145 2318 καὶ
1171 2264 1349 2337 ψυχῆς
1375 2265 1810 2338 κεκαθαρμένοις
1833 2267 1981 2338 ἁγίῳη

397 2371 460 2408 τε
501 2353 778 2426 Πνεύματι
809 2354 1240 2424 πεφωτισμένοις
1281 2355 1491 2426 ὄμμασι
1534 2355 1614 2425 τῷ
1651 2373 1710 2409 τε
1755 2355 1969 2427 μεγέθει

396 2444 497 2516 τῆς
524 2445 616 2498 τοῦ
645 2445 961 2516 μονογενοῦς
987 2445 1116 2498 Υίοῦ
1137 2448 1230 2501 κα)⁹
1252 2448 1454 2518 Κυρίου
1484 2447 1763 2518 δυνάμεως
1789 2449 1971 2501 ὲνατε-

398 2535 572 2600 νίσας,
603 2538 697 2591 καὶ
737 2539 1012 2608 ἐννοήσας,
1038 2537 1186 2602 ὅπως
1216 2539 1272 2590 ἐν
1300 2537 1448 2609 αύτῷ
1491 2542 1736 2599 κατοικεῖ
1766 2541 1872 2592 πᾶν
1908 2539 1970 2592 τὸ

398 2627 688 2697 πλήρωμα
711 2626 822 2696 τῆς
853 2626 1143 2698 πατρικῆς
1177 2629 1471 2698 θεότητος,
1500 2631 1594 2684 καὶ
1615 2630 1690 2693 ὡς
1718 2630 1786 2691 τὰ
1819 2631 1970 2699 σύμ-

398 2731 596 2774 παντα
623 2716 709 2770 δι’
734 2717 919 2771 αὐτοῦ
947 2717 1201 2792 ἐγένετο,
1227 2719 1326 2774 καὶ
1358 2719 1428 2772 ἐν
1447 2718 1606 2790 αὐτῷ
1627 2720 1872 2788 ἐκτίσθη
1898 2719 1972 2774 τὰ

398 2805 616 2872 πάντα,
642 2805 716 2861 τὰ
742 2807 812 2861 ἐν
833 2807 958 2877 τοῖς
977 2809 1277 2883 οὐρανοῖς,
1312 2811 1412 2864 καὶ
1451 2811 1524 2864 τὰ
1557 2811 1657 2869 ἐπὶ
1686 2811 1795 2880 τῆς
1835 2812 1967 2882 τῆς·

398 2899 469 2954 τὰ
497 2900 669 2972 ὁρατὰ
705 2902 799 2954 καὶ
841 2901 909 2955 τὰ
949 2901 1174 2977 ἀόρατα·
1220 2902 1574 2974 λογισάμενός
1613 2921 1672 2956 τε
1706 2905 1781 2966 ὡς
1813 2905 1972 2976 μόνον

400 2992 563 3052 αὑτὸν
603 2993 728 3046 Υίὸν
764 2995 1024 3064 μονογενῆ
1067 2994 1258 3062 ἐγέννα
1292 2994 1322 3046 ὁ
1369 2993 1577 3069 Πατὴρ,
1624 2994 1764 3048 κατὰ
1797 2996 1972 3050 πάντα

400 3083 828 3156 ἀφωμοιωμένον
859 3085 1008 3155 αύτῷ
1039 3085 1288 3156 δυνάμει,
1325 3086 1417 3142 καὶ
1463 3085 1623 3140 αὐτὸν
1659 3085 1848 3161 δψεται
1877 3087 1968 3140 τὸν

399 3177 638 3248 Πατέρα,
669 3177 757 3229 διὰ
778 3176 874 3236 τοῦ
903 3177 1032 3230 Υίοῦ
1061 3176 1452 3248 θεωρούμενον,
1471 3178 1581 3240 τοῖς
1605 3177 1705 3248 τὴν
1733 3177 1968 3232 διάνοιαν

398 3266 847 3336 κεκαθαρμένοις,
875 3269 1004 3337 περὶ
1020 3261 1095 3321 ὧν
1117 3268 1331 3337 εἴρηται
1359 3268 1442 3330 τὸ,
1466 3268 1753 3336 Μακάριοι
1783 3273 1838 3324 οἱ
1867 3286 1970 3324 κα-

399 3356 567 3424 θαροὶ
595 3355 670 3425 τῇ
695 3356 927 3429 καρδίᾳ,
960 3355 1051 3409 ὅτι
1076 3357 1245 3409 αὐτοὶ
1279 3356 1386 3409 τὸν
1413 3357 1561 3409 Θεὸν
1589 3358 1860 3425 ὄψονται.

468 3445 654 3503 Ταῦτα
694 3447 789 3518 μὲν
817 3441 909 3500 οῦν
939 3445 1293 3518 προθεμένοις
1319 3448 1452 3518 ἡμῖν
1485 3445 1596 3516 (60)
1639 3448 1840 3502 σκοπὸν
1871 3448 1968 3520 τὴν

401 3534 758 3606 βραχυλογίαν
778 3533 856 3598 ὡς
873 3537 930 3588 ἐν
950 3537 1180 3609 ἐπιτομῇ
1206 3551 1339 3603 γεγυ
1347 3533 1587 3605 μνάσθω·
1624 3535 1880 3606 πλείστης
1909 3537 1967 3590 δὲ

396 3629 530 3697 ὅσης
556 3627 876 3700 ἐξεργασίας
911 3610 1178 3706 δεομένων
1215 3625 1321 3679 τῶν
1350 3625 1491 3679 κατὰ
1516 3626 1609 3679 τὸν
1646 3627 1831 3691 τόπον,
1860 3628 1967 3697 ὅτῳ

401 3717 552 3793 μέλει
583 3718 682 3788 τῆς
718 3717 922 3771 τούτων
979 3715 1243 3788 ἀκριϐοῦς
1276 3716 1627 3792 καταλήψεως
1657 3720 1768 3782 τοῖς
1807 3719 1969 3787 εύαγ-

397 3809 633 3884 γελικοῖς
657 3809 752 3864 καὶ
778 3809 1150 3872 ἀποστολικοῖς
1170 3809 1559 3880 ἁναγνώσμασι
1612 3809 1709 3880 τὴν
1729 3810 1968 3864 διάνοιαν

397 3900 685 3973 ἐπερείσας
711 3901 803 3954 τὸν
836 3900 1014 3954 πάντα
1039 3900 1162 3954 νοῦν
1189 3899 1248 3967 ἐξ
1279 3899 1455 3954 αὐτῶν
1490 3899 1582 3953 ἐπὶ¹
1616 3901 1811 3971 σχολῆς
1839 3902 1970 3954 ἁνα-

395 3991 625 4058 λέξεται·
674 3991 883 4063 μυρίων
911 4009 974 4061 γε
1024 3992 1128 4063 μὴν
1172 3993 1266 4044 καὶ
1293 3992 1466 4046 ἄλλων
1493 3995 1879 4065 ἁσυναρτήτως
1911 3996 1967 4046 ἐν

395 4082 475 4154 τῷ
501 4084 817 4155 Μαρκέλλου
845 4085 1236 4155 συγγράμματι
1261 4101 1582 4156 συμπεφορη
1592 4084 1788 4156 μένων,
1821 4085 1971 4138 πλεί-

399 4191 539 4229 στων
577 4191 638 4227 τε
669 4175 807 4228 ὅσων
850 4175 1104 4239 ἐναντίως
1143 4174 1222 4246 τῷ
1266 4173 1562 4246 βουλήματι
1602 4176 1701 4246 τῆς
1747 4176 1969 4247 Γραφῆς

396 4266 698 4337 εἰρημένων
726 4265 926 4342 ἐτέρων
952 4283 1010 4319 τε
1038 4265 1408 4338 βεϐιασμένων
1438 4267 1531 4319 καὶ
1562 4266 1832 4338 μηδεμίαν
1865 4284 1969 4321 σω-

397 4359 602 4417 σάντων
661 4357 979 4411 ἀκολουθίαν
1027 4358 1201 4410 κοινὸν
1241 4356 1333 4408 τὸν
1379 4355 1598 4426 ἔλεγχον
1647 4359 1968 4429 κατάφωρον

1997 3139 2040 3200 C

2071 1912 2489 1973 repmsentatur
2514 1917 2634 1969 rex,
2663 1902 2907 1960 intuetur
2936 1916 3033 1972 per
3060 1900 3248 1957 forma:
3289 1901 3461 1971 ipsius
3499 1899 3640 1969 figu-

2071 2003 2180 2056 ras,
2207 2004 2304 2060 per
2329 1990 2598 2060 picturam
2625 1990 2924 2060 insculptas
2950 1990 3154 2054 animo,
3169 2004 3349 2060 regem
3377 1989 3643 2058 imagina-

2073 2086 2198 2146 tur;
2230 2081 2297 2136 ad
2329 2081 2580 2136 eumdem
2613 2082 2854 2150 modum,
2893 2091 2988 2138 aut
3024 2083 3203 2153 potius
3237 2097 3400 2152 supra
3429 2096 3644 2136 omnem

2074 2172 2294 2231 modum
2327 2171 2729 2242 rationemque,
2765 2181 2822 2228 et
2859 2187 3022 2242 supra
3060 2172 3338 2242 exemplar
3368 2173 3646 2242 quodcun-

2070 2277 2198 2333 que,
2248 2264 2341 2334 qui
2396 2273 2577 2320 mente
2634 2266 2903 2322 illustrata
2955 2275 3120 2336 atque
3144 2265 3319 2320 oculis
3386 2267 3554 2320 animi
3609 2282 3640 2320 a

2073 2354 2279 2424 Spiritu
2319 2364 2511 2410 sancto
2545 2355 2864 2412 illuminatis
2891 2366 2948 2411 et
2982 2356 3290 2426 purificatis
3336 2354 3641 2410 intuebitur

2072 2454 2309 2501 attentus
2370 2448 2798 2516 magnitudinem
2832 2448 3094 2517 unigeniti
3145 2446 3240 2502 Dei
3277 2444 3420 2512 Filii,
3452 2459 3508 2501 et
3536 2447 3642 2501 Do-

2071 2536 2200 2590 mini
2233 2536 2438 2606 gloriae,
2466 2546 2522 2593 et
2550 2537 2692 2607 apud
2725 2543 2783 2601 >14
2810 2538 3050 2592 animum
3084 2553 3241 2592 suum
3286 2539 3640 2606 reputaverit,

2071 2626 2301 2696 qualiter
2329 2629 2382 2681 in
2411 2642 2476 2682 eo
2511 2628 2718 2684 habitet
2751 2628 2930 2682 omnis
2964 2627 3236 2697 plenitudo
3276 2641 3514 2696 paterna:
3553 2627 3639 2678 di-

2069 2718 2305 2771 vinitatis
2326 2716 2395 2783 ‘7,
2423 2727 2479 2772 et
2505 2719 2645 2787 quod
2668 2719 2844 2772 omnia
2868 2735 2961 2787 per
2981 2719 3148 2785 ipsum
3179 2718 3322 2786 facta
3359 2719 3464 2772 sint
3488 2717 3554 2782 ³⁸,
3585 2729 3641 2771 et

2070 2807 2214 2862 ineo
2257 2808 2461 2863 condita
2489 2809 2597 2862 sint-
2616 2810 2878 2874 universa,
2904 2823 3021 2879 qua:
3052 2809 3108 2862 in
3140 2808 3304 2874 caelis,
3333 2819 3378 2862 ει
3400 2824 3518 2876 quae
3547 2825 3639 2862 su-

2069 2917 2162 2969 per
2193 2912 2388 2956 terram
2417 2910 2562 2967 sunt,
2603 2900 2831 2955 visibilia
2863 2913 2909 2955 et
2954 2899 3238 2954 invisibilia
3257 2899 3336 2965 ⁶⁹;
3366 2909 3420 2954 et
3458 2914 3640 2954 recor-

2072 2992 2231 3047 datus
2264 2992 2424 3047 fuerit
2455 2991 2599 3062 quod
2627 2992 2783 3046 illum
2811 2991 2982 3047 solum
3014 2989 3213 3046 Filium
3247 2992 3346 3046 sibi
3395 2992 3642 3062 unigeni-

2073 3092 2186 3138 tum
2216 3084 2460 3154 genuerit
2486 3083 2666 3150 Pater,
2692 3085 2890 3138 virtute
2925 3083 3025 3154 ipsi
3065 3099 3165 3154 per
3201 3082 3378 3137 omnia
3423 3083 3641 3137 assimi-

2070 3172 2236 3228 latum
2267 3190 2286 3257 _:
2325 3175 2389 3239 is,
2424 3183 2490 3257 et
2513 3175 2708 3245 ipsum,
2737 3175 2924 3230 iisdem
2976 3175 3172 3229 mentis
3205 3173 3374 3228 oculis
3406 3175 3560 3242 puris
3587 3183 3644 3228 et

2070 3253 2363 3330 defzeca'lis,
2403 3253 2619 3320 Patrem
2656 3267 2952 3320 intuebitur
2995 3265 3050 3320 in
3091 3263 3228 3320 Filio
3265 3265 3642 3320 resultantem.

2069 3354 2227 3411 Tales
2264 3355 2374 3410 sint
2398 3355 2464 3408 de
2491 3357 2686 3424 quibus
2711 3356 2913 3411 dictum
2942 3363 3024 3411 est
3049 3373 3062 3409 :
3089 3353 3243 3409 Beati
3291 3355 3380 3426 qui
3441 3357 3640 3410 mundo

2068 3455 2188 3502 sunt
2229 3449 2421 3511 corde,
2474 3448 2723 3516 quoniam
2804 3447 2907 3515 ipsi
2988 3447 3234 3501 videbunt
3271 3446 3520 3501 Deum”.

2135 3540 2310 3609 Atque
2339 3540 2444 3595 ista
2463 3541 2680 3608 quidem
2699 3539 2842 3594 velut
2863 3553 2960 3608 per
2980 3539 3254 3609 epitomen
3288 3537 3398 3594 sint
3425 3553 3455 3592 a
3479 3539 3636 3592 nobis

2067 3630 2342 3686 elaborata
2391 3649 2406 3685 :
2463 3632 2658 3701 quippe
2698 3631 2791 3701 qui
2837 3631 3154 3686 brevitatem
3218 3640 3470 3698 tanquam
3516 3645 3639 3685 sco-

2068 3737 2196 3793 pum
2231 3703 2511 3792 quemdam
2551 3721 2703 3777 nobis
2728 3736 3198 3792 praposueramus.
3219 3721 3287 3775 Et
3319 3732 3463 3775 certe
3495 3722 3637 3774 mul-

2071 3823 2125 3868 ta
2181 3812 2273 3867 illa
2344 3827 2509 3882 opera
2568 3822 2731 3882 atque
2799 3811 3086 3868 sedulitate
3139 3811 3463 3867 exascianda
3523 3811 3638 3865 fue-

2069 3912 2194 3958 rant
2240 3911 2374 3974 quae'
2405 3905 2520 3960 haec
2571 3912 2835 3973 spectant.
2872 3903 2930 3959 ln
2986 3904 3129 3974 quod
3161 3905 3206 3958 si
3234 3904 3356 3973 quis
3383 3903 3511 3958 velit
3539 3918 3634 3957 ac-

2069 3996 2308 4050 curatius
2335 3995 2670 4062 incumbere,
2703 3996 2770 4050 de
2802 3995 3032 4051 lectione
3065 3995 3390 4065 evangelicae
3420 4003 3476 4050 et
3513 4009 3639 4064 apo-

2069 4088 2278 4144 stolicae
2309 4088 2639 4157 Scriptum,
2684 4087 2972 4157 diligenter
3009 4088 3417 4150 animadversas,
3467 4088 3636 4141 nmlm

2069 4179 2286 4247 quidem
2320 4178 2472 4245 plura
2504 4176 2760 4246 colligere
2806 4175 3027 4245 poterit,
3055 4189 3177 4244 qua:
3223 4172 3463 4228 Marcelli
3503 4173 3632 4226 illud

2070 4282 2204 4336 opus
2249 4267 2508 4321 dissolute
2549 4276 2886 4336 compactum
2945 4265 3213 4320 refellant.
3252 4264 3311 4318 In
3357 4277 3465 4333 quo
3506 4279 3632 4331 pro-

2072 4360 2212 4413 fecto
2250 4367 2500 4414 sexcenta
2550 4358 2855 4413 isdusmodi
2892 4357 3252 4425 reperiuntur,
3287 4371 3407 4425 quae
3445 4367 3633 4411 contra

392 4449 693 4518 γεγονέναι,
725 4447 877 4520 παρὰ
915 4452 1028 4512 τοῖς
1059 4447 1375 4523 εὐφρονοῦσι
1407 4447 1494 4500 διὰ
1534 4447 1641 4500 τῶν
1702 4448 1832 4523 ἡμῖν
1882 4447 1969 4512 ἐξ·

2072 4463 2292 4505 sensum
2337 4458 2392 4505 et
2449 4451 2770 4505 sententiam
2830 4450 3127 4520 Scriptura:
3184 4448 3420 4503 militant
3461 4457 3634 4501 :sunt

393 4543 704 4610 ετασμένων
728 4539 1046 4611 ήγούμενος,
1073 4538 1281 4602 τούτοις
1311 4537 1718 4613 ἀρκεσθήσομαι
1743 4539 1873 4608 (6i).

2078 4555 2198 4610 qua:
2245 4539 2352 4593 vim
2401 4538 2694 4610 Scriptum
2757 4539 2998 4594 inferunt
3075 4536 3454 4602 manifestam,
3512 4551 3635 4605 quae

396 4633 595 4686 nullam
657 4633 811 4702 plane
847 4634 1133 4687 observant
1178 4633 1660 4701 consequentiam,
1705 4648 1824 4704 quae
1875 4640 2014 4707 apud
2061 4641 2350 4708 prudentes
2407 4633 2754 4691 manifestam
2809 4635 3106 4698 insinuant,
3150 4634 3244 4689 sed
3288 4646 3633 4688 communem

391 4732 444 4775 et
482 4723 768 4791 proclivem
802 4722 1180 4779 refutationem
1209 4738 1304 4794 per
1335 4739 1394 4778 se
1427 4723 1680 4779 aliorum.
1725 4725 1830 4780 Sed
1868 4742 1965 4781 nos
2005 4729 2154 4784 hisce
2181 4732 2418 4784 contenti
2447 4728 2676 4794 erimus,
2737 4740 2858 4794 quae
2913 4725 2982 4779 ad
3012 4722 3439 4793 disquisitionem
3475 4736 3632 4776 voea-

392 4818 568 4870 vimus
593 4817 647 4870 in
677 4818 950 4886 priesenti.

389 4910 685 4966 Εὑσεϐίου
724 4909 841 4964 τῶν
870 4912 1019 4966 κατὰ
1050 4915 1400 4981 Μαρκέλλου
1444 4916 1707 4985 ἐλέγχων
1744 4915 1938 4982 τέλος.

2203 4915 2477 4969 Librorum
2509 4913 2722 4969 Eusebii
2751 4922 2934 4968 contra
2973 4912 3284 4968 Marcellum
3310 4915 3454 4980 finis.

466 5055 524 5128 ᾧ
547 5047 644 5128 βαι.
669 5048 1152 5128 Paris‘q'pagxlﬂs.
1224 5051 1436 5128 “Joan.
1457 5071 1566 5121 xiv,
1586 5055 1637 5110 9.
1705 5055 1749 5085 ⁸⁵
1775 5054 1971 5108 (loloss.

2072 5054 2147 5107 15.
2225 5055 2269 5084 ³⁵⁸
2285 5054 2512 5124 Philipp.
2534 5055 2665 5119 ",6.
2742 5056 2785 5086 ⁸⁷
2813 5053 3019 5110 Coloss.
3044 5069 3103 5120 ιι,
3135 5053 3189 5108 9.
3268 5053 3311 5085 ⁸⁸
3339 5053 3494 5108 .Iuan.
3518 5054 3631 5118 1,5.

390 5117 436 5149 "
464 5118 669 5173 Coloss.
697 5134 737 5184 ι,
767 5119 854 5174 ‘20.
884 5117 896 5120 ⁷
928 5119 973 5151 ⁸⁸³
1005 5119 1194 5176 Matth.
1229 5138 1280 5190 ν,
1312 5125 1368 5178 8.

459 5246 749 5327 (ξξμζιιιεο
770 5247 848 5327 δέ,
871 5258 926 5303 et
953 5266 1075 5305 mox
1097 5253 1493 5327 παραπλήσιαι.

482 5319 571 5389 59)
603 5317 707 5389 illi).
732 5335 760 5370 τ
768 5319 951 5389 ρόπιν.

482 5323 571 5385 59)
603 5323 707 5384 Mp.
732 5323 951 5389 τρόπον.
1181 5323 1184 5324 ⁷
1342 5323 1354 5327 ⁷

454 5323 569 5459 ἔδυ)
603 5386 766 5458 Vt"ii"
804 5401 924 5459 Ρῦδι
981 5393 1176 5468 σκοτιὺέι
1236 5395 1359 5451 adJ.
1412 5401 1566 5468 τινάς
1623 5420 1747 5460 ωοΧ
1799 5405 1956 5478 vulgo

2067 5261 2265 5334 μέλλει.

2133 5334 2241 5402 (61)
2274 5331 2438 5402 Vulgo
2461 5331 2951 5403 ἐξάρχεσθήσομαι.
