4082 6380
509 327 650 387 1C6"!

1181 335 1451 396 EUSEBII
1488 339 1967 397 CIESARIENSIS
2006 342 2157 400 OPP.
2199 345 2384 402 PARS
2422 343 2513 402 IV.
2553 377 2622 388 —
2660 348 3084 408 DOGMATICA.

548 482 3753 537 Ἥ

1250 670 2009 827 EUSEBII
2089 676 2317 830 PA
2339 679 3007 832 MPHILI

819 956 1552 1070 C/ESARE/E
1634 961 1785 1074 IN
1870 963 2713 1079 PALfESTlNA
2794 967 3437 1087 EPISCOP‘I

1512 1204 2339 1336 OPUSCULA
2397 1211 2736 1341 XIV.

542 1442 819 1506 Primum
858 1445 926 1505 in
958 1441 1371 1535 lucem/edita
1401 1441 1624 1535 studio
1657 1449 1717 1502 et
1746 1457 1937 1535 Opera
1971 1443 2566 1535 JacobiHSjrmondi.
2598 1447 2924 1535 societatis
2955 1453 3114 1514 Iesu
3146 1453 3524 1535 presbyteri,
3562 1465 3625 1520 et
3678 1477 3714 1520 a

1160 1520 1504 1583 Gallandio
1535 1537 1761 1583 recusa
1790 1530 1944 1583 tom.
1977 1523 2059 1582 1V
2099 1522 2495 1586 Bibliothecw
2522 1536 2797 1587 veterum
2823 1529 3109 1595 Patrum.

956 1820 1138 1930 DE
1218 1821 1550 1932 FIDE
1631 1819 2384 1938 ADVERSUS
2465 1825 3308 1942 SABELLIUM.

1677 2179 2026 2267 LIBER
2108 2179 2603 2266 PRIMUS.

562 2366 700 2420 Sunt.-
746 2366 1038 2421 tacentium
1065 2383 1184 2437 qua:
1223 2368 1497 2433 dicuntur,
1535 2381 1589 2425 et
1617 2371 1909 2424 dicentium
1945 2387 2064 2438 quae
2093 2378 2139 2433 Α
2171 2381 2282 2423 erat
2321 2372 2460 2436 apud
2486 2369 2687 2432 Deum,
2721 2380 2766 2424 et
2804 2371 2938 2424 Deus
2964 2380 3078 2425 erat
3109 2370 3337 2426 Verbum
3359 2387 3378 2425 :
3417 2375 3514 2427 hac
3554 2384 3667 2427 erat
3699 2375 3759 2428 in

489 2466 756 2513 tacentur.
783 2458 1028 2514 Charitas
1048 2461 1190 2514 enim
1211 2475 1315 2514 non
1333 2462 1614 2526 dividitur,
1643 2478 1747 2517 non
1767 2464 2063 2533 spernitur.

489 2549 767 2620 Siquidem
799 2560 853 2605 et
882 2551 973 2619 qui
1006 2560 1144 2606 tacet
1179 2567 1273 2622 per
1304 2553 1467 2608 alium
1491 2555 1752 2626 loquitur,
1779 2565 1834 2610 et
1855 2557 1945 2625 qui
1989 2556 2067 2610 lo-

487 2643 674 2707 quitur
721 2657 818 2710 per
863 2643 1026 2698 alium
1072 2652 1234 2700 tacet.
1291 2645 1346 2701 l'n
1379 2661 1487 2700 uno
1519 2649 1663 2701 enim
1691 2662 1917 2717 corpore
1958 2664 2064 2703 non

485 2734 666 2786 omnia
717 2736 956 2789 membra
1009 2735 1323 2804 loquuntur,
1379 2753 1441 2793 os
1492 2754 1588 2807 pro
1616 2741 1866 2794 omnibus
1893 2739 2066 2808 loqui-

489 2835 596 2881 tur.
642 2825 770 2880 Sive
806 2826 975 2897 igitur
1012 2843 1202 2882 omnes
1247 2829 1552 2900 loquamur,
1598 2832 1713 2885 sive
1757 2848 1916 2894 unus,
1952 2833 2066 2886 sive

486 2917 706 2982 plures;
755 2916 1014 2973 Dominus
1044 2918 1282 2986 loquitur
1303 2961 1318 2979 ,
1349 2921 1439 2988 qui
1474 2921 1642 2974 dicit:
1683 2921 1796 2992 Ego
1826 2939 1977 2987 sum;
2012 2931 2065 2977 et

487 3009 683 3062 iterum
715 3009 879 3064 dicit:
917 3009 1031 3078 Ego
1072 3026 1211 3063 sum.
1265 3011 1400 3065 Cum
1430 3028 1558 3082 ergo
1595 3015 1707 3080 ipse
1752 3015 1918 3080 dicit,
1956 3015 2065 3085 Ego

485 3115 601 3152 sum
626 3140 642 3164 ,
674 3110 729 3152 tu
760 3103 1003 3155 censenti
1036 3103 1160 3170 quia
1207 3101 1322 3169 ipse
1348 3114 1462 3167 est,
1503 3116 1559 3157 ut
1589 3113 1638 3160 et
1676 3117 1726 3158 tu
1763 3106 1858 3160 ﬁas
1893 3107 2064 3177 parti-

484 3207 632 3259 ceps.
667 3191 808 3246 Dicit
838 3193 1128 3250 Dominus:
1153 3194 1268 3265 Ego
1303 3211 1454 3250 sum:
1476 3206 1530 3251 et
1575 3214 1734 3253 nemo
1766 3201 1908 3253 dicat
1939 3201 2061 3268 quia

485 3299 593 3337 non
622 3293 725 3338 est.
770 3285 910 3340 Dicit
946 3286 1107 3341 Pater
1139 3307 1151 3342 :
1190 3287 1294 3342 Hic
1325 3299 1426 3351 est,
1454 3290 1666 3357 suscipe
1689 3300 1744 3344 et
1769 3307 2064 3358 venerare;

482 3387 536 3428 ιιι
569 3376 707 3430 Filio
758 3378 957 3436 dicenti
994 3378 1149 3448 :Ego
1205 3398 1345 3435 sum.
1398 3383 1576 3435 crede.
1619 3379 1789 3437 crede
1833 3398 1964 3437 sane
2011 3393 2065 3437 et

482 3468 644 3522 Patre
683 3469 1088 3524 demonstrante
1127 3472 1250 3538 quia
1303 3472 1466 3524 habet
1506 3471 1696 3525 Filium
1742 3472 1875 3540 (62).
1928 3474 2065 3526 Dicit

480 3561 624 3613 enim
655 3561 836 3623 Pater,
870 3559 971 3614 Hic
999 3571 1078 3616 est
1121 3577 1137 3616 :
1171 3563 1261 3630 qui
1315 3563 1444 3616 hic?
1473 3562 1650 3616 Filius
1683 3582 1856 3626 .meus,
1893 3564 1963 3617 ait
1992 3565 2060 3617 ⁸¹.

481 3650 596 3704 Non
633 3662 810 3705 tamen
843 3668 942 3708 vox
968 3669 1112 3718 mea,
1135 3663 1227 3707 aut
1257 3658 1524 3725 cogitatus
1551 3672 1736 3722 meus;
1767 3659 1859 3712 sed
1887 3657 2065 3712 Filius.

2167 2462 2429 2530 principio
2456 2463 2596 2530 apud
2614 2461 2781 2515 Deum
2805 2463 2872 2514 ⁸³.
2914 2463 2975 2516 Ει
3003 2477 3144 2531 saepe
3169 2463 3320 2528 dicit,
3355 2463 3526 2518 Erat:
3555 2477 3608 2520 et
3633 2466 3762 2536 qui-

2167 2554 2291 2608 dam
2321 2569 2389 2609 ne
2412 2553 2628 2622 quidem
2660 2553 2824 2608 semel
2850 2553 3181 2608 contendunt
3205 2556 3348 2625 quod
3375 2566 3479 2618 est,
3515 2556 3610 2608 sed
3652 2573 3760 2613 nec

2168 2643 2336 2698 semel
2369 2643 2508 2697 dixit
2534 2645 2600 2697 de
2635 2642 2795 2707 Filio,
2826 2640 2928 2695 Hic
2970 2655 3065 2697 est.
3114 2642 3218 2698 Sed
3263 2658 3384 2698 cum
3413 2645 3760 2704 venitFilius

2165 2746 2227 2790 ut
2275 2735 2525 2806 impleret
2573 2750 2787 2790 omnem
2833 2733 3099 2803 justitiam
3152 2752 3246 2806 per
3281 2735 3510 2792 Joannis
3557 2739 3744 2808 bapti-

2165 2840 2366 2891 smum,
2399 2826 2525 2895 quia
2579 2835 2788 2893 tempus
2835 2835 2952 2879 erat
3004 2835 3061 2878 ut
3104 2825 3256 2894 signa
3287 2826 3514 2889 faceret,
3565 2837 3617 2882 et
3653 2829 3751 2883 de—

2167 2925 2504 2972 monstraret
2529 2916 2780 2972 virtutem
2809 2931 2929 2986 qua:
2951 2925 3069 2971 erat
3099 2919 3360 2972 absconsa
3388 2935 3401 2971 :
3437 2928 3494 2971 ut
3530 2935 3597 2973 ne
3628 2921 3751 2988 quis

2165 3018 2381 3078 putaret
2432 3008 2554 3076 quia
2601 3017 2661 3062 ut
2709 3009 2872 3064 homo
2923 3025 3090 3078 purus
3131 3009 3381 3080 indigens
3425 3012 3746 3078 baptismum

2165 3104 2315 3157 venit
2353 3102 2418 3155 ad
2463 3100 2793 3170 baptismum
2845 3099 2959 3172 (65)
2993 3120 3006 3156 :
3043 3101 3250 3169 primus
3288 3100 3525 3156 Joannes
3565 3114 3744 3171 utpote

2164 3212 2270 3250 vox
2318 3210 2423 3248 non
2476 3201 2657 3257 tacet;
2715 3192 2806 3261 qui
2838 3206 2940 3244 vox
2991 3191 3208 3258 quidem
3247 3191 3559 3257 dicebatur,
3589 3194 3743 3245 homo

2166 3297 2344 3340 autem
2391 3292 2525 3342 erat.
2579 3281 2637 3338 Si
2679 3283 2844 3352 igitur
2868 3281 3104 3337 Joannes
3151 3282 3243 3351 qui
3288 3297 3393 3334 vox
3430 3282 3608 3336 dictus
3641 3298 3745 3336 non

2166 3379 2429 3432 interimit
2491 3376 2767 3432 hominem
2831 3373 2988 3445 (66),
3052 3374 3227 3443 magis
3286 3372 3459 3427 Filius
3510 3373 3748 3427 Verbum

2165 3471 2342 3524 dictus
2390 3486 2493 3523 non
2539 3467 2815 3538 intercipit
2858 3467 3047 3521 Deum.
3124 3466 3312 3536 Neque
3359 3467 3503 3522 enim
3537 3466 3748 3521 Zacha-

2166 3567 2273 3614 rias
2308 3576 2493 3616 vocem
2529 3561 2734 3630 genuit,
2769 3573 2944 3628 neque
2973 3558 3252 3613 ‘Elisabeth
3291 3574 3474 3614 vocem
3509 3563 3742 3630 peperit.

2164 3651 2350 3720 Neque
2393 3653 2531 3706 Deus
2564 3650 2824 3716 Verbum,
2853 3665 2974 3704 eum
3005 3650 3099 3717 qui
3145 3663 3212 3702 ex
3244 3664 3372 3705 voce
3405 3660 3490 3704 est
3529 3653 3735 3720 genuit,

478 3759 650 3800 meus.
680 3745 874 3810 inquit,
902 3746 985 3798 hic
1012 3755 1112 3811 est;
1149 3745 1316 3801 Filius
1340 3763 1490 3802 meus
1512 3749 1914 3804 dilectissimus.
1947 3750 2060 3804 Non

2166 3743 2258 3794 sed
2305 3742 2473 3794 Deum
2507 3740 2743 3795 Verbum
2775 3759 2788 3795 :
2821 3740 2945 3808 quia
2976 3737 3213 3794 Joannes
3256 3741 3468 3809 quidem
3511 3754 3615 3794 vox
3645 3754 3738 3793 vo-

482 3836 573 3902 qni
601 3837 909 3889 contrarius
939 3847 1025 3891 est
1054 3839 1214 3903 mihi,
1246 3840 1339 3894 sed
1367 3841 1460 3909 qui
1494 3857 1579 3895 me
1605 3842 1837 3896 honorat
1867 3853 1919 3896 et
1946 3844 2064 3895 dili-

479 3927 578 3994 git.
613 3927 705 3980 Est
733 3928 875 3982 enim
896 3928 1067 3984 Filius
1095 3942 1148 3983 ut
1176 3930 1365 3996 Filius,
1388 3941 1443 3987 et
1470 3943 1553 3988 est
1577 3933 1745 3989 Filius
1771 3935 1862 3988 Dei
1895 3948 1950 3988 ut
1973 3936 2061 3988 Fi-

481 4019 606 4077 lius.
659 4019 727 4074 Et
773 4036 894 4075 cum
937 4024 1005 4076 sit
1044 4024 1134 4077 Dei
1169 4023 1362 4089 Filius,
1389 4035 1567 4080 tamen
1604 4042 1708 4080 non
1753 4029 2061 4082 intermittit

477 4127 644 4164 unum
673 4115 956 4182 imperium
994 4114 1170 4171 Patris
1201 4115 1337 4188 (6'5).
1373 4117 1434 4174 Si
1466 4119 1609 4172 enim
1647 4118 1751 4173 alia
1785 4120 2061 4189 placerent

477 4202 650 4266 Patri,
684 4205 786 4256 alia
815 4203 1018 4261 faceret
1040 4207 1248 4275 Filius;
1282 4209 1347 4263 lis
1369 4222 1425 4264 et
1451 4209 1718 4264 dissensio
1745 4211 2055 4275 haberetur,

477 4304 530 4350 et
602 4297 999 4363 periclitaretur
1047 4309 1224 4354 unitas
1290 4300 1527 4368 imperii.
1581 4300 1636 4354 Si
1681 4312 1858 4356 autem
1889 4303 2060 4368 dicit,

473 4403 593 4452 quae
626 4391 727 4454 ipsi
768 4389 971 4453 placent
1005 4393 1145 4457 facio
1185 4408 1387 4460 semper
1411 4393 1457 4425 ⁸²
1490 4392 1641 4462 (64);
1673 4394 1796 4462 quia
1842 4409 1904 4448 ea
1938 4409 2059 4462 quae

475 4483 690 4549 placent
719 4480 864 4535 Patri
921 4498 1138 4552 semper
1181 4482 1332 4547 facit,
1383 4499 1558 4552 neque
1603 4486 1911 4538 contrarius
1951 4495 2056 4548 est,

475 4589 652 4641 neque.
682 4574 954 4642 dissentit,
983 4591 1158 4644 neque
1181 4575 1502 4631 adversatur
1531 4576 1676 4630 Patri
1711 4594 1724 4631 :
1761 4577 1853 4630 sed
1880 4576 2056 4631 hono-

477 4666 651 4719 riﬁcat
673 4676 728 4720 ct
753 4669 1096 4736 diligitsnum
1123 4670 1446 4737 genitorem,
1472 4671 1630 4739 eique
1667 4671 1868 4724 obedit.
1915 4670 2057 4724 Scri-

477 4769 622 4824 ptum
649 4769 765 4813 est:
800 4759 898 4812 llic
927 4771 1026 4825 est,
1060 4760 1168 4829 Ego
1193 4778 1351 4826 sum;
1389 4772 1446 4816 et
1478 4778 1492 4814 :
1531 4760 1597 4814 lu
1623 4761 1886 4830 principio
1919 4773 2051 4815 erat.

2165 3833 2409 3897 cabatur,
2447 3833 2608 3886 homo
2647 3842 2826 3886 autem
2865 3842 3028 3887 erat:
3073 3833 3148 3887 ita
3189 3843 3243 3887 et
3291 3833 3550 3887 Dominus
3578 3831 3739 3887 Jesus

2162 3937 2216 3980 et
2253 3927 2487 3980 Verbum
2518 3926 2718 3979 dicitur
2749 3942 2854 3980 non
2883 3927 3188 3992 visibiliter,
3221 3930 3314 3981 sed
3335 3925 3571 3981 Verbum
3600 3928 3746 3983 Deus

2161 4030 2216 4074 et
2243 4021 2381 4089 apud
2411 4019 2583 4074 Deum
2619 4037 2632 4072 :
2666 4033 2768 4072 non
2796 4019 2970 4072 solum
3001 4017 3254 4082 Verbum,
3282 4035 3460 4088 neque
3499 4035 3602 4072 una
3637 4033 3745 4074 vox

2161 4128 2226 4166 ex
2261 4113 2464 4174 multis,
2501 4112 2594 4166 sed
2635 4111 2949 4180 unigenitus
2982 4111 3143 4166 Deus.
3185 4111 3321 4178 Quia
3362 4112 3528 4182 igitur
3556 4111 3749 4166 venie-

2161 4207 2257 4258 bat
2291 4214 2346 4258 ut
2374 4206 2740 4273 baptizaretur
2777 4213 2995 4274 propter
3020 4217 3140 4268 nos,
3181 4201 3417 4257 Joannes
3447 4213 3746 4272 antequam

2161 4299 2622 4366 apprOpinquarct
2649 4298 2740 4365 qui
2766 4296 3122 4366 baptizandus
3149 4304 3290 4361 erat,
3323 4295 3450 4365 quia
3481 4311 3583 4349 vox
3615 4305 3744 4350 erat

2159 4405 2264 4441 non
2303 4389 2490 4455 tacuit,
2515 4389 2606 4443 sed
2639 4389 2888 4443 clamavit
2917 4389 3102 4445 dicens
3132 4407 3144 4442 :
3170 4388 3342 4458 quid?
3371 4389 3506 4442 Ecce
3551 4389 3745 4459 Agnus.

2154 4479 2256 4533 Dei
2280 4478 2346 4531 ⁵⁸.
2407 4479 2598 4535 Nonne
2652 4481 2852 4535 dictum
2911 4481 3015 4534 hoc
3063 4480 3305 4535 ostendit
3357 4495 3479 4536 eum
3528 4493 3620 4557 qui
3675 4490 3748 4542 ad

2160 4572 2480 4640 baptismum
2506 4573 2768 4636 venerat?
2795 4573 2884 4641 qui
2909 4574 3050 4628 enim
3073 4573 3384 4647 videbatur,
3412 4590 3530 4634 erat
3551 4581 3749 4651 Agnus

2158 4665 2252 4718 Dei
2280 4683 2293 4718 :
2326 4665 2417 4731 qui
2471 4674 2650 4720 autem
2699 4665 3092 4734 occultahatnr.
3149 4674 3402 4728 sacerdos
3437 4674 3551 4729 Dei.
3596 4674 3749 4728 Dicit

2153 4773 2282 4824 ergo
2314 4755 2584 4821 Joannes,
2617 4756 2754 4812 Ecce
2783 4758 2959 4832 Agnus
2988 4764 3107 4820 Dei.
3154 4765 3269 4819 Non
3302 4773 3420 4820 erat
3451 4774 3510 4818 ut
3535 4766 3749 4820 diceret

474 4846 530 4903 Si
573 4851 716 4902 enim
771 4849 984 4904 Patrem
1029 4851 1354 4921 interrogas,
1393 4853 1525 4906 dicit
1568 4869 1582 4906 :
1628 4850 1733 4904 Hic
1771 4862 1847 4906 est
1878 4850 2054 4905 Filius
2157 4848 2377 4915 Filium,
2410 4865 2516 4903 non
2548 4861 2665 4907 erat
2701 4856 2986 4910 utdieeret
3014 4872 3217 4927 regem.
3265 4859 3371 4912 Sed
3415 4858 3540 4926 quia
3590 4859 3749 4912 desi-

471 4957 617 4994 meus
671 4940 1104 4995 dilectissimus:
1152 4950 1208 4996 et
1259 4959 1364 4996 non
1410 4941 1584 4997 solum
1646 4943 1800 5006 dicit,
1853 4943 1946 4996 sed
2002 4953 2056 4996 et
2154 4943 2416 4999 derahant
2447 4942 2575 5016 justi
2629 4955 2683 4999 et
2731 4949 3007 5016 prophetae
3053 4958 3109 5003 et
3162 4964 3340 5020 reges,
3391 4959 3448 5004 ut
3488 4949 3751 5005 viderent

471 5036 730 5101 ostendit.
782 5033 841 5089 Si
889 5050 918 5087 a
945 5033 1084 5089 Filio
1126 5037 1388 5105 requiras,
1432 5037 1603 5091 dicit:
1637 5034 1750 5104 Ego
1797 5054 1913 5090 sum
1947 5053 1965 5091 :
1999 5046 2053 5092 et
2153 5037 2383 5092 salutem
2423 5038 2630 5107 mundi,
2667 5041 2874 5109 peccati
2900 5041 3500 5112 mortem,corruptelaa
3525 5053 3752 5094 necem.

474 5127 575 5181 hoc
603 5128 940 5196 frequenter,
972 5127 1017 5180 si
1049 5127 1399 5196 Evangelium
1424 5128 1581 5198 legis,
1607 5128 1850 5183 invenies
1877 5129 2052 5186 diccn-
2077 5117 2122 5183 C
2155 5129 2291 5196 Quia
2319 5131 2465 5186 enim
2515 5132 2618 5188 ista
2650 5142 2774 5188 erat
2816 5134 3150 5202 exspectatio
3189 5133 3481 5201 jnstorum,
3518 5135 3758 5203 quando

475 5230 616 5276 tem:
639 5221 707 5274 In
745 5221 1007 5290 principio
1035 5232 1168 5283 erat,
1194 5231 1270 5287 et,
1294 5222 1432 5305 apud
1452 5219 1619 5273 Deum
1647 5232 1777 5286 erat,
1809 5233 1884 5286 et,
1909 5221 2049 5276 Deus
2154 5225 2366 5279 veniret
2392 5225 2439 5280 is
2463 5226 2555 5294 qui
2584 5237 2769 5281 nosset
2794 5235 2848 5281 et
2878 5225 3174 5281 resolveret
3196 5241 3260 5280 ea
3291 5241 3412 5296 qua:
3442 5239 3536 5295 per
3560 5225 3752 5280 Adam

470 5320 585 5364 erat
616 5331 634 5370 :
663 5312 730 5367 1η
771 5315 1029 5384 principio
1085 5315 1227 5368 enim
1283 5321 1397 5367 erat
1451 5310 1698 5380 Verbum,
1744 5330 1793 5370 et
1823 5317 2048 5372 Verbum

2157 5318 2299 5372 mala
2343 5319 2564 5375 inducta
2601 5332 2750 5387 sunt,
2777 5320 2897 5376 ideo
2921 5318 3069 5376 venit
3089 5328 3144 5374 et
3171 5320 3422 5391 apparuit
3452 5317 3754 5376 Dominus.

541 5430 584 5462 ‘“
623 5431 811 5488 Matth.
843 5450 930 5496 Ill,
967 5435 1056 5488 17.
1129 5437 1174 5467 ⁸·
1197 5434 1354 5490 Joan.
1383 5436 1618 5498 vm,29.
1695 5437 1739 5468 ⁸³
1768 5435 1927 5490 Joan.
1956 5454 1994 5500 ι,
2040 5438 2059 5492 1

2164 5477 2176 5490 .
2250 5437 2299 5469 ⁸⁵
2334 5439 2467 5493 ibid.
2497 5439 2590 5495 29.

543 5523 653 5593 (62)
680 5527 1096 5582 Emendationes
1129 5537 1180 5582 et
1206 5530 1367 5582 variae
1398 5529 1675 5591 lectiows,
1704 5546 1766 5582 ex
1791 5531 1908 5583 cod.
1939 5546 2038 5583 ms.

470 5595 530 5648 S.
567 5596 803 5649 (Im-aelii
833 5598 1301 5665 Compendiensis.
1349 5597 1513 5652 Crede
1543 5617 1667 5653 sane
1699 5614 1744 5654 et
1772 5601 1925 5654 Patri
1955 5604 2044 5654 de~

469 5667 788 5734 nitrastrattti
815 5670 938 5734 quia
968 5669 1117 5720 habet
1142 5678 1191 5722 et
1224 5667 1441 5722 Filium.

550 5732 909 5806 t65)_Ms.'Et
956 5753 1072 5806 cum
1126 5739 1193 5788 sit
1233 5737 1330 5794 Dei
1360 5737 1558 5806 Filius,
1615 5756 1716 5793 non
1754 5742 2047 5796 internnttit

476 5806 644 5858 illum
678 5804 950 5872 imperium
980 5803 1177 5868 Patris.

2224 5530 2334 5612 (tit)
2374 5531 2472 5586 Ms.
2511 5533 2574 5589 Si
2610 5544 2783 5588 autem
2816 5534 2946 5588 dicit
2977 5531 3185 5603 Filius,
3218 5533 3348 5600 Quae
3376 5533 3478 5604 ipsi
3519 5532 3757 5603 placent

2155 5603 2298 5657 facio
2329 5619 2562 5670 seraper.
3398 5603 3408 5604 ί
3661 5669 3664 5672 ,

2225 5671 2337 5739 (ϋ5)
2380 5673 2477 5742 Ms.
2518 5673 2768 5741 [ndigens
2816 5675 3070 5742 baptismo
3108 5675 3248 5729 venit
3277 5673 3346 5728 ad
3391 5673 3752 5737 baptismum.

2228 5741 2341 5809 (66)
2378 5741 2477 5815 Ms.
2508 5743 2570 5796 Si
2603 5745 2764 5815 igitur
2797 5756 2844 5795 et
2885 5761 2980 5800 vos;
3005 5744 3252 5812 Joannis,
3288 5747 3379 5815 qui
3407 5759 3506 5801 vox
3535 5746 3753 5814 dictus,

2157 5829 2257 5864 non
2299 5814 2555 5881 intercipit
2589 5814 2872 5868 hominem.
