  <div class='ocr_page' id='page_1' title='image "/cluster/home/n/w/nwhite01/storage/ocr_20150623/24:no.6/coo.31924054873058/538.png"; bbox 0 0 4082 6400; ppageno 0'>
   <div class='ocr_carea' id='block_1_1' title="bbox 372 378 513 434">
    <p class='ocr_par' dir='ltr' id='par_1_1' title="bbox 372 378 513 434">
     <span class='ocr_line' id='line_1_1' title="bbox 372 378 513 434; baseline 0 -1"><span class='ocrx_word' id='word_1_1' title='bbox 372 378 399 433; x_wconf 75' lang='grc'><strong>1</strong></span> <span class='ocrx_word' id='word_1_2' title='bbox 410 378 513 434; x_wconf 69' lang='grc'><strong>049</strong></span> 
     </span>
    </p>
   </div>
   <div class='ocr_carea' id='block_1_2' title="bbox 1253 369 2744 433">
    <p class='ocr_par' dir='ltr' id='par_1_2' title="bbox 1253 369 2744 433">
     <span class='ocr_line' id='line_1_2' title="bbox 1253 369 2744 433; baseline -0.007 0"><span class='ocrx_word' id='word_1_3' title='bbox 1253 377 1343 433; x_wconf 81' lang='lat' dir='ltr'><strong>DE</strong></span> <span class='ocrx_word' id='word_1_4' title='bbox 1376 377 1531 432; x_wconf 86' lang='lat' dir='ltr'><strong>FIDE</strong></span> <span class='ocrx_word' id='word_1_5' title='bbox 1569 376 1932 432; x_wconf 79' lang='lat' dir='ltr'><strong>ADVERSUS</strong></span> <span class='ocrx_word' id='word_1_6' title='bbox 1973 371 2384 429; x_wconf 76' lang='lat' dir='ltr'><strong>SABELLIUM.</strong></span> <span class='ocrx_word' id='word_1_7' title='bbox 2426 403 2494 412; x_wconf 88' lang='lat'><strong>—-</strong></span> <span class='ocrx_word' id='word_1_8' title='bbox 2531 369 2659 424; x_wconf 85' lang='lat' dir='ltr'><strong>LIB.</strong></span> <span class='ocrx_word' id='word_1_9' title='bbox 2701 369 2744 424; x_wconf 85' lang='grc' dir='ltr'><strong>Ι.</strong></span> 
     </span>
    </p>
   </div>
   <div class='ocr_carea' id='block_1_3' title="bbox 3479 362 3623 420">
    <p class='ocr_par' dir='ltr' id='par_1_3' title="bbox 3479 362 3623 420">
     <span class='ocr_line' id='line_1_3' title="bbox 3479 362 3623 420; baseline 0.007 -1"><span class='ocrx_word' id='word_1_10' title='bbox 3479 362 3623 420; x_wconf 74' lang='grc'><strong>1050</strong></span> 
     </span>
    </p>
   </div>
   <div class='ocr_carea' id='block_1_4' title="bbox 373 484 3622 568">
    <p class='ocr_par' dir='ltr' id='par_1_4' title="bbox 373 484 3622 568">
     <span class='ocr_line' id='line_1_4' title="bbox 373 484 3622 568; baseline -0.006 -12"><span class='ocrx_word' id='word_1_11' title='bbox 373 498 640 568; x_wconf 77' lang='lat' dir='ltr'><strong>Apparuit</strong></span> <span class='ocrx_word' id='word_1_12' title='bbox 668 507 849 552; x_wconf 86' lang='lat' dir='ltr'><strong>autem</strong></span> <span class='ocrx_word' id='word_1_13' title='bbox 882 512 979 568; x_wconf 89' lang='lat' dir='ltr'><strong>per</strong></span> <span class='ocrx_word' id='word_1_14' title='bbox 1010 512 1205 566; x_wconf 89' lang='lat' dir='ltr'><strong>corpus</strong></span> <span class='ocrx_word' id='word_1_15' title='bbox 1234 498 1280 551; x_wconf 91' lang='lat' dir='ltr'><strong>is</strong></span> <span class='ocrx_word' id='word_1_16' title='bbox 1305 499 1395 565; x_wconf 90' lang='lat' dir='ltr'><strong>qui</strong></span> <span class='ocrx_word' id='word_1_17' title='bbox 1420 509 1540 553; x_wconf 90' lang='lat' dir='ltr'><strong>erat</strong></span> <span class='ocrx_word' id='word_1_18' title='bbox 1563 507 1767 551; x_wconf 70' lang='lat' dir='ltr'><strong>natura:</strong></span> <span class='ocrx_word' id='word_1_19' title='bbox 1808 497 1945 550; x_wconf 89' lang='lat' dir='ltr'><strong>invi-</strong></span> <span class='ocrx_word' id='word_1_20' title='bbox 1972 514 2018 568; x_wconf 69' lang='grc' dir='ltr'>Α</span> <span class='ocrx_word' id='word_1_21' title='bbox 2052 505 2159 548; x_wconf 90' lang='lat' dir='ltr'><strong>tur.</strong></span> <span class='ocrx_word' id='word_1_22' title='bbox 2205 492 2426 545; x_wconf 84' lang='lat' dir='ltr'><strong>Audebo</strong></span> <span class='ocrx_word' id='word_1_23' title='bbox 2461 503 2591 544; x_wconf 85' lang='lat' dir='ltr'><strong>sane</strong></span> <span class='ocrx_word' id='word_1_24' title='bbox 2621 489 2802 543; x_wconf 84' lang='lat' dir='ltr'><strong>dicere</strong></span> <span class='ocrx_word' id='word_1_25' title='bbox 2832 500 2959 540; x_wconf 85' lang='lat' dir='ltr'><strong>vera</strong></span> <span class='ocrx_word' id='word_1_26' title='bbox 2995 505 3008 539; x_wconf 93' lang='lat'><strong>:</strong></span> <span class='ocrx_word' id='word_1_27' title='bbox 3044 484 3167 553; x_wconf 88' lang='lat' dir='ltr'><strong>quia</strong></span> <span class='ocrx_word' id='word_1_28' title='bbox 3199 499 3301 538; x_wconf 88' lang='lat' dir='ltr'><strong>non</strong></span> <span class='ocrx_word' id='word_1_29' title='bbox 3328 484 3501 538; x_wconf 88' lang='lat' dir='ltr'><strong>solum</strong></span> <span class='ocrx_word' id='word_1_30' title='bbox 3537 486 3622 537; x_wconf 89' lang='lat' dir='ltr'><strong>ni-</strong></span> 
     </span>
    </p>
   </div>
   <div class='ocr_carea' id='block_1_5' title="bbox 373 590 1939 662">
    <p class='ocr_par' dir='ltr' id='par_1_5' title="bbox 373 590 1939 662">
     <span class='ocr_line' id='line_1_5' title="bbox 373 590 1939 662; baseline -0.003 -15"><span class='ocrx_word' id='word_1_31' title='bbox 373 592 547 648; x_wconf 89' lang='lat' dir='ltr'><strong>sihilis</strong></span> <span class='ocrx_word' id='word_1_32' title='bbox 569 591 699 662; x_wconf 78' lang='lat' dir='ltr'><strong>(b7).</strong></span> <span class='ocrx_word' id='word_1_33' title='bbox 724 591 1079 660; x_wconf 88' lang='lat' dir='ltr'><strong>Congaudens</strong></span> <span class='ocrx_word' id='word_1_34' title='bbox 1110 590 1273 661; x_wconf 88' lang='lat' dir='ltr'><strong>igitur</strong></span> <span class='ocrx_word' id='word_1_35' title='bbox 1300 590 1453 644; x_wconf 89' lang='lat' dir='ltr'><strong>nobis</strong></span> <span class='ocrx_word' id='word_1_36' title='bbox 1478 590 1713 644; x_wconf 82' lang='lat' dir='ltr'><strong>Joannes</strong></span> <span class='ocrx_word' id='word_1_37' title='bbox 1736 600 1790 645; x_wconf 92' lang='lat' dir='ltr'><strong>et</strong></span> <span class='ocrx_word' id='word_1_38' title='bbox 1814 590 1939 655; x_wconf 83' lang='lat' dir='ltr'><strong>sibi,</strong></span> 
     </span>
    </p>
   </div>
   <div class='ocr_carea' id='block_1_6' title="bbox 371 683 1943 755">
    <p class='ocr_par' dir='ltr' id='par_1_6' title="bbox 371 683 1943 755">
     <span class='ocr_line' id='line_1_6' title="bbox 371 683 1943 755; baseline -0.003 -16"><span class='ocrx_word' id='word_1_39' title='bbox 371 700 563 740; x_wconf 89' lang='lat' dir='ltr'><strong>omnes</strong></span> <span class='ocrx_word' id='word_1_40' title='bbox 586 685 729 739; x_wconf 89' lang='lat' dir='ltr'><strong>enim</strong></span> <span class='ocrx_word' id='word_1_41' title='bbox 766 685 1075 755; x_wconf 76' lang='lat' dir='ltr'><strong>indigebant</strong></span> <span class='ocrx_word' id='word_1_42' title='bbox 1114 683 1339 738; x_wconf 77' lang='lat' dir='ltr'><strong>salutem</strong></span> <span class='ocrx_word' id='word_1_43' title='bbox 1383 700 1500 753; x_wconf 82' lang='lat' dir='ltr'><strong>quae</strong></span> <span class='ocrx_word' id='word_1_44' title='bbox 1546 700 1574 737; x_wconf 85' lang='lat' dir='ltr'><strong>a</strong></span> <span class='ocrx_word' id='word_1_45' title='bbox 1606 684 1835 737; x_wconf 89' lang='lat' dir='ltr'><strong>Domino</strong></span> <span class='ocrx_word' id='word_1_46' title='bbox 1859 692 1943 736; x_wconf 89' lang='lat' dir='ltr'><strong>est</strong></span> 
     </span>
    </p>
   </div>
   <div class='ocr_carea' id='block_1_7' title="bbox 374 774 1944 848">
    <p class='ocr_par' dir='ltr' id='par_1_7' title="bbox 374 774 1944 848">
     <span class='ocr_line' id='line_1_7' title="bbox 374 774 1944 848; baseline -0.001 -19"><span class='ocrx_word' id='word_1_47' title='bbox 374 776 515 848; x_wconf 84' lang='lat'><strong>(68),</strong></span> <span class='ocrx_word' id='word_1_48' title='bbox 557 776 955 845; x_wconf 88' lang='lat' dir='ltr'><strong>evangelizans,</strong></span> <span class='ocrx_word' id='word_1_49' title='bbox 1005 786 1060 831; x_wconf 92' lang='lat' dir='ltr'><strong>et</strong></span> <span class='ocrx_word' id='word_1_50' title='bbox 1106 776 1452 845; x_wconf 81' lang='lat' dir='ltr'><strong>semetipsum</strong></span> <span class='ocrx_word' id='word_1_51' title='bbox 1503 785 1555 828; x_wconf 84' lang='lat' dir='ltr'><strong>et</strong></span> <span class='ocrx_word' id='word_1_52' title='bbox 1606 790 1725 839; x_wconf 87' lang='lat' dir='ltr'><strong>nos,</strong></span> <span class='ocrx_word' id='word_1_53' title='bbox 1748 774 1944 844; x_wconf 89' lang='lat' dir='ltr'><strong>gaudio</strong></span> 
     </span>
    </p>
   </div>
   <div class='ocr_carea' id='block_1_8' title="bbox 374 867 1943 938">
    <p class='ocr_par' dir='ltr' id='par_1_8' title="bbox 374 867 1943 938">
     <span class='ocr_line' id='line_1_8' title="bbox 374 867 1943 938; baseline 0 -18"><span class='ocrx_word' id='word_1_54' title='bbox 374 868 614 938; x_wconf 75' lang='lat' dir='ltr'><strong>gaudens</strong></span> <span class='ocrx_word' id='word_1_55' title='bbox 641 868 711 921; x_wconf 91' lang='lat' dir='ltr'><strong>ob</strong></span> <span class='ocrx_word' id='word_1_56' title='bbox 741 870 1087 937; x_wconf 65' lang='lat' dir='ltr'><strong>praesentiam</strong></span> <span class='ocrx_word' id='word_1_57' title='bbox 1122 870 1337 938; x_wconf 79' lang='lat' dir='ltr'><strong>sponsi,</strong></span> <span class='ocrx_word' id='word_1_58' title='bbox 1362 869 1519 930; x_wconf 87' lang='lat' dir='ltr'><strong>Ecce,</strong></span> <span class='ocrx_word' id='word_1_59' title='bbox 1559 868 1753 934; x_wconf 88' lang='lat' dir='ltr'><strong>inquit,</strong></span> <span class='ocrx_word' id='word_1_60' title='bbox 1801 867 1943 934; x_wconf 92' lang='lat' dir='ltr'><strong>quod</strong></span> 
     </span>
    </p>
   </div>
   <div class='ocr_carea' id='block_1_9' title="bbox 374 959 1941 1031">
    <p class='ocr_par' dir='ltr' id='par_1_9' title="bbox 374 959 1941 1031">
     <span class='ocr_line' id='line_1_9' title="bbox 374 959 1941 1031; baseline -0.003 -17"><span class='ocrx_word' id='word_1_61' title='bbox 374 961 815 1026; x_wconf 84' lang='lat' dir='ltr'><strong>exspectabatur,</strong></span> <span class='ocrx_word' id='word_1_62' title='bbox 862 975 990 1015; x_wconf 90' lang='lat' dir='ltr'><strong>ecce</strong></span> <span class='ocrx_word' id='word_1_63' title='bbox 1040 976 1188 1031; x_wconf 88' lang='lat' dir='ltr'><strong>spes,</strong></span> <span class='ocrx_word' id='word_1_64' title='bbox 1234 976 1362 1015; x_wconf 89' lang='lat' dir='ltr'><strong>ecce</strong></span> <span class='ocrx_word' id='word_1_65' title='bbox 1400 960 1569 1014; x_wconf 88' lang='lat' dir='ltr'><strong>salus.</strong></span> <span class='ocrx_word' id='word_1_66' title='bbox 1623 959 1757 1027; x_wconf 88' lang='lat' dir='ltr'><strong>Spes</strong></span> <span class='ocrx_word' id='word_1_67' title='bbox 1802 959 1941 1012; x_wconf 82' lang='lat' dir='ltr'><strong>bona</strong></span> 
     </span>
    </p>
   </div>
   <div class='ocr_carea' id='block_1_10' title="bbox 374 1049 1946 1119">
    <p class='ocr_par' dir='ltr' id='par_1_10' title="bbox 374 1049 1946 1119">
     <span class='ocr_line' id='line_1_10' title="bbox 374 1049 1946 1119; baseline -0.001 -15"><span class='ocrx_word' id='word_1_68' title='bbox 374 1049 687 1104; x_wconf 88' lang='lat' dir='ltr'><strong>hominibus</strong></span> <span class='ocrx_word' id='word_1_69' title='bbox 720 1060 1056 1119; x_wconf 86' lang='lat' dir='ltr'><strong>assumptum</strong></span> <span class='ocrx_word' id='word_1_70' title='bbox 1104 1062 1346 1105; x_wconf 87' lang='lat' dir='ltr'><strong>nostrmu</strong></span> <span class='ocrx_word' id='word_1_71' title='bbox 1390 1060 1474 1105; x_wconf 91' lang='lat' dir='ltr'><strong>est</strong></span> <span class='ocrx_word' id='word_1_72' title='bbox 1523 1065 1745 1117; x_wconf 91' lang='lat' dir='ltr'><strong>corpus,</strong></span> <span class='ocrx_word' id='word_1_73' title='bbox 1782 1063 1946 1102; x_wconf 88' lang='lat' dir='ltr'><strong>vene-</strong></span> 
     </span>
    </p>
   </div>
   <div class='ocr_carea' id='block_1_11' title="bbox 376 1140 1940 1203">
    <p class='ocr_par' dir='ltr' id='par_1_11' title="bbox 376 1140 1940 1203">
     <span class='ocr_line' id='line_1_11' title="bbox 376 1140 1940 1203; baseline -0.001 -11"><span class='ocrx_word' id='word_1_74' title='bbox 376 1154 505 1193; x_wconf 92' lang='lat' dir='ltr'><strong>num</strong></span> <span class='ocrx_word' id='word_1_75' title='bbox 541 1140 870 1194; x_wconf 84' lang='lat' dir='ltr'><strong>exstinctum</strong></span> <span class='ocrx_word' id='word_1_76' title='bbox 908 1149 989 1195; x_wconf 89' lang='lat' dir='ltr'><strong>est</strong></span> <span class='ocrx_word' id='word_1_77' title='bbox 1046 1140 1267 1203; x_wconf 90' lang='lat' dir='ltr'><strong>diaboli,</strong></span> <span class='ocrx_word' id='word_1_78' title='bbox 1306 1140 1658 1195; x_wconf 82' lang='lat' dir='ltr'><strong>mortificatns</strong></span> <span class='ocrx_word' id='word_1_79' title='bbox 1701 1148 1784 1193; x_wconf 85' lang='lat' dir='ltr'><strong>est</strong></span> <span class='ocrx_word' id='word_1_80' title='bbox 1829 1154 1940 1192; x_wconf 65' lang='lat' dir='ltr'><strong>sero</strong></span> 
     </span>
    </p>
   </div>
   <div class='ocr_carea' id='block_1_12' title="bbox 377 1226 1942 1300">
    <p class='ocr_par' dir='ltr' id='par_1_12' title="bbox 377 1226 1942 1300">
     <span class='ocr_line' id='line_1_12' title="bbox 377 1226 1942 1300; baseline -0.003 -17"><span class='ocrx_word' id='word_1_81' title='bbox 377 1245 511 1298; x_wconf 89' lang='lat' dir='ltr'><strong>pens</strong></span> <span class='ocrx_word' id='word_1_82' title='bbox 542 1248 555 1283; x_wconf 89' lang='lat'><strong>:</strong></span> <span class='ocrx_word' id='word_1_83' title='bbox 586 1230 740 1285; x_wconf 89' lang='lat' dir='ltr'><strong>fortis</strong></span> <span class='ocrx_word' id='word_1_84' title='bbox 783 1231 930 1284; x_wconf 89' lang='lat' dir='ltr'><strong>enim</strong></span> <span class='ocrx_word' id='word_1_85' title='bbox 978 1239 1065 1283; x_wconf 90' lang='lat' dir='ltr'><strong>est</strong></span> <span class='ocrx_word' id='word_1_86' title='bbox 1106 1230 1196 1300; x_wconf 88' lang='lat' dir='ltr'><strong>qui</strong></span> <span class='ocrx_word' id='word_1_87' title='bbox 1246 1231 1557 1298; x_wconf 73' lang='lat' dir='ltr'><strong>assumpsit.</strong></span> <span class='ocrx_word' id='word_1_88' title='bbox 1603 1230 1742 1284; x_wconf 88' lang='lat' dir='ltr'><strong>Ecce</strong></span> <span class='ocrx_word' id='word_1_89' title='bbox 1798 1226 1942 1296; x_wconf 87' lang='lat' dir='ltr'><strong>quod</strong></span> 
     </span>
    </p>
   </div>
   <div class='ocr_carea' id='block_1_13' title="bbox 377 1319 1946 1390">
    <p class='ocr_par' dir='ltr' id='par_1_13' title="bbox 377 1319 1946 1390">
     <span class='ocr_line' id='line_1_13' title="bbox 377 1319 1946 1390; baseline -0.003 -15"><span class='ocrx_word' id='word_1_90' title='bbox 377 1321 817 1390; x_wconf 74' lang='lat' dir='ltr'><strong>exspectabatur,</strong></span> <span class='ocrx_word' id='word_1_91' title='bbox 857 1336 982 1375; x_wconf 88' lang='lat' dir='ltr'><strong>ecce</strong></span> <span class='ocrx_word' id='word_1_92' title='bbox 1007 1321 1147 1389; x_wconf 89' lang='lat' dir='ltr'><strong>quod</strong></span> <span class='ocrx_word' id='word_1_93' title='bbox 1173 1322 1517 1389; x_wconf 80' lang='lat' dir='ltr'><strong>sperabatur,</strong></span> <span class='ocrx_word' id='word_1_94' title='bbox 1551 1336 1676 1375; x_wconf 91' lang='lat' dir='ltr'><strong>ecce</strong></span> <span class='ocrx_word' id='word_1_95' title='bbox 1714 1319 1946 1373; x_wconf 83' lang='lat' dir='ltr'><strong>admira-</strong></span> 
     </span>
    </p>
   </div>
   <div class='ocr_carea' id='block_1_14' title="bbox 379 1412 1944 1482">
    <p class='ocr_par' dir='ltr' id='par_1_14' title="bbox 379 1412 1944 1482">
     <span class='ocr_line' id='line_1_14' title="bbox 379 1412 1944 1482; baseline -0.001 -15"><span class='ocrx_word' id='word_1_96' title='bbox 379 1415 453 1467; x_wconf 93' lang='lat' dir='ltr'><strong>tio</strong></span> <span class='ocrx_word' id='word_1_97' title='bbox 487 1433 499 1467; x_wconf 96' lang='lat'><strong>:</strong></span> <span class='ocrx_word' id='word_1_98' title='bbox 530 1412 756 1468; x_wconf 83' lang='lat' dir='ltr'><strong>solvitur</strong></span> <span class='ocrx_word' id='word_1_99' title='bbox 778 1413 890 1482; x_wconf 68' lang='lat' dir='ltr'><strong>iam</strong></span> <span class='ocrx_word' id='word_1_100' title='bbox 928 1423 1228 1479; x_wconf 88' lang='lat' dir='ltr'><strong>peccatum,</strong></span> <span class='ocrx_word' id='word_1_101' title='bbox 1270 1412 1596 1466; x_wconf 86' lang='lat' dir='ltr'><strong>interficitur</strong></span> <span class='ocrx_word' id='word_1_102' title='bbox 1624 1426 1792 1474; x_wconf 86' lang='lat' dir='ltr'><strong>mors,</strong></span> <span class='ocrx_word' id='word_1_103' title='bbox 1832 1412 1944 1477; x_wconf 87' lang='lat' dir='ltr'><strong>pel-</strong></span> 
     </span>
    </p>
   </div>
   <div class='ocr_carea' id='block_1_15' title="bbox 379 1506 1947 1576">
    <p class='ocr_par' dir='ltr' id='par_1_15' title="bbox 379 1506 1947 1576">
     <span class='ocr_line' id='line_1_15' title="bbox 379 1506 1947 1576; baseline -0.001 -16"><span class='ocrx_word' id='word_1_104' title='bbox 379 1506 512 1560; x_wconf 87' lang='lat' dir='ltr'><strong>litur</strong></span> <span class='ocrx_word' id='word_1_105' title='bbox 534 1508 843 1575; x_wconf 86' lang='lat' dir='ltr'><strong>corruptela</strong></span> <span class='ocrx_word' id='word_1_106' title='bbox 874 1521 890 1559; x_wconf 91' lang='lat'><strong>:</strong></span> <span class='ocrx_word' id='word_1_107' title='bbox 923 1506 1055 1559; x_wconf 81' lang='lat' dir='ltr'><strong>Ecce</strong></span> <span class='ocrx_word' id='word_1_108' title='bbox 1098 1522 1263 1576; x_wconf 81' lang='lat' dir='ltr'><strong>agnus</strong></span> <span class='ocrx_word' id='word_1_109' title='bbox 1292 1506 1419 1570; x_wconf 77' lang='lat' dir='ltr'><strong>Dei,</strong></span> <span class='ocrx_word' id='word_1_110' title='bbox 1446 1508 1534 1576; x_wconf 70' lang='lat' dir='ltr'><strong>qui</strong></span> <span class='ocrx_word' id='word_1_111' title='bbox 1562 1506 1698 1560; x_wconf 80' lang='lat' dir='ltr'><strong>tollit</strong></span> <span class='ocrx_word' id='word_1_112' title='bbox 1732 1518 1947 1573; x_wconf 82' lang='lat' dir='ltr'><strong>peccata</strong></span> 
     </span>
    </p>
   </div>
   <div class='ocr_carea' id='block_1_16' title="bbox 378 1596 1943 1667">
    <p class='ocr_par' dir='ltr' id='par_1_16' title="bbox 378 1596 1943 1667">
     <span class='ocr_line' id='line_1_16' title="bbox 378 1596 1943 1667; baseline -0.001 -17"><span class='ocrx_word' id='word_1_113' title='bbox 378 1597 654 1651; x_wconf 74' lang='lat' dir='ltr'><strong>mundi&quot;.</strong></span> <span class='ocrx_word' id='word_1_114' title='bbox 704 1596 842 1663; x_wconf 85' lang='lat' dir='ltr'><strong>Quid</strong></span> <span class='ocrx_word' id='word_1_115' title='bbox 892 1598 1099 1665; x_wconf 89' lang='lat' dir='ltr'><strong>inquit.</strong></span> <span class='ocrx_word' id='word_1_116' title='bbox 1145 1612 1244 1667; x_wconf 90' lang='lat' dir='ltr'><strong>ego</strong></span> <span class='ocrx_word' id='word_1_117' title='bbox 1306 1597 1491 1650; x_wconf 82' lang='lat' dir='ltr'><strong>laboro</strong></span> <span class='ocrx_word' id='word_1_118' title='bbox 1534 1600 1586 1649; x_wconf 92' lang='lat' dir='ltr'><strong>ln</strong></span> <span class='ocrx_word' id='word_1_119' title='bbox 1630 1597 1943 1665; x_wconf 63' lang='lat' dir='ltr'><strong>paenitentia</strong></span> 
     </span>
    </p>
   </div>
   <div class='ocr_carea' id='block_1_17' title="bbox 376 1682 1946 1753">
    <p class='ocr_par' dir='ltr' id='par_1_17' title="bbox 376 1682 1946 1753">
     <span class='ocr_line' id='line_1_17' title="bbox 376 1682 1946 1753; baseline 0.001 -17"><span class='ocrx_word' id='word_1_120' title='bbox 376 1682 699 1752; x_wconf 76' lang='lat' dir='ltr'><strong>baptizans?</strong></span> <span class='ocrx_word' id='word_1_121' title='bbox 726 1684 885 1752; x_wconf 85' lang='lat' dir='ltr'><strong>quid,</strong></span> <span class='ocrx_word' id='word_1_122' title='bbox 909 1684 1124 1738; x_wconf 87' lang='lat' dir='ltr'><strong>insudo?</strong></span> <span class='ocrx_word' id='word_1_123' title='bbox 1154 1683 1474 1752; x_wconf 83' lang='lat' dir='ltr'><strong>baptismum</strong></span> <span class='ocrx_word' id='word_1_124' title='bbox 1502 1685 1643 1737; x_wconf 92' lang='lat' dir='ltr'><strong>enim</strong></span> <span class='ocrx_word' id='word_1_125' title='bbox 1678 1685 1819 1753; x_wconf 91' lang='lat' dir='ltr'><strong>quod</strong></span> <span class='ocrx_word' id='word_1_126' title='bbox 1849 1699 1946 1752; x_wconf 85' lang='lat' dir='ltr'><strong>per</strong></span> 
     </span>
    </p>
   </div>
   <div class='ocr_carea' id='block_1_18' title="bbox 376 1772 1943 1845">
    <p class='ocr_par' dir='ltr' id='par_1_18' title="bbox 376 1772 1943 1845">
     <span class='ocr_line' id='line_1_18' title="bbox 376 1772 1943 1845; baseline 0.001 -19"><span class='ocrx_word' id='word_1_127' title='bbox 376 1772 637 1829; x_wconf 80' lang='lat' dir='ltr'><strong>Joannem</strong></span> <span class='ocrx_word' id='word_1_128' title='bbox 668 1776 920 1839; x_wconf 84' lang='lat' dir='ltr'><strong>dabatur,</strong></span> <span class='ocrx_word' id='word_1_129' title='bbox 966 1791 1069 1828; x_wconf 93' lang='lat' dir='ltr'><strong>non</strong></span> <span class='ocrx_word' id='word_1_130' title='bbox 1103 1786 1222 1829; x_wconf 78' lang='lat' dir='ltr'><strong>erat</strong></span> <span class='ocrx_word' id='word_1_131' title='bbox 1268 1776 1521 1829; x_wconf 87' lang='lat' dir='ltr'><strong>idoneum</strong></span> <span class='ocrx_word' id='word_1_132' title='bbox 1554 1776 1619 1829; x_wconf 89' lang='lat' dir='ltr'><strong>ad</strong></span> <span class='ocrx_word' id='word_1_133' title='bbox 1666 1775 1943 1845; x_wconf 88' lang='lat' dir='ltr'><strong>purgatio-</strong></span> 
     </span>
    </p>
   </div>
   <div class='ocr_carea' id='block_1_19' title="bbox 2048 576 3622 644">
    <p class='ocr_par' dir='ltr' id='par_1_19' title="bbox 2048 576 3622 644">
     <span class='ocr_line' id='line_1_19' title="bbox 2048 576 3622 644; baseline -0.007 -6"><span class='ocrx_word' id='word_1_134' title='bbox 2048 584 2120 638; x_wconf 89' lang='lat' dir='ltr'><strong>bil</strong></span> <span class='ocrx_word' id='word_1_135' title='bbox 2164 583 2287 635; x_wconf 90' lang='lat' dir='ltr'><strong>mali</strong></span> <span class='ocrx_word' id='word_1_136' title='bbox 2340 581 2406 632; x_wconf 85' lang='lat' dir='ltr'><strong>ad</strong></span> <span class='ocrx_word' id='word_1_137' title='bbox 2439 580 2868 633; x_wconf 85' lang='lat' dir='ltr'><strong>additamentum</strong></span> <span class='ocrx_word' id='word_1_138' title='bbox 2905 576 3130 644; x_wconf 90' lang='lat' dir='ltr'><strong>suscipit</strong></span> <span class='ocrx_word' id='word_1_139' title='bbox 3161 576 3249 627; x_wconf 87' lang='lat' dir='ltr'><strong>illa</strong></span> <span class='ocrx_word' id='word_1_140' title='bbox 3286 584 3499 639; x_wconf 83' lang='lat' dir='ltr'><strong>natura,</strong></span> <span class='ocrx_word' id='word_1_141' title='bbox 3527 577 3622 628; x_wconf 89' lang='lat' dir='ltr'><strong>sed</strong></span> 
     </span>
    </p>
   </div>
   <div class='ocr_carea' id='block_1_20' title="bbox 2046 665 3622 741">
    <p class='ocr_par' dir='ltr' id='par_1_20' title="bbox 2046 665 3622 741">
     <span class='ocr_line' id='line_1_20' title="bbox 2046 665 3622 741; baseline -0.007 -13"><span class='ocrx_word' id='word_1_142' title='bbox 2046 690 2148 729; x_wconf 90' lang='lat' dir='ltr'><strong>nec</strong></span> <span class='ocrx_word' id='word_1_143' title='bbox 2180 673 2330 727; x_wconf 92' lang='lat' dir='ltr'><strong>boni.</strong></span> <span class='ocrx_word' id='word_1_144' title='bbox 2378 672 2433 725; x_wconf 89' lang='lat' dir='ltr'><strong>Si</strong></span> <span class='ocrx_word' id='word_1_145' title='bbox 2460 684 2590 741; x_wconf 87' lang='lat' dir='ltr'><strong>ergo</strong></span> <span class='ocrx_word' id='word_1_146' title='bbox 2620 669 2819 722; x_wconf 85' lang='lat' dir='ltr'><strong>malum</strong></span> <span class='ocrx_word' id='word_1_147' title='bbox 2848 682 2950 720; x_wconf 91' lang='lat' dir='ltr'><strong>non</strong></span> <span class='ocrx_word' id='word_1_148' title='bbox 2980 667 3241 737; x_wconf 88' lang='lat' dir='ltr'><strong>suscepit,</strong></span> <span class='ocrx_word' id='word_1_149' title='bbox 3273 667 3396 735; x_wconf 88' lang='lat' dir='ltr'><strong>quia</strong></span> <span class='ocrx_word' id='word_1_150' title='bbox 3431 665 3622 723; x_wconf 88' lang='lat' dir='ltr'><strong>lumini</strong></span> 
     </span>
    </p>
   </div>
   <div class='ocr_carea' id='block_1_21' title="bbox 2046 758 3625 831">
    <p class='ocr_par' dir='ltr' id='par_1_21' title="bbox 2046 758 3625 831">
     <span class='ocr_line' id='line_1_21' title="bbox 2046 758 3625 831; baseline -0.006 -12"><span class='ocrx_word' id='word_1_151' title='bbox 2046 766 2281 820; x_wconf 69' lang='lat' dir='ltr'><strong>tenebrae</strong></span> <span class='ocrx_word' id='word_1_152' title='bbox 2310 778 2412 817; x_wconf 90' lang='lat' dir='ltr'><strong>non</strong></span> <span class='ocrx_word' id='word_1_153' title='bbox 2450 761 2847 831; x_wconf 84' lang='lat' dir='ltr'><strong>permiscentur</strong></span> <span class='ocrx_word' id='word_1_154' title='bbox 2881 776 2894 812; x_wconf 92' lang='lat'><strong>:</strong></span> <span class='ocrx_word' id='word_1_155' title='bbox 2934 761 3131 811; x_wconf 92' lang='lat' dir='ltr'><strong>bonum</strong></span> <span class='ocrx_word' id='word_1_156' title='bbox 3182 768 3359 811; x_wconf 89' lang='lat' dir='ltr'><strong>autem</strong></span> <span class='ocrx_word' id='word_1_157' title='bbox 3414 758 3625 810; x_wconf 88' lang='lat' dir='ltr'><strong>addita-</strong></span> 
     </span>
    </p>
   </div>
   <div class='ocr_carea' id='block_1_22' title="bbox 2047 848 3623 921">
    <p class='ocr_par' dir='ltr' id='par_1_22' title="bbox 2047 848 3623 921">
     <span class='ocr_line' id='line_1_22' title="bbox 2047 848 3623 921; baseline -0.005 -13"><span class='ocrx_word' id='word_1_158' title='bbox 2047 867 2284 909; x_wconf 85' lang='lat' dir='ltr'><strong>mentum</strong></span> <span class='ocrx_word' id='word_1_159' title='bbox 2336 871 2441 908; x_wconf 91' lang='lat' dir='ltr'><strong>non</strong></span> <span class='ocrx_word' id='word_1_160' title='bbox 2479 852 2725 921; x_wconf 86' lang='lat' dir='ltr'><strong>indiget,</strong></span> <span class='ocrx_word' id='word_1_161' title='bbox 2758 852 2881 919; x_wconf 83' lang='lat' dir='ltr'><strong>quia</strong></span> <span class='ocrx_word' id='word_1_162' title='bbox 2918 848 3216 917; x_wconf 81' lang='lat' dir='ltr'><strong>perfectum</strong></span> <span class='ocrx_word' id='word_1_163' title='bbox 3266 850 3449 917; x_wconf 85' lang='lat' dir='ltr'><strong>genuit</strong></span> <span class='ocrx_word' id='word_1_164' title='bbox 3497 863 3623 916; x_wconf 83' lang='lat' dir='ltr'><strong>per-</strong></span> 
     </span>
    </p>
   </div>
   <div class='ocr_carea' id='block_1_23' title="bbox 2044 936 3626 1012">
    <p class='ocr_par' dir='ltr' id='par_1_23' title="bbox 2044 936 3626 1012">
     <span class='ocr_line' id='line_1_23' title="bbox 2044 936 3626 1012; baseline -0.005 -11"><span class='ocrx_word' id='word_1_165' title='bbox 2044 949 2256 1002; x_wconf 89' lang='lat' dir='ltr'><strong>fectus:</strong></span> <span class='ocrx_word' id='word_1_166' title='bbox 2293 962 2396 999; x_wconf 89' lang='lat' dir='ltr'><strong>non</strong></span> <span class='ocrx_word' id='word_1_167' title='bbox 2439 955 2523 999; x_wconf 86' lang='lat' dir='ltr'><strong>est</strong></span> <span class='ocrx_word' id='word_1_168' title='bbox 2570 936 2841 1012; x_wconf 84' lang='lat' dir='ltr'><strong>promotio</strong></span> <span class='ocrx_word' id='word_1_169' title='bbox 2866 942 3119 994; x_wconf 85' lang='lat' dir='ltr'><strong>derelicta</strong></span> <span class='ocrx_word' id='word_1_170' title='bbox 3158 940 3287 993; x_wconf 86' lang='lat' dir='ltr'><strong>filio.</strong></span> <span class='ocrx_word' id='word_1_171' title='bbox 3337 938 3453 993; x_wconf 90' lang='lat' dir='ltr'><strong>Non</strong></span> <span class='ocrx_word' id='word_1_172' title='bbox 3482 954 3626 993; x_wconf 88' lang='lat' dir='ltr'><strong>nunc</strong></span> 
     </span>
    </p>
   </div>
   <div class='ocr_carea' id='block_1_24' title="bbox 2043 1032 3629 1103">
    <p class='ocr_par' dir='ltr' id='par_1_24' title="bbox 2043 1032 3629 1103">
     <span class='ocr_line' id='line_1_24' title="bbox 2043 1032 3629 1103; baseline -0.008 -8"><span class='ocrx_word' id='word_1_173' title='bbox 2043 1041 2184 1103; x_wconf 84' lang='lat' dir='ltr'><strong>dico,</strong></span> <span class='ocrx_word' id='word_1_174' title='bbox 2219 1040 2312 1093; x_wconf 81' lang='lat' dir='ltr'><strong>sed</strong></span> <span class='ocrx_word' id='word_1_175' title='bbox 2353 1054 2450 1092; x_wconf 87' lang='lat' dir='ltr'><strong>nec</strong></span> <span class='ocrx_word' id='word_1_176' title='bbox 2486 1047 2644 1090; x_wconf 85' lang='lat' dir='ltr'><strong>antea</strong></span> <span class='ocrx_word' id='word_1_177' title='bbox 2685 1054 2699 1089; x_wconf 91' lang='lat'><strong>:</strong></span> <span class='ocrx_word' id='word_1_178' title='bbox 2737 1032 3013 1103; x_wconf 87' lang='lat' dir='ltr'><strong>perfectus</strong></span> <span class='ocrx_word' id='word_1_179' title='bbox 3054 1032 3198 1085; x_wconf 90' lang='lat' dir='ltr'><strong>enim</strong></span> <span class='ocrx_word' id='word_1_180' title='bbox 3246 1042 3327 1084; x_wconf 90' lang='lat' dir='ltr'><strong>est</strong></span> <span class='ocrx_word' id='word_1_181' title='bbox 3356 1039 3542 1092; x_wconf 87' lang='lat' dir='ltr'><strong>natus,</strong></span> <span class='ocrx_word' id='word_1_182' title='bbox 3572 1036 3629 1083; x_wconf 86' lang='lat' dir='ltr'><strong>et</strong></span> 
     </span>
    </p>
   </div>
   <div class='ocr_carea' id='block_1_25' title="bbox 2045 1124 3629 1195">
    <p class='ocr_par' dir='ltr' id='par_1_25' title="bbox 2045 1124 3629 1195">
     <span class='ocr_line' id='line_1_25' title="bbox 2045 1124 3629 1195; baseline -0.009 -8"><span class='ocrx_word' id='word_1_183' title='bbox 2045 1134 2165 1187; x_wconf 92' lang='lat' dir='ltr'><strong>ideo</strong></span> <span class='ocrx_word' id='word_1_184' title='bbox 2205 1133 2338 1187; x_wconf 89' lang='lat' dir='ltr'><strong>nihil</strong></span> <span class='ocrx_word' id='word_1_185' title='bbox 2378 1129 2731 1185; x_wconf 89' lang='lat' dir='ltr'><strong>additamenti</strong></span> <span class='ocrx_word' id='word_1_186' title='bbox 2763 1127 2976 1195; x_wconf 87' lang='lat' dir='ltr'><strong>accipit,</strong></span> <span class='ocrx_word' id='word_1_187' title='bbox 3012 1125 3140 1178; x_wconf 91' lang='lat' dir='ltr'><strong>nihil</strong></span> <span class='ocrx_word' id='word_1_188' title='bbox 3183 1124 3457 1191; x_wconf 90' lang='lat' dir='ltr'><strong>acquirit:</strong></span> <span class='ocrx_word' id='word_1_189' title='bbox 3504 1137 3629 1191; x_wconf 66' lang='lat' dir='ltr'><strong>per~</strong></span> 
     </span>
    </p>
   </div>
   <div class='ocr_carea' id='block_1_26' title="bbox 2048 1214 3629 1290">
    <p class='ocr_par' dir='ltr' id='par_1_26' title="bbox 2048 1214 3629 1290">
     <span class='ocr_line' id='line_1_26' title="bbox 2048 1214 3629 1290; baseline -0.007 -12"><span class='ocrx_word' id='word_1_190' title='bbox 2048 1224 2224 1279; x_wconf 86' lang='lat' dir='ltr'><strong>fectus</strong></span> <span class='ocrx_word' id='word_1_191' title='bbox 2257 1225 2402 1278; x_wconf 91' lang='lat' dir='ltr'><strong>enim</strong></span> <span class='ocrx_word' id='word_1_192' title='bbox 2452 1231 2539 1275; x_wconf 90' lang='lat' dir='ltr'><strong>est</strong></span> <span class='ocrx_word' id='word_1_193' title='bbox 2601 1220 2886 1290; x_wconf 84' lang='lat' dir='ltr'><strong>progenies</strong></span> <span class='ocrx_word' id='word_1_194' title='bbox 2935 1218 3158 1289; x_wconf 88' lang='lat' dir='ltr'><strong>perfecti</strong></span> <span class='ocrx_word' id='word_1_195' title='bbox 3194 1216 3329 1287; x_wconf 80' lang='lat'><strong>(69),</strong></span> <span class='ocrx_word' id='word_1_196' title='bbox 3373 1214 3629 1269; x_wconf 90' lang='lat' dir='ltr'><strong>omnibus</strong></span> 
     </span>
    </p>
   </div>
   <div class='ocr_carea' id='block_1_27' title="bbox 2052 1308 3626 1387">
    <p class='ocr_par' dir='ltr' id='par_1_27' title="bbox 2052 1308 3626 1387">
     <span class='ocr_line' id='line_1_27' title="bbox 2052 1308 3626 1387; baseline -0.008 -16"><span class='ocrx_word' id='word_1_197' title='bbox 2052 1320 2269 1387; x_wconf 81' lang='lat' dir='ltr'><strong>quidem</strong></span> <span class='ocrx_word' id='word_1_198' title='bbox 2301 1318 2572 1371; x_wconf 89' lang='lat' dir='ltr'><strong>suciens</strong></span> <span class='ocrx_word' id='word_1_199' title='bbox 2600 1318 2823 1377; x_wconf 88' lang='lat' dir='ltr'><strong>donare,</strong></span> <span class='ocrx_word' id='word_1_200' title='bbox 2858 1315 2973 1383; x_wconf 91' lang='lat' dir='ltr'><strong>ipse</strong></span> <span class='ocrx_word' id='word_1_201' title='bbox 3006 1320 3185 1365; x_wconf 87' lang='lat' dir='ltr'><strong>autem</strong></span> <span class='ocrx_word' id='word_1_202' title='bbox 3216 1325 3321 1363; x_wconf 90' lang='lat' dir='ltr'><strong>non</strong></span> <span class='ocrx_word' id='word_1_203' title='bbox 3355 1308 3626 1377; x_wconf 85' lang='lat' dir='ltr'><strong>indigens,</strong></span> 
     </span>
    </p>
   </div>
   <div class='ocr_carea' id='block_1_28' title="bbox 2046 1399 3631 1479">
    <p class='ocr_par' dir='ltr' id='par_1_28' title="bbox 2046 1399 3631 1479">
     <span class='ocr_line' id='line_1_28' title="bbox 2046 1399 3631 1479; baseline -0.008 -15"><span class='ocrx_word' id='word_1_204' title='bbox 2046 1410 2178 1464; x_wconf 80' lang='lat' dir='ltr'><strong>nihil</strong></span> <span class='ocrx_word' id='word_1_205' title='bbox 2210 1412 2276 1464; x_wconf 89' lang='lat' dir='ltr'><strong>ab</strong></span> <span class='ocrx_word' id='word_1_206' title='bbox 2309 1411 2391 1464; x_wconf 89' lang='lat' dir='ltr'><strong>his</strong></span> <span class='ocrx_word' id='word_1_207' title='bbox 2434 1424 2553 1479; x_wconf 65' lang='lat' dir='ltr'><strong>qua:</strong></span> <span class='ocrx_word' id='word_1_208' title='bbox 2606 1407 2733 1460; x_wconf 90' lang='lat' dir='ltr'><strong>fecit</strong></span> <span class='ocrx_word' id='word_1_209' title='bbox 2763 1406 2931 1461; x_wconf 89' lang='lat' dir='ltr'><strong>Filius</strong></span> <span class='ocrx_word' id='word_1_210' title='bbox 2971 1403 3178 1470; x_wconf 90' lang='lat' dir='ltr'><strong>accepit</strong></span> <span class='ocrx_word' id='word_1_211' title='bbox 3212 1421 3225 1455; x_wconf 90' lang='lat'><strong>:</strong></span> <span class='ocrx_word' id='word_1_212' title='bbox 3255 1404 3379 1471; x_wconf 89' lang='lat' dir='ltr'><strong>quia</strong></span> <span class='ocrx_word' id='word_1_213' title='bbox 3429 1399 3631 1454; x_wconf 83' lang='lat' dir='ltr'><strong>antici-</strong></span> 
     </span>
    </p>
   </div>
   <div class='ocr_carea' id='block_1_29' title="bbox 2046 1490 3626 1570">
    <p class='ocr_par' dir='ltr' id='par_1_29' title="bbox 2046 1490 3626 1570">
     <span class='ocr_line' id='line_1_29' title="bbox 2046 1490 3626 1570; baseline -0.007 -17"><span class='ocrx_word' id='word_1_214' title='bbox 2046 1516 2178 1569; x_wconf 87' lang='lat' dir='ltr'><strong>pans</strong></span> <span class='ocrx_word' id='word_1_215' title='bbox 2200 1500 2316 1570; x_wconf 73' lang='lat'><strong>(70)</strong></span> <span class='ocrx_word' id='word_1_216' title='bbox 2341 1500 2519 1555; x_wconf 87' lang='lat' dir='ltr'><strong>omnia</strong></span> <span class='ocrx_word' id='word_1_217' title='bbox 2560 1499 2721 1553; x_wconf 89' lang='lat' dir='ltr'><strong>habet</strong></span> <span class='ocrx_word' id='word_1_218' title='bbox 2767 1497 2868 1551; x_wconf 87' lang='lat' dir='ltr'><strong>sibi</strong></span> <span class='ocrx_word' id='word_1_219' title='bbox 2895 1496 3016 1550; x_wconf 90' lang='lat' dir='ltr'><strong>data</strong></span> <span class='ocrx_word' id='word_1_220' title='bbox 3048 1510 3078 1548; x_wconf 90' lang='lat' dir='ltr'><strong>a</strong></span> <span class='ocrx_word' id='word_1_221' title='bbox 3112 1494 3290 1547; x_wconf 75' lang='lat' dir='ltr'><strong>Patre.</strong></span> <span class='ocrx_word' id='word_1_222' title='bbox 3353 1490 3469 1546; x_wconf 90' lang='lat' dir='ltr'><strong>Non</strong></span> <span class='ocrx_word' id='word_1_223' title='bbox 3504 1504 3626 1544; x_wconf 90' lang='lat' dir='ltr'><strong>cum</strong></span> 
     </span>
    </p>
   </div>
   <div class='ocr_carea' id='block_1_30' title="bbox 2044 1586 3630 1660">
    <p class='ocr_par' dir='ltr' id='par_1_30' title="bbox 2044 1586 3630 1660">
     <span class='ocr_line' id='line_1_30' title="bbox 2044 1586 3630 1660; baseline -0.006 -15"><span class='ocrx_word' id='word_1_224' title='bbox 2044 1593 2311 1660; x_wconf 74' lang='lat' dir='ltr'><strong>apparuit,</strong></span> <span class='ocrx_word' id='word_1_225' title='bbox 2350 1601 2477 1646; x_wconf 90' lang='lat' dir='ltr'><strong>tunc</strong></span> <span class='ocrx_word' id='word_1_226' title='bbox 2509 1601 2564 1646; x_wconf 88' lang='lat' dir='ltr'><strong>et</strong></span> <span class='ocrx_word' id='word_1_227' title='bbox 2613 1590 2821 1655; x_wconf 79' lang='lat' dir='ltr'><strong>Filius;</strong></span> <span class='ocrx_word' id='word_1_228' title='bbox 2872 1603 2978 1643; x_wconf 88' lang='lat' dir='ltr'><strong>non</strong></span> <span class='ocrx_word' id='word_1_229' title='bbox 3003 1600 3127 1642; x_wconf 92' lang='lat' dir='ltr'><strong>cum</strong></span> <span class='ocrx_word' id='word_1_230' title='bbox 3164 1586 3464 1647; x_wconf 85' lang='lat' dir='ltr'><strong>nobiscum,</strong></span> <span class='ocrx_word' id='word_1_231' title='bbox 3503 1594 3630 1636; x_wconf 88' lang='lat' dir='ltr'><strong>tunc</strong></span> 
     </span>
    </p>
   </div>
   <div class='ocr_carea' id='block_1_31' title="bbox 2044 1674 3631 1755">
    <p class='ocr_par' dir='ltr' id='par_1_31' title="bbox 2044 1674 3631 1755">
     <span class='ocr_line' id='line_1_31' title="bbox 2044 1674 3631 1755; baseline -0.009 -15"><span class='ocrx_word' id='word_1_232' title='bbox 2044 1695 2100 1740; x_wconf 86' lang='lat' dir='ltr'><strong>et</strong></span> <span class='ocrx_word' id='word_1_233' title='bbox 2142 1688 2280 1755; x_wconf 86' lang='lat' dir='ltr'><strong>apud</strong></span> <span class='ocrx_word' id='word_1_234' title='bbox 2336 1686 2501 1741; x_wconf 90' lang='lat' dir='ltr'><strong>Deum</strong></span> <span class='ocrx_word' id='word_1_235' title='bbox 2547 1687 2685 1740; x_wconf 92' lang='lat' dir='ltr'><strong>:sed</strong></span> <span class='ocrx_word' id='word_1_236' title='bbox 2732 1681 3183 1752; x_wconf 88' lang='lat' dir='ltr'><strong>quemadmodum</strong></span> <span class='ocrx_word' id='word_1_237' title='bbox 3243 1680 3297 1732; x_wconf 91' lang='lat' dir='ltr'><strong>in</strong></span> <span class='ocrx_word' id='word_1_238' title='bbox 3360 1674 3631 1746; x_wconf 91' lang='lat' dir='ltr'><strong>principio</strong></span> 
     </span>
    </p>
   </div>
   <div class='ocr_carea' id='block_1_32' title="bbox 2046 1765 3631 1843">
    <p class='ocr_par' dir='ltr' id='par_1_32' title="bbox 2046 1765 3631 1843">
     <span class='ocr_line' id='line_1_32' title="bbox 2046 1765 3631 1843; baseline -0.007 -14"><span class='ocrx_word' id='word_1_239' title='bbox 2046 1787 2162 1829; x_wconf 90' lang='lat' dir='ltr'><strong>erat</strong></span> <span class='ocrx_word' id='word_1_240' title='bbox 2200 1775 2455 1839; x_wconf 80' lang='lat' dir='ltr'><strong>Verbum,</strong></span> <span class='ocrx_word' id='word_1_241' title='bbox 2517 1775 2569 1828; x_wconf 92' lang='lat' dir='ltr'><strong>in</strong></span> <span class='ocrx_word' id='word_1_242' title='bbox 2636 1774 2901 1843; x_wconf 88' lang='lat' dir='ltr'><strong>principio</strong></span> <span class='ocrx_word' id='word_1_243' title='bbox 2962 1780 3107 1835; x_wconf 89' lang='lat' dir='ltr'><strong>erat,</strong></span> <span class='ocrx_word' id='word_1_244' title='bbox 3178 1783 3283 1822; x_wconf 89' lang='lat' dir='ltr'><strong>non</strong></span> <span class='ocrx_word' id='word_1_245' title='bbox 3339 1765 3631 1820; x_wconf 80' lang='lat' dir='ltr'><strong>tamenin</strong></span> 
     </span>
    </p>
   </div>
   <div class='ocr_carea' id='block_1_33' title="bbox 378 1849 3631 1936">
    <p class='ocr_par' dir='ltr' id='par_1_33' title="bbox 378 1849 3631 1936">
     <span class='ocr_line' id='line_1_33' title="bbox 378 1849 3631 1936; baseline -0.004 -14"><span class='ocrx_word' id='word_1_246' title='bbox 378 1881 541 1931; x_wconf 86' lang='lat' dir='ltr'><strong>nem;</strong></span> <span class='ocrx_word' id='word_1_247' title='bbox 594 1867 715 1935; x_wconf 90' lang='lat' dir='ltr'><strong>quia</strong></span> <span class='ocrx_word' id='word_1_248' title='bbox 762 1882 867 1921; x_wconf 91' lang='lat' dir='ltr'><strong>non</strong></span> <span class='ocrx_word' id='word_1_249' title='bbox 927 1867 1293 1920; x_wconf 88' lang='lat' dir='ltr'><strong>remissionem</strong></span> <span class='ocrx_word' id='word_1_250' title='bbox 1338 1876 1685 1933; x_wconf 87' lang='lat' dir='ltr'><strong>peccatorum</strong></span> <span class='ocrx_word' id='word_1_251' title='bbox 1732 1874 1944 1935; x_wconf 87' lang='lat' dir='ltr'><strong>poterat</strong></span> <span class='ocrx_word' id='word_1_252' title='bbox 1972 1849 2017 1905; x_wconf 71' lang='grc' dir='ltr'>Β</span> <span class='ocrx_word' id='word_1_253' title='bbox 2045 1869 2353 1923; x_wconf 80' lang='lat' dir='ltr'><strong>novissimis</strong></span> <span class='ocrx_word' id='word_1_254' title='bbox 2399 1867 2772 1936; x_wconf 87' lang='lat' dir='ltr'><strong>temporibus:</strong></span> <span class='ocrx_word' id='word_1_255' title='bbox 2818 1867 2871 1918; x_wconf 93' lang='lat' dir='ltr'><strong>in</strong></span> <span class='ocrx_word' id='word_1_256' title='bbox 2934 1861 3222 1934; x_wconf 89' lang='lat' dir='ltr'><strong>principio,</strong></span> <span class='ocrx_word' id='word_1_257' title='bbox 3285 1873 3390 1912; x_wconf 90' lang='lat' dir='ltr'><strong>non</strong></span> <span class='ocrx_word' id='word_1_258' title='bbox 3451 1866 3631 1911; x_wconf 91' lang='lat' dir='ltr'><strong>tamen</strong></span> 
     </span>
    </p>
   </div>
   <div class='ocr_carea' id='block_1_34' title="bbox 375 1956 1944 2029">
    <p class='ocr_par' dir='ltr' id='par_1_34' title="bbox 375 1956 1944 2029">
     <span class='ocr_line' id='line_1_34' title="bbox 375 1956 1944 2029; baseline 0.001 -16"><span class='ocrx_word' id='word_1_259' title='bbox 375 1956 611 2013; x_wconf 76' lang='lat' dir='ltr'><strong>Joannes</strong></span> <span class='ocrx_word' id='word_1_260' title='bbox 641 1960 791 2025; x_wconf 89' lang='lat' dir='ltr'><strong>dare,</strong></span> <span class='ocrx_word' id='word_1_261' title='bbox 822 1963 917 2013; x_wconf 89' lang='lat' dir='ltr'><strong>sed</strong></span> <span class='ocrx_word' id='word_1_262' title='bbox 950 1960 1269 2014; x_wconf 88' lang='lat' dir='ltr'><strong>hortabatur</strong></span> <span class='ocrx_word' id='word_1_263' title='bbox 1297 1960 1362 2013; x_wconf 89' lang='lat' dir='ltr'><strong>ad</strong></span> <span class='ocrx_word' id='word_1_264' title='bbox 1389 1960 1777 2029; x_wconf 70' lang='lat' dir='ltr'><strong>pmnitentiam.</strong></span> <span class='ocrx_word' id='word_1_265' title='bbox 1816 1960 1944 2014; x_wconf 86' lang='lat' dir='ltr'><strong>Ser-</strong></span> 
     </span>
    </p>
   </div>
   <div class='ocr_carea' id='block_1_35' title="bbox 377 2054 1946 2125">
    <p class='ocr_par' dir='ltr' id='par_1_35' title="bbox 377 2054 1946 2125">
     <span class='ocr_line' id='line_1_35' title="bbox 377 2054 1946 2125; baseline 0.004 -22"><span class='ocrx_word' id='word_1_266' title='bbox 377 2068 477 2107; x_wconf 87' lang='lat' dir='ltr'><strong>vus</strong></span> <span class='ocrx_word' id='word_1_267' title='bbox 520 2054 664 2107; x_wconf 89' lang='lat' dir='ltr'><strong>enim</strong></span> <span class='ocrx_word' id='word_1_268' title='bbox 696 2062 851 2119; x_wconf 90' lang='lat' dir='ltr'><strong>erat,</strong></span> <span class='ocrx_word' id='word_1_269' title='bbox 895 2063 951 2117; x_wconf 80' lang='lat' dir='ltr'><strong>et</strong></span> <span class='ocrx_word' id='word_1_270' title='bbox 999 2071 1104 2109; x_wconf 94' lang='lat' dir='ltr'><strong>non</strong></span> <span class='ocrx_word' id='word_1_271' title='bbox 1138 2064 1350 2125; x_wconf 89' lang='lat' dir='ltr'><strong>poterat</strong></span> <span class='ocrx_word' id='word_1_272' title='bbox 1390 2057 1633 2110; x_wconf 90' lang='lat' dir='ltr'><strong>donare:</strong></span> <span class='ocrx_word' id='word_1_273' title='bbox 1668 2055 1767 2109; x_wconf 85' lang='lat' dir='ltr'><strong>soli</strong></span> <span class='ocrx_word' id='word_1_274' title='bbox 1799 2056 1946 2109; x_wconf 86' lang='lat' dir='ltr'><strong>enim</strong></span> 
     </span>
    </p>
   </div>
   <div class='ocr_carea' id='block_1_36' title="bbox 379 2144 1943 2215">
    <p class='ocr_par' dir='ltr' id='par_1_36' title="bbox 379 2144 1943 2215">
     <span class='ocr_line' id='line_1_36' title="bbox 379 2144 1943 2215; baseline 0.001 -18"><span class='ocrx_word' id='word_1_275' title='bbox 379 2144 606 2198; x_wconf 88' lang='lat' dir='ltr'><strong>Domino</strong></span> <span class='ocrx_word' id='word_1_276' title='bbox 637 2144 761 2199; x_wconf 91' lang='lat' dir='ltr'><strong>licet</strong></span> <span class='ocrx_word' id='word_1_277' title='bbox 799 2161 894 2199; x_wconf 90' lang='lat' dir='ltr'><strong>sua</strong></span> <span class='ocrx_word' id='word_1_278' title='bbox 922 2146 1147 2200; x_wconf 90' lang='lat' dir='ltr'><strong>donare.</strong></span> <span class='ocrx_word' id='word_1_279' title='bbox 1172 2147 1337 2212; x_wconf 86' lang='lat' dir='ltr'><strong>Quid,</strong></span> <span class='ocrx_word' id='word_1_280' title='bbox 1365 2147 1562 2214; x_wconf 85' lang='lat' dir='ltr'><strong>inquit,</strong></span> <span class='ocrx_word' id='word_1_281' title='bbox 1591 2146 1806 2215; x_wconf 79' lang='lat' dir='ltr'><strong>baptizo</strong></span> <span class='ocrx_word' id='word_1_282' title='bbox 1831 2146 1943 2212; x_wconf 84' lang='lat' dir='ltr'><strong>jam</strong></span> 
     </span>
    </p>
   </div>
   <div class='ocr_carea' id='block_1_37' title="bbox 377 2235 1951 2306">
    <p class='ocr_par' dir='ltr' id='par_1_37' title="bbox 377 2235 1951 2306">
     <span class='ocr_line' id='line_1_37' title="bbox 377 2235 1951 2306; baseline 0.001 -18"><span class='ocrx_word' id='word_1_283' title='bbox 377 2251 478 2304; x_wconf 81' lang='lat' dir='ltr'><strong>ego</strong></span> <span class='ocrx_word' id='word_1_284' title='bbox 504 2235 570 2288; x_wconf 91' lang='lat' dir='ltr'><strong>ad</strong></span> <span class='ocrx_word' id='word_1_285' title='bbox 604 2237 1022 2305; x_wconf 64' lang='lat' dir='ltr'><strong>paenitentiam?</strong></span> <span class='ocrx_word' id='word_1_286' title='bbox 1050 2237 1190 2292; x_wconf 88' lang='lat' dir='ltr'><strong>Ecce</strong></span> <span class='ocrx_word' id='word_1_287' title='bbox 1219 2238 1307 2306; x_wconf 92' lang='lat' dir='ltr'><strong>qui</strong></span> <span class='ocrx_word' id='word_1_288' title='bbox 1343 2239 1518 2304; x_wconf 87' lang='lat' dir='ltr'><strong>tollit,</strong></span> <span class='ocrx_word' id='word_1_289' title='bbox 1544 2252 1670 2292; x_wconf 89' lang='lat' dir='ltr'><strong>ecce</strong></span> <span class='ocrx_word' id='word_1_290' title='bbox 1695 2238 1785 2306; x_wconf 89' lang='lat' dir='ltr'><strong>qui</strong></span> <span class='ocrx_word' id='word_1_291' title='bbox 1816 2251 1951 2291; x_wconf 81' lang='lat' dir='ltr'><strong>exu-</strong></span> 
     </span>
    </p>
   </div>
   <div class='ocr_carea' id='block_1_38' title="bbox 379 2328 1948 2398">
    <p class='ocr_par' dir='ltr' id='par_1_38' title="bbox 379 2328 1948 2398">
     <span class='ocr_line' id='line_1_38' title="bbox 379 2328 1948 2398; baseline 0.001 -19"><span class='ocrx_word' id='word_1_292' title='bbox 379 2328 471 2391; x_wconf 91' lang='lat' dir='ltr'><strong>rit,</strong></span> <span class='ocrx_word' id='word_1_293' title='bbox 500 2329 595 2395; x_wconf 88' lang='lat' dir='ltr'><strong>qui</strong></span> <span class='ocrx_word' id='word_1_294' title='bbox 629 2328 889 2393; x_wconf 89' lang='lat' dir='ltr'><strong>eradicat,</strong></span> <span class='ocrx_word' id='word_1_295' title='bbox 928 2330 1019 2397; x_wconf 87' lang='lat' dir='ltr'><strong>qui</strong></span> <span class='ocrx_word' id='word_1_296' title='bbox 1055 2329 1267 2398; x_wconf 87' lang='lat' dir='ltr'><strong>penitus</strong></span> <span class='ocrx_word' id='word_1_297' title='bbox 1290 2328 1472 2383; x_wconf 82' lang='lat' dir='ltr'><strong>evellit</strong></span> <span class='ocrx_word' id='word_1_298' title='bbox 1504 2338 1807 2396; x_wconf 89' lang='lat' dir='ltr'><strong>peccatum,</strong></span> <span class='ocrx_word' id='word_1_299' title='bbox 1841 2343 1948 2382; x_wconf 92' lang='lat' dir='ltr'><strong>non</strong></span> 
     </span>
    </p>
   </div>
   <div class='ocr_carea' id='block_1_39' title="bbox 379 2419 1950 2488">
    <p class='ocr_par' dir='ltr' id='par_1_39' title="bbox 379 2419 1950 2488">
     <span class='ocr_line' id='line_1_39' title="bbox 379 2419 1950 2488; baseline 0.001 -17"><span class='ocrx_word' id='word_1_300' title='bbox 379 2420 539 2472; x_wconf 89' lang='lat' dir='ltr'><strong>unius</strong></span> <span class='ocrx_word' id='word_1_301' title='bbox 589 2430 681 2472; x_wconf 91' lang='lat' dir='ltr'><strong>aut</strong></span> <span class='ocrx_word' id='word_1_302' title='bbox 733 2420 969 2488; x_wconf 91' lang='lat' dir='ltr'><strong>quinque</strong></span> <span class='ocrx_word' id='word_1_303' title='bbox 1016 2429 1111 2473; x_wconf 75' lang='lat' dir='ltr'><strong>aut</strong></span> <span class='ocrx_word' id='word_1_304' title='bbox 1157 2435 1249 2474; x_wconf 87' lang='lat' dir='ltr'><strong>sex</strong></span> <span class='ocrx_word' id='word_1_305' title='bbox 1308 2419 1585 2475; x_wconf 87' lang='lat' dir='ltr'><strong>hominum</strong></span> <span class='ocrx_word' id='word_1_306' title='bbox 1635 2419 1725 2487; x_wconf 90' lang='lat' dir='ltr'><strong>qui</strong></span> <span class='ocrx_word' id='word_1_307' title='bbox 1772 2434 1802 2471; x_wconf 92' lang='lat' dir='ltr'><strong>a</strong></span> <span class='ocrx_word' id='word_1_308' title='bbox 1864 2434 1950 2473; x_wconf 91' lang='lat' dir='ltr'><strong>me</strong></span> 
     </span>
    </p>
   </div>
   <div class='ocr_carea' id='block_1_40' title="bbox 382 2509 1949 2582">
    <p class='ocr_par' dir='ltr' id='par_1_40' title="bbox 382 2509 1949 2582">
     <span class='ocr_line' id='line_1_40' title="bbox 382 2509 1949 2582; baseline -0.001 -18"><span class='ocrx_word' id='word_1_309' title='bbox 382 2512 754 2581; x_wconf 79' lang='lat' dir='ltr'><strong>baptizantur,</strong></span> <span class='ocrx_word' id='word_1_310' title='bbox 789 2515 883 2566; x_wconf 89' lang='lat' dir='ltr'><strong>sed</strong></span> <span class='ocrx_word' id='word_1_311' title='bbox 921 2512 1106 2577; x_wconf 91' lang='lat' dir='ltr'><strong>totius,</strong></span> <span class='ocrx_word' id='word_1_312' title='bbox 1136 2512 1330 2582; x_wconf 90' lang='lat' dir='ltr'><strong>inquit,</strong></span> <span class='ocrx_word' id='word_1_313' title='bbox 1363 2511 1569 2565; x_wconf 91' lang='lat' dir='ltr'><strong>mundi.</strong></span> <span class='ocrx_word' id='word_1_314' title='bbox 1603 2509 1778 2564; x_wconf 84' lang='lat' dir='ltr'><strong>Homo</strong></span> <span class='ocrx_word' id='word_1_315' title='bbox 1804 2511 1949 2563; x_wconf 89' lang='lat' dir='ltr'><strong>enim</strong></span> 
     </span>
    </p>
   </div>
   <div class='ocr_carea' id='block_1_41' title="bbox 380 2602 1951 2671">
    <p class='ocr_par' dir='ltr' id='par_1_41' title="bbox 380 2602 1951 2671">
     <span class='ocr_line' id='line_1_41' title="bbox 380 2602 1951 2671; baseline -0.001 -16"><span class='ocrx_word' id='word_1_316' title='bbox 380 2618 486 2656; x_wconf 92' lang='lat' dir='ltr'><strong>non</strong></span> <span class='ocrx_word' id='word_1_317' title='bbox 518 2613 730 2670; x_wconf 91' lang='lat' dir='ltr'><strong>poterat</strong></span> <span class='ocrx_word' id='word_1_318' title='bbox 756 2604 919 2658; x_wconf 88' lang='lat' dir='ltr'><strong>totius</strong></span> <span class='ocrx_word' id='word_1_319' title='bbox 946 2604 1129 2657; x_wconf 90' lang='lat' dir='ltr'><strong>mundi</strong></span> <span class='ocrx_word' id='word_1_320' title='bbox 1166 2615 1384 2671; x_wconf 84' lang='lat' dir='ltr'><strong>peccata</strong></span> <span class='ocrx_word' id='word_1_321' title='bbox 1430 2602 1635 2665; x_wconf 89' lang='lat' dir='ltr'><strong>tollere,</strong></span> <span class='ocrx_word' id='word_1_322' title='bbox 1676 2602 1802 2668; x_wconf 91' lang='lat' dir='ltr'><strong>quia</strong></span> <span class='ocrx_word' id='word_1_323' title='bbox 1830 2618 1951 2655; x_wconf 82' lang='lat' dir='ltr'><strong>om-</strong></span> 
     </span>
    </p>
   </div>
   <div class='ocr_carea' id='block_1_42' title="bbox 381 2692 1951 2762">
    <p class='ocr_par' dir='ltr' id='par_1_42' title="bbox 381 2692 1951 2762">
     <span class='ocr_line' id='line_1_42' title="bbox 381 2692 1951 2762; baseline -0.001 -15"><span class='ocrx_word' id='word_1_324' title='bbox 381 2710 478 2748; x_wconf 88' lang='lat' dir='ltr'><strong>nes</strong></span> <span class='ocrx_word' id='word_1_325' title='bbox 519 2694 767 2749; x_wconf 87' lang='lat' dir='ltr'><strong>homines</strong></span> <span class='ocrx_word' id='word_1_326' title='bbox 806 2710 872 2749; x_wconf 90' lang='lat' dir='ltr'><strong>ex</strong></span> <span class='ocrx_word' id='word_1_327' title='bbox 901 2695 1095 2759; x_wconf 89' lang='lat' dir='ltr'><strong>Adam,</strong></span> <span class='ocrx_word' id='word_1_328' title='bbox 1130 2704 1185 2750; x_wconf 90' lang='lat' dir='ltr'><strong>et</strong></span> <span class='ocrx_word' id='word_1_329' title='bbox 1232 2710 1337 2748; x_wconf 92' lang='lat' dir='ltr'><strong>non</strong></span> <span class='ocrx_word' id='word_1_330' title='bbox 1372 2710 1438 2749; x_wconf 85' lang='lat' dir='ltr'><strong>ex</strong></span> <span class='ocrx_word' id='word_1_331' title='bbox 1475 2694 1605 2748; x_wconf 86' lang='lat' dir='ltr'><strong>Deo.</strong></span> <span class='ocrx_word' id='word_1_332' title='bbox 1678 2692 1793 2746; x_wconf 86' lang='lat' dir='ltr'><strong>Non</strong></span> <span class='ocrx_word' id='word_1_333' title='bbox 1824 2692 1951 2762; x_wconf 89' lang='lat' dir='ltr'><strong>quia</strong></span> 
     </span>
    </p>
   </div>
   <div class='ocr_carea' id='block_1_43' title="bbox 380 2783 1949 2854">
    <p class='ocr_par' dir='ltr' id='par_1_43' title="bbox 380 2783 1949 2854">
     <span class='ocr_line' id='line_1_43' title="bbox 380 2783 1949 2854; baseline -0.001 -16"><span class='ocrx_word' id='word_1_334' title='bbox 380 2794 459 2838; x_wconf 89' lang='lat' dir='ltr'><strong>est</strong></span> <span class='ocrx_word' id='word_1_335' title='bbox 500 2785 697 2854; x_wconf 88' lang='lat' dir='ltr'><strong>aliquis</strong></span> <span class='ocrx_word' id='word_1_336' title='bbox 728 2785 819 2854; x_wconf 92' lang='lat' dir='ltr'><strong>qni</strong></span> <span class='ocrx_word' id='word_1_337' title='bbox 874 2802 978 2839; x_wconf 93' lang='lat' dir='ltr'><strong>non</strong></span> <span class='ocrx_word' id='word_1_338' title='bbox 1012 2795 1093 2839; x_wconf 91' lang='lat' dir='ltr'><strong>est</strong></span> <span class='ocrx_word' id='word_1_339' title='bbox 1142 2801 1172 2839; x_wconf 89' lang='lat' dir='ltr'><strong>a</strong></span> <span class='ocrx_word' id='word_1_340' title='bbox 1205 2785 1315 2839; x_wconf 86' lang='lat' dir='ltr'><strong>Deo</strong></span> <span class='ocrx_word' id='word_1_341' title='bbox 1347 2794 1563 2840; x_wconf 88' lang='lat' dir='ltr'><strong>creatus</strong></span> <span class='ocrx_word' id='word_1_342' title='bbox 1606 2800 1702 2854; x_wconf 89' lang='lat' dir='ltr'><strong>per</strong></span> <span class='ocrx_word' id='word_1_343' title='bbox 1730 2783 1949 2849; x_wconf 85' lang='lat' dir='ltr'><strong>Filium,</strong></span> 
     </span>
    </p>
   </div>
   <div class='ocr_carea' id='block_1_44' title="bbox 381 2876 1954 2948">
    <p class='ocr_par' dir='ltr' id='par_1_44' title="bbox 381 2876 1954 2948">
     <span class='ocr_line' id='line_1_44' title="bbox 381 2876 1954 2948; baseline 0.001 -19"><span class='ocrx_word' id='word_1_344' title='bbox 381 2876 478 2929; x_wconf 89' lang='lat' dir='ltr'><strong>sed</strong></span> <span class='ocrx_word' id='word_1_345' title='bbox 509 2877 687 2931; x_wconf 78' lang='lat' dir='ltr'><strong>ornnis</strong></span> <span class='ocrx_word' id='word_1_346' title='bbox 715 2877 879 2931; x_wconf 87' lang='lat' dir='ltr'><strong>homo</strong></span> <span class='ocrx_word' id='word_1_347' title='bbox 906 2878 1106 2947; x_wconf 87' lang='lat' dir='ltr'><strong>quique</strong></span> <span class='ocrx_word' id='word_1_348' title='bbox 1139 2878 1424 2948; x_wconf 86' lang='lat' dir='ltr'><strong>progenies</strong></span> <span class='ocrx_word' id='word_1_349' title='bbox 1451 2878 1581 2931; x_wconf 73' lang='lat' dir='ltr'><strong>Adze</strong></span> <span class='ocrx_word' id='word_1_350' title='bbox 1610 2885 1725 2939; x_wconf 87' lang='lat' dir='ltr'><strong>est,</strong></span> <span class='ocrx_word' id='word_1_351' title='bbox 1756 2886 1807 2931; x_wconf 90' lang='lat' dir='ltr'><strong>et</strong></span> <span class='ocrx_word' id='word_1_352' title='bbox 1845 2891 1954 2930; x_wconf 79' lang='lat' dir='ltr'><strong>non</strong></span> 
     </span>
    </p>
   </div>
   <div class='ocr_carea' id='block_1_45' title="bbox 381 2970 1953 3040">
    <p class='ocr_par' dir='ltr' id='par_1_45' title="bbox 381 2970 1953 3040">
     <span class='ocr_line' id='line_1_45' title="bbox 381 2970 1953 3040; baseline 0 -18"><span class='ocrx_word' id='word_1_353' title='bbox 381 2970 680 3024; x_wconf 85' lang='lat' dir='ltr'><strong>nativitatis</strong></span> <span class='ocrx_word' id='word_1_354' title='bbox 710 2970 947 3040; x_wconf 88' lang='lat' dir='ltr'><strong>peccatis</strong></span> <span class='ocrx_word' id='word_1_355' title='bbox 976 2970 1239 3040; x_wconf 73' lang='lat' dir='ltr'><strong>subiacet.</strong></span> <span class='ocrx_word' id='word_1_356' title='bbox 1270 2970 1380 3027; x_wconf 88' lang='lat' dir='ltr'><strong>Nos</strong></span> <span class='ocrx_word' id='word_1_357' title='bbox 1408 2970 1550 3025; x_wconf 91' lang='lat' dir='ltr'><strong>enim</strong></span> <span class='ocrx_word' id='word_1_358' title='bbox 1585 2971 1636 3023; x_wconf 89' lang='lat' dir='ltr'><strong>in</strong></span> <span class='ocrx_word' id='word_1_359' title='bbox 1675 2970 1782 3023; x_wconf 89' lang='lat' dir='ltr'><strong>ictu</strong></span> <span class='ocrx_word' id='word_1_360' title='bbox 1814 2977 1870 3023; x_wconf 91' lang='lat' dir='ltr'><strong>et</strong></span> <span class='ocrx_word' id='word_1_361' title='bbox 1898 2970 1953 3022; x_wconf 91' lang='lat' dir='ltr'><strong>in</strong></span> 
     </span>
    </p>
   </div>
   <div class='ocr_carea' id='block_1_46' title="bbox 378 3060 1956 3132">
    <p class='ocr_par' dir='ltr' id='par_1_46' title="bbox 378 3060 1956 3132">
     <span class='ocr_line' id='line_1_46' title="bbox 378 3060 1956 3132; baseline -0.001 -18"><span class='ocrx_word' id='word_1_362' title='bbox 378 3060 571 3128; x_wconf 81' lang='lat' dir='ltr'><strong>exigua</strong></span> <span class='ocrx_word' id='word_1_363' title='bbox 615 3061 717 3116; x_wconf 88' lang='lat' dir='ltr'><strong>hac</strong></span> <span class='ocrx_word' id='word_1_364' title='bbox 750 3062 855 3115; x_wconf 74' lang='lat' dir='ltr'><strong>vita</strong></span> <span class='ocrx_word' id='word_1_365' title='bbox 903 3063 1182 3117; x_wconf 89' lang='lat' dir='ltr'><strong>constituti</strong></span> <span class='ocrx_word' id='word_1_366' title='bbox 1230 3078 1517 3132; x_wconf 85' lang='lat' dir='ltr'><strong>peccamus</strong></span> <span class='ocrx_word' id='word_1_367' title='bbox 1575 3072 1629 3117; x_wconf 90' lang='lat' dir='ltr'><strong>et</strong></span> <span class='ocrx_word' id='word_1_368' title='bbox 1679 3062 1857 3132; x_wconf 87' lang='lat' dir='ltr'><strong>lingua</strong></span> <span class='ocrx_word' id='word_1_369' title='bbox 1899 3068 1956 3114; x_wconf 91' lang='lat' dir='ltr'><strong>et</strong></span> 
     </span>
    </p>
   </div>
   <div class='ocr_carea' id='block_1_47' title="bbox 379 3151 1955 3223">
    <p class='ocr_par' dir='ltr' id='par_1_47' title="bbox 379 3151 1955 3223">
     <span class='ocr_line' id='line_1_47' title="bbox 379 3151 1955 3223; baseline 0.001 -19"><span class='ocrx_word' id='word_1_370' title='bbox 379 3152 613 3207; x_wconf 80' lang='lat' dir='ltr'><strong>actibus;</strong></span> <span class='ocrx_word' id='word_1_371' title='bbox 661 3153 763 3218; x_wconf 90' lang='lat' dir='ltr'><strong>Qui</strong></span> <span class='ocrx_word' id='word_1_372' title='bbox 808 3164 986 3208; x_wconf 90' lang='lat' dir='ltr'><strong>autem</strong></span> <span class='ocrx_word' id='word_1_373' title='bbox 1017 3164 1296 3223; x_wconf 83' lang='lat' dir='ltr'><strong>peccatum</strong></span> <span class='ocrx_word' id='word_1_374' title='bbox 1334 3170 1440 3208; x_wconf 92' lang='lat' dir='ltr'><strong>non</strong></span> <span class='ocrx_word' id='word_1_375' title='bbox 1476 3153 1624 3217; x_wconf 86' lang='lat' dir='ltr'><strong>fecit,</strong></span> <span class='ocrx_word' id='word_1_376' title='bbox 1657 3169 1833 3222; x_wconf 90' lang='lat' dir='ltr'><strong>neque</strong></span> <span class='ocrx_word' id='word_1_377' title='bbox 1858 3151 1955 3206; x_wconf 87' lang='lat' dir='ltr'><strong>do-</strong></span> 
     </span>
    </p>
   </div>
   <div class='ocr_carea' id='block_1_48' title="bbox 382 3244 1953 3316">
    <p class='ocr_par' dir='ltr' id='par_1_48' title="bbox 382 3244 1953 3316">
     <span class='ocr_line' id='line_1_48' title="bbox 382 3244 1953 3316; baseline 0.003 -21"><span class='ocrx_word' id='word_1_378' title='bbox 382 3244 489 3296; x_wconf 91' lang='lat' dir='ltr'><strong>lum</strong></span> <span class='ocrx_word' id='word_1_379' title='bbox 524 3245 714 3298; x_wconf 88' lang='lat' dir='ltr'><strong>habuit</strong></span> <span class='ocrx_word' id='word_1_380' title='bbox 756 3248 806 3298; x_wconf 92' lang='lat' dir='ltr'><strong>in</strong></span> <span class='ocrx_word' id='word_1_381' title='bbox 836 3261 932 3300; x_wconf 93' lang='lat' dir='ltr'><strong>ore</strong></span> <span class='ocrx_word' id='word_1_382' title='bbox 965 3262 1084 3311; x_wconf 84' lang='lat' dir='ltr'><strong>suo,</strong></span> <span class='ocrx_word' id='word_1_383' title='bbox 1121 3257 1178 3300; x_wconf 95' lang='lat' dir='ltr'><strong>ut</strong></span> <span class='ocrx_word' id='word_1_384' title='bbox 1220 3262 1395 3314; x_wconf 89' lang='lat' dir='ltr'><strong>neque</strong></span> <span class='ocrx_word' id='word_1_385' title='bbox 1424 3263 1588 3316; x_wconf 90' lang='lat' dir='ltr'><strong>opere</strong></span> <span class='ocrx_word' id='word_1_386' title='bbox 1626 3262 1801 3316; x_wconf 90' lang='lat' dir='ltr'><strong>neque</strong></span> <span class='ocrx_word' id='word_1_387' title='bbox 1834 3262 1953 3301; x_wconf 89' lang='lat' dir='ltr'><strong>ser-</strong></span> 
     </span>
    </p>
   </div>
   <div class='ocr_carea' id='block_1_49' title="bbox 382 3334 1952 3405">
    <p class='ocr_par' dir='ltr' id='par_1_49' title="bbox 382 3334 1952 3405">
     <span class='ocr_line' id='line_1_49' title="bbox 382 3334 1952 3405; baseline 0.001 -21"><span class='ocrx_word' id='word_1_388' title='bbox 382 3346 542 3385; x_wconf 88' lang='lat' dir='ltr'><strong>mone</strong></span> <span class='ocrx_word' id='word_1_389' title='bbox 577 3342 845 3401; x_wconf 85' lang='lat' dir='ltr'><strong>peccaret,</strong></span> <span class='ocrx_word' id='word_1_390' title='bbox 895 3334 1009 3401; x_wconf 90' lang='lat' dir='ltr'><strong>ipsa</strong></span> <span class='ocrx_word' id='word_1_391' title='bbox 1055 3335 1262 3403; x_wconf 86' lang='lat' dir='ltr'><strong>justitia</strong></span> <span class='ocrx_word' id='word_1_392' title='bbox 1299 3346 1402 3389; x_wconf 88' lang='lat' dir='ltr'><strong>est.</strong></span> <span class='ocrx_word' id='word_1_393' title='bbox 1454 3335 1552 3401; x_wconf 85' lang='lat' dir='ltr'><strong>Qui</strong></span> <span class='ocrx_word' id='word_1_394' title='bbox 1588 3350 1719 3405; x_wconf 86' lang='lat' dir='ltr'><strong>ergo</strong></span> <span class='ocrx_word' id='word_1_395' title='bbox 1743 3336 1952 3404; x_wconf 86' lang='lat' dir='ltr'><strong>justitia</strong></span> 
     </span>
    </p>
   </div>
   <div class='ocr_carea' id='block_1_50' title="bbox 383 3421 1952 3494">
    <p class='ocr_par' dir='ltr' id='par_1_50' title="bbox 383 3421 1952 3494">
     <span class='ocr_line' id='line_1_50' title="bbox 383 3421 1952 3494; baseline 0.003 -21"><span class='ocrx_word' id='word_1_396' title='bbox 383 3421 604 3488; x_wconf 87' lang='lat' dir='ltr'><strong>propria</strong></span> <span class='ocrx_word' id='word_1_397' title='bbox 634 3438 739 3475; x_wconf 93' lang='lat' dir='ltr'><strong>non</strong></span> <span class='ocrx_word' id='word_1_398' title='bbox 774 3422 1009 3477; x_wconf 89' lang='lat' dir='ltr'><strong>habebat</strong></span> <span class='ocrx_word' id='word_1_399' title='bbox 1035 3434 1278 3492; x_wconf 90' lang='lat' dir='ltr'><strong>peccata,</strong></span> <span class='ocrx_word' id='word_1_400' title='bbox 1306 3428 1481 3494; x_wconf 89' lang='lat' dir='ltr'><strong>potuit</strong></span> <span class='ocrx_word' id='word_1_401' title='bbox 1514 3427 1698 3479; x_wconf 91' lang='lat' dir='ltr'><strong>mundi</strong></span> <span class='ocrx_word' id='word_1_402' title='bbox 1733 3436 1952 3494; x_wconf 88' lang='lat' dir='ltr'><strong>peccata</strong></span> 
     </span>
    </p>
   </div>
   <div class='ocr_carea' id='block_1_51' title="bbox 382 3511 1952 3585">
    <p class='ocr_par' dir='ltr' id='par_1_51' title="bbox 382 3511 1952 3585">
     <span class='ocr_line' id='line_1_51' title="bbox 382 3511 1952 3585; baseline 0.004 -23"><span class='ocrx_word' id='word_1_403' title='bbox 382 3520 599 3577; x_wconf 91' lang='lat' dir='ltr'><strong>portare</strong></span> <span class='ocrx_word' id='word_1_404' title='bbox 634 3528 647 3565; x_wconf 89' lang='lat'><strong>:</strong></span> <span class='ocrx_word' id='word_1_405' title='bbox 681 3511 769 3580; x_wconf 92' lang='lat' dir='ltr'><strong>qui</strong></span> <span class='ocrx_word' id='word_1_406' title='bbox 805 3525 1033 3581; x_wconf 72' lang='lat' dir='ltr'><strong>:egrotat</strong></span> <span class='ocrx_word' id='word_1_407' title='bbox 1071 3514 1214 3568; x_wconf 90' lang='lat' dir='ltr'><strong>enim</strong></span> <span class='ocrx_word' id='word_1_408' title='bbox 1247 3515 1414 3569; x_wconf 88' lang='lat' dir='ltr'><strong>alium</strong></span> <span class='ocrx_word' id='word_1_409' title='bbox 1468 3530 1667 3569; x_wconf 88' lang='lat' dir='ltr'><strong>sanare</strong></span> <span class='ocrx_word' id='word_1_410' title='bbox 1711 3531 1815 3569; x_wconf 91' lang='lat' dir='ltr'><strong>non</strong></span> <span class='ocrx_word' id='word_1_411' title='bbox 1856 3530 1952 3585; x_wconf 91' lang='lat' dir='ltr'><strong>po-</strong></span> 
     </span>
    </p>
   </div>
   <div class='ocr_carea' id='block_1_52' title="bbox 382 3605 1954 3675">
    <p class='ocr_par' dir='ltr' id='par_1_52' title="bbox 382 3605 1954 3675">
     <span class='ocr_line' id='line_1_52' title="bbox 382 3605 1954 3675; baseline 0.004 -21"><span class='ocrx_word' id='word_1_412' title='bbox 382 3609 520 3655; x_wconf 79' lang='lat' dir='ltr'><strong>test:</strong></span> <span class='ocrx_word' id='word_1_413' title='bbox 548 3611 603 3655; x_wconf 90' lang='lat' dir='ltr'><strong>et</strong></span> <span class='ocrx_word' id='word_1_414' title='bbox 631 3605 720 3671; x_wconf 92' lang='lat' dir='ltr'><strong>qui</strong></span> <span class='ocrx_word' id='word_1_415' title='bbox 752 3605 989 3674; x_wconf 85' lang='lat' dir='ltr'><strong>peccatis</strong></span> <span class='ocrx_word' id='word_1_416' title='bbox 1017 3605 1278 3674; x_wconf 88' lang='lat' dir='ltr'><strong>subjacet,</strong></span> <span class='ocrx_word' id='word_1_417' title='bbox 1306 3605 1482 3660; x_wconf 91' lang='lat' dir='ltr'><strong>aliena</strong></span> <span class='ocrx_word' id='word_1_418' title='bbox 1516 3615 1733 3675; x_wconf 90' lang='lat' dir='ltr'><strong>portare</strong></span> <span class='ocrx_word' id='word_1_419' title='bbox 1760 3608 1954 3661; x_wconf 86' lang='lat' dir='ltr'><strong>delicta</strong></span> 
     </span>
    </p>
   </div>
   <div class='ocr_carea' id='block_1_53' title="bbox 382 3694 1957 3770">
    <p class='ocr_par' dir='ltr' id='par_1_53' title="bbox 382 3694 1957 3770">
     <span class='ocr_line' id='line_1_53' title="bbox 382 3694 1957 3770; baseline 0.007 -26"><span class='ocrx_word' id='word_1_420' title='bbox 382 3708 489 3745; x_wconf 94' lang='lat' dir='ltr'><strong>non</strong></span> <span class='ocrx_word' id='word_1_421' title='bbox 537 3703 740 3762; x_wconf 91' lang='lat' dir='ltr'><strong>potest.</strong></span> <span class='ocrx_word' id='word_1_422' title='bbox 785 3694 887 3761; x_wconf 87' lang='lat' dir='ltr'><strong>Qui</strong></span> <span class='ocrx_word' id='word_1_423' title='bbox 927 3707 1108 3750; x_wconf 91' lang='lat' dir='ltr'><strong>autem</strong></span> <span class='ocrx_word' id='word_1_424' title='bbox 1160 3713 1265 3752; x_wconf 93' lang='lat' dir='ltr'><strong>non</strong></span> <span class='ocrx_word' id='word_1_425' title='bbox 1320 3701 1583 3766; x_wconf 84' lang='lat' dir='ltr'><strong>peccavit,</strong></span> <span class='ocrx_word' id='word_1_426' title='bbox 1628 3715 1803 3770; x_wconf 90' lang='lat' dir='ltr'><strong>neque</strong></span> <span class='ocrx_word' id='word_1_427' title='bbox 1852 3702 1957 3756; x_wconf 82' lang='lat' dir='ltr'><strong>scit</strong></span> 
     </span>
    </p>
   </div>
   <div class='ocr_carea' id='block_1_54' title="bbox 382 3783 1954 3853">
    <p class='ocr_par' dir='ltr' id='par_1_54' title="bbox 382 3783 1954 3853">
     <span class='ocr_line' id='line_1_54' title="bbox 382 3783 1954 3853; baseline 0.004 -15"><span class='ocrx_word' id='word_1_428' title='bbox 382 3795 661 3853; x_wconf 90' lang='lat' dir='ltr'><strong>peccatum</strong></span> <span class='ocrx_word' id='word_1_429' title='bbox 688 3827 703 3852; x_wconf 95' lang='lat'><strong>,</strong></span> <span class='ocrx_word' id='word_1_430' title='bbox 743 3788 843 3842; x_wconf 91' lang='lat' dir='ltr'><strong>iste</strong></span> <span class='ocrx_word' id='word_1_431' title='bbox 878 3803 974 3841; x_wconf 92' lang='lat' dir='ltr'><strong>sua</strong></span> <span class='ocrx_word' id='word_1_432' title='bbox 1008 3788 1212 3844; x_wconf 88' lang='lat' dir='ltr'><strong>virtute</strong></span> <span class='ocrx_word' id='word_1_433' title='bbox 1249 3783 1475 3843; x_wconf 86' lang='lat' dir='ltr'><strong>aliorum</strong></span> <span class='ocrx_word' id='word_1_434' title='bbox 1505 3792 1735 3846; x_wconf 90' lang='lat' dir='ltr'><strong>assumit</strong></span> <span class='ocrx_word' id='word_1_435' title='bbox 1763 3802 1817 3845; x_wconf 93' lang='lat' dir='ltr'><strong>et</strong></span> <span class='ocrx_word' id='word_1_436' title='bbox 1850 3792 1954 3847; x_wconf 94' lang='lat' dir='ltr'><strong>tol-</strong></span> 
     </span>
    </p>
   </div>
   <div class='ocr_carea' id='block_1_55' title="bbox 382 3877 1953 3950">
    <p class='ocr_par' dir='ltr' id='par_1_55' title="bbox 382 3877 1953 3950">
     <span class='ocr_line' id='line_1_55' title="bbox 382 3877 1953 3950; baseline 0.004 -21"><span class='ocrx_word' id='word_1_437' title='bbox 382 3877 445 3930; x_wconf 89' lang='lat' dir='ltr'><strong>lit</strong></span> <span class='ocrx_word' id='word_1_438' title='bbox 492 3888 793 3945; x_wconf 89' lang='lat' dir='ltr'><strong>peccatum.</strong></span> <span class='ocrx_word' id='word_1_439' title='bbox 831 3880 1089 3934; x_wconf 88' lang='lat' dir='ltr'><strong>Dominus</strong></span> <span class='ocrx_word' id='word_1_440' title='bbox 1133 3882 1277 3934; x_wconf 90' lang='lat' dir='ltr'><strong>enim</strong></span> <span class='ocrx_word' id='word_1_441' title='bbox 1316 3883 1624 3950; x_wconf 88' lang='lat' dir='ltr'><strong>baptizatur</strong></span> <span class='ocrx_word' id='word_1_442' title='bbox 1664 3899 1692 3936; x_wconf 91' lang='lat' dir='ltr'><strong>a</strong></span> <span class='ocrx_word' id='word_1_443' title='bbox 1726 3881 1953 3946; x_wconf 77' lang='lat' dir='ltr'><strong>Joanne,</strong></span> 
     </span>
    </p>
   </div>
   <div class='ocr_carea' id='block_1_56' title="bbox 380 3970 1957 4027">
    <p class='ocr_par' dir='ltr' id='par_1_56' title="bbox 380 3970 1957 4027">
     <span class='ocr_line' id='line_1_56' title="bbox 380 3970 1957 4027; baseline 0.001 -3"><span class='ocrx_word' id='word_1_444' title='bbox 380 3980 437 4025; x_wconf 89' lang='lat' dir='ltr'><strong>et</strong></span> <span class='ocrx_word' id='word_1_445' title='bbox 467 3971 695 4024; x_wconf 88' lang='lat' dir='ltr'><strong>assumit</strong></span> <span class='ocrx_word' id='word_1_446' title='bbox 726 3970 953 4024; x_wconf 88' lang='lat' dir='ltr'><strong>aliorum</strong></span> <span class='ocrx_word' id='word_1_447' title='bbox 983 3972 1176 4026; x_wconf 90' lang='lat' dir='ltr'><strong>delicta</strong></span> <span class='ocrx_word' id='word_1_448' title='bbox 1213 3988 1227 4025; x_wconf 95' lang='lat'><strong>:</strong></span> <span class='ocrx_word' id='word_1_449' title='bbox 1267 3985 1545 4025; x_wconf 86' lang='lat' dir='ltr'><strong>assumens</strong></span> <span class='ocrx_word' id='word_1_450' title='bbox 1586 3974 1957 4027; x_wconf 89' lang='lat' dir='ltr'><strong>autemaufert</strong></span> 
     </span>
    </p>
   </div>
   <div class='ocr_carea' id='block_1_57' title="bbox 381 4061 1952 4134">
    <p class='ocr_par' dir='ltr' id='par_1_57' title="bbox 381 4061 1952 4134">
     <span class='ocr_line' id='line_1_57' title="bbox 381 4061 1952 4134; baseline 0.001 -18"><span class='ocrx_word' id='word_1_451' title='bbox 381 4078 442 4116; x_wconf 90' lang='lat' dir='ltr'><strong>ea</strong></span> <span class='ocrx_word' id='word_1_452' title='bbox 472 4078 592 4130; x_wconf 64' lang='lat' dir='ltr'><strong>quas</strong></span> <span class='ocrx_word' id='word_1_453' title='bbox 614 4064 869 4130; x_wconf 83' lang='lat' dir='ltr'><strong>suscepit.</strong></span> <span class='ocrx_word' id='word_1_454' title='bbox 906 4061 1138 4118; x_wconf 86' lang='lat' dir='ltr'><strong>Intueris</strong></span> <span class='ocrx_word' id='word_1_455' title='bbox 1172 4065 1332 4117; x_wconf 88' lang='lat' dir='ltr'><strong>istum</strong></span> <span class='ocrx_word' id='word_1_456' title='bbox 1365 4064 1633 4119; x_wconf 88' lang='lat' dir='ltr'><strong>visibilem</strong></span> <span class='ocrx_word' id='word_1_457' title='bbox 1667 4066 1833 4119; x_wconf 87' lang='lat' dir='ltr'><strong>solem</strong></span> <span class='ocrx_word' id='word_1_458' title='bbox 1862 4066 1952 4134; x_wconf 90' lang='lat' dir='ltr'><strong>qui</strong></span> 
     </span>
    </p>
   </div>
   <div class='ocr_carea' id='block_1_58' title="bbox 381 4152 1956 4222">
    <p class='ocr_par' dir='ltr' id='par_1_58' title="bbox 381 4152 1956 4222">
     <span class='ocr_line' id='line_1_58' title="bbox 381 4152 1956 4222; baseline 0.004 -16"><span class='ocrx_word' id='word_1_459' title='bbox 381 4168 480 4222; x_wconf 82' lang='lat' dir='ltr'><strong>per</strong></span> <span class='ocrx_word' id='word_1_460' title='bbox 510 4153 677 4208; x_wconf 91' lang='lat' dir='ltr'><strong>Deum</strong></span> <span class='ocrx_word' id='word_1_461' title='bbox 726 4152 903 4209; x_wconf 87' lang='lat' dir='ltr'><strong>factus</strong></span> <span class='ocrx_word' id='word_1_462' title='bbox 941 4155 1063 4209; x_wconf 85' lang='lat' dir='ltr'><strong>est?</strong></span> <span class='ocrx_word' id='word_1_463' title='bbox 1095 4156 1195 4210; x_wconf 89' lang='lat' dir='ltr'><strong>iste</strong></span> <span class='ocrx_word' id='word_1_464' title='bbox 1230 4155 1311 4209; x_wconf 87' lang='lat' dir='ltr'><strong>sol</strong></span> <span class='ocrx_word' id='word_1_465' title='bbox 1346 4156 1579 4210; x_wconf 82' lang='lat' dir='ltr'><strong>visibilis</strong></span> <span class='ocrx_word' id='word_1_466' title='bbox 1626 4168 1773 4211; x_wconf 88' lang='lat' dir='ltr'><strong>certe</strong></span> <span class='ocrx_word' id='word_1_467' title='bbox 1818 4173 1956 4212; x_wconf 90' lang='lat' dir='ltr'><strong>unus</strong></span> 
     </span>
    </p>
   </div>
   <div class='ocr_carea' id='block_1_59' title="bbox 381 4246 1956 4315">
    <p class='ocr_par' dir='ltr' id='par_1_59' title="bbox 381 4246 1956 4315">
     <span class='ocr_line' id='line_1_59' title="bbox 381 4246 1956 4315; baseline 0.001 -16"><span class='ocrx_word' id='word_1_468' title='bbox 381 4254 469 4299; x_wconf 82' lang='lat' dir='ltr'><strong>est</strong></span> <span class='ocrx_word' id='word_1_469' title='bbox 490 4261 554 4299; x_wconf 85' lang='lat' dir='ltr'><strong>ex</strong></span> <span class='ocrx_word' id='word_1_470' title='bbox 587 4246 839 4300; x_wconf 90' lang='lat' dir='ltr'><strong>omnibus</strong></span> <span class='ocrx_word' id='word_1_471' title='bbox 874 4262 993 4315; x_wconf 75' lang='lat' dir='ltr'><strong>qua:</strong></span> <span class='ocrx_word' id='word_1_472' title='bbox 1026 4262 1121 4315; x_wconf 87' lang='lat' dir='ltr'><strong>per</strong></span> <span class='ocrx_word' id='word_1_473' title='bbox 1150 4246 1346 4300; x_wconf 87' lang='lat' dir='ltr'><strong>Filium</strong></span> <span class='ocrx_word' id='word_1_474' title='bbox 1378 4246 1517 4303; x_wconf 89' lang='lat' dir='ltr'><strong>facta</strong></span> <span class='ocrx_word' id='word_1_475' title='bbox 1543 4261 1688 4303; x_wconf 91' lang='lat' dir='ltr'><strong>sunt.</strong></span> <span class='ocrx_word' id='word_1_476' title='bbox 1737 4250 1841 4302; x_wconf 73' lang='lat' dir='ltr'><strong>iste</strong></span> <span class='ocrx_word' id='word_1_477' title='bbox 1866 4265 1956 4301; x_wconf 91' lang='lat' dir='ltr'><strong>or-</strong></span> 
     </span>
    </p>
   </div>
   <div class='ocr_carea' id='block_1_60' title="bbox 324 4338 1957 4408">
    <p class='ocr_par' dir='ltr' id='par_1_60' title="bbox 324 4338 1957 4408">
     <span class='ocr_line' id='line_1_60' title="bbox 324 4338 1957 4408; baseline 0.002 -17"><span class='ocrx_word' id='word_1_478' title='bbox 324 4365 327 4368; x_wconf 15' lang='lat' dir='ltr'><strong>e</strong></span> <span class='ocrx_word' id='word_1_479' title='bbox 384 4350 469 4392; x_wconf 89' lang='lat' dir='ltr'><strong>tus</strong></span> <span class='ocrx_word' id='word_1_480' title='bbox 500 4338 688 4393; x_wconf 90' lang='lat' dir='ltr'><strong>sordes</strong></span> <span class='ocrx_word' id='word_1_481' title='bbox 718 4339 1001 4408; x_wconf 89' lang='lat' dir='ltr'><strong>contingit,</strong></span> <span class='ocrx_word' id='word_1_482' title='bbox 1045 4348 1100 4393; x_wconf 91' lang='lat' dir='ltr'><strong>ct</strong></span> <span class='ocrx_word' id='word_1_483' title='bbox 1151 4339 1349 4395; x_wconf 90' lang='lat' dir='ltr'><strong>fetores</strong></span> <span class='ocrx_word' id='word_1_484' title='bbox 1396 4350 1450 4395; x_wconf 90' lang='lat' dir='ltr'><strong>et</strong></span> <span class='ocrx_word' id='word_1_485' title='bbox 1484 4355 1715 4397; x_wconf 60' lang='lat' dir='ltr'><strong>caenum.</strong></span> <span class='ocrx_word' id='word_1_486' title='bbox 1766 4339 1835 4395; x_wconf 90' lang='lat' dir='ltr'><strong>Et</strong></span> <span class='ocrx_word' id='word_1_487' title='bbox 1865 4341 1957 4395; x_wconf 82' lang='lat' dir='ltr'><strong>illa</strong></span> 
     </span>
    </p>
   </div>
   <div class='ocr_carea' id='block_1_61' title="bbox 380 4430 1957 4500">
    <p class='ocr_par' dir='ltr' id='par_1_61' title="bbox 380 4430 1957 4500">
     <span class='ocr_line' id='line_1_61' title="bbox 380 4430 1957 4500; baseline 0.003 -18"><span class='ocrx_word' id='word_1_488' title='bbox 380 4431 595 4498; x_wconf 85' lang='lat' dir='ltr'><strong>quidem</strong></span> <span class='ocrx_word' id='word_1_489' title='bbox 623 4445 740 4499; x_wconf 71' lang='lat' dir='ltr'><strong>quae</strong></span> <span class='ocrx_word' id='word_1_490' title='bbox 766 4430 963 4484; x_wconf 91' lang='lat' dir='ltr'><strong>habent</strong></span> <span class='ocrx_word' id='word_1_491' title='bbox 1009 4431 1233 4486; x_wconf 82' lang='lat' dir='ltr'><strong>fetorem</strong></span> <span class='ocrx_word' id='word_1_492' title='bbox 1266 4432 1517 4486; x_wconf 89' lang='lat' dir='ltr'><strong>liberata</strong></span> <span class='ocrx_word' id='word_1_493' title='bbox 1578 4432 1789 4494; x_wconf 89' lang='lat' dir='ltr'><strong>fetore;</strong></span> <span class='ocrx_word' id='word_1_494' title='bbox 1841 4433 1957 4500; x_wconf 92' lang='lat' dir='ltr'><strong>ipse</strong></span> 
     </span>
    </p>
   </div>
   <div class='ocr_carea' id='block_1_62' title="bbox 2049 1950 3631 2032">
    <p class='ocr_par' dir='ltr' id='par_1_62' title="bbox 2049 1950 3631 2032">
     <span class='ocr_line' id='line_1_62' title="bbox 2049 1950 3631 2032; baseline -0.009 -15"><span class='ocrx_word' id='word_1_495' title='bbox 2049 1972 2169 2031; x_wconf 87' lang='lat' dir='ltr'><strong>post</strong></span> <span class='ocrx_word' id='word_1_496' title='bbox 2203 1963 2398 2017; x_wconf 64' lang='lat' dir='ltr'><strong>saecula</strong></span> <span class='ocrx_word' id='word_1_497' title='bbox 2449 1966 2569 2032; x_wconf 63' lang='lat' dir='ltr'><strong>qua:</strong></span> <span class='ocrx_word' id='word_1_498' title='bbox 2618 1978 2713 2032; x_wconf 85' lang='lat' dir='ltr'><strong>per</strong></span> <span class='ocrx_word' id='word_1_499' title='bbox 2744 1962 2917 2031; x_wconf 89' lang='lat' dir='ltr'><strong>ipsum</strong></span> <span class='ocrx_word' id='word_1_500' title='bbox 2966 1959 3107 2013; x_wconf 81' lang='lat' dir='ltr'><strong>facta</strong></span> <span class='ocrx_word' id='word_1_501' title='bbox 3159 1964 3303 2012; x_wconf 89' lang='lat' dir='ltr'><strong>sunt.</strong></span> <span class='ocrx_word' id='word_1_502' title='bbox 3362 1953 3417 2006; x_wconf 90' lang='lat' dir='ltr'><strong>In</strong></span> <span class='ocrx_word' id='word_1_503' title='bbox 3475 1950 3631 2022; x_wconf 85' lang='lat' dir='ltr'><strong>prin-</strong></span> 
     </span>
    </p>
   </div>
   <div class='ocr_carea' id='block_1_63' title="bbox 2045 2046 3634 2123">
    <p class='ocr_par' dir='ltr' id='par_1_63' title="bbox 2045 2046 3634 2123">
     <span class='ocr_line' id='line_1_63' title="bbox 2045 2046 3634 2123; baseline -0.007 -16"><span class='ocrx_word' id='word_1_504' title='bbox 2045 2055 2185 2123; x_wconf 86' lang='lat' dir='ltr'><strong>cipio</strong></span> <span class='ocrx_word' id='word_1_505' title='bbox 2225 2066 2349 2108; x_wconf 88' lang='lat' dir='ltr'><strong>ante</strong></span> <span class='ocrx_word' id='word_1_506' title='bbox 2404 2070 2593 2109; x_wconf 90' lang='lat' dir='ltr'><strong>omnes</strong></span> <span class='ocrx_word' id='word_1_507' title='bbox 2638 2056 2778 2123; x_wconf 89' lang='lat' dir='ltr'><strong>apud</strong></span> <span class='ocrx_word' id='word_1_508' title='bbox 2830 2055 3042 2115; x_wconf 85' lang='lat' dir='ltr'><strong>Deum,</strong></span> <span class='ocrx_word' id='word_1_509' title='bbox 3090 2060 3214 2103; x_wconf 90' lang='lat' dir='ltr'><strong>ante</strong></span> <span class='ocrx_word' id='word_1_510' title='bbox 3260 2046 3470 2103; x_wconf 70' lang='lat' dir='ltr'><strong>ccelos:</strong></span> <span class='ocrx_word' id='word_1_511' title='bbox 3523 2059 3634 2098; x_wconf 88' lang='lat' dir='ltr'><strong>non</strong></span> 
     </span>
    </p>
   </div>
   <div class='ocr_carea' id='block_1_64' title="bbox 2046 2137 3633 2204">
    <p class='ocr_par' dir='ltr' id='par_1_64' title="bbox 2046 2137 3633 2204">
     <span class='ocr_line' id='line_1_64' title="bbox 2046 2137 3633 2204; baseline -0.009 -1"><span class='ocrx_word' id='word_1_512' title='bbox 2046 2150 2190 2203; x_wconf 90' lang='lat' dir='ltr'><strong>enim</strong></span> <span class='ocrx_word' id='word_1_513' title='bbox 2245 2150 2580 2204; x_wconf 88' lang='lat' dir='ltr'><strong>necessarios</strong></span> <span class='ocrx_word' id='word_1_514' title='bbox 2642 2148 2873 2201; x_wconf 87' lang='lat' dir='ltr'><strong>habebat</strong></span> <span class='ocrx_word' id='word_1_515' title='bbox 2919 2146 3087 2200; x_wconf 63' lang='lat' dir='ltr'><strong>caelos</strong></span> <span class='ocrx_word' id='word_1_516' title='bbox 3126 2143 3192 2197; x_wconf 92' lang='lat' dir='ltr'><strong>ad</strong></span> <span class='ocrx_word' id='word_1_517' title='bbox 3242 2137 3633 2202; x_wconf 87' lang='lat' dir='ltr'><strong>habitandum;</strong></span> 
     </span>
    </p>
   </div>
   <div class='ocr_carea' id='block_1_65' title="bbox 2048 2224 3631 2310">
    <p class='ocr_par' dir='ltr' id='par_1_65' title="bbox 2048 2224 3631 2310">
     <span class='ocr_line' id='line_1_65' title="bbox 2048 2224 3631 2310; baseline -0.011 -14"><span class='ocrx_word' id='word_1_518' title='bbox 2048 2242 2311 2310; x_wconf 91' lang='lat' dir='ltr'><strong>siquidem</strong></span> <span class='ocrx_word' id='word_1_519' title='bbox 2372 2256 2472 2295; x_wconf 89' lang='lat' dir='ltr'><strong>nec</strong></span> <span class='ocrx_word' id='word_1_520' title='bbox 2525 2250 2651 2293; x_wconf 90' lang='lat' dir='ltr'><strong>tunc</strong></span> <span class='ocrx_word' id='word_1_521' title='bbox 2706 2253 2827 2293; x_wconf 90' lang='lat' dir='ltr'><strong>eum</strong></span> <span class='ocrx_word' id='word_1_522' title='bbox 2886 2237 3087 2290; x_wconf 88' lang='lat' dir='ltr'><strong>factum</strong></span> <span class='ocrx_word' id='word_1_523' title='bbox 3142 2242 3227 2288; x_wconf 90' lang='lat' dir='ltr'><strong>est</strong></span> <span class='ocrx_word' id='word_1_524' title='bbox 3287 2228 3510 2291; x_wconf 72' lang='lat' dir='ltr'><strong>cmlum,</strong></span> <span class='ocrx_word' id='word_1_525' title='bbox 3562 2224 3631 2280; x_wconf 84' lang='lat' dir='ltr'><strong>ad</strong></span> 
     </span>
    </p>
   </div>
   <div class='ocr_carea' id='block_1_66' title="bbox 2049 2317 3621 2395">
    <p class='ocr_par' dir='ltr' id='par_1_66' title="bbox 2049 2317 3621 2395">
     <span class='ocr_line' id='line_1_66' title="bbox 2049 2317 3621 2395; baseline -0.01 -8"><span class='ocrx_word' id='word_1_526' title='bbox 2049 2348 2204 2387; x_wconf 92' lang='lat' dir='ltr'><strong>usum</strong></span> <span class='ocrx_word' id='word_1_527' title='bbox 2242 2333 2439 2387; x_wconf 85' lang='lat' dir='ltr'><strong>factum</strong></span> <span class='ocrx_word' id='word_1_528' title='bbox 2465 2342 2547 2387; x_wconf 88' lang='lat' dir='ltr'><strong>est</strong></span> <span class='ocrx_word' id='word_1_529' title='bbox 2572 2331 2689 2395; x_wconf 88' lang='lat' dir='ltr'><strong>Dei,</strong></span> <span class='ocrx_word' id='word_1_530' title='bbox 2718 2329 2809 2383; x_wconf 87' lang='lat' dir='ltr'><strong>sed</strong></span> <span class='ocrx_word' id='word_1_531' title='bbox 2836 2328 2900 2381; x_wconf 88' lang='lat' dir='ltr'><strong>ad</strong></span> <span class='ocrx_word' id='word_1_532' title='bbox 2927 2327 3245 2382; x_wconf 86' lang='lat' dir='ltr'><strong>beneficium</strong></span> <span class='ocrx_word' id='word_1_533' title='bbox 3276 2322 3446 2392; x_wconf 88' lang='lat' dir='ltr'><strong>ipsius</strong></span> <span class='ocrx_word' id='word_1_534' title='bbox 3467 2317 3621 2383; x_wconf 76' lang='lat' dir='ltr'><strong>emli,</strong></span> 
     </span>
    </p>
   </div>
   <div class='ocr_carea' id='block_1_67' title="bbox 2050 2407 3630 2491">
    <p class='ocr_par' dir='ltr' id='par_1_67' title="bbox 2050 2407 3630 2491">
     <span class='ocr_line' id='line_1_67' title="bbox 2050 2407 3630 2491; baseline -0.011 -12"><span class='ocrx_word' id='word_1_535' title='bbox 2050 2434 2105 2479; x_wconf 91' lang='lat' dir='ltr'><strong>et</strong></span> <span class='ocrx_word' id='word_1_536' title='bbox 2135 2438 2319 2477; x_wconf 90' lang='lat' dir='ltr'><strong>eorum</strong></span> <span class='ocrx_word' id='word_1_537' title='bbox 2346 2424 2435 2491; x_wconf 90' lang='lat' dir='ltr'><strong>qui</strong></span> <span class='ocrx_word' id='word_1_538' title='bbox 2461 2423 2563 2477; x_wconf 92' lang='lat' dir='ltr'><strong>sub</strong></span> <span class='ocrx_word' id='word_1_539' title='bbox 2591 2422 2731 2475; x_wconf 73' lang='lat' dir='ltr'><strong>C(BIO</strong></span> <span class='ocrx_word' id='word_1_540' title='bbox 2767 2429 2891 2474; x_wconf 92' lang='lat' dir='ltr'><strong>sunt</strong></span> <span class='ocrx_word' id='word_1_541' title='bbox 2917 2424 3156 2473; x_wconf 87' lang='lat' dir='ltr'><strong>creatum</strong></span> <span class='ocrx_word' id='word_1_542' title='bbox 3185 2425 3268 2469; x_wconf 90' lang='lat' dir='ltr'><strong>est</strong></span> <span class='ocrx_word' id='word_1_543' title='bbox 3294 2413 3512 2469; x_wconf 70' lang='lat' dir='ltr'><strong>coelum.</strong></span> <span class='ocrx_word' id='word_1_544' title='bbox 3561 2407 3630 2462; x_wconf 85' lang='lat' dir='ltr'><strong>In</strong></span> 
     </span>
    </p>
   </div>
   <div class='ocr_carea' id='block_1_68' title="bbox 2054 2506 3731 2587">
    <p class='ocr_par' dir='ltr' id='par_1_68' title="bbox 2054 2506 3731 2587">
     <span class='ocr_line' id='line_1_68' title="bbox 2054 2506 3731 2587; baseline -0.011 -17"><span class='ocrx_word' id='word_1_545' title='bbox 2054 2518 2309 2587; x_wconf 85' lang='lat' dir='ltr'><strong>principio</strong></span> <span class='ocrx_word' id='word_1_546' title='bbox 2347 2526 2459 2569; x_wconf 85' lang='lat' dir='ltr'><strong>erat</strong></span> <span class='ocrx_word' id='word_1_547' title='bbox 2490 2530 2508 2568; x_wconf 93' lang='lat'><strong>:</strong></span> <span class='ocrx_word' id='word_1_548' title='bbox 2556 2530 2708 2568; x_wconf 90' lang='lat' dir='ltr'><strong>serva</strong></span> <span class='ocrx_word' id='word_1_549' title='bbox 2744 2514 2887 2582; x_wconf 84' lang='lat' dir='ltr'><strong>quod</strong></span> <span class='ocrx_word' id='word_1_550' title='bbox 2914 2522 3030 2566; x_wconf 81' lang='lat' dir='ltr'><strong>erat</strong></span> <span class='ocrx_word' id='word_1_551' title='bbox 3055 2510 3188 2580; x_wconf 79' lang='lat' dir='ltr'><strong>(7i).</strong></span> <span class='ocrx_word' id='word_1_552' title='bbox 3228 2507 3282 2560; x_wconf 90' lang='lat' dir='ltr'><strong>Si</strong></span> <span class='ocrx_word' id='word_1_553' title='bbox 3309 2506 3451 2559; x_wconf 92' lang='lat' dir='ltr'><strong>enim</strong></span> <span class='ocrx_word' id='word_1_554' title='bbox 3486 2510 3540 2558; x_wconf 90' lang='lat' dir='ltr'><strong>et</strong></span> <span class='ocrx_word' id='word_1_555' title='bbox 3572 2509 3632 2554; x_wconf 89' lang='lat' dir='ltr'><strong>tu</strong></span> <span class='ocrx_word' id='word_1_556' title='bbox 3726 2578 3731 2581; x_wconf 77' lang='lat'>_</span> 
     </span>
    </p>
   </div>
   <div class='ocr_carea' id='block_1_69' title="bbox 2052 2598 3637 2674">
    <p class='ocr_par' dir='ltr' id='par_1_69' title="bbox 2052 2598 3637 2674">
     <span class='ocr_line' id='line_1_69' title="bbox 2052 2598 3637 2674; baseline -0.008 -13"><span class='ocrx_word' id='word_1_557' title='bbox 2052 2623 2159 2663; x_wconf 91' lang='lat' dir='ltr'><strong>non</strong></span> <span class='ocrx_word' id='word_1_558' title='bbox 2198 2608 2425 2671; x_wconf 81' lang='lat' dir='ltr'><strong>dixeris,</strong></span> <span class='ocrx_word' id='word_1_559' title='bbox 2453 2607 2605 2672; x_wconf 89' lang='lat' dir='ltr'><strong>Erat,</strong></span> <span class='ocrx_word' id='word_1_560' title='bbox 2642 2606 2730 2663; x_wconf 91' lang='lat' dir='ltr'><strong>ille</strong></span> <span class='ocrx_word' id='word_1_561' title='bbox 2756 2606 2972 2674; x_wconf 85' lang='lat' dir='ltr'><strong>quidem</strong></span> <span class='ocrx_word' id='word_1_562' title='bbox 3016 2612 3198 2656; x_wconf 90' lang='lat' dir='ltr'><strong>manet</strong></span> <span class='ocrx_word' id='word_1_563' title='bbox 3223 2598 3365 2669; x_wconf 88' lang='lat' dir='ltr'><strong>quod</strong></span> <span class='ocrx_word' id='word_1_564' title='bbox 3392 2604 3533 2662; x_wconf 90' lang='lat' dir='ltr'><strong>erat,</strong></span> <span class='ocrx_word' id='word_1_565' title='bbox 3576 2606 3637 2650; x_wconf 85' lang='lat' dir='ltr'><strong>tu</strong></span> 
     </span>
    </p>
   </div>
   <div class='ocr_carea' id='block_1_70' title="bbox 2053 2687 3639 2755">
    <p class='ocr_par' dir='ltr' id='par_1_70' title="bbox 2053 2687 3639 2755">
     <span class='ocr_line' id='line_1_70' title="bbox 2053 2687 3639 2755; baseline -0.011 0"><span class='ocrx_word' id='word_1_566' title='bbox 2053 2713 2234 2755; x_wconf 89' lang='lat' dir='ltr'><strong>autem</strong></span> <span class='ocrx_word' id='word_1_567' title='bbox 2279 2698 2625 2754; x_wconf 81' lang='lat' dir='ltr'><strong>fraudaveris</strong></span> <span class='ocrx_word' id='word_1_568' title='bbox 2674 2706 2733 2750; x_wconf 96' lang='lat' dir='ltr'><strong>ut</strong></span> <span class='ocrx_word' id='word_1_569' title='bbox 2780 2697 2881 2751; x_wconf 90' lang='lat' dir='ltr'><strong>sis.</strong></span> <span class='ocrx_word' id='word_1_570' title='bbox 2939 2694 3054 2749; x_wconf 80' lang='lat' dir='ltr'><strong>Non</strong></span> <span class='ocrx_word' id='word_1_571' title='bbox 3107 2692 3253 2747; x_wconf 89' lang='lat' dir='ltr'><strong>enim</strong></span> <span class='ocrx_word' id='word_1_572' title='bbox 3288 2706 3354 2744; x_wconf 80' lang='lat' dir='ltr'><strong>ex</strong></span> <span class='ocrx_word' id='word_1_573' title='bbox 3392 2687 3476 2742; x_wconf 86' lang='lat' dir='ltr'><strong>his</strong></span> <span class='ocrx_word' id='word_1_574' title='bbox 3518 2701 3639 2755; x_wconf 63' lang='lat' dir='ltr'><strong>qua</strong></span> 
     </span>
    </p>
   </div>
   <div class='ocr_carea' id='block_1_71' title="bbox 2055 2777 3638 2858">
    <p class='ocr_par' dir='ltr' id='par_1_71' title="bbox 2055 2777 3638 2858">
     <span class='ocr_line' id='line_1_71' title="bbox 2055 2777 3638 2858; baseline -0.011 -10"><span class='ocrx_word' id='word_1_575' title='bbox 2055 2795 2287 2848; x_wconf 91' lang='lat' dir='ltr'><strong>dicimus</strong></span> <span class='ocrx_word' id='word_1_576' title='bbox 2325 2790 2631 2847; x_wconf 60' lang='lat' dir='ltr'><strong>efficiuntur</strong></span> <span class='ocrx_word' id='word_1_577' title='bbox 2676 2789 2892 2858; x_wconf 73' lang='lat' dir='ltr'><strong>negotia</strong></span> <span class='ocrx_word' id='word_1_578' title='bbox 2941 2802 3119 2839; x_wconf 88' lang='lat' dir='ltr'><strong>rerum</strong></span> <span class='ocrx_word' id='word_1_579' title='bbox 3152 2803 3166 2839; x_wconf 87' lang='lat'><strong>:</strong></span> <span class='ocrx_word' id='word_1_580' title='bbox 3201 2784 3292 2837; x_wconf 86' lang='lat' dir='ltr'><strong>sed</strong></span> <span class='ocrx_word' id='word_1_581' title='bbox 3332 2781 3374 2835; x_wconf 85' lang='lat' dir='ltr'><strong>si</strong></span> <span class='ocrx_word' id='word_1_582' title='bbox 3402 2777 3638 2834; x_wconf 88' lang='lat' dir='ltr'><strong>confessi</strong></span> 
     </span>
    </p>
   </div>
   <div class='ocr_carea' id='block_1_72' title="bbox 2056 2869 3639 2938">
    <p class='ocr_par' dir='ltr' id='par_1_72' title="bbox 2056 2869 3639 2938">
     <span class='ocr_line' id='line_1_72' title="bbox 2056 2869 3639 2938; baseline -0.008 -2"><span class='ocrx_word' id='word_1_583' title='bbox 2056 2881 2319 2938; x_wconf 76' lang='lat' dir='ltr'><strong>fuerimus</strong></span> <span class='ocrx_word' id='word_1_584' title='bbox 2360 2891 2419 2934; x_wconf 94' lang='lat' dir='ltr'><strong>ut</strong></span> <span class='ocrx_word' id='word_1_585' title='bbox 2446 2896 2505 2934; x_wconf 91' lang='lat' dir='ltr'><strong>se</strong></span> <span class='ocrx_word' id='word_1_586' title='bbox 2535 2894 2623 2934; x_wconf 91' lang='lat' dir='ltr'><strong>res</strong></span> <span class='ocrx_word' id='word_1_587' title='bbox 2661 2880 2864 2934; x_wconf 89' lang='lat' dir='ltr'><strong>habere</strong></span> <span class='ocrx_word' id='word_1_588' title='bbox 2885 2877 3157 2938; x_wconf 88' lang='lat' dir='ltr'><strong>videntur,</strong></span> <span class='ocrx_word' id='word_1_589' title='bbox 3192 2873 3541 2928; x_wconf 90' lang='lat' dir='ltr'><strong>salvabimur.</strong></span> <span class='ocrx_word' id='word_1_590' title='bbox 3577 2869 3639 2924; x_wconf 86' lang='lat' dir='ltr'><strong>Si</strong></span> 
     </span>
    </p>
   </div>
   <div class='ocr_carea' id='block_1_73' title="bbox 2059 2960 3642 3033">
    <p class='ocr_par' dir='ltr' id='par_1_73' title="bbox 2059 2960 3642 3033">
     <span class='ocr_line' id='line_1_73' title="bbox 2059 2960 3642 3033; baseline -0.008 -6"><span class='ocrx_word' id='word_1_591' title='bbox 2059 2984 2246 3029; x_wconf 89' lang='lat' dir='ltr'><strong>autem</strong></span> <span class='ocrx_word' id='word_1_592' title='bbox 2276 2972 2567 3027; x_wconf 88' lang='lat' dir='ltr'><strong>delirantes</strong></span> <span class='ocrx_word' id='word_1_593' title='bbox 2611 2985 2716 3023; x_wconf 93' lang='lat' dir='ltr'><strong>non</strong></span> <span class='ocrx_word' id='word_1_594' title='bbox 2769 2977 2826 3021; x_wconf 92' lang='lat' dir='ltr'><strong>ut</strong></span> <span class='ocrx_word' id='word_1_595' title='bbox 2877 2981 2935 3020; x_wconf 90' lang='lat' dir='ltr'><strong>se</strong></span> <span class='ocrx_word' id='word_1_596' title='bbox 2969 2966 3132 3019; x_wconf 82' lang='lat' dir='ltr'><strong>habet</strong></span> <span class='ocrx_word' id='word_1_597' title='bbox 3170 2963 3442 3033; x_wconf 76' lang='lat' dir='ltr'><strong>negotium</strong></span> <span class='ocrx_word' id='word_1_598' title='bbox 3477 2960 3642 3014; x_wconf 81' lang='lat' dir='ltr'><strong>loculi</strong></span> 
     </span>
    </p>
   </div>
   <div class='ocr_carea' id='block_1_74' title="bbox 2059 3051 3641 3131">
    <p class='ocr_par' dir='ltr' id='par_1_74' title="bbox 2059 3051 3641 3131">
     <span class='ocr_line' id='line_1_74' title="bbox 2059 3051 3641 3131; baseline -0.011 -12"><span class='ocrx_word' id='word_1_599' title='bbox 2059 3064 2358 3129; x_wconf 88' lang='lat' dir='ltr'><strong>fuerimus;</strong></span> <span class='ocrx_word' id='word_1_600' title='bbox 2392 3062 2523 3131; x_wconf 70' lang='lat' dir='ltr'><strong>ipsae</strong></span> <span class='ocrx_word' id='word_1_601' title='bbox 2566 3060 2784 3128; x_wconf 89' lang='lat' dir='ltr'><strong>quidem</strong></span> <span class='ocrx_word' id='word_1_602' title='bbox 2827 3074 2912 3114; x_wconf 90' lang='lat' dir='ltr'><strong>res</strong></span> <span class='ocrx_word' id='word_1_603' title='bbox 2939 3066 3175 3117; x_wconf 86' lang='lat' dir='ltr'><strong>manent.</strong></span> <span class='ocrx_word' id='word_1_604' title='bbox 3218 3070 3316 3109; x_wconf 92' lang='lat' dir='ltr'><strong>nos</strong></span> <span class='ocrx_word' id='word_1_605' title='bbox 3342 3061 3518 3107; x_wconf 89' lang='lat' dir='ltr'><strong>autem</strong></span> <span class='ocrx_word' id='word_1_606' title='bbox 3552 3051 3641 3120; x_wconf 86' lang='lat' dir='ltr'><strong>ju-</strong></span> 
     </span>
    </p>
   </div>
   <div class='ocr_carea' id='block_1_75' title="bbox 2060 3143 3641 3218">
    <p class='ocr_par' dir='ltr' id='par_1_75' title="bbox 2060 3143 3641 3218">
     <span class='ocr_line' id='line_1_75' title="bbox 2060 3143 3641 3218; baseline -0.01 -8"><span class='ocrx_word' id='word_1_607' title='bbox 2060 3156 2382 3210; x_wconf 78' lang='lat' dir='ltr'><strong>dicabinnur.</strong></span> <span class='ocrx_word' id='word_1_608' title='bbox 2433 3155 2587 3218; x_wconf 85' lang='lat' dir='ltr'><strong>Erat,</strong></span> <span class='ocrx_word' id='word_1_609' title='bbox 2618 3162 2673 3207; x_wconf 92' lang='lat' dir='ltr'><strong>et</strong></span> <span class='ocrx_word' id='word_1_610' title='bbox 2702 3160 2844 3214; x_wconf 91' lang='lat' dir='ltr'><strong>erat,</strong></span> <span class='ocrx_word' id='word_1_611' title='bbox 2874 3162 2928 3205; x_wconf 90' lang='lat' dir='ltr'><strong>et</strong></span> <span class='ocrx_word' id='word_1_612' title='bbox 2961 3159 3101 3203; x_wconf 86' lang='lat' dir='ltr'><strong>erat.</strong></span> <span class='ocrx_word' id='word_1_613' title='bbox 3137 3147 3211 3200; x_wconf 80' lang='grc' dir='ltr'><strong><em>1η</em></strong></span> <span class='ocrx_word' id='word_1_614' title='bbox 3244 3143 3502 3214; x_wconf 85' lang='lat' dir='ltr'><strong>principio</strong></span> <span class='ocrx_word' id='word_1_615' title='bbox 3526 3150 3641 3195; x_wconf 77' lang='lat' dir='ltr'><strong>erat</strong></span> 
     </span>
    </p>
   </div>
   <div class='ocr_carea' id='block_1_76' title="bbox 2071 3234 3638 3302">
    <p class='ocr_par' dir='ltr' id='par_1_76' title="bbox 2071 3234 3638 3302">
     <span class='ocr_line' id='line_1_76' title="bbox 2071 3234 3638 3302; baseline -0.008 -5"><span class='ocrx_word' id='word_1_616' title='bbox 2071 3246 2291 3301; x_wconf 82' lang='lat' dir='ltr'><strong>Verbum</strong></span> <span class='ocrx_word' id='word_1_617' title='bbox 2328 3260 2347 3298; x_wconf 90' lang='lat'><strong>:</strong></span> <span class='ocrx_word' id='word_1_618' title='bbox 2387 3259 2513 3299; x_wconf 91' lang='lat' dir='ltr'><strong>ecce</strong></span> <span class='ocrx_word' id='word_1_619' title='bbox 2550 3243 2713 3296; x_wconf 90' lang='lat' dir='ltr'><strong>semel</strong></span> <span class='ocrx_word' id='word_1_620' title='bbox 2763 3252 2923 3297; x_wconf 85' lang='lat' dir='ltr'><strong>erat:</strong></span> <span class='ocrx_word' id='word_1_621' title='bbox 2963 3252 3011 3295; x_wconf 88' lang='lat' dir='ltr'><strong>et</strong></span> <span class='ocrx_word' id='word_1_622' title='bbox 3059 3240 3285 3293; x_wconf 80' lang='lat' dir='ltr'><strong>Verbum</strong></span> <span class='ocrx_word' id='word_1_623' title='bbox 3337 3247 3451 3290; x_wconf 87' lang='lat' dir='ltr'><strong>erat</strong></span> <span class='ocrx_word' id='word_1_624' title='bbox 3495 3234 3638 3302; x_wconf 80' lang='lat' dir='ltr'><strong>apud</strong></span> 
     </span>
    </p>
   </div>
   <div class='ocr_carea' id='block_1_77' title="bbox 2059 3327 3640 3403">
    <p class='ocr_par' dir='ltr' id='par_1_77' title="bbox 2059 3327 3640 3403">
     <span class='ocr_line' id='line_1_77' title="bbox 2059 3327 3640 3403; baseline -0.006 -16"><span class='ocrx_word' id='word_1_625' title='bbox 2059 3334 2224 3389; x_wconf 87' lang='lat' dir='ltr'><strong>Deum</strong></span> <span class='ocrx_word' id='word_1_626' title='bbox 2242 3336 2309 3398; x_wconf 81' lang='grc'><strong>⁸⁸,</strong></span> <span class='ocrx_word' id='word_1_627' title='bbox 2347 3344 2402 3387; x_wconf 88' lang='lat' dir='ltr'><strong>et</strong></span> <span class='ocrx_word' id='word_1_628' title='bbox 2430 3334 2621 3387; x_wconf 89' lang='lat' dir='ltr'><strong>iterum</strong></span> <span class='ocrx_word' id='word_1_629' title='bbox 2656 3334 2768 3403; x_wconf 74' lang='grc'><strong>(72)</strong></span> <span class='ocrx_word' id='word_1_630' title='bbox 2823 3341 2981 3386; x_wconf 83' lang='lat' dir='ltr'><strong>erat:</strong></span> <span class='ocrx_word' id='word_1_631' title='bbox 3013 3340 3061 3385; x_wconf 84' lang='lat' dir='ltr'><strong>et</strong></span> <span class='ocrx_word' id='word_1_632' title='bbox 3085 3330 3226 3383; x_wconf 83' lang='lat' dir='ltr'><strong>Deus</strong></span> <span class='ocrx_word' id='word_1_633' title='bbox 3240 3338 3351 3382; x_wconf 83' lang='lat' dir='ltr'><strong>erat</strong></span> <span class='ocrx_word' id='word_1_634' title='bbox 3378 3327 3640 3381; x_wconf 81' lang='lat' dir='ltr'><strong>Verbum:</strong></span> 
     </span>
    </p>
   </div>
   <div class='ocr_carea' id='block_1_78' title="bbox 2055 3419 3637 3491">
    <p class='ocr_par' dir='ltr' id='par_1_78' title="bbox 2055 3419 3637 3491">
     <span class='ocr_line' id='line_1_78' title="bbox 2055 3419 3637 3491; baseline -0.006 -9"><span class='ocrx_word' id='word_1_635' title='bbox 2055 3442 2185 3482; x_wconf 90' lang='lat' dir='ltr'><strong>ecce</strong></span> <span class='ocrx_word' id='word_1_636' title='bbox 2219 3428 2377 3481; x_wconf 88' lang='lat' dir='ltr'><strong>tertio</strong></span> <span class='ocrx_word' id='word_1_637' title='bbox 2408 3435 2547 3480; x_wconf 88' lang='lat' dir='ltr'><strong>erat.</strong></span> <span class='ocrx_word' id='word_1_638' title='bbox 2589 3424 2692 3478; x_wconf 84' lang='lat' dir='ltr'><strong>Hic</strong></span> <span class='ocrx_word' id='word_1_639' title='bbox 2726 3435 2836 3487; x_wconf 80' lang='lat' dir='ltr'><strong>erat</strong></span> <span class='ocrx_word' id='word_1_640' title='bbox 2876 3425 2932 3477; x_wconf 72' lang='lat' dir='ltr'><strong>in</strong></span> <span class='ocrx_word' id='word_1_641' title='bbox 2978 3422 3234 3491; x_wconf 81' lang='lat' dir='ltr'><strong>principio</strong></span> <span class='ocrx_word' id='word_1_642' title='bbox 3269 3421 3408 3489; x_wconf 76' lang='lat' dir='ltr'><strong>apud</strong></span> <span class='ocrx_word' id='word_1_643' title='bbox 3450 3419 3637 3472; x_wconf 84' lang='lat' dir='ltr'><strong>Deum.</strong></span> 
     </span>
    </p>
   </div>
   <div class='ocr_carea' id='block_1_79' title="bbox 2054 3509 3639 3586">
    <p class='ocr_par' dir='ltr' id='par_1_79' title="bbox 2054 3509 3639 3586">
     <span class='ocr_line' id='line_1_79' title="bbox 2054 3509 3639 3586; baseline -0.006 -14"><span class='ocrx_word' id='word_1_644' title='bbox 2054 3517 2185 3572; x_wconf 85' lang='lat' dir='ltr'><strong>Post</strong></span> <span class='ocrx_word' id='word_1_645' title='bbox 2216 3526 2449 3586; x_wconf 90' lang='lat' dir='ltr'><strong>quatuor</strong></span> <span class='ocrx_word' id='word_1_646' title='bbox 2492 3517 2590 3569; x_wconf 90' lang='lat' dir='ltr'><strong>has</strong></span> <span class='ocrx_word' id='word_1_647' title='bbox 2632 3531 2792 3570; x_wconf 90' lang='lat' dir='ltr'><strong>voces</strong></span> <span class='ocrx_word' id='word_1_648' title='bbox 2838 3515 3014 3568; x_wconf 88' lang='lat' dir='ltr'><strong>adhuc</strong></span> <span class='ocrx_word' id='word_1_649' title='bbox 3049 3513 3267 3566; x_wconf 87' lang='lat' dir='ltr'><strong>dubitas</strong></span> <span class='ocrx_word' id='word_1_650' title='bbox 3300 3511 3441 3579; x_wconf 91' lang='lat' dir='ltr'><strong>quod</strong></span> <span class='ocrx_word' id='word_1_651' title='bbox 3480 3509 3639 3564; x_wconf 80' lang='lat' dir='ltr'><strong>erat?</strong></span> 
     </span>
    </p>
   </div>
   <div class='ocr_carea' id='block_1_80' title="bbox 2054 3599 3641 3673">
    <p class='ocr_par' dir='ltr' id='par_1_80' title="bbox 2054 3599 3641 3673">
     <span class='ocr_line' id='line_1_80' title="bbox 2054 3599 3641 3673; baseline -0.006 -10"><span class='ocrx_word' id='word_1_652' title='bbox 2054 3620 2111 3663; x_wconf 89' lang='lat' dir='ltr'><strong>et</strong></span> <span class='ocrx_word' id='word_1_653' title='bbox 2147 3610 2363 3673; x_wconf 88' lang='lat' dir='ltr'><strong>iterum,</strong></span> <span class='ocrx_word' id='word_1_654' title='bbox 2392 3605 2513 3660; x_wconf 87' lang='lat' dir='ltr'><strong>Vita</strong></span> <span class='ocrx_word' id='word_1_655' title='bbox 2551 3616 2687 3669; x_wconf 90' lang='lat' dir='ltr'><strong>erat,</strong></span> <span class='ocrx_word' id='word_1_656' title='bbox 2720 3616 2776 3661; x_wconf 90' lang='lat' dir='ltr'><strong>et</strong></span> <span class='ocrx_word' id='word_1_657' title='bbox 2802 3606 2915 3659; x_wconf 89' lang='lat' dir='ltr'><strong>vita</strong></span> <span class='ocrx_word' id='word_1_658' title='bbox 2953 3614 3071 3659; x_wconf 89' lang='lat' dir='ltr'><strong>erat</strong></span> <span class='ocrx_word' id='word_1_659' title='bbox 3105 3604 3196 3657; x_wconf 88' lang='lat' dir='ltr'><strong>lux</strong></span> <span class='ocrx_word' id='word_1_660' title='bbox 3229 3602 3528 3656; x_wconf 91' lang='lat' dir='ltr'><strong>hominum.</strong></span> <span class='ocrx_word' id='word_1_661' title='bbox 3577 3599 3641 3653; x_wconf 86' lang='lat' dir='ltr'><strong>Si-</strong></span> 
     </span>
    </p>
   </div>
   <div class='ocr_carea' id='block_1_81' title="bbox 2057 3693 3635 3769">
    <p class='ocr_par' dir='ltr' id='par_1_81' title="bbox 2057 3693 3635 3769">
     <span class='ocr_line' id='line_1_81' title="bbox 2057 3693 3635 3769; baseline -0.008 -14"><span class='ocrx_word' id='word_1_662' title='bbox 2057 3701 2187 3755; x_wconf 91' lang='lat' dir='ltr'><strong>dicit</strong></span> <span class='ocrx_word' id='word_1_663' title='bbox 2220 3699 2569 3769; x_wconf 89' lang='lat' dir='ltr'><strong>evangelista,</strong></span> <span class='ocrx_word' id='word_1_664' title='bbox 2615 3699 2707 3766; x_wconf 92' lang='lat' dir='ltr'><strong>qui</strong></span> <span class='ocrx_word' id='word_1_665' title='bbox 2752 3714 2817 3753; x_wconf 84' lang='lat' dir='ltr'><strong>ex</strong></span> <span class='ocrx_word' id='word_1_666' title='bbox 2860 3706 3076 3765; x_wconf 88' lang='lat' dir='ltr'><strong>pectore</strong></span> <span class='ocrx_word' id='word_1_667' title='bbox 3113 3695 3322 3751; x_wconf 90' lang='lat' dir='ltr'><strong>Domini</strong></span> <span class='ocrx_word' id='word_1_668' title='bbox 3373 3693 3635 3757; x_wconf 90' lang='lat' dir='ltr'><strong>haurivit,</strong></span> 
     </span>
    </p>
   </div>
   <div class='ocr_carea' id='block_1_82' title="bbox 2057 3786 3641 3859">
    <p class='ocr_par' dir='ltr' id='par_1_82' title="bbox 2057 3786 3641 3859">
     <span class='ocr_line' id='line_1_82' title="bbox 2057 3786 3641 3859; baseline -0.003 -16"><span class='ocrx_word' id='word_1_669' title='bbox 2057 3790 2212 3857; x_wconf 83' lang='lat' dir='ltr'><strong>Erat,</strong></span> <span class='ocrx_word' id='word_1_670' title='bbox 2267 3800 2321 3844; x_wconf 92' lang='lat' dir='ltr'><strong>et</strong></span> <span class='ocrx_word' id='word_1_671' title='bbox 2375 3790 2477 3844; x_wconf 88' lang='lat' dir='ltr'><strong>hoc</strong></span> <span class='ocrx_word' id='word_1_672' title='bbox 2526 3789 2839 3859; x_wconf 81' lang='lat' dir='ltr'><strong>frequenter</strong></span> <span class='ocrx_word' id='word_1_673' title='bbox 2869 3807 2883 3843; x_wconf 87' lang='lat'><strong>:</strong></span> <span class='ocrx_word' id='word_1_674' title='bbox 2918 3802 2983 3842; x_wconf 85' lang='lat' dir='ltr'><strong>cx</strong></span> <span class='ocrx_word' id='word_1_675' title='bbox 3029 3787 3114 3842; x_wconf 91' lang='lat' dir='ltr'><strong>his</strong></span> <span class='ocrx_word' id='word_1_676' title='bbox 3159 3801 3278 3855; x_wconf 67' lang='lat' dir='ltr'><strong>quae</strong></span> <span class='ocrx_word' id='word_1_677' title='bbox 3321 3801 3462 3853; x_wconf 70' lang='lat' dir='ltr'><strong>saepe</strong></span> <span class='ocrx_word' id='word_1_678' title='bbox 3497 3786 3641 3838; x_wconf 86' lang='lat' dir='ltr'><strong>dicta</strong></span> 
     </span>
    </p>
   </div>
   <div class='ocr_carea' id='block_1_83' title="bbox 2057 3876 3640 3949">
    <p class='ocr_par' dir='ltr' id='par_1_83' title="bbox 2057 3876 3640 3949">
     <span class='ocr_line' id='line_1_83' title="bbox 2057 3876 3640 3949; baseline -0.003 -13"><span class='ocrx_word' id='word_1_679' title='bbox 2057 3890 2182 3936; x_wconf 91' lang='lat' dir='ltr'><strong>sunt</strong></span> <span class='ocrx_word' id='word_1_680' title='bbox 2236 3896 2304 3935; x_wconf 91' lang='lat' dir='ltr'><strong>ne</strong></span> <span class='ocrx_word' id='word_1_681' title='bbox 2349 3880 2565 3949; x_wconf 89' lang='lat' dir='ltr'><strong>quidem</strong></span> <span class='ocrx_word' id='word_1_682' title='bbox 2598 3896 2760 3933; x_wconf 90' lang='lat' dir='ltr'><strong>unum</strong></span> <span class='ocrx_word' id='word_1_683' title='bbox 2801 3890 2993 3935; x_wconf 91' lang='lat' dir='ltr'><strong>tenes:</strong></span> <span class='ocrx_word' id='word_1_684' title='bbox 3030 3888 3084 3933; x_wconf 91' lang='lat' dir='ltr'><strong>et</strong></span> <span class='ocrx_word' id='word_1_685' title='bbox 3120 3892 3279 3947; x_wconf 90' lang='lat' dir='ltr'><strong>quem</strong></span> <span class='ocrx_word' id='word_1_686' title='bbox 3326 3876 3516 3930; x_wconf 61' lang='lat' dir='ltr'><strong>laedis?</strong></span> <span class='ocrx_word' id='word_1_687' title='bbox 3547 3876 3640 3931; x_wconf 90' lang='lat' dir='ltr'><strong>llle</strong></span> 
     </span>
    </p>
   </div>
   <div class='ocr_carea' id='block_1_84' title="bbox 2057 3968 3641 4041">
    <p class='ocr_par' dir='ltr' id='par_1_84' title="bbox 2057 3968 3641 4041">
     <span class='ocr_line' id='line_1_84' title="bbox 2057 3968 3641 4041; baseline -0.006 -13"><span class='ocrx_word' id='word_1_688' title='bbox 2057 3975 2199 4029; x_wconf 90' lang='lat' dir='ltr'><strong>enim</strong></span> <span class='ocrx_word' id='word_1_689' title='bbox 2227 3974 2317 4041; x_wconf 89' lang='lat' dir='ltr'><strong>qui</strong></span> <span class='ocrx_word' id='word_1_690' title='bbox 2345 3983 2483 4038; x_wconf 89' lang='lat' dir='ltr'><strong>erat,</strong></span> <span class='ocrx_word' id='word_1_691' title='bbox 2513 3983 2616 4037; x_wconf 91' lang='lat' dir='ltr'><strong>est,</strong></span> <span class='ocrx_word' id='word_1_692' title='bbox 2645 3982 2698 4026; x_wconf 91' lang='lat' dir='ltr'><strong>et</strong></span> <span class='ocrx_word' id='word_1_693' title='bbox 2727 3987 2831 4025; x_wconf 91' lang='lat' dir='ltr'><strong>non</strong></span> <span class='ocrx_word' id='word_1_694' title='bbox 2866 3970 3100 4026; x_wconf 89' lang='lat' dir='ltr'><strong>cessavit</strong></span> <span class='ocrx_word' id='word_1_695' title='bbox 3128 3979 3186 4023; x_wconf 95' lang='lat' dir='ltr'><strong>ut</strong></span> <span class='ocrx_word' id='word_1_696' title='bbox 3211 3970 3301 4024; x_wconf 86' lang='lat' dir='ltr'><strong>sit.</strong></span> <span class='ocrx_word' id='word_1_697' title='bbox 3349 3968 3427 4022; x_wconf 91' lang='lat' dir='ltr'><strong>Tu</strong></span> <span class='ocrx_word' id='word_1_698' title='bbox 3457 3980 3641 4021; x_wconf 88' lang='lat' dir='ltr'><strong>autem</strong></span> 
     </span>
    </p>
   </div>
   <div class='ocr_carea' id='block_1_85' title="bbox 2059 4062 3638 4133">
    <p class='ocr_par' dir='ltr' id='par_1_85' title="bbox 2059 4062 3638 4133">
     <span class='ocr_line' id='line_1_85' title="bbox 2059 4062 3638 4133; baseline -0.006 -12"><span class='ocrx_word' id='word_1_699' title='bbox 2059 4083 2165 4121; x_wconf 91' lang='lat' dir='ltr'><strong>non</strong></span> <span class='ocrx_word' id='word_1_700' title='bbox 2201 4067 2308 4120; x_wconf 90' lang='lat' dir='ltr'><strong>eris</strong></span> <span class='ocrx_word' id='word_1_701' title='bbox 2350 4065 2506 4133; x_wconf 81' lang='lat' dir='ltr'><strong>ejus,</strong></span> <span class='ocrx_word' id='word_1_702' title='bbox 2560 4066 2661 4119; x_wconf 91' lang='lat' dir='ltr'><strong>nisi</strong></span> <span class='ocrx_word' id='word_1_703' title='bbox 2708 4064 2876 4119; x_wconf 92' lang='lat' dir='ltr'><strong>fueris</strong></span> <span class='ocrx_word' id='word_1_704' title='bbox 2917 4062 3197 4117; x_wconf 89' lang='lat' dir='ltr'><strong>confessus</strong></span> <span class='ocrx_word' id='word_1_705' title='bbox 3241 4062 3366 4130; x_wconf 90' lang='lat' dir='ltr'><strong>quia</strong></span> <span class='ocrx_word' id='word_1_706' title='bbox 3398 4067 3551 4124; x_wconf 90' lang='lat' dir='ltr'><strong>erat,</strong></span> <span class='ocrx_word' id='word_1_707' title='bbox 3583 4066 3638 4112; x_wconf 86' lang='lat' dir='ltr'><strong>et</strong></span> 
     </span>
    </p>
   </div>
   <div class='ocr_carea' id='block_1_86' title="bbox 2058 4152 3645 4227">
    <p class='ocr_par' dir='ltr' id='par_1_86' title="bbox 2058 4152 3645 4227">
     <span class='ocr_line' id='line_1_86' title="bbox 2058 4152 3645 4227; baseline -0.008 -11"><span class='ocrx_word' id='word_1_708' title='bbox 2058 4170 2139 4216; x_wconf 91' lang='lat' dir='ltr'><strong>est</strong></span> <span class='ocrx_word' id='word_1_709' title='bbox 2163 4170 2216 4214; x_wconf 91' lang='lat' dir='ltr'><strong>et</strong></span> <span class='ocrx_word' id='word_1_710' title='bbox 2244 4161 2349 4213; x_wconf 87' lang='lat' dir='ltr'><strong>erit</strong></span> <span class='ocrx_word' id='word_1_711' title='bbox 2383 4178 2396 4213; x_wconf 91' lang='lat'><strong>:</strong></span> <span class='ocrx_word' id='word_1_712' title='bbox 2435 4169 2484 4214; x_wconf 89' lang='lat' dir='ltr'><strong>et</strong></span> <span class='ocrx_word' id='word_1_713' title='bbox 2520 4174 2794 4227; x_wconf 89' lang='lat' dir='ltr'><strong>nunquam</strong></span> <span class='ocrx_word' id='word_1_714' title='bbox 2824 4158 3055 4212; x_wconf 87' lang='lat' dir='ltr'><strong>cessavit</strong></span> <span class='ocrx_word' id='word_1_715' title='bbox 3082 4165 3138 4209; x_wconf 93' lang='lat' dir='ltr'><strong>ut</strong></span> <span class='ocrx_word' id='word_1_716' title='bbox 3172 4170 3277 4209; x_wconf 93' lang='lat' dir='ltr'><strong>non</strong></span> <span class='ocrx_word' id='word_1_717' title='bbox 3308 4154 3399 4209; x_wconf 89' lang='lat' dir='ltr'><strong>sit.</strong></span> <span class='ocrx_word' id='word_1_718' title='bbox 3424 4152 3645 4206; x_wconf 79' lang='lat' dir='ltr'><strong>Princi—</strong></span> 
     </span>
    </p>
   </div>
   <div class='ocr_carea' id='block_1_87' title="bbox 2057 4244 3634 4324">
    <p class='ocr_par' dir='ltr' id='par_1_87' title="bbox 2057 4244 3634 4324">
     <span class='ocr_line' id='line_1_87' title="bbox 2057 4244 3634 4324; baseline -0.006 -18"><span class='ocrx_word' id='word_1_719' title='bbox 2057 4255 2206 4324; x_wconf 89' lang='lat' dir='ltr'><strong>pium</strong></span> <span class='ocrx_word' id='word_1_720' title='bbox 2239 4253 2498 4320; x_wconf 85' lang='lat' dir='ltr'><strong>evangelii</strong></span> <span class='ocrx_word' id='word_1_721' title='bbox 2535 4253 2683 4316; x_wconf 90' lang='lat' dir='ltr'><strong>dicit,</strong></span> <span class='ocrx_word' id='word_1_722' title='bbox 2720 4249 2898 4304; x_wconf 83' lang='lat' dir='ltr'><strong>Erat:</strong></span> <span class='ocrx_word' id='word_1_723' title='bbox 2940 4258 2995 4301; x_wconf 91' lang='lat' dir='ltr'><strong>et</strong></span> <span class='ocrx_word' id='word_1_724' title='bbox 3037 4257 3091 4301; x_wconf 91' lang='lat' dir='ltr'><strong>tu</strong></span> <span class='ocrx_word' id='word_1_725' title='bbox 3144 4246 3327 4301; x_wconf 86' lang='lat' dir='ltr'><strong>statim</strong></span> <span class='ocrx_word' id='word_1_726' title='bbox 3383 4244 3634 4299; x_wconf 86' lang='lat' dir='ltr'><strong>dubitas:</strong></span> 
     </span>
    </p>
   </div>
   <div class='ocr_carea' id='block_1_88' title="bbox 2058 4334 3646 4414">
    <p class='ocr_par' dir='ltr' id='par_1_88' title="bbox 2058 4334 3646 4414">
     <span class='ocr_line' id='line_1_88' title="bbox 2058 4334 3646 4414; baseline -0.006 -15"><span class='ocrx_word' id='word_1_727' title='bbox 2058 4344 2284 4400; x_wconf 80' lang='lat' dir='ltr'><strong>necdum</strong></span> <span class='ocrx_word' id='word_1_728' title='bbox 2313 4345 2524 4414; x_wconf 69' lang='lat' dir='ltr'><strong>cmpisti</strong></span> <span class='ocrx_word' id='word_1_729' title='bbox 2558 4345 2758 4414; x_wconf 88' lang='lat' dir='ltr'><strong>legere,</strong></span> <span class='ocrx_word' id='word_1_730' title='bbox 2796 4353 2850 4397; x_wconf 93' lang='lat' dir='ltr'><strong>et</strong></span> <span class='ocrx_word' id='word_1_731' title='bbox 2877 4340 3168 4398; x_wconf 77' lang='lat' dir='ltr'><strong>offendisti.</strong></span> <span class='ocrx_word' id='word_1_732' title='bbox 3206 4338 3541 4409; x_wconf 86' lang='lat' dir='ltr'><strong>Evangelista</strong></span> <span class='ocrx_word' id='word_1_733' title='bbox 3569 4334 3646 4390; x_wconf 84' lang='lat' dir='ltr'><strong>ab</strong></span> 
     </span>
    </p>
   </div>
   <div class='ocr_carea' id='block_1_89' title="bbox 2058 4428 3636 4508">
    <p class='ocr_par' dir='ltr' id='par_1_89' title="bbox 2058 4428 3636 4508">
     <span class='ocr_line' id='line_1_89' title="bbox 2058 4428 3636 4508; baseline -0.01 -13"><span class='ocrx_word' id='word_1_734' title='bbox 2058 4438 2193 4495; x_wconf 81' lang='lat' dir='ltr'><strong>Erat</strong></span> <span class='ocrx_word' id='word_1_735' title='bbox 2223 4439 2407 4508; x_wconf 74' lang='lat' dir='ltr'><strong>cmpit,</strong></span> <span class='ocrx_word' id='word_1_736' title='bbox 2438 4448 2491 4492; x_wconf 90' lang='lat' dir='ltr'><strong>et</strong></span> <span class='ocrx_word' id='word_1_737' title='bbox 2523 4448 2574 4491; x_wconf 93' lang='lat' dir='ltr'><strong>tu</strong></span> <span class='ocrx_word' id='word_1_738' title='bbox 2608 4436 2741 4490; x_wconf 83' lang='lat' dir='ltr'><strong>Erat</strong></span> <span class='ocrx_word' id='word_1_739' title='bbox 2790 4435 3055 4490; x_wconf 88' lang='lat' dir='ltr'><strong>interimis</strong></span> <span class='ocrx_word' id='word_1_740' title='bbox 3078 4433 3104 4486; x_wconf 83' lang='lat'><strong>?</strong></span> <span class='ocrx_word' id='word_1_741' title='bbox 3150 4430 3387 4485; x_wconf 86' lang='lat' dir='ltr'><strong>Necdum</strong></span> <span class='ocrx_word' id='word_1_742' title='bbox 3434 4428 3636 4497; x_wconf 82' lang='lat' dir='ltr'><strong>legisti,</strong></span> 
     </span>
    </p>
   </div>
   <div class='ocr_carea' id='block_1_90' title="bbox 381 4523 3645 4597">
    <p class='ocr_par' dir='ltr' id='par_1_90' title="bbox 381 4523 3645 4597">
     <span class='ocr_line' id='line_1_90' title="bbox 381 4523 3645 4597; baseline -0.001 -20"><span class='ocrx_word' id='word_1_743' title='bbox 381 4531 557 4577; x_wconf 83' lang='lat' dir='ltr'><strong>autem</strong></span> <span class='ocrx_word' id='word_1_744' title='bbox 584 4536 643 4576; x_wconf 88' lang='lat' dir='ltr'><strong>se</strong></span> <span class='ocrx_word' id='word_1_745' title='bbox 666 4537 770 4575; x_wconf 91' lang='lat' dir='ltr'><strong>non</strong></span> <span class='ocrx_word' id='word_1_746' title='bbox 798 4524 1113 4593; x_wconf 83' lang='lat' dir='ltr'><strong>coinquinat</strong></span> <span class='ocrx_word' id='word_1_747' title='bbox 1137 4525 1204 4578; x_wconf 86' lang='lat' dir='ltr'><strong>ab</strong></span> <span class='ocrx_word' id='word_1_748' title='bbox 1235 4523 1321 4578; x_wconf 90' lang='lat' dir='ltr'><strong>his</strong></span> <span class='ocrx_word' id='word_1_749' title='bbox 1350 4539 1470 4593; x_wconf 67' lang='lat' dir='ltr'><strong>quae</strong></span> <span class='ocrx_word' id='word_1_750' title='bbox 1496 4526 1743 4595; x_wconf 89' lang='lat' dir='ltr'><strong>detergit.</strong></span> <span class='ocrx_word' id='word_1_751' title='bbox 1771 4524 1825 4579; x_wconf 94' lang='lat' dir='ltr'><strong>Si</strong></span> <span class='ocrx_word' id='word_1_752' title='bbox 1855 4525 1953 4593; x_wconf 81' lang='lat' dir='ltr'><strong>igi-</strong></span> <span class='ocrx_word' id='word_1_753' title='bbox 1985 4536 2030 4591; x_wconf 77' lang='grc' dir='ltr'><strong>ι)</strong></span> <span class='ocrx_word' id='word_1_754' title='bbox 2057 4541 2111 4584; x_wconf 86' lang='grc' dir='ltr'>ει</span> <span class='ocrx_word' id='word_1_755' title='bbox 2136 4530 2491 4583; x_wconf 85' lang='lat' dir='ltr'><strong>contradicis.</strong></span> <span class='ocrx_word' id='word_1_756' title='bbox 2522 4529 2647 4582; x_wconf 78' lang='lat' dir='ltr'><strong>Erat</strong></span> <span class='ocrx_word' id='word_1_757' title='bbox 2686 4528 2737 4581; x_wconf 93' lang='lat' dir='ltr'><strong>in</strong></span> <span class='ocrx_word' id='word_1_758' title='bbox 2768 4526 3030 4597; x_wconf 87' lang='lat' dir='ltr'><strong>principio</strong></span> <span class='ocrx_word' id='word_1_759' title='bbox 3053 4535 3180 4579; x_wconf 87' lang='lat' dir='ltr'><strong>ante</strong></span> <span class='ocrx_word' id='word_1_760' title='bbox 3208 4536 3431 4578; x_wconf 87' lang='lat' dir='ltr'><strong>omnes:</strong></span> <span class='ocrx_word' id='word_1_761' title='bbox 3461 4523 3645 4575; x_wconf 84' lang='lat' dir='ltr'><strong>bonus</strong></span> 
     </span>
    </p>
   </div>
   <div class='ocr_carea' id='block_1_91' title="bbox 384 4613 1951 4685">
    <p class='ocr_par' dir='ltr' id='par_1_91' title="bbox 384 4613 1951 4685">
     <span class='ocr_line' id='line_1_91' title="bbox 384 4613 1951 4685; baseline 0.002 -18"><span class='ocrx_word' id='word_1_762' title='bbox 384 4624 471 4667; x_wconf 93' lang='lat' dir='ltr'><strong>tur</strong></span> <span class='ocrx_word' id='word_1_763' title='bbox 514 4613 616 4667; x_wconf 88' lang='lat' dir='ltr'><strong>iste</strong></span> <span class='ocrx_word' id='word_1_764' title='bbox 662 4615 741 4667; x_wconf 83' lang='lat' dir='ltr'><strong>sol</strong></span> <span class='ocrx_word' id='word_1_765' title='bbox 783 4615 1011 4669; x_wconf 85' lang='lat' dir='ltr'><strong>visibilis</strong></span> <span class='ocrx_word' id='word_1_766' title='bbox 1050 4616 1142 4685; x_wconf 93' lang='lat' dir='ltr'><strong>qui</strong></span> <span class='ocrx_word' id='word_1_767' title='bbox 1176 4614 1350 4669; x_wconf 89' lang='lat' dir='ltr'><strong>oritur</strong></span> <span class='ocrx_word' id='word_1_768' title='bbox 1381 4625 1436 4670; x_wconf 90' lang='lat' dir='ltr'><strong>et</strong></span> <span class='ocrx_word' id='word_1_769' title='bbox 1469 4617 1689 4681; x_wconf 88' lang='lat' dir='ltr'><strong>occidit,</strong></span> <span class='ocrx_word' id='word_1_770' title='bbox 1722 4616 1812 4685; x_wconf 89' lang='lat' dir='ltr'><strong>qui</strong></span> <span class='ocrx_word' id='word_1_771' title='bbox 1848 4632 1951 4670; x_wconf 92' lang='lat' dir='ltr'><strong>non</strong></span> 
     </span>
    </p>
   </div>
   <div class='ocr_carea' id='block_1_92' title="bbox 385 4707 1954 4777">
    <p class='ocr_par' dir='ltr' id='par_1_92' title="bbox 385 4707 1954 4777">
     <span class='ocr_line' id='line_1_92' title="bbox 385 4707 1954 4777; baseline 0.003 -17"><span class='ocrx_word' id='word_1_772' title='bbox 385 4708 437 4760; x_wconf 91' lang='lat' dir='ltr'><strong>in</strong></span> <span class='ocrx_word' id='word_1_773' title='bbox 465 4707 728 4776; x_wconf 84' lang='lat' dir='ltr'><strong>principio</strong></span> <span class='ocrx_word' id='word_1_774' title='bbox 773 4707 893 4772; x_wconf 91' lang='lat' dir='ltr'><strong>fuit,</strong></span> <span class='ocrx_word' id='word_1_775' title='bbox 921 4709 1014 4762; x_wconf 90' lang='lat' dir='ltr'><strong>sed</strong></span> <span class='ocrx_word' id='word_1_776' title='bbox 1047 4717 1241 4777; x_wconf 87' lang='lat' dir='ltr'><strong>quarto</strong></span> <span class='ocrx_word' id='word_1_777' title='bbox 1287 4709 1374 4763; x_wconf 90' lang='lat' dir='ltr'><strong>die</strong></span> <span class='ocrx_word' id='word_1_778' title='bbox 1424 4725 1519 4777; x_wconf 89' lang='lat' dir='ltr'><strong>per</strong></span> <span class='ocrx_word' id='word_1_779' title='bbox 1544 4708 1738 4763; x_wconf 88' lang='lat' dir='ltr'><strong>Filium</strong></span> <span class='ocrx_word' id='word_1_780' title='bbox 1779 4709 1954 4764; x_wconf 82' lang='lat' dir='ltr'><strong>factus</strong></span> 
     </span>
    </p>
   </div>
   <div class='ocr_carea' id='block_1_93' title="bbox 381 4799 1951 4871">
    <p class='ocr_par' dir='ltr' id='par_1_93' title="bbox 381 4799 1951 4871">
     <span class='ocr_line' id='line_1_93' title="bbox 381 4799 1951 4871; baseline 0.001 -18"><span class='ocrx_word' id='word_1_781' title='bbox 381 4809 497 4864; x_wconf 85' lang='lat' dir='ltr'><strong>est;</strong></span> <span class='ocrx_word' id='word_1_782' title='bbox 538 4799 584 4855; x_wconf 89' lang='lat' dir='ltr'><strong>si</strong></span> <span class='ocrx_word' id='word_1_783' title='bbox 620 4800 724 4854; x_wconf 91' lang='lat' dir='ltr'><strong>iste</strong></span> <span class='ocrx_word' id='word_1_784' title='bbox 757 4799 839 4853; x_wconf 82' lang='lat' dir='ltr'><strong>sol</strong></span> <span class='ocrx_word' id='word_1_785' title='bbox 873 4816 976 4853; x_wconf 91' lang='lat' dir='ltr'><strong>non</strong></span> <span class='ocrx_word' id='word_1_786' title='bbox 1010 4800 1248 4869; x_wconf 89' lang='lat' dir='ltr'><strong>repletur</strong></span> <span class='ocrx_word' id='word_1_787' title='bbox 1280 4802 1349 4856; x_wconf 90' lang='lat' dir='ltr'><strong>ab</strong></span> <span class='ocrx_word' id='word_1_788' title='bbox 1392 4800 1477 4855; x_wconf 87' lang='lat' dir='ltr'><strong>his</strong></span> <span class='ocrx_word' id='word_1_789' title='bbox 1521 4816 1640 4871; x_wconf 73' lang='lat' dir='ltr'><strong>qua:</strong></span> <span class='ocrx_word' id='word_1_790' title='bbox 1664 4801 1951 4869; x_wconf 83' lang='lat' dir='ltr'><strong>contingit,</strong></span> 
     </span>
    </p>
   </div>
   <div class='ocr_carea' id='block_1_94' title="bbox 382 4891 1953 4962">
    <p class='ocr_par' dir='ltr' id='par_1_94' title="bbox 382 4891 1953 4962">
     <span class='ocr_line' id='line_1_94' title="bbox 382 4891 1953 4962; baseline 0.001 -17"><span class='ocrx_word' id='word_1_791' title='bbox 382 4892 551 4947; x_wconf 92' lang='lat' dir='ltr'><strong>multo</strong></span> <span class='ocrx_word' id='word_1_792' title='bbox 579 4892 750 4962; x_wconf 89' lang='lat' dir='ltr'><strong>magis</strong></span> <span class='ocrx_word' id='word_1_793' title='bbox 780 4891 1042 4946; x_wconf 90' lang='lat' dir='ltr'><strong>Dominus</strong></span> <span class='ocrx_word' id='word_1_794' title='bbox 1064 4892 1287 4960; x_wconf 63' lang='lat' dir='ltr'><strong>iustitia:</strong></span> <span class='ocrx_word' id='word_1_795' title='bbox 1332 4895 1421 4961; x_wconf 90' lang='lat' dir='ltr'><strong>qui</strong></span> <span class='ocrx_word' id='word_1_796' title='bbox 1461 4903 1653 4962; x_wconf 80' lang='lat' dir='ltr'><strong>purgat</strong></span> <span class='ocrx_word' id='word_1_797' title='bbox 1684 4901 1738 4948; x_wconf 92' lang='lat' dir='ltr'><strong>et</strong></span> <span class='ocrx_word' id='word_1_798' title='bbox 1762 4907 1953 4947; x_wconf 84' lang='lat' dir='ltr'><strong>emun-</strong></span> 
     </span>
    </p>
   </div>
   <div class='ocr_carea' id='block_1_95' title="bbox 382 4983 1952 5049">
    <p class='ocr_par' dir='ltr' id='par_1_95' title="bbox 382 4983 1952 5049">
     <span class='ocr_line' id='line_1_95' title="bbox 382 4983 1952 5049; baseline 0.001 -12"><span class='ocrx_word' id='word_1_799' title='bbox 382 4985 496 5049; x_wconf 92' lang='lat' dir='ltr'><strong>dat,</strong></span> <span class='ocrx_word' id='word_1_800' title='bbox 532 4984 795 5038; x_wconf 86' lang='lat' dir='ltr'><strong>clarificat</strong></span> <span class='ocrx_word' id='word_1_801' title='bbox 825 4993 879 5037; x_wconf 93' lang='lat' dir='ltr'><strong>et</strong></span> <span class='ocrx_word' id='word_1_802' title='bbox 925 4983 1214 5049; x_wconf 90' lang='lat' dir='ltr'><strong>illuminat,</strong></span> <span class='ocrx_word' id='word_1_803' title='bbox 1261 5000 1374 5038; x_wconf 89' lang='lat' dir='ltr'><strong>non</strong></span> <span class='ocrx_word' id='word_1_804' title='bbox 1401 4986 1856 5039; x_wconf 88' lang='lat' dir='ltr'><strong>contaminabitur</strong></span> <span class='ocrx_word' id='word_1_805' title='bbox 1884 4987 1952 5039; x_wconf 90' lang='lat' dir='ltr'><strong>ab</strong></span> 
     </span>
    </p>
   </div>
   <div class='ocr_carea' id='block_1_96' title="bbox 381 5073 1951 5145">
    <p class='ocr_par' dir='ltr' id='par_1_96' title="bbox 381 5073 1951 5145">
     <span class='ocr_line' id='line_1_96' title="bbox 381 5073 1951 5145; baseline 0 -15"><span class='ocrx_word' id='word_1_806' title='bbox 381 5075 467 5130; x_wconf 84' lang='lat' dir='ltr'><strong>his</strong></span> <span class='ocrx_word' id='word_1_807' title='bbox 515 5091 637 5144; x_wconf 70' lang='lat' dir='ltr'><strong>quae</strong></span> <span class='ocrx_word' id='word_1_808' title='bbox 682 5075 965 5145; x_wconf 86' lang='lat' dir='ltr'><strong>contingit.</strong></span> <span class='ocrx_word' id='word_1_809' title='bbox 1022 5073 1138 5129; x_wconf 87' lang='lat' dir='ltr'><strong>Non</strong></span> <span class='ocrx_word' id='word_1_810' title='bbox 1194 5085 1370 5144; x_wconf 88' lang='lat' dir='ltr'><strong>potest</strong></span> <span class='ocrx_word' id='word_1_811' title='bbox 1408 5080 1550 5130; x_wconf 88' lang='lat' dir='ltr'><strong>enim</strong></span> <span class='ocrx_word' id='word_1_812' title='bbox 1605 5077 1721 5145; x_wconf 88' lang='lat' dir='ltr'><strong>ejus</strong></span> <span class='ocrx_word' id='word_1_813' title='bbox 1759 5086 1951 5130; x_wconf 90' lang='lat' dir='ltr'><strong>natura</strong></span> 
     </span>
    </p>
   </div>
   <div class='ocr_carea' id='block_1_97' title="bbox 382 5167 1950 5238">
    <p class='ocr_par' dir='ltr' id='par_1_97' title="bbox 382 5167 1950 5238">
     <span class='ocr_line' id='line_1_97' title="bbox 382 5167 1950 5238; baseline -0.001 -15"><span class='ocrx_word' id='word_1_814' title='bbox 382 5168 767 5223; x_wconf 84' lang='lat' dir='ltr'><strong>contaminari.</strong></span> <span class='ocrx_word' id='word_1_815' title='bbox 830 5167 980 5222; x_wconf 81' lang='lat' dir='ltr'><strong>Nihil</strong></span> <span class='ocrx_word' id='word_1_816' title='bbox 1038 5169 1089 5222; x_wconf 92' lang='lat' dir='ltr'><strong>in</strong></span> <span class='ocrx_word' id='word_1_817' title='bbox 1145 5182 1266 5222; x_wconf 91' lang='lat' dir='ltr'><strong>eum</strong></span> <span class='ocrx_word' id='word_1_818' title='bbox 1336 5168 1639 5238; x_wconf 84' lang='lat' dir='ltr'><strong>ingreditur</strong></span> <span class='ocrx_word' id='word_1_819' title='bbox 1695 5170 1950 5222; x_wconf 89' lang='lat' dir='ltr'><strong>alienum.</strong></span> 
     </span>
    </p>
   </div>
   <div class='ocr_carea' id='block_1_98' title="bbox 381 5258 1954 5324">
    <p class='ocr_par' dir='ltr' id='par_1_98' title="bbox 381 5258 1954 5324">
     <span class='ocr_line' id='line_1_98' title="bbox 381 5258 1954 5324; baseline 0.003 -14"><span class='ocrx_word' id='word_1_820' title='bbox 381 5258 535 5323; x_wconf 89' lang='lat' dir='ltr'><strong>Quod</strong></span> <span class='ocrx_word' id='word_1_821' title='bbox 579 5259 723 5312; x_wconf 91' lang='lat' dir='ltr'><strong>enim</strong></span> <span class='ocrx_word' id='word_1_822' title='bbox 778 5269 933 5313; x_wconf 91' lang='lat' dir='ltr'><strong>natus</strong></span> <span class='ocrx_word' id='word_1_823' title='bbox 976 5273 1058 5314; x_wconf 89' lang='lat' dir='ltr'><strong>est</strong></span> <span class='ocrx_word' id='word_1_824' title='bbox 1111 5260 1295 5324; x_wconf 91' lang='lat' dir='ltr'><strong>semel,</strong></span> <span class='ocrx_word' id='word_1_825' title='bbox 1340 5261 1442 5314; x_wconf 92' lang='lat' dir='ltr'><strong>hoc</strong></span> <span class='ocrx_word' id='word_1_826' title='bbox 1476 5271 1528 5314; x_wconf 89' lang='lat' dir='ltr'><strong>et</strong></span> <span class='ocrx_word' id='word_1_827' title='bbox 1563 5269 1762 5315; x_wconf 86' lang='lat' dir='ltr'><strong>manet.</strong></span> <span class='ocrx_word' id='word_1_828' title='bbox 1808 5258 1954 5315; x_wconf 88' lang='lat' dir='ltr'><strong>Nihil</strong></span> 
     </span>
    </p>
   </div>
   <div class='ocr_carea' id='block_1_99' title="bbox 382 5344 1955 5422">
    <p class='ocr_par' dir='ltr' id='par_1_99' title="bbox 382 5344 1955 5422">
     <span class='ocr_line' id='line_1_99' title="bbox 382 5344 1955 5422; baseline 0.004 -22"><span class='ocrx_word' id='word_1_829' title='bbox 382 5344 556 5400; x_wconf 88' lang='lat' dir='ltr'><strong>defuit</strong></span> <span class='ocrx_word' id='word_1_830' title='bbox 605 5356 664 5400; x_wconf 91' lang='lat' dir='ltr'><strong>ut</strong></span> <span class='ocrx_word' id='word_1_831' title='bbox 692 5348 1145 5412; x_wconf 86' lang='lat' dir='ltr'><strong>introduceretur,</strong></span> <span class='ocrx_word' id='word_1_832' title='bbox 1178 5349 1309 5403; x_wconf 93' lang='lat' dir='ltr'><strong>nihil</strong></span> <span class='ocrx_word' id='word_1_833' title='bbox 1338 5349 1515 5402; x_wconf 87' lang='lat' dir='ltr'><strong>minus</strong></span> <span class='ocrx_word' id='word_1_834' title='bbox 1539 5360 1622 5405; x_wconf 88' lang='lat' dir='ltr'><strong>est</strong></span> <span class='ocrx_word' id='word_1_835' title='bbox 1661 5360 1719 5404; x_wconf 95' lang='lat' dir='ltr'><strong>ut</strong></span> <span class='ocrx_word' id='word_1_836' title='bbox 1746 5351 1955 5422; x_wconf 87' lang='lat' dir='ltr'><strong>replea-</strong></span> 
     </span>
    </p>
   </div>
   <div class='ocr_carea' id='block_1_100' title="bbox 452 5462 1262 5532">
    <p class='ocr_par' dir='ltr' id='par_1_100' title="bbox 452 5462 1262 5532">
     <span class='ocr_line' id='line_1_100' title="bbox 452 5462 1262 5532; baseline 0.002 -14"><span class='ocrx_word' id='word_1_837' title='bbox 452 5464 500 5499; x_wconf 80' lang='grc'><strong>⁸⁸</strong></span> <span class='ocrx_word' id='word_1_838' title='bbox 528 5462 683 5521; x_wconf 81' lang='lat' dir='ltr'><strong>Joan.</strong></span> <span class='ocrx_word' id='word_1_839' title='bbox 718 5480 756 5532; x_wconf 87' lang='grc' dir='ltr'><strong>ι,</strong></span> <span class='ocrx_word' id='word_1_840' title='bbox 787 5463 878 5520; x_wconf 72' lang='lat'><strong>29.</strong></span> <span class='ocrx_word' id='word_1_841' title='bbox 972 5466 1018 5497; x_wconf 78' lang='lat'><strong>“</strong></span> <span class='ocrx_word' id='word_1_842' title='bbox 1049 5465 1176 5520; x_wconf 88' lang='lat' dir='ltr'><strong>ibid.</strong></span> <span class='ocrx_word' id='word_1_843' title='bbox 1206 5468 1262 5520; x_wconf 66' lang='lat'><strong>‘3.</strong></span> 
     </span>
    </p>
   </div>
   <div class='ocr_carea' id='block_1_101' title="bbox 454 5617 1526 5687">
    <p class='ocr_par' dir='ltr' id='par_1_101' title="bbox 454 5617 1526 5687">
     <span class='ocr_line' id='line_1_101' title="bbox 454 5617 1526 5687; baseline 0.003 -16"><span class='ocrx_word' id='word_1_844' title='bbox 454 5617 568 5687; x_wconf 80' lang='grc'><strong>(67)</strong></span> <span class='ocrx_word' id='word_1_845' title='bbox 604 5618 701 5672; x_wconf 80' lang='lat' dir='ltr'><strong>Ms.</strong></span> <span class='ocrx_word' id='word_1_846' title='bbox 733 5618 837 5682; x_wconf 85' lang='lat' dir='ltr'><strong>Qui</strong></span> <span class='ocrx_word' id='word_1_847' title='bbox 870 5629 981 5672; x_wconf 84' lang='lat' dir='ltr'><strong>erat</strong></span> <span class='ocrx_word' id='word_1_848' title='bbox 1012 5632 1204 5673; x_wconf 74' lang='lat' dir='ltr'><strong>natura</strong></span> <span class='ocrx_word' id='word_1_849' title='bbox 1233 5621 1526 5675; x_wconf 78' lang='lat' dir='ltr'><strong>invisibilis.</strong></span> 
     </span>
    </p>
   </div>
   <div class='ocr_carea' id='block_1_102' title="bbox 455 5687 1851 5759">
    <p class='ocr_par' dir='ltr' id='par_1_102' title="bbox 455 5687 1851 5759">
     <span class='ocr_line' id='line_1_102' title="bbox 455 5687 1851 5759; baseline 0.005 -20"><span class='ocrx_word' id='word_1_850' title='bbox 455 5687 567 5759; x_wconf 48' lang='lat'><strong>(68)</strong></span> <span class='ocrx_word' id='word_1_851' title='bbox 600 5688 692 5743; x_wconf 80' lang='lat' dir='ltr'><strong>Ms.</strong></span> <span class='ocrx_word' id='word_1_852' title='bbox 729 5689 1038 5759; x_wconf 64' lang='lat' dir='ltr'><strong>indigebant</strong></span> <span class='ocrx_word' id='word_1_853' title='bbox 1064 5692 1254 5753; x_wconf 83' lang='lat' dir='ltr'><strong>salute,</strong></span> <span class='ocrx_word' id='word_1_854' title='bbox 1285 5709 1401 5759; x_wconf 77' lang='lat' dir='ltr'><strong>qua:</strong></span> <span class='ocrx_word' id='word_1_855' title='bbox 1435 5711 1467 5745; x_wconf 92' lang='lat' dir='ltr'><strong>a</strong></span> <span class='ocrx_word' id='word_1_856' title='bbox 1508 5692 1728 5746; x_wconf 79' lang='lat' dir='ltr'><strong>Domino</strong></span> <span class='ocrx_word' id='word_1_857' title='bbox 1754 5702 1851 5746; x_wconf 88' lang='lat' dir='ltr'><strong>est.</strong></span> 
     </span>
    </p>
   </div>
   <div class='ocr_carea' id='block_1_103' title="bbox 452 5757 1784 5834">
    <p class='ocr_par' dir='ltr' id='par_1_103' title="bbox 452 5757 1784 5834">
     <span class='ocr_line' id='line_1_103' title="bbox 452 5757 1784 5834; baseline 0.008 -26"><span class='ocrx_word' id='word_1_858' title='bbox 452 5757 562 5834; x_wconf 50' lang='lat'><strong>((39)</strong></span> <span class='ocrx_word' id='word_1_859' title='bbox 595 5758 1221 5834; x_wconf 42' lang='lat' dir='ltr'><strong>bis._Iferfeclq_enint‘est</strong></span> <span class='ocrx_word' id='word_1_860' title='bbox 1251 5757 1520 5834; x_wconf 76' lang='lat' dir='ltr'><strong>progenies</strong></span> <span class='ocrx_word' id='word_1_861' title='bbox 1547 5764 1784 5833; x_wconf 73' lang='lat' dir='ltr'><strong>perfecti.</strong></span> 
     </span>
    </p>
   </div>
   <div class='ocr_carea' id='block_1_104' title="bbox 454 5828 1254 5901">
    <p class='ocr_par' dir='ltr' id='par_1_104' title="bbox 454 5828 1254 5901">
     <span class='ocr_line' id='line_1_104' title="bbox 454 5828 1254 5901; baseline 0.006 -20"><span class='ocrx_word' id='word_1_862' title='bbox 454 5828 565 5900; x_wconf 81' lang='lat'><strong>(70)</strong></span> <span class='ocrx_word' id='word_1_863' title='bbox 593 5830 921 5900; x_wconf 75' lang='lat' dir='ltr'><strong>Anticipans.</strong></span> <span class='ocrx_word' id='word_1_864' title='bbox 941 5828 1254 5901; x_wconf 77' lang='grc' dir='ltr'><strong>Προλαὸών.</strong></span> 
     </span>
    </p>
   </div>
   <div class='ocr_carea' id='block_1_105' title="bbox 2055 4612 3643 4687">
    <p class='ocr_par' dir='ltr' id='par_1_105' title="bbox 2055 4612 3643 4687">
     <span class='ocr_line' id='line_1_105' title="bbox 2055 4612 3643 4687; baseline -0.004 -13"><span class='ocrx_word' id='word_1_865' title='bbox 2055 4620 2197 4674; x_wconf 89' lang='lat' dir='ltr'><strong>enim</strong></span> <span class='ocrx_word' id='word_1_866' title='bbox 2227 4629 2310 4672; x_wconf 87' lang='lat' dir='ltr'><strong>est</strong></span> <span class='ocrx_word' id='word_1_867' title='bbox 2335 4618 2524 4680; x_wconf 86' lang='lat' dir='ltr'><strong>Pater,</strong></span> <span class='ocrx_word' id='word_1_868' title='bbox 2553 4628 2610 4673; x_wconf 92' lang='lat' dir='ltr'><strong>et</strong></span> <span class='ocrx_word' id='word_1_869' title='bbox 2639 4634 2742 4671; x_wconf 92' lang='lat' dir='ltr'><strong>non</strong></span> <span class='ocrx_word' id='word_1_870' title='bbox 2769 4625 2854 4672; x_wconf 90' lang='lat' dir='ltr'><strong>est</strong></span> <span class='ocrx_word' id='word_1_871' title='bbox 2881 4616 3085 4672; x_wconf 85' lang='lat' dir='ltr'><strong>divisus</strong></span> <span class='ocrx_word' id='word_1_872' title='bbox 3120 4628 3385 4687; x_wconf 84' lang='lat' dir='ltr'><strong>generans</strong></span> <span class='ocrx_word' id='word_1_873' title='bbox 3408 4612 3596 4668; x_wconf 76' lang='lat' dir='ltr'><strong>Filium</strong></span> <span class='ocrx_word' id='word_1_874' title='bbox 3618 4629 3643 4668; x_wconf 64' lang='grc' dir='ltr'><strong>ε</strong></span> 
     </span>
    </p>
   </div>
   <div class='ocr_carea' id='block_1_106' title="bbox 2055 4704 3632 4779">
    <p class='ocr_par' dir='ltr' id='par_1_106' title="bbox 2055 4704 3632 4779">
     <span class='ocr_line' id='line_1_106' title="bbox 2055 4704 3632 4779; baseline -0.004 -18"><span class='ocrx_word' id='word_1_875' title='bbox 2055 4721 2248 4779; x_wconf 87' lang='lat' dir='ltr'><strong>potens</strong></span> <span class='ocrx_word' id='word_1_876' title='bbox 2277 4721 2381 4772; x_wconf 89' lang='lat' dir='ltr'><strong>est,</strong></span> <span class='ocrx_word' id='word_1_877' title='bbox 2418 4720 2469 4764; x_wconf 89' lang='lat' dir='ltr'><strong>et</strong></span> <span class='ocrx_word' id='word_1_878' title='bbox 2498 4726 2601 4765; x_wconf 88' lang='lat' dir='ltr'><strong>non</strong></span> <span class='ocrx_word' id='word_1_879' title='bbox 2632 4718 2751 4762; x_wconf 89' lang='lat' dir='ltr'><strong>erat</strong></span> <span class='ocrx_word' id='word_1_880' title='bbox 2779 4710 2828 4763; x_wconf 90' lang='lat' dir='ltr'><strong>ei</strong></span> <span class='ocrx_word' id='word_1_881' title='bbox 2872 4706 3206 4777; x_wconf 86' lang='lat' dir='ltr'><strong>impossibile</strong></span> <span class='ocrx_word' id='word_1_882' title='bbox 3238 4704 3445 4775; x_wconf 88' lang='lat' dir='ltr'><strong>impleri</strong></span> <span class='ocrx_word' id='word_1_883' title='bbox 3478 4718 3632 4756; x_wconf 88' lang='lat' dir='ltr'><strong>suam</strong></span> 
     </span>
    </p>
   </div>
   <div class='ocr_carea' id='block_1_107' title="bbox 2056 4798 3637 4872">
    <p class='ocr_par' dir='ltr' id='par_1_107' title="bbox 2056 4798 3637 4872">
     <span class='ocr_line' id='line_1_107' title="bbox 2056 4798 3637 4872; baseline -0.004 -15"><span class='ocrx_word' id='word_1_884' title='bbox 2056 4804 2377 4859; x_wconf 88' lang='lat' dir='ltr'><strong>bonitatem.</strong></span> <span class='ocrx_word' id='word_1_885' title='bbox 2421 4803 2689 4872; x_wconf 85' lang='lat' dir='ltr'><strong>Tempora</strong></span> <span class='ocrx_word' id='word_1_886' title='bbox 2714 4803 2857 4857; x_wconf 88' lang='lat' dir='ltr'><strong>enim</strong></span> <span class='ocrx_word' id='word_1_887' title='bbox 2888 4810 2942 4856; x_wconf 89' lang='lat' dir='ltr'><strong>et</strong></span> <span class='ocrx_word' id='word_1_888' title='bbox 2974 4800 3166 4856; x_wconf 74' lang='lat' dir='ltr'><strong>saecula</strong></span> <span class='ocrx_word' id='word_1_889' title='bbox 3195 4810 3250 4854; x_wconf 90' lang='lat' dir='ltr'><strong>et</strong></span> <span class='ocrx_word' id='word_1_890' title='bbox 3279 4798 3451 4869; x_wconf 86' lang='lat' dir='ltr'><strong>spatia</strong></span> <span class='ocrx_word' id='word_1_891' title='bbox 3477 4799 3637 4852; x_wconf 80' lang='lat' dir='ltr'><strong>deor-</strong></span> 
     </span>
    </p>
   </div>
   <div class='ocr_carea' id='block_1_108' title="bbox 2056 4889 3740 4965">
    <p class='ocr_par' dir='ltr' id='par_1_108' title="bbox 2056 4889 3740 4965">
     <span class='ocr_line' id='line_1_108' title="bbox 2056 4889 3740 4965; baseline -0.004 -16"><span class='ocrx_word' id='word_1_892' title='bbox 2056 4910 2173 4949; x_wconf 91' lang='lat' dir='ltr'><strong>sum</strong></span> <span class='ocrx_word' id='word_1_893' title='bbox 2207 4906 2353 4951; x_wconf 92' lang='lat' dir='ltr'><strong>sunt.</strong></span> <span class='ocrx_word' id='word_1_894' title='bbox 2399 4893 2516 4950; x_wconf 89' lang='lat' dir='ltr'><strong>Noli</strong></span> <span class='ocrx_word' id='word_1_895' title='bbox 2541 4903 2857 4965; x_wconf 87' lang='lat' dir='ltr'><strong>computare</strong></span> <span class='ocrx_word' id='word_1_896' title='bbox 2887 4892 3269 4965; x_wconf 74' lang='lat' dir='ltr'><strong>unigenitaeilli</strong></span> <span class='ocrx_word' id='word_1_897' title='bbox 3303 4898 3508 4945; x_wconf 71' lang='lat' dir='ltr'><strong>naturae</strong></span> <span class='ocrx_word' id='word_1_898' title='bbox 3533 4889 3637 4943; x_wconf 82' lang='lat' dir='ltr'><strong>ali-</strong></span> <span class='ocrx_word' id='word_1_899' title='bbox 3732 4892 3740 4897; x_wconf 82' lang='lat'>&#39;</span> 
     </span>
    </p>
   </div>
   <div class='ocr_carea' id='block_1_109' title="bbox 2058 4981 3644 5061">
    <p class='ocr_par' dir='ltr' id='par_1_109' title="bbox 2058 4981 3644 5061">
     <span class='ocr_line' id='line_1_109' title="bbox 2058 4981 3644 5061; baseline -0.006 -16"><span class='ocrx_word' id='word_1_900' title='bbox 2058 4992 2187 5061; x_wconf 91' lang='lat' dir='ltr'><strong>quid</strong></span> <span class='ocrx_word' id='word_1_901' title='bbox 2220 5010 2233 5045; x_wconf 89' lang='lat'><strong>:</strong></span> <span class='ocrx_word' id='word_1_902' title='bbox 2265 4990 2399 5046; x_wconf 93' lang='lat' dir='ltr'><strong>nihil</strong></span> <span class='ocrx_word' id='word_1_903' title='bbox 2426 5006 2493 5045; x_wconf 89' lang='lat' dir='ltr'><strong>ex</strong></span> <span class='ocrx_word' id='word_1_904' title='bbox 2531 4991 2615 5045; x_wconf 90' lang='lat' dir='ltr'><strong>his</strong></span> <span class='ocrx_word' id='word_1_905' title='bbox 2645 5004 2767 5061; x_wconf 59' lang='lat' dir='ltr'><strong>qua;</strong></span> <span class='ocrx_word' id='word_1_906' title='bbox 2796 4988 2941 5044; x_wconf 89' lang='lat' dir='ltr'><strong>facta</strong></span> <span class='ocrx_word' id='word_1_907' title='bbox 2990 5002 3088 5058; x_wconf 91' lang='lat' dir='ltr'><strong>per</strong></span> <span class='ocrx_word' id='word_1_908' title='bbox 3133 4987 3306 5056; x_wconf 87' lang='lat' dir='ltr'><strong>ipsqu</strong></span> <span class='ocrx_word' id='word_1_909' title='bbox 3344 4994 3473 5040; x_wconf 89' lang='lat' dir='ltr'><strong>sunt</strong></span> <span class='ocrx_word' id='word_1_910' title='bbox 3498 5000 3514 5039; x_wconf 88' lang='lat'><strong>:</strong></span> <span class='ocrx_word' id='word_1_911' title='bbox 3543 4981 3644 5038; x_wconf 82' lang='lat' dir='ltr'><strong>sed</strong></span> 
     </span>
    </p>
   </div>
   <div class='ocr_carea' id='block_1_110' title="bbox 2059 5077 3634 5145">
    <p class='ocr_par' dir='ltr' id='par_1_110' title="bbox 2059 5077 3634 5145">
     <span class='ocr_line' id='line_1_110' title="bbox 2059 5077 3634 5145; baseline -0.008 -8"><span class='ocrx_word' id='word_1_912' title='bbox 2059 5081 2320 5137; x_wconf 86' lang='lat' dir='ltr'><strong>confitere</strong></span> <span class='ocrx_word' id='word_1_913' title='bbox 2346 5082 2562 5136; x_wconf 87' lang='lat' dir='ltr'><strong>Patrem</strong></span> <span class='ocrx_word' id='word_1_914' title='bbox 2599 5096 2705 5136; x_wconf 89' lang='lat' dir='ltr'><strong>non</strong></span> <span class='ocrx_word' id='word_1_915' title='bbox 2753 5088 2939 5136; x_wconf 91' lang='lat' dir='ltr'><strong>natum</strong></span> <span class='ocrx_word' id='word_1_916' title='bbox 2964 5119 2980 5145; x_wconf 92' lang='lat'><strong>,</strong></span> <span class='ocrx_word' id='word_1_917' title='bbox 3024 5086 3077 5133; x_wconf 92' lang='lat' dir='ltr'><strong>et</strong></span> <span class='ocrx_word' id='word_1_918' title='bbox 3120 5077 3283 5132; x_wconf 89' lang='lat' dir='ltr'><strong>alium</strong></span> <span class='ocrx_word' id='word_1_919' title='bbox 3315 5090 3419 5129; x_wconf 91' lang='lat' dir='ltr'><strong>non</strong></span> <span class='ocrx_word' id='word_1_920' title='bbox 3449 5082 3634 5127; x_wconf 89' lang='lat' dir='ltr'><strong>natum</strong></span> 
     </span>
    </p>
   </div>
   <div class='ocr_carea' id='block_1_111' title="bbox 2059 5166 3642 5244">
    <p class='ocr_par' dir='ltr' id='par_1_111' title="bbox 2059 5166 3642 5244">
     <span class='ocr_line' id='line_1_111' title="bbox 2059 5166 3642 5244; baseline -0.005 -16"><span class='ocrx_word' id='word_1_921' title='bbox 2059 5188 2303 5244; x_wconf 81' lang='lat' dir='ltr'><strong>quaerere</strong></span> <span class='ocrx_word' id='word_1_922' title='bbox 2333 5172 2438 5228; x_wconf 91' lang='lat' dir='ltr'><strong>noli</strong></span> <span class='ocrx_word' id='word_1_923' title='bbox 2454 5174 2619 5243; x_wconf 11' lang='lat' dir='ltr'><strong>;7quia</strong></span> <span class='ocrx_word' id='word_1_924' title='bbox 2647 5187 2748 5227; x_wconf 92' lang='lat' dir='ltr'><strong>nec</strong></span> <span class='ocrx_word' id='word_1_925' title='bbox 2780 5172 3043 5226; x_wconf 85' lang='lat' dir='ltr'><strong>invenies.</strong></span> <span class='ocrx_word' id='word_1_926' title='bbox 3076 5169 3349 5237; x_wconf 64' lang='lat' dir='ltr'><strong>Confitece</strong></span> <span class='ocrx_word' id='word_1_927' title='bbox 3373 5166 3642 5222; x_wconf 78' lang='lat' dir='ltr'><strong>etFilium</strong></span> 
     </span>
    </p>
   </div>
   <div class='ocr_carea' id='block_1_112' title="bbox 2058 5257 3640 5333">
    <p class='ocr_par' dir='ltr' id='par_1_112' title="bbox 2058 5257 3640 5333">
     <span class='ocr_line' id='line_1_112' title="bbox 2058 5257 3640 5333; baseline -0.003 -18"><span class='ocrx_word' id='word_1_928' title='bbox 2058 5262 2393 5333; x_wconf 86' lang='lat' dir='ltr'><strong>unigenitum</strong></span> <span class='ocrx_word' id='word_1_929' title='bbox 2442 5272 2626 5316; x_wconf 90' lang='lat' dir='ltr'><strong>natum</strong></span> <span class='ocrx_word' id='word_1_930' title='bbox 2671 5278 2700 5316; x_wconf 91' lang='lat' dir='ltr'><strong>a</strong></span> <span class='ocrx_word' id='word_1_931' title='bbox 2744 5260 2957 5316; x_wconf 80' lang='lat' dir='ltr'><strong>Patre:</strong></span> <span class='ocrx_word' id='word_1_932' title='bbox 3008 5267 3064 5315; x_wconf 92' lang='lat' dir='ltr'><strong>et</strong></span> <span class='ocrx_word' id='word_1_933' title='bbox 3118 5258 3282 5313; x_wconf 81' lang='lat' dir='ltr'><strong>alium</strong></span> <span class='ocrx_word' id='word_1_934' title='bbox 3326 5257 3519 5312; x_wconf 90' lang='lat' dir='ltr'><strong>Filium</strong></span> <span class='ocrx_word' id='word_1_935' title='bbox 3570 5273 3640 5311; x_wconf 93' lang='lat' dir='ltr'><strong>ne</strong></span> 
     </span>
    </p>
   </div>
   <div class='ocr_carea' id='block_1_113' title="bbox 2059 5347 3645 5425">
    <p class='ocr_par' dir='ltr' id='par_1_113' title="bbox 2059 5347 3645 5425">
     <span class='ocr_line' id='line_1_113' title="bbox 2059 5347 3645 5425; baseline -0.005 -16"><span class='ocrx_word' id='word_1_936' title='bbox 2059 5369 2294 5424; x_wconf 67' lang='lat' dir='ltr'><strong>quaeras,</strong></span> <span class='ocrx_word' id='word_1_937' title='bbox 2320 5357 2415 5411; x_wconf 89' lang='lat' dir='ltr'><strong>sed</strong></span> <span class='ocrx_word' id='word_1_938' title='bbox 2457 5370 2581 5410; x_wconf 89' lang='lat' dir='ltr'><strong>eum</strong></span> <span class='ocrx_word' id='word_1_939' title='bbox 2610 5354 2701 5425; x_wconf 90' lang='lat' dir='ltr'><strong>qui</strong></span> <span class='ocrx_word' id='word_1_940' title='bbox 2750 5362 2836 5408; x_wconf 92' lang='lat' dir='ltr'><strong>est</strong></span> <span class='ocrx_word' id='word_1_941' title='bbox 2875 5367 3014 5408; x_wconf 90' lang='lat' dir='ltr'><strong>unus</strong></span> <span class='ocrx_word' id='word_1_942' title='bbox 3051 5349 3381 5423; x_wconf 89' lang='lat' dir='ltr'><strong>unigenitus,</strong></span> <span class='ocrx_word' id='word_1_943' title='bbox 3432 5348 3524 5419; x_wconf 90' lang='lat' dir='ltr'><strong>qui</strong></span> <span class='ocrx_word' id='word_1_944' title='bbox 3569 5347 3645 5401; x_wconf 81' lang='lat' dir='ltr'><strong>ab</strong></span> 
     </span>
    </p>
   </div>
   <div class='ocr_carea' id='block_1_114' title="bbox 2128 5613 3636 5697">
    <p class='ocr_par' dir='ltr' id='par_1_114' title="bbox 2128 5613 3636 5697">
     <span class='ocr_line' id='line_1_114' title="bbox 2128 5613 3636 5697; baseline -0.008 -18"><span class='ocrx_word' id='word_1_945' title='bbox 2128 5622 2240 5697; x_wconf 86' lang='lat' dir='ltr'><strong>(7t)</strong></span> <span class='ocrx_word' id='word_1_946' title='bbox 2272 5622 2454 5681; x_wconf 81' lang='lat' dir='ltr'><strong>Serva.</strong></span> <span class='ocrx_word' id='word_1_947' title='bbox 2482 5623 2672 5695; x_wconf 86' lang='grc' dir='ltr'><strong>Τήρει,</strong></span> <span class='ocrx_word' id='word_1_948' title='bbox 2697 5622 2945 5678; x_wconf 84' lang='lat' dir='ltr'><strong>observa.</strong></span> <span class='ocrx_word' id='word_1_949' title='bbox 2983 5618 3076 5676; x_wconf 89' lang='lat' dir='ltr'><strong>Sic</strong></span> <span class='ocrx_word' id='word_1_950' title='bbox 3099 5617 3237 5676; x_wconf 89' lang='lat' dir='ltr'><strong>infra</strong></span> <span class='ocrx_word' id='word_1_951' title='bbox 3269 5615 3364 5677; x_wconf 86' lang='lat' dir='ltr'><strong>lib.</strong></span> <span class='ocrx_word' id='word_1_952' title='bbox 3388 5627 3454 5683; x_wconf 83' lang='lat' dir='ltr'><strong>ll,</strong></span> <span class='ocrx_word' id='word_1_953' title='bbox 3486 5613 3636 5671; x_wconf 78' lang='lat' dir='ltr'><strong>circa</strong></span> 
     </span>
    </p>
   </div>
   <div class='ocr_carea' id='block_1_115' title="bbox 2054 5697 3009 5838">
    <p class='ocr_par' dir='ltr' id='par_1_115' title="bbox 2054 5697 3009 5838">
     <span class='ocr_line' id='line_1_115' title="bbox 2054 5697 3009 5838; baseline -0.007 -16"><span class='ocrx_word' id='word_1_954' title='bbox 2054 5697 2245 5838; x_wconf 36' lang='lat' dir='ltr'><strong>media)</strong></span> <span class='ocrx_word' id='word_1_955' title='bbox 2287 5763 2345 5801; x_wconf 55' lang='grc' dir='ltr'><strong>’θ’</strong></span> <span class='ocrx_word' id='word_1_956' title='bbox 2372 5765 2579 5819; x_wconf 59' lang='lat' dir='ltr'><strong>&quot;vum.</strong></span> <span class='ocrx_word' id='word_1_957' title='bbox 2611 5762 2771 5820; x_wconf 82' lang='lat' dir='ltr'><strong>Forte</strong></span> <span class='ocrx_word' id='word_1_958' title='bbox 2800 5778 2863 5818; x_wconf 83' lang='lat' dir='ltr'><strong>cn</strong></span> <span class='ocrx_word' id='word_1_959' title='bbox 2888 5761 3009 5816; x_wconf 78' lang='lat' dir='ltr'><strong>iter.</strong></span> 
     </span>
    </p>
   </div>
  </div>
