4134 6404
493 343 628 402 1051

487 558 697 624 aequale
735 567 818 613 est
855 561 1163 629 unigenito,
1209 567 1345 621 nihil
1391 558 1568 625 simile
1607 570 1745 625 Filio
1771 611 1785 634 ,
1833 573 1964 628 nihil
2013 575 2064 629 ei

487 656 857 716 comparatur,
889 650 1024 705 nihil
1053 663 1320 722 aequatur.
1352 656 1548 712 Omnia
1574 673 1696 714 eum
1724 659 1974 727 adorant,
1997 663 2067 719 ob

488 736 754 792 honorem
791 749 847 793 ut
882 751 1008 810 pote
1036 745 1154 816 ejus
1178 748 1269 817 qui
1300 749 1486 818 genuit
1517 771 1529 806 :
1573 765 1680 806 non
1711 761 1794 808 est
1831 769 1971 810 unus
1998 770 2064 810 ex

487 827 576 882 his
598 844 719 898 quae
755 846 855 900 per
893 834 1066 902 ipsum
1097 849 1272 894 sunt:
1315 856 1422 896 non
1451 851 1537 898 est
1565 859 1631 897 ex
1679 844 1784 899 hoc
1834 847 2059 914 mundo,

486 917 583 971 sed
625 927 681 972 et
716 922 949 978 mundus
979 940 1076 994 per
1120 928 1316 993 ipsum.
1367 929 1482 985 Non
1530 933 1724 988 caelum
1755 950 1878 988 cum
1907 935 2064 1003 Filio,

485 1007 582 1061 sed
626 1018 683 1063 et
726 1012 921 1068 caelum
967 1031 1062 1084 per
1093 1017 1312 1074 Filium.
1357 1021 1498 1088 Quid
1540 1039 1677 1094 Opus
1707 1037 1792 1081 est
1824 1028 2067 1095 partibus

485 1101 753 1157 exhibere
796 1109 1048 1161 naturae?
1097 1108 1289 1164 Omnia
1323 1130 1415 1181 per
1454 1117 1624 1183 ipsum
1662 1128 1805 1182 sunt,
1849 1129 1896 1173 et
1936 1121 2066 1175 nihil

485 1191 601 1246 sine
637 1193 746 1261 ipso
773 1211 793 1249 :
819 1205 874 1250 et
925 1200 1082 1253 tertio
1119 1218 1134 1254 :
1167 1200 1319 1268 Quod
1356 1205 1556 1259 lactent
1590 1217 1676 1262 est
1720 1225 1815 1277 per
1866 1211 2063 1279 ipsunt.

485 1279 608 1336 Noli
630 1284 810 1340 dicere
839 1287 1134 1353 hominem,
1165 1308 1232 1346 ne
1262 1294 1530 1349 irascatur
1554 1297 1644 1365 qui
1666 1301 1870 1366 genuit.
1903 1300 2067 1356 Joan-

485 1386 586 1428 nes
613 1377 942 1448 evangelista
966 1422 981 1446 ,
1019 1382 1063 1436 si
1119 1391 1299 1437 tamen
1331 1384 1591 1452 Joannes,
1631 1400 1686 1443 et
1717 1406 1823 1444 non
1854 1392 1943 1460 qui
1972 1408 2067 1460 per

485 1460 774 1535 Joannem,
824 1472 1041 1542 scripsit
1089 1475 1156 1531 de
1198 1477 1357 1544 Filio,
1386 1481 1604 1549 scripsit
1646 1494 1701 1538 et
1750 1486 1815 1539 de
1859 1484 2065 1541 Joanne

486 1554 750 1624 Baptista.
783 1560 1171 1637 Subinterroga
1204 1568 1370 1639 igitur
1391 1574 1842 1640 quemadmodum
1866 1577 1933 1630 de
1959 1579 2065 1632 Deo

487 1647 731 1718 loquitur
761 1657 1120 1726 evangelista,
1155 1669 1210 1714 et
1237 1664 1693 1730 quemadmodum
1723 1667 1789 1721 de
1817 1667 2061 1725 homine:

488 1735 559 1790 In
609 1741 892 1812 principio,
950 1747 1164 1818 inquit,
1222 1762 1334 1805 erat
1373 1751 1637 1810 Verbum:
1671 1756 1775 1812 hoc
1837 1761 1904 1813 de
1957 1760 2065 1814 Deo

1164 351 1432 412 EUSEBII
1471 356 1952 418 CIESARIENSIS
1987 361 2140 420 OPP.
2179 365 2358 423 PARS
2395 369 2484 425 ιγ.
2521 401 2594 413 -
2629 367 3051 427 ΒΟΟΜᾉἸἹΟΔκ

490 480 600 520 uno
628 474 710 520 est
729 465 912 533 Patre,
930 482 958 522 a
992 470 1107 526 solo
1133 473 1302 539 solus,
1343 475 1545 560 abluno
1564 493 1722 532 unus.
1749 479 1893 535 Nihil
1918 482 2064 536 enim
2097 490 2143 546 Α
2173 486 2244 540 tia

3513 359 3518 376 '
3605 375 3749 434 r052

2296 505 2310 542 :
2361 496 2416 542 et
2467 488 2834 544 adorahantur
2883 491 3096 557 omnia;
3147 499 3209 547 ει
3251 495 3379 565 quia
3436 495 3745 558 adorandus

2169 576 2535 645 ignorabatur,
2549 577 2873 635 oﬁ'cnsiones
2887 593 3041 637 erant
3054 583 3208 640 nobis
3220 587 3423 642 omnia.
3440 587 3577 644 Nam
3591 601 3646 647 et
3661 592 3742 649 sol

2167 682 2273 720 non
2296 667 2652 734 illuminabat,
2675 673 2769 726 sed
2792 681 2848 727 et
2869 673 2984 742 ipse
3004 675 3158 730 nobis
3174 685 3291 732 erat
3309 676 3556 735 oﬁ'ensio.
3581 681 3746 737 Venit

2165 765 2346 811 autem
2371 773 2466 828 per
2481 774 2640 830 quem
2658 761 2981 816 suntomnia
3001 781 3016 818 :
3037 779 3140 818 non
3161 765 3329 820 solum
3346 782 3444 824 nos
3466 768 3740 837 liberavit,

2165 847 2260 903 sed
2278 857 2332 903 et
2354 849 2525 918 ipsum
2543 848 2710 905 solem
2728 852 2794 905 ab
2814 851 3035 920 ignobili
3061 854 3165 909 isto
3187 855 3394 912 honore
3410 857 3634 914 liberum
3662 861 3743 914 le-

2167 940 2260 993 cit.
2296 939 2572 996 Liberavit
2608 957 2740 998 sane
2771 944 2950 998 lunam
2989 960 3018 998 a
3061 946 3382 1016 calumniis,
3427 960 3483 1004 et
3528 966 3739 1020 purga-

2166 1031 2246 1084 vit
2269 1030 2457 1086 stellas
2483 1041 2539 1086 ut
2578 1047 2684 1088 non
2724 1037 3100 1091 adorarentur.
3128 1037 3184 1093 Si
3213 1052 3394 1095 autem
3423 1043 3643 1113 quidam
3668 1045 3738 1099 ad

2169 1121 2287 1177 haac
2311 1124 2327 1142 “
2363 1139 2533 1192 usque
2563 1127 2916 1194 contendunt,
2938 1129 3169 1200 reliquis
3193 1128 3458 1188 malorum
3492 1149 3738 1191 comme-

2166 1215 2492 1270 morantium
2540 1215 2880 1272 beneﬁcium.
2941 1219 3093 1275 Nunc
3132 1221 3296 1292 igitur
3335 1233 3396 1280 et
3425 1241 3617 1280 aurum
3653 1238 3739 1283 est

2167 1305 2446 1360 mundum.
2480 1305 2634 1362 Nunc
2653 1318 2708 1363 et
2745 1320 3025 1378 argentum
3045 1312 3111 1365 ad
3139 1312 3192 1367 id
3223 1315 3366 1382 quod
3384 1327 3625 1371 creatum
3652 1330 3739 1373 est

2168 1397 2316 1454 utile.
2357 1397 2510 1453 Nunc
2537 1411 2888 1457 :erameutum
2914 1416 3262 1460 aeramentum
3295 1416 3380 1462 est
3405 1448 3418 1474 ,
3448 1417 3502 1464 et
3527 1407 3736 1465 ferrum

2169 1489 2372 1543 lerrum
2397 1530 2413 1554 ,
2448 1501 2502 1544 et
2540 1492 2675 1561 lapis
2714 1493 2879 1563 lapis,
2932 1504 2987 1549 et
3035 1496 3235 1565 lignum
3285 1497 3487 1569 lignum
3531 1511 3649 1566 est,
3681 1510 3743 1557 et

2167 1579 2309 1635 Deus
2346 1581 2504 1637 Deus.
2529 1582 2684 1638 Nunc
2723 1585 3058 1642 dmmonibus
3108 1588 3420 1656 increpatur
3453 1601 3520 1646 ut-
3544 1592 3735 1658 decet,

2166 1683 2220 1729 et
2264 1691 2367 1729 non
2411 1676 2705 1731 adorantur
2733 1688 2790 1732 ut
2818 1693 2923 1734 non
2963 1680 3140 1734 decet.
3187 1681 3344 1737 Venit
3375 1683 3519 1738 enim
3555 1700 3657 1739 rex.
3680 1697 3743 1742 et

2166 1766 2426 1820 exstinxit
2459 1759 2744 1838 tyrannum
2789 1790 2800 1824 :
2837 1778 2891 1824 et
2930 1771 3148 1841 agnovit
3189 1772 3307 1827 ovis
3350 1783 3654 1842 pastorem,
3682 1785 3740 1830 et

485 1825 633 1932 Filio
671 1833 829 1932 dixit.
880 1837 1024 1932 Dicit
1066 1851 1123 1895 et
1175 1841 1242 1896 de
1272 1841 1505 1912 Joanne,
1547 1844 1746 1902 Factus
1774 1861 1849 1903 est
1887 1850 2061 1904 homo.
2095 1864 2138 1920 Β
2170 1855 2336 1926 fugati
2373 1825 2654 1925 sunilupi.
2699 1857 2831 1923 Quis
2847 1825 3183 1915 sanevveuit?

486 1917 632 1992 Lege
671 1923 782 1989 illa,
812 1927 1034 1998 sublege
1061 1939 1118 1986 et
1158 1933 1256 1988 ista
1289 1941 1386 1988 :et
1427 1935 1669 1992 invenies
1698 1941 1966 2008 quomodo
1999 1941 2065 1996 de

489 2015 601 2071 Deo
630 2016 770 2075 Filio
808 2020 1048 2091 loquitur
1076 2043 1090 2078 :
1121 2036 1176 2080 et
1229 2026 1504 2082 hominem
1549 2041 1782 2100 exponet
1809 2031 2061 2090 Joannes.

487 2108 560 2164 In
601 2109 862 2179 principio
910 2127 1023 2170 erat
1063 2115 1286 2172 Verbum
1343 2120 1411 2174 de
1454 2119 1592 2175 Filio
1629 2123 1761 2178 dicit
1811 2143 1826 2180 :
1869 2125 2066 2182 Factus

486 2197 654 2253 homo
679 2201 744 2256 de
765 2202 974 2260 Joanne
1003 2209 1172 2276 ponit.
1212 2207 1281 2263 Et
1306 2209 1532 2265 Verbum
1559 2223 1672 2268 erat
1701 2217 1846 2284 apud
1877 2217 2062 2285 Deum,

484 2296 540 2342 et
569 2289 706 2345 Deus
739 2305 851 2347 erat
897 2293 1119 2353 Verbum
1139 2338 1155 2363 ,
1187 2301 1254 2354 de
1278 2301 1414 2357 Filio
1454 2303 1712 2373 loquitur.
1752 2306 1826 2360 De
1857 2307 2064 2366 Joanne

483 2387 665 2434 autem
698 2399 712 2434 :
747 2381 873 2438 Non
897 2397 1009 2440 erat
1037 2388 1127 2442 ills
1161 2389 1336 2445 lumen
1363 2393 1434 2457 ⁵⁷,
1459 2403 1511 2447 ει
1544 2395 1739 2448 iterum
1778 2398 1852 2450 de
1879 2401 2065 2469 unige-

484 2471 598 2527 nito
619 2475 717 2539 ait,
752 2475 856 2530 Hic
885 2488 998 2532 erat
1023 2480 1079 2534 in
1109 2484 1364 2551 principio
1387 2487 1528 2554 apud
1551 2486 1736 2543 Deunt.
1761 2489 1836 2544 De
1855 2489 2064 2547 Joanne

484 2574 689 2633 autem,
722 2567 825 2623 Hic
867 2573 1005 2625 venit
1037 2574 1107 2626 ad
1143 2576 1499 2632 testimonium
1521 2578 1588 2633 ⁸⁸.
1641 2578 1840 2650 lnjuria
1866 2585 2064 2653 quippe

483 2665 586 2721 est,
621 2667 677 2714 ει
723 2675 1037 2731 praeponere
1082 2669 1415 2736 unigenitum
1457 2673 1629 2727 servis
1661 2677 1793 2729 suis.
1834 2674 1968 2730 Nam
2009 2688 2065 2733 et

483 2750 626 2816 quod
677 2751 900 2819 dicitur,
945 2757 1081 2810 nihil
1127 2760 1176 2814 ei
1231 2773 1578 2831 comparatur
1621 2777 1714 2820 aut
1774 2781 2059 2838 aequatur:

482 2854 590 2894 non
637 2853 723 2898 est
769 2861 1071 2916 magnum:
1126 2853 1224 2906 sed
1274 2855 1461 2922 egenis
1506 2857 1670 2912 etiam
1730 2875 1895 2927 parva
1940 2871 2065 2916 sunt

485 2947 699 3003 magna.
733 2935 848 2992 Non
878 2949 959 2994 est
994 2941 1138 2997 enim
1171 2961 1312 3001 unus
1357 2962 1424 3001 ex
1466 2949 1742 3017 prophetis
1768 2951 1932 3016 ﬁlius,
1967 2955 2063 3009 sed

481 3040 580 3094 per
620 3043 780 3097 quem
817 3046 1005 3088 omnes
1036 3037 1315 3105 prophetae
1349 3057 1364 3093 :
1407 3054 1514 3095 non
1551 3057 1690 3096 unus
1716 3058 1784 3096 ex
1823 3045 2059 3114 regibus,

482 3126 577 3174 sed
611 3136 707 3190 per
744 3139 903 3193 quem
937 3141 1127 3184 onmes
1168 3145 1326 3199 reges
1367 3149 1382 3187 :
1430 3149 1536 3188 non
1574 3149 1712 3189 unus
1757 3150 1824 3190 ex
1875 3137 2058 3204 justis,

2167 1941 2220 1996 in
2263 1945 2481 1998 mundo.
2510 1943 2578 2000 In
2607 1948 2843 2012 mundo,
2889 1948 3099 2018 inquit,
3133 1959 3247 2004 erat
3279 1968 3300 2005 ε
3331 1950 3601 2022 siquidem
3646 1955 3735 2008 ni-

2165 2035 2242 2090 hil
2268 2051 2496 2092 vacuum
2532 2039 2602 2094 ab
2631 2038 2751 2108 ipso
2774 2040 2938 2095 etlam
2976 2052 3105 2097 ante
3126 2043 3419 2098 adventum
3455 2044 3571 2112 ejus
3593 2056 3736 2101 erat.

2155 2126 2301 2194 'Quia
2335 2143 2442 2182 non
2466 2129 2610 2183 enim
2655 2144 2782 2184 cum
2830 2132 3112 2199 apparuit,
3153 2142 3284 2188 tunc
3321 2143 3376 2188 et
3405 2135 3552 2188 venit
3591 2152 3605 2188 :
3641 2137 3738 2190 sed

2165 2226 2283 2272 erat
2313 2218 2520 2280 latens,
2549 2218 2797 2290 apparuit
2833 2221 2926 2290 qui
2959 2231 3078 2276 erat
3103 2222 3297 2278 latens.
3338 2222 3452 2279 Non
3479 2235 3605 2280 sunt
3634 2227 3741 2280 ista

2166 2321 2320 2370 mea,
2359 2309 2452 2361 sed
2473 2309 2841 2378 evangelista.
2897 2310 2988 2364 Ait
3031 2311 3176 2366 enim
3200 2353 3216 2379 ,
3247 2311 3310 2366 ln
3358 2315 3554 2367 tltltttdo
3601 2325 3735 2369 erat.

2167 2398 2272 2452 Sed
2298 2415 2484 2467 parum
2512 2401 2686 2456 visum
2709 2411 2790 2458 est
2816 2401 2864 2456 ei
2887 2403 2976 2472 qui
3011 2403 3182 2469 dixit,
3227 2404 3285 2458 ln
3332 2406 3532 2460 mundo
3562 2416 3681 2462 erat
3719 2424 3735 2461 :

2163 2507 2219 2551 et
2271 2498 2392 2552 ideo
2452 2497 2648 2566 repetit
2684 2512 2995 2563 sermonem
3049 2499 3345 2569 religiose,
3397 2511 3451 2555 et
3488 2501 3654 2566 dicit,
3687 2512 3738 2556 et

2163 2589 2392 2643 mundus
2419 2606 2512 2658 per
2535 2590 2706 2658 ipsum
2740 2589 2912 2657 factus
2941 2604 3037 2644 est.
3091 2590 3158 2646 Ut
3209 2599 3388 2644 autem
3436 2606 3542 2645 non
3591 2602 3741 2647 esset

2163 2692 2536 2751 contemptus,
2569 2685 2661 2754 qui
2694 2685 2807 2751 ait,
2855 2684 2936 2740 In
2967 2687 3162 2740 mundo
3189 2698 3334 2753 erat,
3385 2687 3522 2741 dixit
3567 2688 3733 2743 etiam

2165 2771 2291 2840 quia
2322 2783 2446 2828 ante
2469 2775 2726 2828 mundum
2753 2785 2872 2829 erat
2906 2794 2918 2830 :
2951 2787 3006 2831 et
3028 2778 3134 2838 ait,
3172 2778 3238 2831 Et
3267 2779 3488 2833 mundus
3525 2796 3617 2848 per
3655 2781 3738 2848 ip-

2163 2882 2279 2919 sum
2300 2866 2475 2934 [actus
2501 2877 2596 2923 est.
2653 2866 2767 2922 Hoc
2805 2868 3077 2938 signiﬁcat
3110 2870 3252 2938 quod
3299 2880 3424 2925 ante
3477 2871 3734 2925 mundum

2163 2965 2300 3010 erat.
2332 2955 2401 3010 In
2431 2959 2624 3011 mundo
2649 2998 2664 3022 ,
2697 2959 2908 3028 inquit,
2943 2970 3077 3016 erat.
3115 2960 3396 3026 Quomodo
3436 2961 3488 3013 in
3535 2961 3733 3014 mundo

2163 3049 2320 3101 erat?
2341 3046 2496 3114 Erat,
2527 3048 2624 3114 ait,
2661 3048 2839 3104 lumen
2867 3066 3064 3115 verum,
3095 3049 3185 3118 qui
3230 3049 3494 3102 illuminat
3532 3065 3732 3102 omnem

2165 3142 2424 3196 hominem
2453 3142 2738 3195 venientem
2765 3143 2821 3195 in
2843 3142 2981 3195 hunc
3002 3144 3276 3196 mundum.
3315 3139 3384 3196 Ut
3425 3151 3606 3196 autem
3631 3159 3728 3196 non

483 3211 580 3264 sed
619 3211 732 3280 ipse
755 3214 968 3282 justitia
1007 3239 1018 3273 :
1056 3236 1165 3274 non
1208 3238 1347 3278 unus
1376 3239 1443 3278 ex
1473 3225 1671 3291 servis,
1721 3229 1817 3282 sed
1843 3227 2056 3284 Filius:
2087 3199 2130 3255 δ
2164 3231 2706 3294 diceret,venienteiu
2738 3233 2876 3303 (74),
2901 3234 2975 3286 ita
3003 3233 3159 3303 quasi
3195 3249 3297 3286 non
3331 3235 3548 3287 essetin
3583 3250 3734 3286 mun-

480 3317 589 3357 non
614 3320 777 3360 unum
823 3322 889 3362 ex
928 3312 1216 3379 omnibus,
1254 3317 1350 3370 sed
1385 3333 1482 3387 per
1507 3333 1666 3388 quem
1696 3330 1822 3374 sunt
1848 3323 2057 3377 omnia:

481 3410 588 3450 non
616 3411 684 3451 ex
722 3400 805 3454 his
833 3403 924 3470 qui
958 3405 1219 3462 assistunt
1249 3417 1303 3464 et
1331 3410 1676 3478 ministrant,
1714 3415 1807 3469 sed
1850 3416 1939 3484 qui
1973 3432 2061 3471 se-

480 3488 569 3541 det
597 3490 663 3543 ad
691 3491 968 3546 dexteram
992 3495 1208 3553 Patris:
1245 3517 1351 3554 non
1389 3517 1458 3556 ex
1484 3502 1565 3558 his
1587 3506 1679 3573 qui
1724 3505 2060 3575 judicantur,

479 3579 578 3633 sed
623 3582 715 3649 qui
771 3585 1010 3654 suscepit
1055 3602 1216 3644 omne
1270 3592 1534 3660 judicium
1585 3597 1888 3666 judicandi.
1943 3597 2059 3653 Non

479 3672 693 3738 quando
721 3675 860 3743 apud
905 3692 1024 3743 nos,
1056 3690 1180 3736 tunc
1203 3692 1257 3736 et
1290 3686 1430 3753 apud
1461 3685 1702 3742 Patrem.
1738 3689 1889 3744 Tunc
1917 3691 2059 3744 enim

481 3763 586 3818 hoc
628 3764 830 3820 dictum
883 3767 1255 3827 intercidatur.
1307 3776 1388 3830 Ad
1421 3793 1520 3832 nos
1565 3781 1709 3834 enim
1739 3781 2060 3850 dispensans

477 3856 664 3910 venit:
702 3865 830 3912 tunc
867 3862 1082 3927 quando
1118 3873 1178 3918 ut
1223 3869 1361 3932 ovis,
1398 3872 1615 3938 quando
1649 3881 1703 3926 ut
1731 3873 1916 3942 Agnus
1944 3875 2064 3933 Dei.‘

477 3946 536 4001 In
577 3950 851 4019 principio
895 3962 1073 4007 autem
1111 3967 1228 4010 erat
1255 3958 1393 4014 Deus
1424 3963 1560 4030 apud
1590 3963 1753 4017 Deum
1786 3983 1800 4020 :
1835 3982 1957 4019 nam
2003 3976 2058 4020 et

476 4053 601 4094 eum
655 4044 799 4110 apud
853 4060 975 4110 nos,
1034 4047 1176 4102 Deus
1223 4051 1501 4106 nobiscum
1538 4054 1900 4112 Emmanuel:
1952 4074 2057 4113 non

478 4131 618 4187 alius
652 4136 792 4204 apud
832 4134 1076 4202 Patrem,
1110 4140 1246 4195 alius
1277 4152 1458 4198 autem
1491 4145 1773 4201 nobiscum
1817 4157 1872 4202 et
1923 4149 2060 4204 alius

476 4233 636 4278 erat:
666 4241 893 4282 manens
933 4228 1196 4298 siquidem
1240 4233 1294 4287 in
1348 4235 1519 4304 ligura
1563 4235 1658 4293 Dei
1703 4240 2056 4307 constitutus,

475 4315 637 4371 istam
666 4329 908 4391 nostram
953 4320 1179 4391 ﬁguram
1217 4325 1360 4379 servi
1416 4329 1673 4396 accepit:
1727 4343 1831 4384 non
1875 4331 1942 4386 ab
1969 4331 2059 4385 illa

473 4409 733 4462 recedens
764 4410 926 4463 istam
959 4412 1247 4467 honoravit
1278 4427 1293 4466 :
1339 4428 1444 4468 non
1479 4418 1547 4470 ab
1581 4415 1669 4470 illa
1709 4417 1927 4484 exiens,
1960 4434 2057 4474 nos

2163 3321 2263 3384 do,
2287 3329 2341 3374 et
2375 3332 2594 3390 putares
2621 3323 2744 3388 quia
2772 3324 2922 3377 venit
2959 3324 3176 3391 quidem
3205 3324 3296 3392 qui
3348 3339 3452 3376 non
3499 3324 3686 3378 aderat
3718 3341 3734 3377 :

2164 3412 2285 3465 ideo
2317 3422 2496 3466 tutans
2521 3411 2635 3483 (75)
2660 3415 2819 3468 istam
2853 3414 3409 3482 suspicionetnaddit,
3437 3413 3504 3466 In
3540 3416 3736 3470 mundo

2161 3511 2297 3557 erat.
2323 3503 2388 3556 Et
2410 3519 2477 3557 ne
2502 3504 2704 3558 iterum
2740 3514 2958 3574 putares
2991 3505 3114 3573 quia
3153 3520 3276 3559 cum
3317 3506 3514 3558 mundo
3554 3505 3734 3561 factus

2161 3601 2319 3658 erat,
2352 3594 2546 3663 repetit
2575 3605 2628 3648 et
2657 3595 2818 3659 dicit,
2850 3593 2917 3648 Et
2948 3599 3177 3648 mundus
3216 3612 3308 3665 per
3346 3596 3513 3664 ipsum
3551 3595 3728 3664 factus

2161 3692 2258 3737 est.
2302 3684 2357 3738 Si
2386 3685 2551 3753 igitur
2581 3702 2677 3753 per
2723 3687 2899 3755 ipsum
2935 3687 3110 3742 factus
3167 3696 3251 3742 est
3290 3687 3555 3751 mundus,
3605 3696 3727 3741 erat

2163 3775 2348 3845 utique
2369 3777 2542 3832 Filius
2568 3789 2858 3846 antequatn
2893 3778 3046 3833 ﬁeret
3073 3779 3303 3833 mundus
3337 3795 3352 3831 :
3379 3779 3498 3848 quia
3519 3779 3586 3832 ab
3612 3779 3729 3848 ipso

2162 3868 2333 3920 lamus
2354 3877 2436 3923 est
2458 3869 2707 3921 mundus.
2737 3868 2972 3936 Denique
2995 3868 3155 3922 etiam
3185 3869 3252 3923 ab
3275 3868 3389 3938 ipso
3410 3868 3544 3924 Filio
3570 3870 3690 3924 audi
3713 3887 3730 3924 :

2165 3956 2245 4010 Da
2279 3958 2442 4027 mihi,
2477 3958 2686 4025 inquit,
2723 3957 2916 4022 Pater,
2943 3957 3165 4028 gloriam
3185 3998 3200 4024 ,
3225 3975 3381 4027 quam
3397 3957 3557 4011 habui
3588 3958 3732 4027 apud

2163 4061 2211 4103 te
2235 4059 2514 4118 antequam
2563 4053 2789 4103 mundus
2824 4050 2974 4118 ﬁeret
3003 4049 3068 4104 ".
3103 4049 3382 4117 Quomodo
3426 4066 3592 4120 ergo,
3650 4051 3734 4104 in-

2163 4141 2316 4210 quit,
2344 4150 2463 4194 erat
2491 4141 2542 4194 in
2576 4139 2822 4194 mundo?
2849 4137 2906 4194 In
2943 4141 3142 4195 mundo
3173 4148 3328 4205 erat,
3377 4151 3430 4194 et
3463 4145 3530 4194 ad
3569 4157 3731 4195 mun-

2162 4235 2289 4287 dum
2332 4234 2499 4287 venit.
2531 4231 2995 4300 Quemadmodum
3023 4241 3203 4287 autem
3230 4234 3398 4287 etiam"
3425 4233 3554 4286 illud
3587 4233 3735 4286 acci-

2160 4323 2246 4393 pis
2283 4323 2488 4378 dictum
2522 4342 2536 4378 :
2576 4323 2830 4377 Dominus
2857 4325 3089 4393 regnavit
3119 4323 3163 4354 °°
3184 4323 3206 4376 ?
3227 4322 3340 4376 Rex
3366 4324 3510 4378 enim
3540 4334 3620 4377 est
3647 4323 3734 4376 in-

2161 4415 2424 4472 deﬁciens
2453 4433 2468 4470 :
2501 4431 2606 4469 nou
2636 4431 2779 4470 nunc
2802 4415 3017 4486 quidem
3060 4431 3152 4470 rex
3177 4453 3193 4480 ,
3233 4415 3521 4484 aliquando
3548 4423 3732 4468 autem

473 4497 701 4553 salvavit
736 4519 751 4554 :
787 4517 892 4556 non
933 4503 1150 4573 reliquit
1183 4515 1456 4572 pastorem
1479 4547 1496 4574 ,
1545 4516 1600 4561 et
1629 4511 1838 4578 accepit
1875 4526 2050 4565 ovem.
2089 4533 2131 4588 ι)
2163 4522 2266 4560 non
2291 4547 2306 4572 ,
2341 4521 2439 4561 nec
2473 4513 2657 4575 postea
2699 4523 2825 4564 non.
2855 4505 3492 4571 Quemadmodumergo
3527 4506 3731 4559 dictum

471 4584 936 4650 Quemadmodum
968 4593 1112 4646 enim
1142 4594 1233 4663 qui
1263 4611 1371 4650 non
1403 4607 1586 4650 manet
1613 4600 1756 4667 quod
1791 4609 1932 4662 erat,
1965 4614 2056 4668 pec

474 4684 616 4730 terat
641 4680 887 4748 accipere
912 4687 1056 4752 quod
1088 4687 1328 4756 accepit?
1361 4686 1478 4742 Non
1508 4698 1626 4742 erat
1655 4690 1908 4758 possibile
1943 4691 2055 4745 sal-

469 4783 600 4822 vare
627 4763 1160 4844 homineshomines,
1193 4780 1320 4847 quia
1354 4780 1598 4836 homines
1627 4782 1968 4850 suhjacemus
1996 4793 2052 4838 et

469 4863 704 4932 propriis
748 4865 985 4932 peccatis
1031 4877 1087 4922 et
1135 4869 1288 4926 clade
1313 4873 1466 4944 (75):
1507 4873 1725 4929 tenebat
1760 4888 1892 4928 sane
1934 4889 2053 4928 ma—

469 4950 724 5007 ledictum
759 4969 906 5011 mors
938 4966 993 5010 et
1014 4959 1342 5028 corruptela,
1379 4970 1435 5016 et
1462 4969 1520 5015 ut
1559 4971 1822 5032 tyrannus
1855 4977 2048 5032 regna-

467 5043 560 5098 bat
583 5047 830 5103 diabolus
862 5058 914 5103 et
942 5050 1349 5109 hacchabantur
1380 5057 1672 5111 dazmones.
1703 5055 2049 5111 Consuetudo

468 5147 646 5192 autem
680 5142 850 5212 magis
881 5153 1067 5198 nostra
1108 5145 1319 5200 vincula
1355 5147 1780 5218 cmistringehat.
1810 5147 2049 5202 Baccha-

467 5227 629 5286 batur
647 5235 791 5288 enim
819 5237 873 5290 in
901 5238 1058 5294 nobis
1079 5247 1134 5294 et
1153 5239 1320 5296 libido
1343 5251 1398 5297 et
1426 5242 1640 5297 tenebat
1663 5244 2052 5315 concupiscen-

575 5412 622 5444 "
646 5412 804 5470 Joan.
839 5433 879 5482 t,
909 5419 963 5476 8.
1037 5419 1086 5453 ⁵⁸
1115 5420 1246 5476 ibid.
1323 5423 1370 5454 ⁸⁹
1410 5420 1587 5477 «10³ηέ
1621 5438 1768 5490 xvn,
1821 5426 1873 5480 1.

539 5565 654 5634 (7'5)
688 5568 870 5624 Clade.
897 5571 1057 5628 Forte
1089 5573 1248 5632 cladi.

545 5634 983 5703 (7.1)Venientem
1012 5645 1067 5696 in
1097 5645 1257 5702 hunc.
1291 5645 1621 5700 Vertendum
1651 5647 1747 5700 luit
1781 5664 1843 5702 ex
1875 5649 2041 5703 Euse-

479 5703 550 5787 bii
576 5709 793 5770 quidem
831 5722 1010 5786 incute
1050 5715 1259 5787 veniens
1290 5732 1320 5787 _:
1371 5731 1494 5768 nam
1537 5717 1829 5787 ἐρχόμενον
1855 5721 2039 5774 retulit

465 5772 548 5846 ad
583 5789 767 5828 vocem
807 5776 944 5845 φῶς,
979 5796 1085 5835 non
1117 5783 1181 5834 ad
1216 5783 1503 5854 ἄνθρωπον
1535 5772 1738 5854 εἰῖιιὸι]
1777 5772 1909 5844 satis
1948 5805 2038 5844 os-

2158 4605 2244 4650 est
2264 4636 2279 4660 ,
2304 4595 2560 4649 Dominus
2585 4597 2852 4665 regnavit,
2885 4602 3043 4663 prout
3067 4593 3271 4650 diceret
3295 4633 3312 4660 ,
3353 4593 3609 4648 Homines
3639 4607 3731 4647 re-

2157 4687 2306 4757 gnati
2346 4695 2510 4752 sunt,
2549 4695 2643 4740 aut
2674 4693 3054 4755 regnaverunt.
3085 4684 3202 4740 Non
3227 4685 3370 4741 enim
3411 4685 3497 4738 ille
3519 4685 3732 4753 accepit

2154 4778 2295 4848 quod
2321 4793 2425 4833 non
2452 4778 2688 4831 habebat
2713 4793 2731 4832 :
2759 4777 2852 4832 sed
2883 4791 2984 4832 nos
3016 4776 3162 4847 digni
3188 4777 3382 4831 iterum
3413 4774 3728 4843 iudicamur

2152 4886 2219 4926 eo
2245 4885 2275 4924 a
2314 4885 2422 4939 quo
2447 4869 2771 4925 excidimus.
2814 4867 2922 4924 Nos
2947 4869 3129 4938 itaque
3174 4883 3499 4939 regnamur,
3531 4876 3585 4922 et
3624 4867 3732 4922 iste

2151 4972 2365 5030 regnat.
2422 4961 2538 5016 Non
2592 4976 2736 5015 nunc
2786 4975 3071 5016 assumens
3129 4960 3414 5030 imperiutn
3445 4978 3460 5016 :
3491 4959 3584 5014 sed
3624 4973 3730 5014 nos

2153 5054 2450 5110 liberamur
2479 5069 2508 5108 a
2545 5053 2849 5124 tyrannide.
2886 5051 2953 5106 In
2977 5055 3172 5105 mundo
3194 5093 3209 5120 ,
3246 5054 3459 5122 inquit,
3500 5063 3635 5108 erat.
3660 5051 3728 5108 Si

2154 5145 2208 5200 in
2245 5145 2445 5200 mundo
2465 5156 2618 5209 erat,
2650 5145 2928 5215 quomodo
2967 5143 3112 5197 venit
3137 5143 3188 5196 in
3215 5145 3455 5198 mundo?
3483 5144 3732 5213 Apparet

2156 5240 2210 5295 in
2243 5243 2462 5296 mundo.
2497 5238 2637 5307 Quid
2685 5252 2816 5308 ergo
2859 5253 2966 5293 non
3016 5236 3166 5292 vadit
3211 5252 3274 5293 ex
3319 5237 3730 5294 mundo‘iliicit

1952 5424 1994 5455 ⁸ο
2028 5421 2175 5479 Psal.
2225 5436 2370 5488 xcu,
2430 5435 2588 5489 xcvr,
2639 5434 2824 5474 xcvnt.

2151 5577 2323 5631 tendit
2351 5585 2459 5630 tum
2491 5575 2768 5630 enarratio
2791 5589 2908 5644 qua:
2925 5574 3188 5642 sequitur,
3220 5584 3328 5630 tum
3357 5575 3493 5629 alius
3529 5585 3719 5644 postea

2150 5647 2300 5699 locus
2337 5648 2473 5698 iul'ra
2505 5647 2592 5698 ubi
2628 5647 2822 5713 legitur
2846 5643 2974 5698 Erat
3003 5647 3177 5700 lumen
3206 5663 3382 5700 verum
3426 5643 3632 5700 renisus
3661 5648 3719 5698 in

2146 5717 2284 5769 Itum:
2313 5718 2586 5776 mundum,
2615 5727 2720 5767 utr.

2224 5786 2334 5854 (75)
2370 5785 2590 5838 Tulaus.
2638 5783 3112 5856 ‘Asealtgépsvog,
3138 5788 3479 5856 propulsans,
3502 5800 3725 5840 arcens.
