4134 6464
444 425 591 482 1053

1301 426 1389 485 DE
1427 428 1584 484 FIDE
1622 402 1994 486 ADVERSUS
2034 428 2443 486 SABELUUM.
2484 461 2555 472 -
2591 428 2719 485 LIB.
2760 429 2809 486 ι.

3554 428 3692 486 1054

439 548 599 604 enim‘
624 566 638 602 :
673 548 859 602 Adhuc
882 548 1093 603 modice
1112 549 1287 604 lumen
1312 552 1575 606 vobiscum
1604 563 1703 606 est.
1754 552 1901 608 Vada
1939 555 2007 607 ad
2036 563 2085 617 Α
2114 556 2187 608 ris
2224 552 2485 623 Spiritum
2508 553 2797 607 venientem
2824 591 2840 616 ,
2866 550 2949 604 hic
2970 560 3046 605 est
3077 550 3163 605 ’τι
3184 550 3242 605 Si
3279 548 3442 621 igitur
3462 564 3696 620 evange-

438 657 558 695 eum
585 641 675 711 qui
706 656 785 695 me
813 641 950 694 misit
973 657 992 695 :
1021 643 1267 711 quaeretis
1300 660 1401 706 me,
1429 655 1477 697 et
1517 661 1620 697 non
1648 647 1914 699 invenietis
1940 647 2008 699 “.

438 732 596 788 Nunc
622 733 807 797 vadit,
838 744 895 788 et
922 734 1179 803 relinquit
1216 735 1498 789 mundum.
1529 735 1634 790 Sed
1676 736 1867 790 iterum
1900 737 2013 805 ipse

440 824 576 879 dicit
607 842 622 879 :
660 821 796 878 Ecce
819 841 913 895 ego
950 826 1214 879 vobiscum
1247 842 1363 880 sum
1398 843 1559 895 usque
1584 828 1652 880 ad
1679 844 2012 881 consumma-

440 920 634 972 tionem
658 918 842 970 swculi
873 918 939 970 “.
962 918 1167 973 Aderat
1192 934 1325 988 ergo
1347 961 1363 987 ,
1391 930 1447 975 et
1470 928 1757 987 antequam
1794 919 2016 973 adveni-

443 1021 565 1078 ret,
599 1014 753 1068 adest
779 1013 940 1068 etiam
985 1023 1271 1083 postquam
1318 1017 1582 1083 perrexit.
1629 1017 1843 1070 Intuere
1883 1030 2015 1083 ergo

444 1106 902 1172 quemadmodum
945 1106 995 1159 in
1026 1108 1228 1161 mundo
1250 1118 1369 1161 erat
1394 1107 1759 1163 invisibiliter.
1798 1107 1928 1163 Nam
1963 1108 2015 1161 id

442 1194 758 1250 videntibus
797 1196 1082 1264 apostolis,
1109 1206 1163 1252 et
1185 1197 1462 1252 nobiscum
1492 1210 1575 1252 est
1604 1214 1770 1267 usque
1802 1199 1865 1251 ad
1888 1214 2016 1251 con—

441 1288 863 1342 summationem
892 1289 1075 1343 saeculi
1109 1306 1122 1344 :
1150 1289 1511 1359 incorporalis
1531 1290 1674 1343 enim
1708 1302 1900 1343 natura
1934 1289 2016 1342 lo-

444 1382 525 1437 cis
555 1398 660 1435 non
687 1382 1177 1436 circumscribitur.
1209 1382 1313 1436 Sed
1341 1391 1691 1451 posteaquam
1723 1382 2016 1450 assumpsit

444 1487 675 1542 corpus,
727 1491 832 1528 non
886 1483 943 1528 ut
989 1474 1359 1529 recluderetur
1412 1475 1706 1544 assumpsit
1751 1493 1764 1529 :
1805 1474 2017 1527 salvare

444 1565 589 1618 enim
624 1565 805 1629 venit,
833 1573 887 1619 et
914 1580 1020 1618 non
1053 1565 1229 1617 minus
1272 1564 1515 1619 exaltare
1538 1602 1555 1628 ,
1593 1573 1648 1617 et
1699 1578 1803 1617 non
1837 1563 2018 1616 humi-

446 1653 581 1709 liare
609 1653 738 1720 (non
766 1654 893 1723 quia
925 1669 1028 1707 non
1060 1668 1119 1707 se
1176 1653 1480 1706 liumiliavit
1512 1672 1525 1707 :
1563 1652 1839 1705 humiliari
1873 1651 2019 1706 enim

443 1744 589 1809 dico,
618 1743 866 1798 decidere
901 1758 1022 1797 eum
1057 1760 1086 1797 a
1112 1759 1205 1797 sua
1234 1743 1543 1809 dignitate),
1573 1743 1666 1795 sed
1690 1741 1868 1807 potius
1896 1740 2017 1793 abs-

446 1835 683 1890 condere
735 1850 891 1889 suam
926 1834 1265 1904 dignitatem.
1305 1831 1360 1885 Si
1387 1833 1532 1887 enim
1573 1830 1927 1901 ipse‘decidit
1952 1832 2020 1884 ab

443 1940 511 1980 eo
548 1925 689 1994 quod
721 1933 841 1979 erat
876 1924 1017 1981 Deus
1041 1964 1057 1989 ,
1116 1940 1215 1978 nos
1257 1940 1364 1977 non
1412 1923 1597 1992 utique
1638 1923 1912 1976 revocavit
1949 1921 2014 1977 ad
2047 1913 2090 1969 Β

442 2030 563 2071 eam
591 2031 656 2069 ex
686 2032 789 2085 qua
816 2016 1134 2072 cecidimus.
1161 2014 1387 2070 Salvare
1431 2014 1596 2084 igitur
1645 2013 1792 2068 venit
1838 2011 2018 2066 Domi-

445 2122 551 2162 nus
576 2146 591 2172 ,
623 2122 730 2161 non
762 2116 941 2162 tamen
978 2108 1227 2161 amittere
1258 2107 1401 2174 quod
1424 2098 1677 2158 habebat.
1705 2102 1859 2158 Fecit
1883 2103 2020 2157 bene

446 2199 563 2269 ipse
600 2214 826 2254 manens
871 2199 925 2253 in
956 2213 1063 2267 quo
1084 2206 1196 2251 erat
1237 2196 1376 2270 (76),
1412 2211 1517 2250 non
1550 2205 1739 2249 natura
1765 2195 2020 2250 excideris

443 2305 542 2345 sua
562 2332 578 2357 ,
604 2290 701 2344 sed
727 2289 1103 2345 misericordia
1133 2290 1305 2342 utitur
1336 2285 1536 2341 Patris.
1576 2284 1715 2351 Quid
1744 2300 1870 2353 ergo
1893 2300 2021 2353 pro—

445 2382 681 2452 positum
720 2391 841 2436 erat
864 2383 1020 2437 nobis
1052 2382 1235 2436 dicere
1258 2420 1273 2445 ,
1299 2381 1440 2449 quod
1470 2379 1641 2434 solum
1679 2380 1727 2432 ei
1767 2376 2022 2431 convenit

444 2473 596 2529 dici?
624 2473 799 2529 solum
838 2486 1017 2527 autem
1070 2471 1326 2527 convenit
1372 2471 1521 2536 dici,
1554 2469 1682 2538 Quia
1731 2476 1815 2522 est
1864 2466 2023 2522 Pater

442 2582 605 2632 vere,
630 2578 715 2622 est
762 2577 818 2622 et
871 2566 1041 2622 Filius
1067 2581 1227 2629 vere,
1262 2572 1345 2619 est
1380 2574 1435 2620 et
1481 2562 1721 2632 Spiritus
1780 2571 2020 2615 sanctus.

444 2658 563 2714 Non
589 2658 747 2714 Otiosi
778 2673 1060 2712 sermones
1083 2697 1097 2722 ,
1130 2672 1235 2711 non
1260 2671 1431 2711 vacua
1455 2654 1625 2709 verba
1651 2693 1667 2719 ,
1694 2654 1788 2708 sed
1836 2662 2024 2706 natura

446 2767 595 2807 vera.
622 2750 784 2805 Pater
807 2766 910 2804 non
945 2759 1108 2805 natus
1133 2789 1148 2814 ,
1176 2759 1232 2803 et
1257 2748 1405 2803 solus
1438 2763 1543 2801 non
1597 2756 1756 2800 natus
1792 2764 1804 2797 :
1834 2753 1888 2799 et
1936 2743 2028 2797 Fi-

450 2840 562 2895 lius
596 2840 907 2909 unigenitus
930 2880 944 2903 ,
1001 2848 1056 2893 et
1104 2838 1250 2893 solus
1281 2837 1591 2907 unigenitus
1630 2846 1715 2890 est
1749 2851 1763 2888 :
1794 2834 2029 2903 Spiritus

447 2942 668 2988 sanctus
712 2933 802 3001 qui
850 2948 881 2985 a
933 2932 1071 2986 Filio
1128 2930 1424 2986 secundum
1472 2927 1651 2983 Patris
1696 2927 2029 2981 voluntatem

448 3028 703 3082 mittitur.
729 3025 825 3079 Vis
870 3034 1051 3080 autem
1100 3023 1317 3079 edoceri
1346 3023 1472 3093 quia
1517 3023 1635 3076 haec
1665 3034 1795 3074 vere
1843 3019 2031 3073 dicun-

456 3132 543 3175 tur
567 3120 680 3190 (77)
706 3120 730 3173 ?
769 3118 930 3173 Venit
958 3119 1215 3173 Dominus
1254 3117 1319 3172 ad
1338 3116 1660 3184 baptismum
1688 3113 1911 3168 Joannis
1931 3152 1947 3178 ,
1978 3119 2034 3165 et

448 3212 655 3265 videbis
680 3211 771 3278 qui
803 3209 998 3277 estqui
1028 3209 1195 3272 dicit,
1240 3207 1343 3261 llic
1376 3216 1452 3260 est
1489 3204 1664 3259 Filius
1716 3221 1865 3257 meus
1891 3203 2030 3257 dite-

446 3303 708 3358 ctissimus
729 3340 743 3365 ,
769 3302 823 3352 in
850 3315 952 3365 quo
991 3300 1120 3350 mihi
1157 3298 1280 3349 bene
1306 3298 1598 3365 complacut'
1633 3296 1699 3349 ⁸³.
1734 3295 1870 3362 Quis
1894 3294 2031 3349 dicit

448 3392 603 3447 haec?
635 3391 821 3459 utique
850 3389 1011 3441 Pater
1032 3388 1097 3441 de
1128 3388 1235 3440 Deo
1257 3426 1271 3450 ,
1306 3385 1396 3453 qui
1427 3385 1710 3438 videbatur
1754 3392 1810 3435 ut
1840 3383 2027 3436 homo.

451 3484 557 3553 Qui
585 3482 718 3537 dicit
773 3496 944 3551 ergo,
1006 3479 1170 3533 Pater
1219 3487 1301 3531 est
1341 3496 1354 3530 :
1388 3478 1451 3529 de
1497 3489 1604 3542 quo
1654 3474 2027 3527 testimonium

448 3587 597 3641 erat,
627 3575 797 3630 Filius
851 3582 937 3631 est
968 3591 980 3626 :
1010 3570 1249 3640 Spiritus
1307 3570 1360 3623 in
1408 3568 1588 3636 specie
1636 3566 1919 3620 columbae.
1964 3567 2030 3620 Et

449 3671 543 3741 qui
579 3678 636 3723 ut
664 3670 822 3721 homo
860 3669 1182 3735 apparebat,
1212 3672 1266 3716 et
1287 3661 1377 3731 qui
1428 3662 1479 3713 in
1537 3659 1755 3713 homine
1800 3659 2019 3713 habita-

448 3764 543 3817 bat
566 3803 581 3826 ,
611 3770 667 3814 et
692 3760 785 3829 qui
808 3759 859 3812 in
893 3771 1124 3827 corpore
1152 3764 1304 3819 erat,
1332 3754 1636 3808 testabatur
1668 3761 1722 3806 et
1762 3753 1979 3807 dicebat
2007 3771 2022 3807 :

450 3854 677 3922 Expedit
710 3853 845 3907 vobis
876 3860 931 3905 ut
963 3866 1056 3919 ego
1097 3849 1308 3903 vadum.
1369 3846 1433 3900 Si
1465 3846 1636 3908 enim,
1686 3844 1901 3913 inquit,
1936 3860 2028 3912 ego

454 3967 557 4003 non
583 3949 693 4000 iero
719 3986 733 4010 ,
762 3944 991 4013 Spiritus
1010 3958 1111 3998 non
1142 3943 1304 3994 veniet
1336 3956 1354 3992 :
1378 3955 1497 3992 cum
1536 3954 1628 4007 ego
1658 3937 1801 4000 iero,
1834 3936 2025 4003 rogabo

454 4040 668 4098 Patrem
694 4053 865 4095 meum
895 4035 960 4088 “.
997 4034 1115 4087 Non
1167 4043 1347 4085 tamen
1382 4046 1468 4085 me
1505 4040 1558 4084 et
1601 4029 1768 4083 alium
1801 4034 2031 4082 advoca-

454 4141 566 4186 tum
602 4131 779 4187 mittet
798 4129 957 4183 Pater
985 4127 1054 4180 ad
1088 4140 1206 4181 vos.
1244 4124 1345 4191 Qui
1373 4124 1551 4190 vadit,
1575 4132 1631 4177 et
1660 4122 1755 4191 qui
1780 4132 2025 4191 rogatur,

449 4233 505 4280 et
538 4226 627 4293 qui
665 4223 933 4285 mittitur,
990 4235 1094 4273 non
1150 4218 1223 4272 dii
1258 4217 1531 4271 dicuntur.
1570 4215 1719 4270 Unus
1761 4214 1911 4268 enim.
1946 4222 2031 4267 est

452 4314 593 4368 Deus
628 4329 658 4368 a
687 4328 793 4382 quo
823 4320 950 4366 sunt
1002 4311 1180 4365 omnia
1205 4349 1222 4374 ,
1271 4318 1326 4364 et
1382 4322 1522 4362 unus
1573 4307 1833 4361 Dominus
1871 4304 2029 4360 Jesus

453 4422 549 4476 per
577 4419 737 4475 quem
772 4412 899 4458 sunt
926 4400 1130 4457 omnia.
1162 4401 1270 4465 Sed
1303 4415 1438 4453 unus
1463 4399 1602 4455 Deus
1621 4415 1726 4452 non
1764 4408 1945 4464 natus,
1976 4406 2030 4453 et

454 4514 593 4553 unus
625 4497 939 4566 unigenitus
968 4495 1227 4549 Dominus
1252 4503 1411 4548 natus
1440 4507 1470 4545 a
1500 4492 1607 4546 Deo
1642 4501 1746 4546 est.
1778 4488 1833 4543 Si
1881 4491 2026 4543 enim

2120 649 2240 704 lista
2266 648 2425 714 dicit,
2461 644 2633 710 Erat;
2659 645 2900 714 Baptista
2941 652 3120 699 autem
3144 644 3317 709 dicit,
3345 641 3393 696 11
3404 644 3451 696 ie
3485 653 3560 698 est
3590 658 3609 696 :
3641 654 3699 702 et

2121 742 2355 811 Spiritus
2405 748 2636 795 testatur
2669 738 2796 808 quia
2834 738 2950 806 ipse
3003 745 3125 801 est;
3156 744 3211 792 et
3260 735 3423 791 Pater
3470 736 3699 792 demon-

2121 847 2304 889 s1rans
2337 832 2497 895 dicit,
2536 830 2641 885 Hic
2669 838 2864 895 est;et
2892 827 3064 885 Filius
3102 827 3267 894 dicit,
3306 828 3418 899 Ego
3451 846 3607 896 sum;
3634 838 3692 886 et

2120 923 2394 978 daemones
2421 922 2612 977 dicunt
2638 961 2655 987 ,
2682 919 2761 975 Tu
2786 938 2839 975 es
2870 935 2890 973 :
2922 936 3043 991 quae
3074 922 3383 990 procacitas
3412 921 3512 976 ista
3534 931 3618 977 est
3642 930 3702 979 ut

2123 1031 2227 1069 non
2262 1016 2490 1070 credat?
2512 1017 2621 1070 Aut
2650 1014 2793 1068 enim
2820 1013 2963 1067 Patri
2998 1014 3158 1068 crede
3176 1054 3191 1079 ,
3226 1023 3322 1067 aut
3344 1012 3480 1068 Filio
3502 1016 3661 1071 obedi
3681 1056 3699 1084 ,

2123 1117 2215 1160 aut
2241 1106 2504 1175 Spiritum
2533 1106 2809 1172 censenti,
2838 1115 2931 1160 aut
2963 1120 3085 1160 cum
3111 1106 3389 1176 prophetis
3406 1110 3701 1175 concorda,

2123 1206 2215 1253 aut
2247 1215 2367 1253 cum
2389 1199 2693 1269 legislature
2720 1197 3013 1264 conﬁtere,
3045 1206 3139 1252 aut
3167 1207 3313 1253 certe
3346 1214 3468 1253 cum
3501 1200 3704 1256 daemo-

2127 1293 2287 1345 nibus
2313 1291 2418 1345 noli
2456 1305 2675 1359 negare.
2710 1288 2791 1343 llli
2832 1290 2977 1344 enim
3004 1288 3190 1344 dicunt
3221 1307 3235 1343 :
3266 1286 3477 1343 Scimus
3517 1299 3565 1344 te
3613 1290 3704 1360 qui

2123 1385 2195 1437 sis
2230 1384 2302 1449 ³⁸,
2337 1392 2394 1438 et
2440 1398 2544 1437 non
2598 1390 2814 1437 cessant
2869 1380 3211 1436 conﬁtentes.
3253 1378 3702 1451 Quotiescunque

2126 1474 2268 1529 enim
2300 1474 2669 1529 uominaveris
2700 1474 3037 1529 daemonibus
3089 1472 3283 1528 Filium
3335 1472 3430 1529 Dei
3485 1472 3700 1530 aﬁixum

2125 1566 2318 1632 cruci,
2382 1574 2677 1621 trementes
2730 1566 2912 1619 statim
2958 1578 3092 1619 voce
3128 1565 3303 1633 prima
3349 1556 3701 1619 conﬁtentur.

2088 1708 2091 1713 .
2126 1656 2222 1711 Est
2251 1657 2394 1711 enim
2425 1656 2593 1712 Filius
2620 1697 2636 1721 ,
2664 1665 2717 1711 et
2750 1664 2969 1722 manet,
2996 1664 3050 1710 et
3075 1670 3299 1725 regnum
3325 1656 3440 1723 ejus
3475 1671 3581 1711 non
3604 1656 3705 1711 ha-

2125 1748 2217 1803 bet
2244 1747 2425 1801 ﬁnem.
2457 1745 2563 1802 Sed
2600 1748 2762 1801 ﬁnem
2790 1746 2987 1801 habeat
3007 1760 3070 1801 os
3098 1745 3242 1800 illius
3267 1746 3358 1814 qui
3384 1746 3553 1813 dixit,
3576 1745 3706 1815 quia

2128 1841 2280 1911 regni
2307 1840 2423 1912 ejus
2454 1849 2537 1895 est
2572 1840 2714 1893 ﬁnis.
2742 1837 2904 1893 Pater
2925 1837 3068 1893 enim
3098 1837 3198 1907 qui
3230 1837 3412 1907 genuit
3446 1852 3554 1891 non
3582 1850 3703 1907 pte-

2120 1934 2325 1988 nitetur
2349 1933 2416 1988 de
2445 1932 2582 1986 bona
2615 1929 2891 2002 progenie,
2920 1943 3025 1983 non
3060 1928 3281 1983 devorat
3304 1942 3459 1983 suum
3486 1927 3706 1984 Filium.

2117 2024 2425 2080 lnvidemus
2451 2021 2666 2077 fabulas
2685 2021 2947 2092 gentium,
2966 2027 3021 2075 et
3035 2019 3231 2073 iterum
3249 2019 3467 2073 easdem
3491 2019 3710 2075 induci-

2119 2129 2240 2169 mus
2275 2131 2289 2169 :
2327 2128 2433 2168 non
2466 2128 2586 2179 nos,
2605 2114 2701 2167 sed
2724 2112 2815 2181 qui
2846 2125 3010 2165 ausus
3030 2118 3115 2164 est
3143 2109 3359 2165 Galata.
3397 2109 3537 2163 Deus
3563 2108 3710 2164 enim

2119 2220 2226 2259 non
2248 2218 2434 2259 vocem
2461 2202 2647 2273 genuit
2675 2201 2767 2256 sed
2789 2200 3007 2263 Filium,
3032 2215 3136 2253 non
3162 2214 3464 2254 sermonem
3500 2198 3595 2253 sed
3629 2197 3739 2291 vi:

2121 2304 2378 2360 tam,non
2395 2293 2597 2347 dictum
2612 2292 2707 2347 sed
2730 2290 2928 2353 Deum.
2956 2290 3109 2357 Apud
3144 2289 3310 2344 Deum
3338 2290 3506 2353 enim,
3526 2287 3710 2344 nonin

2121 2401 2217 2441 ore
2275 2384 2369 2438 Dei
2399 2404 2414 2443 :
2473 2384 2539 2438 ad
2568 2383 2844 2438 dexteram
2875 2382 2994 2447 Dei,
3030 2397 3135 2437 non
3167 2391 3341 2437 tamen
3372 2383 3462 2452 qui
3493 2384 3545 2438 in
3574 2396 3709 2439 voce

2124 2486 2229 2532 est.
2265 2474 2511 2530 Judicem
2548 2489 2670 2529 eum
2693 2473 2786 2542 qui
2810 2473 3080 2537 viviﬁcat,
3120 2487 3308 2529 verum
3362 2474 3579 2539 lumen,
3609 2474 3708 2542 ju-

2124 2571 2284 2624 stitia:
2312 2567 2513 2623 solem.
2545 2566 2750 2619 Lumen
2785 2574 2965 2619 autem
2996 2579 3105 2623 non
3141 2564 3266 2630 tale,
3297 2565 3456 2633 quale
3484 2575 3539 2619 et
3566 2566 3708 2635 apud

2126 2675 2269 2713 nost:
2304 2658 2438 2713 nihil
2475 2655 2809 2723 accipiamus
2837 2654 3052 2710 visibile
3084 2655 3150 2708 ad
3195 2655 3584 2710 exhibitionem
3617 2656 3707 2710 in-

2126 2748 2381 2805 visibilis.
2409 2747 2525 2803 Non
2555 2748 2689 2802 mihi
2714 2747 2875 2803 isthic
2908 2746 3082 2801 fontes
3100 2746 3335 2801 adducas
3360 2748 3411 2804 in
3432 2746 3664 2802 medium
3688 2766 3704 2803 :

2129 2858 2234 2896 non
2262 2842 2428 2896 solem
2465 2849 2521 2897 et
2541 2839 2659 2908 ejus
2686 2840 2890 2895 lumen.
2927 2839 3059 2905 Quae
3089 2839 3231 2894 enim
3267 2854 3362 2907 per
3409 2840 3604 2896 Filium
3629 2841 3710 2894 fa-

2130 2944 2214 2990 cta
2251 2943 2408 2999 sunt,
2443 2949 2547 2989 non
2576 2945 2965 3001 comparantur
2989 2934 3148 2989 Filio.
3179 2933 3290 2989 Hoc
3320 2933 3464 2988 enim
3514 2934 3704 2989 lumen

2132 3041 2237 3080 non
2260 3034 2344 3079 est
2363 3025 2525 3091 solis,
2551 3027 2646 3079 sed
2681 3023 2970 3080 elﬁcientia
3022 3024 3153 3079 solis
3183 3042 3196 3078 :
3230 3024 3331 3078 hoc
3387 3023 3571 3079 lumen
3602 3039 3712 3080 non

2134 3117 2301 3171 habet
2323 3120 2489 3171 vitam
2519 3159 2533 3183 ,
2559 3115 2730 3171 Filius
2762 3125 2941 3169 autem
2971 3116 3078 3171 vita
3104 3123 3189 3170 est
3220 3131 3236 3169 ι
3262 3115 3363 3173 hoc
3389 3114 3567 3170 lumen
3603 3129 3713 3169 non

2136 3209 2310 3278 aperit
2372 3208 2555 3263 oculos
2590 3223 2897 3271 cmcorum,
2952 3208 3048 3261 sed
3084 3206 3169 3263 bis
3217 3208 3308 3275 qui
3365 3206 3541 3264 creati
3587 3215 3715 3261 sunt

2138 3301 2343 3370 praebet
2379 3301 2584 3355 videre.
2617 3298 2721 3353 Sed
2760 3314 2827 3352 ne
2854 3298 3071 3367 quidem
3101 3300 3205 3354 hoc
3234 3314 3263 3352 a
3286 3312 3346 3357 se
3369 3339 3384 3366 ,
3416 3300 3509 3355 sed
3550 3300 3618 3355 ab
3646 3314 3714 3355 eo

2135 3395 2225 3462 qui
2258 3392 2499 3446 indulsit.
2541 3390 2653 3446 lloc
2686 3391 2864 3444 lumen
2894 3392 2947 3445 in
2984 3390 3218 3451 tenebris
3272 3406 3378 3445 non
3416 3390 3556 3445 lucet
3589 3400 3719 3447 :te-

2138 3484 2318 3537 ncbrze
2344 3481 2489 3535 enim
2537 3495 2661 3535 eum
2715 3496 2818 3534 non
2850 3480 3338 3549 comprehendunt.
3379 3479 3457 3535 De
3491 3479 3582 3535 illo
3610 3494 3714 3537 au-

2138 3583 2244 3627 tem
2275 3573 2478 3627 lumine
2504 3573 2703 3627 dictum
2735 3580 2820 3626 est
2848 3592 2861 3626 :
2896 3569 3094 3629 Lumen
3119 3570 3171 3623 in
3198 3571 3417 3633 tenebris
3440 3571 3606 3640 lucet,
3636 3581 3714 3625 te-

2136 3662 2306 3715 nebrae
2334 3676 2452 3714 eum
2483 3675 2587 3713 non
2614 3658 3111 3727 comprehenderunt
3136 3654 3353 3711 ".‘Hoc
3394 3655 3572 3711 lumen
3603 3671 3713 3713 non

2136 3754 2342 3823 pascit,
2372 3767 2478 3807 non
2511 3751 2772 3805 transfert
2797 3764 2990 3820 aquam
3019 3748 3087 3802 ad
3122 3748 3305 3802 vinum
3341 3766 3354 3802 :
3381 3749 3483 3802 hoc
3530 3747 3715 3803 lumen

2136 3862 2242 3902 non
2273 3845 2499 3899 suscitat
2525 3852 2797 3909 mortuos,
2832 3842 2925 3897 sed
2954 3840 3191 3897 otiosum
3239 3848 3323 3898 est
3351 3839 3579 3895 mortuis
3614 3858 3628 3893 :
3659 3848 3716 3896 et

2136 3954 2242 3995 non
2270 3937 2397 4007 quia
2424 3950 2712 3991 commune
2743 3944 2827 3989 est
2860 3947 3054 3988 nomen
3082 3973 3097 3998 ,
3128 3941 3285 4003 putas
3323 3930 3447 4001 quia
3471 3939 3526 3984 et
3563 3945 3715 3985 com-

2137 4031 2315 4085 munis
2357 4039 2548 4084 natura
2575 4039 2679 4082 est.
2715 4026 2828 4083 Hoc
2858 4027 3036 4085 lumen
3069 4034 3161 4080 aut
3190 4025 3240 4079 in
3269 4025 3443 4095 primo
3467 4023 3556 4082 die
3579 4061 3596 4089 ,
3619 4031 3716 4078 aut

2136 4137 2256 4178 cum
2283 4121 2397 4177 sole
2427 4122 2481 4175 in
2507 4130 2700 4189 quarto
2725 4160 2740 4185 ,
2762 4118 3215 4189 quemadmodum
3245 4116 3369 4187 quis
3395 4115 3666 4185 putaverit
3693 4154 3712 4179 ,

2136 4215 2223 4269 die
2252 4223 2448 4284 quarto
2478 4222 2560 4267 est
2588 4213 2813 4267 factum.
2850 4210 3019 4265 Filius
3052 4218 3233 4264 autem
3285 4223 3391 4263 non
3428 4207 3482 4262 in
3535 4206 3713 4277 primo

2137 4307 2222 4361 die
2243 4345 2259 4372 ,
2289 4320 2461 4375 neque
2492 4306 2543 4358 in
2574 4314 2765 4374 quarto
2787 4343 2802 4368 ,
2828 4317 3002 4371 neque
3037 4301 3090 4355 in
3119 4309 3288 4355 totum
3313 4299 3369 4355 in
3398 4298 3508 4365 die,
3538 4312 3715 4368 neque

2136 4400 2190 4454 in
2227 4400 2357 4454 hora
2387 4438 2402 4462 ,
2429 4414 2603 4467 neque
2650 4397 2704 4451 in
2761 4392 3128 4466 temporibus,
3162 4408 3337 4463 neque
3392 4393 3446 4447 in
3475 4390 3709 4448 saeculis.

2136 4490 2262 4545 llaec
2291 4490 2433 4544 enim
2462 4479 2558 4556 per
2581 4487 2779 4543 Filium
2799 4529 2815 4553 ,
2847 4502 2954 4540 non
2981 4497 3158 4541 tamen
3185 4483 3353 4545 Filius
3377 4482 3432 4536 in
3459 4482 3566 4537 his.
3593 4481 3711 4537 Non

453 4609 561 4648 non
596 4602 783 4646 natum
820 4600 874 4643 et
902 4605 1007 4645 non
1034 4599 1218 4642 natum
1252 4588 1488 4640 dicerem
1511 4624 1524 4646 ,
1562 4593 1655 4637 aut
1688 4582 2023 4651 unigenitum
2060 4616 2105 4673 Ι)
2135 4583 2278 4635 enim
2312 4597 2341 4633 a
2368 4578 2751 4633 communione
2780 4577 3059 4631 hominum
3093 4574 3426 4631 confundere
3452 4572 3711 4627 debemus

452 4695 510 4740 et
536 4684 909 4755 unigenitum;
939 4691 1067 4736 tunc
1098 4694 1469 4735 asseverarem
1499 4678 1548 4731 id
1591 4676 1734 4745 quod
1766 4690 1869 4728 non
1897 4673 2029 4728 dicit

452 4777 719 4834 Ecclesia.
757 4775 896 4841 Quid
932 4787 1061 4842 ergo
1089 4774 1219 4826 dicit
1254 4773 1415 4827 Pater
1474 4771 1525 4823 in
1580 4767 1805 4823 Joannis
1846 4767 2025 4835 bapti-

452 4870 666 4927 smum?
698 4867 800 4921 llic
831 4877 902 4920 est
942 4865 1112 4918 Filius
1136 4880 1280 4917 meus
1343 4861 1603 4923 dilectus,
1652 4861 1706 4912 in
1749 4876 1849 4930 quo
1907 4858 2030 4912 bene

451 4963 751 5035 complacui
779 4961 864 5013 ‘5?
892 4958 1104 5015 Sufﬁcit
1129 4973 1157 5010 a
1195 4955 1304 5010 Deo
1357 4964 1412 5009 et
1467 4951 1633 5007 semel
1676 4952 1896 5013 audire,
1937 4949 2029 5002 sed

453 5074 562 5113 non
598 5056 732 5110 dicit
768 5052 957 5109 semel.
990 5050 1267 5118 Siquidem
1296 5056 1350 5100 et
1389 5046 1443 5100 in
1478 5052 1660 5099 monte
1682 5058 1804 5095 cum
1834 5040 2027 5095 fuisset

452 5149 714 5204 Dominus
742 5143 1160 5214 transﬁguratus
1217 5148 1481 5209 prmsente
1534 5135 1718 5206 Moyse
1768 5142 1823 5187 et
1875 5132 2031 5196 Elia,

450 5243 644 5297 cadent
679 5238 875 5308 repetit
905 5246 959 5293 et
998 5236 1167 5290 dicit:
1195 5234 1297 5287 Hic
1337 5242 1409 5285 est
1473 5228 1650 5282 Filius
1702 5242 1845 5279 meus
1894 5224 2031 5277 dile-

452 5336 721 5388 ctissimus
748 5333 803 5385 in
830 5347 931 5399 quo
976 5329 1103 5381 bene
1149 5323 1472 5393 complacui;
1516 5322 1687 5388 ipsum
1734 5317 1914 5370 audite
1959 5314 2028 5368 ⁸⁸.

452 5430 588 5483 Nam
621 5438 675 5481 et
705 5423 941 5478 Joannes
973 5421 1168 5475 similia
1216 5417 1414 5471 fatetur
1440 5424 1492 5468 et
1520 5413 1652 5467 dicit
1687 5429 1699 5465 :
1728 5409 1831 5475 Qui
1884 5408 2031 5461 misit

452 5538 534 5576 me
561 5520 829 5588 baptizare
854 5517 907 5569 in
941 5532 1078 5585 aqua
1101 5552 1116 5577 ,
1140 5514 1247 5581 ipse
1276 5508 1401 5564 mihi
1428 5508 1587 5570 dixit,
1620 5502 1685 5557 In
1709 5517 1857 5573 quem
1888 5501 2029 5553 vide-

559 5632 601 5662 “
640 5631 796 5685 Jnan.
829 5626 1043 5691 “1,55.
1119 5625 1163 5655 ⁸³
1196 5623 1384 5677 Matth.
1430 5635 1636 5691 xxviii,
1672 5617 1760 5691 g0.
1838 5614 1883 5646 ⁸³
1932 5612 2250 5691 ξῐξιιιιιεμιιι,
2313 5615 2400 5669 Π.

2135 4673 2491 4726 diﬁ'erentiam
2531 4679 2761 4723 natum.
2816 4666 2931 4723 Hoc
2981 4667 3162 4721 lumen
3211 4665 3476 4734 perillum
3527 4663 3711 4718 lumen

2131 4773 2234 4817 est.
2254 4762 2369 4816 Non
2389 4776 2517 4830 ergo
2547 4773 2923 4829 comparemus
2953 4756 3209 4812 insimilia
3235 4764 3326 4813 aut
3351 4756 3547 4811 similia
3570 4754 3707 4823 (78).

2134 4854 2317 4923 Neque
2344 4853 2520 4907 fontes
2544 4860 2597 4905 et
2629 4861 2836 4906 meatus
2864 4849 3090 4905 fontium
3113 4890 3128 4916 ,
3159 4858 3215 4903 et
3252 4849 3398 4903 rivos
3414 4856 3470 4903 et
3495 4845 3707 4912 ﬂuvios,

2133 4945 2257 5015 quia
2289 4962 2392 5000 non
2417 4943 2603 5002 deﬂuit
2624 4943 2814 5006 Pater,
2846 4944 2941 4998 sed
2973 4952 3156 4998 manet
3194 4951 3252 4996 ut
3282 4949 3423 4996 erat.
3456 4937 3574 5009 ipse
3621 4945 3711 4993 est

2135 5039 2279 5093 enim
2314 5039 2403 5107 qui
2435 5049 2536 5092 est.
2565 5036 2748 5106 Neque
2775 5035 3052 5104 passiones
3086 5044 3298 5105 oportet
3345 5030 3563 5100 adiungi
3603 5030 3709 5085 im-

2136 5128 2374 5198 passibih
2401 5127 2550 5181 Patri
2578 5146 2591 5181 :
2622 5127 2747 5195 quia
2772 5141 2879 5183 non
2908 5124 3197 5189 dividitur,
3232 5136 3339 5176 non
3392 5118 3659 5175 scinditur
3688 5154 3706 5181 ,

2135 5236 2242 5275 non
2278 5229 2560 5289 separatur
2580 5258 2596 5284 ,
2626 5218 2721 5273 sed
2751 5227 2937 5274 manet
2960 5225 3015 5272 et
3057 5223 3301 5286 generat.
3341 5210 3575 5266 General
3607 5222 3705 5262 au-

2137 5326 2242 5369 tem
2276 5322 2333 5367 ut
2362 5313 2535 5381 ipsum
2572 5312 2727 5366 decet
2762 5324 2956 5373 nosse,
2990 5317 3046 5363 et
3075 5322 3175 5361 nos
3201 5304 3447 5360 adorare.
3479 5299 3597 5353 Noli
3625 5298 3709 5353 di-

2135 5419 2260 5459 cere
2289 5403 2786 5473 quemadmodum,
2819 5413 2992 5469 neque
3043 5412 3254 5467 qumras
3299 5393 3705 5465 generationem

2134 5497 2281 5552 illam
2317 5512 2480 5567 quam
2512 5495 2690 5550 nullus
2711 5499 2961 5559 enarrat,
3000 5490 3179 5545 nullus
3209 5488 3345 5553 scit,
3385 5483 3561 5540 nuilus
3598 5497 3703 5537 no-

2494 5613 2539 5645 “
2591 5611 2748 5669 Joan.
2802 5624 2931 5675 xvr,
2988 5605 3044 5661 7.
3132 5604 3179 5636 "
3224 5602 3416 5658 Matth.
3474 5614 3574 5670 tu,
3611 5594 3703 5652 Π.

453 5702 499 5735 ⁸⁵
532 5683 983 5771 Μειιιιμινιι,’5.
1060 5696 1103 5726 ⁸⁷
1145 5692 1301 5749 Joan.
1328 5708 1382 5758 ι,
1418 5692 1509 5745 55.
1584 5689 1629 5719 ⁸⁸
1670 5688 1799 5740 Luc.
1833 5684 2024 5752 tv,54.

2128 5683 2146 5715 ⁸
2184 5683 2342 5759 Ιοεψ.
2373 5701 2426 5750 t,
2463 5684 2518 5739 5.

526 5799 638 5863 (7h)
682 5796 781 5850 Hs.
815 5794 963 5847 Facit
997 5794 1131 5863 bene,
1146 5791 1252 5863 ipse
1275 5805 1490 5845 manens
1520 5789 1575 5842 in
1614 5803 1713 5856 qua
1739 5794 1873 5841 erat.

530 5861 640 5939 (77)
666 5868 809 5922 lnlra
838 5865 930 5921 lib.
960 5880 1023 5930 tt,
1056 5862 1155 5919 sub
1180 5861 1298 5915 iuit.

2201 5754 2315 5854 (T8)
2338 5780 2626 5838 Insimilia.
2652 5776 2906 5850 Ἀνόμοια
2930 5773 3068 5832 infra
3091 5772 3275 5865 liba",
3306 5775 3427 5839 post
3450 5763 3593 5822 med.
