4134 6458
427 457 568 514 1055

1099 433 1378 508 'Eussun'
1419 419 1897 504 amsanmssxs
1935 437 2014 492 os

2129 429 2311 486 PARS
2353 427 2440 483 IV.
2479 453 2554 466 --
2591 415 3036 487 DOGMATlCA.I

3546 406 3691 465 1056

422 580 524 632 Vno
554 578 698 632 Ceae
723 619 738 642 .
768 586 821 633 ει
852 575 1112 632 conﬁtere
1171 573 1544 627 inﬁrmilalem
1595 577 1764 622 ῑυίηιδ·
1795 565 2000 620 Ουυιη·
2030 565 2074 620 Α
2105 584 2188 631 est
2225 571 2394 628 bene!
2430 568 2545 623 Non
2590 567 2734 620 enim
2791 563 2906 617 lucc
2959 569 3042 614 est
3088 570 3336 613 mensura
3369 555 3638 610 distantia:
3668 569 3688 609 :

424 669 544 724 bret
569 679 619 723 te
641 668 908 724 Christus.
935 667 992 721 Si
1019 668 1163 722 enim
1191 677 1244 720 tu
1295 663 1570 734 quomodo
1600 670 1757 713 natus
1790 673 1850 711 es
1905 670 2000 710 ne-

424 761 568 825 scis,
595 761 1051 833 quemadmodum
1077 804 1092 828 ,
1124 760 1220 832 qui
1267 761 1335 814 de
1359 768 1410 814 te
1456 757 1676 826 ignoras
1697 795 1712 818 ,
1742 753 1807 806 de
1839 750 2003 805 Patre

426 865 481 908 et
512 851 650 909 Filio
671 863 761 908 aut
789 854 1020 922 qumris,
1058 862 1148 906 aut
1174 865 1336 906 nosse
1372 859 1423 904 te
1459 847 1659 916 putas?
1692 845 1830 911 Quid
1874 858 2004 914 ergo

427 960 534 999 non
557 944 816 998 debemus
845 945 1091 999 conliteri
1138 944 1302 997 Deum
1335 949 1390 996 et
1443 938 1682 994 Filium?
1732 936 2004 992 Conﬁtere

425 1051 488 1092 ea
525 1051 645 1106 qua:
669 1036 735 1090 de
759 1035 924 1090 Patre
954 1045 1008 1091 et
1039 1035 1176 1090 Filio
1204 1035 1407 1103 scripta
1447 1041 1617 1088 sunt:
1655 1040 1709 1085 et
1753 1029 1859 1083 noli
1908 1043 2006 1082 cu-

425 1130 603 1184 riosus
631 1143 692 1183 ea
723 1144 842 1198 qua:
870 1143 972 1182 non
1009 1137 1136 1181 sunt
1183 1127 1381 1195 scripta
1413 1125 1712 1194 requirere.
1752 1121 1960 1175 Dicitur
1986 1158 2004 1182 ,

427 1222 495 1277 In
516 1221 773 1291 principio
797 1231 946 1286 erat,
976 1229 1031 1275 et
1066 1220 1189 1290 quis
1218 1217 1438 1274 audebit
1469 1213 1898 1285 reprehendere?
1945 1211 2004 1266 Si

427 1323 609 1368 autem
636 1323 692 1368 et
716 1313 1124 1383 reprehenderit
1156 1321 1206 1367 te
1230 1353 1247 1379 ,
1286 1319 1457 1366 semet
1512 1311 1688 1378 ipsum
1722 1307 1888 1362 laedit.
1937 1303 2007 1358 In

426 1403 688 1472 principio
710 1411 823 1457 erat
864 1401 1090 1456 Verbum
1108 1443 1124 1470 ρ
1151 1411 1199 1456 et
1246 1399 1471 1454 Verbum
1497 1411 1610 1453 erat
1636 1398 1776 1467 apud
1814 1395 2005 1460 Deum,

425 1505 475 1549 et
509 1494 646 1548 Deus
689 1505 802 1550 erat
871 1492 1117 1548 Verbum.
1163 1492 1269 1546 Hic
1303 1502 1417 1548 erat
1458 1493 1514 1545 in
1563 1491 1822 1560 principio
1863 1488 2004 1557 apud

425 1586 616 1641 Deum.
643 1585 708 1640 Et
732 1586 925 1656 saepius
954 1587 1054 1640 ista
1091 1585 1363 1646 dicantur,
1391 1593 1445 1638 et
1475 1582 2007 1650 nihilconqumratur

357 1735 361 1739 ,
426 1675 575 1729 novi.
604 1673 820 1731 Utinam
851 1682 1030 1728 autem
1065 1673 1240 1728 solum
1268 1672 1601 1740 legeremus!
1637 1671 1843 1725 utinam
1873 1667 2036 1722 solis-

427 1766 726 1837 Scripturis
757 1766 996 1820 contenti
1026 1765 1305 1819 essemus!
1334 1772 1393 1819 et
1421 1764 1489 1818 lis
1533 1761 1679 1816 nulla
1713 1760 1897 1816 ﬁebat.
1947 1755 2006 1812 Si

429 1857 575 1909 eiiim
603 1857 727 1926 quis
774 1855 983 1924 litigat,
1010 1855 1096 1911 vel
1142 1854 1507 1919 contradicit,
1547 1853 1792 1922 jurgatns
1841 1849 2007 1904 fuerit

429 1946 517 2002 his
543 1909 662 2014 qua:
683 1909 888 2015 script;
913 1909 1040 2002 sunt
1066 1966 1080 2002 :
1111 1963 1218 2003 non
1247 1947 1316 2001 ad
1363 1909 1840 2013 hominemUIitigat
1863 1983 1878 2008 ,
1909 1943 2006 1996 sed
2035 1909 2079 1964 Β

430 2037 500 2091 ad
554 2037 860 2108 Deuquui
914 2039 1158 2109 scripsit.
1201 2037 1349 2094 Unde
1376 2047 1556 2091 autem
1613 2035 1842 2089 edicitur
1894 2033 2010 2088 lis?

429 2145 555 2185 cum
582 2145 646 2184 ea
678 2145 797 2199 qua:
823 2145 889 2185 ex
918 2132 1084 2187 corde
1121 2141 1246 2186 sunt
1284 2129 1628 2195 proferimus.
1674 2129 1808 2182 Puto
1860 2127 2005 2180 enim

427 2223 551 2292 quia
587 2222 764 2277 nullus
787 2232 868 2279 est
894 2223 1278 2292 aususjurgari
1309 2226 1374 2278 ad
1406 2222 1600 2278 Deum.
1623 2221 1697 2274 Ea
1719 2235 1840 2290 qua:
1866 2220 2007 2273 scri-

431 2324 521 2384 pta
543 2325 674 2368 ’sunt
707 2312 852 2383 lege,
876 2322 932 2368 et
958 2313 1136 2368 nullus
1159 2313 1488 2384 jurgabitur.
1518 2311 1681 2366 Pater
1733 2310 1916 2364 statim
1949 2319 2010 2363 ut

425 2400 606 2456 dictus
637 2401 738 2454 fuit
771 2401 964 2478 Pater,
994 2402 1222 2472 requirit
1269 2403 1371 2457 ista
1406 2417 1506 2457 vox
1533 2401 1750 2455 Filium.
1802 2399 2010 2453 Dicitur

427 2489 636 2556 Filius,
692 2500 747 2546 et
803 2492 855 2546 in
909 2508 975 2548 eo
1027 2495 1146 2564 ipso
1198 2495 1323 2550 dum
1375 2494 1618 2556 dicitur,
1655 2491 1813 2546 Pater
1871 2506 2008 2546 con-

427 2581 628 2636 ﬁtetur.
684 2583 800 2638 Non
845 2585 992 2639 enim
1027 2601 1192 2641 vacua
1223 2601 1324 2641 vox
1355 2595 1437 2640 est
1476 2585 1676 2649 Pater,
1712 2584 1805 2638 sed
1847 2582 2008 2637 exhi-

426 2673 560 2728 bens
605 2685 851 2731 naturam
902 2676 1048 2733 Filii.
1089 2677 1205 2732 Non
1246 2693 1418 2733 vacua
1457 2687 1540 2731 est
1576 2692 1678 2730 vox
1719 2692 1839 2746 quae
1880 2675 2011 2730 dicit

427 2765 658 2831 Filium,
720 2768 817 2823 sed
882 2772 1194 2837 praecedens
1244 2771 1535 2823 comitetur
1588 2767 1845 2832 Patrem,
1902 2781 2006 2820 non

437 2857 774 2926 temporibus
797 2897 814 2924 ,
850 2873 956 2912 non
1001 2858 1228 2929 spatiis,
1274 2862 1368 2914 sed
1412 2857 1674 2926 dignitate
1697 2867 1751 2910 et
1782 2857 2008 2909 honore.

429 2946 594 3002 Pater
648 2949 823 3019 diligit
863 2949 1089 3017 Filium,
1135 2951 1309 3020 diligit
1348 2959 1403 3005 et
1449 2949 1705 3018 diligitur.
1755 2948 1907 3004 Unde
1946 2947 2012 3004 lis

428 3040 535 3094 ista
599 3049 716 3108 est,
762 3056 869 3096 non
919 3043 1152 3099 invenio.
1211 3041 1324 3097 lllic
1375 3055 1516 3110 pax,
1571 3051 1628 3097 et
1682 3042 1840 3097 isthic
1893 3039 2011 3109 jur-

431 3131 543 3200 gia.
591 3131 709 3188 lllic
767 3131 1014 3200 dilectio,
1072 3143 1128 3188 et
1168 3134 1257 3190 hic
1303 3135 1597 3190 contentio.
1635 3133 1690 3188 Si
1742 3133 2013 3202 diligimus

2103 667 2231 736 quia
2256 676 2431 732 neque
2469 669 2849 726 comparamur
2872 693 2888 716 ,
2934 663 3108 719 neque
3156 660 3476 718 aequamur:
3509 661 3693 714 neque

2108 760 2162 814 in
2195 774 2302 827 quo
2327 756 2508 810 minus
2543 764 2752 806 sumus.
2788 744 2904 800 Non
2943 759 3041 799 nos
3066 742 3273 809 solum,
3309 742 3402 796 sed
3439 754 3540 795 nec
3585 754 3693 792 au-

2104 853 2248 923 geli,
2279 858 2373 902 aut
2399 842 2746 912 archangeli,
2797 847 2892 893 aut
2926 837 3188 898 virtutes,
3231 843 3323 888 aut
3354 830 3688 886 dominatio-

2105 919 2222 1009 nes,
2240 955 2412 1010 neque
2435 937 2576 992 aliud
2603 933 2827 1003 aliquid,
2857 931 2950 985 sed
2973 929 3156 983 omnia
3173 927 3550 992 relinquuntur
3571 919 3690 993 (80)

2107 1039 2176 1091 ab
2209 1034 2519 1103 unigenito:
2543 1031 2657 1099 ipse
2675 1035 2850 1081 autem
2877 1023 2973 1077 soli
2994 1023 3083 1076 uni
3111 1029 3233 1074 nato
3255 1034 3359 1073 non
3383 1017 3522 1072 cedit
3547 1015 3684 1089 (81).

2104 1128 2219 1183 Non
2251 1140 2441 1182 sumus
2467 1121 2668 1184 Judaei,
2698 1118 3023 1173 confitemur
3046 1113 3188 1168 enim
3210 1111 3424 1166 Filium.
3446 1108 3562 1162 Non
3595 1123 3692 1162 sn-

2106 1237 2226 1276 mus
2253 1217 2481 1290 gentiles
2501 1257 2517 1280 ,
2555 1215 2682 1284 quia
2717 1227 2821 1265 non
2862 1209 3092 1264 dicimus
3116 1204 3311 1258 multos
3337 1203 3550 1256 Patres.
3570 1197 3651 1252 No
3677 1218 3687 1249 I

2106 1327 2293 1369 sumus
2329 1309 2606 1371 haeretici,
2638 1305 2840 1360 scimus
2877 1302 3020 1358 enim
3064 1299 3348 1370 Spiritum.
3401 1297 3509 1352 Sed
3557 1293 3692 1365 quid

2107 1404 2335 1461 sumus?
2385 1403 2597 1473 Sponsa
2632 1396 2866 1454 viventis
2897 1395 3080 1464 sponsi
3132 1407 3228 1462 per
3277 1390 3550 1446 Christum
3590 1403 3693 1442 nos

2107 1511 2311 1552 sumus.
2347 1493 2403 1548 Si
2435 1508 2563 1564 ergo
2589 1507 2688 1546 nos
2715 1490 2805 1560 qui
2839 1504 2936 1558 per
2969 1487 3243 1543 Christum
3272 1498 3460 1538 sumus
3483 1523 3496 1545 .
3529 1491 3693 1551 putas

2106 1589 2228 1658 quia
2257 1589 2369 1655 ipse
2411 1603 2514 1640 non
2547 1584 2668 1640 est?
2693 1600 2756 1638 ea
2781 1597 2900 1651 qua».
2930 1596 3024 1651 per
3067 1579 3241 1648 ipsum
3278 1584 3407 1632 sunt
3431 1584 3690 1640 manent,

2108 1691 2162 1735 et
2193 1683 2302 1750 ipse
2328 1679 2488 1733 linem
2521 1677 2684 1731 habet
2714 1684 2774 1729 ut
2802 1673 3018 1745 quidam
3045 1667 3368 1726 insaniunt?
3403 1665 3516 1721 Non
3543 1667 3692 1720 enim

2112 1772 2346 1843 acquirit
2377 1769 2524 1824 aliud
2552 1767 2697 1838 quod
2730 1781 2834 1821 non
2858 1772 2979 1820 est:
3012 1779 3117 1819 non
3170 1760 3435 1826 assumit,
3488 1759 3582 1814 sed
3639 1765 3698 1812 et

2107 1867 2248 1936 quod
2279 1874 2361 1920 est
2389 1861 2673 1918 abscondit
2729 1877 2743 1913 :
2806 1858 2908 1912 hoc
2933 1856 3077 1912 enim
3116 1851 3405 1924 signiﬁcat,
3433 1849 3515 1903 Da
3541 1848 3694 1910 milii,

2108 1959 2266 2014 Pater
2294 1973 2314 2014 :
2343 1959 2435 2012 sed
2466 1970 2570 2010 non
2589 1951 2790 2022 aliquid
2824 1965 3020 2004 novum
3046 1947 3175 2016 petit
3201 1944 3324 2000 :sed
3353 1942 3493 2013 quod
3509 1939 3695 2006 habui,

2107 2051 2308 2121 inquit,
2360 2047 2501 2118 apud
2546 2055 2634 2111 te,
2683 2045 2753 2098 da
2794 2042 2922 2095 mihi
2974 2040 3040 2093 ⁷³.
3091 2037 3208 2092 Non
3243 2036 3388 2099 enim
3438 2033 3701 2099 habes,o

2112 2144 2358 2206 Domine,
2394 2139 2539 2210 quod
2567 2124 2844 2193 habebas?
2869 2133 2972 2188 Sed
3001 2131 3124 2202 quia
3149 2171 3166 2197 ,
3191 2130 3400 2199 inquit,
3431 2129 3699 2182 absconsa

2107 2245 2193 2292 est
2223 2250 2338 2290 mea
2366 2231 2577 2302 species
2605 2247 2618 2283 :
2648 2228 2775 2298 quia
2809 2241 2914 2280 non
2947 2231 3166 2294 apparet
3207 2235 3322 2274 mea
3354 2216 3544 2289 gloria.
3570 2214 3702 2269 Glo-

2109 2327 2294 2394 riﬁca,
2327 2322 2544 2394 inquit,
2574 2331 2725 2375 tuum
2775 2315 2978 2370 Filium
3024 2315 3092 2369 ⁷⁵.
3153 2313 3220 2366 Ει
3264 2311 3390 2380 quid
3421 2308 3704 2378 respondit

2108 2417 2306 2472 Pater?
2336 2412 2659 2481 Gloriﬁcavi.
2689 2409 2744 2466 Si
2770 2408 2938 2480 igitur
2966 2403 3318 2477 gloriﬁcavit,
3345 2401 3473 2471 quid
3500 2401 3705 2464 quaerit

2110 2506 2443 2582 glorilicari?
2469 2505 2574 2560 Sed
2608 2503 2741 2558 dicit
2765 2501 2926 2556 Pater
2950 2539 2966 2563 ,
3009 2495 3076 2550 Et
3125 2499 3314 2550 iterum
3368 2489 3699 2562 gloriﬁcabo.

2112 2604 2168 2660 Si
2196 2601 2306 2670 jam
2331 2597 2670 2670 gloriﬁcasti,
2691 2593 2964 2665 quomodo
2996 2591 3189 2644 iterum
3215 2584 3529 2659 gloriﬁcas?
3556 2582 3702 2636 Num

2111 2693 2314 2758 addes,
2347 2691 2604 2762 quoniam
2631 2690 2699 2744 ab
2733 2687 2890 2741 initio
2931 2684 3206 2756 genuisti?
3234 2680 3348 2735 Non
3383 2677 3526 2732 addo
3561 2694 3576 2731 :
3606 2676 3705 2730 sed

2111 2797 2166 2844 et
2207 2802 2304 2858 per
2331 2799 2536 2856 corpus
2581 2781 2812 2839 ostendo
2862 2780 2966 2833 mei
3017 2776 3143 2832 Filii
3199 2774 3450 2845 gloriam.
3491 2768 3699 2831 Genui,

2112 2879 2457 2955 gloriﬁcavi,
2485 2887 2540 2934 et
2597 2877 2793 2932 iterum
2836 2873 3178 2944 glorilicabo.
3227 2868 3450 2930 Palam,
3493 2863 3698 2931 inquit,

2113 2952 2257 3028 iacio
2285 2972 2429 3040 quod
2477 2978 2597 3025 erat
2653 2968 3001 3022 absconsum.
3037 2962 3168 3015 Nam
3202 2969 3266 3014 et‘
3292 2955 3581 3028 Apostolus
3615 2952 3700 3004 di-

2114 3066 2190 3121 cit
2219 3082 2232 3119 :
2266 3062 2336 3117 Et
2356 3059 2764 3131 superexaltavit
2794 3072 2912 3111 eum
2933 3098 2948 3122 ,
2983 3064 3032 3107 et
3079 3053 3221 3106 dedit
3256 3052 3304 3105 ei
3333 3065 3523 3103 nomen
3561 3048 3698 3117 quod

2115 3166 2189 3211 est
2229 3171 2385 3225 super
2413 3169 2560 3208 omne
2589 3167 2777 3206 nomen
2825 3149 2895 3202 ⁷⁸.
2955 3145 3070 3200 Non
3133 3143 3419 3209 mercede,
3475 3152 3535 3194 ut
3578 3151 3693 3210 pote

433 3221 689 3291 Patrem,
721 3224 994 3280 imitemur
1023 3239 1209 3296 pacem
1241 3240 1362 3294 quae
1380 3225 1492 3280 illic
1519 3233 1598 3280 est
1626 3225 1762 3295 (79).
1801 3226 1858 3279 Si
1894 3225 2014 3280 dili-

2115 3221 2456 3303 obedientiae.
2487 3245 2759 3314 Scriptum
2795 3241 2938 3297 enim
2981 3248 3064 3294 est
3103 3235 3554 3307 quemadmodum
3575 3233 3697 3286 olm--

435 3316 615 3386 gimus
649 3315 886 3382 Filium,
940 3331 1045 3371 non
1087 3325 1170 3372 est
1227 3316 1583 3372 dissensionis
1614 3316 1775 3371 Deus.
1832 3317 2011 3384 Nosti,

443 3409 576 3461 doce
610 3425 622 3460 :
654 3406 909 3478 ignoras,
959 3405 1207 3469 edocere.
1249 3405 1342 3461 Lis
1387 3410 1531 3461 enim
1585 3420 1762 3475 neque
1819 3409 2015 3475 docet,

443 3514 620 3568 neque
659 3499 909 3554 docetur.
960 3497 1116 3566 Quod
1167 3498 1612 3570 comprehendis,
1657 3498 1761 3552 hoc
1813 3513 2015 3567 quaere.

432 3590 719 3658 Invenisti,
752 3589 960 3661 gratias
990 3605 1110 3661 age.
1138 3589 1291 3646 Nosti
1315 3631 1331 3657 ,
1365 3591 1538 3645 trade.
1564 3590 1678 3662 Ego
1698 3601 1875 3645 autem
1903 3591 2018 3646 scio

431 3681 562 3752 quia
605 3682 804 3739 nescis.
839 3679 989 3736 Unde
1019 3681 1138 3737 scio
1179 3683 1303 3752 quia
1332 3697 1430 3752 ego
1476 3684 1678 3738 nescio.
1716 3681 1868 3738 Unde
1918 3685 2020 3739 hoc

433 3774 564 3843 quia
591 3773 800 3843 ignoro.
839 3771 1011 3827 Verax
1037 3772 1184 3828 enim
1220 3781 1305 3829 est
1340 3774 1434 3843 qui
1469 3773 1606 3828 dixit
1637 3791 1652 3828 :
1691 3770 1861 3828 Nemo
1918 3790 2012 3828 no-

432 3869 504 3920 vit
532 3866 600 3922 '°.
631 3867 937 3921 Secundum
970 3867 1128 3923 istam
1164 3867 1328 3937 igitur
1375 3882 1596 3930 vocem,
1654 3867 1833 3922 onitiis
1892 3867 2016 3937 qui-

433 3974 647 4030 cunque
667 3975 728 4016 se
755 3960 886 4016 dicit
915 3961 1058 4016 scire
1082 3962 1363 4015 mentitur.
1392 3959 1500 4016 Sed
1535 3960 1675 4016 forte
1715 3962 1886 4026 dicis,
1924 3961 2021 4016 Dei

436 4066 656 4119 sumus,
686 4060 740 4107 et
790 4068 897 4108 non
948 4054 1151 4108 scimus
1199 4063 1462 4123 quantum
1512 4062 1568 4108 et
1619 4056 2017 4126 pertingimus:

440 4145 544 4198 hoc
572 4145 750 4200 solum
782 4147 908 4216 quia
939 4155 1024 4202 est
1053 4164 1070 4202 :
1108 4161 1214 4200 non
1247 4155 1426 4200 tamen
1458 4146 1635 4215 qualis
1679 4156 1731 4200 et
1758 4156 2019 4216 quantum

435 4245 542 4291 est.
569 4236 705 4305 Quia
733 4237 900 4308 igitur
928 4248 1013 4294 est
1033 4279 1048 4306 ,
1071 4238 1306 4304 scimus;
1341 4251 1445 4290 non
1474 4247 1649 4291 tamen
1680 4239 1874 4306 qualis.
1903 4237 2021 4293 Non

434 4331 581 4382 enim
611 4339 853 4384 nostrum
890 4337 974 4384 est
1006 4343 1322 4384 mensurare
1346 4329 1838 4382 immensurabilem
1868 4344 1882 4382 :
1915 4345 2019 4383 non

439 4428 680 4474 nostrum
729 4420 1187 4490 comprehendere
1221 4419 1843 4490 iucomprehensibilem.
1881 4419 2018 4474 Cum

435 4511 582 4567 enim
616 4513 880 4567 memoria
911 4512 978 4568 de
1031 4512 1141 4567 Deo
1189 4520 1307 4579 est,
1345 4527 1497 4567 mens
1561 4510 1813 4582 religiosa
1850 4511 2022 4566 intre-

2119 3339 2258 3394 divit
2287 3355 2459 3408 usque
2484 3338 2550 3392 ad
2581 3345 2812 3390 mortem
2839 3373 2854 3399 ,
2897 3339 3126 3387 mortem
3180 3337 3359 3383 autem
3390 3326 3588 3381 crucis.
3637 3322 3704 3376 Et

2119 3433 2241 3488 ideo
2265 3473 2278 3495 ,
2308 3432 2514 3501 inquit,
2546 3429 2686 3484 Deus
2713 3422 3309 3495 supercxaltaviteum.
3343 3419 3399 3472 Si
3446 3418 3569 3486 quis
3601 3432 3702 3468 au-

2119 3535 2226 3578 tem
2253 3523 2384 3576 dure
2411 3521 2601 3590 legerit
2625 3531 2935 3579 sermones,
2969 3513 3108 3568 forte
3143 3509 3353 3581 putabit
3403 3510 3560 3563 istam
3611 3523 3706 3559 su-

2117 3613 2599 3686 perexaltationem
2635 3608 2940 3664 mercedem
2970 3618 3094 3661 esse
3125 3601 3466 3658 obedientiaa.
3494 3599 3566 3652 lta
3599 3613 3702 3666 pu-

2120 3717 2204 3762 tas
2225 3746 2240 3771 ,
2268 3707 2361 3760 sed
2398 3720 2503 3759 non
2529 3712 2580 3756 te
2607 3702 2884 3772 permittat
2917 3699 2989 3752 ita
3018 3697 3222 3751 sentire
3253 3695 3341 3764 qui
3373 3694 3485 3748 11330
3535 3689 3698 3745 dixit.

2119 3799 2211 3852 Ait
2235 3797 2382 3851 enim
2415 3814 2429 3849 :
2466 3795 2570 3860 Qui
2600 3791 2872 3856 ascendit,
2903 3791 3010 3858 ipse
3033 3798 3106 3842 est
3130 3797 3180 3842 el
3207 3787 3298 3857 qui
3326 3785 3583 3839 descendit
3625 3783 3699 3836 ".

2121 3889 2264 3960 Ergo
2284 3887 2687 3942 exaltaviteum
2717 3884 2808 3954 qui
2846 3882 3147 3939 descendit.
3177 3881 3292 3935 Non
3338 3888 3516 3933 tamen
3548 3896 3576 3929 a
3610 3878 3706 3931 de-

2119 3996 2306 4036 orsum
2334 3994 2554 4035 sursum
2588 3975 2835 4030 adduxit.
2870 3973 2977 4029 Sed
3005 3989 3128 4029 eum
3159 3971 3250 4041 qui
3278 3969 3588 4032 descendit,
3612 3967 3710 4022 ite-

2124 4088 2242 4125 rum
2294 4085 2513 4125 sursum
2573 4066 2892 4135 assumpsit.
2947 4065 3164 4118 Assumi
3219 4062 3374 4126 dico,
3425 4075 3531 4115 non
3578 4059 3706 4126 quia

2122 4160 2356 4215 mundus
2408 4159 2749 4214 lraudabitur
2814 4173 2842 4210 a
2899 4155 3189 4227 praesentia
3245 4153 3529 4222 unigeniti.
3588 4151 3706 4205 Non

2121 4260 2302 4322 potest
2339 4252 2571 4306 mundus
2624 4251 2741 4306 sine
2775 4248 3138 4319 gubernatore
3183 4245 3416 4310 salvari,
3462 4259 3567 4297 non
3613 4258 3711 4309 po-

2125 4345 2230 4392 test
2288 4336 2521 4391 mundus
2574 4345 2723 4390 stare
2769 4336 2814 4390 si
2864 4334 3150 4389 recesserit
3201 4331 3530 4400 unigenitus.
3599 4327 3709 4380 Sed

2121 4425 2261 4483 forte
2293 4427 2427 4481 dicis
2468 4446 2481 4480 :
2525 4425 2644 4480 Non
2689 4423 2893 4480 sufﬁcit
2945 4425 3089 4478 enim
3136 4422 3344 4478 Pater?
3396 4419 3514 4474 Non
3574 4420 3702 4487 quia

2123 4535 2230 4574 non
2261 4517 2560 4574 sumciebat
2588 4517 2773 4583 Pater,
2806 4517 2927 4571 ideo
2957 4515 3144 4586 genuit
3181 4513 3374 4569 Filium
3418 4530 3430 4565 :
3459 4513 3552 4566 sed
3582 4511 3709 4579 quia

437 4600 1494 4670 inescat:intremescatetlingua.Non
1523 4601 1648 4671 quia
1666 4601 1832 4656 durus
1855 4601 2018 4669 Deus,
2052 4614 2096 4670 1)
2126 4625 2231 4664 non
2281 4606 2620 4664 sumciebam
2669 4622 2733 4662 ea
2783 4621 2904 4677 qua;
2954 4607 3096 4660 facta
3143 4615 3270 4660 sum
3315 4601 3544 4658 sufferre
3599 4617 3710 4655 non

436 4697 530 4746 sed
553 4693 975 4762 supereminenti
993 4692 1234 4756 bonitate
1259 4700 1343 4746 est
1382 4691 1673 4746 timendus.
1695 4690 1788 4746 Sol
1814 4693 1915 4747 iste
1932 4694 2024 4747 ob-

435 4793 626 4840 scurat
647 4783 857 4851 oculos,
889 4800 994 4840 non
1020 4787 1146 4856 quia
1179 4785 1469 4849 obscurus,
1504 4783 1601 4838 sed
1632 4784 1758 4852 quia
1791 4784 2021 4838 riiulium

433 4887 520 4933 est
544 4877 748 4934 clarus.
768 4877 832 4932 Et
846 4878 986 4933 Deus
1014 4877 1308 4942 timendus,
1326 4875 1453 4946 quia
1473 4873 1698 4928 multum
1723 4884 1805 4928 est
1823 4874 2018 4928 bonus.

435 4971 628 5042 Cogita
661 4971 803 5042 apud
835 4979 887 5026 te
930 4969 1026 5040 qui
1073 4968 1148 5024 sis
1181 4968 1419 5023 humilis.
1467 4967 1584 5023 Non
1627 4967 1771 5021 enim
1819 4967 2020 5020 audisti

437 5075 564 5116 eum
594 5060 864 5117 dicentem
899 5077 915 5115 :
949 5056 1051 5113 Vos
1077 5072 1141 5112 ea:
1163 5057 1500 5126 inferioribus
1527 5059 1652 5112 estis
1674 5097 1690 5122 ,
1719 5073 1813 5127 ego
1847 5066 2021 5112 autem

440 5155 505 5206 de
533 5153 888 5223 superioribus
933 5166 1050 5206 sum
1103 5147 1196 5202 "‘2
1243 5147 1378 5203 Nam
1433 5159 1690 5219 quantum
1738 5147 1932 5202 etelum
1993 5165 2024 5202 a

445 5256 589 5299 terra
620 5245 820 5311 distat,
852 5254 1059 5300 tantum
1091 5253 1142 5298 et
1177 5261 1206 5298 a
1238 5243 1394 5297 nobis
1422 5242 1581 5297 Deus.
1612 5241 1681 5295 Et
1713 5249 1862 5294 certe
1882 5240 2026 5294 scri-

444 5348 593 5406 ptum
621 5349 738 5393 est:
773 5337 1040 5403 Quantum
1080 5337 1241 5390 distat
1293 5332 1478 5388 castum
1507 5351 1540 5387 a
1585 5343 1761 5399 terra,
1817 5344 2021 5385 tantum

445 5431 543 5487 vita
567 5448 694 5487 mea:
724 5448 757 5485 a
787 5432 879 5486 uiis
910 5431 1090 5484 vestris
1117 5429 1186 5482 ⁷³.
1220 5425 1293 5482 Ut
1319 5425 1388 5482 ad
1431 5441 1533 5481 nos
1580 5439 1681 5479 vox
1709 5424 1824 5477 hanc
1877 5423 2020 5477 dicta

517 5530 565 5562 "°
592 5525 750 5583 Joan.
780 5544 818 5593 ι,
845 5525 932 5581 18.
1006 5525 1051 5558 ⁷⁸
1096 5521 1252 5579 Joan.
1283 5537 1402 5588 vm,
1437 5520 1528 5578 2'5.

446 5598 496 5632 "
525 5599 726 5670 Εμικιε.
767 5614 843 5664 tv,
869 5597 960 5652 10.

521 5740 635 5812 (79)
661 5740 761 5812 Ms.
806 5741 935 5805 Qua:
957 5740 1064 5796 illis
1100 5749 1197 5794 est.

518 5807 638 5879 (80)
662 5807 1062 5877 Relinquantur.
1111 5808 1508 5872 Ἀπολείπεται,
1534 5813 1878 5879 superantur.

523 5875 639 5955 (81)
667 5880 772 5936 Uni
803 5875 924 5934 nato
959 5897 1062 5935 non
1105 5882 1263 5933 cedit.
1308 5879 1621 5948 Lege-udum
1674 5876 1889 5930 videtur
1934 5875 2024 5929 uni

1642 5519 1688 5551 τ’
1724 5517 1832 5573 lsa.
1863 5533 1963 5585 ιν,
1991 5517 2045 5573 9.

2124 4701 2240 4755 nati
2275 4701 2552 4765 virtutem,
2597 4699 2720 4755 ideo
2749 4715 2848 4770 per
2877 4700 3233 4754 mediatorem
3275 4696 3534 4766 loquitur.
3567 4693 3712 4760 Qua-

2125 4806 2188 4846 re
2222 4808 2237 4846 :
2276 4791 2367 4860 qui
2396 4789 2509 4859 (82)
2541 4806 2645 4844 non
2675 4800 2986 4857 poteramus
3019 4789 3383 4860 propinquare
3403 4803 3510 4842 non
3539 4797 3668 4840 noto
3694 4803 3707 4838 :

2127 4899 2222 4953 per
2259 4884 2398 4937 viam
2449 4884 2613 4954 igitur
2647 4883 2920 4944 hortatur,
2959 4892 3016 4936 et
3062 4898 3158 4954 per
3186 4882 3407 4950 jannaui
3443 4889 3622 4946 vocat,
3655 4889 3712 4933 et

2125 4987 2223 5042 per
2254 4971 2436 5027 lumen
2483 4972 2724 5027 adducit.
2779 4972 3044 5027 Mediator
3083 4985 3265 5026 autem
3298 4969 3490 5035 Filius,
3522 4980 3577 5025 et
3611 4985 3711 5040 po-

2131 5061 2279 5115 nitur
2303 5061 2390 5115 lex
2414 5079 2428 5116 :
2469 5063 2739 5117 mediator
2767 5060 2961 5126 Filius,
2989 5072 3046 5116 et
3069 5061 3368 5130 loquuntur
3393 5061 3708 5131 prophetae:

2132 5152 2403 5208 mediator
2448 5153 2638 5220 Filius,
2694 5165 2748 5209 et
2783 5155 3106 5225 praedicatur
3151 5151 3556 5208 Testamentum
3596 5150 3710 5206 No.

2134 5261 2257 5299 vum
2287 5258 2346 5301 et
2391 5246 2648 5318 impletur
2695 5245 2861 5302 Vetus
2901 5266 2913 5301 :
2965 5247 3231 5301 mediator
3263 5245 3454 5308 Filius,
3483 5245 3713 5300 et-ﬁnnt

2131 5337 2346 5406 angeli:
2381 5340 2648 5392 mediator
2697 5337 2888 5403 Itilius,
2942 5344 2999 5390 et
3055 5345 3314 5390 creantur
3343 5334 3656 5404 archangeli
3693 5353 3708 5386 :

2130 5431 2398 5486 mediator
2428 5430 2624 5497 Filius,
2670 5440 2726 5485 et
2771 5441 2992 5485 creator
3040 5429 3218 5482 onmis
3254 5440 3484 5491 naturae,
3521 5438 3575 5482 et
3606 5443 3712 5495 gu—

2121 5523 2168 5554 ⁷³
2200 5525 2357 5581 Joan.
2389 5543 2500 5581 xvu
2524 5567 2540 5595 ,
2585 5527 2640 5581 5.
2717 5525 2763 5556 ⁷⁸
2795 5524 2949 5580 Joan.
2985 5538 3058 5578 sit
3079 5563 3094 5589 ,
3116 5523 3205 5577 ‘28.
3237 5523 3282 5554 "
3313 5522 3506 5592 Philip.
3539 5537 3578 5577 ιι
3602 5562 3618 5587 ,
3652 5521 3709 5576 9.

2132 5752 2233 5790 non
2257 5746 2382 5790 nato
2411 5738 2566 5789 cedit.
3181 5741 3185 5746 '
3228 5752 3236 5756 ·

2199 5808 2309 5879 (82)
2339 5807 2514 5872 Quare
2544 5820 2560 5860 .'
2593 5804 2706 5874 qui,
2750 5803 2790 5871 f.
2818 5804 3022 5872 quare?
3048 5800 3194 5872 quia,
3235 5811 3342 5856 etc.
