4134 6472
431 404 571 460 1057

1276 399 1363 453 DE
1402 398 1555 454 FIDE
1594 398 1966 456 ADVERSUS
2008 399 2418 459 SABELLlUM.
2454 432 2523 443 -——-
2561 402 2690 459 LIB.
2728 402 2798 459 l.‘

3540 404 3684 464 1058

418 526 704 587 bernator,
733 532 789 578 et
820 521 1078 577 salvator.
1108 518 1225 575 Non
1258 522 1403 575 enim
1440 521 1648 574 creavit
1669 530 1723 573 et
1755 521 1996 575 dimisit:
2032 527 2073 580 Α
2105 521 2360 589 quinetnr
2394 522 2530 591 (85).
2564 522 2676 575 Viri
2710 532 2770 575 ut
2808 536 2929 577 sese
2954 521 3066 592 jam
3096 538 3201 577 non
3245 522 3485 577 incidant
3516 540 3531 575 :
3561 538 3685 575 mu-

418 618 543 685 quia
583 634 685 671 non
727 617 846 672 sine
888 615 1226 685 providentia
1260 622 1388 668 sunt
1429 628 1547 681 qua:
1576 623 1723 666 sunt.
1766 611 1881 666 Non
1911 623 1996 665 est

417 708 675 775 fatigatus
700 705 925 759 faciens.
947 703 1141 773 Neque
1170 712 1229 757 ut
1254 702 1516 766 volatilia,
1550 712 1607 754 ιιι
1632 703 1803 770 pisces
1830 714 1995 771 gene-

422 806 550 850 rant
589 796 832 866 quidem,
859 794 1174 863 relinquunt
1203 804 1406 847 autem.
1456 793 1522 846 Et
1550 804 1700 847 certe
1751 808 1850 847 nec
1893 792 1992 844 ista

419 896 682 957 generant
730 895 784 941 et
819 885 1100 940 dimittunt
1137 903 1151 940 :
1196 884 1291 940 sed
1334 884 1536 940 habent
1566 884 1906 954 diligentiam
1940 890 1998 935 et

417 988 668 1049 pascunt.
709 979 765 1032 Si
803 978 968 1048 igitur
1004 978 1105 1032 ista
1146 978 1241 1040 ita,
1276 977 1447 1031 multo
1488 976 1659 1045 magis
1694 990 1793 1044 per
1831 990 1992 1044 quem

419 1079 601 1123 creata
633 1078 757 1122 sunt
787 1068 990 1131 omnia,
1011 1083 1109 1137 per
1143 1068 1305 1121 istum
1330 1067 1509 1119 omnia
1541 1076 1595 1121 et
1624 1067 1997 1134 gubernantur

418 1170 472 1213 et
519 1168 816 1228 pascuntur
861 1177 876 1212 :
924 1174 1029 1213 non
1062 1167 1292 1212 vacante
1336 1157 1520 1221 Patre,
1549 1159 1642 1211 sed
1675 1164 1991 1210 annuente:

418 1262 699 1306 annuente
744 1262 950 1316 autem,
986 1266 1091 1304 non
1136 1250 1330 1313 oculis,
1381 1251 1474 1303 sed
1511 1261 1567 1302 ιιι
1606 1251 1761 1303 decet
1811 1249 1993 1300 incor-

421 1342 688 1411 poralem,
721 1344 794 1397 ita
819 1344 1008 1396 annuit
1040 1354 1097 1396 ut
1134 1342 1232 1410 ipsi
1263 1344 1517 1394 decorum
1553 1349 1654 1394 est.
1697 1339 1868 1392 Filius
1894 1353 1992 1389 au-

419 1442 527 1486 tem
563 1434 809 1502 agnoscit
844 1444 902 1486 ιιι
936 1434 1130 1488 Filium
1178 1437 1333 1487 decet
1366 1451 1378 1486 :
1427 1447 1590 1500 opera
1636 1439 1815 1484 autem
1859 1429 1995 1483 linnt

421 1533 482 1577 ut
511 1524 671 1578 Pater
698 1526 837 1589 vult,
874 1536 927 1579 et
958 1525 1128 1579 Filius
1155 1526 1451 1578 ministrat.
1482 1522 1608 1577 Haac
1645 1538 1744 1576 nos
1775 1530 1994 1590 oporte-

419 1620 535 1671 bat.
560 1616 764 1673 dicere.
803 1616 916 1671 lino
949 1634 1139 1672 omnes
1171 1633 1236 1672 ex
1276 1617 1576 1685 Scripturis
1619 1615 1822 1685 legere.
1861 1614 1992 1679 Quis

417 1710 561 1762 enim
591 1724 711 1762 sum
745 1712 881 1780 ego?
912 1710 1040 1779 quid
1073 1710 1245 1764 habeo
1272 1709 1413 1779 quod
1448 1724 1551 1763 non
1606 1707 1830 1776 accepi?
1866 1705 1992 1760 0m-

418 1801 508 1853 nia
536 1801 683 1855 enim
721 1803 788 1856 ab
819 1817 946 1864 uno,
976 1811 1029 1855 et
1061 1816 1156 1869 per
1194 1816 1358 1854 unum
1394 1811 1560 1866 sunt;
1603 1808 1659 1852 et
1696 1814 1817 1867 quae
1851 1797 1991 1850 facta

2106 612 2269 665 lieres
2298 622 2354 665 ut
2386 629 2492 666 nnn
2520 613 2587 665 ad
2616 612 2870 681 iniuriam
2904 614 3249 667 deludantnr.
3289 613 3475 679 Tauri,
3502 613 3681 680 vituli,

2104 710 2162 755 nt
2216 716 2320 757 non
2354 705 2504 757 varie
2552 703 2945 757 comburantur
2991 703 3125 773 (84).
3189 706 3403 769 Vinum,
3455 713 3516 757 ut
3572 718 3681 757 non

2103 794 2219 848 sine
2250 811 2412 848 causa
2444 795 2667 850 libetur.
2700 795 2893 858 Terra,
2941 811 3113 861 mare,
3146 805 3207 849 ut
3244 811 3350 850 non
3382 794 3683 850 immutatis

2103 885 2413 938 norninihus
2448 886 2746 939 adorentur
2792 904 2805 940 :
2852 886 3028 941 omnis
3071 886 3215 940 enim
3262 895 3457 940 natura
3492 896 3682 940 conta-

2102 976 2304 1027 minata
2363 985 2496 1029 est:
2546 976 2724 1031 omnis
2784 986 3039 1032 creatura
3099 976 3370 1032 deificata.
3427 975 3533 1029 Sed
3571 989 3679 1028 non

2102 1065 2351 1133 despexit
2402 1067 2447 1120 is
2477 1082 2573 1136 per
2604 1083 2765 1137 quem
2821 1076 2877 1122 et
2926 1068 3071 1122 facta
3119 1076 3266 1122 sunt.
3323 1068 3485 1124 Venit
3530 1066 3678 1120 enim

2100 1158 2190 1225 qui
2242 1159 2585 1227 contingeret
2638 1174 2787 1214 sua:
2838 1160 2984 1214 venit
3038 1160 3128 1229 qui
3179 1159 3376 1214 malum
3405 1174 3675 1214 venenum

2102 1248 2340 1303 auferret
2381 1264 2397 1301 :
2441 1251 2588 1304 venit
2633 1252 2806 1319 ipsius
2863 1254 2988 1307 vita:
3043 1253 3401 1308 medicamen.
3432 1252 3678 1308 Mortuus

2097 1349 2179 1393 est
2212 1350 2267 1392 nt
2287 1341 2563 1395 occideret
2613 1352 2843 1396 mortem
2874 1360 2888 1397 :
2916 1345 3311 1398 condemnatus
3337 1353 3420 1400 est
3453 1355 3511 1397 ut
3540 1357 3677 1397 con-

2098 1433 2383 1486 demnaret
2410 1433 2801 1501 corruptelam.
2831 1435 3139 1490 Coronatus
3167 1447 3252 1491 est
3279 1436 3469 1504 spinis,
3491 1444 3550 1489 ut
3574 1448 3676 1488 nos

2098 1538 2203 1575 non
2261 1523 2584 1578 haberemus
2634 1526 2821 1593 spinas
2859 1542 2873 1579 :
2915 1527 3153 1595 suscepit
3205 1526 3547 1579 maledictum
3581 1538 3678 1593 per

2097 1629 2334 1677 crucem,
2382 1625 2438 1668 nt
2472 1632 2572 1671 nos
2617 1618 3018 1685 susciperemus
3052 1618 3485 1672 benedictionem
3522 1632 3676 1670 mun-

2098 1705 2240 1758 dam.
2277 1704 2391 1759 Non
2425 1722 2645 1775 possum
2673 1708 2855 1762 dicere
2878 1718 3137 1777 quantum
3168 1710 3340 1777 sapio.
3376 1707 3489 1761 Non
3541 1722 3665 1775 pos-

2099 1812 2217 1852 sum
2271 1813 2463 1866 sapere
2521 1811 2783 1868 quantum
2851 1802 3107 1869 possibile
3158 1810 3262 1855 est.
3329 1799 3384 1855 Si
3441 1813 3673 1868 sapuero

419 1903 566 1954 sunt,
599 1900 654 1945 et
698 1907 819 1960 quae
852 1903 998 1945 recte
1033 1892 1311 1945 dicuntur.
1353 1890 1562 1957 Quanta
1605 1905 1739 1945 sane
1774 1889 1990 1943 miseri-
2024 1908 2067 1963 Β
2097 1898 2363 1957 quantum
2421 1891 2678 1959 possibile
2727 1901 2843 1955 est,
2901 1907 3007 1946 non
3070 1893 3328 1961 pervenio
3381 1900 3438 1945 ut
3496 1890 3672 1944 dicam

416 1984 605 2037 cordia
656 1992 740 2037 est
790 1983 923 2037 Dei?
964 1986 1149 2051 genuit
1201 1984 1417 2049 Filium,
1464 1985 1587 2053 quia
1633 1984 1809 2038 bonus
1852 1991 1935 2037 est
1972 2001 1986 2035 :

416 2074 628 2128 creavit
660 2075 914 2129 universa
970 2092 1065 2144 per
1116 2076 1313 2146 ipsum,
1360 2078 1486 2146 quia
1516 2075 1853 2131 'benefactor
1882 2084 1987 2130 est.

418 2165 733 2221 Erravimus
759 2179 814 2223 et
844 2184 947 2220 non
974 2168 1245 2237 despexit,
1270 2169 1579 2223 cecidimus
1610 2177 1665 2222 et
1688 2184 1793 2220 non
1836 2180 1990 2235 spre-

417 2262 520 2323 vit,
553 2261 645 2315 sed
682 2262 827 2315 misit
867 2260 1062 2315 Filium
1111 2277 1268 2317 suum
1308 2262 1676 2324 obedientem,
1713 2268 1772 2312 ut
1816 2259 1990 2314 salva-

419 2361 506 2407 ret
554 2352 824 2407 hominem
858 2352 1278 2410 inobedientem.
1323 2352 1467 2406 Misit
1513 2353 1629 2406 sine
1662 2361 1903 2420 peccato,
1930 2360 1991 2404 ut

422 2452 705 2497 revocaret
734 2457 854 2496 eum
887 2442 977 2512 qui
1006 2452 1327 2513 peccaverat
1356 2460 1369 2496 :
1411 2443 1559 2496 misit
1595 2426 1791 2496 Filium
1831 2457 1987 2495 suum

418 2534 707 2589 facientem
756 2534 973 2603 placita,
1028 2544 1085 2587 ut
1116 2534 1354 2588 salvaret
1387 2549 1602 2588 servum
1634 2534 1859 2588 obedire
1893 2548 1990 2585 no-

417 2626 644 2683 lentem.
680 2626 825 2680 Misit
861 2625 1149 2695 jnstitiam,
1198 2634 1257 2679 ut
1290 2624 1601 2680 auferretur
1646 2636 1931 2695 peccatum
1970 2643 1984 2679 :

418 2718 571 2772 misit
599 2718 790 2778 vitam,
822 2728 878 2770 ut
909 2733 1056 2773 mors
1098 2727 1424 2772 moreretur.
1466 2716 1611 2771 Misit
1644 2718 1732 2786 qui
1770 2733 1798 2769 a
1826 2732 1907 2781 se,
1934 2726 1991 2771 ut

416 2809 764 2865 salvarentur
786 2810 875 2879 qui
903 2818 1059 2863 erant
1090 2824 1157 2863 ex
1188 2809 1426 2863 homine.
1462 2808 1606 2862 Misit
1644 2824 1766 2862 eum
1795 2809 1887 2878 qui
1921 2823 1987 2862 ex

417 2899 665 2969 Virgine,
704 2909 762 2953 ut
810 2899 1151 2953 salvarentur
1193 2899 1228 2953 ii
1276 2900 1366 2969 qui
1398 2913 1471 2954 ex
1502 2898 1729 2953 muliere
1773 2898 1990 2952 fuerant

418 2992 637 3060 perditi.
687 2992 829 3045 Misit
864 2994 914 3045 in
954 2993 1126 3062 ligura
1168 2992 1297 3055 viri,
1332 2999 1388 3044 ut
1434 2990 1739 3045 salvaretur
1771 2990 1860 3061 qui
1896 3006 1992 3059 pe-

415 3083 589 3135 rierat
632 3082 738 3135 vir.
771 3082 904 3136 Cum
955 3080 1260 3136 latronibus
1298 3081 1479 3151 [igitur
1517 3081 1687 3143 cruci,
1722 3091 1781 3134 ut
1828 3095 1992 3150 para-

416 3174 567 3227 disus
608 3184 662 3228 et
695 3172 1003 3227 latronibus
1048 3172 1371 3241 aperiretur.
1407 3172 1596 3242 Cogita
1646 3172 1989 3241 dignitatem,

2097 1992 2332 2050 quantus
2363 1992 2469 2037 est.
2499 1984 2887 2038 lnenarrabilis
2916 1984 3060 2037 enim
3110 1993 3165 2037 et
3212 1981 3675 2052 incomprehensi-

2098 2076 2222 2129 bilis
2250 2073 2409 2129 Pater
2436 2084 2543 2131 est.
2570 2073 2719 2130 Talis
2745 2086 2928 2129 autem
2958 2087 3011 2129 et
3058 2075 3230 2130 Filius
3262 2077 3429 2145 ipsius
3472 2075 3671 2130 Patris.

2099 2166 2155 2221 Si
2182 2167 2325 2220 enim
2365 2167 2435 2220 ob
2465 2167 2545 2220 sui
2579 2169 3009 2222 misericordiam
3042 2183 3139 2221 nos
3165 2169 3478 2238 assumpsit,
3528 2168 3671 2222 inte-

2097 2254 2296 2307 rimere
2327 2268 2449 2307 eum
2479 2254 2736 2309 debemus
2760 2257 2850 2325 qui
2879 2271 2974 2310 nos
3005 2257 3221 2311 salvat?
3248 2259 3373 2327 quid
3409 2259 3514 2313 hoc
3543 2258 3671 2313 mali

2096 2356 2178 2400 est
2211 2346 2282 2399 ita
2334 2346 2581 2400 homines
2615 2347 2682 2399 de
2710 2346 2848 2401 Filio
2879 2347 3121 2402 sentire?
3177 2347 3390 2402 Maneat
3426 2358 3483 2402 ut
3529 2357 3666 2412 erat,

2096 2444 2151 2489 et
2197 2436 2249 2488 in
2294 2448 2523 2499 corpore
2556 2445 2609 2489 et
2648 2436 2699 2487 in
2736 2436 3000 2503 praesepio
3045 2453 3061 2490 :
3101 2437 3231 2490 nihil
3278 2437 3481 2491 humile
3511 2438 3576 2493 de
3604 2452 3670 2493 eo

2096 2526 2323 2588 sentias,
2353 2525 2441 2594 qui
2482 2535 2532 2578 te
2559 2525 2838 2591 exaltavit,
2884 2525 3017 2579 nihil
3048 2525 3320 2593 abiectum
3358 2536 3452 2581 aut
3482 2527 3672 2582 incon-

2097 2651 2313 2706 gruum.
2346 2634 2464 2689 Noli
2497 2649 2755 2705 aperuere
2786 2634 3125 2689 Salvatorem
3158 2645 3330 2690 tuum.
3361 2635 3417 2691 Si
3449 2637 3670 2706 quidem

2097 2729 2310 2783 etiamsi
2340 2730 2504 2783 verbo
2550 2744 2671 2781 eum
2722 2727 3010 2781 humiliare
3050 2728 3303 2791 volueris,
3337 2740 3527 2782 natura
3563 2745 3669 2783 non

2100 2820 2429 2875 transfertur
2459 2821 2525 2872 ad
2576 2828 2718 2871 tuam
2771 2820 3032 2888 linguam.
3082 2820 3138 2873 Si
3176 2828 3353 2873 autem
3399 2830 3453 2874 et
3503 2821 3674 2876 abne-

2098 2909 2408 2981 gaverimus
2436 2924 2581 2973 eum,
2619 2910 2730 2973 ipse
2762 2908 2934 2963 fidelis
2966 2920 3146 2965 manet
3173 2919 3225 2964 et
3258 2926 3456 2983 negare
3481 2925 3539 2965 se
3562 2926 3670 2966 non

2100 3010 2276 3073 potest
2307 3021 2321 3057 :
2356 3003 2457 3056 hoc
2484 3011 2591 3067 est,
2633 3017 2661 3054 a
2685 3002 2905 3071 propria
2943 3014 3135 3056 natura
3168 3019 3272 3059 non
3308 3005 3535 3059 excidit.
3563 3004 3671 3061 lste

2100 3096 2254 3150 nobis
2298 3095 2462 3149 Pater
2492 3110 2594 3149 non
2632 3105 2791 3149 natus
2835 3103 2941 3159 est,
2972 3111 3110 3151 unus
3152 3097 3300 3153 solus
3329 3113 3434 3153 non
3487 3107 3668 3165 natus,

2101 3201 2204 3239 non
2238 3186 2305 3240 ab
2335 3186 2463 3247 alio,
2498 3200 2596 3240 nec
2628 3199 2694 3238 ex
2725 3184 2850 3239 alio.
2898 3184 3052 3253 Saepe
3081 3186 3202 3240 dico
3244 3188 3452 3241 eadem.
3485 3188 3671 3257 Siqui-

414 3277 470 3321 et
494 3266 701 3319 mstima
731 3263 1159 3334 magnitudinem
1186 3265 1391 3333 gratiae.
1411 3264 1491 3317 Me
1508 3266 1651 3317 enim
1673 3280 1736 3318 ex
1767 3264 1994 3318 muliere
2021 3261 2062 3318 Ο
2096 3278 2215 3329 dem
2247 3284 2301 3328 el,
2324 3274 2561 3329 Joannes
2591 3275 2681 3343 qui
2714 3278 2778 3328 de
2808 3274 2946 3329 Filio
2971 3278 3112 3329 dixit
3138 3277 3192 3329 in
3231 3279 3491 3345 ρνὶηι-ξρὶο
3529 3290 3668 3345 eral,

414 3356 588 3418 nasci,
618 3364 713 3407 aut
762 3364 832 3417 te,
880 3368 986 3406 non
1023 3368 1183 3421 supra
1231 3362 1482 3405 naturam
1519 3361 1621 3406 est.
1667 3351 1994 3407 ManduCare

416 3456 508 3498 aut
536 3446 740 3508 bibere,
762 3444 1002 3499 dormire
1028 3454 1078 3497 et
1115 3457 1359 3511 surgere,
1378 3454 1430 3495 et
1464 3442 1517 3495 in
1551 3443 1813 3510 praesepio
1841 3441 1989 3509 poni,

416 3540 548 3591 nihil
576 3538 697 3592 novi
724 3540 766 3592 si
807 3538 1055 3591 homines
1083 3550 1143 3588 ea
1166 3551 1286 3605 quae
1309 3545 1435 3591 sunt
1468 3535 1743 3589 hominum
1770 3534 1991 3602 patiun-

416 3641 523 3683 tur.
558 3631 695 3695 Quid
721 3640 899 3683 autem
930 3624 1150 3693 novum,
1174 3630 1304 3698 quid
1329 3627 1664 3691 admirabile,
1692 3626 1819 3695 quid
1849 3641 1987 3693 pra:—

414 3723 659 3791 cipuum,
699 3725 829 3793 quid
873 3734 1116 3777 nostrum
1146 3723 1386 3775 debitum
1419 3718 1811 3789 irrepensabile
1843 3718 1990 3770 Deo?

416 3815 517 3882 Qui
560 3816 704 3869 misit
740 3816 877 3870 Deus
910 3815 1105 3869 Filium
1138 3830 1320 3877 suum,
1354 3814 1501 3868 misit
1530 3812 1690 3866 Pater
1732 3810 1989 3879 Unigeni-

417 3920 553 3974 tum,
592 3909 738 3963 misit
769 3924 872 3961 non
906 3917 1066 3961 natus
1097 3906 1434 3975 progeniem,
1474 3904 1618 3958 misit
1645 3903 1987 3957 obedientem

417 4005 616 4066 bonus,
652 4001 804 4056 misit
841 3999 1110 4069 justitiam
1153 4000 1245 4068 qui
1274 3999 1477 4067 genuit.
1506 3995 1618 4051 Cur
1646 3994 1831 4050 misit?
1866 4010 1991 4064 pro-

410 4102 536 4163 pter
590 4102 927 4162 peccatores.
985 4089 1095 4145 Cur
1144 4089 1334 4143 misit?
1385 4098 1608 4158 propter
1660 4088 1833 4141 Adam
1894 4085 1987 4155 qui

414 4185 729 4240 mandatum
764 4185 1110 4254 contempsit.
1142 4181 1306 4238 Venit
1333 4197 1465 4251 ergo
1502 4181 1592 4251 qui
1644 4180 1883 4235 obedivit
1920 4179 1988 4233 ad

417 4278 531 4333 haec
566 4295 579 4331 :
616 4288 673 4332 et
705 4277 982 4347 judicatur
1008 4276 1174 4342 judex
1203 4276 1271 4328 ob
1300 4276 1721 4328 condemnatum
1756 4288 1770 4325 :
1810 4270 1988 4324 cruci-

415 4370 600 4439 ﬁgitur
627 4371 731 4424 vita
754 4379 1092 4439 pro-mortuo
1124 4386 1137 4420 :
1162 4375 1461 4421 coronatur
1483 4364 1653 4433 spinis
1678 4361 1982 4433 gloriosus:

413 4461 550 4515 bibit
587 4459 677 4523 fel,
713 4459 831 4512 fons
869 4460 1062 4514 dulcis.
1096 4456 1235 4524 Quid
1289 4458 1625 4510 inveniemus
1669 4454 1734 4506 ad
1788 4468 1984 4522 reprae-

410 4553 772 4609 sentandum?
805 4553 1075 4621 quomodo
1122 4566 1344 4621 agemus
1395 4548 1637 4620 gratias?
1668 4547 1783 4601 Non
1829 4545 1979 4602 suﬂi-

410 4648 557 4702 ciunt
590 4646 781 4715 linguae
813 4656 1157 4708 noslrte,nnu
1193 4644 1547 4709 ura,etiamsi
1578 4640 1780 4695 fuerint
1812 4641 1976 4694 mille.

408 4738 523 4792 Non
553 4736 844 4792 suliicimus
890 4753 1011 4799 nos,
1050 4737 1331 4803 adjutores
1355 4749 1682 4806 quazramus.
1713 4732 1980 4801 Adjuvent

409 4846 507 4885 nos
539 4832 711 4900 angeli
748 4847 761 4884 :
810 4831 1089 4885 nobiscum
1133 4832 1364 4899 gratiam
1399 4831 1627 4883 reddant
1660 4837 1717 4882 et
1748 4832 1981 4883 archan-

409 4923 535 4989 geli,
593 4935 650 4975 ut
706 4932 761 4976 et
807 4923 907 4992 ipsi
967 4921 1258 4991 gaudeant.
1313 4919 1627 4988 Siquidem
1689 4930 1744 4974 et
1798 4920 1977 4974 omnis

405 5026 659 5070 creatura
720 5026 908 5086 parata
950 5024 1051 5070 est.
1097 5014 1339 5069 l‘arturit
1371 5016 1514 5069 enim
1558 5024 1611 5069 et
1670 5013 1976 5083 ingemiscit

405 5117 462 5162 et
493 5118 770 5176 exspeCIat
803 5118 1041 5162 nostram
1079 5109 1328 5172 salutem,
1375 5116 1435 5159 ut
1465 5116 1519 5161 ct
1562 5107 1675 5175 ipsa
1714 5107 1977 5161 liberetur

409 5213 440 5252 a
471 5200 673 5254 dolore.
709 5199 993 5254 Liberatur
1021 5200 1166 5254 enim
1196 5210 1251 5254 et
1288 5199 1369 5253 sol
1399 5214 1466 5251 ne
1494 5198 1631 5251 ultra
1672 5199 1929 5252 adoretur
1958 5216 1971 5251 :

406 5304 463 5349 et
521 5296 667 5358 luna,
731 5311 799 5349 ne
859 5297 975 5365 ipsa
1028 5295 1449 5351 calumnietnra
1502 5296 1756 5349 deitate:
1804 5295 1975 5350 stella:

403 5390 590 5453 etiam,
640 5398 697 5441 ut
744 5404 849 5442 non
880 5388 1318 5443 contaminentur
1362 5387 1554 5443 hostiis
1588 5407 1600 5442 :
1637 5400 1694 5442 ut
1719 5390 1830 5458 jam
1866 5406 1973 5445 non

404 5480 546 5533 male
596 5481 861 5534 conlletnr
911 5491 1193 5551 argentum
1248 5499 1261 5535 :
1314 5497 1527 5550 aurmn,
1564 5494 1621 5538 ut
1670 5500 1775 5540 non
1824 5488 1973 5542 coin.

1041 5596 1131 5649 ’⁸1
1164 5596 1304 5652 'l'im.
1326 5613 1402 5666 vi,
1440 5598 1525 5654 l6.

474 5708 586 5833 (83‘)
620 5709 718 5763 Ms.
748 5708 1016 5767 Canﬂetur
1040 5724 1332 5782 argentum,
1359 5732 1569 5786 aurum,
1606 5729 1660 5775 ut
1692 5737 1796 5777 non
1820 5724 1969 5779 coin-

474 5797 555 5833 me
580 5796 660 5833 ur.

399 5796 660 5851 qametur.

475 5594 522 5627 "
558 5592 712 5649 Joan.
746 5610 880 5660 xvn,
910 5594 964 5649 3.

2094 3380 2202 3419 non
2259 3368 2445 3431 tacuit,
2495 3366 2587 3419 sed
2637 3365 2948 3434 frequenter
3006 3368 3106 3430 ait,
3163 3367 3315 3421 Erat.
3346 3370 3482 3435 Quid
3524 3373 3669 3425 enim

2093 3453 2236 3507 aliud
2289 3465 2343 3507 et
2398 3453 2620 3508 deberet
2672 3453 2820 3508 dici?
2868 3453 3071 3509 Domus
3133 3454 3263 3509 Dei?
3308 3458 3668 3526 quodcunque

2092 3542 2390 3597 dixerimus
2423 3551 2527 3609 est,
2556 3543 2697 3611 quod
2733 3559 2838 3598 non
2875 3544 2939 3598 de
2969 3543 3109 3599 Filio
3131 3555 3213 3601 est
3242 3562 3255 3599 :
3283 3547 3517 3607 alienum
3550 3548 3666 3619 (85)

2092 3650 2121 3688 a
2153 3637 2241 3689 die
2266 3646 2367 3690 est.
2419 3636 2656 3703 Spiritus
2702 3637 2754 3690 in
2805 3638 2983 3693 medio
3026 3648 3271 3693 nostrum
3303 3649 3386 3694 est
3422 3657 3436 3694 :
3481 3640 3526 3695 si
3560 3657 3666 3697 non

2092 3726 2357 3795 spiritalia
2382 3728 2545 3782 locuti
2577 3728 2863 3792 fuerimus,
2901 3730 3293 3787 contristamus
3334 3732 3581 3803 spiritum
3611 3735 3665 3789 in

2090 3836 2196 3889 quo
2249 3820 2443 3889 signati
2500 3837 2704 3875 smnus.
2764 3822 2949 3878 Gloria
3009 3822 3126 3887 Dei,
3161 3825 3364 3880 veritas
3406 3827 3524 3889 Dei,
3557 3841 3663 3881 non

2089 3914 2284 3981 quaerit
2311 3928 2340 3966 a
2383 3924 2434 3966 te
2465 3913 2669 3979 laudes,
2701 3916 2796 3969 sed
2827 3930 2925 3970 nec
2952 3915 3018 3969 ab
3042 3916 3270 3987 angelis.
3310 3918 3425 3972 Non
3454 3920 3573 3974 dico
3606 3931 3666 3974 ut

2089 4019 2117 4056 a
2156 4014 2226 4067 te,
2260 4005 2350 4058 sed
2379 4006 2575 4073 quaerit
2613 4021 2642 4059 a
2694 4016 2749 4061 te
2794 4017 2852 4061 ut
2903 4023 3169 4078 agnoscas
3201 4024 3324 4063 eum
3363 4029 3377 4064 :
3408 4013 3665 4079 prodesse

2088 4096 2232 4150 enim
2267 4096 2315 4151 ei
2348 4108 2526 4165 potes,
2560 4097 2602 4151 si
2636 4112 2760 4152 eum
2805 4101 3126 4168 agnoveris?
3176 4112 3269 4157 aut
3302 4103 3494 4159 lumini
3530 4121 3662 4176 pro-

2086 4187 2225 4251 dest,
2256 4201 2381 4243 cum
2431 4189 2620 4243 vides?
2646 4198 2705 4243 ut
2733 4192 2976 4247 dicamus
3003 4194 3129 4263 quia
3170 4204 3219 4250 et
3254 4195 3362 4251 Deo
3403 4197 3665 4267 prodesse

2085 4288 2287 4348 potest.
2343 4280 2482 4334 Deus
2527 4281 2671 4333 enim
2702 4283 2812 4336 vult
2867 4292 2918 4337 te
2947 4299 3244 4355 agnoscere
3276 4302 3354 4342 se.
3402 4289 3658 4359 Cognitio

2084 4394 2229 4447 enim
2284 4395 2375 4449 Dei
2420 4407 2623 4450 :rterna
2664 4399 2771 4453 vita
2817 4409 2933 4467 est;
2986 4415 3090 4455 non
3128 4400 3262 4465 Deo,
3310 4404 3404 4456 sed
3451 4402 3537 4458 his
3564 4407 3657 4473 qui

2085 4497 2440 4555 cognoscunt.
2493 4488 2568 4543 lla
2597 4491 2741 4545 enim
2784 4500 2838 4546 et
2875 4492 3135 4548 Dominus
3166 4496 3501 4563 pronuntiat.
3526 4495 3656 4553 Hazc

2013 4596 2057 4651 ι)
2087 4588 2159 4631 est
2189 4590 2366 4633 autem
2397 4580 2503 4633 vita
2532 4591 2749 4648 (eterna,
2784 4591 2840 4635 ut
2869 4594 3184 4654 cognoscant
3215 4595 3261 4639 te
3286 4586 3455 4640 solum
3480 4604 3656 4642 verum

2086 4670 2273 4733 Deum,
2309 4683 2356 4724 et
2404 4689 2557 4742 quem
2610 4675 2803 4729 misisti
2846 4675 3029 4730 Jesnm
3067 4676 3334 4731 Christum
3368 4679 3437 4734 ⁷⁷.
3486 4679 3659 4734 Verus

2088 4761 2225 4816 Deus
2269 4773 2353 4818 est
2407 4765 2569 4819 Pater
2614 4766 2667 4820 in
2724 4782 2789 4821 eo
2830 4768 2973 4837 quod
3026 4785 3132 4824 non
3171 4781 3327 4825 natus
3354 4780 3457 4827 est.
3487 4771 3658 4827 Verus

2084 4852 2254 4908 Filius
2282 4865 2365 4909 est
2390 4860 2441 4910 in
2467 4872 2531 4910 eo
2557 4859 2698 4926 quod
2730 4869 2811 4914 est
2840 4860 3166 4930 unigenitns.
3204 4861 3316 4916 Non
3338 4864 3479 4917 enim
3507 4880 3658 4920 men-

2085 4946 2298 5001 dacium
2343 4949 2526 5012 genuit
2556 4965 2735 5003 verus.
2789 4947 2897 5005 Sed
2943 4966 3106 5006 verus
3156 4952 3321 5007 Pater
3359 4954 3496 5007 Deus
3545 4969 3652 5008 non

2086 5048 2244 5091 natus
2278 5056 2291 5092 :
2321 5054 2479 5093 verus
2523 5039 2662 5094 Deus
2692 5041 2862 5095 Filius
2906 5043 3237 5113 nnigenitus.
3277 5042 3409 5099 Nam
3443 5055 3496 5100 et
3522 5045 3653 5102 illud

2084 5127 2225 5193 quod
2277 5127 2476 5181 dictum
2526 5139 2655 5183 est:
2698 5129 2854 5183 Solus
2906 5132 3061 5185 habet
3107 5133 3556 5187 immortalitatem
3581 5134 3647 5200 ⁷³,

2083 5233 2270 5272 verum
2301 5227 2401 5274 est.
2430 5221 2475 5273 Α
2502 5223 2795 5290 semetipso
2829 5222 2973 5277 enim
3004 5225 3150 5279 solus
3184 5225 3362 5279 habet.
3390 5226 3494 5279 Sed
3543 5226 3651 5281 sic-

2084 5324 2142 5370 ut
2190 5312 2349 5367 Pater
2383 5314 2551 5367 vitam
2604 5314 2764 5367 habet
2794 5314 2848 5368 in
2897 5316 3187 5385 semetipso
3241 5336 3252 5370 :
3292 5317 3362 5369 ita
3408 5327 3462 5370 et
3509 5316 3649 5372 Filio

2084 5405 2233 5461 dedit
2264 5406 2426 5461 vitam
2481 5406 2678 5460 habere
2730 5406 2782 5459 in
2834 5408 3147 5474 semetipso.
3180 5405 3330 5462 Unus
3362 5422 3491 5477 ergo
3540 5424 3648 5464 non

2082 5508 2266 5566 natus,
2302 5509 2358 5553 et
2405 5513 2543 5552 unus
2583 5498 2916 5567 unigenitus,
2960 5507 3014 5551 et
3062 5514 3201 5554 unus
3247 5499 3482 5571 Spiritus
3518 5515 3649 5559 san-

2150 5725 2263 5791 (84)
2302 5725 2401 5783 Ms.
2434 5725 2499 5781 Ut
2534 5744 2635 5781 non
2668 5740 2795 5783 vane
2828 5730 3192 5786 comburatur.

2150 5797 2259 5861 (85)
2300 5797 2345 5849 Α
2370 5802 2452 5851 die
2483 5810 2577 5853 est.
2608 5798 2770 5855 Forte
2797 5818 2827 5853 a
2853 5799 2959 5853 Deo
2981 5810 3080 5854 est.
3204 5798 3210 5804 ’
