4134 6404
519 329 661 392 1059

1224 332 1489 388 EUSEBII
1525 331 2006 390 CIESARIENSIS
2042 331 2191 387 OPP.
2233 333 2412 388 PARS
2449 332 2540 388 IV.
2579 365 2651 374 -——
2689 330 3112 390 DOGMLTICA.

3631 334 3774 390 1060

517 459 659 504 ctus.
678 446 801 502 Haec
818 446 950 500 dicit
965 459 1066 499 una
1098 444 1337 498 Ecclesia
1361 463 1374 498 :
1396 445 1501 498 hoc
1524 445 1884 514 consignatur
1919 443 1974 497 in
2003 459 2110 499 uno
2137 450 2186 508 Α
2211 447 2541 502 sentiantur.
2574 445 2681 500 Ista
2710 446 2855 500 enim
2880 455 2966 498 est
2997 455 3198 500 aeterna
3223 447 3356 499 vita.
3382 439 3440 498 In
3464 443 3550 498 his
3567 447 3777 500 erimus

518 539 790 610 baptismo
818 555 833 592 ε
861 539 975 591 haec
1005 536 1206 604 scripta
1231 544 1358 589 sunt
1389 537 1443 589 in
1474 535 1738 604 sanguine
1767 544 2092 605 martyrum,

511 639 576 686 et
598 641 725 684 ante
760 637 1031 698 martyres
1076 627 1129 680 in
1159 625 1423 696 sanguine
1457 625 1686 681 Christi.
1723 623 1837 680 Nec
1869 640 2094 695 spernas

512 722 637 791 ejus
691 720 1010 789 sanguinem
1035 717 1181 786 quod
1219 718 1298 771 tui
1345 727 1572 787 propter
1608 716 1811 772 ell'usus
1841 727 1925 771 est
1956 716 2090 787 (86).

513 814 718 869 Eﬁudit
753 813 897 867 enim
928 826 1086 866 suum
1121 810 1440 881 sanguinem
1481 809 1742 864 Dominus
1771 820 1829 862 ut
1854 809 2093 862 salvare-

512 909 616 971 ris,
650 915 706 960 et
735 914 792 959 tu
825 904 994 959 audes
1021 919 1086 959 ea
1116 904 1297 959 delere
1332 917 1453 973 quae
1490 916 1588 970 per
1613 901 1934 972 sanguinem
1966 909 2091 956 sunt

513 997 756 1069 scripta?
790 998 883 1052 sed
908 996 1050 1066 quod
1082 1006 1179 1066 per
1205 995 1522 1065 sanguinem
1548 994 1810 1064 scriptum
1839 1005 1944 1059 est,
1980 1009 2087 1048 non

513 1089 748 1143 deletur.
776 1088 913 1143 Vide
940 1102 1072 1143 sane
1103 1102 1173 1142 ne
1200 1096 1257 1142 et
1299 1097 1357 1141 tu
1403 1087 1469 1141 de
1498 1075 1642 1141 libro
1682 1087 1805 1140 vita:
1833 1088 2082 1142 delearis.

510 1178 692 1234 Adora
722 1195 890 1235 unum
945 1195 1051 1233 non
1099 1191 1308 1242 natum.
1348 1189 1403 1234 et
1434 1195 1599 1234 unum
1635 1180 1990 1250 unigenitum,
2023 1194 2090 1234 ne

513 1287 741 1341 spernas
768 1287 933 1326 unum
962 1271 1237 1340 spiritum.
1275 1273 1455 1327 Adora
1490 1272 1731 1336 Patrem,
1764 1282 1819 1326 et
1860 1273 2090 1328 salvabit

509 1372 568 1418 te
585 1362 754 1418 Filius
786 1381 801 1418 :
835 1364 999 1418 adora
1024 1362 1247 1428 Filium,
1270 1373 1325 1418 et
1347 1364 1607 1433 suscipiet
1631 1374 1681 1418 te
1715 1380 1810 1431 per
1833 1380 1954 1417 eum
1984 1367 2087 1418 Pa-

512 1463 616 1508 ter.
649 1457 922 1511 Confitere
953 1455 1238 1525 Spiritum,
1265 1465 1321 1510 et
1363 1457 1604 1526 impertit
1631 1457 1744 1528 (87)
1776 1457 1870 1511 tibi
1911 1457 2086 1512 Filius

507 1546 795 1619 Spiritum.
865 1547 991 1604 Haec
1051 1548 1326 1613 dicantur,
1390 1549 1503 1604 lucc
1552 1550 1884 1618 cogitentur,
1959 1550 2078 1604 haec

2202 542 2321 597 sine
2362 539 2482 602 lite,
2517 537 2633 591 sine
2657 535 2862 604 jurgio,
2903 537 3022 591 sine
3065 537 3433 591 contentione.
3469 536 3549 590 Ad
3585 551 3775 606 pacem

2201 633 2347 686 enim
2377 643 2476 683 nos
2505 629 2720 682 vocavit
2741 627 2903 683 Deus.
2945 627 3062 696 Ipse
3096 629 3240 682 enim
3275 625 3527 682 Christus
3557 637 3640 681 est
3666 642 3776 696 pax

2201 733 2388 780 nostra
2441 741 2456 777 :
2505 721 2562 775 In
2607 723 2724 792 ipso
2759 721 2935 775 vocati
2969 734 3176 775 sumus.
3211 719 3348 786 Quid
3381 720 3605 773 dimissa
3643 733 3777 788 pace

2198 816 2323 871 lites
2383 812 2747 868 assumimus?
2804 814 2921 867 Non
2983 813 3182 867 audisti
3243 827 3365 866 eum
3424 813 3696 866 dicentem
3755 827 3773 866 :

2197 909 2389 963 Pacem
2442 924 2612 960 mecm
2661 912 2729 959 do
2781 907 2956 971 vobis,
3010 921 3188 974 pacem
3239 920 3409 958 meam
3471 903 3776 974 derelinquo

2195 1001 2338 1054 vobis
2381 999 2469 1054 "i
2502 1000 2668 1054 Suam
2711 1014 2898 1067 pacem
2933 1000 3024 1053 dat
3055 999 3214 1053 nobis
3261 995 3541 1062 Dominus,
3575 1004 3629 1050 ct
3673 1010 3776 1050 nos

2190 1090 2369 1162 jurgia
2404 1105 2436 1144 e
2480 1099 2668 1144 contra
2706 1091 3034 1145 inducimus.
3081 1085 3232 1143 Finis
3274 1098 3456 1143 autem
3500 1086 3774 1142 sermonis

2196 1183 2301 1237 iste
2336 1184 2425 1237 sit.
2458 1181 2642 1237 Gloria
2675 1183 2766 1236 uni
2807 1199 2912 1236 non
2963 1191 3089 1237 nato
3142 1182 3254 1236 Deo
3288 1196 3385 1250 per
3427 1195 3594 1234 unum
3647 1178 3775 1233 uni-

2195 1275 2434 1344 genitum
2481 1273 2653 1327 Deum
2696 1273 2889 1328 Filium
2938 1273 3030 1328 Dei
3083 1275 3274 1327 inuno
3303 1273 3507 1342 Spiritu
3553 1281 3771 1335 sancto,

2193 1377 2247 1420 et
2275 1380 2419 1420 nunc
2437 1374 2493 1420 et
2526 1379 2739 1434 semper
2763 1375 2819 1420 et
2854 1381 2949 1434 per
2977 1365 3158 1419 omnia
3183 1363 3379 1419 saecula
3423 1363 3770 1417 saeculorum.

2191 1459 2389 1514 Amen.

546 1810 556 1840 ι
1739 1814 1742 1816 γ
2523 1811 2528 1814 .

1601 2004 1959 2093 LIBER
2032 2004 2684 2096 SECUNDUS.

567 2360 714 2424 Puto
736 2361 913 2416 adhuc
943 2374 1105 2415 aures
1135 2357 1376 2428 obstrepi
1413 2372 1561 2412 meas
1583 2372 1613 2411 a
1647 2358 1904 2412 memoria
1951 2357 2096 2412 beati
2126 2367 2170 2422 Β
2201 2353 2461 2414 Dominus
2511 2355 2740 2415 reddens
2783 2367 3000 2416 canSam
3031 2361 3112 2416 sui
3145 2361 3409 2417 adventus
3438 2361 3492 2416 in
3535 2363 3764 2431 mundo,

456 2501 462 2508 .
503 2452 659 2508 illius
695 2453 796 2506 viri
831 2451 972 2522 (88),
998 2450 1092 2520 qui
1111 2449 1200 2503 illa
1230 2448 1477 2519 religiosa
1509 2446 1819 2517 frequenter
1847 2463 1977 2502 usus
2004 2456 2087 2503 est

504 2556 665 2596 voce.
691 2539 825 2594 Nam
859 2550 914 2596 et
929 2553 1100 2597 aures
1123 2549 1323 2592 vestra:
1344 2537 1522 2590 adhuc
1554 2536 1754 2590 bonum
1785 2536 1900 2601 (89)
1935 2536 2082 2590 illius

501 2633 656 2688 vocis
705 2632 966 2687 retinent.
1003 2631 1141 2686 Puto
1192 2629 1336 2683 enim
1377 2644 1461 2682 me
1510 2628 1700 2682 audire
1731 2645 1852 2682 enm
1897 2629 2084 2682 dicen-

503 2733 612 2779 tem
648 2742 662 2778 :
693 2721 1004 2793 Unigenitus
1039 2720 1133 2774 Dei
1174 2718 1349 2774 Filius
1376 2720 1443 2773 °°.
1472 2719 1608 2773 Ecce
1645 2718 1787 2772 enim
1814 2717 1925 2788 (90)
1957 2715 2086 2772 reli-

502 2817 651 2886 giosa
687 2830 793 2870 vox
822 2828 920 2884 per
942 2830 1005 2866 os
1026 2814 1144 2881 ejus
1179 2826 1394 2881 semper
1420 2810 1790 2880 premebatur.
1824 2807 2083 2865 Memoria

503 2907 653 2961 enim
703 2913 826 2962 erat
871 2904 1151 2974 Unigeuiti
1207 2903 1277 2958 ad
1328 2902 1558 2970 gloriam
1588 2915 1696 2955 non
1742 2901 1853 2954 nati
1884 2898 2083 2956 Patris.

502 2999 822 3054 Audivimus
871 3006 1053 3051 autem
1100 2993 1407 3064 apostolum
1455 2993 1858 3064 praecipientem
1909 2992 2085 3047 hono-

503 3091 617 3146 rari
666 3088 867 3158 duplici
931 3089 1142 3142 honore
1197 3086 1394 3140 debere
1449 3084 1802 3154 presbyteros
1832 3082 1877 3115 ⁸¹
1921 3097 1938 3136 :
1991 3099 2086 3138 eos

504 3180 742 3236 maxime
771 3179 863 3250 qui
890 3178 1144 3232 laborant
1169 3175 1222 3229 in
1251 3175 1417 3228 verbo
1441 3183 1497 3227 et
1519 3172 1784 3228 doctrina.
1812 3169 1913 3238 Qui
1938 3171 2084 3225 enim

501 3272 819 3342 pudicitiam
867 3271 1016 3334 colit,
1070 3269 1247 3324 bonus
1292 3277 1376 3323 est
1424 3266 1529 3323 sibi
1571 3283 1585 3321 :
1628 3274 1683 3322 et
1719 3266 1811 3335 qui
1846 3264 2082 3334 jejunat,

499 3363 670 3417 etiam
729 3362 775 3417 si
828 3363 1029 3417 bonum
1086 3360 1251 3416 iaciat
1295 3374 1451 3428 opus,
1488 3368 1672 3413 tamen
1707 3358 1855 3413 sibi:
1900 3367 1956 3413 et
1990 3358 2084 3427 qui

499 3455 814 3524 miseretur,
849 3463 905 3510 et
954 3453 1061 3509 sibi
1099 3452 1533 3508 misericordiam
1578 3460 1759 3520 parat,
1796 3459 1854 3505 et
1896 3450 1947 3505 ei
1993 3451 2083 3505 cui

497 3574 730 3645 praebet.
762 3571 866 3641 Qui
896 3579 1078 3626 autem
1109 3570 1431 3641 religionem
1461 3566 1762 3624 secundum
1796 3566 2081 3622 veritatem

497 3665 678 3730 docet,
703 3673 760 3719 et
805 3663 906 3718 sibi
939 3663 1081 3716 viam
1130 3669 1392 3715 aeternam
1425 3659 1683 3728 acquirit,
1730 3666 1786 3712 et
1827 3657 2082 3712 omnibus

497 3759 591 3828 qui
617 3759 902 3812 docentur.
932 3753 1052 3808 Non
1087 3761 1172 3808 est
1203 3761 1537 3822 praeceptum
1563 3751 1825 3820 apostolis
1855 3761 1914 3804 ut
1948 3765 2078 3819 pan-
2103 3767 2147 3826 α

498 3864 660 3920 pet-es
703 3855 1013 3918 pascerent,
1049 3845 1141 3900 sed
1175 3854 1234 3899 ut
1279 3853 1334 3898 et
1380 3843 1481 3912 ipsi
1523 3850 1902 3912 pascerentur.
1933 3841 2079 3896 Reli-

496 3943 675 4014 gionis
698 3957 828 4013 ergo
858 3939 1173 4011 praedicatio
1208 3938 1379 4006 major
1401 3945 1488 3992 est
1508 3951 1536 3988 a
1561 3936 1932 3992 misericordia
1955 3951 2079 4006 quae

497 4036 561 4092 ιιι
603 4035 671 4090 ad
716 4035 966 4090 homines
998 4052 1012 4088 :
1041 4039 1256 4102 oportet
1302 4030 1446 4084 enim
1499 4030 1730 4100 primum
1769 4043 1930 4084 nosse
1953 4043 2075 4084 eum

496 4137 724 4199 propter
759 4140 922 4196 quem
965 4123 1099 4179 liunt
1125 4137 1188 4176 ea
1220 4137 1341 4191 quae
1372 4121 1530 4186 fiunt,
1561 4129 1616 4175 et
1650 4120 1722 4173 ita
1763 4119 1940 4174 facere
1975 4119 2078 4173 mi-~

497 4215 854 4272 sericordiam
883 4227 901 4267 :
951 4211 1323 4281 unusquisque
1351 4211 1497 4263 enim
1523 4209 1616 4279 qui
1663 4219 1942 4278 operatur,
1971 4208 2075 4263 sibi

497 4309 735 4381 acquirit
766 4321 900 4377 opus
931 4323 946 4360 :
979 4303 1298 4371 praedicatio
1321 4310 1502 4355 autem
1546 4301 1792 4353 veritatis
1823 4299 1940 4353 hinc
1968 4308 2073 4363 est,

494 4410 719 4472 propter
755 4414 916 4468 quam
950 4407 1004 4450 et
1034 4395 1202 4449 Filius
1235 4394 1384 4447 venit
1419 4393 1473 4445 in
1509 4407 1755 4460 corpore.
1795 4389 1909 4445 Non
1938 4391 2077 4445 dixit

499 4490 784 4552 Dominus,
813 4487 962 4542 Beati
991 4484 1134 4540 oculi
1163 4496 1353 4536 eorum
1403 4480 1495 4548 qui
1547 4479 1815 4546 jejuuant,
1863 4478 1958 4532 sed
1995 4477 2076 4530 vi-

494 4583 763 4643 dentium,
784 4579 982 4650 inquit,
1009 4592 1074 4631 ea
1105 4590 1225 4646 quae
1250 4574 1444 4628 videtis
1461 4570 1528 4624 ⁸³.
1555 4571 1658 4626 Sed
1680 4586 1783 4623 non
1806 4585 1906 4640 ego
1935 4583 2076 4623 nunc

495 4675 668 4730 bonos
700 4683 852 4726 actus
893 4685 1093 4725 accuso
1124 4688 1138 4723 :
1181 4667 1275 4721 sed
1305 4666 1446 4720 sicut
1468 4665 1621 4720 stella
1658 4665 1828 4718 stellae
1858 4662 2076 4731 praefert

495 4765 692 4838 gloria,
733 4764 808 4816 ita
845 4771 900 4817 et
929 4770 1082 4816 actus
1116 4759 1229 4832 (9|)
1278 4759 1491 4811 actibus
1539 4752 1795 4809 dillerunt
1847 4755 2070 4807 honore.

495 4860 779 4914 Summum
835 4854 980 4907 enim
1021 4861 1078 4905 ct
1114 4850 1462 4920 praecipuum,
1503 4854 1558 4901 et
1597 4847 1828 4914 primum
1882 4844 2074 4896 funda-

494 4957 735 5005 mentum
770 4955 824 4999 et
871 4944 1021 5016 radix
1060 4940 1300 4995 omnium
1325 4954 1550 5008 operum
1577 4954 1697 5007 qme
1731 4939 1886 4999 littnl,
1937 4937 2071 4989 lides

493 5050 579 5097 est
601 5052 750 5096 vera.
775 5036 910 5092 Dicit
936 5035 1080 5090 enim
1112 5031 1370 5086 Dominus
1393 5045 1408 5084 :
1431 5030 1541 5099 Ego
1561 5040 1776 5099 promer
1803 5029 1898 5082 hoc
1927 5029 2064 5091 veni,

2186 2450 2464 2520 dicitqnia
2506 2451 2625 2506 ideo
2657 2462 2815 2508 natus
2843 2471 2983 2516 sum,
3030 2463 3086 2509 et
3134 2455 3256 2508 ideo
3299 2455 3420 2508 veni
3455 2457 3508 2509 in
3557 2455 3766 2510 mundo

2187 2552 2247 2597 ut
2274 2553 2441 2598 tester
2464 2545 2704 2608 veritati,
2733 2555 2788 2600 et
2814 2557 2869 2599 tu
2898 2547 3128 2601 abnuis?
3157 2546 3290 2600 Nam
3327 2558 3382 2601 et
3402 2547 3595 2602 Petrus
3629 2549 3764 2602 bea-

2186 2641 2293 2695 tus,
2326 2635 2518 2690 beatus
2559 2637 2762 2691 dicitur
2794 2637 2864 2702 ⁸⁸,
2893 2653 2998 2691 ιιοη
3047 2638 3118 2693 ob
3141 2638 3425 2707 jejunium,
3477 2654 3654 2708 neque
3690 2639 3765 2694 ob

2184 2726 2329 2780 aliud
2383 2728 2603 2796 aliquod
2656 2745 2814 2798 opus,
2851 2731 2944 2784 sed
2999 2731 3124 2800 quia
3176 2730 3338 2785 Pater
3386 2731 3438 2784 ei
3497 2732 3766 2787 revelavit

2183 2817 2405 2872 Filium.
2442 2819 2508 2874 Et
2552 2821 2748 2875 iterum
2799 2821 2959 2877 Pater
2991 2823 3191 2891 ubique
3225 2822 3290 2878 de
3332 2822 3473 2878 Filio
3505 2833 3759 2879 testatur.

2183 2907 2316 2963 Nam
2361 2921 2418 2964 et
2471 2911 2524 2965 in
2576 2912 2842 2979 baptismo
2901 2912 3147 2978 Joannis,
3205 2916 3348 2966 etin
3403 2922 3590 2966 monte
3622 2913 3760 2967 nihil

2183 3001 2327 3057 aliud
2355 3003 2728 3072 proclamavit,
2757 3005 2858 3058 nisi
2883 3019 2897 3056 :
2920 2999 3020 3057 Hic
3051 3013 3128 3057 est
3159 3003 3333 3056 Filius
3359 3015 3505 3056 meus
3536 3004 3764 3058 dilectis-

2183 3097 2370 3160 simus,
2398 3096 2454 3148 in
2488 3111 2592 3165 quo
2631 3097 2754 3150 bene
2780 3096 3069 3164 complacui
3092 3095 3160 3151 ¹¹⁸.
3196 3094 3462 3150 Similiter
3487 3104 3543 3150 et
3563 3095 3756 3150 Paulus

2185 3190 2309 3241 dum
2349 3188 2570 3242 doceret
2614 3188 2879 3242 dicebat:
2926 3181 3352 3242 Fundamentum
3394 3189 3544 3243 aliud
3573 3199 3757 3259 prater

2180 3295 2300 3333 eum
2321 3281 2411 3350 qui
2443 3287 2521 3332 est
2543 3280 2743 3347 positus
2781 3296 2929 3332 nemo
2972 3288 3136 3347 potest
3179 3296 3389 3347 ponere,
3417 3291 3611 3348 praeter
3643 3295 3761 3334 eunt

2179 3371 2271 3439 qui
2321 3380 2395 3423 est
2443 3367 2682 3423 Christus
2731 3368 2889 3424 Iesus
2910 3369 2980 3424 ⁸⁸.
3038 3367 3098 3423 Si
3147 3370 3318 3439 igitur
3349 3371 3764 3426 fundamentum

2183 3461 2346 3515 fuerit
2371 3461 2602 3525 salvum,
2645 3473 2830 3529 sperat
2874 3461 3162 3516 aediﬁcatio
3207 3463 3344 3515 bene
3401 3463 3672 3532 prolicere
3703 3474 3767 3517 se

2181 3569 2342 3625 posse
2369 3571 2384 3608 :
2421 3555 2467 3609 si
2495 3555 2645 3609 radix
2676 3551 2841 3610 fuerit
2871 3570 3024 3620 sana,
3066 3568 3192 3624 spes
3215 3563 3304 3608 est
3338 3554 3543 3608 fructus
3566 3567 3629 3606 ex
3678 3567 3766 3607 ra-

2183 3647 2287 3701 mis
2318 3647 2582 3716 accipere.
2615 3649 2672 3702 Si
2699 3658 2881 3702 autem
2913 3648 3127 3701 inﬁrme
3143 3645 3306 3701 luerit
3327 3645 3757 3711 fundamentum,

2183 3738 2235 3792 in
2284 3738 2528 3806 periculo
2577 3748 2704 3794 sunt
2759 3752 2823 3793 ea
2870 3753 2990 3807 quae
3045 3745 3497 3808 superponuntur.
3544 3735 3759 3789 Aurum

2179 3832 2322 3885 enim
2375 3830 2520 3900 quod
2556 3846 2719 3900 super
2771 3830 3204 3893 fundamentum,
3248 3838 3304 3884 et
3353 3837 3664 3899 argentum,
3705 3838 3767 3883 et

2179 3929 2510 3997 margaritae,
2564 3938 2622 3984 et
2667 3929 2873 4000 lapides
2917 3913 3166 4000 pretiosi,
3221 3941 3277 3985 et
3324 3929 3529 3992 fenum,
3573 3938 3629 3984 et
3665 3932 3769 3985 sti-

2178 4021 2339 4090 pulm,
2373 4031 2427 4077 et
2459 4021 2602 4092 ligna
2649 4031 2926 4093 ponuntur
2963 4037 2978 4076 :
3021 4023 3157 4078 nihil
3191 4023 3337 4078 aliud
3384 4022 3655 4091 signiﬁcat
3704 4025 3765 4078 in

2181 4114 2284 4168 hoc
2321 4113 2464 4178 loco,
2516 4115 2620 4170 nisi
2659 4115 2877 4184 quidem
2932 4115 3375 4184 praedicationem
3418 4131 3517 4186 per
3566 4129 3762 4169 aurum

2177 4215 2228 4260 et
2275 4215 2562 4276 argentum
2599 4217 2654 4260 et
2706 4207 2914 4278 lapides
2958 4209 3250 4277 pretiosos.
3306 4207 3380 4260 Ea
3418 4216 3603 4260 autem
3638 4222 3767 4276 qua:

2177 4309 2373 4367 prteler
2399 4299 2683 4353 veritatem
2720 4309 2868 4363 sunt,
2900 4301 3009 4370 igni
3059 4309 3246 4370 utpote
3297 4300 3481 4369 digna,
3528 4295 3652 4352 leno
3708 4309 3768 4353 et

2177 4390 2389 4460 stipula:
2413 4401 2470 4446 et
2518 4393 2666 4461 ligno
2702 4393 3054 4460 comparavit.
3089 4394 3204 4446 Non
3252 4393 3399 4445 enim
3433 4390 3572 4444 dixit
3614 4391 3766 4459 Apo-

2177 4481 2381 4537 stolus:
2419 4481 2475 4536 Si
2509 4484 2632 4552 quis
2677 4498 2781 4537 non
2823 4485 3030 4537 dederit
3063 4485 3307 4553 pauperi,
3345 4485 3639 4536 anathema
3666 4484 3763 4537 sit.

2178 4573 2290 4627 Non
2330 4576 2427 4627 ista
2458 4577 2662 4645 dcuego
2707 4593 2722 4630 :
2761 4577 2855 4629 sed
2890 4591 3009 4644 quae
3049 4577 3224 4639 prima
3255 4586 3403 4638 sunt,
3442 4576 3660 4644 prima;
3707 4585 3767 4630 et

2175 4651 2297 4734 quae
2354 4669 2632 4731 secunda,
2685 4667 2941 4721 secunda.
2998 4665 3184 4722 Primo
3230 4669 3487 4722 condisce
3540 4678 3765 4737 propter

2174 4773 2336 4826 quem
2373 4756 2529 4823 facis,
2564 4769 2619 4811 et
2652 4759 2722 4812 ita
2763 4759 2939 4814 facito.
2971 4758 3117 4812 Multi
3149 4762 3290 4815 cnim
3330 4760 3610 4812 hominum
3661 4774 3758 4828 pe-

2175 4850 2394 4902 coribus
2442 4860 2570 4903 sunt
2619 4850 2826 4904 similes
2866 4866 2879 4902 :
2931 4860 3122 4920 putant
3153 4864 3261 4903 non
3292 4864 3415 4903 esse
3448 4850 3765 4903 necessaria

2174 4955 2418 5010 qnterere
2453 4942 2518 4995 de
2552 4943 2636 4995 his
2660 4957 2782 5010 (ιιιιιΔ
2812 4943 3088 5012 possibilia
3121 4953 3246 4995 sunt
3270 4951 3604 5011 quaerantur.
3638 4940 3771 4997 Sic-

2174 5043 2233 5087 ut
2253 5049 2385 5103 ergo
2411 5035 2478 5088 de
2506 5035 2590 5089 his
2617 5051 2737 5104 qua:
2766 5045 2992 5102 possunt
3015 5036 3208 5104 quaeri,
3243 5035 3496 5090 inertium
3525 5043 3609 5089 est
3649 5049 3770 5090 non

493 5144 540 5188 et
569 5140 780 5203 propter
803 5130 900 5184 hoc
930 5138 1086 5183 natus
1115 5141 1258 5192 sum,
1293 5134 1350 5177 ut
1389 5134 1544 5178 tester
1587 5123 1796 5176 veritati
1826 5123 1896 5176 ⁸³.
1945 5121 2065 5193 Ipse
2094 5116 2142 5171 Ι)
2167 5139 2446 5195 quaerere;
2501 5125 2579 5178 ita
2623 5125 2689 5179 de
2744 5124 2829 5178 his
2861 5138 2981 5193 qua:
3028 5138 3134 5177 non
3186 5135 3410 5178 necesse
3443 5132 3526 5176 est
3561 5124 3774 5191 qua-ri,

543 5318 587 5353 ’9
608 5317 905 5381 Joan.xuv,
955 5315 1085 5381 27..
1151 5314 1198 5347 ³⁸
1235 5313 1392 5369 Joan.
1437 5330 1477 5380 ι,
1539 5311 1636 5378 18;
1698 5327 1784 5372 ιιι,
1831 5311 1921 5369 i8.

2049 5314 2094 5346 οι
2121 5311 2138 5365 ι
2169 5312 2310 5366 Tim.
2345 5327 2403 5376 ν,
2437 5311 2525 5366 I7.

2623 5311 2668 5345 δ’
2693 5311 2826 5366 an.
2863 5327 2924 5374 χ,
2956 5311 3048 5366 25.
3183 5309 3408 5366 "Joan.
3453 5325 3618 5377 xvnt,
3668 5308 3777 5367 37.

493 5388 542 5422 “
570 5373 760 5443 Matth.
808 5373 920 5452 xvi,
960 5373 1085 5441 I7.‘
1125 5385 1173 5419 ⁸⁸
1200 5387 1388 5440 Matth.
1421 5373 1502 5448 ni,
1537 5373 1633 5447 175
1673 5397 1808 5450 xvu,
1837 5385 1892 5437 5.
1971 5385 2018 5416 ⁸⁸
2062 5385 2083 5438 I
2119 5383 2245 5439 Cor.
2283 5399 2365 5447 Ill,
2391 5373 2478 5440 II.
2570 5387 2591 5397 '

565 5503 677 5576 (86)
719 5504 819 5576 Tu‘i
839 5503 1284 5576 propter.'Evsxa
1305 5501 1421 5565 σοῦ,
1450 5500 1646 5554 iterum
1671 5499 1809 5553 infra
1842 5502 1942 5557 sub
1970 5501 2064 5557 lin.

493 5573 587 5632 lib.
620 5573 694 5639 vi,
721 5575 798 5628 De
818 5592 876 5628 eo
905 5576 1047 5644 quod
1068 5577 1144 5628 ait
1168 5575 1331 5629 Deus.

567 5644 681 5712 (87)
724 5643 982 5708 Impertit.
1010 5643 1173 5700 Forte
1201 5644 1478 5709 impertiet.

568 5649 655 5712 (87
724 5649 982 5708 Impertit.
1011 5649 1173 5700 Forte
1201 5649 1478 5709 impertiet.

568 5649 685 5782 (88)
724 5713 869 5765 Beati
892 5713 1037 5765 illius
1061 5715 1179 5768 viri.
1216 5714 1503 5781 Pamphili,
1534 5726 1593 5769 nt
1621 5713 1786 5767 Ilcnr.
1817 5713 2064 5768 Valesius

498 5794 720 5846 censet;
747 5797 844 5835 nos
889 5783 1184 5851 Agapetum
1234 5787 1411 5852 potius
1445 5798 1696 5850 putamus
1730 5783 1943 5839 Eusebii
1971 5790 2065 5840 de—

2174 5515 2471 5565 cessorem,
2503 5501 2570 5555 de
2621 5515 2730 5568 quo
2763 5499 2966 5554 Euseb.
3028 5499 3124 5552 lib.
3178 5515 3249 5552 vn
3311 5497 3454 5553 Hist.
3505 5512 3627 5568 cap.
3664 5493 3775 5560 52,

2175 5575 2241 5626 tle
2279 5574 2467 5625 eodem
2504 5575 2662 5626 beato
2687 5573 2802 5623 viro
2833 5572 2972 5624 intra
3004 5573 3109 5623 col.
3143 5570 3300 5623 I063.

2244 5643 2355 5708 (89)
2402 5641 2622 5694 Bonum.
2656 5642 2900 5711 Valesius
2929 5641 3052 5711 legit
3085 5657 3290 5693 sonum.

2244 5718 2356 5776 (μιν)
2399 5711 2532 5764 Ecce
2563 5713 2720 5764 enim.
2771 5709 3013 5764 Valesius
3046 5713 3172 5775 legit
3203 5713 3312 5763 huic
3341 5710 3501 5766 enim.

2245 5784 2357 5854 (9i)
2402 5783 2522 5850 Μελ,
2553 5782 2746 5836 Prwest
2777 5785 2970 5851 gloria,
3002 5784 3072 5836 ita
3096 5795 3139 5836 et
3175 5795 3350 5835 actus.
