4134 6550
446 425 580 479 1061

1304 426 1388 482 DE
1422 430 1578 485 FIDE
1608 432 1979 489 ADVERSUS
2018 432 2432 489 SABELLIUM.
2472 468 2541 477 —
2575 434 2702 489 LIB.
2746 436 2811 491 ll.

3546 441 3684 498 1063

445 541 667 594 audacia
695 548 777 597 est
800 545 1100 612 quaerendi.
1130 545 1260 613 Quae
1282 560 1411 617 ergo
1436 550 1631 603 debent
1665 552 1871 619 quaeri?
1899 567 2017 620 quae
2043 559 2091 613 Α
2116 561 2169 606 et
2189 567 2293 607 nos
2325 552 2377 605 in
2402 568 2537 621 pace
2561 554 2792 616 vocavit,
2832 568 2938 608 non
2973 561 3147 609 tamen
3183 556 3250 611 ad
3281 556 3427 613 litem
3460 574 3474 610 :
3506 573 3680 630 pugna

444 634 750 690 invenimus
776 635 831 689 in
866 634 1161 706 Scripturis
1183 638 1360 709 posita
1394 656 1407 693 :
1437 656 1557 709 qua:
1583 652 1759 696 autem
1783 644 1835 697 in
1865 642 2012 697 Scri-

442 724 617 788 pturis
664 739 769 778 non
822 725 1161 795 invenimus,
1210 745 1318 784 non
1368 745 1696 800 quaeramus.
1757 733 1813 787 Si
1863 736 2007 788 enim

438 826 717 884 oporteret
754 819 910 874 nobis
940 834 1062 876 esse
1103 822 1338 891 cognita,
1370 825 1557 893 utique
1602 827 1836 893 Spiritus
1880 843 2009 882 san-

440 917 562 964 ctus
598 911 873 979 posuisset
920 928 982 967 ea
1032 915 1084 967 in
1121 914 1418 984 Scripturis
1454 934 1468 970 :
1501 931 1607 972 non
1638 933 1826 973 sumus
1862 920 2005 974 enim

443 1004 799 1069 sapientiores
845 1020 876 1060 a
925 1007 1129 1076 Spiritu
1176 1016 1384 1067 sancto.
1425 1009 1485 1064 Si
1535 1010 1735 1065 dixerit
1774 1011 2006 1081 Spiritus

438 1105 661 1151 sanctus
696 1114 708 1150 ε
749 1096 1145 1153 Generationem
1185 1100 1299 1170 ejus
1328 1101 1444 1169 quis
1473 1102 1742 1154 enarrabit
1764 1102 1849 1156 “7?
1896 1104 2004 1159 noli

439 1202 684 1255 quaerere
718 1203 892 1257 neque
925 1188 1369 1254 abhominibus,
1426 1205 1601 1260 neque
1657 1193 1724 1246 ab
1775 1193 2003 1263 angelis.

432 1278 551 1333 Cur
572 1279 856 1349 abnegavit
899 1278 1155 1349 Spiritus,
1184 1281 1320 1335 dixit
1351 1280 1495 1336 enim
1528 1282 1652 1351 quia
1693 1285 2002 1352 generatio-

426 1374 706 1444 ‘nem‘ejus
745 1375 866 1442 quis
887 1373 1198 1428 enarrabit?
1230 1374 1319 1443 qui
1352 1382 1531 1427 autem
1556 1375 1803 1429 concedit
1830 1374 2002 1444 Spiri-

437 1474 525 1519 tus
547 1481 806 1535 quarrere,
842 1465 989 1521 Unus
1017 1466 1158 1521 Deus
1187 1481 1253 1520 ea:
1274 1482 1377 1536 quo
1410 1474 1530 1520 sunt
1567 1467 1766 1531 omnia,
1788 1477 1837 1520 et
1866 1484 2003 1522 unus

429 1556 693 1610 ‘Domiuus
711 1556 864 1610 Iesus
887 1573 979 1625 per
998 1573 1150 1627 quem
1183 1566 1303 1611 sunt
1330 1557 1508 1611 omnia
1535 1556 1581 1589 ⁸⁸
1609 1572 1624 1611 :
1649 1556 2001 1627 quemadmo-

432 1647 560 1701 dmn
591 1657 770 1703 autem
804 1649 973 1703 Filius
1017 1664 1083 1703 ex
1114 1648 1293 1711 Patre,
1318 1649 1480 1703 crede
1512 1649 1559 1703 ei
1594 1651 1684 1719 qui
1735 1650 1903 1713 novit,
1950 1651 1998 1703 ei

432 1740 523 1808 qui
551 1741 811 1795 noscitur.
848 1742 952 1795 Sed
983 1749 1035 1794 tu
1061 1740 1283 1810 quieris,
1308 1748 1362 1794 et
1395 1740 1517 1809 quis
1546 1751 1630 1796 est
1653 1742 1745 1809 qui
1775 1741 2001 1811 promit-

424 1839 512 1884 tat
559 1846 617 1885 se
654 1832 845 1886 nosse?
873 1832 1049 1885 omnis
1096 1831 1242 1886 enim
1288 1833 1595 1901 quicunque
1628 1833 1897 1902 promittit
1940 1848 1999 1888 se
2030 1863 2073 1918 Β

431 1938 609 1987 nosse,
668 1927 895 1978 mendax
935 1933 1037 1978 est.
1096 1922 1470 1979 Pronuntiavit
1518 1926 1662 1979 enim
1717 1924 1991 1994 Dominus,

429 2015 573 2084 quod
632 2016 808 2070 nullus
867 2016 1011 2071 norit
1071 2017 1172 2071 nisi
1236 2016 1386 2072 solus
1436 2017 1599 2073 Pater
1653 2016 1890 2085 Filium,
1940 2029 1994 2074 et

418 2106 597 2162 Filius
637 2106 875 2163 Patrem.
924 2109 1030 2163 Sed
1058 2108 1189 2163 dicit
1219 2109 1438 2178 quidam
1474 2128 1488 2163 :
1525 2110 1839 2178 lgnoramus
1862 2125 1993 2181 ergo

425 2200 554 2269 quia
584 2209 668 2255 est
700 2199 861 2265 Deus,
893 2206 947 2255 et
991 2200 1116 2271 quia
1163 2216 1268 2257 non
1305 2213 1464 2256 natus
1493 2212 1595 2268 est,
1630 2211 1685 2257 et
1725 2205 1995 2258 nescimus

424 2276 553 2360 quia
602 2303 657 2347 et
690 2292 856 2346 Filius
885 2303 941 2348 et
980 2293 1283 2363 unigenitus
1318 2302 1402 2348 est
1454 2293 1662 2349 Filius?
1716 2296 1993 2362 Quomodo

424 2394 603 2439 autem
640 2387 908 2440 nescimus
956 2387 1079 2456 quia
1125 2396 1281 2440 natus
1325 2386 1445 2441 est?
1502 2388 1624 2456 quia
1666 2398 1842 2441 autem
1886 2396 1991 2453 est,

412 2476 603 2530 omnis
624 2476 819 2531 clamat
839 2476 1115 2546 Scriptura
1149 2495 1162 2531 :
1192 2478 1642 2547 quemadmodum
1682 2487 1860 2532 autem
1886 2488 1990 2542 est,

422 2576 477 2620 et
509 2575 765 2635 quantum
798 2575 899 2632 est,
924 2567 1066 2622 nulla
1105 2554 1247 2622 valet
1285 2579 1473 2621 natura
1505 2568 1706 2631 dicere,
1734 2583 1903 2639 nequc
1924 2569 1993 2623 de

424 2653 606 2719 Patre,
638 2670 811 2725 neque
849 2657 915 2710 de
935 2656 1089 2710 Filio.
1126 2656 1225 2724 Qui
1249 2656 1392 2711 enim
1426 2656 1603 2711 dixit:
1645 2656 1815 2711 Nemo
1851 2657 1993 2711 novit

423 2745 663 2810 Patrem,
694 2747 793 2800 nisi
832 2745 1005 2801 Filius
1028 2749 1090 2807 ⁸⁸.
1120 2750 1233 2818 ipse
1265 2748 1397 2803 dixit
1430 2748 1552 2817 quia
1586 2755 1636 2801 et
1666 2745 1867 2801 Filium
1903 2765 1992 2802 ne-

416 2854 505 2891 mo
529 2839 691 2901 novit,
718 2838 819 2892 nisi
846 2838 1008 2892 Pater
1026 2840 1092 2890 νο.
1123 2839 1580 2905 Quemadmodum
1608 2839 1749 2892 enim
1776 2840 1993 2908 capiunt

419 2944 481 2982 ea
509 2946 627 2999 qua:
657 2945 752 2999 per
780 2931 971 2985 Filium
1006 2931 1143 2986 facta
1175 2940 1318 2995 sunt,
1353 2944 1512 2984 nosse
1546 2946 1668 2984 eum
1706 2944 1799 2998 per
1831 2944 1989 2998 quem

419 3033 474 3077 et
504 3023 643 3078 facta
679 3024 841 3078 sunt?
888 3023 944 3078 Si
988 3024 1150 3090 igitur
1177 3024 1463 3094 imaginem
1507 3038 1612 3077 non
1648 3022 1757 3076 nati
1797 3032 1990 3076 natura

418 3129 530 3169 non
569 3115 810 3184 pervenit
844 3129 1022 3180 nosse,
1052 3115 1498 3183 quemadmodum
1535 3115 1706 3183 ipsum
1730 3113 1992 3183 principa-

2114 658 2217 696 non
2256 643 2437 709 docet,
2486 645 2577 698 sed
2609 646 2798 699 incitat
2832 646 3003 716 magis
3054 665 3068 700 :
3102 647 3168 701 lis
3206 663 3313 703 non
3355 662 3557 713 monet,
3587 653 3681 705 sed

2109 733 2378 789 ﬂammam
2410 738 2677 791 accendit.
2711 737 2998 793 Contentio
3024 749 3202 794 autem
3227 743 3382 812 equis
3410 745 3681 806 c0nvenit,

2110 840 2215 879 non
2248 837 2426 881 tamen
2460 827 2713 883 Ecclesia:
2738 829 2853 885 Dei.
2888 831 2987 897 Qui
3014 831 3162 884 novit
3191 847 3253 887 ea
3275 848 3397 901 qua:
3426 833 3683 902 possibile

2108 926 2195 971 est
2244 919 2404 982 scire,
2450 920 2640 973 doceat
2682 934 2804 974 cum
2849 923 3112 977 modestia
3161 924 3401 993 eumqui
3444 926 3679 994 ignorat,

2108 1023 2215 1061 non
2247 1016 2423 1064 tamen
2464 1010 2815 1066 incitamento
2862 1029 2876 1066 :
2918 1014 3325 1070 incitamentum
3357 1016 3500 1070 enim
3529 1026 3583 1071 et
3610 1017 3679 1070 ad

2107 1111 2171 1152 ea
2208 1113 2329 1167 qua:
2357 1109 2542 1169 aperta
2594 1110 2719 1156 sunt
2766 1104 3163 1159 contentionem
3208 1106 3347 1173 parit
3402 1122 3552 1161 :non
3604 1108 3678 1161 ita

2106 1191 2495 1259 periclitemur,
2544 1194 2639 1248 sed
2674 1202 2787 1249 tute
2820 1194 3127 1263 loquamur.
3172 1196 3228 1251 Si
3261 1198 3389 1266 quid
3416 1199 3675 1265 scriptum

2105 1298 2213 1337 non
2249 1292 2352 1347 est,
2414 1299 2480 1339 ne
2514 1287 2730 1356 quidem
2767 1288 2981 1342 dicatur
3021 1305 3037 1344 :
3084 1288 3129 1344 si
3160 1289 3285 1358 quid
3330 1299 3509 1343 autem
3541 1290 3676 1342 scri-

2103 1385 2255 1445 ptum
2285 1385 2385 1440 est,
2428 1392 2496 1431 ne
2538 1378 2816 1433 deleatur.‘
2840 1381 2956 1435 Non
2993 1396 3181 1436 sumus
3227 1380 3368 1435 enim
3402 1390 3674 1445 auctores,

2103 1469 2198 1521 sed
2229 1467 2495 1537 discipuli.
2537 1468 2651 1524 Non
2698 1484 2819 1542 quae
2854 1471 3125 1537 volumus,
3172 1473 3266 1527 sed
3302 1488 3366 1528 ea
3406 1473 3676 1542 qtttelegiu

2103 1573 2223 1612 mus
2261 1578 2274 1613 :
2312 1576 2415 1614 non
2446 1575 2508 1614 ea
2539 1577 2659 1630 quae
2682 1577 2748 1617 ex
2780 1566 2943 1617 corde
2973 1575 3118 1629 sunt,
3142 1566 3235 1620 sed
3265 1580 3327 1619 ea
3356 1582 3473 1635 qua:
3496 1582 3525 1619 a
3558 1567 3672 1636 spi-

2103 1648 2210 1702 ritu
2245 1651 2294 1702 in
2322 1650 2619 1721 Scripturis
2659 1655 2858 1708 sanctis
2892 1666 3019 1710 sunt
3048 1658 3240 1726 posita.
3275 1659 3406 1725 Quis
3435 1661 3576 1713 enim
3611 1676 3673 1715 es

2104 1749 2159 1793 tu
2195 1742 2286 1811 qui
2338 1743 2472 1796 dicis
2501 1753 2593 1797 aut
2627 1746 2716 1814 qui
2767 1747 2964 1801 audis?
3002 1748 3114 1801 vult
3162 1748 3356 1818 aliquis
3396 1749 3671 1805 Chrismm

2103 1831 2405 1898 honorare;
2454 1843 2514 1889 ut
2556 1836 2669 1889 vult
2729 1837 2841 1904 ipse
2874 1838 3143 1902 Christus,
3184 1852 3287 1894 n0n
3331 1850 3507 1894 tamen
3532 1853 3590 1895 ιιι
3613 1853 3669 1896 ιιι

2097 1922 2200 1979 vis.
2234 1924 2290 1977 Si
2318 1936 2495 1980 autem
2536 1928 2803 1995 praeteriti
2841 1928 2980 1996 quod
3016 1929 3130 1982 vult
3166 1929 3537 1995 honoraveris,
3571 1933 3669 1987 ho-

2096 2028 2198 2068 nor
2222 2024 2344 2069 tuus
2373 2017 2439 2070 ad
2463 2018 2847 2072 contumeliam
2883 2029 3249 2074 convertatur.
3290 2021 3345 2076 Si
3378 2022 3670 2080 intereme-

2096 2106 2170 2160 ris
2200 2106 2317 2174 ejus
2344 2108 2583 2173 Patrem,
2616 2126 2723 2165 non
2758 2109 3035 2164 honorasti
3060 2112 3389 2179 progeniem.
3421 2111 3479 2166 Si
3507 2113 3673 2167 inter-

2094 2200 2292 2254 emeris
2330 2200 2551 2263 Filium,
2594 2216 2701 2255 non
2743 2202 2997 2255 dimisisti
3035 2201 3250 2255 Patrem
3299 2203 3351 2254 in
3384 2203 3668 2257 honorem.

2097 2290 2152 2342 Si
2189 2289 2329 2343 enim
2376 2304 2481 2343 non
2518 2290 2717 2344 dixeris
2760 2300 2964 2358 patrem
3002 2291 3237 2355 Patrem,
3272 2300 3325 2346 et
3358 2291 3547 2345 Filium
3579 2291 3671 2346 Fi-

2094 2382 2245 2446 lium,
2303 2397 2478 2451 neque
2531 2382 2744 2437 Patrem
2776 2399 2947 2452 neque
3006 2383 3199 2437 Filimn
3238 2384 3532 2438 contiteris.
3566 2383 3668 2449 Qui

2090 2473 2234 2526 enim
2270 2473 2383 2527 haec
2416 2473 2569 2537 dicit,
2604 2475 2724 2528 sine
2775 2474 2887 2527 Deo
2940 2482 3042 2528 est.
3078 2474 3134 2529 Si
3163 2474 3308 2528 enim
3364 2475 3525 2528 Pater
3559 2489 3667 2528 non

2094 2573 2177 2619 est
2204 2564 2363 2619 Pater
2389 2604 2405 2628 ,
2463 2565 2577 2635 ipse
2615 2567 2757 2621 enim
2790 2566 2955 2621 Filius
2997 2575 3056 2620 ut
3101 2568 3210 2631 ais;
3260 2567 3456 2621 iterum
3499 2566 3668 2621 Filius

2092 2670 2197 2710 non
2235 2666 2319 2710 est
2342 2656 2528 2721 Filius,
2565 2656 2679 2725 ipse
2725 2656 2867 2711 enim
2901 2666 2954 2712 et
2988 2657 3150 2711 Pater
3180 2657 3339 2713 Pater
3368 2667 3451 2712 est
3491 2669 3548 2711 ut
3579 2656 3666 2711 di-

2092 2748 2171 2802 cis
2203 2746 2338 2818 (94).
2382 2747 2642 2817 Sequitur
2663 2749 2981 2817 periculum,
3014 2757 3071 2803 ut
3108 2764 3280 2818 neque
3310 2749 3473 2803 Pater
3507 2749 3668 2803 Pater

2093 2837 2185 2901 sit,
2232 2853 2406 2906 neque
2436 2836 2604 2893 Filius
2656 2839 2849 2904 Filius,
2905 2847 2959 2893 et
3009 2839 3136 2909 quid
3179 2838 3523 2893 tenebimus?
3561 2838 3667 2893 Sed

2092 2928 2255 2983 Pater
2278 2928 2439 2983 Pater
2458 2944 2587 2985 vere
2612 2923 2716 2993 est,
2752 2945 2856 2983 non
2892 2944 3057 2984 vacua
3088 2944 3189 2983 vox
3219 2929 3312 2983 sed
3347 2939 3537 2982 natura
3568 2943 3666 2982 ve-

2091 3020 2288 3075 ritatis.
2325 3019 2442 3073 Non
2479 3035 2651 3075 vanus
2681 3035 2883 3082 sermo,
2907 3020 3001 3073 sed
3029 3034 3190 3074 verus
3233 3019 3396 3074 Deus.
3426 3020 3543 3075 Non
3573 3021 3668 3090 qui

2092 3110 2314 3173 dicitur,
2346 3111 2439 3165 sed
2464 3110 2509 3165 is
2543 3111 2634 3179 qui
2658 3120 2741 3164 est
2769 3127 2784 3165 :
2818 3125 2921 3164 non
2945 3122 3012 3163 ex
3049 3109 3132 3164 bis
3161 3124 3280 3179 quae
3310 3111 3538 3164 dicimus
3569 3112 3669 3165 lin-

406 3205 524 3261 'lem
558 3207 670 3277 (92)
700 3208 1161 3276 comprehendere
1194 3206 1316 3275 quis
1348 3216 1525 3277 potest
1554 3218 1612 3260 ut
1638 3206 1818 3261 norit?
1854 3205 1992 3260 Sunt
2016 3201 2063 3266 (Ξ
2092 3201 2255 3268 gitur.
2308 3202 2401 3254 sed
2440 3201 2584 3270 quod
2612 3209 2695 3255 est
2723 3202 3055 3270 agnoscitur.
3106 3199 3265 3254 Pater
3306 3200 3449 3253 enim
3491 3213 3669 3271 neque

419 3299 605 3367 itaque
642 3297 886 3367 quadam
922 3297 1080 3351 nobis
1108 3297 1355 3362 dicenda,
1390 3306 1515 3352 sunt
1560 3305 1615 3352 et
1638 3298 1897 3367 quaedam.
1920 3295 1995 3351 si-

414 3391 584 3447 lentio
614 3391 856 3445 colenda.
898 3390 1036 3445 Sunt
1073 3388 1317 3457 quaedam
1348 3389 1403 3442 in
1432 3390 1675 3457 cogitatu
1705 3388 1989 3453 movenda,

417 3490 545 3539 sunt
582 3481 824 3551 quaedam
846 3487 900 3535 et
923 3481 1269 3534 veneratione
1302 3494 1407 3534 non
1439 3480 1721 3536 movenda.
1761 3479 1898 3533 Sunt
1922 3478 1992 3533 de

416 3573 611 3642 quibus
655 3572 909 3626 convenit
954 3570 1068 3641 sapi
1111 3588 1124 3624 :
1168 3578 1293 3624 sunt
1339 3578 1395 3624 et
1440 3570 1504 3624 de
1546 3570 1742 3639 quibus
1779 3579 1991 3641 Oportet

416 3664 623 3732 paveri.
649 3661 789 3716 Sunt
825 3677 945 3732 quae
965 3670 1190 3730 possunt
1226 3660 1409 3730 lingua
1434 3661 1782 3731 interpretari
1816 3679 1829 3715 :
1864 3670 1990 3717 sunt

410 3766 472 3809 et
509 3769 627 3823 quae
653 3762 880 3823 possunt
915 3752 1167 3824 religiose
1204 3752 1393 3806 taceri.
1433 3751 1607 3806 Dicito
1644 3766 1800 3817 sane,
1838 3752 1991 3808 Unus

416 3846 560 3902 Deus
587 3860 614 3896 a
644 3861 752 3914 quo
800 3853 926 3900 sunt
956 3844 1155 3907 omnia,
1186 3853 1240 3899 et
1283 3843 1458 3898 nullus
1484 3844 1679 3914 poterit
1701 3844 1989 3914 reprehen-

417 3938 564 3992 dere.
595 3935 649 3990 Si
679 3946 855 3990 autem
877 3944 930 3989 et
956 3934 1355 4003 reprehenderit
1377 3934 1515 4003 quis,
1545 3950 1649 3989 non
1677 3944 1727 3988 te
1748 3935 1838 3989 sed
1864 3949 1987 3989 eum

414 4027 509 4098 qui
538 4026 775 4096 scripsit.
810 4025 866 4079 Si
908 4037 1086 4079 autem
1115 4037 1169 4081 et
1208 4025 1430 4080 Paulum
1455 4025 1545 4094 qui
1580 4026 1797 4094 scripsit
1826 4024 1987 4078 audet

417 4120 540 4189 quis
566 4119 983 4189 reprehendere,
1012 4134 1118 4172 non
1150 4118 1394 4183 Paulum,
1426 4118 1519 4173 sed
1558 4133 1679 4172 eum
1712 4117 1802 4186 qui
1839 4131 1985 4171 sem-

413 4222 514 4278 per
548 4209 600 4263 in
632 4222 754 4263 eum
797 4206 909 4277 (95)
947 4209 1155 4262 locutus
1199 4218 1284 4263 est
1318 4206 1569 4262 Christus
1616 4206 1980 4275 reprehendit.

417 4300 475 4353 Si
500 4308 679 4352 autem
701 4296 902 4353 Christi
933 4298 1094 4351 verba
1127 4298 1522 4367 reprehendere
1545 4294 1667 4364 quis
1690 4294 1851 4348 fuerit
1888 4309 1985 4347 an-

412 4406 531 4456 sns,
558 4390 673 4460 ipse
699 4390 834 4443 dixit
863 4390 1112 4443 Christus
1160 4407 1174 4444 :
1208 4388 1338 4453 Quae
1386 4404 1477 4457 ego
1512 4387 1700 4457 loquor
1731 4402 1835 4439 non
1861 4392 1983 4438 sunt

411 4499 549 4548 mea,
591 4483 681 4536 sed
706 4481 868 4535 Pater
897 4484 984 4552 qui
1006 4482 1143 4535 misit
1179 4497 1281 4545 me,
1308 4481 1417 4549 ipse
1447 4480 1678 4550 loquitur
1703 4479 1979 4546 pennae".

415 4573 626 4629 Etenim
665 4587 838 4641 neque
878 4572 1103 4642 gentiles
1137 4586 1342 4636 sumus,
1386 4586 1559 4641 neque
1581 4569 1774 4634 Judaei,
1810 4584 1984 4638 neque

416 4666 678 4721 hazretici.
719 4665 959 4721 Gentiles
991 4665 1130 4720 enim
1164 4679 1269 4719 non
1309 4680 1512 4731 sumus,
1555 4664 1682 4733 quia
1716 4678 1819 4717 non
1850 4663 1984 4717 dici-

415 4773 534 4812 mus
559 4757 708 4811 deos.
736 4755 903 4810 Judmi
931 4771 1033 4809 non
1059 4770 1266 4819 sumus,
1291 4756 1412 4824 quia
1441 4766 1493 4809 et
1513 4755 1787 4811 Christum
1814 4756 1979 4809 Deum

415 4846 751 4901 conﬁtemur.
806 4843 1055 4898 llaeretici
1089 4854 1270 4898 autem
1303 4846 1422 4898 ideo
1462 4858 1567 4898 non
1612 4859 1820 4908 sumus,
1856 4845 1981 4916 quia

414 4937 738 4991 conﬁtemur
768 4935 925 4989 istum
968 4949 1087 4988 esse
1116 4933 1208 5003 qui
1251 4933 1418 4998 venit,
1450 4948 1608 5002 quem
1644 4933 1980 5001 praeveniens

419 5027 581 5082 Vetus
611 5026 1014 5080 Testamentum
1058 5040 1152 5095 per
1182 5028 1471 5094 prophetas
1514 5025 1825 5093 praedicavit
1854 5038 1982 5076 ven-

414 5127 615 5172 turum.
659 5116 716 5170 Si
749 5116 871 5185 quis
899 5115 1040 5169 enim
1077 5114 1309 5169 noluerit
1348 5115 1518 5178 litem,
1570 5128 1705 5182 opus
1738 5129 1841 5167 nou
1882 5118 1980 5167 ha-

414 5210 525 5265 bet.
570 5207 666 5263 Est
694 5209 938 5277 quaedam
997 5206 1257 5263 dubitatio
1317 5207 1457 5261 inter
1508 5205 1703 5261 fratres
1751 5225 1764 5261 :
1810 5207 1984 5277 primo

414 5315 537 5355 cum
574 5298 839 5355 charitate
870 5309 1166 5370 quzeratur,
1191 5308 1252 5352 ut
1275 5298 1415 5352 inter
1449 5297 1662 5352 fratres.
1694 5296 1808 5351 Non
1839 5299 1982 5352 enim

413 5391 770 5447 dissensionis
815 5400 899 5447 est
934 5392 1075 5447 Deus
1118 5400 1214 5445 aut
1264 5390 1378 5457 iraa,
1414 5392 1504 5444 scd
1548 5390 1697 5459 pacis
1726 5392 1772 5422 ”
1807 5407 1822 5444 :
1856 5391 1984 5459 quia

483 5578 527 5610 "’
551 5577 658 5633 lsa.
686 5593 803 5643 Llll,
830 5579 885 5636 8.
961 5576 1007 5611 ⁸³
1040 5577 1058 5631 l
1082 5578 1207 5634 Cor.
1233 5591 1353 5646 vui,
1376 5586 1429 5633 ι).
1504 5575 1547 5609 ⁸⁸
1579 5575 1770 5631 Matth.
1799 5591 1879 5641 ιι,
1903 5575 1993 5633 27.

485 5692 595 5836 €92)
632 5692 1000 5763 Principalem,
1028 5694 1350 5766 ἀρχέτυπον.

509 5765 598 5834 95)
628 5765 847 5829 lneum,
881 5780 977 5829 pro
1002 5767 1054 5819 in
1076 5783 1156 5821 eo.
1200 5766 1241 5819 ll
1267 5767 1342 5821 Co

509 5765 598 5834 95)
628 5765 847 5829 lneum,
881 5780 977 5829 pro
1002 5767 1054 5819 in
1069 5763 1156 5821 eo.
1200 5766 1241 5819 ll
1267 5767 1392 5821 Cor.
1421 5780 1538 5829 xm,
1567 5763 1629 5817 ιε
1660 5764 1737 5817 An
1772 5765 1979 5831 experi-

412 5835 642 5891 mentum
671 5836 907 5905 quaeritis
935 5836 1046 5906 ejus
1080 5837 1167 5907 qui
1195 5838 1247 5892 in
1271 5852 1350 5892 me
1375 5836 1605 5908 loquitur
1639 5835 1914 5889 Christus?

2092 3313 2157 3353 ex
2188 3298 2315 3361 alio,
2338 3313 2513 3368 neque
2538 3312 2632 3367 per
2672 3297 2857 3364 alium,
2889 3312 3063 3368 neque
3100 3298 3266 3361 aliud,
3298 3300 3392 3353 sed
3436 3300 3555 3369 ipse
3582 3305 3669 3354 est:

2090 3392 2183 3458 qui
2208 3399 2309 3445 est.
2350 3390 2512 3445 Forte
2542 3392 2687 3446 enim
2736 3400 2791 3447 et
2816 3407 2882 3446 ex
2920 3390 3210 3459 semetipso
3240 3399 3295 3443 et
3334 3405 3431 3459 per
3461 3399 3668 3444 semet-

2091 3482 2264 3550 ipsum
2288 3500 2303 3548 ;
2329 3483 2484 3538 nobis
2512 3483 2909 3554 quodammodo
2940 3483 3269 3538 conveniens
3294 3491 3379 3537 est
3406 3497 3586 3538 sermo
3607 3492 3668 3537 ut

2091 3572 2323 3629 dicatur.
2364 3572 2603 3628 Necdum
2662 3582 2840 3630 tamen
2885 3573 2976 3628 illa
3021 3574 3409 3643 interpretatur
3448 3583 3663 3627 natura.

2088 3659 2198 3716 Nos
2217 3661 2362 3715 enim
2385 3671 2443 3716 ut
2467 3677 2574 3717 non
2607 3672 2879 3719 taceamus
2901 3664 3021 3718 ideo
3046 3662 3295 3718 dicimus.
3323 3663 3461 3731 Quid
3480 3673 3664 3720 autem

2088 3759 2172 3807 est
2199 3750 2342 3805 Deus
2378 3765 2487 3805 non
2520 3751 2981 3821 interpretamur:
3016 3749 3145 3820 quid
3172 3748 3317 3805 enim
3361 3750 3552 3804 borum
3582 3751 3665 3803 in-

2092 3842 2410 3910 terpretatio
2442 3850 2528 3896 est
2560 3840 2678 3906 Dei,
2714 3842 2831 3897 sine
2863 3841 3039 3907 initio,
3080 3855 3186 3894 non
3223 3848 3404 3903 natus,
3439 3840 3664 3892 immor-

2090 3933 2235 4002 talis,
2270 3934 2634 4003 incorruptus,
2664 3933 3039 3997 immntabilis,
3073 3931 3384 3997 immobilis,
3417 3931 3661 3985 inacces-

2088 4025 2283 4090 sibilis,
2315 4024 2716 4090 inenarrabilis,
2767 4022 3368 4094 incomprehensibilis?
3401 4021 3507 4075 Per
3544 4020 3663 4075 haec

2087 4132 2217 4188 ergo
2244 4119 2424 4172 omnia
2476 4132 2584 4173 non
2611 4127 2694 4172 est
2719 4117 2926 4172 dictum
2974 4116 3102 4185 quid
3137 4124 3241 4180 est,
3267 4115 3359 4170 sed
3386 4112 3515 4184 quid
3551 4126 3658 4166 non

2086 4219 2171 4265 est
2213 4225 2231 4265 :
2269 4210 2417 4265 velut
2466 4209 2511 4265 si
2535 4211 2660 4280 quis
2687 4209 3038 4278 interpretari
3071 4223 3178 4262 non
3212 4206 3480 4262 suﬂiciens
3514 4204 3659 4274 quod

2085 4310 2172 4355 est
2211 4300 2413 4366 lumen,
2464 4300 2610 4355 dicat
2637 4301 2780 4368 quod
2812 4313 2917 4353 non
2951 4308 3035 4353 est
3068 4299 3435 4351 tenebrosum.
3469 4293 3659 4347 Dicere

2086 4402 2265 4449 autem
2292 4393 2433 4463 quod
2459 4392 2796 4446 tenebrosum
2829 4404 2933 4443 non
2953 4397 3055 4455 est,
3092 4402 3196 4440 non
3232 4386 3404 4441 solum
3436 4398 3537 4436 non
3561 4397 3658 4436 ex-

2089 4486 2263 4539 hibuit
2287 4495 2536 4538 naturam
2570 4482 2809 4545 luminis,
2844 4483 2937 4535 sed
2966 4488 3021 4533 et
3048 4479 3218 4547 magis
3252 4478 3484 4546 ipsarum
3513 4482 3657 4525 tene-

2087 4576 2305 4629 brarum
2346 4583 2593 4627 naturam
2628 4572 2864 4642 negavit.
2909 4567 3233 4623 Immortalis
3261 4566 3402 4619 enim
3435 4564 3651 4629 dicitur,

2084 4667 2210 4735 quia
2243 4681 2346 4720 non
2369 4666 2653 4729 morietur,
2687 4674 2740 4719 et
2766 4665 3107 4729 incorruptus
3137 4661 3261 4729 quia
3290 4674 3393 4713 non
3418 4671 3656 4712 corrum-

2084 4758 2247 4824 pitur.
2277 4754 2395 4809 Non
2439 4768 2614 4818 natus,
2658 4755 2748 4822 qui
2774 4752 2985 4807 initium
3018 4766 3124 4805 non
3153 4748 3334 4803 habet.
3372 4747 3494 4800 Haec
3531 4759 3652 4799 om-

2082 4847 2169 4899 nia
2201 4861 2304 4900 non
2337 4844 2466 4915 quid
2501 4854 2582 4899 est
2620 4844 2759 4899 Deus
2784 4842 2943 4913 dicit,
2991 4841 3087 4896 sed
3135 4839 3262 4909 quid
3294 4854 3398 4891 non
3424 4845 3525 4896 est.
3571 4835 3650 4891 Ita

2082 4953 2181 5007 per
2212 4950 2276 4991 ea
2310 4952 2429 5006 qua:
2462 4937 2692 4992 dicimus
2730 4936 2848 4991 sine
2881 4933 3328 5002 interpretatione
3365 4945 3488 4984 eum
3516 4944 3651 4984 con-

2078 5029 2312 5087 ﬁtemur.
2349 5030 2408 5084 Si
2434 5029 2737 5083 dixerimus
2765 5040 2887 5081 eum
2915 5026 3119 5081 fontem
3155 5023 3423 5085 veritatis,
3458 5036 3654 5077 nomen

2078 5120 2361 5175 veritatem
2384 5134 2491 5175 non
2516 5118 2755 5173 exhibet.
2799 5115 2905 5171 Sed
2931 5118 3057 5185 quia
3083 5130 3189 5169 non
3214 5114 3472 5167 habemus
3508 5110 3651 5179 quod

2078 5212 2344 5276 dicamus,
2387 5226 2455 5267 ex
2510 5212 2594 5265 bis
2640 5225 2761 5279 quae
2811 5210 3073 5264 habemus
3111 5207 3378 5267 dicamus,
3425 5204 3651 5256 mutuati

2068 5302 2270 5356 alienis
2303 5301 2611 5355 nominibus
2648 5299 2761 5372 (95)
2795 5302 2996 5355 utimur
3032 5314 3045 5349 :
3089 5296 3207 5349 fons
3230 5294 3372 5349 enim
3400 5292 3640 5357 agnosci-

2084 5402 2170 5447 tur
2208 5392 2349 5446 unde
2378 5401 2482 5457 est,
2515 5391 2654 5447 Deus
2683 5400 2862 5444 autem
2898 5403 3005 5444 non
3043 5385 3206 5442 habet
3233 5384 3405 5449 unde;
3438 5390 3493 5436 et
3532 5380 3653 5435 fons

2070 5580 2115 5611 ⁹⁰
2148 5577 2275 5633 ibid.
2351 5576 2394 5609 ⁹¹
2419 5576 2576 5633 Joan.
2601 5590 2700 5642 xu,
2725 5575 2816 5630 49.
2890 5575 2935 5606 ⁹¹
2959 5574 2981 5626 1
3005 5548 3131 5629 Cor.
3173 5586 3283 5637 xlv,
3308 5570 3400 5626 35.

2152 5694 2263 5767 (94)
2416 5694 2483 5767 Et
2516 5692 2675 5767 Pater
2699 5702 2794 5767 est,
2826 5700 2879 5767 ut
2901 5690 3053 5767 dicis.

2152 5757 2263 5838 (95)
2295 5766 2393 5821 Ms.
2426 5765 2476 5818 Μ
2487 5766 2685 5819 utuatis
2713 5762 2897 5817 alienis
2923 5757 3237 5814 nominibus.
