4134 6410
508 368 529 422 1
540 367 646 424 063

1208 360 1474 418 EUSEBII
1511 357 1981 418 CAESARIENSIS
2017 360 2169 418 OPP.
2208 358 2390 416 PARS
2422 359 2518 417 IV.
2557 391 2629 402 —
2660 356 3090 414 DOGMATICA.

3620 353 3770 412 1064

501 493 716 540 meatus
741 494 903 552 supra
934 487 1140 535 meatus
1163 477 1411 541 eﬁ‘nndit,
1439 479 1578 534 Deus
1603 487 1781 531 autem
1805 478 1857 531 in
1881 479 2080 548 eoipso
2108 483 2153 538 Α
2178 493 2338 548 quem
2380 487 2505 532 sunt
2547 485 2761 532 cuncta.
2804 475 2919 530 Non
2948 485 3030 530 est
3057 491 3218 530 unum
3257 490 3321 532 ex
3369 474 3643 540 omnibus,
3668 477 3769 531 sed

499 577 646 646 quod
677 585 760 629 est
795 580 977 626 manet
1003 590 1017 626 :
1054 585 1227 630 neque
1249 571 1393 624 enim
1430 586 1531 625 vox
1556 571 1886 626 conveniens
1921 573 2076 626 iuve-

500 669 672 733 nitur,
702 678 875 732 neque
917 663 1256 732 comparatio
1296 663 1622 729 perveniens
1653 664 1720 716 ad
1751 662 1896 716 illam
1923 673 2081 716 natu-

499 773 620 811 ram
644 773 661 812 :
691 755 786 811 sed
809 767 867 809 ut
889 769 994 808 non
1022 764 1295 808 taceamus
1315 753 1631 821 colligentes
1648 769 1770 824 quae
1786 755 2078 818 habemus;

502 865 623 903 cum
655 857 834 901 autem
868 846 1050 900 omnia
1079 846 1396 909 dixerimus,
1435 856 1565 901 tunc
1599 846 1926 901 conﬁtemur
1955 848 2080 915 quia

495 957 619 1011 qua:
645 941 882 996 dicimus
933 940 1065 993 nihil
1116 937 1371 993 diﬂ‘erunt
1409 953 1440 992 a
1483 940 1874 994 taciturnitate.
1920 938 2083 994 Pater

497 1050 567 1087 ex
593 1047 662 1087 eo
713 1032 1031 1101 agnoscitur
1071 1030 1242 1102 ﬁgura
1271 1031 1416 1100 quod
1450 1040 1534 1085 est
1575 1046 1680 1086 non
1707 1041 1888 1086 natus.
1931 1030 2084 1086 Unus

495 1125 641 1180 enim
665 1135 749 1179 est
779 1125 915 1194 ipse,
947 1125 1038 1193 qui
1071 1138 1176 1177 non
1201 1131 1285 1178 est
1319 1124 1386 1177 ab
1415 1122 1524 1178 alio
1569 1141 1582 1178 :
1618 1139 1758 1178 unus
1793 1134 1878 1179 est
1900 1125 1991 1194 qui
2013 1140 2082 1180 ex

496 1230 563 1270 eo
589 1216 731 1285 quod
759 1231 864 1270 non
889 1226 1045 1270 natus
1073 1225 1157 1270 est
1178 1215 1509 1285 agnoscitur.
1538 1213 1653 1269 Non
1687 1214 1856 1270 frater
1875 1216 1946 1282 ei,
1978 1231 2082 1270 non

497 1307 663 1362 Pater
690 1307 894 1372 Patris,
945 1308 1038 1362 sed
1093 1307 1386 1376 singularis
1437 1315 1630 1360 natura
1677 1317 1806 1362 est:
1853 1317 1908 1361 et
1937 1307 1990 1360 in
2019 1322 2083 1361 ea

499 1401 645 1470 quod
682 1415 786 1454 non
821 1410 984 1454 natus
1019 1409 1121 1464 est,
1151 1413 1277 1452 vere
1304 1397 1452 1453 solus
1483 1399 1814 1464 ostenditur,
1849 1415 1955 1453 non
1985 1414 2084 1452 na-

501 1503 590 1548 tus
629 1493 788 1546 Pater
823 1511 836 1548 :
885 1493 954 1546 ab
1006 1493 1107 1546 hoc
1149 1506 1280 1546 sane
1315 1508 1421 1546 non
1470 1501 1602 1547 nato
1645 1501 1898 1546 manente
1937 1492 2086 1560 quod

501 1595 588 1641 est
639 1584 926 1648 indivisus,
980 1583 1266 1650 inscissus,
1322 1585 1655 1654 impartitus,
1717 1584 2083 1652 impassibilis,

498 1677 817 1748 unigenitus
853 1687 941 1732 est
969 1674 1140 1730 Filius
1171 1688 1331 1730 natus
1360 1695 1375 1730 :
1404 1693 1578 1747 neque
1600 1677 1738 1731 alius
1757 1687 1838 1731 est
1863 1693 1966 1731 non
1999 1692 2088 1730 na-

503 1779 612 1835 tus,
662 1785 837 1839 neque
873 1769 1010 1824 alius
1061 1770 1408 1839 unigenitus;
1463 1772 1556 1824 sed
1597 1787 1738 1824 unus
1780 1785 1885 1825 non
1931 1780 2088 1825 natus

499 1861 685 1930 Pater,
718 1871 775 1916 et
805 1877 946 1916 unus
974 1861 1285 1930 unigenitus
1301 1862 1492 1916 Filius.
1523 1863 1644 1917 llaec
1670 1878 1774 1916 non
1798 1879 1894 1916 nos
1926 1864 2088 1917 extol.

502 1953 640 2018 lunt,
689 1953 948 2006 memoria
983 1951 1127 2005 illius
1176 1953 1315 2006 beati
1351 1955 1474 2006 viri.
1513 1953 1728 2008 Utinam
1784 1965 1959 2008 autent
2016 1957 2087 2008 ita

501 2044 705 2110 possim
738 2042 938 2107 dicere,
962 2052 1024 2096 ut
1053 2042 1329 2096 vobiscum
1357 2057 1570 2112 semper
1592 2045 1659 2096 ab
1687 2045 1876 2098 eodem
1903 2045 2088 2099 audie-

502 2133 646 2185 bam.
693 2131 799 2186 Sed
845 2147 909 2186 ea
938 2148 1056 2202 qua:
1094 2149 1236 2188 nunc
1264 2134 1542 2201 dicuntur,
1580 2135 1654 2188 illi
1688 2135 1884 2205 placita
1923 2136 2088 2191 fuisse

501 2224 777 2278 videntur.
822 2223 1003 2279 Gloria
1045 2226 1189 2278 enim
1214 2236 1299 2281 est
1322 2226 1615 2295 proborum
1647 2243 1928 2282 servorum
1956 2244 2084 2284 vera

501 2314 568 2368 de
599 2314 824 2369 Domino
849 2314 1030 2369 dicere
1055 2331 1070 2368 :
1099 2323 1158 2369 et
1187 2315 1360 2370 honor
1379 2331 1568 2370 eorum
1597 2328 1808 2388 patrum
1833 2319 1924 2386 qui
1948 2318 2086 2373 bene

500 2406 827 2472 docuerunt,
851 2407 896 2461 si
931 2417 1249 2476 repetantur
1277 2424 1464 2464 eorum
1501 2411 1778 2465 doctrinm.
1805 2410 1958 2466 Unus
1982 2413 2083 2482 igi-

499 2507 595 2551 tur
632 2507 716 2553 est
749 2515 856 2553 non
888 2511 1050 2554 natus
1075 2501 1218 2554 Deus
1254 2518 1268 2556 ε
1309 2516 1464 2554 serva
1496 2501 1606 2572 (96)
1639 2519 1743 2556 non
1771 2513 1932 2557 natus
1957 2518 2081 2558 cum

504 2591 688 2660 Patre,
722 2602 778 2646 et
811 2607 915 2648 non
941 2594 1165 2649 habebis
1191 2594 1244 2648 in
1277 2595 1458 2649 anima
1483 2595 1850 2650 confusionem
1882 2613 1896 2648 :
1922 2611 2082 2650 serva

504 2683 815 2753 unigenitus
852 2697 974 2736 cum
1003 2682 1158 2749 Filio,
1185 2693 1238 2738 et
1266 2699 1371 2737 non
1400 2684 1724 2750 turbaberis,
1777 2698 1950 2752 neque
1968 2685 2082 2753 iam

503 2777 615 2831 eris
639 2775 879 2830 incertus
917 2777 1370 2845 quemadmodum
1403 2777 1542 2830 Deus
1590 2786 1644 2829 et
1678 2775 1838 2842 Deus,
1874 2787 1930 2831 et
1973 2793 2081 2833 non

511 2863 628 2920 Dei.
668 2864 808 2932 Quia
862 2867 1006 2920 enim
1045 2865 1246 2920 retines
1269 2881 1409 2920 unus
1445 2865 1586 2920 Deus
1628 2880 1733 2919 non
1790 2877 1972 2933 natus,
2026 2877 2082 2923 et

505 2969 646 3008 unus
675 2956 815 3009 Deus
842 2955 1191 3024 unigenitus;
1221 2955 1339 3011 ideo
1364 2971 1468 3010 non
1493 2958 1589 3022 dii,
1613 2958 1738 3027 quia
1769 2973 1948 3028 neque
1975 2975 2078 3014 non

489 3047 651 3110 ‘nati,
682 3059 856 3116 neque
894 3047 1153 3117 unigeniti
1189 3064 1204 3100 :
1245 3062 1402 3102 serva
1450 3047 1678 3118 ﬁguram
1716 3065 1818 3102 non
1852 3050 1981 3114 nati,
2026 3061 2082 3106 et

2181 588 2276 641 per
2295 586 2457 640 quem
2482 579 2610 625 sunt
2653 570 2836 624 omnia
2867 589 2880 624 :
2916 569 3031 637 ipse
3052 583 3082 621 a
3109 567 3266 623 Patre
3313 567 3481 624 habet
3509 569 3652 638 quod
3682 577 3773 622 est

2181 663 2353 718 haeres
2387 681 2402 717 :
2433 677 2537 715 non
2565 671 2649 716 est
2681 677 2747 716 ex
2779 663 3116 716 haereditate.
3141 662 3443 717 Consessor
3465 675 3571 714 non
3591 670 3769 714 estex

2181 755 2388 826 angelis
2420 755 2510 823 qui
2545 755 2782 820 adstant,
2832 768 3008 821 neque
3047 769 3113 809 ex
3157 751 3499 824 archangelis
3537 771 3552 806 :
3599 751 3770 818 iudex

2181 849 2422 901 omnium
2449 863 2554 902 non
2581 856 2664 902 est
2696 863 2835 903 unus
2864 865 2929 902 ex
2963 848 3045 902 his
3085 848 3174 916 qui
3208 846 3541 916 iudicantur.
3576 843 3653 899 Ne
3685 854 3774 896 at-

2185 944 2372 998 trahas
2410 955 2658 998 naturam
2698 960 2822 1015 qua:
2866 960 2970 999 non
3004 945 3236 1007 accedit,
3284 957 3459 1011 neque
3496 918 3811 1014 pervenit.I

2183 1035 2352 1102 Quem
2379 1051 2446 1090 ex
2487 1037 2588 1091 hoc
2621 1036 2879 1090 debemus
2906 1051 3100 1102 nosse;
3141 1035 3269 1104 quia
3301 1034 3673 1102 unusquisque
3697 1037 3771 1085 ex

2188 1129 2271 1181 liis
2313 1143 2433 1198 quae
2476 1129 2626 1193 dicit,
2690 1139 2782 1182 aut
2839 1128 3175 1199 sibimetipsL
3201 1128 3420 1197 prodest
3455 1136 3552 1181 aut
3598 1125 3768 1178 laedit.

2186 1218 2293 1273 Res
2334 1221 2476 1275 enim
2507 1237 2572 1276 ex
2607 1221 2809 1277 nostris
2860 1222 3196 1276 sermonibus
3237 1236 3342 1274 non
3384 1217 3766 1273 transferetur.

2186 1311 2320 1378 Quia
2351 1313 2511 1380 igitur
2546 1311 2715 1368 Judaei
2747 1327 2850 1366 non
2895 1313 3218 1366 conﬁtentur
3250 1309 3466 1373 Filium,
3505 1323 3613 1363 non
3641 1307 3769 1362 ideo

2188 1421 2292 1459 non
2319 1415 2400 1459 est
2427 1403 2615 1459 Filius.
2651 1402 2918 1459 Judicabit
2954 1405 3099 1459 enim
3119 1416 3215 1457 eos
3239 1402 3332 1473 qui
3361 1416 3468 1456 non
3501 1400 3773 1457 conﬁtens

2190 1505 2278 1550 tur
2301 1512 2424 1550 eum
2457 1513 2472 1550 :
2501 1495 2626 1562 quia
2661 1495 2876 1564 quidem
2918 1509 3114 1548 navum
3141 1492 3281 1548 istud
3310 1490 3652 1561 sacrilegium
3677 1490 3768 1544 in-

2190 1590 2544 1644 troduxerunt
2569 1590 2831 1652 dicentes.
2883 1589 3134 1643 eumdem
3179 1587 3352 1656 ipsum
3382 1599 3503 1640 esse
3545 1583 3766 1638 Patrem

2191 1697 2348 1750 quem
2374 1693 2428 1737 ει
2456 1681 2650 1735 Filium
2685 1699 2702 1736 :
2743 1697 2917 1747 neque
2946 1679 3158 1734 Patrem
3182 1679 3398 1733 Patrem
3433 1679 3632 1741 dicent,
3670 1691 3767 1730 ne-

2189 1786 2296 1841 que
2318 1771 2510 1825 Filium
2541 1771 2740 1826 Filium
2766 1789 2779 1825 :
2819 1771 2911 1824 sed
2941 1770 3238 1826 secundum
3267 1771 3505 1838 ipsorum
3537 1767 3765 1822 sacrile-

2189 1866 2331 1933 gium
2357 1863 2486 1916 nihil
2511 1877 2751 1930 prorsus.
2776 1861 2832 1916 Si
2849 1862 2993 1914 enim
3017 1861 3176 1915 Pater
3198 1875 3302 1914 non
3327 1871 3413 1914 est
3435 1859 3613 1925 Pater,
3637 1859 3764 1928 quia

2189 1955 2304 2023 ipse
2331 1961 2416 2008 est
2444 1963 2499 2007 et
2524 1951 2712 2015 Filius,
2758 1961 2816 2003 ut
2859 1952 2955 2019 ipsi
2988 1950 3333 2021 ﬂagitantur;
3377 1959 3430 2003 et
3461 1947 3630 2002 Filius
3656 1962 3766 2001 non

2187 2045 2381 2108 Filius,
2402 2045 2527 2114 quia
2557 2045 2670 2114 ipse
2699 2053 2782 2096 est
2810 2042 2970 2095 Pater
2999 2061 3010 2094 :
3041 2056 3206 2110 prope
3234 2048 3317 2094 est
3360 2049 3419 2092 ut
3447 2041 3630 2094 dicant
3669 2053 3764 2092 ne-

2187 2152 2292 2207 que
2321 2136 2536 2190 Patrem
2561 2150 2705 2198 esse,
2738 2149 2912 2203 neque
2941 2132 3137 2187 Filium
3171 2149 3185 2185 :
3216 2139 3274 2186 ut
3306 2145 3469 2184 unum
3499 2129 3644 2184 enim
3679 2129 3766 2182 fa-

2185 2230 2329 2286 ciunt
2360 2229 2502 2298 quod
2533 2244 2638 2282 non
2675 2228 2752 2281 ﬁt.
2790 2225 2923 2293 Quis
2948 2227 3090 2280 enim
3129 2223 3326 2294 poterit
3350 2221 3538 2276 audire
3588 2221 3766 2290 ipsum

2185 2338 2248 2378 se
2266 2322 2370 2377 sibi
2401 2335 2521 2376 esse
2566 2319 2822 2374 Patrem?
2861 2319 2982 2388 quis
3032 2319 3230 2388 poterit
3262 2315 3476 2371 Patrem
3506 2315 3679 2383 ipsum
3709 2328 3770 2368 se

2184 2416 2289 2472 sibi
2324 2429 2445 2470 esse
2493 2411 2726 2469 Filium?
2778 2411 2835 2466 Si
2885 2411 3030 2465 enim
3083 2411 3302 2464 voluero
3337 2417 3546 2462 mutare
3580 2421 3766 2461 vocem

2185 2524 2381 2572 meam,
2417 2524 2522 2561 non
2553 2515 2791 2561 mutatur
2816 2513 3051 2559 vestrum
3080 2501 3430 2572 propositum.
3460 2501 3645 2554 Nonne
3670 2514 3768 2568 pu-

2185 2605 2312 2656 tatis
2337 2616 2421 2654 me
2455 2600 2629 2654 aliena
2673 2597 2857 2666 loqui?
2885 2596 3072 2650 Dicam
3103 2610 3234 2665 ergo
3255 2593 3415 2648 Pater
3448 2608 3553 2646 non
3580 2590 3764 2653 Pater,

2183 2701 2239 2746 et
2267 2690 2438 2745 Filius
2479 2703 2583 2742 non
2611 2686 2800 2741 Filius.
2841 2684 2974 2739 Nam
3001 2694 3055 2738 et
3091 2684 3135 2738 si
3160 2685 3371 2749 dixero,
3407 2685 3521 2751 ipse
3548 2681 3650 2736 sibi
3684 2692 3769 2734 est

2183 2783 2363 2848 Pater,
2393 2790 2446 2835 et
2470 2782 2582 2852 ipse
2600 2781 2701 2834 sibi
2727 2788 2809 2833 est
2841 2779 3039 2842 Filius;
3068 2792 3246 2831 nonne
3275 2775 3550 2830 insaniam
3580 2776 3766 2830 statim

2183 2875 2489 2946 signiﬁcant
2513 2887 2793 2928 sermones
2830 2871 2972 2925 mei?
3006 2869 3098 2924 sed
3129 2883 3215 2923 me
3256 2883 3362 2922 non
3400 2877 3610 2921 tantum
3648 2882 3765 2920 mo-

2183 2976 2346 3021 veant
2379 2965 2661 3019 adversum
2708 2978 2803 3018 eos
2831 2962 2921 3031 qui
2948 2960 3222 3022 dixerunt,
3277 2966 3540 3027 quantum
3590 2967 3767 3014 movet

2180 3064 2236 3110 et
2262 3054 2526 3109 adversus
2555 3067 2651 3107 eos
2682 3053 2774 3122 qui
2827 3051 3105 3120 patiuntur
3147 3065 3161 3102 :
3189 3047 3592 3103 calumniantur
3623 3049 3765 3102 enim

503 3136 766 3193 conﬁtere
797 3138 1021 3210 ﬁguram
1051 3139 1340 3210 unigeniti.
1391 3149 1448 3194 et
1484 3141 1626 3194 nulla
1677 3142 1887 3197 turbela
1912 3153 1995 3198 est
2024 3144 2077 3197 in
2109 3172 2151 3230 α
2185 3145 2254 3198 ab
2299 3143 2490 3198 iisdem
2539 3151 2595 3197 et
2646 3141 2956 3210 Scriptura.
3014 3136 3127 3206 Ego
3168 3153 3185 3190 :
3217 3147 3340 3191 tene
3368 3136 3500 3207 Ego,
3536 3145 3593 3190 et
3616 3151 3764 3190 serva

508 3231 712 3295 medio,
745 3246 850 3286 non
879 3231 966 3296 lis,
1001 3246 1107 3286 non
1152 3235 1450 3300 contentio,
1483 3250 1589 3290 non
1617 3237 1873 3304 iurgium.
1909 3233 2086 3291 Pater

512 3335 618 3374 non
645 3322 748 3375 sibi
780 3323 1007 3377 ascribit
1053 3321 1268 3378 Patrem
1311 3340 1326 3382 :
1366 3324 1538 3380 Filius
1563 3341 1703 3381 unus
1730 3327 1832 3381 sibi
1867 3330 2090 3383 ascribit

490 3407 725 3468 Patrem
759 3431 774 3470 :
805 3413 967 3470 Pater
989 3431 1019 3470 a
1059 3415 1210 3470 nullo
1238 3427 1346 3484 est,
1379 3416 1548 3473 Filius
1577 3421 1644 3473 ab
1671 3435 1778 3474 uno
1802 3430 1886 3475 est
1907 3420 2086 3476 Patre.

509 3503 624 3559 Non
656 3507 952 3577 suscipiunt
983 3509 1098 3563 haec
1119 3508 1290 3575 litem,
1314 3519 1409 3564 aut
1431 3510 1632 3566 habent
1661 3512 2084 3568 dubitationem:

509 3597 583 3652 Ut
608 3612 924 3670 cognoscant
959 3611 1006 3655 te
1047 3602 1216 3657 solum
1251 3621 1427 3658 verum
1479 3604 1646 3659 Deum
1670 3605 1719 3638 ”
1753 3625 1766 3660 :
1812 3623 1918 3661 non
1961 3609 2089 3678 quia

508 3708 616 3745 non
641 3707 766 3748 vere
785 3703 869 3748 est
897 3693 1202 3764 unigenitus
1227 3694 1398 3751 Filius
1419 3696 1534 3761 Dei,
1566 3699 1661 3754 sed
1684 3700 1808 3770 quia
1832 3713 1861 3752 a
1896 3710 2092 3754 semet-

505 3783 643 3853 ipso,
671 3793 728 3839 et
769 3801 834 3840 ex
866 3785 1178 3855 semetipso,
1207 3795 1261 3842 et
1301 3802 1397 3857 per
1421 3791 1790 3859 semetipsum,
1828 3791 1874 3845 si
1911 3799 2089 3845 tamen

509 3877 581 3930 ita
610 3877 717 3932 dici
744 3878 901 3932 debet
931 3895 958 3932 ε·
980 3877 1100 3932 fons
1121 3889 1176 3933 et
1203 3879 1528 3948 principium
1552 3883 1794 3935 omnium
1829 3883 2090 3936 bonorum

507 3977 592 4023 est
630 3967 810 4033 Pater,
841 3970 932 4038 qui
969 3971 1155 4040 genuit
1189 3970 1348 4026 talem
1379 3973 1572 4026 bonam
1622 3975 1952 4043 progeniem.
1985 3972 2092 4026 Bo-

513 4075 612 4114 nus
634 4061 780 4114 enim
817 4059 984 4116 Filius
1007 4074 1114 4124 est,
1136 4062 1232 4117 sed
1255 4063 1397 4118 cedit
1427 4065 1720 4118 bonitatem
1752 4081 1852 4118 suo
1887 4067 2092 4136 genito-

509 4151 580 4214 ri,
608 4165 715 4204 non
740 4151 1007 4207 mentiens
1027 4153 1120 4207 sed
1140 4152 1316 4208 sciens
1337 4155 1479 4209 unde
1499 4163 1601 4208 est.
1632 4155 1761 4209 Sine
1789 4157 2088 4225 principio:

507 4243 838 4313 principium
869 4253 1047 4298 autem
1075 4245 1196 4298 dico
1231 4260 1336 4299 non
1370 4253 1690 4316 temporum,
1727 4263 1831 4300 non
1869 4249 2092 4304 saeculo-

513 4350 672 4400 rum;
708 4335 823 4390 haec
857 4337 1001 4390 enim
1027 4351 1124 4405 per
1157 4335 1353 4390 Filium
1387 4337 1528 4391 facta
1559 4352 1705 4398 sunt,
1745 4349 1798 4394 et
1832 4355 1938 4392 non
1966 4356 2090 4395 cum

509 4426 648 4483 Filio
711 4436 834 4481 nata
890 4443 905 4481 :
964 4442 1072 4480 non
1138 4435 1348 4481 tantum
1419 4428 1565 4482 enim
1628 4444 1734 4482 non
1805 4439 1931 4485 ante
2001 4429 2092 4484 Fi-

506 4519 638 4574 lium
677 4561 694 4588 ,
745 4528 804 4574 ut
853 4519 927 4572 si‘
955 4519 1113 4573 aliter
1165 4518 1296 4588 quid
1357 4518 1706 4574 introducere
1765 4534 1886 4574 cum
1949 4519 2086 4576 Filio
2119 4505 2164 4560 Ῑ)

508 4612 781 4673 volneris,
837 4625 941 4664 non
995 4609 1233 4665 salvabis
1309 4610 1642 4681 unigenitum
1678 4654 1692 4676 ,
1775 4614 1868 4666 sed
1944 4613 2086 4667 sicut

508 4702 670 4757 Pater
702 4703 849 4758 solus
897 4717 1002 4757 non
1051 4712 1211 4756 natus
1256 4713 1362 4768 εει,
1409 4712 1464 4757 ει
1524 4703 1569 4759 si
1626 4705 1830 4760 dixeris
1883 4703 2081 4760 Filium

508 4809 614 4848 non
670 4803 877 4859 natum,
918 4794 1238 4863 periclitari;
1305 4796 1370 4848 de
1419 4809 1485 4849 eo
1540 4798 1682 4866 quod
1737 4797 1873 4852 dicis
1923 4812 1938 4849 :
2007 4797 2085 4852 ita

508 4886 556 4942 si
611 4886 738 4956 quid
786 4887 1181 4952 computaveris
1214 4903 1336 4941 cum
1389 4887 1687 4957 unigenito,
1719 4890 1846 4958 quid
1899 4889 2085 4958 loque-

508 4981 585 5035 ris
611 4981 848 5050 ignoras.
891 4975 1038 5032 Unus
1062 4965 1205 5032 enim
1239 4988 1324 5032 est
1355 4995 1462 5034 non
1497 4989 1676 5047 natus,
1711 4991 1765 5035 et
1798 4982 1905 5037 noli
1933 4997 2082 5052 quae-

509 5085 629 5125 rere
655 5073 818 5124 alium
873 5085 980 5124 non
1036 5080 1220 5123 natum
1260 5089 1274 5126 :
1313 5087 1452 5126 unus
1498 5074 1831 5142 unigenitus,
1873 5084 1931 5129 et
1977 5076 2083 5130 noli

508 5177 750 5232 quaerere
776 5162 938 5216 alium
967 5161 1179 5228 Filium,
1211 5176 1278 5215 ue
1312 5164 1673 5235 interrumpas
1698 5167 2029 5235 unigenitum
2066 5185 2079 5221 :

509 5253 815 5323 unigenitus
843 5254 986 5308 enim
1024 5269 1127 5308 non
1173 5263 1256 5308 est
1304 5269 1470 5310 unum
1501 5271 1565 5310 ex
1593 5257 1824 5324 cunctis,
1854 5257 1948 5313 sed
1989 5274 2085 5328 per

2188 3235 2623 3304 coniunctionem
2667 3251 2680 3288 :
2720 3231 2832 3304 Ego
2869 3241 2918 3286 et
2963 3230 3127 3285 Pater
3163 3247 3324 3284 unum
3353 3247 3536 3286 sumus
3560 3230 3626 3284 ".
3654 3229 3766 3284 Non

2189 3336 2368 3383 tamen
2416 3343 2521 3380 non
2565 3341 2776 3379 sumus.
2828 3325 3110 3379 Contraria
3155 3325 3300 3377 enim
3360 3323 3774 3392 importunitate

2190 3417 2346 3486 plena
2375 3426 2520 3471 sunt.
2571 3416 2739 3469 Filius
2786 3416 2936 3480 dicit,
2991 3414 3133 3485 Ego;
3169 3415 3257 3468 ille
3285 3414 3436 3479 dicit,
3485 3413 3599 3468 Non
3635 3429 3770 3481 ego:

2190 3509 2359 3564 Filius
2392 3508 2543 3572 dicit,
2571 3517 2627 3562 et
2673 3505 2865 3571 Pater;
2914 3506 3005 3560 ille
3028 3507 3178 3572 dicit,
3220 3519 3325 3558 non
3354 3504 3533 3560 Pater.
3569 3505 3769 3568 Unum,

2193 3601 2386 3671 inquit,
2417 3614 2634 3664 sumus;
2673 3608 2726 3653 et
2753 3599 2840 3652 ille
2875 3607 3086 3661 contra,
3117 3614 3220 3652 non
3255 3613 3459 3654 sumus.
3507 3600 3610 3652 Aut
3635 3599 3767 3667 quid

2193 3694 2452 3761 scriptum
2481 3700 2562 3746 est
2585 3690 2609 3744 i
2635 3699 2730 3744 aut
2759 3691 2887 3758 quid
2918 3689 3199 3744 delemus?
3225 3701 3318 3744 aut
3341 3691 3463 3760 quid
3497 3689 3766 3760 legimus?

2192 3794 2284 3839 aut
2314 3785 2444 3854 quid
2471 3783 2846 3854 agnoscimus?
2875 3783 2984 3853 Ego
3019 3783 3071 3836 in
3102 3781 3264 3838 Patre
3309 3794 3362 3838 et
3381 3782 3536 3836 Pater
3573 3783 3625 3836 in
3655 3797 3766 3835 me.

2194 3877 2310 3934 Non
2343 3887 2520 3931 tamen
2547 3876 2672 3946 quia
2706 3891 2878 3945 neque
2906 3891 3027 3945 ego,
3067 3891 3241 3945 neque
3266 3874 3427 3930 Pater
3458 3895 3469 3930 :
3511 3874 3774 3944 quemad-

2160 3970 2411 4025 'modum
2453 3979 2634 4023 autem
2682 3966 2842 4022 Pater
2878 3969 2932 4022 in
2984 3967 3143 4029 Filio,
3193 3977 3245 4021 et
3279 3966 3448 4022 Filius
3503 3967 3554 4020 iu
3588 3965 3771 4030 Patre,

2193 4060 2428 4114 maxime
2449 4059 2667 4129 quidem
2689 4073 2788 4113 cur
2809 4061 2976 4112 audes
3003 4058 3283 4126 quaerere?
3311 4058 3356 4113 is
3370 4058 3515 4111 enim
3544 4056 3633 4126 qui
3659 4055 3773 4126 (97)

2191 4161 2276 4208 est
2302 4155 2355 4206 in
2386 4165 2450 4206 eo
2480 4151 2570 4220 qui
2618 4159 2721 4215 est,
2775 4164 2878 4204 non
2915 4149 3041 4218 quia
3070 4164 3172 4203 non
3215 4147 3630 4221 εει’ἀνυπάρχει
3661 4167 3674 4203 :
3705 4165 3774 4204 an

2193 4245 2319 4312 quia
2349 4257 2452 4297 non
2477 4251 2558 4298 est
2589 4241 2751 4298 Pater
2780 4254 2838 4297 ut
2868 4244 2940 4297 sit
2982 4244 3033 4296 in
3067 4241 3203 4296 Filio
3225 4241 3567 4313 ἁνυπάρχειῖ
3599 4258 3778 4312 neque

2193 4353 2299 4392 non
2329 4346 2413 4392 est
2440 4337 2606 4390 Filius
2637 4335 2726 4405 qui
2760 4345 2841 4390 est
2876 4336 2926 4388 in
2961 4336 3124 4390 Patre
3151 4334 3446 4406 signiﬁcat.
3491 4334 3776 4404 Siquidem

2194 4437 2251 4483 et
2285 4427 2510 4497 apostoli
2543 4427 2827 4480 duodecim
2859 4441 3023 4479 unum
3053 4435 3201 4488 sunt,
3233 4436 3288 4478 et
3317 4425 3684 4494 septuaginta,
3719 4434 3778 4478 et

2191 4519 2494 4591 quingenti,
2541 4528 2595 4572 et
2646 4527 2756 4572 tota
2795 4517 3032 4572 Ecclesia
3077 4532 3264 4570 unum.
3304 4515 3369 4569 Et
3398 4531 3465 4568 ne
3499 4525 3656 4585 putes
3689 4529 3778 4569 me

2191 4615 2257 4667 ad
2297 4613 2528 4666 humana
2557 4610 2826 4666 deducere
2843 4611 3035 4664 divina
3075 4625 3091 4662 :
3125 4609 3220 4662 sed
3249 4609 3450 4663 utimur
3487 4621 3780 4676 compara-

2193 4705 2434 4758 tionibus
2468 4719 2590 4756 cum
2641 4703 2973 4772 indulgentia
3015 4703 3156 4772 apud
3203 4700 3422 4766 fratres,
3467 4710 3521 4754 et
3555 4708 3779 4755 maneat

2195 4800 2336 4852 Deus
2377 4807 2437 4851 ut
2482 4807 2582 4850 est.
2619 4795 2826 4850 Tamen
2862 4797 2907 4850 si
2960 4793 3262 4850 dixerimus
3314 4792 3776 4860 quemadmodum

2185 4888 2362 4943 omnis
2398 4887 2635 4941 Ecclesia
2670 4902 2790 4956 qua:
2838 4889 3040 4956 ubique
3085 4899 3190 4952 est,
3222 4903 3388 4940 unum
3419 4901 3619 4955 corpus
3651 4895 3776 4948 est;

2185 4980 2363 5034 nullus
2403 4979 2814 5048 reprehendat:
2866 4980 2992 5047 quia
3039 4993 3143 5031 non
3182 4980 3446 5032 mentitur
3508 4981 3645 5032 Deus
3677 4979 3779 5048 qui

2185 5073 2321 5125 dixit
2352 5090 2364 5125 :
2400 5070 2512 5141 Ego
2543 5073 2600 5125 in
2632 5075 2778 5139 ipsis,
2809 5083 2855 5124 at
2879 5083 2936 5126 tu
2958 5074 3011 5124 in
3034 5089 3114 5125 me
3135 5072 3202 5125 ".
3237 5071 3350 5126 Non
3383 5073 3507 5140 quia
3534 5073 3780 5140 abnega-

2189 5169 2390 5220 tionem
2427 5164 2602 5218 Patris
2649 5166 2935 5235 irreligiosi
2991 5180 3266 5220 sermones
3321 5166 3542 5229 docent,
3599 5179 3782 5233 neque

2187 5259 2330 5327 quod
2362 5274 2468 5312 nun
2503 5260 2575 5312 sit
2625 5260 2670 5313 is
2695 5260 2784 5328 qui
2817 5260 3022 5330 genuit,
3079 5273 3254 5328 neque
3295 5259 3629 5327 Spretionem
3655 5256 3783 5326 eius

576 5370 625 5402 ”
643 5369 796 5426 Joan.
831 5384 965 5435 xvu,
998 5370 1085 5423 15.
1163 5367 1210 5399 ’⁸
1237 5366 1395 5423 Joan.
1427 5383 1481 5434 x,
1513 5369 1604 5424 30.
1678 5370 1724 5401 "
1750 5367 1908 5425 Joan.
1937 5385 2074 5435 xvn,
2107 5369 2197 5424 25.

582 5505 691 5591 (96)
723 5522 901 5575 Serva.
929 5521 1381 5593 Τήρειηοὸεενυα.
1416 5523 1526 5576 Aut
1554 5523 1716 5577 etiam
1755 5533 1922 5588 tuere,
1958 5525 2084 5578 reti-

509 5611 592 5647 tu.
624 5594 792 5662 Supra
821 5593 914 5645 lib.
949 5607 996 5644 I:
1030 5593 1098 5646 lu
1134 5593 1394 5662 principio
1422 5604 1558 5660 eral,
1591 5610 1738 5648 serva
1770 5597 1908 5663 quod
1942 5606 2076 5660 erat,

507 5675 696 5800 ("C(97)
731 5730 779 5782 Is
805 5737 943 5788 enim
977 5736 1086 5800 qui.
1129 5731 1352 5785 Videtur
1379 5731 1483 5786 hoc
1525 5732 1660 5788 velle
1689 5749 1704 5786 :
1745 5737 1790 5788 is
1818 5736 1953 5787 enim
1993 5735 2082 5802 qui

508 5809 582 5852 est
606 5801 656 5853 in
678 5816 736 5852 eo
761 5805 847 5857 aui
871 5814 968 5858 est.
998 5821 1097 5856 non
1116 5804 1228 5854 ideo
1252 5802 1572 5866 ἁνυπάργει,
1597 5805 1690 5857 hoc
1715 5816 1813 5868 est,
1840 5821 1940 5856 non
1965 5801 2082 5858 ideo

2185 5542 2291 5600 non
2337 5526 2595 5600 subsistit.
2628 5528 2715 5600 Δρ
2744 5529 2859 5582 ideo
2899 5524 3058 5581 Pater
3093 5527 3416 5600 ἀνυπάρχει,
3463 5543 3564 5600 non
3599 5525 3778 5600 subsi-

2187 5598 2299 5662 stit,
2319 5599 2442 5667 quia
2469 5613 2545 5651 est
2585 5600 2640 5652 in
2667 5596 2809 5651 Filio
2827 5601 2854 5655 ἵ
2885 5601 3090 5669 ιθὶιιηχ
3118 5596 3292 5668 neque
3314 5596 3490 5669 Filius
3525 5597 3777 5669 ἀνυπάρο

2188 5685 2294 5738 χει,
2319 5684 2422 5719 non
2444 5669 2698 5731 subsistit,
2721 5670 2848 5736 quia
2871 5681 2945 5722 est
2976 5671 3030 5721 in
3064 5667 3238 5738 Patre.
3275 5668 3510 5737 Itespicit
3544 5671 3610 5720 ad
3639 5667 3773 5720 illud

2186 5736 2538 5858 ἓὲκβᾶιὶὲ·18,
2567 5750 2623 5794 ει
2657 5755 2766 5804 xlv,
2795 5738 2884 5804 lO,
2918 5741 2975 5792 tl
3007 5756 3020 5790 :
3054 5736 3217 5794 Pater
3247 5739 3300 5792 in
3337 5736 3416 5792 me
3451 5748 3546 5804 est,
3583 5752 3631 5796 et
3671 5759 3772 5811 ego

2187 5825 2242 5860 tn
2270 5817 2447 5859 Patre.
