4134 6404
407 416 548 475 1065

1254 412 1345 468 DE
1384 412 1539 469 FIDE
1578 413 1949 470 ADVERSUS
1982 412 2395 470 SABELLIUM.
2440 444 2505 453 ——
2547 414 2677 468 LIB.
2714 414 2776 469 il.

3535 415 3673 473 1068

406 535 499 604 qui
540 542 622 587 εει
652 530 883 603 genitus.
920 528 1025 583 Sed
1056 530 1101 584 si
1135 544 1239 583 non
1273 541 1357 584 est
1385 530 1576 591 Filius,
1620 543 1669 586 et
1716 532 1989 601 quomodo
2020 536 2065 590 Α
2096 540 2317 598 prepter
2354 539 2624 583 naturam.
2687 529 2761 583 Ex
2809 528 3028 599 Virgine
3072 531 3121 583 in
3179 532 3489 587 novissimis
3532 545 3671 587 tem-

407 636 537 681 sunt
572 640 632 679 ea
660 638 779 692 qua:
809 638 904 691 per
941 621 1135 675 Filium
1159 621 1297 675 facta
1332 634 1455 676 sunt
1480 623 1502 675 ?
1528 622 1639 676 Non
1671 636 1753 678 est
1783 624 1987 677 Filius:

406 723 462 767 et
490 729 607 781 qua-
635 723 716 763 est
744 710 904 776 spes?
936 710 1046 764 Non
1074 720 1158 764 est
1208 712 1297 779 qui
1324 711 1533 779 judicat
1568 731 1584 768 :
1620 722 1673 765 et
1730 715 1994 782 (ptentad-

408 806 623 860 modum
654 804 956 870 judicium?
983 804 1097 857 Non
1120 814 1203 858 est
1225 804 1314 873 qui
1346 814 1571 858 coronat
1601 824 1613 858 :
1644 817 1698 858 et
1725 808 1993 873 quomodo

408 896 662 949 labores?
692 897 782 949 Est
832 913 968 950 unus
1000 913 1158 965 quem
1203 898 1380 949 nullus
1419 899 1624 966 genuit,
1658 908 1711 951 et
1744 900 1993 965 unigeni-

404 998 496 1042 tus
528 1005 685 1056 quem
718 1005 853 1041 unus
884 991 1088 1059 genuit.
1120 989 1322 1043 Gcnuit
1354 1006 1487 1043 sane
1537 992 1944 1059 impassibiliter
1974 1008 1989 1043 :

408 1096 517 1135 non
549 1092 605 1135 ιιι
643 1098 765 1149 nos,
816 1086 906 1137 sed
951 1092 1010 1136 ut
1053 1083 1138 1135 ille
1174 1101 1188 1135 :
1240 1100 1342 1137 non
1376 1094 1433 1136 ut
1466 1084 1658 1151 planta:
1704 1100 1823 1153 qua:
1853 1086 1991 1155 apud

408 1189 507 1228 nos
532 1184 679 1236 sunt,
706 1190 809 1227 non
845 1187 903 1228 ut
930 1174 1125 1239 futiles,
1155 1193 1257 1228 non
1297 1188 1354 1228 ιιι
1381 1176 1455 1229 sol
1492 1194 1504 1230 :
1546 1178 1678 1230 nihil
1709 1179 1851 1231 enim
1893 1180 1990 1232 ho-

408 1282 528 1320 rnm
570 1283 688 1337 qua”:
726 1268 816 1321 hic
840 1276 986 1331 sunt,
1025 1268 1377 1335 interpretari
1412 1268 1554 1321 illam
1587 1271 1989 1339 generationem

407 1369 653 1428 possunt.
685 1356 907 1413 Omnem
944 1360 1089 1412 enim
1123 1360 1387 1412 turbelatn
1427 1360 1679 1415 humana:
1706 1376 1989 1431 compara-

407 1452 583 1505 tiones
602 1452 822 1514 iaciunt,
842 1468 960 1505 cum
984 1452 1272 1518 accipimus
1291 1467 1392 1504 nou
1420 1452 1611 1505 similia
1635 1454 1698 1504 ad
1721 1456 1989 1522 interpre-

409 1544 664 1595 tationem
695 1558 877 1596 eorum
909 1558 1028 1611 quze
1056 1544 1394 1611 interpretari
1433 1559 1539 1595 non
1587 1555 1830 1612 possunt.
1869 1544 1992 1599 ideo

408 1633 561 1700 lites,
596 1636 715 1688 ideo
757 1650 947 1703 pugnae
991 1648 1305 1689 nascuntur.
1351 1635 1405 1688 Si
1455 1646 1630 1690 autem
1666 1639 1992 1694 tacueritnns

408 1741 470 1778 ea
505 1742 622 1794 qua:
656 1743 815 1795 supra
845 1742 1029 1780 vocem
1073 1737 1218 1789 sunt,
1251 1738 1305 1782 et
1347 1729 1642 1782 dixerimus
1693 1732 1987 1799 possibilia,

408 1818 641 1869 cessabit
673 1817 887 1870 bellum.
928 1818 1065 1885 Quid
1119 1834 1249 1887 ergo
1283 1820 1525 1874 dicemus
1563 1822 1586 1874 ?
1629 1822 1695 1875 In
1731 1826 1989 1893 principio

406 1919 517 1960 erat
552 1907 797 1964 Verbum.
829 1909 962 1975 Quis
995 1911 1169 1965 adhuc
1198 1913 1396 1980 poterit
1426 1914 1675 1984 jnrgari?
1707 1916 1838 1970 Nam
1864 1930 1916 1971 et
1944 1921 1986 1973 si

402 1998 678 2067 iurgatur,
707 2016 811 2054 non
866 2003 957 2055 tibi
990 2005 1083 2057 sed
1110 2002 1327 2068 Joanni,
1378 2016 1431 2059 et
1464 2009 1665 2077 pectori
1718 1996 1929 2064 Domini
1959 2027 1987 2065 a

408 2107 514 2159 quo
544 2093 723 2147 hausit
744 2092 1000 2151 Joannes.
1045 2096 1182 2161 Quid
1210 2098 1467 2167 relinquis
1492 2116 1553 2154 ea
1587 2118 1705 2171 qua:
1730 2113 1851 2156 sunt
1875 2104 1991 2158 sine

410 2186 668 2253 periculo,
702 2196 756 2241 et
805 2187 857 2241 in
886 2186 1143 2242 ﬂuctibus
1194 2200 1578 2259 tempestatum
1633 2196 1990 2262 periclitaris?

411 2275 528 2333 Noli
556 2281 734 2333 dicere
767 2290 877 2345 tua,
913 2292 967 2334 et
997 2282 1175 2335 nullus
1209 2291 1258 2335 te
1285 2285 1485 2352 arguit.
1517 2284 1688 2339 Dicito
1717 2303 1834 2354 quae
1865 2290 1991 2341 scri-

412 2380 500 2440 pta
532 2382 677 2437 sunt,
714 2383 767 2426 et
806 2374 983 2427 nullus
1026 2384 1075 2427 te
1119 2376 1466 2443 reprehendit
1502 2397 1514 2431 :
1549 2381 1765 2433 etiamsi
1810 2396 1991 2450 repte-

409 2464 679 2531 henderit,
719 2468 1067 2533 semetipsmn
1129 2469 1327 2537 potius,
1364 2481 1417 2523 et
1466 2486 1569 2523 non
1609 2481 1680 2526 te.
1716 2473 1815 2538 Qui
1845 2474 1987 2528 enim

407 2555 591 2610 divina
632 2561 997 2627 reprehendit,
1026 2561 1207 2614 divina
1255 2563 1470 2631 quidem
1507 2581 1610 2618 non
1644 2565 1876 2632 delebit;
1907 2583 1991 2621 se-

408 2649 696 2716 metipsum
730 2652 959 2705 alienant
1010 2671 1039 2707 a
1078 2654 1273 2708 divinis
1312 2658 1627 2711 constituet.
1685 2658 1881 2722 Dicito,
1923 2660 1990 2713 In

406 2743 666 2811 principio
721 2754 831 2796 erat
876 2744 1118 2813 Verbum,
1176 2757 1231 2800 et
1297 2748 1673 2819 relinquuntur
1726 2761 1986 2820 tempora.

418 2833 627 2897 Dicito,
647 2834 711 2888 In
750 2837 1006 2906 principio
1029 2849 1163 2903 erat,
1188 2850 1242 2893 et
1275 2841 1530 2895 deﬁciunt
1558 2842 1770 2897 smcula.
1796 2844 1987 2908 Dicito,

411 2922 479 2977 In
515 2927 775 2993 principio
812 2941 948 2993 erat,
984 2939 1039 2982 et
1082 2931 1212 2983 nihil
1245 2948 1365 2985 cum
1415 2934 1530 3002 ipso
1575 2943 1692 2989 erat
1734 2933 1987 2990 Verbum.

410 3015 546 3079 Quia
589 3031 718 3083 ergo
763 3027 877 3070 erat
908 3017 1113 3073 dictum
1172 3029 1275 3085 est,
1330 3038 1395 3077 ne
1444 3033 1598 3091 putes
1630 3040 1817 3079 vocem
1851 3040 1991 3078 :vox

410 3110 575 3175 enim,
623 3122 735 3165 erat
770 3129 874 3166 non
904 3114 1161 3184 soscipict
1208 3135 1223 3169 :
1262 3118 1305 3170 si
1341 3118 1561 3187 quidem
1601 3134 1721 3173 eum
1775 3120 1990 3181 dicitur,

414 3210 539 3255 tunc
569 3202 819 3258 edicitur.
874 3202 1056 3273 Neque
1101 3207 1245 3260 enim
1306 3220 1596 3277 antequam
1635 3211 1843 3263 dicatur
1886 3221 1987 3271 est,
2019 3230 2061 3289 ρ

409 3307 585 3360 neque
614 3303 795 3361 postea
854 3309 1012 3360 quam
1064 3295 1227 3349 fuerit
1268 3301 1433 3361 dicta,
1486 3309 1598 3353 erat
1636 3301 1817 3354 habet.
1854 3302 1986 3366 Quia

408 3400 540 3453 ergo
574 3394 711 3452 erat,
759 3402 861 3439 non
895 3401 998 3439 vox
1047 3397 1150 3452 est,
1183 3391 1275 3442 sed
1331 3389 1564 3443 Verbum
1617 3408 1632 3443 :
1672 3392 1827 3459 quale
1859 3391 1988 3445 Ver-

411 3472 576 3527 bum?
629 3474 684 3528 Si
740 3491 847 3529 non
879 3477 1014 3529 dixit
1053 3473 1310 3543 Joannes,
1340 3496 1644 3549 quzeratnus
1688 3481 1772 3534 :si
1812 3493 1988 3534 autem

414 3568 570 3631 dixit,
613 3570 740 3636 quid
781 3570 1117 3639 qumremtts?
1156 3569 1224 3623 Et
1257 3573 1417 3639 Deus,
1458 3572 1654 3641 inquit,
1699 3584 1812 3626 erat
1858 3572 1990 3626 Ver-

412 3660 555 3713 bum.
589 3661 665 3714 Tu
698 3663 832 3716 dicis
855 3679 1062 3729 vocem,
1093 3663 1330 3717 Joannes
1367 3675 1545 3718 autem
1587 3665 1685 3727 ait,
1714 3676 1823 3718 erat
1864 3664 1989 3718 Ver-

415 3752 558 3806 bum.
602 3755 666 3807 Et
696 3755 737 3807 si
769 3755 855 3808 ille
883 3756 1101 3819 dixerit,
1136 3755 1200 3808 Et
1241 3754 1457 3809 Verbum
1495 3767 1604 3809 erat
1631 3758 1771 3823 apud
1806 3756 1989 3822 Deum,

417 3851 475 3897 tu
504 3844 638 3898 dicis
663 3846 713 3897 in
743 3845 868 3910 Deo,
896 3857 949 3899 et
983 3862 1088 3899 non
1112 3847 1253 3915 apud
1283 3846 1470 3900 Deum.
1497 3845 1565 3900 Ut
1599 3850 1740 3899 enim
1767 3850 1855 3910 sit,
1888 3864 1991 3900 non

412 3946 596 3993 tamen
633 3946 690 3991 ut
726 3939 994 4008 cogitatus
1044 3940 1114 3992 sit
1147 3957 1161 3994 :
1198 3954 1375 4007 neque
1416 3940 1610 3991 iterum
1655 3949 1711 3992 ut
1742 3955 1862 3999 vox,
1900 3939 1993 3993 sed

411 4027 582 4084 Filius
616 4046 632 4083 :
664 4045 765 4082 vox
797 4030 938 4083 enim
987 4030 1147 4083 habet
1184 4030 1377 4084 fratres
1413 4049 1424 4084 :
1454 4031 1555 4084 mei
1608 4032 1752 4084 enim
1792 4033 1880 4101 qui
1916 4032 1993 4083 di-

410 4133 607 4175 cuntur
636 4137 914 4175 sermones
942 4123 1211 4192 prioribus
1239 4122 1419 4175 verbis
1452 4132 1575 4175 sunt
1597 4120 1793 4175 (ιλιι-(ιε
1827 4140 1839 4174 :
1877 4122 1994 4173 nni-

410 4214 624 4283 genitus
647 4224 824 4266 autem
859 4230 963 4266 non
996 4214 1221 4283 suscipit
1256 4214 1471 4267 fratres.
1507 4212 1641 4265 Nam
1676 4224 1729 4267 et
1761 4214 1803 4266 si
1838 4222 1994 4266 vocat

408 4308 625 4366 fratres,
658 4306 1109 4373 nuncupationem
1151 4308 1335 4360 donat.
1371 4304 1427 4358 Si
1458 4315 1641 4358 autem
1675 4315 1729 4357 et
1761 4305 1991 4357 coha-re-

409 4397 504 4450 des
530 4411 736 4458 smnus,
770 4412 874 4447 tton
918 4407 1124 4449 natura:
1157 4397 1250 4448 sed
1294 4396 1481 4463 gloriae
1528 4394 1823 4463 accipimus
1853 4393 2016 4465 (98).-

407 4490 489 4545 Ad
519 4490 661 4542 illam
688 4490 832 4542 enim
881 4499 1128 4541 naturam
1164 4503 1334 4556 ueqoe
1379 4488 1667 4557 pervenies
1697 4498 1772 4548 tu,
1818 4500 1991 4554 neque

2096 622 2333 690 poribus,
2390 636 2456 675 ex
2509 621 2617 674 Deo
2667 631 2791 674 ante
2846 622 3061 675 satcula.
3120 624 3193 676 Ex
3244 620 3486 694 Virgine,
3550 640 3671 678 cum

2096 713 2442 777 hominibus;
2494 728 2562 766 ex
2603 712 2713 765 Deo
2752 722 2930 765 autem
2982 726 3105 767 ante
3144 730 3354 770 omnes.
3412 715 3535 769 Istic
3581 730 3674 769 er-

2095 819 2162 871 go
2192 814 2244 858 et
2281 806 2733 873 dispensationem
2773 807 3059 871 confitere,
3105 816 3160 861 et
3200 815 3448 861 naturam
3494 809 3674 862 delere

2096 896 2221 961 noli,
2264 913 2357 951 nec
2401 899 2712 967 exstinguas
2756 900 2848 952 tibi
2904 899 3081 954 lmnen
3118 900 3214 969 (l).
3269 897 3324 953 Si
3372 900 3586 967 quidem
3618 909 3675 954 et

2096 988 2182 1055 qui
2216 989 2398 1043 oculos
2429 990 2685 1044 claudunt
2716 1008 2862 1057 suos,
2908 1007 3010 1044 non
3060 991 3237 1046 lumen
3294 993 3667 1059 exstinguunt,

2094 1084 2186 1135 sed
2211 1083 2307 1152 ipsi
2340 1084 2539 1136 lumine
2564 1101 2667 1137 non
2705 1085 2974 1138 fruuntur.
3011 1084 3141 1138 Nam
3171 1095 3224 1138 ct
3255 1084 3296 1138 si
3322 1085 3443 1153 quis
3487 1085 3670 1138 lumen

2094 1190 2281 1227 verum
2313 1192 2416 1229 non
2462 1177 2622 1230 fuerit
2671 1177 2977 1239 confessus,
3025 1194 3128 1229 non
3180 1177 3307 1230 illud
3355 1179 3518 1240 delet,
3575 1180 3671 1231 sed

2094 1266 2207 1332 ipse
2241 1279 2419 1321 manet
2442 1270 2493 1321 in
2525 1270 2781 1324 tenebris.
2833 1272 2905 1323 lta
2954 1273 3094 1325 enim
3139 1271 3253 1339 ipse
3288 1271 3451 1327 Filius
3485 1272 3616 1326 dicit
3653 1291 3666 1327 :

2096 1357 2197 1421 Qui
2230 1375 2331 1412 non
2389 1362 2669 1415 crediderit
2711 1363 2761 1415 in
2804 1360 3024 1425 Filium,
3065 1381 3166 1416 non
3212 1365 3425 1425 videbit,
3458 1365 3548 1417 sed
3588 1365 3671 1417 ira

2094 1450 2191 1503 Dei
2215 1464 2386 1505 manet
2423 1471 2578 1521 super
2600 1455 2765 1516 ipsum
2795 1455 2862 1509 ⁸⁸.
2890 1457 3019 1521 Qua:
3059 1456 3173 1509 ira?
3213 1456 3300 1509 illa
3335 1458 3519 1527 utique
3552 1472 3673 1526 quae

2096 1541 2162 1594 ab
2189 1542 2362 1599 initio.
2402 1545 2500 1611 Qui
2533 1547 2677 1599 enim
2728 1563 2833 1601 non
2882 1549 3170 1601 conﬁtetur
3212 1565 3334 1603 eum
3382 1566 3476 1618 per
3511 1566 3669 1619 quem

2094 1645 2381 1688 revocatur
2418 1639 2709 1701 sententia,
2740 1640 2849 1707 ipse
2888 1641 3171 1694 adversmn
3201 1656 3259 1695 se
3292 1642 3464 1711 ipsum
3517 1658 3672 1697 revo-

2093 1734 2181 1778 cat
2218 1729 2562 1781 sententiam.
2595 1728 2812 1797 Negotia
2854 1733 2998 1783 enim
3031 1744 3281 1800 separata
3328 1734 3527 1788 habent
3570 1751 3671 1787 na-

2095 1824 2270 1869 turain
2307 1834 2320 1870 :
2353 1820 2519 1873 nostri
2559 1832 2737 1874 autem
2762 1823 3024 1888 cogitatus
3058 1823 3329 1890 accipiunt
3367 1824 3618 1889 fructum,
3640 1842 3670 1879 a

2094 1909 2325 1965 veritate
2346 1912 2563 1981 quidem
2596 1914 2779 1975 vitam,
2813 1929 2841 1965 a
2869 1914 3150 1968 mendacio
3185 1924 3363 1968 autem
3394 1931 3586 1969 noxam
3615 1926 3672 1970 et

2092 2001 2468 2070 perditionem.
2504 2004 2558 2057 Si
2592 2005 2713 2073 quis
2745 2005 2889 2058 enim
2935 2005 3266 2073 percusserit
3307 2017 3467 2074 caput
3512 2022 3670 2061 suum

2092 2093 2156 2144 ad
2197 2103 2424 2161 petram,
2455 2106 2605 2163 petra
2639 2096 2854 2164 quidem
2897 2097 3008 2164 ipsa
3043 2106 3244 2162 manet,
3290 2108 3453 2166 caput
3487 2110 3668 2152 autem

2092 2182 2160 2235 ah
2192 2183 2498 2253 insipientia
2542 2186 2738 2253 accipit
2770 2186 3002 2253 plagam,
3045 2184 3183 2240 forte
3214 2196 3390 2239 autem
3427 2197 3480 2240 et
3526 2188 3670 2255 peri-

2097 2275 2297 2329 culum.
2345 2277 2483 2330 Dicit
2542 2292 2672 2331 sane
2726 2286 2781 2331 et
2838 2269 3126 2344 Apostolus
3179 2294 3194 2330 :
3246 2275 3669 2331 Fundamentum

2090 2367 2237 2420 aliud
2259 2385 2403 2422 nemo
2431 2379 2598 2438 potest
2619 2387 2810 2437 ponere
2855 2382 3044 2437 prarter
3071 2387 3187 2421 eum
3227 2371 3316 2438 qui
3350 2381 3422 2423 est
3465 2373 3669 2439 positus

2091 2456 2329 2512 Christus
2380 2461 2533 2513 Jesus
2577 2462 2658 2528 '9;
2724 2472 2777 2515 et
2828 2462 3016 2515 iterum
3068 2481 3081 2517 :
3133 2459 3292 2515 Petra
3348 2476 3524 2517 autent
3558 2474 3672 2517 erat

2090 2548 2327 2603 Christus
2355 2552 2394 2602 ί.
2443 2552 2500 2605 Si
2535 2552 2601 2605 ad
2648 2553 2806 2605 istatn
2860 2563 3067 2620 petram
3120 2564 3281 2623 caput
3334 2556 3671 2624 percusseris

2092 2649 2259 2703 tuum,
2296 2643 2523 2697 scissum
2552 2654 2636 2697 est
2666 2645 2807 2713 quod
2854 2646 3066 2700 volebas
3096 2664 3109 2699 :
3155 2647 3199 2700 si
3232 2657 3409 2701 autem
3452 2648 3667 2703 confes-

2091 2750 2185 2787 sus
2215 2734 2383 2787 fueris
2418 2737 2619 2799 lumen,
2654 2735 2876 2790 habebis
2922 2740 3062 2806 quod
3096 2739 3396 2796 conﬁteris.
3433 2740 3488 2794 Si
3521 2741 3667 2794 enim

2091 2825 2314 2892 apostoli
2349 2826 2669 2894 quibusdam
2703 2828 2919 2895 quidem
2950 2828 3083 2882 odor
3113 2831 3301 2883 mortis
3334 2831 3399 2883 ad
3433 2838 3664 2883 mortem

2092 2925 2237 2978 sunt,
2265 2915 2589 2983 quihusdam
2628 2928 2803 2970 autem
2850 2919 2985 2971 odor
3028 2920 3150 2972 vita:
3183 2919 3250 2972 ad
3289 2920 3484 2983 vitam;
3519 2920 3563 2973 si
3594 2919 3668 2973 illi

2092 3004 2181 3072 qui
2225 3021 2318 3070 per
2356 3005 2630 3060 Christum
2677 3009 2754 3059 sal
2803 3017 2948 3066 sunt.
2996 3018 3045 3061 et
3101 3011 3191 3078 qui
3246 3026 3341 3079 per
3397 3011 3669 3065 Christum

2095 3096 2375 3149 luminaria
2410 3096 2735 3161 efﬁciuntur,
2777 3100 2843 3152 ad
2885 3112 3110 3153 mortem
3159 3112 3213 3155 et
3260 3102 3326 3155 ad
3371 3102 3536 3155 vitam
3587 3103 3672 3156 his

2093 3188 2182 3257 qui
2223 3190 2447 3242 credunt
2475 3202 2527 3243 et
2557 3192 2647 3260 qui
2696 3209 2798 3244 non
2847 3194 3076 3246 credunt
3125 3194 3394 3249 habentur
3424 3213 3437 3248 :
3469 3208 3673 3264 quanto

2097 3280 2264 3348 magis
2302 3282 2345 3334 is
2386 3283 2474 3348 qui
2519 3283 2739 3335 donavit
2788 3285 2901 3336 ha-c
2944 3284 3252 3339 hominibus
3288 3286 3576 3340 Christus?
3613 3287 3672 3340 Si

2091 3372 2228 3438 quis,
2276 3371 2469 3439 inquit,
2525 3388 2610 3424 vos
2652 3389 2753 3425 non
2801 3376 3106 3442 susceperit,
3168 3387 3407 3429 exeuntes
3449 3378 3674 3430 excutite

2093 3464 2352 3526 pulverem
2394 3470 2458 3516 de
2496 3465 2713 3532 pedibus
2744 3466 2924 3517 vestris
2967 3482 2986 3519 :
3028 3467 3353 3521 tolerabilius
3393 3469 3527 3522 enim
3568 3472 3671 3523 erit

2095 3562 2247 3606 terra:
2295 3554 2647 3608 Sodomorum
2682 3559 2735 3608 in
2780 3558 2861 3609 die
2894 3558 3104 3626 iudicii,
3148 3578 3304 3631 quant
3344 3562 3539 3615 civitati
3590 3563 3671 3617 illi

2091 3661 2306 3712 quwvos
2338 3662 2437 3698 non
2466 3648 2681 3713 suscipit
2711 3648 2801 3716 qui
2827 3664 2859 3699 a
2888 3665 2967 3701 me
3001 3650 3146 3702 missi
3175 3652 3298 3704 estis
3330 3654 3367 3705 '.
3398 3655 3452 3706 Si
3490 3667 3669 3710 autem

2094 3740 2216 3805 quis
2240 3737 2412 3805 ipsum
2447 3755 2550 3791 llUll
2579 3741 2877 3807 susceperit
2902 3742 3176 3795 Christum
3214 3761 3226 3795 :
3268 3747 3394 3811 qtttd
3432 3747 3477 3799 si
3502 3750 3667 3800 etiam

2097 3844 2200 3881 non
2229 3829 2400 3881 solum
2432 3845 2537 3881 nou
2569 3831 2893 3899 susceperit,
2919 3835 3013 3887 sed
3056 3836 3366 3890 interimere
3402 3839 3673 3894 voluerit?

2094 3919 2136 3972 si
2160 3934 2323 3972 ausus
2354 3922 2473 3989 quis
2514 3921 2670 3973 fuerit
2697 3923 2896 3980 dicere.
2926 3925 3048 3991 quia
3087 3925 3202 3978 sine
3228 3925 3362 3980 Filio
3394 3939 3477 3981 est
3500 3928 3663 3995 Deus,

2094 4020 2185 4063 aut.
2215 4013 2336 4078 quia
2392 4012 2508 4064 sine
2553 4011 2714 4065 Patre
2761 4023 2846 4065 est
2898 4013 3106 4068 Filius?
3160 4015 3281 4069 llaec
3332 4018 3474 4071 enim
3523 4035 3670 4076 nunc

2094 4102 2309 4167 quidam
2358 4101 2759 4154 calumniantur
2802 4106 3067 4167 dicentes,
3118 4106 3242 4174 quia
3277 4107 3390 4175 ipse
3433 4110 3535 4163 sibi
3586 4121 3670 4167 est

2094 4190 2275 4253 l’ater,
2312 4189 2424 4257 ipse
2452 4200 2537 4243 est
2564 4202 2616 4243 et
2644 4191 2830 4256 Filius,
2862 4203 3043 4248 etnon
3086 4206 3169 4248 est
3213 4195 3399 4254 Filius.
3437 4198 3494 4253 Si
3524 4201 3667 4254 enim

2091 4281 2255 4335 Pater
2279 4283 2387 4352 ipse
2412 4284 2513 4337 sibi
2552 4296 2635 4337 est
2664 4295 2846 4354 pater,
2894 4302 2996 4338 non
3030 4299 3115 4340 est
3163 4287 3342 4355 Pater,
3389 4294 3514 4360 quia
3553 4294 3671 4361 ipse

2092 4373 2192 4427 sibi
2244 4385 2297 4426 et
2352 4376 2490 4429 lilius
2551 4387 2649 4434 cst,
2700 4387 2755 4429 ιιι
2795 4379 2962 4430 aiunt.
3010 4378 3266 4434 Ludimus
3313 4381 3367 4433 itt
3415 4382 3658 4439 divinis:

2094 4460 2483 4515 irrationabilia
2509 4465 2652 4515 enim
2691 4464 2794 4517 ista
2826 4480 2890 4517 ne
2922 4465 3136 4533 quidem
3163 4468 3315 4535 parvi
3347 4470 3666 4538 suscipiunt.

409 4582 551 4636 unus
590 4582 881 4650 perveni“.
923 4581 1077 4634 Sicut
1107 4550 1262 4634 enim"
1288 4550 1451 4633 Pa,”
1487 4580 1705 4644 “niuei,
1737 4590 1790 4632 et
1828 4550 1987 4648 sui)”
2024 4578 2065 4633 Β
2098 4550 2173 4606 De
2202 4554 2285 4606 his
2330 4569 2460 4607 sane
2499 4557 2840 4609 sermonibus
2877 4573 3039 4609 unmn
3083 4557 3457 4614 bt'evissintmn
3491 4562 3669 4616 infan-

408 4687 623 4726 Otnnetn
655 4683 899 4724 naturam
917 4681 997 4724 est
1024 4672 1165 4739 quod
1190 4682 1392 4725 estnon
1414 4682 1571 4724 natus
1595 4688 1607 4723 :
1642 4671 1713 4722 ita
1741 4682 1793 4723 et
1821 4670 1986 4723 Filius

406 4777 571 4831 supra
604 4776 792 4815 omnes
824 4762 1055 4814 habetur
1089 4762 1141 4814 in
1173 4776 1236 4815 eo
1269 4763 1413 4829 quod
1443 4771 1522 4815 est
1551 4762 1830 4830 progenies
1858 4776 1983 4813 vera

410 4854 551 4909 Deus
579 4854 719 4923 apud
753 4853 943 4917 Deum,
976 4853 1115 4906 Deus
1150 4853 1216 4905 ad
1248 4854 1525 4906 dexteram
1560 4854 1672 4913 Dei,
1708 4852 1845 4905 Deus
1874 4852 1984 4906 for-

410 4948 499 5011 tis,
532 4947 671 5000 Deus
700 4962 859 5013 quem
906 4945 1059 4998 unxit
1090 4943 1254 4997 Deus.
1301 4943 1613 5013 AgnOseitis
1668 4943 1980 5011 pr0phetica

408 5038 573 5092 verba
607 5036 741 5108 (99).
778 5035 918 5102 Quid
946 5036 1022 5088 ait
1049 5037 1308 5104 propheta
1341 5034 1548 5087 David?
1576 5033 1703 5087 Ideo
1740 5035 1887 5086 unxit
1915 5046 1983 5097 te,

406 5130 569 5193 Deus,
597 5130 732 5182 Deus
756 5140 874 5181 tuus
894 5127 961 5181 “.
991 5126 1123 5180 Nam
1154 5138 1207 5180 et
1228 5126 1382 5181 fortis
1413 5126 1586 5180 dictus
1625 5138 1709 5179 est
1740 5126 1807 5179 ab
1828 5126 1983 5188 lsaia,

403 5230 458 5274 et
491 5221 629 5274 Deus
659 5220 927 5274 nobiscum
950 5220 1017 5283 ",
1058 5235 1177 5272 cum
1203 5234 1269 5271 ex
1295 5218 1534 5288 Virgine.
1571 5218 1686 5270 Non
1707 5233 1833 5285 ergo
1866 5234 1986 5271 cum

402 5327 469 5364 ex
515 5311 735 5381 Virgine
779 5319 907 5365 tunc
956 5309 1119 5374 Deus,
1167 5310 1260 5364 sed
1322 5309 1603 5377 nobiscum
1658 5319 1805 5361 tunc.
1865 5307 1980 5362 Non

404 5401 639 5471 primum
676 5416 743 5455 ex
785 5399 1025 5470 Virgine,
1066 5402 1157 5454 sed
1194 5400 1425 5467 primum
1466 5413 1531 5453 ex
1574 5399 1702 5452 Deo.
1748 5399 1820 5453 Ex
1866 5399 1983 5451 Vir-

403 5494 529 5564 gine
575 5496 717 5549 enim
770 5505 988 5564 propter
1028 5493 1507 5564 dispensationem,
1546 5505 1611 5544 ex
1654 5492 1759 5545 Deo
1798 5501 1979 5545 autem

471 5603 519 5636 “
548 5603 691 5658 PSul.
724 5620 863 5670 κων,
891 5604 944 5658 8.
1046 5606 1091 5637 ⁸⁷
1114 5607 1221 5660 Isa.
1243 5622 1293 5675 ν,
1325 5606 1396 5672 6;
1430 5621 1523 5666 vn.
1559 5604 1643 5658 l4.

402 5687 459 5742 x,
484 5675 570 5739 M,
602 5676 688 5733 15.

501 5776 591 5844 98)
619 5778 716 5831 Ms.
749 5773 871 5829 Non
911 5785 1153 5829 naturam
1184 5774 1275 5827 sed
1301 5774 1521 5844 gloriam
1549 5772 1866 5841 cecinimus.

535 5782 569 5832 8
619 5782 716 5831 Ms.
749 5782 871 5829 Non
911 5785 1153 5829 naturam
1184 5782 1275 5827 sed
1301 5782 1521 5844 gloriam
1549 5791 1566 5824 ι

535 5782 591 5921 9;
621 5849 717 5902 Ms.
748 5848 1024 5916 Aguoscite
1057 5847 1359 5914 prophetica
1396 5848 1566 5900 verba.

647 5942 919 6002 l’srnoc.
953 5937 1069 6001 Gn.
1096 5937 1331 6000 XXIV.

1735 5604 1804 5672 ﬂ"
1837 5602 1990 5658 Joan.
2030 5618 2121 5668 ιιι,
2145 5604 2234 5656 56.

2100 4654 2204 4695 lem
2248 4645 2536 4714 interroga,
2568 4648 2655 4715 qui
2694 4651 2864 4717 prima
2904 4658 3087 4716 utpote
3139 4667 3269 4705 voce
3306 4653 3671 4720 qualitercun-

2094 4752 2199 4804 quc
2224 4738 2452 4804 cmperit
2495 4738 2659 4809 loqui,
2698 4752 2751 4795 et
2778 4745 2940 4797 dicito
2961 4747 3045 4800 ei;
3078 4746 3236 4799 Pater
3265 4757 3387 4800 tuus
3425 4747 3514 4799 ubi
3554 4755 3672 4803 est?

2092 4828 2199 4879 Aut
2232 4829 2371 4881 sicut
2400 4844 2802 4887 consueverunt
2851 4836 3093 4891 infantes
3134 4849 3341 4907 patrem
3390 4838 3667 4906 appellare

2093 4926 2138 4977 si
2180 4926 2530 4993 semetipsum
2579 4931 2908 4993 ostenderit,
2971 4937 3151 5002 arguit
3205 4950 3291 4988 me
3345 4935 3524 4988 ini'ans
3568 4956 3582 4990 :
3628 4940 3671 4989 si

2093 5026 2271 5069 autem
2308 5019 2566 5086 parvulus
2597 5021 2779 5073 statim
2818 5032 2877 5073 ut
2908 5022 3073 5077 fuerit
3111 5025 3471 5095 interrogatus
3508 5031 3669 5084 intel-

2096 5110 2288 5163 lexerit
2323 5114 2449 5179 quid
2481 5115 2679 5182 quaeris
2724 5115 2791 5167 ab
2824 5130 2909 5179 eo,
2946 5131 3069 5169 eum
3118 5119 3207 5185 qui
3257 5134 3316 5172 se
3356 5122 3541 5188 genuit
3576 5136 3667 5175 os-

2101 5211 2317 5264 tendit:
2354 5208 2474 5261 vide
2517 5207 2647 5277 quid
2697 5208 2872 5261 audis.
2930 5209 3063 5263 Cum
3118 5220 3297 5264 autem
3348 5213 3669 5268 benedicms

2091 5302 2281 5367 Filius,
2317 5311 2505 5355 tenens
2536 5315 2753 5369 panem,
2795 5300 2938 5354 levat
2965 5317 3157 5355 manus
3184 5318 3309 5357 suas
3337 5320 3575 5369 sursum,
3611 5316 3665 5361 ut

2092 5408 2237 5451 tuam
2274 5408 2508 5451 mentem
2540 5396 2604 5448 ad
2634 5411 2755 5449 eum
2792 5399 2881 5462 qui
2914 5410 2972 5450 se
3003 5398 3186 5464 genuit
3219 5398 3465 5461 extollat,
3504 5414 3664 5455 nosce

2088 5490 2325 5553 Patrem,
2361 5499 2415 5543 et
2441 5502 2590 5543 cessa
2634 5503 2833 5558 negare.
2867 5487 3084 5542 Filium.
3120 5490 3176 5544 Si
3221 5490 3383 5560 igitur
3415 5491 3671 5562 [inigeni-

2343 5604 2389 5635 ”
2417 5603 2432 5656 1
2461 5604 2587 5658 Cor.
2630 5620 2709 5669 nt,
2735 5605 2793 5658 il
2928 5606 2945 5636 ί
2976 5607 2997 5658 Ι
3024 5603 3147 5659 Cor.
3196 5620 3250 5670 x,
3275 5607 3330 5658 4.
3431 5607 3453 5639 ⁸
3478 5606 3670 5666 Matth.

2158 5769 2236 5839 (1)
2274 5767 2369 5825 Ms.
2397 5767 2479 5823 Ne
2497 5771 2805 5841 exstinguas
2837 5772 2929 5824 tibi
2954 5769 3148 5826 tamen.

3227 5927 3305 5988 3i-
