4134 6394
1190 348 1460 400 ιςυδιευιι
1499 347 1702 398 CASSA
1712 345 1979 398 HIENSIS
2019 346 2073 395 Ui

2211 341 2391 397 PARS
2431 345 2516 400 IV.
2552 375 2621 388 —
2659 343 3085 401 DOGMATICA.
3507 348 3509 351 ’
3626 345 3768 400 MSS

482 352 634 406 306':

495 478 587 523 tus
609 465 741 521 dicit
779 484 791 519 :
833 463 1018 528 Pater,
1044 464 1242 534 gratias
1281 482 1380 535 ago
1424 466 1543 531 tibi,
1589 466 1716 536 quia
1765 481 1965 534 semper
2007 480 2086 518 me
2114 467 2162 523 Α
2189 466 2368 519 omnis
2392 466 2580 520 beatus
2605 466 2774 532 audit,
2802 465 2925 519 inde
2957 475 3011 519 et
3045 479 3142 520 nos
3173 463 3412 520 universi
3459 464 3767 519 audiemus.

494 556 760 612 exaudiui
790 571 808 610 :
837 555 928 609 sed
954 567 1162 626 prapter
1183 556 1606 611 circumstautcm
1640 556 1891 625 populum
1919 557 2078 609 istum
2181 557 2226 609 A
2258 556 2396 611 Filio
2419 559 2556 612 nihil
2598 558 2780 612 audiat
2827 572 3046 624 sponsa,
3086 559 3227 626 quod
3276 573 3383 611 non
3440 565 3524 610 est
3580 555 3771 625 sponsi

495 648 637 714 dico,
668 657 725 702 ut
755 646 970 701 credant
1002 647 1127 715 quia
1159 656 1213 700 tu
1254 663 1336 701 me
1367 647 1558 701 misisti
1586 647 1625 700 ³.
1671 647 1776 702 Ista
1809 649 2076 715 interpre-

499 742 702 796 tatione
748 753 852 792 non
896 737 1142 809 indigent
1169 757 1182 792 :
1211 747 1266 794 et
1296 738 1548 793 sedemus
1577 746 1636 792 ut
1691 737 1978 802 insensati,
2024 745 2080 790 et

496 829 755 886 ludimus.
811 829 948 885 Num
1015 831 1368 901 semetipsum
1438 830 1626 902 genuit
1689 828 1890 885 Pater?
1949 843 2077 881 num

439 927 445 932 '
495 922 849 992 semetipsum
900 923 1093 978 misit?
1126 938 1253 977 num
1282 923 1631 992 semetipsum
1664 930 1806 985 orat,
1849 929 1904 975 et
1949 920 2079 974 sibi-

439 1008 448 1034 λ
494 1014 708 1084 metipsi
736 1015 940 1085 gratias
975 1015 1103 1086 agit,
1144 1006 1229 1069 et'
1261 1015 1376 1084 ipse
1419 1014 1522 1069 sibi
1574 1023 1659 1069 est
1701 1013 1892 1080 Filius,
1951 1012 2070 1083 ipse

495 1106 596 1161 sibi
637 1114 719 1161 est
751 1107 1014 1176 pontifex,
1049 1107 1164 1178 ipse
1221 1107 1323 1162 sibi
1354 1117 1437 1162 est
1467 1121 1660 1178 agnus,
1699 1105 1814 1176 ipse
1851 1105 1953 1160 sibi
1983 1111 2072 1159 est

490 1197 749 1265 via,'ipsc
782 1198 882 1252 sibi
952 1209 1037 1254 est
1077 1197 1281 1270 janua?
1330 1199 1396 1253 Et
1439 1198 1560 1267 quis
1595 1200 1730 1264 haec,
1765 1197 1978 1253 etiamsi
2009 1198 2080 1251 sit

493 1290 1000 1358 insipientissituus,
1053 1292 1329 1361 patietur?
1380 1290 1514 1344 Num
1566 1305 1675 1345 una
1732 1306 1834 1345 vox
1895 1297 1978 1344 est
2021 1298 2079 1343 ut

491 1383 1008 1450 ‘circumveniamus,
1032 1400 1146 1437 una
1187 1392 1270 1440 est
1293 1385 1470 1438 littera
1499 1394 1558 1438 ut
1591 1382 1904 1439 deleamus?
1939 1381 2078 1437 Dicit

494 1473 639 1528 enim
691 1473 884 1528 iterum
944 1475 1203 1529 Dmninus
1249 1493 1262 1529 :
1304 1476 1443 1531 Ecce
1499 1492 1590 1546 ego
1647 1475 1808 1546 diligo
1862 1473 2077 1529 Patrem

482 1579 668 1618 'meum
692 1564 735 1630 ⁸,
770 1582 861 1634 ego
888 1564 1091 1619 "honoro
1138 1566 1350 1620 Patrem
1378 1583 1550 1619 meum
1573 1567 1617 1632 ⁸,
1660 1550 1956 1635 ορεναὶιιιω
1984 1580 2077 1634 ego

486 1657 745 1726 'facioille
765 1659 913 1728 facit,
952 1657 1114 1714 Pater
1154 1676 1299 1713 meus
1340 1660 1578 1729 quotidie
1608 1668 1864 1726 operatur
1902 1667 1950 1712 et
1983 1674 2076 1728 ego

484 1764 683 1818 'operor
709 1750 752 1813 ⁸,
782 1750 828 1802 si
863 1750 1074 1803 creditis
1105 1751 1159 1802 in
1189 1747 1353 1803 Deum
1385 1761 1433 1802 et
1463 1750 1517 1803 in
1555 1766 1636 1803 me
1677 1749 1911 1814 creditis,
1942 1747 2076 1803 vado

2182 649 2287 702 sui.
2321 649 2377 702 Si
2409 650 2621 718 quidem
2654 666 2759 702 non
2787 649 2912 704 licet
2953 664 3162 716 sp0usre
3193 649 3424 704 alienam
3479 649 3769 718 suscipere

2183 737 2236 792 in
2285 739 2504 793 auribus
2555 755 2766 803 vocem,
2801 743 2962 795 etiam
2998 741 3045 794 si
3078 739 3274 794 Paulus
3329 743 3494 795 dicat.
3553 741 3658 796 Sed
3703 753 3768 795 ut

2181 843 2286 882 non
2314 829 2584 886 dubitaret
2607 846 2805 899 sponsa
2841 831 2908 886 de
2959 831 3146 896 Paulo,
3185 833 3263 886 ait
3296 834 3409 902 ipse
3443 853 3454 888 :
3495 833 3577 888 An
3605 849 3768 903 expe-

2179 921 2456 976 rimentum
2478 924 2714 993 quteritis
2735 923 2849 991 ejus
2867 925 2957 992 qui
2989 926 3039 976 iu
3067 941 3146 977 me
3165 923 3397 990 loquitur
3416 923 3658 980 Christus
3685 923 3770 978 ⁸³7

2182 1013 2512 1085 Desponsavi
2542 1016 2684 1069 enim
2723 1031 2839 1083 vos,
2882 1017 3072 1087 inquit,
3113 1018 3227 1071 viro
3268 1017 3391 1083 uni;
3427 1033 3534 1072 non
3565 1027 3756 1073 tamen

2180 1108 2399 1177 populo,
2457 1107 2552 1163 sed
2612 1109 2704 1162 uni
2765 1109 3042 1179 unigenito
3101 1124 3207 1164 una
3259 1125 3476 1180 sponsa.
3527 1109 3763 1165 Amic-us

2181 1200 2324 1253 enim
2376 1199 2560 1270 sponsi
2608 1199 2695 1254 ille
2731 1211 2816 1254 est
2846 1201 2935 1270 qui
2971 1202 3168 1271 gaudet
3194 1203 3261 1258 de
3310 1218 3510 1274 sponsa
3542 1204 3755 1272 sponsi.

2179 1289 2296 1346 Non
2320 1300 2404 1346 est
2433 1291 2595 1346 vidua
2628 1301 2814 1348 sancta
2848 1292 3109 1348 Ecclesia.
3151 1292 3295 1349 Vivit
3335 1296 3480 1350 enim
3525 1297 3614 1365 qui
3653 1311 3766 1366 pro

2177 1382 2292 1452 ipsa
2322 1391 2405 1438 est
2444 1393 2714 1439 mortuus.
2767 1383 2951 1455 Angeli
2993 1402 3098 1440 non
3157 1399 3428 1443 mortuum
3481 1389 3712 1445 adorant
3739 1406 3760 1446 :

2177 1472 2272 1528 sed
2297 1474 2402 1527 vita
2427 1483 2564 1538 erat,
2605 1482 2744 1538 erat,
2767 1484 2905 1540 erat,
2931 1485 2984 1530 et
3013 1486 3114 1542 est,
3153 1487 3208 1531 et
3243 1493 3346 1532 non
3397 1489 3577 1534 cessat
3611 1494 3757 1536 esse.

2177 1554 2544 1634 Neque'enim
2569 1566 2734 1634 cmpit
2758 1580 2789 1619 a
2823 1566 3189 1636 temporibus;
3226 1583 3402 1638 neque
3434 1570 3666 1624 cessavit
3695 1571 3756 1625 in

2178 1655 2374 1712 saecula
2422 1657 2523 1730 (l).
2575 1656 2815 1727 Regnum
2866 1659 3010 1712 enim
3065 1657 3179 1728 ejus
3211 1676 3314 1715 non
3356 1660 3520 1716 habet
3550 1662 3754 1726 ﬁnem;

2182 1750 2308 1820 quia
2344 1765 2448 1806 non
2477 1751 2772 1822 temporale
2811 1751 3093 1822 imperium
3139 1751 3255 1820 ejus
3288 1763 3391 1819 est,
3435 1755 3529 1810 sed
3566 1770 3762 1826 perpe-

493 1843 564 1894 ad
599 1839 810 1895 Patrem
852 1839 1092 1897 meum".
1118 1840 1333 1895 Gratias
1368 1841 1500 1911 agit,
1532 1849 1672 1904 orat,
1717 1840 1856 1895 viam
1884 1849 2081 1895 semet-
2109 1815 2154 1872 Β
2185 1851 2354 1896 tuum.
2403 1841 2636 1912 Tempus
2668 1843 2828 1898 enim.
2857 1844 3404 1911 resurrectionisest,
3447 1855 3502 1902 et
3541 1815 3760 1918 tempus

494 1927 670 2001 ipsum
690 1942 878 1998 vocat,
915 1941 975 1986 ut
1010 1947 1276 2002 agnoscas
1312 1933 1379 1987 ad
1409 1947 1572 2002 quem
1617 1932 1768 1988 vadis
1801 1951 1814 1987 :
1851 1931 2074 2004 ianuam

495 2025 845 2094 semetipsum
873 2023 1077 2089 dicitl,
1107 2033 1168 2079 ut
1192 2039 1456 2094 agnoscas
1497 2025 1563 2078 ad
1599 2038 1756 2094 quem
1797 2023 2070 2094 ingredie-

497 2117 573 2170 ris
612 2135 625 2170 :
659 2115 848 2183 Pater,
874 2116 1072 2185 inquit,
1102 2132 1248 2170 meus
1279 2116 1515 2186 agricola
1539 2124 1638 2183 est,
1672 2127 1720 2172 et
1743 2133 1834 2188 ego
1861 2117 1977 2171 vitis
2006 2117 2027 2149 '
2056 2133 2073 2174 :

492 2207 621 2263 vitis
661 2217 717 2262 et
768 2209 1004 2278 agricola
1046 2224 1188 2264 unus
1244 2209 1362 2263 est?
1415 2207 1568 2265 Hanc
1612 2210 2074 2280 comparationem

494 2301 753 2356 Dominus
779 2300 935 2368 dixit,
973 2310 1031 2356 ut
1063 2315 1133 2356 ne
1160 2301 1282 2372 quis
1305 2317 1392 2358 me
1427 2302 1804 2372 reprehendat.
1840 2300 1952 2372 Ego
1977 2315 2075 2355 au-

491 2401 601 2448 tem
642 2394 766 2448 volo
791 2402 850 2448 ut
878 2408 964 2448 me
1001 2395 1216 2463 quidem
1253 2407 1455 2451 omnes
1492 2395 1742 2451 homines
1781 2393 2076 2463 reprehen-

490 2484 668 2538 dant:
702 2498 802 2552 ego
841 2493 1024 2537 autem
1070 2482 1239 2537 volo:
1279 2483 1500 2539 Domini
1548 2495 1731 2538 autem
1764 2482 2076 2539 custodiant

490 2574 678 2628 verba.
711 2573 964 2627 Desccudi
994 2573 1059 2626 de
1098 2573 1225 2627 cwlo
1266 2581 1324 2626 ut
1361 2574 1556 2643 faciam
1593 2573 1914 2627 voluntatem
1957 2574 2072 2640 ejus

488 2665 583 2734 qui
621 2680 703 2718 me
733 2663 874 2718 misit
900 2663 945 2696 ¹⁶
975 2683 988 2718 :
1017 2662 1253 2719 obedivit
1295 2671 1474 2719 autem
1497 2678 1671 2733 usque
1719 2663 1785 2717 ad
1819 2674 2068 2720 mortem.

493 2755 603 2809 Sed
642 2755 769 2822 quid
821 2769 965 2808 nunc
1002 2770 1136 2822 opus
1165 2764 1250 2809 est
1278 2753 1469 2810 Pauli?
1509 2770 1816 2824 quanquam
1847 2764 1898 2808 et
1930 2751 2072 2806 Pau-

490 2844 577 2899 lus
607 2860 715 2899 non
744 2845 1060 2900 testimonio
1089 2860 1189 2901 suo
1218 2845 1397 2914 dicat;
1444 2855 1620 2900 tamen
1654 2848 1777 2916 quia
1819 2847 1934 2917 ipse
1969 2846 2073 2900 Do-

490 2939 672 2992 minus
711 2952 815 2991 non
857 2938 1095 3003 auditur,
1137 2947 1196 2992 ut
1225 2938 1354 3007 quid
1391 2939 1456 2992 de
1494 2939 1805 2993 domesticis
1835 2939 1950 3008 ejus
1987 2946 2073 2992 est

483 3030 716 3084 sermo?
743 3029 833 3083 Vis
867 3045 997 3084 sane
1026 3031 1295 3084 honorare
1315 3028 1540 3094 Filium,
1575 3042 1631 3083 ut
1665 3031 1778 3085 vult
1815 3031 1925 3096 ille,
1963 3047 2068 3086 non

488 3131 553 3174 ιιι
577 3130 631 3174 ιιι
657 3121 756 3176 vis.
777 3120 910 3174 Num
934 3121 978 3175 si
1005 3122 1213 3175 dixeris
1235 3137 1336 3175 non
1369 3131 1470 3184 est,
1497 3123 1796 3189 houorasti,
1822 3124 1865 3177 si
1896 3124 2063 3178 inter-
2097 3155 2142 3213 ε

490 3214 692 3267 emeris
735 3226 894 3283 quem
946 3228 1051 3267 non
1121 3221 1409 3282 potuerunt
1457 3212 1663 3268 Judtei?
1705 3213 1873 3270 Judaei
1925 3217 2068 3269 enim

486 3305 628 3360 fabri
654 3304 818 3358 lilium
866 3319 988 3360 eum
1031 3314 1378 3374 putaverunt,
1408 3317 1460 3358 et
1491 3315 1549 3358 ιιι
1577 3303 1720 3360 labri
1773 3306 1939 3360 ﬁlium
1987 3307 2072 3361 iu-

491 3395 855 3463 terfecerunt;
915 3406 968 3450 tu
1020 3405 1078 3451 ut
1128 3396 1323 3450 Filium
1377 3396 1467 3449 Dei
1521 3395 1810 3451 interﬁcis.
1862 3396 1967 3450 Sed
2012 3408 2064 3450 tu

489 3487 762 3554 morieris,
805 3503 910 3542 non
949 3488 1056 3543 ille.
1093 3487 1210 3543 Non
1240 3487 1383 3544 cnim
1429 3502 1493 3542 ex
1532 3488 1618 3542 his
1650 3504 1770 3558 qua:
1824 3497 1882 3544 tu
1913 3490 2067 3554 dicis,

491 3580 583 3632 ille
614 3594 722 3632 non
763 3587 846 3634 est
881 3591 896 3631 :
927 3579 1022 3633 sed
1067 3594 1133 3634 ex
1182 3578 1264 3633 his
1295 3593 1413 3647 qua:
1454 3595 1558 3632 non
1601 3581 1798 3647 credis,
1848 3590 1902 3634 tu
1963 3596 2068 3635 non

490 3672 620 3724 cris.
649 3669 777 3736 Quae
820 3671 1023 3742 scripta
1072 3682 1198 3726 sunt
1229 3671 1415 3736 dicito,
1449 3681 1503 3726 et
1534 3673 1945 3744 derelinquetur
1975 3674 2062 3728 lis.

489 3761 606 3816 Non
647 3778 824 3817 meum
842 3771 910 3817 ret
944 3772 1116 3828 tuum,
1149 3764 1243 3818 sed
1284 3779 1402 3832 quae
1447 3765 1750 3818 communia
1797 3775 1924 3818 sunt
1964 3765 2066 3820 Ec-

487 3855 688 3910 clesiae.
721 3854 854 3920 Quis
875 3854 1018 3908 enim
1063 3862 1116 3909 te
1141 3852 1383 3923 judicat?
1413 3855 1541 3922 quid
1584 3855 1752 3910 habes
1785 3856 1927 3924 quod
1959 3870 2066 3909 non

488 3944 782 4014 accepisti?
815 3943 931 3998 Non
962 3945 1063 3998 ista
1085 3951 1168 3998 est
1196 3957 1296 3998 vox
1336 3942 1486 3998 Pauli
1511 3943 1602 4013 qui
1635 3944 1712 3998 ait
1743 3960 1758 3998 :
1798 3942 1884 3997 Ea:
1918 3954 2069 4013 parte

489 4035 845 4105 agnoscimus,
879 4043 931 4089 et
961 4051 1025 4090 cz
1055 4045 1204 4104 parte
1237 4036 1609 4103 prophetamus
1650 4034 1734 4089 “'t
1783 4033 1909 4090 Haec
1936 4035 2069 4089 dixit

489 4126 708 4192 Paulus,
751 4141 818 4181 ne
861 4140 992 4182 sane
1041 4126 1188 4181 solus
1228 4134 1510 4196 putaretur
1559 4141 1624 4180 ex
1666 4135 1840 4195 parte,
1889 4127 1984 4180 sed
2015 4134 2069 4179 et

489 4218 740 4288 Apostoli
773 4234 896 4272 cum
920 4218 1036 4288 ipso
1065 4217 1157 4288 qui
1192 4219 1288 4283 ait,
1319 4234 1456 4273 nunc
1475 4218 1711 4272 videmus
1754 4235 1847 4288 per
1880 4235 2069 4289 specu--

487 4312 598 4364 tum
637 4310 702 4365 “.
729 4308 834 4363 Sed
867 4308 1066 4363 Paulus
1096 4323 1192 4378 per
1224 4308 1500 4377 speculum
1528 4326 1542 4375 ;
1575 4319 1628 4362 tu
1656 4320 1839 4364 autem
1870 4323 1924 4364 et
1947 4311 2067 4365 istic

488 4405 596 4472 jam
616 4403 693 4458 vis
739 4402 876 4457 facie
904 4404 970 4456 ad
991 4401 1181 4457 faciem
1209 4417 1387 4456 nosse.
1422 4401 1884 4468 Quemadmodum
1937 4417 2067 4457 sane

488 4510 611 4549 eum
631 4493 895 4548 interimis
913 4507 1071 4562 quem
1099 4491 1268 4545 vides.
1298 4489 1421 4544 llzec
1439 4489 1583 4558 (2-5)
1606 4489 2076 4560 videbamusIsem-

491 4602 587 4656 per
606 4601 634 4639 a
663 4587 822 4640 beato
845 4584 937 4638 illo
958 4584 1095 4640 viro.
1129 4582 1285 4652 Stepe
1299 4582 1441 4637 enim
1464 4580 1784 4636 dicebantur
1821 4584 1888 4636 ab
1907 4599 1990 4650 co,
2013 4597 2070 4641 ut

491 4678 706 4747 quidam
734 4677 1143 4746 suspicarentur
1182 4690 1277 4731 ore
1309 4673 1523 4746 quidem
1559 4689 1658 4731 suo
1681 4675 1779 4730 ista
1807 4679 2069 4746 proferre,

487 4773 656 4826 corde
680 4779 858 4825 autem
887 4769 1045 4824 aliter
1069 4769 1292 4824 habere.
1342 4765 1410 4820 Et
1461 4766 1677 4835 quidem
1733 4783 1942 4825 memor
1981 4785 2072 4825 vo-

493 4864 580 4918 bis
608 4877 729 4918 sum
759 4860 977 4917 audisse
1006 4875 1094 4916 me
1132 4861 1200 4915 ab
1225 4873 1292 4914 eo
1328 4868 1518 4915 sancto
1570 4859 1725 4916 nobis
1761 4857 2070 4928 jnramento

487 4953 849 5021 satisfecisse,
877 4954 1004 5024 quia
1027 4967 1134 5008 non
1163 4952 1307 5008 aliud
1339 4953 1394 5006 in
1430 4953 1634 5022 lingua,
1671 4945 1725 5006 et
1759 4953 1901 5012 aliud
1929 4964 2072 5008 esset

490 5053 546 5108 in
581 5051 747 5109 corde
772 5050 924 5120 ejus;
958 5049 1053 5105 sed
1088 5045 1254 5101 corde
1291 5045 1509 5114 quidem
1541 5043 1783 5099 creditur
1806 5044 1872 5096 ad
1904 5044 2069 5114 justi-

491 5139 642 5204 tiam,
662 5153 757 5194 ore
776 5147 957 5192 autem
988 5134 1278 5191 conﬁtetur
1313 5134 1380 5187 ad
1402 5134 1632 5189 salutem
1675 5151 1690 5188 :
1729 5136 1870 5188 unde
1904 5134 2068 5205 igitur

562 5256 583 5286 ⁸
605 5255 761 5311 Joan.
788 5269 864 5318 xl,
895 5255 986 5320 41,
1019 5253 1112 5307 42.
1182 5253 1203 5284 ⁸
1240 5250 1396 5306 Joau.
1426 5268 1536 5317 xw,
1559 5253 1649 5308 51.

491 5338 548 5386 x.
583 5325 638 5380 9.
746 5325 768 5358 ⁹
800 5325 955 5380 .Ioan.
997 5339 1088 5390 xv,
1134 5323 1180 5378 1.

489 5409 610 5462 vm,
643 5395 729 5450 15.

561 5506 700 5577 (ιδ)
737 5504 867 5560 Haec
906 5508 1229 5568 videbamus,
1270 5516 1376 5561 etc.
1421 5507 1585 5560 llettr.
1621 5505 1866 5560 Valesius
1893 5505 2064 5574 legit:

489 5571 626 5629 Haec
650 5571 992 5630 audiebamus
1015 5593 1216 5645 semper
1248 5595 1278 5631 a
1303 5579 1452 5630 beato
1478 5577 1569 5629 illo
1601 5581 1732 5637 viro,
1761 5571 2065 5640 swpeeirim

487 5648 566 5698 ita
603 5645 909 5716 dicebantur
952 5649 1015 5699 ab
1068 5663 1147 5709 eo,
1189 5657 1242 5699 ut
1274 5648 1487 5716 quidam
1538 5647 1933 5714 suspicarentur
1979 5662 2066 5700 ore

489 5714 841 5783 quidemeum
874 5716 976 5766 ista
1007 5716 1264 5783 proferre,
1286 5714 1395 5770 etc.

566 5781 644 5846 (4)
678 5781 857 5846 Neque
878 5781 1117 5840 cessavit.
1143 5782 1306 5839 Forte
1345 5801 1508 5851 neque
1534 5782 1780 5838 cessabit.

1751 5253 1771 5283 ⁵
1801 5250 1955 5306 Joan.
1989 5267 2105 5316 vm,
2149 5253 2240 5308 49.

1289 5323 1331 5354 ¹⁰
1364 5313 1533 5378 .Ιοιιιι.⁷
1558 5339 1635 5388 \‘l,
1664 5323 1753 5378 58.
1855 5324 1893 5354 ¹¹
1928 5313 2100 5378 lCor.
2139 5340 2258 5391 xttt,
2285 5326 2337 5380 9.
2435 5323 2478 5352 ¹²
2520 5322 2671 5385 ibtd.,
2709 5318 2792 5371 12.
2891 5315 2998 5369 "ll
3023 5315 3150 5369 Cor.
3203 5329 3322 5378 xm,
3356 5313 3410 5366 5.

2178 1933 2387 1988 salutis.
2419 1932 2534 1990 Non
2565 1935 2863 1989 moriamur
2888 1949 3037 2005 ergo,
3080 1950 3201 1990 cum
3237 1935 3497 1991 debemus
3538 1938 3748 1993 vivere.

2181 2021 2286 2079 Sed
2309 2010 2452 2079 nunc
2475 2025 2691 2096 quidem
2716 2024 2902 2095 paucis
2928 2025 2997 2080 ob
3021 2027 3345 2081 memoriam
3391 2036 3447 2082 et
3484 2029 3747 2084 honorem

2177 2113 2354 2171 Patris
2381 2116 2524 2172 illius
2557 2118 2750 2183 nostri,
2788 2117 2860 2172 ita
2897 2117 3049 2183 boui,
3088 2119 3160 2172 ita
3208 2117 3494 2185 laboriosi,
3547 2129 3602 2176 et
3649 2136 3756 2191 pro

2177 2206 2432 2262 Ecclesiis
2462 2205 2663 2276 ubique
2683 2205 2939 2277 vigilante
2964 2205 3046 2278 (5)
3076 2209 3218 2263 dicta
3263 2209 3371 2264 sint
3427 2211 3607 2265 nobis.
3651 2209 3757 2266 Ne-

2176 2314 2282 2371 que
2307 2299 2449 2355 enim
2478 2299 2690 2371 generis
2726 2297 2878 2368 ejus;
2902 2301 3216 2356 memoriam
3265 2301 3514 2369 fecimus,
3577 2317 3757 2374 neque

2175 2392 2530 2458 educationis,
2577 2400 2672 2446 aut
2727 2391 3073 2459 eruditionis,
3130 2403 3222 2449 aut
3271 2393 3496 2450 alterius
3547 2393 3673 2450 vita:
3699 2403 3757 2449 et

2179 2483 2462 2557 pmpositi.
2495 2481 2772 2538 Sullicient
2795 2483 2939 2538 enim
2979 2482 3035 2538 in
3078 2485 3314 2541 Ecclesia
3351 2486 3443 2540 Dei
3479 2486 3547 2540 de
3590 2485 3756 2540 Patre

2177 2586 2233 2631 et
2273 2574 2410 2630 Filio
2455 2574 2598 2644 loqui
2661 2574 2758 2645 (6).
2807 2573 2977 2645 Loqui
3033 2577 3229 2646 quippe
3268 2577 3524 2646 dicihilia,
3575 2587 3753 2634 tacere

2175 2675 2352 2720 autem
2393 2679 2512 2736 quae
2533 2665 2744 2722 occulta
2791 2675 2936 2721 sunt.
2972 2665 3308 2738 Tiuguamur
3350 2667 3547 2722 fratres
3581 2668 3637 2722 in
3669 2665 3756 2723 his

2175 2773 2293 2827 qua:
2326 2757 2378 2812 in
2403 2757 2698 2827 Scripturis
2748 2759 2948 2827 scripta
2988 2772 3139 2824 sunt,
3180 2775 3284 2814 non
3325 2768 3383 2814 ut
3426 2773 3613 2814 vacum:
3659 2759 3751 2815 lit-

2176 2857 2306 2902 tera:
2332 2850 2715 2918 prophetarum
2749 2858 2807 2903 ut
2834 2848 3058 2905 Judzeis.
3083 2850 3160 2904 Illi
3184 2849 3330 2906 enim
3371 2852 3655 2906 adversum
3687 2867 3748 2906 se

2173 2939 2389 3010 legunt;
2425 2939 2663 3010 legentes
2701 2939 2845 2993 enim
2879 2939 3088 2994 litteras
3132 2949 3188 2995 et
3235 2956 3340 2995 non
3387 2943 3742 3010 suscipientes

2173 3033 2452 3103 negotium
2481 3047 2547 3087 ex
2585 3032 2667 3086 bis
2695 3033 2889 3102 quibus
2935 3032 3118 3103 legunt
3137 3033 3238 3104 (7),
3262 3034 3587 3103 semetipsos
3617 3050 3744 3090 con-

2175 3127 2430 3180 denmant
2449 3125 2540 3194 qui
2577 3133 2859 3178 excusant.
2904 3122 3091 3179 Videte
3120 3139 3186 3178 ne
3232 3125 3510 3196 patiamur
3539 3139 3599 3180 ea
3623 3142 3740 3198 quae

2176 3215 2375 3270 Judaeis
2416 3216 2780 3285 iucrepamus.
2822 3214 2879 3270 Si
2922 3217 3067 3271 enim
3111 3217 3340 3273 dicimus
3382 3216 3602 3284 Filium,
3642 3233 3749 3272 non

2175 3307 2496 3362 conlitemur
2533 3316 2711 3362 autem
2742 3306 2958 3371 Filium,
2987 3317 3040 3363 et
3066 3308 3108 3362 si
3138 3308 3482 3375 agnoscinms
3511 3308 3753 3372 Patrem,

2173 3411 2488 3465 spernamus
2529 3407 2707 3451 autem
2753 3397 3003 3463 Patrem;
3049 3399 3141 3452 illa
3185 3397 3300 3468 ipsa
3344 3414 3463 3469 qua:
3497 3400 3753 3468 legimus,

2180 3489 2295 3560 ipsa
2328 3490 2482 3545 nobis
2511 3489 2567 3544 in
2619 3492 2702 3544 die
2725 3487 2913 3559 judicii
2955 3489 3201 3559 legentur
3236 3489 3303 3544 ad
3341 3490 3753 3544 condemnatio-

2185 3600 2331 3638 nem.
2363 3583 2495 3639 Dicit
2563 3583 2705 3638 enim
2742 3582 3047 3637 Dominus:
3082 3574 3196 3647 Ego
3213 3578 3508 3648 nonjudico
3555 3580 3621 3645 “,
3654 3581 3752 3635 sed

2177 3689 2360 3729 sermo
2387 3689 2551 3744 quem
2615 3673 2825 3728 locutus
2874 3683 2955 3726 est
3005 3670 3122 3741 ipse
3177 3685 3298 3724 eum
3340 3669 3562 3736 judicat.
3600 3667 3748 3720 Dixit

2175 3767 2294 3833 tibi,
2326 3767 2450 3836 quia
2485 3766 2620 3818 vado
2664 3767 2733 3820 ad
2793 3765 3005 3820 Patrem
3062 3779 3237 3817 meum
3287 3759 3425 3815 Dixit
3474 3758 3590 3824 tibi,
3618 3759 3747 3827 quia

2171 3856 2371 3909 missus
2394 3870 2422 3908 a
2451 3852 2615 3907 Patre
2653 3866 2808 3916 sum;
2835 3861 2891 3904 et
2911 3861 2966 3904 tu
2989 3849 3124 3904 dicis
3145 3849 3268 3919 quia
3294 3864 3398 3903 non
3421 3857 3502 3902 est
3524 3846 3753 3901 missus?

2171 3948 2263 4000 sed
2287 3947 2401 4014 ipse
2421 3954 2505 4000 est
2530 3944 2621 4014 qui
2649 3944 2762 3998 haec
2780 3943 2934 4009 dixit,
2957 3953 3012 3996 et
3032 3951 3158 3996 tunc
3177 3939 3436 4008 judicabit
3459 3956 3473 3993 :
3494 3939 3633 4008 leget
3656 3939 3750 3994 tibi

2170 4037 2478 4108 Evangelia,
2496 4036 2649 4090 dabis
2668 4037 2956 4099 rationem,
2977 4033 3118 4088 dicet
3133 4048 3229 4087 cur
3251 4032 3362 4085 haec
3377 4031 3576 4100 scripta
3594 4029 3756 4085 sunt!

2171 4130 2296 4184 llaec
2319 4139 2498 4183 autem
2525 4138 2649 4183 tunc
2677 4141 2780 4181 non
2810 4127 2916 4182 dixi
2945 4140 3041 4195 per
3072 4138 3278 4179 vocem.
3301 4122 3366 4175 Et
3387 4138 3494 4191 qua
3517 4120 3654 4176 facie
3675 4122 3757 4175 vi-

2173 4222 2330 4276 debis
2373 4219 2502 4273 illud
2534 4217 2753 4272 lumen?
2782 4216 3032 4272 Contenti
3057 4215 3228 4270 simus
3252 4213 3498 4278 veritate,
3531 4223 3756 4265 excuse-

2175 4327 2293 4366 mus
2317 4311 2459 4364 lites.
2499 4309 2556 4363 Si
2581 4311 2703 4379 quis
2725 4319 2902 4364 autem
2944 4318 3000 4363 et
3042 4306 3188 4361 novit
3225 4304 3432 4374 aliquid
3487 4318 3609 4358 cum
3655 4316 3754 4371 pa-

2176 4403 2361 4459 tientia
2392 4411 2447 4458 et
2486 4417 2590 4457 non
2622 4403 2687 4455 ad
2723 4399 3120 4470 instigationem
3159 4413 3280 4467 qua:
3314 4395 3480 4460 laedit,
3509 4396 3602 4449 sed
3631 4408 3756 4448 cum

2109 4504 2151 4557 D
2183 4495 2485 4550 humilitate
2531 4510 2650 4563 qua:
2711 4495 2948 4562 prodest,
3001 4506 3104 4544 non
3149 4501 3207 4542 ut
3257 4487 3485 4554 inimici,
3540 4488 3633 4540 sed
3697 4494 3755 4538 ut

2177 4587 2492 4650 Christiani,
2536 4602 2640 4640 non
2699 4593 2756 4638 ιιι
2809 4585 2859 4638 in
2910 4585 3082 4647 circo,
3137 4583 3229 4635 sed
3271 4589 3331 4633 ut
3379 4580 3430 4633 in
3489 4578 3755 4634 Ecclesia.

2186 4679 2373 4732 llabcs
2427 4676 2631 4747 aliquid
2677 4693 2690 4729 :
2737 4677 2890 4728 ttade
2945 4689 3048 4728 non
3111 4690 3229 4728 cunt
3284 4673 3398 4734 lite,
3450 4687 3555 4726 non
3602 4674 3759 4741 quasi

2179 4782 2390 4832 auctor,
2431 4770 2523 4824 sed
2567 4783 2885 4824 ammonens
2912 4782 2974 4822 ea
3005 4781 3124 4836 qua:
3158 4765 3395 4820 didicisti
3447 4779 3478 4818 a
3511 4763 3752 4832 Scriptu-

2179 4865 2275 4918 ris.
2313 4863 2561 4916 Retinetc
2584 4862 2718 4925 haec,
2748 4869 2803 4915 et
2835 4858 3125 4913 cessabitis
3158 4873 3186 4910 a
3211 4857 3321 4919 lite,
3361 4865 3415 4909 et
3453 4854 3522 4908 ab
3555 4853 3756 4908 Eccle-s

2178 4956 2256 5010 sia
2295 4954 2534 5022 separari
2582 4952 2772 5006 nolite.
2824 4949 3027 5019 Si'ego
3077 4948 3265 5011 deliro,
3309 4947 3437 5014 quid
3474 4947 3541 4999 ad
3591 4944 3682 4997 te?
3713 4945 3764 4998 si

2179 5063 2279 5117 ego
2312 5045 2488 5100 aliena
2525 5045 2741 5115 loquar,
2775 5059 2859 5096 me
2884 5040 3068 5110 judica
3103 5049 3156 5094 et
3186 5039 3409 5109 perdere
3437 5036 3566 5090 noli.
3587 5035 3762 5090 Occa-

2174 5138 2382 5191 sionem
2414 5134 2581 5188 nolite
2622 5147 2867 5203 qumrere
2905 5130 2970 5184 ad
3019 5128 3331 5184 schismata.
3363 5127 3491 5180 Ovis
3514 5139 3633 5193 qua:
3664 5139 3767 5178 ex-

2319 5250 2512 5306 ‘Joau.
2548 5265 2598 5314 v,
2636 5249 2721 5311 17,
2767 5246 2856 5302 56.
2960 5244 3137 5300 7.loan.
3166 5258 3274 5305 xtv,
3305 5241 3357 5306 1,
3387 5241 3478 5296 28.
3554 5238 3744 5294 'Joan

2324 5362 2336 5366 _
2435 5323 2478 5352 η
2520 5322 2670 5366 ίιηιι.-
2709 5318 2792 5366 12.
2891 5315 3150 5366 "llCor.
3203 5329 3322 5366 xm.
3356 5313 3410 5366 5.
3516 5309 3561 5343 ⁸⁸
3592 5309 3738 5366 Joau

2249 5503 2326 5574 (5)
2373 5499 2749 5574 νίθὶιίιηιβΛΙ.
2786 5498 3047 5574 Valesius
3071 5496 3202 5574 legit
3225 5493 3511 5574 vigilantis.

2205 5645 2223 5655 ‘
2344 5561 2695 5658 llsiStqftcit
2735 5572 2870 5624 enim
2908 5573 2962 5623 in
3003 5561 3240 5633 EcclEsia
3274 5561 3370 5620 Dei
3409 5568 3474 5619 de
3512 5561 3678 5619 Patre
3709 5575 3770 5622 es

2178 5644 2550 5836 bi'iil’ifiu'it.
2594 5711 2777 5783 quibus
2806 5709 3002 5781 legunt.
3035 5708 3221 5763 Graeco
3245 5721 3416 5774 more,
3451 5721 3550 5778 pro
3579 5720 3642 5761 es
3673 5704 3776 5762 his

2178 5802 2290 5836 aua'
2338 5793 2515 5836 caunt.

2173 5802 2290 5846 qua'
2317 5793 2515 5845 legunt.
