4134 6400
460 441 486 490 1
497 432 598 492 069

1548 420 1634 474 ua
1671 410 2268 474 liLSUltﬂfsCTlONE.
2312 452 2365 458 -
2422 416 2546 471 LIB.
2592 406 2632 469 ἰ.

3565 405 3698 466 1070

455 552 532 596 tra
559 554 771 610 gregem
802 549 903 604 est,
936 556 1065 611 pars
1102 547 1210 612 lupi
1247 556 1348 598 est.
1384 541 1516 597 Nam
1549 545 1648 599 etsi
1683 546 1873 600 fortior
1903 546 2022 599 ovis
2052 551 2098 607 Α
2130 555 2237 601 tres
2274 567 2284 600 :
2330 560 2431 598 non
2479 545 2739 598 faciamus
2784 534 3183 599 conventicula,
3227 550 3335 589 non
3390 534 3697 603 Speluncas.

456 650 531 697 es,
560 634 777 703 expedit
830 634 927 687 tibi
979 634 1116 688 infra
1176 636 1408 705 parietes
1458 638 1614 691 ovilis
1665 654 1806 703 esse,
1856 654 2017 705 quam

456 726 620 781 foras.
653 725 830 781 Fortis
867 740 946 789 es,
991 736 1143 794 porta
1198 743 1369 780 meam
1414 726 1783 783 infirmitatem
1819 743 1836 782 :
1874 729 2024 783 infir-

456 834 571 873 mus
605 834 685 881 es,
714 820 897 888 accipe
920 822 1180 877 medelam
1209 837 1238 875 a
1262 824 1531 877 communi
1564 822 1804 879 Ecclesia
1833 843 1845 878 :
1871 832 2022 893 gutta

454 930 556 969 una
621 924 913 970 torrentem
975 929 1081 967 non
1132 912 1283 968 facit.
1340 912 1395 967 Si
1444 914 1589 966 enim
1637 922 1691 968 et
1742 910 2020 979 ceciderit,

453 1016 740 1072 antequam
777 1007 954 1070 cadat,
986 1022 1012 1056 a
1045 1016 1187 1057 terra
1226 1004 1568 1058 absen'betur.
1613 1002 1773 1059 Gutta
1815 1015 2021 1070 autem,

454 1108 506 1151 ct
543 1108 717 1168 gutta,
751 1106 804 1152 et
829 1108 975 1166 gutta
1006 1098 1168 1151 etiam
1215 1104 1422 1151 montes
1467 1099 1682 1151 evertit.
1732 1098 1910 1152 Canna
1964 1112 2024 1153 es

457 1187 682 1259 fragilis,
717 1188 865 1243 multi
900 1197 1076 1242 autem
1130 1185 1277 1241 ferro
1327 1196 1453 1241 sunt
1508 1187 1781 1242 fortiores.
1824 1188 2024 1244 Oculus

456 1281 601 1336 solus
631 1296 733 1334 non
760 1290 842 1335 est
864 1280 1076 1344 oculus,
1109 1294 1283 1349 neque
1307 1290 1468 1349 eaput
1493 1291 1679 1349 caput,
1717 1296 1892 1350 neque
1932 1297 2025 1351 pes

455 1388 571 1443 pes.
613 1372 941 1442 Compositio
988 1373 1127 1427 enim
1179 1372 1544 1426 membrordm
1606 1382 1771 1425 totum
1825 1368 2023 1426 bonum

453 1461 604 1514 facit.
651 1459 782 1513 Nam
815 1461 916 1514 etsi
960 1474 1109 1513 esses
1143 1459 1353 1524 oculus,
1402 1460 1639 1523 ablatus,
1666 1476 1788 1515 eras
1827 1478 2021 1516 caecus.

453 1555 497 1605 A
521 1566 741 1620 corpore
771 1551 913 1604 enim
944 1550 1188 1605 sublatus
1212 1551 1424 1615 oculds,
1460 1566 1635 1606 etecus
1679 1560 1763 1606 est
1808 1549 2024 1616 oculus,

452 1642 626 1711 magis
657 1646 835 1695 autem
878 1651 1140 1696 mortuus.
1168 1642 1224 1696 ln
1256 1642 1495 1697 Ecclesia
1530 1641 1728 1697 fratres
1779 1647 1879 1698 sub
1916 1642 2027 1700 alas

454 1732 642 1787 matris
666 1733 1054 1787 conveniamus
1084 1744 1101 1792 :
1132 1733 1183 1786 in
1208 1733 1448 1788 Ecclesia
1494 1735 1546 1787 in
1575 1747 1679 1803 qua
1707 1740 2024 1790 ornamenta

454 1841 665 1895 sponsae
692 1833 836 1892 sunt,
865 1834 918 1878 et
948 1825 1190 1879 membra
1212 1823 1434 1889 Christi,
1467 1838 1573 1879 non
1605 1827 1670 1881 ad
1712 1827 2026 1891 schiSmata,

2127 638 2289 693 Forte
2332 639 2473 691 enim
2530 635 2759 707 apostoli
2820 633 2935 687 haec
2984 630 3298 684 fundarunt.
3334 627 3451 681 Non
3496 628 3701 696 lapides

2126 730 2266 794 dico,
2309 731 2401 783 sed
2439 730 2651 797 negotia
2692 742 2896 781 rerum.
2933 724 3062 778 Exis
3102 724 3170 777 ab
3203 721 3468 785 Ecclesia,
3516 732 3573 803 et
3617 735 3699 775 re-

2125 822 2323 892 linquis
2364 830 2591 876 matrem
2638 829 2781 874 tuam
2814 826 3033 889 propter
3086 831 3190 869 me.
3221 815 3357 879 Quid
3392 829 3511 867 sum
3558 813 3701 866 enim

2126 930 2247 985 ego,
2283 924 2376 969 aut
2414 914 2637 975 Paulus,
2665 920 2759 965 aut
2794 910 2981 978 Apollo
3006 908 3127 977 quis
3164 907 3282 958 est?
3332 907 3403 959 De
3431 921 3516 959 me
3557 916 3610 958 et
3651 914 3701 959 te

2127 1008 2229 1061 erit
2262 1022 2461 1061 sermo.
2495 1004 2631 1058 Num
2670 1018 2767 1074 ego
2811 1000 3105 1056 cruciﬁxus
3153 999 3310 1053 sum?
3339 998 3579 1057 Necdum
3635 1010 3702 1051 ne

2126 1098 2342 1166 quidem
2368 1098 2574 1167 alapam
2602 1095 2808 1164 accepi.
2844 1093 2884 1146 E
2907 1092 3184 1147 contrario
3220 1103 3417 1155 autem,
3452 1101 3505 1144 et
3532 1091 3702 1143 hono-

2128 1198 2277 1243 ratus
2329 1204 2446 1242 sum
2502 1198 2719 1257 prepter
2768 1184 2975 1239 Jesum.
3030 1185 3095 1239 Et
3139 1184 3227 1238 ille
3266 1183 3481 1252 quidem
3535 1181 3702 1234 multa

2131 1290 2319 1349 passds
2344 1289 2425 1333 est
2456 1289 2674 1348 propter
2697 1293 2782 1331 me
2815 1292 2831 1330 ‘.
2871 1294 2971 1345 ego
3011 1288 3190 1331 autem
3242 1277 3541 1329 honoratus
3577 1290 3696 1327 Slllll

2129 1384 2349 1442 propter
2388 1372 2583 1440 ipsum.
2630 1370 2697 1424 Et
2726 1386 2823 1424 nos
2858 1370 3076 1438 quidem
3129 1367 3389 1423 feriamur
3440 1367 3704 1422 adversus

2129 1476 2371 1527 crucem,
2417 1474 2471 1517 et
2516 1465 2808 1517 adversum
2847 1476 2969 1514 eum
3006 1461 3095 1529 qui
3145 1471 3359 1529 propter
3404 1474 3499 1513 nos
3546 1459 3617 1513 fel
3654 1467 3704 1512 et

2131 1565 2341 1610 acetmn
2382 1555 2537 1616 bibit,
2571 1564 2623 1608 et
2648 1548 2977 1623 imponimus
3022 1552 3072 1605 ei
3107 1551 3291 1620 spinas
3333 1546 3504 1621 magis
3537 1564 3700 1619 quam

2131 1637 2318 1711 Judmi,
2343 1656 2397 1701 et
2428 1640 2710 1700 effodimus
2745 1660 2937 1699 manus
2980 1644 3095 1712 ejus
3141 1654 3195 1698 et
3236 1644 3423 1712 pedes,
3469 1653 3522 1698 et
3550 1644 3705 1698 dinu-

2132 1752 2404 1791 meramus
2424 1736 2540 1803 ejus
2566 1752 2689 1789 ossa
2726 1753 2738 1788 :
2772 1728 2903 1799 Quae
2944 1730 3107 1800 enim,
3143 1734 3340 1803 inquit,
3373 1728 3572 1801 fecistis
3611 1731 3706 1786 uni

2133 1844 2197 1882 ea:
2228 1822 2458 1881 minimis
2489 1828 2613 1880 istis
2647 1826 2736 1896 qui
2765 1832 2982 1879 credunt
3024 1827 3079 1879 in
3108 1841 3211 1889 me,
3240 1824 3366 1877 mihi
3417 1824 3609 1891 fecistis
3639 1818 3708 1889 η,

457 1933 561 1971 non
589 1918 652 1970 ad
678 1914 931 1972 hiereses.
963 1916 1263 1985 Aliquoties
1283 1917 1426 1971 enim
1461 1917 1583 1973 dico
1613 1938 1626 1972 :
1660 1914 1881 1973 offendit
1913 1935 2026 1972 mea
2067 1928 2109 1986 Β
2136 1929 2229 1972 aut
2266 1917 2467 1971 bonum
2504 1927 2596 1972 aut
2631 1915 2857 1972 malum.
2897 1916 3020 1971 llaec
3053 1915 3249 1970 fratres
3289 1926 3339 1970 et
3391 1911 3442 1969 in
3489 1917 3573 1971 his
3602 1916 3709 1971 fra-

456 2009 631 2077 lingua
663 2026 676 2062 :
712 2017 889 2077 potest
918 2008 1031 2061 fieri
1061 2018 1119 2061 ut
1162 2023 1313 2062 mens
1360 2024 1475 2063 mea
1530 2008 1789 2064 offendat.
1839 2010 1943 2064 Sed
1974 2018 2026 2064 tu

456 2100 607 2154 noli:
636 2100 951 2155 obliviscere
994 2098 1069 2170 (8)
1111 2114 1232 2153 eum
1272 2101 1363 2168 qui
1412 2101 1546 2154 dixit
1588 2118 1602 2153 :
1645 2100 1825 2155 Prelio
1871 2102 2030 2171 empti

457 2194 603 2257 estis,
634 2191 793 2246 nolite
822 2191 938 2259 ﬁeri
966 2192 1101 2245 servi
1140 2190 1407 2245 hominum
1432 2192 1495 2245 ¹⁸.
1528 2192 1633 2247 Ista
1667 2196 1808 2248 enim
1837 2195 2031 2249 domus

457 2299 565 2339 non
590 2300 705 2339 mea
728 2293 810 2339 est
831 2292 923 2337 aut
953 2293 1063 2341 tua.
1110 2284 1219 2339 Cur
1270 2287 1373 2338 mei
1427 2300 1589 2339 causa
1622 2285 1832 2339 recedis
1864 2301 1891 2337 a
1930 2285 2033 2339 Do-

457 2376 659 2431 miuica
706 2376 904 2431 domo?
952 2376 1016 2429 Et
1067 2376 1240 2444 primo
1282 2376 1495 2444 quidem
1543 2377 1671 2445 quid
1722 2377 2032 2446 accepimus

457 2469 614 2524 nobis
642 2468 765 2538 quia
799 2468 1152 2538 sapientiores
1182 2468 1434 2523 omnibus
1469 2469 1694 2522 sumus?
1720 2466 1923 2522 Deinde
1972 2476 2033 2521 ut

458 2561 584 2628 quid
610 2562 753 2629 quod
783 2560 835 2613 in
860 2574 1021 2629 prece
1047 2558 1122 2631 (9)
1153 2559 1396 2613 diabolus
1432 2559 1614 2623 habet,
1647 2559 1911 2613 donamus
1945 2559 2034 2613 ei?

457 2650 516 2705 Si
554 2665 651 2720 ego
676 2652 920 2705 infirmus
949 2666 1088 2715 sum,
1131 2659 1184 2703 tu
1206 2649 1294 2717 qui
1332 2664 1391 2703 es
1413 2648 1586 2714 fortis,
1617 2665 1719 2705 non
1751 2650 2030 2713 recedens,

459 2744 719 2798 confirma
766 2742 1086 2798 Ecclesiam.
1136 2742 1192 2796 Si
1238 2756 1339 2810 ego
1384 2741 1557 2795 aliena
1593 2740 1804 2809 loquor,
1843 2752 1940 2795 cur
1977 2749 2033 2793 tu

463 2834 550 2904 qui
576 2834 713 2888 bene
749 2833 992 2901 loqueris
1037 2832 1307 2887 abstrahis
1335 2845 1388 2886 te
1410 2841 1467 2885 ut
1492 2832 1777 2885 videantur
1808 2846 1926 2885 mea
1954 2832 2035 2884 in-

464 2924 704 2979 firmari?
729 2924 793 2977 Et
821 2939 888 2978 ne
914 2923 1037 2994 quis
1056 2939 1142 2978 me
1171 2933 1324 2993 putet
1360 2923 1642 2978 incitatum
1674 2922 1741 2975 ad
1771 2921 2035 2991 quosdam

464 3016 793 3072 dicere:sed
835 3017 902 3071 ab
925 3016 1182 3071 exercitio
1219 3014 1331 3086 (1Ο)
1372 3029 1491 3069 sum
1545 3013 1834 3068 multorum
1868 3029 1881 3065 :
1924 3012 2038 3067 scio

470 3119 672 3178 quanta
703 3111 844 3165 dicta
882 3119 1008 3164 sunt
1058 3118 1115 3164 et
1155 3110 1425 3163 dicuntur.
1473 3106 1856 3175 Unusquisque
1893 3105 2038 3160 enim

468 3216 716 3270 qumrens
741 3202 881 3256 unde
915 3210 1170 3271 pascatur
1207 3200 1418 3254 furatur
1441 3199 1576 3270 (11).
1610 3199 1847 3252 Minores
1884 3210 1896 3249 :
1928 3195 2038 3250 fra-

474 3347 2317 3378 mm

2134 2019 2287 2063 tres:
2323 2025 2429 2063 non
2482 2025 2695 2079 semper
2754 1997 2992 2072 inomina,
3043 2009 3138 2064 sed
3185 2017 3291 2064 res.
3367 2008 3710 2067 Christianus

2131 2102 2273 2154 enim
2303 2112 2482 2165 verus,
2539 2096 2708 2155 frater
2749 2101 2841 2155 sit.
2891 2096 3063 2155 Verus
3118 2100 3460 2155 Christianus
3500 2122 3512 2155 :
3549 2117 3709 2157 verus

2132 2203 2217 2247 est
2265 2193 2409 2247 enim
2471 2193 2740 2249 Christus.
2787 2194 3030 2259 Fratres,
3084 2192 3301 2257 fratres,
3362 2195 3527 2249 nolite
3589 2210 3711 2251 esse

2132 2285 2350 2353 piratae,
2415 2286 2582 2340 nolite
2649 2286 2962 2339 bellatores.
3031 2283 3208 2339 Nolite
3275 2302 3516 2355 qumrere
3581 2302 3705 2342 cum

2133 2392 2238 2445 quo
2311 2376 2560 2446 litigetis,
2629 2379 2721 2432 sed
2776 2394 2932 2447 quem
3014 2377 3255 2433 salvetis.
3332 2378 3447 2447 lpse
3524 2390 3705 2434 autem

2133 2468 2275 2523 Deus
2334 2469 2499 2537 pacis,
2551 2464 2640 2537 qui
2688 2485 2792 2524 non
2852 2470 3091 2540 pepercit
3152 2471 3430 2537 unigenito
3462 2485 3558 2525 suo
3613 2470 3705 2525 Fi-

2134 2557 2226 2622 lio,
2262 2570 2317 2612 et
2347 2558 2493 2611 misit
2556 2575 2680 2613 eum
2727 2564 2790 2613 ad
2829 2561 3056 2614 salutem
3102 2571 3369 2631 nostram,
3426 2561 3541 2629 ipse
3581 2576 3704 2615 om-

2135 2651 2280 2704 nium
2326 2662 2566 2705 vestrum
2598 2651 2808 2705 animas
2851 2653 2917 2705 ad
2953 2668 3113 2705 unam
3162 2652 3601 2716 consensionem,
3636 2655 3706 2707 ad

2136 2757 2296 2795 unam
2321 2742 2691 2805 concordiam,
2732 2743 2796 2795 ad
2842 2758 3004 2797 unam
3058 2758 3243 2810 pacem
3285 2755 3341 2799 et
3389 2740 3706 2799 charitatem

2137 2831 2334 2886 adnuet
2361 2848 2456 2900 per
2481 2830 2813 2902 unigenitum
2846 2850 3001 2888 suum
3031 2828 3223 2889 Filium
3251 2853 3266 2888 :
3298 2850 3393 2905 per
3432 2851 3592 2906 quem
3624 2846 3711 2907 est

2137 2940 2243 2979 non
2282 2935 2408 2979 nato
2435 2925 2581 2979 Patri
2623 2926 2815 2996 gloria,
2860 2928 3052 2995 honor,
3110 2928 3418 2997 imperium,
3452 2929 3709 2998 maiestas

2139 3016 2193 3072 in
2222 3017 2423 3087 Spiritu
2468 3028 2678 3083 sancto,
2708 3029 2760 3074 et.
2795 3035 2935 3074 nunc
2966 3029 3020 3075 et
3056 3034 3289 3090 semper,
3320 3030 3369 3075 et
3403 3035 3494 3089 per
3528 3020 3710 3077 omnia

2141 3100 2336 3160 sarcula
2367 3104 2711 3159 seculorum.
2741 3105 2932 3158 Amen.

2066 3365 2433 3372 *ον-ὴ

2337 3344 3697 3389 2m

1224 3566 1983 3726 EUSEBII
2040 3563 2958 3725 PAMPHILI

1044 3862 1272 3975 DE
1399 3857 3129 3975 RESUBRECTIONE.

1620 4228 1975 4318 LIBER
2050 4230 2542 4320 PRIMUS.

536 4585 744 4640 Dictum
766 4585 1081 4655 estquidem
1106 4601 1135 4639 a
1168 4586 1319 4641 nobis
1346 4593 1400 4641 et
1427 4597 1548 4641 ante
1572 4587 1638 4641 de
1675 4588 2030 4643 resurrectio-
2056 4598 2098 4653 α
2133 4599 2312 4644 autem
2373 4598 2426 4642 et
2461 4603 2581 4656 qua:
2615 4586 2748 4639 lecta
2781 4592 2942 4649 sunt;
2992 4579 3130 4636 forte
3178 4576 3341 4635 etiam
3389 4588 3531 4645 saepe
3554 4573 3713 4628 nobis

466 4693 564 4744 ne;
603 4677 828 4731 audistis
865 4686 918 4731 et
957 4692 1052 4731 vos
1101 4696 1113 4731 :
1155 4679 1247 4732 sed
1284 4680 1464 4733 omnia
1526 4687 1766 4746 tempora
1814 4679 2037 4746 exigunt

465 4786 614 4825 suum
664 4769 918 4833 fructum,
958 4768 1220 4836 siquidem
1271 4779 1324 4823 et
1379 4770 1431 4823 in
1472 4780 1712 4839 tempore
1764 4787 2033 4835 rosarum,

465 4877 597 4915 rosa:
620 4859 925 4914 florescunt.
967 4859 1277 4930 Agnoscunt
1313 4866 1490 4914 autem
1529 4870 1584 4915 et
1617 4864 1909 4915 secundum
1941 4861 2033 4916 Je-

469 4956 689 5009 remiam
724 4955 798 5018 ‘7,
845 4962 899 5007 et
925 4953 1243 5006 hirundines
1299 4962 1507 5022 tempus
1555 4961 1609 5007 et
1657 4953 1743 5005 alii
1786 4968 2032 5022 passeres

464 5047 613 5115 agri;
646 5061 869 5114 quorum
899 5045 1155 5113 propheta
1182 5044 1381 5099 faciens
1409 5046 1756 5111 mentionem,
1790 5048 2034 5114 increpa-

466 5137 550 5191 bat
596 5136 757 5192 lsrael
793 5124 881 5205 qui
908 5144 1146 5205 tempora
1188 5134 1489 5205 ignorabat.
1536 5132 1602 5189 Et
1634 5145 1843 5204 tempus
1886 5136 2032 5190 omni

465 5230 541 5283 rei
571 5244 685 5284 .sse
709 5228 1141 5295 sapientissimus
1175 5227 1308 5280 dixit
1336 5226 1589 5281 Salomon
1613 5226 1676 5283 ¹⁸.
1710 5224 1843 5294 Quia
1871 5227 2034 5297 igitur

465 5327 674 5387 tempus
711 5318 952 5387 exposcit
984 5316 1051 5370 de
1083 5316 1476 5371 resurrectione
1508 5316 1749 5379 tractari,
1778 5322 2035 5384 expetunt

536 5456 579 5489 ”
603 5455 624 5509 l
644 5458 767 5511 Cor.
798 5472 873 5523 vr,
898 5456 1007 5520 201:
1041 5466 1094 5512 et
1133 5472 1226 5525 vn,
1252 5457 1343 5511 25.
1418 5454 1463 5486 “
1490 5454 1679 5513 Matth.
1710 5470 1839 5521 xxv,
1865 5453 1954 5508 40.

502 5575 613 5657 ,(8)
643 5572 769 5627 Noli
811 5590 829 5627 .-

460 5661 614 5787 J‘éii
650 5715 714 5770 In
755 5731 905 5783 prece
944 5714 1031 5787 Ἐν
1056 5716 1212 5785 εὐχῇ,
1249 5715 1302 5769 in
1334 5715 1564 5787 voto,_in
1593 5712 1808 5787 optatis.

539 5783 648 5856 (11))
682 5788 754 5836 Ab
796 5785 1064 5838 exercitio.
1110 5783 1293 5851 [tt—est,
1321 5800 1386 5840 ex
1436 5783 1736 5839 ministerio
1768 5795 1886 5837 meo
1917 5794 2036 5837 mea

465 5857 640 5914 Oratio
670 5859 731 5910 ad
763 5856 956 5911 multos
979 5858 1227 5917 pertinet.

877 5574 1198 5629 obliviscere.
1258 5573 1421 5629 Forte
1479 5573 1568 5626 sed
1622 5583 1677 5627 tu
1739 5570 1846 5624 noli
1899 5569 2013 5623 abii-

2034 5453 2075 5484 "
2114 5449 2225 5506 Jer.
2249 5463 2369 5511 vnn,
2401 5448 2454 5500 7.

2138 4681 2461 4747 dicentibus,
2489 4679 2713 4733 necdum
2746 4676 2961 4745 quidam
3003 4675 3068 4728 de
3098 4668 3495 4727 resurrectione
3523 4679 3711 4721 susce-

2136 4780 2334 4841 perunt
2379 4783 2682 4826 sermonem
2726 4785 2740 4821 :
2782 4765 2916 4820 nihil
2964 4761 3217 4833 prohibet
3252 4769 3495 4828 repetere
3528 4770 3627 4811 nos
3658 4765 3715 4812 et

2133 4865 2332 4927 denuo,
2367 4871 2421 4915 et
2452 4861 2624 4915 dehis
2656 4856 2787 4928 ipsis
2816 4864 3051 4912 tractare
3075 4854 3141 4906 ¹⁹.
3170 4853 3369 4907 Eadem
3401 4851 3543 4903 enim
3579 4846 3713 4902 scri-

2138 4957 2267 5010 bere
2310 4970 2408 5009 nec
2443 4952 2665 5006 Paulum
2704 4949 2875 5021 piguit
2918 4963 2933 5000 :
2977 4947 3031 5003 hi
3059 4947 3203 5002 enim
3249 4943 3342 5014 qui
3367 4940 3591 4997 credunt
3628 4954 3715 4994 re~

2140 5048 2494 5104 surrectionis
2522 5059 2822 5108 sermones,
2864 5049 3025 5117 erunt
3072 5039 3339 5094 tutiores:
3373 5034 3510 5089 forte
3532 5040 3713 5086 autem

2141 5140 2231 5206 qui
2255 5139 2482 5193 necdum
2512 5135 2655 5191 suasi
2686 5143 2833 5199 sunt,
2861 5131 3252 5187 suadebuntur.
3299 5123 3454 5177 Nunc
3476 5121 3716 5191 creditur

2140 5228 2283 5282 enim
2316 5228 2554 5282 sermoni
2584 5225 2673 5294 qui
2710 5224 2774 5278 de
2808 5219 3197 5279 resurrectione
3224 5216 3489 5278 habetur;
3514 5222 3567 5265 et
3601 5216 3741 5262 ma—'

2142 5330 2244 5383 gna
2290 5324 2375 5370 est
2422 5312 2709 5368 multitudo
2743 5326 2848 5364 non
2887 5308 3240 5364 credentium.
3282 5301 3521 5359 Gentiles
3570 5300 3713 5355 enim

2532 5444 2575 5476 ’⁸
2613 5444 2789 5498 Eccle.
2827 5456 2907 5507 ut,
2935 5442 3022 5494 i'l.
3102 5441 3144 5471 ¹⁹
3183 5436 3416 5507 Philipp.
3444 5434 3607 5501 "1,1.

2214 5564 2324 5636 (11)
2354 5562 2613 5636 Furatur.
2643 5559 2893 5636 Minores.
2924 5557 3085 5636 Forte
3116 5555 3326 5636 fugitur
3365 5549 3716 5636 minoresnid

2142 5619 2247 5699 est‘.
2281 5619 2499 5689 a'dducit
2529 5647 2624 5699 per
2667 5631 2906 5684 fraudem
2958 5643 2985 5680 e
3014 5619 3133 5699 sinu
3177 5624 3428 5679 Ecclesia:
3457 5619 3714 5699 partu-tios

2145 5689 2360 5768 inviide,
2385 5689 2595 5774 sibique
2626 5698 3058 5774 atljungitLonde
3087 5696 3264 5749 alatur
3301 5713 3314 5748 :
3351 5694 3537 5774 quales
3577 5692 3611 5745 ii
3649 5689 3721 5744 de:

2147 5767 2533 5847 quibus’Judas
2560 5767 2731 5843 apost.
2758 5770 2842 5834 12,
2868 5767 3177 5837 Semelipsos
3208 5773 3492 5834 pascentes.
