4134 6392
434 379 568 456 tori

1101 368 1372 429 EUSEBH
1406 363 1882 424 ClSARiENSlS
1920 360 2068 416 OPP.
2109 357 2288 413 PARS
2325 357 2414 412 iV.
2454 387 2524 399 -—
2562 351 2980 412 DOGMATICA.

3533 348 3673 404 1072

430 513 540 552 non
563 496 825 560 credunt;
851 490 1100 548 haeretici
1136 489 1298 546 simili
1327 488 1486 543 modo
1535 488 1725 542 iisdem
1768 500 1871 540 non
1913 484 2000 537 ha-
2029 487 2073 542 Α
2109 479 2254 533 tiﬁce
2284 478 2373 548 qui
2400 476 2541 548 apud
2570 491 2667 531 nos
2690 488 2793 540 est,
2820 474 3024 529 humile
3053 471 3321 540 loquatur.
3349 462 3418 523 Et
3445 481 3548 523 non
3581 483 3677 523 co-

429 588 559 644 bent
591 587 781 650 ﬁdem;
807 582 979 638 Judmi
1007 581 1162 636 divisi
1193 589 1316 634 sunt
1340 580 1406 635 de
1432 577 1848 634 resurrectione.
1867 572 2002 629 Sad-

432 680 602 736 dncazi
632 679 774 731 enim
806 673 1150 742 intercipiunt
1177 671 1288 745 (l2)
1311 671 1783 735 resurrectionem,
1807 666 2001 721 Phari-

432 772 524 827 saei
555 779 732 823 autem
755 779 1048 834 suscepere
1083 781 1098 818 :
1133 763 1235 816 nisi
1278 761 1449 832 magis
1495 764 1547 815 in
1581 759 1791 828 injuriis
1833 756 2000 828 petie-

433 871 580 924 runt,
621 873 781 930 quant
817 857 1220 911 honoraverunt
1252 873 1264 907 :
1293 855 1432 908 forte
1484 861 1662 906 autem
1715 859 1767 904 et
1815 849 1906 919 qui
1947 848 2000 900 in

434 950 672 1006 Ecclesia
701 947 1048 1011 conveniunt,
1081 945 1232 1000 multi
1264 946 1511 998 dubitant
1549 943 1613 996 de
1652 939 2004 995 resurrectio-

433 1058 534 1109 ne;
571 1055 691 1110 quae
727 1040 866 1093 enim
906 1037 1130 1092 necdum
1165 1036 1340 1091 oculis
1372 1036 1640 1098 videntur,
1685 1048 1712 1087 a
1760 1030 2004 1102 plurimis

433 1148 539 1187 non
563 1131 880 1185 creduntur.
907 1125 1040 1181 Nam
1063 1137 1116 1182 et
1143 1126 1177 1179 ii
1205 1127 1293 1194 qui
1330 1124 1627 1193 suscipiunt
1655 1123 2004 1177 resurrectio-

433 1240 582 1287 nem,
618 1220 892 1276 constituti
946 1227 1127 1289 utpote
1179 1218 1231 1271 in
1276 1216 1532 1278 Ecclesia,
1585 1215 1746 1268 multa
1805 1214 2008 1267 habent

433 1316 594 1370 dubia
623 1314 674 1367 in
717 1321 898 1365 mente
929 1309 994 1363 de
1032 1309 1147 1379 ipsa
1175 1307 1594 1362 resurrectione.
1630 1307 1797 1358 Aiunt
1827 1305 2003 1366 enim,

433 1403 704 1475 quomodo
725 1399 1111 1470 resurgetnus?
1145 1399 1196 1451 in
1233 1414 1339 1466 quo
1390 1398 1599 1459 habitu,
1628 1409 1731 1464 qua
1772 1409 2001 1448 convcr-

432 1497 665 1556 satione,
694 1494 745 1547 in
774 1507 881 1560 quo
910 1489 1067 1544 loco?
1097 1489 1223 1542 nudi
1249 1503 1314 1540 an
1334 1485 1555 1541 vestiti?
1586 1483 2009 1539 manducantes?

432 1601 540 1641 non
574 1581 1056 1654 indigentesesca?
1083 1580 1134 1631 in
1153 1577 1308 1642 male,
1328 1577 1379 1630 in
1409 1575 1690 1646 paradiso?
1716 1589 1902 1629 omnes
1931 1573 2010 1628 si-

433 1677 568 1740 mul,
603 1692 669 1728 an
709 1674 800 1727 alii
835 1671 994 1726 alibi?
1022 1671 1152 1735 Quae
1177 1667 1504 1722 diversitas?
1549 1675 1728 1719 tttrnm
1764 1666 1815 1718 itt
1853 1663 2006 1728 locis,

432 1781 525 1822 aut
554 1769 606 1822 in
642 1763 1037 1834 dignitatibus?
1075 1763 1143 1816 Et
1173 1763 1237 1815 de
1265 1762 1347 1814 his
1373 1760 1462 1829 qui
1492 1760 1787 1829 puniuntur
1829 1766 2007 1810 tttrum

434 1869 486 1911 ct
513 1873 746 1925 semper,
779 1865 870 1908 aut
896 1864 1107 1922 teinpus
1130 1852 1367 1921 aliquod,
1394 1859 1449 1904 et
1468 1860 1644 1903 utrum
1677 1863 1889 1916 semper
1916 1863 2013 1916 per
2041 1834 2084 1889 Β

430 1951 634 2018 ignem,
660 1956 750 2000 aut
777 1945 1065 2015 aliquando
1093 1942 1285 1996 aliter?
1311 1942 1375 1996 Et
1405 1951 1583 1995 utrum
1626 1939 1715 2010 qui
1755 1941 1928 2008 plura,
1959 1948 2012 1992 et

430 2054 623 2108 parva,
659 2047 713 2090 et
746 2035 836 2105 qui
865 2035 1028 2088 multa
1064 2041 1446 2102 peccaverunt,
1497 2047 1708 2101 semper
1744 2031 2013 2084 habebunt

435 2111 686 2198 poenam?
718 2126 783 2180 Et
814 2125 856 2178 si
886 2124 1144 2178 videbunt
1189 2137 1247 2177 se
1297 2123 1551 2176 invicem.
1595 2132 1689 2174 aut
1718 2120 2010 2175 secundum

433 2218 758 2274 eutinentias
786 2216 873 2270 alii
909 2216 960 2268 in
987 2213 1090 2268 alio
1117 2214 1238 2270 loco
1268 2211 1592 2282 punientur.
1627 2214 1692 2267 Et
1715 2225 1892 2266 utrum
1920 2212 2010 2282 qui

433 2311 740 2383 puniuntur
784 2308 829 2363 si
886 2309 1206 2376 semetipsos
1234 2307 1490 2362 videbunt
1524 2306 1670 2378 (l3);
1707 2315 1762 2360 et
1797 2306 1840 2360 si
1884 2306 2010 2374 justi

435 2417 548 2463 eos,
575 2400 666 2469 qui
709 2399 762 2452 in
795 2397 970 2468 poenis
999 2405 1126 2450 sunt
1159 2413 1174 2450 :
1210 2406 1264 2450 et
1297 2399 1341 2450 si
1381 2397 1416 2450 ii
1447 2395 1538 2466 qui
1578 2397 1628 2450 in
1664 2396 1843 2464 pmnis
1868 2406 2010 2458 sunt,

435 2497 603 2560 iustos
644 2488 1028 2560 conspiciunt?
1055 2489 1118 2543 Et
1142 2489 1288 2544 mille
1305 2497 1431 2544 sunt
1455 2488 1779 2558 quaestiones
1803 2489 1868 2542 de
1893 2504 2016 2558 pro-

437 2588 610 2656 posita
651 2585 1069 2642 resurrectione.
1123 2584 1314 2639 Tantis
1347 2585 1510 2656 igitur
1552 2583 1844 2653 propositis
1877 2597 2018 2652 qua:-

437 2681 730 2746 stionibus,
772 2688 826 2734 et
847 2678 1014 2732 tantis
1044 2691 1148 2730 non
1179 2676 1544 2745 credentibus,
1582 2688 1635 2729 et
1666 2675 1828 2729 tantis
1857 2674 2016 2728 dubi.

438 2772 711 2837 tantibus;
739 2771 985 2826 oratione
1021 2783 1156 2837 Opus
1183 2778 1289 2834 est,
1315 2778 1371 2822 ut
1401 2768 1568 2839 ipsius
1608 2765 2018 2820 resurrectionis

439 2863 724 2927 Dominus,
768 2870 824 2916 et
879 2861 1175 2928 impensius
1205 2860 1423 2928 quidem
1461 2858 1666 2911 tribuat
1713 2870 2016 2911 sernmnem

439 2953 662 3017 dicenti,
689 2939 1018 3006 intellectum
1046 2961 1224 3005 autent
1257 2949 1623 3003 audientibus.
1658 2947 1934 3017 Siquidem
1964 2957 2020 3000 et

439 3045 509 3100 iis
531 3059 649 3114 quae
681 3044 822 3097 dicta
851 3053 976 3096 sunt
1007 3043 1151 3097 aliud
1176 3058 1340 3095 unum
1381 3051 1464 3094 est
1495 3055 1783 3094 commune
1807 3039 2017 3102 vitium,

440 3139 583 3206 quod
618 3137 866 3206 jurgatur
888 3136 1150 3188 adversus
1185 3133 1662 3187 resurrectionem.
1697 3129 1848 3184 Multi
1875 3131 2017 3184 enim

441 3229 685 3296 suntqui
726 3236 974 3296 peccant,
1008 3225 1165 3294 pauci
1213 3235 1394 3278 autem
1441 3225 1535 3294 qui
1585 3239 1644 3278 se
1689 3222 2018 3278 custodiunt.

441 3316 520 3372 Illi
547 3318 710 3387 igitur
739 3317 831 3386 qui
870 3317 1209 3384 delinquunt,
1255 3315 1446 3369 nolunt
1497 3328 1617 3369 esse
1663 3314 2021 3369 resurrectio-

442 3426 588 3472 nem,
620 3417 676 3462 ttt
709 3425 815 3462 non
846 3410 1125 3462 incurrant
1151 3407 1202 3462 itt
1235 3422 1456 3476 pmnas;
1493 3408 1586 3462 sed
1607 3421 1756 3461 suam
1787 3405 2024 3460 volunta-

445 3513 550 3553 tem
606 3503 826 3554 decreto
858 3499 1277 3554 resurrectionis
1328 3508 1631 3568 opponunt,
1669 3509 1724 3552 et
1763 3499 2023 3553 resistunt

443 3593 574 3646 Deo.
622 3593 758 3659 Quia
803 3592 946 3646 enim
994 3591 1179 3644 volunt
1229 3607 1256 3643 a
1306 3591 1523 3661 negotio
1579 3589 1794 3642 liberari
1855 3589 2021 3642 semel

450 3684 766 3747 morientes,
822 3682 1010 3737 nolunt
1065 3683 1117 3736 in
1154 3692 1323 3737 totum
1368 3697 1491 3738 esse
1545 3682 2023 3745 resurrectionem,

446 3786 508 3830 ut
540 3791 642 3829 non
686 3776 920 3829 habeant
951 3788 1193 3834 causam,
1234 3789 1406 3842 neque
1446 3775 1705 3828 rationem
1737 3773 1860 3825 vitae
1888 3787 2024 3841 prat-

445 3878 595 3923 suent
627 3876 748 3937 post
778 3875 1007 3920 mortem
1028 3865 1197 3934 judici
1241 3863 1368 3919 Deo.
1403 3865 1542 3935 Ergo
1567 3866 1818 3934 iurgatur
1851 3875 1904 3918 et
1928 3865 2025 3918 ho-

445 3974 567 4015 rum
620 3957 873 4011 voluntas
924 3956 1142 4010 decreto
1189 3956 1604 4010 resurrectionis
1637 3972 1650 4008 :
1689 3955 1814 4024 quia
1863 3955 2027 4023 igitur

448 4060 598 4104 tanta
633 4058 690 4104 et
723 4048 848 4102 talia
881 4056 1011 4101 sunt
1059 4061 1178 4115 qua:
1224 4057 1558 4116 quaeruntur,
1612 4048 1859 4102 oratione
1891 4062 2026 4116 opus

446 4150 552 4205 est,
585 4147 643 4193 ut
671 4139 844 4193 victor
877 4148 1095 4208 superet
1123 4138 1424 4192 universos.
1448 4137 1564 4192 Non
1593 4139 1902 4208 ignoramus
1930 4156 2025 4193 au-

451 4245 559 4287 tem
599 4243 649 4287 et
674 4232 825 4295 illud,
857 4234 982 4302 quia
1006 4233 1158 4288 multi
1191 4243 1512 4302 putaverunt
1548 4233 1715 4285 Deum
1746 4231 1883 4286 nihil
1910 4247 2026 4285 am.

452 4325 592 4394 ptius
621 4337 780 4392 posse
807 4339 966 4390 quam
1001 4338 1119 4380 nos.
1155 4322 1349 4377 Incerti
1390 4330 1515 4374 sunt
1548 4321 1691 4374 enim
1721 4329 1776 4372 et
1809 4330 2026 4375 movent

447 4425 502 4470 et
527 4414 802 4469 adducunt
834 4415 886 4466 in
917 4414 1094 4467 medio
1127 4412 1429 4468 istiusmodi
1461 4412 1834 4480 quzestionem.
1878 4411 2024 4465 Mor-

2105 570 2276 641 gitant
2306 579 2569 639 quantum
2621 569 2851 620 interest
2906 565 3046 618 inter
3100 562 3264 616 Deum
3321 569 3375 614 et
3428 559 3677 614 homines

2104 671 2365 717 mortuos.
2392 659 2684 716 Gentilium
2722 659 2887 726 igitur
2911 657 3059 709 multi
3085 654 3249 709 semel
3279 653 3674 722 providentiam

2106 755 2157 808 in
2193 753 2275 808 his
2297 753 2546 808 omnibus
2572 752 2870 820 cjicientes,
2896 756 2948 802 et
2982 765 3011 801 a
3038 747 3144 801 Deo
3193 746 3314 800 vivo
3355 745 3679 813 semetipsos

2105 843 2442 909 fraudantes,
2488 844 2602 896 ausi
2636 851 2760 898 sunt
2790 843 2995 900 dicere,
3029 838 3169 908 quod
3213 847 3268 894 et
3317 847 3561 906 repetere
3593 849 3678 890 tu-

2109 947 2219 990 tum
2253 951 2357 990 non
2391 945 2492 991 est.
2535 933 2612 988 llli
2640 933 2785 988 enim
2815 933 2933 988 sine
2977 930 3090 985 Deo
3132 937 3350 1000 agentes
3399 943 3546 997 spem
3597 942 3680 980 re-

2105 1028 2463 1084 surrectionis
2488 1027 2823 1080 interimunt.
2863 1023 2964 1090 Qui
2994 1022 3138 1077 enim
3179 1036 3303 1076 eum
3331 1021 3420 1088 qui
3457 1020 3679 1073 suscitat

2110 1132 2323 1189 negant,
2353 1117 2562 1172 diﬁicile
2593 1127 2677 1172 est
2718 1127 2776 1169 ut
2800 1115 3163 1168 conﬁteantur
3207 1110 3678 1165 resurrectionem.

2110 1212 2214 1268 Sed
2256 1212 2623 1280 relinquamus
2655 1210 2846 1263 horum
2874 1204 3372 1276 importunitatem,
3401 1213 3460 1256 ut
3488 1218 3516 1254 a
3553 1216 3683 1271 pue-

2108 1306 2182 1360 ris
2212 1304 2622 1360 convincantur.
2669 1299 2778 1354 Nec
2817 1300 2960 1354 enim
2994 1297 3058 1351 ad
3092 1309 3281 1351 omnes
3331 1305 3540 1349 certare
3583 1310 3682 1349 nos

2107 1414 2206 1469 par
2235 1407 2338 1463 est,
2367 1411 2538 1466 neque
2577 1397 2643 1449 ad
2667 1407 2853 1447 omnes
2873 1389 3111 1460 jurgari;
3148 1389 3414 1456 siquidem
3467 1402 3563 1441 nec
3616 1387 3684 1437 ad

2109 1489 2328 1544 insanos
2355 1485 2738 1541 consuevimus
2783 1485 2849 1539 de
2872 1480 3295 1552 cogitationibus
3321 1479 3469 1532 sanis
3494 1477 3635 1548 loqui
3666 1495 3680 1530 :

2108 1582 2200 1652 qui
2235 1593 2415 1636 autem
2463 1580 2834 1648 imprudenter
2878 1576 2951 1629 ita
2990 1575 3296 1644 jnrgantur,
3328 1589 3431 1627 non
3474 1572 3538 1625 ad
3567 1589 3687 1633 nos,

2108 1675 2205 1729 sed
2231 1674 2297 1728 ad
2329 1674 2501 1742 ipsum
2533 1672 2771 1725 ordinem
2797 1665 3116 1734 ofﬁciorum,
3149 1677 3204 1721 et
3229 1666 3295 1720 ad
3329 1665 3544 1734 opiﬁcia
3570 1679 3688 1732 qua:

2109 1766 2259 1836 iussa
2308 1773 2630 1833 sequuntur,
2665 1763 2729 1815 ad
2780 1761 2911 1815 solis
2947 1760 3157 1814 scilicet
3195 1773 3439 1822 cursum,
3485 1758 3550 1809 ad
3587 1756 3688 1809 int-

2115 1857 2462 1910 nmtationem
2493 1854 2654 1918 Inlue,
2699 1854 2763 1906 ad
2793 1850 3069 1906 stellarum
3103 1851 3322 1909 choros,
3354 1852 3422 1901 ad
3451 1845 3687 1900 transla-

2116 1948 2314 2002 tionem
2349 1946 2604 2001 horarum
2637 1943 2750 2014 (η)
2781 1958 2900 2013 quae
2929 1956 3022 2010 per
3042 1955 3214 1994 annos
3233 1937 3367 1994 eﬁici
3395 1949 3691 1992 consueve-

2115 2049 2260 2106 runt,
2309 2039 2374 2092 ad
2410 2037 2642 2092 oﬁicium
2691 2035 2876 2098 maris,
2921 2033 2987 2086 ad
3029 2041 3249 2097 terram,
3287 2031 3353 2083 ad
3384 2043 3590 2091 aerem,
3621 2030 3690 2081 ad

2112 2131 2370 2201 pluviam,
2397 2139 2451 2183 et
2475 2129 2540 2182 ad
2564 2125 2748 2181 omnia
2776 2139 2894 2193 quae
2919 2131 3242 2190 sequuntur,
3269 2121 3336 2174 ad
3359 2118 3538 2174 ofﬁcia
3560 2127 3692 2172 mta-

2115 2233 2250 2287 tum,
2281 2223 2347 2276 ad
2376 2221 2677 2285 hominum,
2704 2219 2772 2272 ad
2797 2216 3134 2279 animalium,
3165 2215 3231 2268 ad
3258 2214 3437 2267 avium
3463 2209 3693 2265 diversi-

2116 2325 2274 2380 tates,
2329 2312 2396 2368 ad
2433 2312 2703 2376 vultuum,
2759 2310 2828 2364 ad
2861 2307 3161 2378 specierum
3204 2305 3466 2370 habitum,
3521 2312 3578 2356 ut
3622 2303 3697 2358 ἀι

2116 2407 2407 2476 unicuique
2466 2405 2798 2460 conveniens
2852 2417 2998 2467 esca,
3065 2400 3430 2454 membrorum
3489 2406 3696 2468 partes,

2115 2497 2357 2552 dentium
2391 2495 2622 2562 numeri,
2675 2494 2996 2563 ungularum
3043 2507 3328 2555 mensurae,
3376 2489 3692 2558 capillorum

2116 2590 2313 2654 oﬁicia,
2344 2588 2666 2658 compositio
2695 2591 3063 2643 membrorum
3110 2604 3124 2640 :
3163 2587 3277 2640 haec
3305 2586 3485 2640 omnia
3530 2585 3698 2642 silet-ﬁ

2121 2682 2194 2736 tio
2223 2682 2460 2734 clamant
2492 2679 2762 2749 opiﬁcem,
2793 2692 2848 2736 et
2877 2681 3209 2749 provisorem
3231 2678 3472 2732 omnium
3503 2677 3696 2731 Deum.

2118 2775 2256 2841 Quia
2291 2775 2455 2843 igitur
2504 2774 2604 2826 ista
2665 2773 2793 2828 caeci
2851 2788 2958 2826 non
3020 2771 3292 2837 viderunt,
3335 2785 3432 2838 per
3480 2785 3543 2825 ea
3578 2785 3698 2837 qua:

2120 2865 2371 2918 videntur
2402 2862 2725 2917 invisibilem
2755 2881 2767 2916 :
2801 2863 3024 2917 stultum
3068 2869 3154 2915 est
3185 2862 3250 2914 de
3274 2859 3547 2914 coloribus
3583 2858 3696 2924 jur-

2120 2955 2235 3026 gari
2268 2955 2332 3008 ad
2369 2970 2542 3010 caecos
2593 2970 2609 3008 :
2649 2956 2778 3024 quid
2808 2954 2952 3008 enim
2980 2951 3253 3006 cﬁicactus
3281 2961 3364 3005 est
3391 2951 3483 3005 Dei
3519 2951 3696 3020 provi-

2121 3048 2340 3102 dentia?
2365 3049 2493 3118 quid
2541 3057 2721 3102 autem
2751 3047 2914 3102 breve
2943 3047 3083 3116 quod
3116 3054 3336 3114 putatur
3385 3060 3491 3098 non
3541 3045 3590 3098 in
3637 3056 3692 3096 se

2123 3138 2390 3207 aequalem
2436 3153 2465 3191 a
2512 3137 2804 3206 majoribus
2848 3136 3149 3191 invenietur
3177 3136 3376 3190 habere
3409 3135 3691 3205 providen-

2127 3230 2294 3283 tiam?
2317 3230 2427 3284 Cur
2452 3231 2596 3284 enim
2628 3229 2974 3284 formicarum
3001 3228 3243 3284 salvatur
3271 3241 3442 3296 genus
3468 3227 3520 3280 in
3543 3226 3694 3279 simi-

2125 3319 2389 3374 litudine?
2411 3336 2509 3375 cur
2535 3320 2714 3390 apium
2741 3333 2796 3374 et
2820 3321 3158 3385 operationes
3182 3318 3235 3371 in
3260 3329 3549 3371 commune
3577 3316 3700 3367 rel-

2124 3412 2348 3477 duntur,
2371 3421 2426 3467 et
2450 3413 2630 3466 habita
2653 3411 2888 3465 minimis
2911 3412 2963 3464 in
2988 3409 3287 3464 substantia
3307 3409 3329 3462 ‘l
3349 3424 3468 3477 quae
3483 3408 3701 3478 quidem

2124 3513 2178 3557 et
2209 3502 2260 3556 in
2289 3502 2492 3567 volatu,
2526 3513 2579 3557 et
2621 3516 2899 3572 processu,
2935 3510 2988 3556 et
3018 3516 3291 3568 regressu,
3347 3510 3402 3553 et
3445 3499 3496 3552 in
3538 3511 3702 3566 opere

2125 3594 2476 3648 consentiunt
2501 3594 2628 3648 sibi.
2658 3594 2789 3660 Quis
2827 3593 2954 3646 fecit
2993 3592 3130 3645 mel?
3159 3592 3344 3660 utique
3382 3589 3470 3658 qui
3494 3589 3700 3643 consti-

2127 3687 2230 3740 tuit
2262 3686 2608 3752 medicinam,
2655 3700 2777 3754 quae
2821 3700 2885 3739 eo
2919 3685 2984 3737 ad
3015 3683 3279 3738 medelam
3313 3683 3477 3742 utitur
3528 3679 3698 3733 homia

2127 3793 2278 3831 num.
2312 3778 2451 3844 Quid
2482 3778 2626 3832 enim
2651 3793 2757 3832 non
2788 3776 3010 3847 plenum
3040 3785 3122 3829 est
3158 3772 3527 3843 providentia?
3570 3771 3700 3841 quid

2127 3885 2232 3923 non
2273 3869 2471 3923 clamat
2507 3869 2838 3936 provisorem
2872 3867 3074 3920 Deum?
3112 3865 3298 3922 Nonne
3349 3865 3549 3928 herbae,
3581 3878 3704 3934 qua

2127 3961 2415 4015 utilitatem
2453 3961 2694 4030 praebent
2743 3958 3002 4012 medelis?
3049 3974 3225 4013 n0nne
3255 3957 3430 4028 pisces
3486 3971 3519 4012 e
3564 3956 3702 4010 tnari

2127 4052 2395 4122 producti,
2428 4050 2645 4120 quidam
2686 4051 2903 4119 quidem
2937 4051 3006 4104 ad
3033 4065 3208 4114 escas,
3258 4049 3474 4117 quidam
3524 4057 3704 4101 autem

2126 4144 2192 4198 ad
2221 4142 2416 4197 curas?
2439 4141 2629 4197 Nonne
2652 4141 2856 4209 lapides
2896 4142 3072 4205 incisi,
3101 4151 3158 4195 ut
3186 4140 3276 4195 alii
3305 4140 3522 4210 quidem
3548 4138 3708 4192 utiles

2127 4235 2234 4289 sint
2262 4235 2327 4288 ad
2355 4233 2584 4288 aediﬁcia
2622 4241 2676 4287 et
2711 4241 2848 4286 tecta
2881 4242 2937 4288 et
2965 4241 3334 4300 operamenta,
3378 4231 3471 4285 alii
3515 4244 3707 4284 ncceso

2128 4329 2256 4383 sarii
2315 4327 2381 4381 ad
2427 4340 2711 4394 corporum
2739 4327 3023 4390 sanitates,
3069 4325 3192 4395 quia
3222 4332 3278 4378 et
3314 4323 3662 4378 inﬁrmanlur
3684 4321 3710 4374 ?

2128 4420 2315 4476 Nonne
2351 4435 2488 4476 escae
2518 4419 2638 4474 aliae
2664 4419 2785 4474 aliis
2809 4421 3178 4482 succedentes,
3207 4428 3260 4472 et
3292 4418 3409 4471 aliae
3439 4433 3560 4472 cum
3589 4417 3708 4470 aliis

452 4515 574 4559 tuus
596 4516 702 4571 est,
739 4505 931 4574 inquit,
978 4506 1068 4572 qui
1106 4514 1350 4557 mortuus
1377 4513 1498 4570 est;
1533 4512 1587 4556 et
1622 4502 1767 4556 illam
1809 4503 2017 4572 quidem

2131 4514 2492 4581 insequentes,
2521 4513 2808 4566 ostendunt
2837 4521 3252 4582 przeparatorem
3291 4510 3494 4564 Deum?
3520 4509 3707 4564 Nonne

450 4611 658 4668 partetn
713 4601 828 4670 ejus
873 4598 1051 4668 aquila
1091 4595 1440 4650 manducavit
1487 4604 1580 4648 aut
1619 4594 1815 4648 vultur.
1864 4593 2027 4648 Forte

449 4702 630 4746 autem
661 4706 762 4744 non
787 4690 1064 4759 patiuntur
1093 4688 1289 4759 aquila:
1315 4686 1619 4742 iStiusmodi
1645 4685 2023 4741 humilitatem.

447 4783 647 4848 Aliam,
682 4783 876 4851 inquit,
911 4783 1118 4851 accepit
1143 4780 1315 4843 canis,
1337 4790 1393 4834 et
1418 4793 1608 4834 canem
1640 4787 1696 4832 ut
1718 4788 1846 4848 puta
1879 4793 2020 4832 saeva

448 4875 628 4929 bellua
688 4875 1036 4928 manducavit
1082 4889 1095 4925 :
1147 4884 1239 4927 aut
1278 4872 1419 4926 aliud
1467 4871 1682 4940 aliquod
1712 4870 1932 4935 animal,
1971 4881 2026 4923 et

448 4967 593 5023 istud
619 4965 820 5020 animal
846 4965 1206 5028 interfectum,
1239 4966 1578 5019 combustum
1613 4963 1716 5028 est,
1752 4973 1844 5016 aut
1875 4972 2024 5017 certe

447 5061 751 5132 obputruit,
789 5069 882 5114 aut
905 5061 1078 5128 ipsum
1103 5059 1170 5112 ab
1203 5059 1308 5110 alio
1335 5057 1567 5126 quodam
1593 5064 1892 5110 eomeslum
1919 5064 2020 5117 est,

452 5151 567 5204 lieri
613 5151 755 5204 enim
806 5149 911 5204 hoc
954 5156 1156 5217 potest;
1205 5155 1372 5208 tanta,
1430 5147 1628 5215 inquit,
1672 5142 2021 5199 successione

450 5241 614 5304 facta,
641 5252 696 5296 et
722 5257 850 5296 casu
886 5256 1075 5296 eorum
1105 5239 1196 5308 qui
1230 5237 1424 5290 mortui
1471 5249 1595 5290 sunt
1629 5237 1698 5288 ab
1730 5234 1836 5288 alio
1863 5234 1915 5288 in
1945 5235 2024 5288 al-

451 5343 648 5393 terum,
679 5334 968 5400 quomodo,
1003 5333 1196 5400 inquit,
1248 5338 1424 5398 potest
1471 5329 1610 5381 Deus
1656 5327 1896 5381 invenire
1928 5329 2029 5380 iui-

452 5424 621 5479 tium?
646 5435 898 5494 tanquam
927 5427 991 5479 de
1017 5422 1178 5494 ﬁgulo
1209 5421 1416 5490 aliquo,
1451 5429 1536 5472 aut
1572 5419 1639 5475 de
1668 5418 1898 5490 quodam
1936 5435 2027 5472 ar-

527 5558 638 5628 (12)
674 5556 1042 5625 Intercipt'unt.
1077 5556 1221 5611 Infra
1251 5555 1356 5612 col.
1381 5552 1700 5628 1075ᾼε8ἱ
1736 5553 2023 5628 intercepe-

454 5623 628 5684 rimus
645 5623 1037 5680 resurrectionis
1060 5643 1196 5695 spem
1223 5643 1240 5679 :
1265 5638 1319 5680 et
1352 5642 1498 5693 supr.
1531 5624 1620 5678 lib.
1654 5638 1692 5685 ι,
1717 5623 1874 5691 paulo
1905 5633 2024 5695 post

452 5698 667 5825 i'ttitittm
735 5712 750 5749 :
825 5696 994 5749 Filius
1046 5694 1263 5750 Verbum
1334 5698 1503 5750 dictus
1594 5711 1695 5746 non
1764 5694 2021 5759 intercipit

506 5784 648 5823 eum.

2128 4606 2422 4660 secundum
2447 4603 2869 4675 uniuscujusque
2889 4605 3130 4660 habitmn
3150 4604 3395 4658 animalis
3419 4619 3704 4666 mensura,

2130 4697 2549 4766 magnitudines,
2603 4700 2970 4768 contpagincs,
3012 4698 3252 4750 membra
3300 4705 3425 4750 sunt
3455 4695 3601 4758 data,
3653 4710 3707 4749 et

2130 4791 2554 4859 unumquodque
2607 4789 2674 4842 ad
2731 4805 2882 4844 suam
2933 4789 3308 4843 necessitatem
3357 4794 3406 4840 et
3449 4787 3704 4840 virtutem

2132 4881 2374 4949 accepit?
2409 4880 2573 4951 Equis
2599 4880 2744 4934 enim
2771 4879 3028 4934 velocitas
3052 4880 3175 4933 data
3195 4888 3301 4942 est,
3326 4886 3384 4930 nt
3413 4877 3709 4946 insequan-

2134 4979 2222 5024 tur
2255 4981 2310 5025 et
2335 4969 2578 5041 fugiant;
2607 4970 2727 5024 aliis
2756 4969 3078 5024 animalibus
3105 4968 3384 5034 fortitudo,
3419 4976 3475 5021 ut
3505 4967 3710 5025 Sensim

2133 5074 2414 5132 portarent
2446 5063 2683 5133 pondera
2729 5066 2832 5120 sibi
2864 5063 3136 5131 imposita.
3178 5061 3243 5116 Et
3283 5070 3592 5116 mensurata
3621 5069 3712 5112 est

2133 5154 2424 5222 unicuique
2457 5155 2650 5220 virtus,
2697 5157 2956 5225 potentia,
3004 5153 3340 5223 magnitudo,
3380 5149 3715 5207 conveniens

2134 5260 2278 5311 esca,
2308 5254 2363 5300 et
2387 5246 2517 5315 ipsis
2545 5247 2870 5302 animalibus
2900 5248 3119 5316 prOpria
3148 5244 3316 5310 salus,
3340 5258 3458 5312 Quae
3487 5253 3711 5312 gustare

2137 5335 2412 5397 deberent,
2449 5346 2504 5390 et
2543 5351 2570 5389 a
2609 5337 2804 5407 quibus
2847 5351 2903 5391 se
2931 5336 3244 5390 abstinere:
3279 5333 3479 5388 homini
3525 5342 3709 5385 autem

2137 5435 2190 5479 et
2221 5427 2290 5482 ab
2325 5428 2444 5482 aliis
2475 5430 2803 5485 animalibus
2840 5428 3306 5483 irrationabilibus
3337 5441 3467 5480 usus
3492 5434 3580 5479 est
3605 5425 3711 5479 da-

2127 5560 2442 5683 deglijobls.
2474 5561 2541 5616 Et
2573 5563 2759 5615 iterum
2781 5563 2870 5632 qui
2898 5561 3206 5632 puniuntur,
3237 5562 3283 5616 si
3307 5561 3607 5631 untelt'psos
3631 5557 3714 5616 Ii-

2201 5702 2312 5770 (14)
2343 5703 2632 5755 Horarum.
2675 5701 2869 5774 Ὤρων,
2901 5711 3299 5772 tempestatum.
