4134 6450
373 469 502 526 ωτι

1455 466 1544 519 DE
1583 465 2185 522 RESUBBECTIUNE.
2216 496 2282 508 -η
2323 465 2448 518 LIB.
2488 466 2528 518 ι-.

3457 461 3598 518 1οἨί

370 592 459 644 tus.
483 593 540 637 et
567 597 600 635 δ
625 580 819 652 plantis
842 587 894 634 et
916 582 982 634 ab
1010 578 1327 642 arboribus,
1349 593 1376 632 ι
1409 578 1690 648 lapidibus,
1722 593 1749 631 a
1779 577 1914 630 mari
1947 581 1992 637 Α
2022 590 2124 628 non
2148 573 2420 645 pertinet?
2462 574 2908 643 quemadmodum
2952 581 3130 628 autem
3165 572 3422 643 pertinet,
3445 573 3489 627 si
3521 574 3592 629 si‘

368 686 414 734 et
447 691 472 728 a
503 663 647 726 terra
680 689 692 726 :
728 671 960 739 undique
1002 670 1145 723 enim
1190 669 1516 723 constitutus
1551 677 1635 722 est
1672 667 1831 732 veluti
1865 667 1918 720 in

366 781 466 823 uno
489 779 712 832 corpore
735 764 964 816 mundus
993 762 1314 828 coniunctus
1345 761 1467 814 sibi.
1504 760 1568 813 Et
1590 759 1922 828 unumquod-

374 870 461 927 [tte
491 857 700 922 quidem
729 862 866 922 quod
897 853 1094 907 factum
1127 862 1229 916 est,
1269 853 1539 920 propriam
1575 852 1733 904 habet
1760 859 1919 902 natu-

366 962 469 1004 ram
503 957 557 1000 et
601 947 864 1011 salutem;
900 946 1126 1012 plurima
1162 954 1338 997 autem
1380 957 1605 1011 qumque
1639 940 1690 994 itt
1723 955 1781 995 se
1829 955 1923 993 ne-

365 1039 585 1095 cessaria
617 1039 870 1092 continet.
903 1037 1138 1104 Denique
1170 1041 1248 1089 sol
1283 1036 1486 1103 positus
1514 1036 1728 1104 quidem
1762 1033 1919 1088 estin

363 1128 613 1190 euoloco,
654 1129 811 1181 habet
845 1137 1020 1180 autent
1068 1126 1338 1194 propriam
1386 1125 1830 1189 magnitudinem,
1869 1133 1923 1176 et

363 1221 592 1292 possidet
626 1231 902 1287 acceptum
934 1234 1085 1272 suum
1134 1216 1413 1286 fulgorem,
1448 1225 1502 1270 et
1553 1215 1818 1270 illuminat
1858 1231 1920 1268 ea

363 1325 473 1380 quae
521 1313 573 1364 in
609 1319 747 1363 terra
792 1310 1072 1370 habentur,
1105 1307 1242 1361 fovet
1275 1314 1328 1361 et
1359 1305 1624 1360 calefacit.
1674 1307 1740 1359 Et
1785 1321 1924 1360 nune

363 1403 571 1471 quidem
597 1401 802 1471 longius
841 1401 1164 1464 abscedi-ns,
1187 1400 1331 1454 cedit
1353 1399 1675 1454 confectioni
1709 1401 1932 1464 hiemis,

361 1499 415 1542 ut
440 1499 698 1543 statutum
729 1499 848 1553 est;
889 1504 1027 1541 nunc
1081 1499 1258 1542 autem
1305 1489 1494 1542 iterum
1534 1498 1835 1552 revocatus,
1873 1500 1926 1542 et

360 1581 422 1634 ad
441 1594 717 1633 mensuras
744 1581 1025 1641 accedens,
1054 1595 1160 1632 non
1188 1579 1364 1632 subito
1393 1589 1584 1644 nocet;
1631 1580 1926 1634 exnssisset

360 1669 494 1721 enim
540 1670 740 1733 omnia,
792 1671 836 1724 si
869 1670 1044 1723 subito
1073 1670 1138 1722 ad
1177 1684 1236 1722 ea
1282 1669 1453 1737 spatia
1497 1685 1615 1738 qua:
1652 1670 1927 1722 dimiserat

361 1759 709 1825 recurrisset;
748 1775 918 1829 neque
940 1761 1130 1813 iterum
1155 1776 1258 1813 non
1283 1759 1592 1813 illumiuaus
1617 1759 1924 1819 intermisit.

361 1861 418 1906 ut
453 1851 661 1909 fruetus
695 1868 798 1906 non
832 1862 1223 1921 coquerentur;
1247 1865 1419 1920 neque
1444 1852 1696 1903 advenire
1734 1851 1796 1902 ad
1831 1850 1931 1902 itit-

2025 665 2224 718 militer
2251 665 2699 734 moriturjustus,
2723 674 2776 718 et
2799 662 3027 732 impius?
3053 664 3104 717 Is
3132 664 3272 717 enim
3301 664 3394 732 qui
3421 663 3596 718 aliena

2024 756 2184 825 rapit,
2214 756 2407 810 frnitus
2431 769 2513 810 est
2547 772 2666 825 qua:
2697 757 2916 826 diripuit
2949 753 3060 826 (l5)
3094 771 3108 809 :
3137 755 3226 824 qui
3270 766 3447 810 autem
3501 772 3597 809 sua

2025 847 2226 910 amisit,
2261 847 2631 917 abiitgetnens
2663 862 2766 900 non
2795 849 2997 901 habens
3035 847 3228 916 spem?
3258 849 3361 902 Sed
3389 864 3491 902 non
3517 858 3597 904 est

2025 939 2286 1010 iniquitas
2313 942 2452 1008 apttd
2485 941 2670 995 Deum.
2703 939 2759 994 Si
2794 939 2938 993 enim
2965 955 3066 992 non
3102 951 3184 994 est
3210 957 3332 1010 spes
3356 957 3597 994 resurre-

2024 1031 2236 1094 ctionis,
2275 1037 2328 1084 et
2360 1030 2608 1084 solatium
2635 1030 2740 1084 illis
2769 1030 2856 1099 qui
2888 1029 3010 1084 istic
3046 1041 3328 1091 uocentur,
3363 1039 3416 1084 et
3459 1046 3584 1085 mer-

2026 1136 2115 1176 ces
2147 1122 2230 1176 his
2263 1122 2351 1192 qui
2379 1137 2472 1175 sua
2512 1122 2635 1176 istic
2662 1131 2943 1192 spargunt,
2997 1136 3184 1192 magna
3232 1122 3490 1188 iniquitas
3518 1129 3597 1175 est
3661 1162 3667 1168 .

2026 1214 2163 1281 apud
2186 1213 2411 1283 justum.
2458 1213 2514 1267 Si
2542 1215 2684 1268 enim
2713 1229 2862 1282 aequa
2890 1215 3188 1268 redduntur
3222 1215 3490 1276 omnibus,
3515 1214 3596 1283 je-

2018 1304 2228 1372 junanti
2264 1314 2317 1360 et
2349 1306 2584 1367 ebrioso,
2633 1304 2925 1359 libidinoso
2957 1316 3010 1360 et
3033 1307 3247 1376 pudico,
3287 1307 3514 1375 rapienti
3548 1318 3595 1359 et

2027 1395 2269 1460 donanti,
2315 1396 2580 1451 occidenti
2628 1406 2682 1451 et
2737 1397 2785 1451 ei
2828 1398 2917 1467 qui
2967 1398 3251 1459 occiditur,
3308 1408 3360 1451 et
3413 1397 3459 1450 ei
3507 1397 3597 1466 qui

2028 1485 2343 1553 martyrium
2376 1485 2516 1538 tollit
2537 1485 2672 1555 (16),
2708 1486 2796 1540 ubi
2825 1487 2996 1540 virtus
3030 1496 3112 1541 est
3139 1487 3523 1556 providentiae?
3548 1487 3598 1541 ltt

2029 1576 2313 1644 praecipuis
2340 1577 2482 1630 enim
2523 1577 2569 1630 si
2603 1576 2854 1642 defuerit,
2885 1593 2990 1632 non
3028 1579 3134 1633 erit
3160 1579 3304 1632 utilis
3339 1594 3511 1647 neque
3547 1578 3599 1632 in

2031 1667 2288 1721 minimis.
2324 1666 2426 1721 Sed
2463 1683 2568 1721 non
2611 1667 2682 1721 sit
2730 1668 3070 1738 sacrilegium
3120 1668 3269 1723 istud
3310 1669 3600 1738 admittere

2028 1773 2395 1827 quemquam:
2433 1759 2546 1812 sive
2585 1757 2728 1812 enim
2772 1760 2999 1829 gentiles
3045 1768 3168 1812 sunt
3214 1758 3306 1828 qui
3346 1760 3602 1813 adversus

2031 1849 2487 1903 resurrectionem
2529 1859 2724 1915 augent
2758 1852 2912 1903 nobis
2956 1849 3240 1914 rationem,
3290 1849 3380 1917 qui
3416 1848 3603 1902 volunt

360 1948 538 2008 petum
571 1939 746 1994 subito
780 1918 982 1994 currit:
1018 1918 1358 1993 tit-mensura:
1383 1949 1438 1992 et
1461 1939 1730 1993 recedenti
1758 1951 1814 1993 et
1844 1952 1918 1992 re-
1961 1918 2004 1973 Β
2032 1941 2243 1994 ratione
2301 1955 2359 1993 se
2395 1953 2554 2009 agere
2595 1953 2812 1999 cuncta,
2861 1939 2952 2008 qui
2988 1948 3115 1993 sunt
3160 1939 3553 1992 irrationabiles
3585 1955 3599 1990 :

358 2031 594 2083 currenti
627 2039 751 2084 sunt
775 2031 930 2083 datae.
960 2029 1075 2083 Non
1107 2029 1508 2100 coniunguntur
1533 2032 1646 2084 dies
1679 2030 1924 2084 hortibus

356 2119 621 2177 habentes
659 2116 858 2183 solem;
905 2135 947 2173 si
979 2120 1118 2174 enint
1147 2120 1260 2174 haec
1304 2121 1376 2172 ita
1415 2129 1616 2184 essent,
1666 2121 1930 2173 arsissent

355 2213 563 2270 omnia.
596 2213 701 2267 Sed
734 2213 814 2266 sol
845 2212 1059 2280 quidem
1097 2225 1193 2280 per
1219 2211 1357 2266 diem
1405 2209 1570 2278 fovet,
1603 2225 1693 2264 ros
1747 2221 1926 2264 autem

355 2315 680 2358 nocturnum
709 2303 1019 2368 consolatur
1041 2303 1308 2356 ardorem.
1338 2301 1404 2356 Et
1429 2317 1680 2356 mensura
1723 2317 1751 2355 a
1784 2310 1927 2356 terra

355 2397 434 2449 sol
467 2397 656 2460 distat,
678 2404 736 2448 ut
763 2409 934 2463 neque
957 2394 1318 2463 propinquans
1351 2403 1586 2455 noceret,
1621 2408 1793 2462 neque
1819 2393 1929 2445 lon-

354 2486 474 2553 gius
497 2485 711 2539 distans
736 2484 922 2553 frigori
948 2485 1182 2538 cederet.
1216 2482 1478 2536 Mensura:
1508 2482 1669 2552 igitur
1696 2485 1778 2536 his
1810 2497 1931 2552 quae

356 2578 409 2630 in
435 2578 577 2630 caelo
610 2587 734 2630 sunt
760 2579 824 2629 ad
855 2592 914 2630 ea
941 2591 1063 2644 qua:
1097 2576 1148 2628 itt
1179 2585 1318 2628 terra
1358 2574 1660 2640 habentur;
1695 2589 1793 2628 nec
1823 2589 1929 2627 non

353 2679 408 2723 et
433 2685 554 2737 quae
608 2670 659 2722 itt
714 2669 847 2721 mari
893 2669 972 2720 ad.
1005 2676 1244 2729 terram,
1269 2675 1324 2720 et
1357 2667 1460 2720 diei
1493 2666 1559 2718 ad
1589 2676 1799 2720 noctem
1821 2704 1838 2728 ,
1877 2675 1932 2720 et

355 2762 518 2816 hiemi
559 2761 623 2813 ad
669 2771 930 2814 azstatetn.
991 2760 1055 2813 Et
1109 2775 1212 2813 non
1256 2767 1400 2812 tanta
1445 2758 1625 2826 eloqui
1686 2768 1929 2827 possunt,

352 2861 553 2919 quanta
602 2854 848 2906 universa
897 2863 1084 2906 natura
1127 2853 1441 2920 proclamat.
1503 2850 1630 2905 Coeli
1684 2863 1933 2905 euarrant

350 2943 578 3013 gloriam
623 2943 738 3009 Dei,
787 2962 942 3010 Opera
983 2956 1156 2999 autem
1191 2961 1440 2998 manuum
1486 2943 1599 3013 ejus
1652 2946 1930 2997 annuntiat

350 3037 745 3103 ﬁrmamentum
779 3039 846 3101 ὀί
875 3039 1005 3092 dicit
1029 3036 1315 3106 Propheta.
1353 3037 1405 3089 ltt
1441 3036 1545 3088 alio
1579 3047 1758 3089 autem
1791 3037 1936 3104 psal-

273 3109 280 3115 ’
355 3142 448 3182 tuo
478 3145 509 3180 a
538 3143 748 3181 sursum
794 3145 962 3195 usque
997 3130 1246 3182 deorsum
1286 3128 1461 3180 omnis
1491 3135 1739 3180 creatura
1769 3129 1930 3179 dinu—

354 3231 624 3274 meratur.
672 3222 737 3274 Et
768 3232 914 3274 certe
960 3233 1012 3275 et
1048 3223 1161 3288 ipse
1189 3222 1279 3290 qui
1317 3219 1478 3282 dicit,
1528 3217 1658 3273 Cati
1681 3229 1933 3273 enarrant

2029 2033 2478 2100 quemadmodum
2525 2030 2631 2084 Deo
2661 2031 2870 2095 justitia
2910 2031 3245 2086 salvabitur?
3297 2031 3416 2086 istic
3459 2032 3602 2084 enim

2031 2123 2274 2177 videmus
2305 2138 2686 2190 nonnunquam
2718 2138 2970 2191 perverse
2996 2123 3206 2192 negotia
3239 2123 3372 2192 geri,
3398 2132 3456 2177 ut
3486 2123 3604 2177 illos

2030 2215 2248 2283 quidem
2282 2215 2372 2284 qui
2398 2224 2620 2268 cantant
2643 2225 2887 2282 putemus
2916 2216 3050 2268 bene
3075 2213 3274 2268 habere
3298 2213 3347 2267 itt
3372 2215 3605 2268 mundo:

2030 2307 2164 2360 alios
2194 2316 2396 2370 autem,
2424 2306 2513 2374 qui
2548 2305 2808 2372 diripittttt
2838 2315 2893 2358 et
2924 2305 3184 2368 ditantur,
3225 2303 3393 2358 laetari
3431 2312 3484 2358 et
3515 2319 3606 2359 sa-

2032 2413 2129 2452 nos
2161 2411 2283 2451 esse
2303 2412 2550 2466 corpore,
2592 2397 2730 2449 forte
2760 2396 2930 2467 magis
2969 2397 3182 2467 iniquos
3208 2412 3368 2466 quam
3405 2396 3607 2464 justos,

2030 2499 2085 2542 et
2139 2504 2518 2558 nonnunquam
2570 2487 2759 2543 melius
2815 2504 3012 2558 corpus
3071 2488 3306 2552 habere,
3362 2499 3416 2542 et
3470 2488 3610 2542 filios

2031 2581 2398 2650 quamplures.
2427 2590 2480 2634 et
2503 2580 2602 2634 hos
2629 2579 2946 2644 incolumes,
2969 2592 3022 2635 et
3056 2579 3306 2634 mulieres
3333 2595 3454 2633 cum
3481 2580 3610 2633 viris

2033 2672 2206 2726 laetam
2246 2673 2441 2740 degere
2485 2671 2674 2732 vitam,
2705 2679 2758 2724 et
2784 2687 3060 2724 servorum
3105 2670 3499 2724 multitudinem
3531 2671 3611 2724 eis

2034 2778 2176 2825 esse,
2213 2771 2267 2817 et
2298 2777 2458 2830 opum
2509 2770 2565 2815 et
2602 2762 3025 2832 possessionum,
3079 2771 3134 2817 et
3185 2763 3400 2816 condita
3440 2760 3610 2816 multa

2033 2855 2335 2910 substantia
2369 2855 2540 2922 larga,
2579 2870 2738 2923 quam
2782 2863 2836 2910 et
2885 2856 3257 2908 transmittunt
3317 2856 3380 2908 ad
3428 2853 3619 2909 filiosz.

2027 2943 2156 3012 justi
2190 2954 2368 2997 autem
2401 2955 2642 3014 gemunt,
2665 2954 2858 2999 etcum
2886 2959 3120 2999 mterore
3155 2945 3352 3015 degunt
3380 2945 3432 2999 in
3460 2961 3647 2998 tuan--

2036 3036 2104 3090 do
2126 3052 2141 3092 :
2165 3045 2218 3089 et
2252 3036 2340 3090 ubi
2368 3046 2450 3090 est
2485 3036 2690 3106 iustitia
2715 3052 2836 3107 qua:
2867 3052 2896 3090 a
2925 3037 3034 3092 Deo
3072 3037 3292 3092 est?_Et
3319 3037 3612 3106 siquidem
3643 3074 3648 3080 -

2035 3127 2100 3180 ad
2139 3124 2349 3180 Judrcos
2384 3127 2455 3180 sit
2480 3142 2659 3183 sermo
2682 3167 2698 3192 ,
2740 3128 2868 3198 quid
2897 3128 3098 3196 profuit
3123 3130 3372 3194 Abrahte,
3401 3138 3458 3183 ut
3487 3146 3615 3199 pro-

2038 3218 2348 3273 missionem
2373 3219 2591 3288 qnidem
2615 3219 2906 3289 acciperet,
2938 3220 3002 3273 ad
3027 3221 3410 3288 promissiones
3433 3231 3612 3275 autem

349 3312 585 3381 gloriam
626 3311 737 3370 Dei,
775 3329 878 3365 non
921 3312 1247 3378 loquentiam
1291 3311 1514 3364 audivit.
1549 3311 1638 3363 Ait
1661 3311 1801 3363 enim
1835 3327 1933 3363 non
1961 3290 2005 3346 θ
2039 3327 2143 3364 non
2175 3312 2478 3380 perveniret
2511 3327 2525 3363 :
2561 3312 2761 3380 quique
2794 3320 3001 3380 patrem
3045 3311 3263 3380 quidem
3303 3311 3616 3366 amantissi—

345 3413 467 3451 esse
498 3398 749 3464 loquelas,
798 3415 959 3466 neque
1007 3414 1267 3451 semion“
1289 3399 1334 3430 “
1369 3415 1382 3450 :
1421 3398 1711 3452 tacetttium
1757 3409 1936 3451 autem

347 3504 550 3542 eorum
576 3490 627 3541 in
657 3505 870 3542 omnem
896 3491 1150 3542 mundum
1176 3491 1372 3544 exiisse
1402 3505 1592 3545 sonum
1620 3503 1806 3542 eorum
1840 3490 1934 3542 ait.

349 3579 495 3644 Quia
561 3578 721 3648 igitur
774 3594 866 3646 per
917 3587 1063 3633 tanta
1112 3593 1229 3647 qua:
1261 3579 1493 3632 diximus
1554 3591 1606 3632 et
1646 3580 1934 3640 lucu'tmus,

349 3673 474 3736 ipsa
508 3685 687 3723 rerum
722 3675 931 3739 negotia
967 3672 1219 3735 clamant,
1248 3680 1300 3725 et
1331 3671 1720 3740 providentiam
1746 3671 1939 3740 prazdi-

349 3771 489 3816 cant
541 3761 670 3827 Dei;
708 3763 928 3815 rationis
979 3779 1081 3815 non
1120 3774 1197 3816 est
1232 3763 1297 3815 ad
1325 3777 1419 3817 eos
1454 3763 1546 3829 qui
1593 3761 1940 3831 przescribere

352 3865 617 3909 naturam
645 3855 850 3918 volunt,
873 3865 926 3908 et
956 3854 1184 3908 visibilia
1218 3868 1320 3906 non
1344 3855 1547 3916 videre,
1583 3853 1940 3922 nosmetipsos

351 3947 702 4017 protendere.
761 3947 866 4000 Sed
908 3947 974 4000 ab
1012 3945 1219 4000 illorum
1269 3945 1484 4015 quidem
1545 3944 1940 4012 irreligiosilate

351 4038 596 4092 transire
624 4039 737 4106 jam
774 4049 982 4106 tempus
1016 4054 1112 4093 nos
1146 4038 1419 4099 admonet,
1445 4050 1736 4106 properare
1759 4043 1937 4088 autem

347 4132 423 4184 ad
453 4131 643 4193 aliam,
676 4144 742 4184 ne
785 4132 1062 4185 videamur
1106 4141 1161 4183 et
1198 4130 1557 4184 contaminari
1593 4127 1940 4197 inspicientvs

347 4235 476 4284 eos,
527 4219 615 4288 qui
665 4234 768 4272 non
804 4221 1020 4276 vident-
1053 4218 1282 4272 Tantum
1317 4227 1495 4272 autem
1553 4218 1671 4270 addi
1707 4227 1937 4287 oportet,

350 4312 492 4382 quia
525 4310 768 4364 confessa
801 4309 1136 4378 providentia
1162 4322 1496 4375 consequens
1523 4317 1605 4361 est
1637 4307 1828 4361 adesse
1857 4321 1943 4361 re-

347 4400 782 4463 surrectionem,
821 4400 1272 4468 quemadmodum
1302 4413 1639 4468 consequens
1671 4407 1726 4453 et
1757 4413 1942 4453 neces-

347 4497 512 4552 saria
555 4504 636 4548 est
681 4495 1024 4550 resorrectio.
1075 4494 1204 4548 Sine
1259 4510 1419 4548 causa
1480 4495 1742 4565 justitiam
1814 4493 1941 4548 colit

2039 3418 2207 3467 tnnm,
2246 3411 2474 3455 matrem
2503 3403 2717 3470 quidem
2751 3402 3021 3466 dilectam,
3055 3405 3282 3471 patriam
3322 3391 3375 3454 in
3399 3417 3503 3471 qua
3532 3412 3618 3456 est

2037 3495 2298 3548 educatus
2331 3494 2550 3561 reliquit
2578 3505 2796 3563 propter
2823 3503 3151 3563 pra'ceptum
3171 3494 3196 3546 Ἰ
3241 3491 3407 3547 Scitis
3436 3502 3615 3546 autem

2036 3597 2092 3639 et
2123 3601 2219 3640 vos
2254 3595 2453 3654 quanta
2487 3585 2755 3652 pernicies
2805 3586 2874 3639 sit
2912 3584 3314 3639 consuetudinis
3352 3584 3619 3638 sustinere

2040 3690 2333 3730 recessum.
2363 3675 2673 3730 Adveniens
2700 3685 2878 3729 autem
2917 3677 2983 3728 ad
3013 3685 3210 3730 terram
3245 3675 3619 3743 repromissio-

2039 3766 2148 3828 nis,
2180 3765 2504 3818 circumibat
2533 3775 2588 3817 ttt
2615 3765 2931 3834 peregrinus
2961 3764 3028 3820 et
3048 3766 3274 3829 advena,
3304 3749 3618 3819 desiderans

2040 3856 2226 3910 satiari
2271 3871 2433 3926 aqua,
2473 3855 2628 3924 cujus
2668 3858 2783 3926 ipse
2813 3856 2955 3921 fons,
2987 3866 3177 3924 puteus
3215 3865 3332 3911 erat
3359 3857 3619 3910 adiuven-

2041 3957 2144 4023 tur,
2187 3948 2277 4018 qui
2310 3947 2357 4000 ei
2390 3947 2599 4001 fructus
2638 3963 2702 4001 ex
2751 3946 3107 4015 promissione
3152 3946 3437 4016 provenit?
3471 3944 3619 3999 -Tor-

2042 4049 2278 4094 mentum
2319 4039 2462 4093 enim
2496 4040 2544 4092 ei
2572 4049 2688 4093 erat
2714 4040 2881 4109 ipsius
2910 4041 3283 4111 promissionis
3319 4039 3614 4095 adventus:

2040 4135 2223 4186 videre
2253 4133 2397 4187 enim
2436 4133 2868 4202 promissionem,
2901 4149 3003 4188 non
3029 4133 3264 4202 permitti
3310 4143 3484 4186 autem
3528 4147 3620 4185 ea-

2041 4224 2162 4276 dem
2192 4222 2318 4287 frui,
2337 4223 2516 4294 magis
2549 4224 2612 4274 ad
2639 4222 3023 4291 blasphemiam
3055 4221 3378 4287 adducebat,
3396 4224 3489 4276 sed
3509 4237 3616 4276 non

2041 4313 2336 4368 Abraham.
2374 4314 2646 4368 Abraham
2685 4313 2828 4367 enim
2857 4314 3061 4368 addens
3102 4323 3157 4367 et
3193 4330 3297 4367 non
3335 4314 3618 4383 perfruens

2043 4413 2101 4456 ut
2129 4417 2312 4456 mensa
2342 4401 2609 4472 apposita,
2637 4411 2692 4454 et
2717 4401 3020 4470 prohibitus
3045 4401 3334 4471 degustare
3362 4401 3521 4455 etiam
3549 4415 3616 4455 ex

2045 4494 2130 4547 his
2155 4509 2271 4562 qua:
2293 4501 2770 4562 exsuperavcrant,
2797 4493 2868 4547 ita
2893 4493 3145 4547 dimissus
3172 4493 3375 4562 gratias
3403 4493 3617 4563 agebat.

342 4588 724 4661 justus'l-siue
754 4602 912 4640 causa
949 4587 1256 4655 pudicitiam
1293 4595 1438 4639 amat
1465 4587 1724 4654 pudicus?
1764 4595 1820 4640 et
1847 4588 1937 4654 qtti
1969 4625 2016 4684 Β
2044 4585 2180 4652 Quid
2211 4600 2339 4654 ergo
2369 4584 2568 4652 profuit
2601 4584 2717 4638 illi?
2743 4584 2846 4639 Sed
2876 4575 2999 4654 quia
3054 4584 3222 4638 filium
3251 4583 3472 4648 habuit;
3503 4593 3622 4650 post

349 4678 618 4751 providet
641 4678 722 4731 his
748 4693 865 4744 quae
886 4679 1003 4732 sine
1021 4678 1194 4730 anima
1229 4685 1373 4742 sunt,
1397 4677 1680 4732 arboribus
1704 4688 1754 4730 et
1789 4677 1940 4744 plan-

351 4773 454 4833 tis,
497 4767 657 4831 Deus,
690 4769 963 4822 invenitur
999 4769 1589 4822 rationabiles.animas
1627 4767 1938 4837 negligens?

347 4874 411 4920 et
444 4863 546 4931 qui
579 4861 968 4930 providentiam
1016 4875 1166 4914 suam
1197 4858 1436 4913 formicis
1467 4860 1723 4928 impertit,
1767 4869 1820 4912 et
1847 4873 1938 4911 os-

350 4957 658 5011 tentliteas
679 4968 796 5022 qua:
828 4968 931 5005 non
964 4953 1162 5006 habent
1191 4951 1558 5005 rationabilem
1594 4967 1832 5014 sensum,
1866 4950 1940 5003 si-

353 5048 545 5101 bimet
565 5043 893 5105 consentire,
927 5051 981 5093 et
1001 5040 1357 5120 imitationem
1382 5041 1683 5094 concordiae
1706 5041 1941 5104 habere;

345 5139 399 5195 si
441 5147 629 5190 tamen
675 5143 728 5188 et
764 5143 1012 5202 oporteat
1045 5134 1148 5185 diei
1186 5132 1489 5186 consentire
1535 5132 1636 5186 sibi
1683 5147 1770 5194 ea,
1824 5147 1945 5202 quae

347 5244 475 5285 non
509 5227 708 5279 habent
737 5239 988 5288 sensum;
1017 5224 1141 5292 quia
1174 5223 1332 5293 igitur
1356 5235 1411 5276 et
1439 5221 1680 5276 formicis
1699 5223 1947 5290 providet

346 5323 537 5384 Deus,
565 5328 620 5373 et
644 5318 790 5372 dedit
836 5320 914 5372 eis
960 5329 1013 5372 et
1053 5315 1385 5382 receptacula
1436 5325 1591 5370 terra:
1634 5327 1688 5368 et
1717 5331 1942 5370 concor-

345 5415 542 5474 diam,
575 5411 812 5463 omnium
853 5409 974 5463 licet
1017 5410 1122 5462 sint
1156 5417 1342 5461 natura
1384 5406 1727 5466 infirmiores.
1765 5417 1940 5460 tamen

341 5506 469 5567 eis,
504 5518 622 5570 quae
647 5502 908 5565 videmus,
939 5502 1151 5555 donavit
1179 5518 1196 5557 :
1234 5504 1299 5554 de
1327 5502 1496 5554 bobus
1531 5513 1707 5552 autem
1749 5515 1942 5553 secun-

343 5596 498 5652 dum
533 5594 842 5664 Apostolum
878 5594 1108 5662 pertinet
1139 5594 1203 5644 ad
1238 5594 1398 5645 Uetttn
1419 5592 1484 5658 ",
1512 5603 1566 5646 et
1602 5593 1667 5644 de
1709 5593 1862 5644 nobis
1893 5594 1960 5644 ei—

1045 5687 1087 5719 “
1129 5688 1256 5742 ibid.
1283 5687 1335 5740 4.
1379 5683 1609 5742 “lCnr.
1646 5701 1720 5748 Ix.
1749 5687 1802 5741 9.

436 5801 562 5870 (15)
595 5801 690 5855 Ms.
727 5799 979 5854 Frunitus
1002 5811 1074 5853 est
1100 5817 1216 5868 qua?
1238 5802 1478 5867 diripuit.

435 5872 562 5941 μϐ)
594 5870 690 5926 Ms.
723 5871 785 5924 Et
817 5875 861 5925 ei
885 5872 970 5938 qui
1003 5871 1309 5937 martyrium
1345 5873 1508 5927 colit._
1545 5946 1550 5951 Ι

429 5687 490 5722 ³⁸
527 5687 666 5741 Psal.
708 5703 861 5751 xvttt,
897 5689 949 5741 ι.

2043 4688 2239 4744 quanta
2302 4687 2588 4744 tormenta,
2643 4686 2763 4747 post
2818 4686 3047 4743 quantas
3101 4675 3408 4730 orattones?
3465 4674 3622 4728 Servi

2045 4769 2314 4821 Abraham
2344 4769 2636 4836 habebant,
2660 4777 2714 4824 et
2745 4769 3016 4822 Abraham
3046 4769 3358 4822 desiderans
3394 4784 3497 4820 non
3522 4768 3618 4820 ha-

2046 4861 2206 4915 bebat
2239 4880 2254 4915 :
2283 4864 2374 4916 sed
2404 4862 2685 4932 coniugem
2733 4861 3075 4926 habebat,.et
3120 4861 3278 4914 istam
3319 4863 3618 4924 honestam,

2050 4969 2274 5023 qna-que
2305 4956 2372 5008 ab
2398 4970 2461 5010 eo
2486 4954 2660 5009 ablata
2695 4963 2794 5016 est.
2829 4961 2883 5005 et
2911 4952 3066 5006 valde
3093 4965 3300 5013 amare,
3324 4966 3426 5003 non
3456 4949 3623 5001 inter-

2051 5043 2260 5108 ficiens,
2298 5055 2351 5098 et
2377 5055 2592 5097 mutans
2621 5044 2793 5097 locum
2832 5041 2944 5111 (Π)
2980 5052 3035 5094 et
3078 5042 3272 5106 locum,
3309 5053 3623 5109 persevera-

2054 5135 2150 5186 vit.
2178 5137 2364 5187 Dicattl
2412 5150 2542 5205 ergo
2571 5133 2739 5188 Judaei
2775 5149 2893 5201 qure
2931 5132 3273 5202 provenerint
3297 5130 3526 5183 Abrahae
3555 5143 3618 5182 ex

2055 5227 2412 5296 promissione
2465 5229 2515 5279 itt
2564 5227 2811 5295 przeseuti
2862 5225 2962 5278 hac
3007 5224 3142 5287 vita,
3191 5233 3249 5274 ttt
3284 5221 3654 5275 abscidamus-

2050 5333 2235 5372 eorum
2306 5335 2451 5388 spem
2527 5318 2958 5373 resurrectionis.
3015 5317 3120 5369 Sed
3179 5313 3366 5368 habuit
3432 5312 3621 5367 filium.

2051 5410 2319 5476 Quando?
2345 5413 2498 5466 Circa
2529 5413 2876 5465 ceotesitnum
2925 5425 3122 5463 annum
3175 5409 3330 5460 datus
3358 5417 3438 5460 est
3474 5407 3521 5459 ei
3562 5406 3658 5458 ﬁ--

2053 5503 2175 5566 lius,
2215 5513 2603 5558 tormentorum
2630 5505 2803 5572 potius
2829 5502 2944 5568 ejus
2965 5510 3018 5554 et
3037 5514 3277 5569 precum.
3311 5496 3446 5566 Quia
3473 5497 3656 5551 enim...

2052 5595 2240 5648 habuit
2288 5605 2344 5650 et
2391 5595 2588 5650 bonum
2626 5595 2814 5658 tilium,
2859 5602 2912 5648 et
2954 5593 3163 5647 laetatus
3215 5591 3268 5644 itt
3322 5589 3465 5645 dono
3517 5596 3658 5657 θεῖε.

2131 5800 2242 5871 (Π)
2274 5799 2488 5854 Locum.
2522 5797 2697 5852 Τόπον
2720 5801 2781 5851 ἐκ
2813 5797 2973 5852 τόπου
2999 5794 3276 5868 optimum...
