4134 6396
413 367 552 427 1075

1083 366 1354 424 EUSEBII
1391 365 1866 427 CIESARIENSIS
1903 364 2053 425 ΟΡΡ.
2097 364 2274 421 PARS
2309 365 2400 423 IV.
2435 395 2506 406 —
2543 361 2962 420 DOGMATICA.

3528 351 3671 409 1078

409 497 570 559 putas
620 487 893 557 accipiens
939 487 1106 542 filium
1160 489 1278 542 sine
1325 488 1621 542 tentatione
1675 488 1742 542 de
1795 494 1993 542 caetero
2023 493 2065 543 A
2097 493 2152 538 et
2192 485 2386 539 horum
2434 483 2553 548 ﬁlii,
2584 493 2641 539 et
2691 483 2764 538 illi
2817 481 3064 537 homines
3103 477 3300 548 quibus
3350 477 3670 546 peregrinus

411 581 648 637 mansit?
676 591 730 636 et
760 596 865 634 non
899 581 1012 650 ipsa
1057 579 1399 649 pulchritmlo
1452 581 1563 645 ﬁlii,
1610 581 1726 650 ipsa
1775 584 1990 648 sapien-

410 673 510 737 tia,
543 673 656 743 ipse
689 671 1011 735 intellectus,
1043 681 1098 725 et
1143 685 1203 726 ea
1254 686 1374 740 quae
1423 671 1474 729 in
1522 684 1588 724 eo
1627 679 1784 724 erant
1829 669 1990 732 bona,

413 774 470 817 et
497 778 834 832 quaecunque
894 763 1133 816 habebat
1191 771 1250 816 ut
1295 763 1492 816 donum
1538 761 1668 825 Dei,
1723 760 1991 817 amariora

414 861 684 906 tormenta
730 860 948 920 operata
998 863 1123 906 sunt
1171 851 1346 921 patri?
1396 851 1522 921 quid
1575 850 1719 905 enim
1777 847 1906 904 dicit
1941 849 1991 904 ei

411 942 592 998 Deus?
620 943 711 1012 qui
745 944 881 998 dixit
922 943 1033 1013 (l8)
1095 943 1314 1001 donavit
1350 943 1397 996 ei
1442 942 1611 995 lilium
1649 960 1662 996 :
1702 941 1989 1004 Abraham,

411 1033 717 1101 Abraham,
748 1036 921 1101 accipe
979 1033 1142 1109 lilium
1194 1043 1339 1088 tuum
1387 1032 1564 1096 Isaac,
1614 1049 1766 1100 quem
1814 1032 1990 1098 diligis

413 1123 765 1192 unigenitum,
811 1135 858 1178 et
911 1125 1094 1194 offeres
1136 1141 1252 1178 eum
1299 1124 1428 1175 mihi
1471 1123 1526 1175 in
1567 1139 1668 1174 uno
1711 1122 1990 1186 montium,

413 1232 566 1285 quem
589 1217 683 1269 tibi
709 1217 897 1271 dixero
920 1218 987 1271 ³³.
1013 1217 1070 1271 Si
1099 1217 1548 1284 interceperimus
1580 1215 1992 1268 resurrectionis

414 1321 562 1376 spem
595 1307 729 1378 (l9),
757 1308 938 1362 statim
973 1308 1140 1362 habet
1165 1307 1425 1371 dolorem,
1457 1308 1639 1362 statim
1664 1307 1825 1360 habet
1859 1320 1992 1360 mcco

414 1415 592 1455 rorem
625 1400 922 1455 Abraham.
963 1399 1084 1454 Noli
1115 1401 1259 1454 enim
1287 1414 1532 1468 quaerere
1566 1400 1610 1452 si
1647 1414 1754 1456 non
1782 1405 1866 1452 est
1892 1411 1991 1450 oc-

415 1491 558 1544 risus
594 1490 777 1556 Isaac;
817 1489 910 1544 sed
957 1505 1025 1544 ex
1057 1505 1166 1560 quo
1201 1489 1484 1559 proposuit
1533 1498 1708 1562 pater,
1748 1495 1992 1541 mortuus

414 1591 497 1634 est
531 1580 671 1649 patri
712 1579 884 1638 lsaae.
927 1579 1097 1636 Putas
1123 1581 1249 1649 quia
1283 1590 1338 1634 et
1376 1589 1523 1634 tanta
1551 1589 1668 1633 erat
1697 1578 1991 1632 crudelitas

415 1674 557 1740 apud
586 1673 778 1736 Deum,
809 1682 870 1729 ut
904 1675 958 1726 in
995 1683 1204 1727 tantum
1233 1681 1514 1742 torqueret
1545 1671 1853 1725 Abraham?
1878 1671 1991 1739 ipse

413 1764 558 1818 enim
593 1773 820 1818 testatur
847 1774 902 1818 et
931 1764 1063 1818 dicit
1097 1782 1110 1818 :
1142 1763 1264 1817 Scio
1291 1767 1415 1835 quia
1455 1765 1563 1830 ipse
1604 1775 1650 1816 et
1683 1763 1827 1832 ﬁlius
1873 1763 1988 1831 ejus

415 1855 685 1908 mandabit
710 1854 971 1908 custodire
998 1853 1160 1922 legem
1193 1864 1240 1906 et
1268 1853 1522 1906 mandata
1563 1851 1776 1905 Domini
1801 1851 1848 1882 “
1883 1871 1896 1905 :
1932 1861 1990 1905 ut

415 1958 482 1999 ex
518 1945 621 1998 hoc
660 1945 970 1998 testimonio
999 1944 1274 1998 Abraham
1310 1959 1414 1998 non
1458 1941 1628 1998 solum
1672 1957 1767 2013 per
1791 1952 1990 1997 semet-

415 2034 589 2102 ipsum
627 2035 908 2105 religiosus
942 2035 1247 2098 exsuterit,
1288 2036 1380 2088 sed
1431 2044 1485 2088 et
1529 2049 1596 2090 ex
1641 2037 1896 2088 mandato
1933 2043 1988 2088 et

411 2123 545 2186 filio,
571 2126 663 2195 qui
723 2136 778 2179 et
815 2134 936 2193 post
973 2137 1201 2198 mortem
1236 2124 1364 2177 colit
1410 2132 1466 2178 et
1500 2133 1789 2178 veneratur
1820 2123 1986 2178 Deum

413 2231 512 2286 per
541 2231 602 2272 ea
637 2231 753 2286 qua:
783 2216 1062 2274 mandavit
1092 2216 1252 2270 Deus.
1284 2215 1746 2282 Quemadmodum
1775 2217 1877 2272 iste
1904 2216 1988 2270 viv

414 2323 546 2363 vens
570 2324 673 2362 non
706 2323 893 2378 pinnas
923 2309 1220 2364 sustinuit?
1247 2309 1391 2364 dedit
1419 2309 1470 2365 ei
1500 2309 1668 2363 filium
1706 2310 1866 2376 Deus,
1894 2309 1988 2364 de-

413 2401 566 2455 ditet
603 2401 952 2454 lentationem
989 2417 1003 2462 ;
1051 2400 1095 2454 si
1126 2409 1268 2454 esset
1310 2399 1472 2466 alius,
1520 2399 1749 2454 dixisset
1778 2400 1984 2469 utique,

413 2491 627 2549 Utinam
671 2510 775 2546 non
823 2494 1175 2561 accepissem.
1221 2492 1492 2548 Abraham
1530 2503 1712 2547 autem
1751 2501 1807 2546 et
1845 2491 1988 2546 acci-

411 2583 565 2652 piens
599 2585 803 2653 gratias
837 2583 968 2653 egil,
998 2594 1052 2637 et
1084 2583 1317 2638 reddens
1356 2583 1558 2652 gratias
1603 2583 1732 2651 egit,
1777 2584 1985 2637 lucrum

411 2685 601 2746 utpote
639 2675 842 2731 ducens
871 2693 976 2731 nou
1005 2676 1109 2730 frui
1161 2676 1350 2741 ﬁlium,
1381 2676 1474 2729 sed
1507 2674 1723 2740 olferre,
1762 2675 1902 2729 sicut
1934 2684 1988 2729 et

413 2767 612 2823 factum
635 2778 719 2823 est
747 2787 759 2823 :
788 2770 881 2824 sed
903 2783 1173 2842 quemque
1199 2768 1494 2836 respiciens
1517 2767 1744 2822 habuit:
1773 2766 1987 2834 quando

411 2868 593 2916 autem
623 2859 937 2926 prmeipitur
965 2859 1105 2912 filius
1133 2855 1356 2911 offerri?
1390 2872 1495 2911 non
1521 2857 1706 2909 statim
1735 2864 1792 2908 ut
1828 2863 1986 2908 natus

412 2959 498 3007 est
535 2970 548 3005 :
587 2966 705 3020 quae
737 2950 881 3004 enim
916 2965 1088 3017 nuper
1127 2959 1251 3004 nata
1299 2960 1450 3015 sunt,
1499 2947 1728 3002 necdum
1783 2955 1984 2999 tantum

413 3043 616 3101 habent
643 3041 914 3098 affectum.
963 3043 1024 3096 Et
1062 3053 1351 3112 antequam
1397 3040 1689 3111 loquantur
1729 3038 1983 3103 infantes,

2095 574 2447 629 cobabitabat
2479 573 2787 636 Abraham,
2815 586 2935 626 cum
3000 569 3233 637 undique
3266 567 3539 624 excelsum
3579 565 3664 618 fa-

2093 674 2240 719 ctum
2272 674 2418 720 esset
2437 665 2635 720 donum
2669 663 2792 728 Dei;
2833 674 2959 716 tunc
2979 661 3109 715 dicit
3143 660 3283 714 Deus
3313 669 3567 726 tauquam
3598 657 3666 711 ad

2093 757 2379 826 quemdam
2430 756 2835 810 adamantinum
2887 772 2900 806 :
2943 753 3234 816 Abraham,
3269 751 3443 818 accipe
3493 748 3666 816 ﬁlium

2093 860 2242 903 tuum
2296 850 2621 920 unigenitum
2668 847 2866 910 Isaac,
2925 861 3072 915 quem
3129 845 3382 897 dilexisti.
3437 841 3667 894 Intueris

2092 940 2259 996 Deum
2287 958 2382 1011 per
2409 942 2844 996 adhortationem
2879 940 3257 993 dehortantem
3285 953 3298 989 :
3330 935 3490 989 solito
3517 933 3664 987 enim

2092 1050 2222 1090 usus
2259 1043 2342 1089 est
2379 1035 2447 1088 ad
2501 1032 2772 1091 Abraham
2817 1043 3096 1094 sermone;
3138 1026 3403 1098 siquidem
3441 1034 3494 1077 et
3541 1034 3666 1078 tunc

2092 1141 2216 1185 cum
2257 1127 2577 1196 praeciperet
2617 1125 2665 1177 ei
2712 1137 2863 1177 exure
2895 1136 2926 1175 e
2962 1121 3134 1188 patria
3167 1134 3284 1181 sua,
3319 1117 3410 1170 tali
3443 1117 3508 1168 ad
3545 1131 3663 1169 cum

2093 1231 2223 1270 usus
2272 1225 2354 1269 est
2401 1229 2685 1280 sermone,
2728 1213 2817 1282 qui
2860 1211 3022 1264 alium
3073 1211 3257 1280 utique
3305 1207 3663 1277 prohibuisset

2093 1308 2264 1364 exire.
2319 1307 2454 1361 Dicit
2497 1306 2641 1360 enim
2686 1305 2732 1358 ei
2782 1322 2795 1358 :
2835 1303 3121 1366 Abraham,
3167 1301 3456 1360 Abraham,
3509 1298 3593 1351 exi
3636 1314 3666 1350 e

2091 1403 2265 1467 patria
2297 1411 2412 1458 tua,
2445 1410 2492 1451 et
2524 1413 2590 1453 ex
2633 1397 2941 1466 cognatione
2969 1404 3082 1457 tua,
3116 1405 3160 1446 et
3200 1384 3264 1446 ea:
3304 1393 3460 1443 domo
3495 1391 3667 1457 patris

2093 1492 2235 1545 tui"
2262 1510 2275 1545 :
2310 1491 2424 1544 haec
2454 1490 2592 1544 alius
2619 1490 2663 1542 si
2694 1488 2978 1553 audiisset,
3009 1486 3181 1551 magis
3206 1484 3398 1538 fuisset
3419 1482 3668 1536 detentus

2094 1598 2252 1651 quam
2282 1582 2615 1640 obaudissct.
2657 1578 2764 1634 Sed
2794 1579 2933 1633 sicut
2969 1576 3184 1631 athletis
3225 1573 3542 1630 fortioribus
3573 1573 3666 1643 ju-

2094 1675 2284 1729 bentes
2319 1675 2536 1729 duriora
2567 1672 2886 1742 praecipiunt
2915 1687 2929 1725 :
2961 1678 3175 1740 Oportet
3203 1678 3273 1732 te,
3308 1665 3502 1735 inquit,
3541 1681 3668 1734 por-

2097 1775 2236 1831 tare,
2285 1765 2449 1820 etiam
2497 1765 2541 1818 si
2583 1762 2750 1818 fueris
2798 1761 2944 1816 calce
2994 1773 3316 1828 percussus;
3358 1765 3569 1824 oportet
3614 1764 3668 1809 te

2020 1834 2211 1911 Besse
2255 1856 2588 1926 patientem,
2633 1852 2846 1907 etiamsi
2897 1851 3189 1905 adversum
3247 1847 3461 1902 oculum
3515 1855 3666 1899 tuum

2093 1962 2312 2001 manum
2349 1943 2696 2000 adversarius
2725 1941 3060 2012 protenderit
3089 1954 3244 1995 suam
3279 1955 3294 1990 :
3329 1945 3384 1990 et
3406 1950 3666 2004 quaecun-

2089 2054 2194 2108 que
2217 2038 2288 2091 illi
2314 2040 2572 2091 mandare
2593 2042 2939 2097 consuerunt,
2957 2041 3010 2085 et
3026 2031 3350 2086 athletarum
3377 2024 3666 2082 fortissimi

2091 2130 2365 2185 sustinere
2393 2147 2406 2182 :
2449 2130 2521 2181 ita
2564 2138 2618 2182 et
2659 2127 2781 2181 istic
2808 2124 2950 2179 Deus
2983 2139 3138 2178 suum
3171 2121 3430 2176 athletam
3461 2119 3664 2173 adhor-

2093 2232 2232 2288 tans,
2264 2236 2359 2290 per
2387 2220 2550 2274 duros
2576 2233 2698 2273 eum
2741 2218 2991 2271 hortatur
3024 2225 3176 2270 actus
3215 2232 3228 2268 :
3274 2215 3382 2266 Exi
3426 2229 3453 2266 c
3491 2212 3669 2280 patria

2090 2324 2202 2378 tua,
2225 2321 2276 2366 et
2306 2311 2613 2380 cognatione
2638 2320 2752 2375 tua,
2786 2317 2832 2361 et
2859 2324 2924 2362 ea:
2949 2308 3103 2360 domo
3136 2307 3300 2374 patris
3332 2305 3432 2367 tui,
3467 2315 3514 2357 et
3541 2303 3663 2356 veni

2090 2405 2158 2457 ad
2198 2413 2429 2466 terram;
2459 2402 2526 2456 ad
2569 2417 2731 2469 quam
2781 2409 3030 2470 paratum
3073 2406 3255 2467 negat,
3301 2407 3355 2451 et
3393 2396 3667 2464 promittit

2090 2495 2275 2560 aliam,
2318 2505 2372 2550 et
2409 2493 2582 2561 ipsam
2634 2492 3052 2560 promissionem
3115 2490 3169 2543 in
3221 2489 3430 2543 incerto
3488 2488 3662 2556 ponit.

2088 2589 2204 2645 Non
2236 2591 2379 2645 enim
2429 2590 2559 2644 dixit
2610 2589 2752 2641 illaut
2789 2598 3024 2649 terram;
3070 2586 3164 2639 sed
3209 2586 3265 2638 in
3317 2597 3536 2646 terram,
3582 2584 3668 2636 in—

2089 2685 2233 2752 quit,
2270 2699 2429 2748 quam
2475 2683 2565 2734 tibi
2608 2680 2962 2734 ostendero".
2997 2679 3151 2731 Sicut
3190 2679 3334 2731 enim
3378 2677 3604 2745 ejiciens
3633 2691 3666 2730 e

2089 2774 2282 2844 patria,
2317 2789 2413 2841 per
2452 2787 2514 2828 ea
2543 2789 2662 2840 qua:
2691 2772 3043 2840 prohiberent
3068 2770 3249 2838 ejicit;
3288 2769 3359 2821 ita
3396 2776 3452 2821 et
3473 2767 3666 2836 praeci-

2087 2865 2242 2934 piens
2271 2863 2438 2918 lilium
2471 2879 2625 2918 sumn
2653 2863 2753 2916 sibi
2785 2861 3000 2926 ulIerre,
3034 2876 3128 2928 per
3157 2859 3462 2915 istiusmodi
3501 2858 3662 2912 verba

2085 2955 2258 3023 jubet,
2290 2971 2517 3024 perque:
2540 2955 2583 3010 si
2606 2967 2747 3008 esset
2767 2954 2922 3017 alius,
2945 2967 3048 3008 non
3073 2953 3336 3008 obediret.
3357 2951 3655 3017 Abraham,

2091 3046 2286 3115 inquit,
2310 3047 2604 3108 Abraham,
2625 3046 2805 3112 accipe
2829 3057 2880 3097 tu
2904 3062 2918 3110 ;
2944 3060 3044 3098 nec
3081 3061 3176 3114 per
3204 3044 3369 3098 alium
3399 3042 3657 3113 praecipit,

411 3133 650 3202 perdicis
679 3144 772 3188 aut
810 3134 1070 3187 columba:
1105 3131 1280 3186 locum
1322 3133 1388 3187 ad
1429 3133 1699 3203 genitores
1732 3132 1938 3186 habent
1967 3148 1980 3184 :
2015 3175 2057 3232 ο
2091 3136 2396 3202 Sedaccipe,
2422 3136 2618 3205 inquit,
2643 3147 2694 3189 tu
2719 3137 3297 3206 ﬁliumtuum,ethuni:
3321 3136 3654 3205 unigenitum,

410 3227 587 3280 visum
623 3225 766 3282 enim
806 3237 1012 3280 tantum
1061 3225 1349 3290 delectant,
1394 3235 1448 3279 et
1503 3226 1855 3295 incomposite
1905 3225 1986 3277 lo-

421 3327 649 3389 quentes
679 3335 694 3371 :
728 3332 850 3372 cum
877 3328 1056 3373 autem
1089 3317 1416 3388 promoverit
1449 3327 1606 3377 atlas,
1635 3325 1686 3369 et
1722 3313 1988 3374 effulserit

411 3424 641 3474 sensus,
676 3420 730 3464 et
761 3409 988 3478 casperit
1037 3408 1338 3464 intellectus
1385 3422 1481 3483 per
1515 3407 1754 3476 linguam
1788 3407 1984 3475 promi,

408 3500 696 3557 floruerint
743 3511 922 3562 autem
970 3502 1144 3556 astatis
1193 3501 1623 3571 pulchritudines
1671 3512 1725 3553 ct
1775 3500 1985 3553 firmata

414 3592 618 3653 fuerint
649 3593 887 3647 membra
929 3593 1049 3646 istic
1079 3602 1135 3646 et
1177 3593 1386 3646 initium
1421 3591 1588 3661 ipsius
1629 3591 1895 3659 corporis.
1931 3601 1989 3645 ut

413 3697 559 3744 rosa,
585 3692 678 3736 aut
712 3681 904 3738 lilium.
939 3681 1023 3734 vel
1057 3681 1252 3750 aliquis
1289 3679 1388 3735 llos
1447 3694 1715 3746 maturus,
1750 3690 1842 3733 aut
1874 3679 1988 3733 fru-

410 3785 530 3830 ctus
551 3774 658 3846 jam
701 3783 950 3843 paratus;
979 3773 1050 3827 ita
1083 3782 1138 3826 et
1171 3772 1516 3842 pulchritudo
1541 3789 1661 3843 qua:
1682 3773 1984 3838 videbatur,

409 3875 464 3921 et
490 3867 724 3926 maxime
756 3865 1066 3919 intellectus
1092 3865 1272 3919 ﬂectet
1300 3867 1596 3935 genitores,
1631 3875 1684 3920 et
1721 3877 1890 3920 totum
1927 3881 1987 3920 se

411 3960 464 4016 in
495 3958 758 4026 genitoris
785 3965 1019 4012 evacuat
1051 3974 1312 4013 amorem.
1347 3957 1565 4013 Movent
1591 3970 1771 4014 autem
1806 3967 1861 4014 et
1889 3959 1984 4013 filii

413 4049 656 4103 moribus
683 4050 796 4103 suis
823 4060 1076 4118 parentes
1108 4059 1163 4102 et
1189 4049 1528 4102 sermonibus
1558 4059 1612 4103 et
1638 4049 1882 4118 loquelis.
1920 4049 1987 4111 Et

411 4140 868 4209 quemadmodum
921 4141 1164 4194 extendit
1224 4155 1442 4196 manum
1493 4141 1634 4195 filius
1707 4159 1723 4194 ι
1794 4156 1985 4209 quem-

411 4231 700 4286 admodum
757 4241 967 4300 patrem
1018 4231 1268 4284 hortatus
1323 4240 1407 4284 est
1455 4240 1548 4284 aut
1597 4246 1692 4302 per
1739 4231 1983 4296 verbum,

407 4333 502 4380 aut
533 4337 628 4399 per
657 4324 918 4394 linguam,
961 4332 1056 4378 aut
1089 4337 1184 4390 per
1213 4337 1330 4380 eam
1377 4338 1539 4390 quam
1573 4322 1740 4375 sumit
1780 4337 1981 4382 escam.

409 4415 729 4486 Loquuutur
758 4425 938 4469 autem
967 4423 1024 4468 et
1048 4423 1231 4485 patres
1269 4414 1335 4468 ad
1371 4414 1534 4476 filios,
1567 4422 1618 4466 et
1649 4413 1860 4468 dulcior
1891 4413 1984 4467 lilii

2090 3226 2167 3280 ait
2203 3246 2215 3282 :
2250 3226 2521 3296 porrectio
2557 3228 2904 3290 tentationis;
2943 3244 3096 3296 quem
3139 3225 3398 3290 dilexisti,
3440 3226 3610 3294 inquit
3642 3242 3659 3278 :

2089 3319 2520 3374 additamentum
2552 3319 2756 3374 doloris
2781 3319 2922 3374 aliis.
2959 3319 3026 3372 Et
3067 3329 3190 3389 post
3233 3321 3348 3374 haec
3379 3319 3663 3387 cousiguat

2091 3408 2352 3477 majorem
2380 3410 2608 3479 plagam,
2640 3411 2778 3465 dixit
2811 3411 2954 3465 enim
2983 3421 3036 3464 et
3063 3425 3256 3463 nomen
3295 3409 3412 3463 filii.
3437 3410 3578 3463 Nam
3610 3417 3666 3462 et

2087 3501 2133 3556 si
2169 3503 2282 3556 haec
2319 3505 2499 3556 omnia
2529 3511 2711 3556 essent
2742 3501 2920 3555 dulcia
2947 3513 3002 3554 et
3034 3501 3249 3563 idonea,
3283 3511 3524 3554 moveret
3557 3499 3667 3552 vis-

2089 3607 2211 3646 cera
2247 3602 2471 3662 paterna
2494 3633 2509 3657 ,
2554 3603 2612 3645 ut
2645 3593 2886 3659 diceret,
2920 3591 3093 3660 ﬁlium
3141 3603 3289 3645 tuum
3337 3590 3665 3658 unigenitum

2087 3701 2238 3754 quem
2266 3683 2520 3738 dilexisti.
2557 3684 2663 3738 Sed
2691 3684 2823 3738 nihil
2850 3685 2977 3749 tale,
3004 3694 3265 3752 quantum
3304 3691 3356 3736 ct
3384 3695 3662 3749 nuncupa-

2091 3781 2290 3835 tionem
2321 3778 2438 3847 ejus
2460 3777 2831 3841 anuuutiaret,
2860 3786 2916 3831 et
2941 3777 3168 3841 diceret,
3203 3775 3357 3828 Isaac
3386 3775 3582 3841 accipe,
3609 3785 3663 3826 et

2089 3872 2275 3940 offeres
2307 3885 2424 3923 eum
2455 3867 2580 3923 mihi
2610 3868 2665 3922 in
2698 3884 2802 3922 uno
2828 3869 3108 3926 montium.
3157 3866 3342 3936 Neque
3369 3865 3490 3920 istic
3516 3863 3668 3919 desi-

2093 3973 2224 4034 gnat
2258 3961 2456 4025 locum,
2491 3962 2584 4014 sed
2615 3961 2758 4014 sicut
2797 3958 3021 4024 eiiciens
3049 3975 3172 4014 eum
3224 3961 3290 4012 de
3335 3957 3527 4024 patria,
3561 3956 3666 4022 ait,

2094 4053 2224 4114 Veni
2250 4054 2317 4107 ad
2349 4063 2544 4112 terram
2577 4068 2735 4122 quam
2766 4052 2864 4106 tibi
2893 4052 3204 4114 ostendero;
3239 4052 3311 4104 ita
3343 4060 3398 4104 et
3430 4049 3553 4104 istic
3582 4047 3668 4102 di-

2087 4144 2183 4205 cit,
2216 4142 2270 4194 in
2306 4158 2407 4193 uno
2438 4142 2717 4194 montium.
2765 4139 2829 4192 Et
2859 4149 3008 4194 certe
3054 4140 3281 4193 multum
3327 4137 3669 4194 commodius

2088 4233 2132 4287 si
2168 4233 2219 4286 iu
2257 4235 2371 4302 ipso
2400 4231 2616 4286 fervore
2655 4231 2852 4300 negotii
2886 4230 3145 4285 liberatus
3181 4229 3368 4284 fuisset
3400 4228 3667 4283 sollicitu-

2088 4327 2212 4382 dine
2261 4328 2566 4391 Abraham,
2608 4333 2661 4378 et
2713 4341 2819 4378 non
2871 4325 3084 4380 audiret
3119 4325 3331 4380 itineris
3378 4325 3658 4389 laborem,

2089 4426 2389 4471 nocturnos
2421 4416 2701 4485 amplexus
2727 4415 3010 4480 unigeniti,
3039 4415 3525 4479 confabulationes,
3562 4429 3664 4482 per

407 4516 492 4561 est
516 4521 620 4559 vox
644 4506 789 4559 omni
818 4506 924 4560 alio
948 4506 1088 4574 quod
1122 4504 1356 4558 videtur.
1385 4503 1518 4558 Nam
1543 4515 1594 4556 et
1620 4503 1824 4558 frontes
1848 4503 1981 4556 filio-
2014 4522 2057 4575 ι)
2087 4510 2200 4565 dies
2239 4509 2437 4572 visum,
2479 4517 2681 4561 motum
2700 4549 2716 4571 ,
2751 4522 3030 4561 sermones
3051 4547 3065 4572 ,
3121 4507 3298 4576 ipsum
3348 4505 3497 4562 Isaac
3524 4506 3667 4560 uite-

407 4615 526 4658 rum
559 4601 789 4656 illiciunt
828 4609 1107 4667 aspectum
1137 4608 1440 4667 parentum,
1490 4607 1544 4650 et
1588 4597 1733 4656 mille
1782 4597 1888 4654 alia
1926 4606 1981 4651 et

405 4689 510 4744 alia
554 4701 804 4753 movent,
851 4699 905 4743 et
943 4691 1120 4744 omnia
1167 4703 1500 4762 quacunque
1560 4687 1770 4742 locutus
1820 4687 1982 4742 fuerit

406 4780 567 4844 filius,
621 4781 666 4835 si
709 4794 805 4848 per
849 4790 1061 4834 noctem
1110 4780 1390 4850 amplexus
1439 4787 1554 4846 est,
1606 4779 1650 4833 si
1693 4795 1786 4848 per
1836 4778 1979 4832 diem

404 4871 677 4927 blanditus
709 4880 812 4926 est.
842 4871 975 4926 Cum
1010 4871 1172 4941 igitur
1214 4873 1324 4926 hate
1356 4873 1534 4926 omnia
1563 4881 1977 4935 concurrerunt,

403 4975 456 5018 et
486 4981 610 5020 cum
643 4974 918 5020 maturum
955 4964 1156 5020 factum
1189 4976 1272 5020 est
1310 4965 1510 5020 donum
1556 4965 1687 5028 Dei,
1728 4980 1849 5020 cum
1881 4965 1980 5019 do-

402 5057 614 5111 mestici
659 5056 711 5110 in
743 5070 838 5126 spe
867 5053 1050 5118 fuere,
1081 5069 1203 5108 cum
1249 5055 1441 5108 amicis
1473 5053 1694 5108 allatum
1726 5063 1804 5106 est
1837 5069 1976 5107 nuu-

405 5149 560 5210 tium,
587 5163 710 5201 cum
746 5147 980 5202 reddidit
999 5149 1139 5200 Deus
1160 5146 1390 5200 Abrahre
1417 5146 1804 5214 promissiones
1827 5161 1975 5212 suas,

399 5237 578 5305 etiam
602 5239 826 5294 haberet
849 5239 1014 5292 filium
1077 5237 1362 5293 videbatur
1385 5238 1527 5291 enim
1549 5248 1601 5290 et
1625 5237 1724 5306 Ipsi
1747 5238 1977 5292 Abrahae

400 5330 654 5384 solatium
691 5332 1075 5400 promissionis
1107 5329 1217 5398 jam
1255 5328 1492 5395 factum;
1530 5345 1650 5383 cum
1688 5326 1802 5397 jam
1838 5328 1974 5382 Sara

399 5419 652 5476 habuerit
687 5423 1132 5489 consolationem,
1167 5431 1222 5474 et
1247 5420 1355 5489 jam
1390 5437 1495 5475 non
1545 5423 1613 5476 ab
1653 5421 1845 5474 ancilla
1882 5437 1976 5473 ex-

398 5511 780 5590 probratioues
830 5514 1078 5578 audiret,
1109 5529 1231 5567 cum
1271 5513 1526 5582 cognatio
1557 5512 1782 5567 audiens
1829 5523 1975 5568 esset

397 5603 453 5670 in
491 5605 694 5668 Imtitia,
724 5621 844 5658 cum
887 5606 1040 5675 pueri
1073 5616 1127 5660 et
1155 5606 1319 5669 servi,
1345 5621 1467 5660 cum
1493 5605 1687 5657 domus
1717 5604 1973 5672 majores,

469 5698 516 5729 ”
537 5698 673 5750 Gen.
700 5701 911 5758 Παλ.
987 5700 1029 5731 ³³
1055 5699 1479 5761 Gen.xvui.19.
1555 5701 1599 5732 ’δ
1628 5699 1765 5757 Ceu.
1791 5718 1884 5771 xu,
1915 5704 1963 5757 i.

469 5789 584 5867 (18)
618 5790 719 5860 Qui
749 5792 902 5844 dixit.
935 5792 1097 5846 Forte
1127 5795 1256 5846 disi!
1291 5798 1397 5861 qui.

2085 4613 2254 4658 ctum.
2287 4603 2352 4654 Et
2381 4601 2508 4671 quid
2535 4614 2671 4670 opus
2704 4611 2787 4653 est
2818 4597 2971 4667 plura
3007 4613 3104 4653 nos
3137 4598 3357 4652 dicere?
3389 4599 3668 4652 Abraham

2085 4695 2252 4757 enim,
2299 4693 2391 4762 qui
2446 4691 2772 4746 sententiam
2809 4691 3072 4746 adversus
3110 4691 3277 4744 filium
3321 4700 3668 4758 susceperat,

2088 4785 2448 4852 descripserat
2493 4781 2593 4835 sibi
2639 4791 2693 4836 et
2743 4782 2925 4836 abibat
2970 4781 3176 4837 habens
3220 4781 3428 4844 filium,
3482 4782 3670 4836 vivum

2088 4876 2304 4944 quidem
2337 4891 2598 4944 quantum
2629 4875 2696 4928 ad
2736 4889 2952 4928 sensum
2997 4874 3118 4936 filii,
3148 4875 3259 4944 jam
3288 4885 3471 4928 autem
3509 4873 3671 4927 holo-

2089 4979 2334 5020 caustum
2372 4977 2632 5035 quantum
2675 4966 2740 5018 ad
2787 4966 3126 5020 inscientiam
3175 4967 3365 5034 patris.
3411 4965 3477 5018 Et
3515 4976 3670 5020 certe

2089 5070 2293 5113 tantam
2327 5061 2632 5127 passionem
2667 5059 2832 5113 habet
2860 5059 3004 5125 quod
3038 5055 3254 5122 dicitur,
3283 5069 3341 5112 ut
3363 5070 3418 5114 et
3445 5076 3544 5114 nos
3571 5064 3666 5128 qui

2085 5152 2333 5206 audimus
2370 5163 2422 5204 et
2453 5152 2704 5214 dicimus,
2738 5151 2809 5204 de
2847 5151 2929 5205 his
2963 5165 3082 5219 qua:
3115 5151 3202 5204 ille
3233 5151 3284 5204 in
3322 5153 3666 5220 unigenitum

2083 5243 2251 5296 filium
2300 5258 2453 5296 suum
2505 5242 2676 5305 ausit,
2732 5243 3064 5296 commoveri
3099 5255 3150 5296 et
3197 5244 3572 5316 collacrymari
3610 5257 3671 5300 et

2081 5334 2390 5390 conturbari
2423 5335 2724 5390 videamur.
2756 5334 2813 5387 Si
2847 5335 3012 5404 igitur
3045 5336 3199 5390 nobis
3231 5337 3415 5391 dicere
3448 5348 3665 5392 tantum

2081 5435 2136 5480 et
2174 5425 2362 5480 audire
2398 5434 2617 5478 nonest
2649 5426 2932 5480 ferendum
2969 5426 3086 5479 sine
3125 5427 3409 5499 lacrymis;
3447 5431 3624 5500 qualis
3647 5472 3665 5496 ,

2085 5524 2273 5585 putas,
2309 5515 2612 5570 invenietur
2643 5530 2896 5569 mensura
2950 5517 3093 5570 illius
3127 5520 3515 5576 conscientia?
3538 5525 3668 5591 quis

2084 5606 2309 5662 sulliciet
2332 5623 2510 5662 sermo
2539 5607 2677 5661 illius
2701 5608 2960 5668 exhibere
2986 5610 3332 5668 dilectionem
3356 5613 3421 5666 ad
3450 5613 3618 5670 Deum
3641 5616 3666 5671 Ἰ

2043 5705 2086 5734 ’⁸
2109 5704 2242 5758 Ibid.

2150 5799 2168 5858 f
2179 5799 2258 5860 l9)
2297 5797 2752 5862 Intei'ceperimus,
2777 5802 2857 5862 Ci,
2890 5805 3159 5861 suoracol.
3186 5805 3317 5862 1071
3346 5806 3410 5862 Α.
