4134 6404
372 396 512 450 {0'77

374 602 540 656 multa
567 602 779 671 quidem
807 601 1147 666 dicebantur,
1169 600 1320 670 plura
1355 609 1531 655 autem
1560 603 1937 667 audiebantur,

376 702 432 747 et
469 694 677 747 intinita
719 695 1037 763 agebantur.
1080 692 1248 748 Erant
1283 704 1462 749 autem
1510 697 1692 747 omnia
1744 694 1883 747 bona
1922 711 1937 747 :

378 785 470 840 Dei
512 788 653 840 enim
691 787 887 840 donum
920 798 1037 841 erat
1069 786 1238 852 Isaac,
1284 798 1337 840 et
1366 788 1613 853 portabat
1646 803 1669 838 :.
1701 786 1791 854 qui
1821 802 1943 855 por-

378 877 559 932 tabat?
590 878 726 930 forte
757 888 931 930 autem
958 893 1060 929 non
1087 877 1245 930 debet
1269 877 1372 931 dici
1400 876 1524 946 quia
1555 880 1821 947 portabat,
1849 877 1943 931 sed

379 970 661 1026 gaudebat.
699 970 765 1023 Et
792 972 905 1025 dies
942 984 1047 1024 una
1086 971 1377 1025 transierat
1403 980 1500 1037 ,et
1534 972 1759 1026 necdum
1797 971 1947 1027 locus

378 1064 781 1117 ostendebatur.
808 1064 875 1117 Et
897 1079 1000 1117 nox
1027 1064 1091 1117 ad
1127 1066 1290 1128 diem,
1321 1072 1375 1118 et
1410 1062 1635 1117 necdum
1672 1064 1735 1116 ad
1768 1063 1942 1116 locum

385 1156 649 1222 pervenit.
683 1156 745 1208 Et
794 1156 1062 1209 secundus
1106 1154 1242 1219 dies,
1291 1162 1344 1207 et
1385 1164 1505 1221 post
1534 1152 1673 1206 diem
1727 1168 1852 1215 nox,
1894 1162 1948 1206 et

381 1242 485 1297 alia
528 1260 631 1299 nox
670 1263 682 1299 :
721 1254 774 1298 et
812 1247 1045 1299 nondum
1085 1244 1224 1307 ﬁnis,
1256 1246 1351 1301 sed
1385 1246 1662 1314 protensio
1687 1255 1805 1299 erat
1832 1254 1948 1298 ten-

384 1336 606 1389 tationis
635 1336 899 1401 dilatatio,
935 1345 989 1389 et
1021 1336 1235 1404 quando
1277 1338 1622 1406 perveniret,
1657 1347 1710 1391 et
1736 1342 1948 1406 quando

382 1430 766 1482 ostenderetur
813 1428 960 1481 locus
1006 1444 1125 1482 cum
1171 1430 1281 1495 jam
1329 1429 1599 1483 deberet:
1648 1429 1775 1498 quia
1820 1444 1948 1497 ergo

384 1519 569 1573 omnia
612 1535 730 1586 quae
772 1530 897 1572 sunt
946 1528 999 1572 et
1042 1520 1091 1572 in
1146 1520 1337 1573 Vetere
1367 1519 1715 1576 Testamento
1764 1518 1950 1573 forma:

384 1621 543 1665 erant
582 1610 737 1673 Novi,
773 1612 927 1664 tertio
957 1612 1042 1664 die
1082 1620 1141 1665 et
1166 1612 1321 1665 tertia
1357 1622 1514 1667 nocte
1550 1620 1950 1667 sacramentum

386 1703 646 1771 unigeniti
712 1701 829 1756 Filii
892 1702 983 1756 Dei
1038 1702 1406 1771 praecurrebat.
1459 1715 1555 1772 per
1610 1701 1951 1773 unigenitum

384 1793 655 1847 Abrahae:
697 1793 821 1863 quia
863 1803 1043 1846 autem
1078 1792 1402 1862 completum
1437 1800 1837 1847 sacramentum
1870 1798 1953 1846 est

1490 394 1577 449 DE
1612 394 2211 453 RESURRECTIONE.
2251 433 2317 442 —-
2356 400 2484 459 LIB.
2522 402 2565 461 Γ.

370 509 478 564 lter
509 509 667 564 simul
709 509 934 565 iaciebat
994 516 1149 578 pater
1187 522 1308 564 cum
1356 506 1497 577 filio,
1534 518 1589 563 et
1628 508 1770 563 inter
1827 510 1938 563 hrec
1966 515 2014 571 A
2041 528 2154 575 eos,
2212 514 2421 570 Manete
2461 518 2547 570 hic

3471 406 3613 460 1078

2593 531 2611 569 :
2650 533 2744 586 ego
2791 526 2962 571 autem
3006 528 3054 571 et
3106 535 3241 588 puer
3280 521 3614 574 ascendentes

2041 607 2377 661 adorabimus
2406 609 2461 661 in
2495 619 2688 676 monte,
2737 619 2785 663 ct
2831 612 3204 680 regrediemur.
3236 611 3348 666 lloc
3395 613 3611 682 quidem

2044 714 2149 752 non
2190 700 2451 768 speravit,
2499 702 2601 757 hoc
2648 714 2827 758 autem
2868 704 3200 773 impetravit,
3250 715 3304 759 et
3356 719 3488 759 usus
3531 711 3615 758 est

2044 788 2184 846 Deus
2214 792 2330 861 ejus
2361 791 2542 862 lingua
2580 794 2646 847 ad
2682 794 3042 864 prophetiam.
3084 798 3218 849 Cum
3253 809 3383 864 ergo
3420 794 3617 847 dicitur

2042 883 2315 937 Abraham
2355 885 2621 955 propheta
2647 925 2665 952 ,
2710 895 2764 941 et
2793 887 3055 957 qumritur
3084 901 3114 940 a
3144 886 3330 941 multis
3371 886 3460 940 ubi
3490 901 3615 954 pro-

2047 976 2351 1045 phetaverit
2386 977 2659 1033 Abraham
2688 996 2704 1046 ;
2736 980 2879 1035 scire
2917 989 3167 1051 oportet,
3213 981 3338 1050 quia
3377 980 3613 1034 maxime

2044 1069 2259 1136 quidem
2294 1070 2379 1124 cui
2415 1071 2672 1124 revelavit
2698 1070 2837 1127 Deus
2864 1072 3236 1142 semetipsum,
3266 1080 3524 1142 quantum
3558 1080 3613 1124 et

2049 1159 2305 1228 possibile
2351 1160 2450 1214 fuit
2491 1161 2725 1217 Abraha:
2768 1172 2827 1217 ut
2867 1164 3202 1219 revelaretur
3227 1165 3313 1231 ei;
3358 1166 3461 1219 iste
3500 1165 3617 1233 ipse

2047 1256 2341 1309 vocabatur
2364 1254 2645 1325 propheta.
2662 1254 2777 1309 Alia
2802 1267 2981 1311 autem
3007 1256 3315 1310 invenimus
3333 1272 3455 1309 eum
3486 1257 3610 1311 istic

2046 1348 2449 1416 prophetantem
2473 1365 2488 1401 :
2516 1363 2674 1402 unam
2705 1348 2921 1418 quidem
2943 1348 3298 1418 prophetiam,
3324 1367 3479 1419 quam
3499 1349 3609 1417 jam

2048 1438 2281 1491 diximus
2331 1455 2344 1491 :
2392 1439 2681 1493 secundam
2729 1448 2908 1495 autem
2940 1454 3096 1505 eam,
3131 1457 3249 1510 qua:
3285 1443 3606 1511 insequitur.

2052 1528 2156 1583 Sed
2192 1540 2507 1599 sequentem
2540 1528 2679 1585 forte
2709 1530 2889 1585 dicere
2914 1531 3274 1600 perniciosum
3298 1542 3399 1598 est,
3432 1542 3487 1586 et
3516 1550 3615 1586 au-

2049 1621 2167 1676 dire
2196 1622 2571 1690 perniciosius.
2602 1621 3066 1688 Quemadmodum
3088 1660 3104 1685 ,
3135 1631 3293 1690 putas
3316 1661 3332 1687 ,
3360 1622 3621 1677 sustinuit

2048 1726 2112 1766 ea
2140 1726 2258 1781 quae
2291 1726 2476 1782 passus
2502 1712 2622 1767 est?
2665 1714 3116 1783 quemadmodum
3153 1713 3392 1769 charitas
3434 1714 3629 1768 omnia-

2052 1806 2303 1861 sustinet.
2352 1804 2418 1859 Et
2461 1805 2613 1874 pueri
2663 1804 2878 1874 quidem
2915 1813 3319 1870 remanserunt,
3361 1806 3638 1874 praecepit

387 1886 549 1942 trium
574 1887 883 1948 dieruut,,et
910 1886 1066 1938 trium
1099 1884 1363 1949 noctium,
1385 1892 1642 1937 ostensus
1670 1890 1754 1937 est
1780 1881 1948 1949 locus,

2060 1898 2194 1952 enim
2235 1898 2518 1966 dominus;
2546 1897 2819 1952 Abraham
2847 1909 3025 1954 autem
3054 1898 3330 1969 accipiens
3363 1899 3537 1968 ignem
3569 1907 3644 1951 et

386 1978 609 2032 advenit
642 1986 695 2030 et
742 1987 950 2043 tempus
985 1992 999 2033 :
1036 1972 1174 2029 forte
1211 1983 1387 2027 autem
1429 1974 1632 2042 putatis
1673 1972 1782 2041 jam
1814 1971 1947 2025 libe-

387 2082 508 2121 rum
560 2080 681 2119 esse
722 2081 750 2117 a
797 2048 1495 2118 certaminetentationum
1541 2062 1837 2115 Abraham.
1886 2061 1951 2114 Et

385 2167 536 2213 certe
562 2168 820 2227 quantutn
859 2157 1179 2227 propinquat
1221 2164 1450 2224 tempus,
1485 2164 1694 2206 tantum
1732 2154 1951 2207 tentatio

386 2251 730 2321 protenditur
755 2249 892 2318 ejus.
930 2248 995 2300 Et
1021 2247 1291 2301 Abraham
1322 2246 1448 2300 dicit
1473 2246 1535 2298 ad
1564 2262 1759 2315 pueros
1787 2264 1800 2299 :
1833 2245 1952 2298 Ma-

386 2353 501 2395 nete
526 2340 645 2405 hic;
677 2357 768 2409 ego
796 2348 969 2391 autent
1006 2346 1055 2390 et
1092 2336 1237 2405 ﬁlius
1259 2337 1595 2390 ascendemus
1621 2337 1672 2389 in
1704 2347 1959 2401 montem,

387 2438 667 2487 adorantes
698 2431 1036 2485 remeabimus
1066 2430 1132 2483 ³⁷.
1167 2429 1370 2482 Timuit
1397 2430 1567 2492 enim,
1605 2444 1670 2482 ne
1702 2428 1849 2496 pueri
1886 2428 1953 2479 ad

387 2525 663 2579 dominum
702 2521 949 2576 aﬂ‘ectum
979 2523 1257 2587 habentes,
1307 2528 1361 2574 et
1406 2519 1636 2572 maxime
1669 2518 1735 2572 ad
1769 2518 1954 2589 unige-

389 2615 581 2678 nitum,
627 2613 996 2683 prohiberent.
1028 2610 1185 2664 Certe
1231 2608 1355 2678 quia
1386 2622 1656 2676 nunquam
1694 2608 1955 2663 Dominus

389 2702 721 2759 sacriﬁcium
754 2700 984 2755 hominis
1013 2699 1166 2769 petit.
1201 2697 1500 2753 Audierant
1542 2706 1721 2752 autem
1754 2698 1878 2767 quia
1902 2708 1957 2752 et

386 2796 685 2850 secundum
752 2792 1167 2863 promissionem
1243 2789 1387 2845 Deus
1448 2790 1743 2844 donaverat
1808 2790 1958 2844 lsaac

388 2886 661 2942 Abrahae:
706 2888 976 2940 intuentes
1010 2898 1138 2940 vero
1172 2890 1227 2937 et
1260 2872 1474 2937 attateni
1504 2882 1737 2937 Abrahae
1773 2882 1825 2936 in
1854 2883 1958 2938 alio

388 2978 495 3046 jam
518 2986 756 3044 tempore
784 2976 1130 3029 constitutam
1159 2989 1175 3028 :
1208 2974 1332 3042 quia
1354 2973 1516 3043 igitur
1532 2987 1636 3026 non
1657 2973 1960 3027 consentie-

393 3079 523 3123 nant
547 3069 662 3140 (90)
686 3069 898 3140 negotio
925 3068 1006 3123 his
1033 3083 1151 3136 quae
1179 3066 1694 3122 faciebatAbraham
1721 3067 1962 3136 :possint

2052 1986 2190 2056 ligna
2222 1995 2277 2040 et
2314 1986 2581 2055 gladium,
2612 1986 2856 2039 ascendit
2883 2002 3004 2040 cum
3037 1985 3170 2051 lilio,
3223 1987 3334 2055 ipse
3375 1985 3485 2040 [ilio
3523 2001 3647 2039 suo

2055 2079 2335 2148 imponens
2369 2076 2529 2146 ligna.
2574 2076 2640 2129 Et
2670 2085 2817 2131 certe
2861 2076 3063 2130 scimus
3095 2077 3368 2130 Abraham
3412 2091 3507 2143 per
3535 2090 3623 2129 se-

2056 2172 2345 2240 metipsum
2421 2169 2645 2224 vitulum
2720 2180 3023 2240 portantem
3094 2172 3160 2226 ad
3223 2170 3618 2239 susceptionem

2054 2279 2239 2319 eorum
2273 2264 2362 2331 qui
2399 2265 2751 2317 advenerant.
2777 2262 2915 2328 Quid
2944 2274 3122 2318 autem
3152 2279 3293 2319 nunc
3322 2278 3421 2318 nec
3447 2264 3619 2330 parti-

2060 2370 2145 2413 tus
2171 2373 2291 2414 cum
2324 2357 2435 2411 tilio
2462 2356 2668 2426 pondus
2707 2366 2810 2417 est,
2850 2356 2943 2410 sed
2972 2357 3152 2409 omnia
3181 2356 3322 2425 ligna
3362 2356 3623 2423 imposuit

2056 2450 2184 2512 ﬁlio,
2216 2447 2402 2502 volens
2454 2448 2563 2517 jam
2599 2457 2880 2515 acceptum
2915 2446 3114 2500 habere
3156 2447 3387 2500 donum?
3413 2446 3622 2514 signiti-

2056 2539 2214 2595 cabat
2241 2548 2417 2594 autem
2442 2539 2567 2609 quia
2596 2539 2818 2609 incipiet
2848 2540 3133 2603 immolari,
3164 2536 3621 2607 quemadmodum

2058 2642 2274 2702 portare
2304 2647 2522 2687 crucem
2558 2646 2654 2701 per
2694 2632 3066 2702 semetipsum.
3094 2631 3227 2685 Cum
3268 2640 3445 2684 autem
3494 2644 3623 2698 pro-

2059 2731 2301 2777 moveret
2331 2722 2454 2786 iter,
2494 2730 2549 2776 et
2586 2730 2969 2791 agnosceretur
3010 2720 3207 2774 montis
3236 2734 3523 2783 cacumen,
3565 2727 3623 2773 et

2060 2814 2199 2885 ignis
2244 2814 2296 2867 in
2328 2814 2523 2877 medio,
2563 2822 2613 2867 et
2641 2813 2782 2881 ligna
2825 2811 2877 2865 in
2910 2810 3049 2866 collo
3080 2810 3233 2865 Isaac
3266 2809 3622 2871 haberentur,

2061 2913 2111 2958 et
2137 2903 2345 2975 gladius
2378 2911 2692 2972 appareret;
2738 2900 2890 2956 Isaac
2916 2900 3151 2970 undique
3182 2899 3441 2969 prudens,
3472 2899 3615 2967 quod

2065 2994 2152 3049 alii
2188 2995 2337 3064 pueri
2371 3009 2474 3048 non
2507 2994 2712 3059 dixere,
2746 2994 2848 3048 istc
2881 2992 3110 3062 requirit
3142 3006 3171 3045 a
3221 3000 3391 3059 patre.
3430 2988 3630 3046 Tenta-

2066 3088 2262 3139 tionem
2292 3092 2477 3152 utpote
2512 3098 2674 3152 quam
2717 3083 2952 3137 habebat
2986 3091 3156 3149 pater,
3193 3080 3464 3149 eloquitur
3507 3080 3629 3135 dul-

389 3160 533 3216 enim
568 3161 799 3215 dicere:
846 3160 973 3233 qujd
1011 3158 1171 3214 olfers
1207 3159 1316 3213 Deo
1347 3159 1514 3213 lilium
1570 3175 1675 3214 non
1713 3159 1958 3228 petenti?

2067 3176 2311 3240 cissima,
2346 3186 2439 3229 aut
2472 3176 2650 3244 potius
2690 3174 2822 3228 dura
2871 3186 3021 3227 voce.
3053 3189 3067 3225 :
3097 3172 3268 3242 magis
3301 3180 3482 3226 autem
3516 3185 3624 3224 non

389 3253 512 3321 quis
536 3251 680 3305 enim
704 3259 759 3305 et
780 3260 905 3303 ante
934 3250 1112 3318 ipsum
1129 3249 1401 3316 justorum
1432 3250 1533 3305 hoc
1556 3259 1650 3305 aut
1670 3265 1834 3305 ausus
1856 3259 1979 3316 est...

392 3348 487 3392 aut
512 3346 722 3392 tentare
755 3351 920 3390 ausus
952 3335 1083 3389 est?
1104 3339 1173 3389 ob
1207 3351 1370 3405 quam
1398 3336 1542 3390 enim
1578 3351 1794 3391 causam
1818 3348 1963 3405 petat

398 3426 542 3481 Deus
567 3440 712 3490 eum,
745 3439 904 3498 quem
947 3421 1211 3477 donavit?
1251 3438 1350 3475 cur
1382 3432 1562 3477 autem
1592 3431 1645 3477 et
1673 3422 1964 3477 transferat

398 3519 541 3573 Deus
563 3515 947 3587 promissiones
967 3529 1092 3569 suas
1108 3515 1143 3567 ?‘
1161 3522 1218 3568 ut
1245 3514 1374 3583 quid
1398 3521 1576 3568 autem
1608 3524 1661 3568 et
1684 3514 1862 3578 dedit,
1906 3524 1964 3568 ut

390 3619 447 3665 et
472 3608 722 3676 accipiat,
750 3620 909 3676 quem
947 3605 1208 3659 indulsit?
1242 3605 1352 3659 Hos
1384 3605 1736 3660 rationabiles
1761 3606 1964 3676 cogita-

395 3711 481 3755 tus
507 3703 705 3755 timens
729 3699 1027 3765 Abraham,
1063 3697 1305 3768 praecipit
1335 3698 1518 3768 pueris
1544 3708 1880 3769 exspectare,
1909 3708 1965 3753 et

394 3808 577 3847 secum
627 3807 732 3847 non
775 3796 1102 3855 ascendere,
1140 3804 1207 3843 ne
1245 3790 1369 3859 quis
1411 3790 1480 3843 ob
1528 3804 1763 3845 amorem
1814 3790 1967 3848 Isaac

396 3884 637 3938 mitteret
683 3897 935 3947 manum,
975 3890 1029 3934 et
1079 3880 1474 3934 contatninaret
1517 3880 1983 3938 immolationem-

396 3974 534 4040 Quid
564 3983 742 4027 autem
785 3973 911 4041 quia
941 3980 997 4025 et
1025 3969 1197 4040 ipsam
1234 3969 1448 4033 Saram,
1482 3986 1641 4038 quam
1672 3982 1801 4040 puto
1830 3972 1965 4026 nihil

401 4064 621 4118 latuisse
646 4078 879 4132 unquam
902 4078 1021 4130 quae
1046 4062 1319 4116 Abraham
1356 4061 1661 4130 cogitabat?
1688 4063 1800 4117 haec
1822 4063 1964 4118 enim

398 4154 727 4210 conscientia
756 4155 867 4223 ipsa
898 4154 1167 4207 aestimare
1194 4168 1290 4207 nos
1318 4152 1465 4216 facit,
1493 4167 1613 4220 quae
1643 4152 1695 4205 in
1729 4152 1820 4206 illo
1848 4162 1967 4207 erat

399 4246 669 4317 conjugio.
704 4245 794 4299 Illa
825 4236 984 4315 quam
1026 4245 1156 4299 nihil
1189 4245 1344 4299 latuit
1373 4260 1608 4313 unquam
1645 4260 1763 4313 quae
1789 4245 1963 4300 Abra-

402 4340 525 4392 ham
567 4338 773 4401 l'acere,
810 4346 905 4391 aut
944 4351 1161 4390 movere
1200 4335 1487 4400 voluisset,
1531 4335 1615 4389 vel
1661 4335 1903 4404 cogitare
1948 4355 1981 4393 :,

400 4431 487 4486 illa
516 4431 781 4501 ignoravit
810 4430 937 4501 quia
965 4428 1272 4497 unigenitus
1297 4428 1437 4495 ejus,
1482 4426 1587 4482 illia
1627 4428 1831 4483 sterilis
1854 4429 1967 4482 [τυ-

2067 3276 2274 3322 tantum
2304 3282 2500 3337 grave,
2530 3273 2788 3335 quantum
2816 3264 2992 3318 dulce.
3029 3263 3187 3317 Pater
3212 3263 3378 3328 enim,
3412 3263 3583 3331 inquit
3612 3279 3628 3317 :

2066 3356 2259 3413 suﬂicit
2294 3358 2397 3412 hoc
2423 3358 2486 3410 ad
2517 3354 2837 3410 ﬂectendum
2870 3363 3077 3423 patrem
3123 3372 3138 3409 :
3185 3353 3385 3423 quique
3413 3364 3467 3407 et
3496 3366 3628 3406 con-

2058 3448 2237 3517 jungit
2268 3447 2369 3501 alia
2398 3458 2452 3501 et
2476 3446 2606 3500 dicit
2639 3462 2654 3500 :
2695 3444 2826 3499 Ecce
2865 3445 3023 3515 ignis.
3058 3460 3177 3498 ecce
3219 3446 3384 3514 ligna,
3433 3444 3521 3497 ubi
3555 3452 3631 3497 est

2065 3539 2173 3591 ovis
2218 3537 2631 3605 imsacriﬁcium
2676 3536 2761 3589 '9?
2793 3536 2925 3603 Quis
2971 3536 3110 3590 alius
3158 3545 3425 3605 portasset
3468 3533 3628 3586 istam

2066 3628 2285 3683 vocem?
2334 3627 2410 3680 Ex
2462 3626 2581 3681 aliis
2628 3625 2843 3696 quidem
2896 3626 3202 3680 hominilms
3244 3624 3442 3678 nullus.
3481 3621 3633 3678 Juste

2064 3733 2192 3789 ergo
2238 3718 2379 3772 Deus
2427 3716 2699 3770 Abraham
2750 3714 2957 3770 dilexit.
3006 3713 3399 3768 Adatnantinus
3445 3722 3639 3767 autem

2065 3808 2174 3873 ille,
2220 3806 2477 3879 unigeniti
2526 3805 2608 3861 sui
2659 3805 2909 3877 sagittam
2962 3807 3254 3874 accipiens,
3305 3820 3410 3858 non
3456 3804 3627 3857 tacuit

2066 3898 2267 3965 ferens,
2297 3899 2391 3953 sed
2424 3898 2595 3966 potuit
2617 3896 2781 3964 loqui,
2810 3895 2983 3964 potuit
3008 3896 3352 3965 respondere,
3375 3901 3430 3947 et
3454 3906 3629 3959 neque

2066 3990 2300 4059 linguam
2328 3986 2524 4043 oﬂendi
2557 3986 2806 4042 dentibus
2839 4003 2852 4038 :
2890 3995 3112 4055 potuere
3141 3993 3324 4040 autem
3353 3982 3629 4038 etdentes

2067 4082 2266 4153 aperiri
2296 4090 2351 4135 et
2377 4082 2508 4135 dare
2538 4078 2772 4149 spatium
2807 4079 3003 4148 linguae
3040 4093 3055 4131 :
3094 4078 3187 4131 sed
3222 4090 3321 4130 nec
3356 4076 3493 4129 forte
3525 4074 3627 4128 ista

2068 4175 2249 4228 dicere
2277 4177 2345 4228 de
2372 4173 2462 4226 illo
2488 4172 2691 4225 licitum
2723 4180 2825 4225 est.
2856 4169 2971 4224 Non
2998 4171 3143 4224 enim
3174 4184 3239 4223 ex
3276 4168 3360 4222 his
3388 4182 3507 4236 quze
3532 4180 3630 4219 nos

2069 4265 2501 4335 patimur,.illius
2537 4264 2790 4316 virtutem
2838 4275 3156 4317 accusemus
3193 4276 3207 4314 :
3244 4260 3339 4315 sed
3378 4267 3434 4313 et
3478 4256 3632 4312 laetus

2068 4371 2122 4416 et
2151 4360 2448 4427 exsultans,
2498 4368 2619 4414 erat
2668 4360 2812 4413 enim
2869 4356 3180 4421 Abraham,
3238 4351 3515 4423 respondit
3567 4350 3636 4403 ad

2070 4453 2235 4507 [ilium
2264 4469 2371 4508 non
2403 4454 2692 4513 crudeliter
2722 4467 2899 4521 neque
2922 4452 3233 4510 inhumane,
3266 4446 3359 4500 sed
3388 4444 3637 4508 religiose

400 4533 539 4584 θίυδθ
576 4521 665 4575 me
696 4536 762 4575 ⁸³
794 4521 1064 4593 imperato
1100 4520 1272 4584 ﬁnus’
1310 4522 1395 4576 me
1429 4521 1519 4590 qui
1572 4530 1725 4577 ama
1753 4528 1965 4574 malem
1997 4546 2042 4600 D
2070 4552 2124 4596 et
2152 4543 2237 4611 pie
2268 4560 2282 4596 :
2328 4543 2455 4596 dicit
2479 4543 2623 4596 enim
2665 4543 2729 4596 ad
2782 4520 2949 4596 lilium
2993 4557 3007 4594 :
3050 4541 3300 4593 Dominus
3347 4536 3638 4605 providebit

402 4623 719 4683 procreatus
749 4624 833 4668 est
868 4632 895 4668 ε,
919 4613 1009 4667 illa
1044 4615 1307 4683 ignoravit
1351 4615 1477 4683 quia
1517 4614 1625 4667 Deo
1654 4611 1961 4679 oﬂerretur,

404 4705 490 4774 qui
521 4704 816 4758 donaverat
851 4720 866 4758 :
900 4717 957 4757 ut
988 4718 1091 4757 non
1123 4705 1265 4758 sicut
1297 4703 1585 4771 aliquando
1612 4704 1728 4757 risit
1761 4704 1965 4771 impor-

404 4797 605 4849 tunein
636 4792 991 4863 promissione
1014 4794 1150 4863 ejus,
1173 4804 1227 4848 et
1252 4810 1392 4847 nunc
1421 4795 1644 4863 plorans
1662 4795 1966 4863 importune

405 4886 683 4956 impediret
711 4884 1133 4938 immolationem
1170 4904 1182 4939 :
1219 4884 1311 4937 sed
1350 4885 1511 4937 tacita
1550 4899 1641 4939 res
1679 4895 1764 4939 est
1801 4895 1855 4938 et
1897 4885 1962 4938 ad

406 4977 613 5031 Saram.
651 4975 727 5029 Ita
762 4975 904 5029 enim
938 4973 1144 5027 sciebat
1185 4983 1238 5026 et
1266 4973 1573 5040 Abraham,
1605 4983 1659 5027 et
1685 4984 1808 5027 ante
1851 4990 1965 5028 mu-

406 5069 626 5133 lierem,
679 5077 731 5122 et
772 5068 963 5121 Suram
1013 5065 1394 5134 praehonorare
1452 5066 1541 5118 Dei
1596 5076 1962 5133 prmceptum;

408 5158 610 5213 sciebat
640 5167 902 5213 autemet
934 5167 1055 5211 ante
1099 5155 1431 5225 unigenitum
1477 5173 1633 5210 suum
1659 5196 1674 5221 ,
1719 5172 1841 5212 eum
1871 5160 1964 5227 qni

408 5251 699 5305 donaverat
732 5251 1019 5304 honorare.
1058 5251 1165 5305 Sed
1201 5265 1374 5318 neque
1404 5249 1439 5301 ii
1475 5248 1563 5316 qui
1600 5249 1705 5301 iter
1742 5263 1861 5303 cum
1900 5264 1965 5301 eo

408 5343 672 5411 fecerant,
731 5344 972 5399 sciebant
1023 5346 1378 5417 mysterium,
1435 5345 1527 5398 sed
1581 5356 1966 5399 sacramentum

410 5454 571 5491 neum
591 5481 605 5503 ,
637 5438 828 5506 inquit,
865 5438 1014 5493 mihi.
1043 5438 1247 5492 Tamen
1293 5439 1515 5506 cupiens
1540 5435 1812 5490 Abraham
1843 5452 1968 5491 sua-

411 5530 529 5584 .lore
558 5531 737 5598 pueris
765 5538 827 5584 ut
863 5540 1241 5595 remanerent,
1274 5530 1483 5584 locutus
1523 5539 1606 5584 est
1648 5530 1700 5583 id
1741 5530 1807 5583 ad
1849 5545 1963 5593 eos,

412 5623 544 5692 mod
577 5637 674 5677 nec
704 5621 816 5691 ipse
852 5623 1117 5692 speravit,
1161 5638 1259 5676 nec
1299 5622 1473 5677 sensit
1502 5640 1515 5676 :
1559 5621 1689 5676 dicit
1726 5622 1867 5677 enim
1900 5625 1965 5679 ad

471 5736 515 5767 ³⁷
539 5734 674 5789 Gen.
700 5752 836 5800 χχιι,
860 5737 911 5791 5.
974 5737 1018 5767 ’⁸
1040 5737 1172 5792 Gen.
1200 5753 1335 5802 nn,
1364 5737 1416 5790 7.
1473 5738 1517 5770 ²⁹
1544 5737 1672 5795 ibid.
1693 5740 1746 5796 8.

477 5828 586 5898 βο)
625 5827 864 5899 Negotia.
896 5829 1059 5887 Forte
1091 5835 1313 5901 negotia,
1349 5845 1450 5887 res.

2070 4648 2213 4687 ovem
2236 4632 2497 4701 sacriﬁcio
2528 4648 2646 4697 suo,
2677 4633 2756 4699 [ili
2779 4632 2843 4684 ".
2868 4630 3008 4685 Ecce
3037 4628 3138 4681 alia
3179 4627 3460 4696 prophetia
3481 4664 3497 4689 ,
3523 4640 3639 4693 qua:

2069 4722 2137 4778 ab
2166 4739 2230 4779 eo
2264 4725 2354 4792 qui
2385 4724 2594 4778 locutus
2619 4734 2705 4777 est
2727 4764 2743 4792 ,
2777 4723 3125 4791 ignorabatur
3160 4739 3173 4774 :
3206 4718 3512 4788 oppositum
3546 4732 3643 4769 au-

2072 4822 2176 4867 tem
2204 4823 2321 4867 erat
2346 4813 2487 4882 quod
2514 4813 2609 4877 ait,
2645 4814 2902 4866 Dominus
2927 4811 3217 4881 proeidebit
3248 4826 3390 4864 ovem
3430 4806 3669 4877 sacri/tu.

2071 4907 2151 4957 cio
2183 4922 2299 4969 suo,
2342 4904 2443 4973 ﬁli.
2489 4905 2641 4958 Sicut
2672 4905 2815 4959 enim
2853 4905 2941 4958 ille
2973 4904 3236 4972 incipiens
3264 4916 3511 4955 sermone
3540 4903 3665 4962 ait,,

2070 5009 2219 5067 pater
2244 5013 2263 5052 :
2292 5000 2364 5052 ita
2406 5000 2506 5053 iste
2531 4998 2858 5067 consignans
2890 4998 3133 5061 verbum,
3177 4996 3324 5060 dicit,
3348 4994 3444 5061 ﬁli.
3475 4992 3638 5045 Atidi-

2073 5093 2149 5145 vit
2177 5107 2350 5151 Ovem.
2388 5102 2442 5145 et
2486 5092 2695 5160 accepit
2726 5103 2784 5144 ut
2831 5106 2858 5143 a
2903 5099 3081 5159 patre,
3113 5098 3293 5143 certus
3328 5086 3454 5155 quia
3494 5088 3635 5151 quod

2075 5186 2367 5240 inventum.
2422 5185 2636 5239 interitu
2713 5198 2818 5236 non
2875 5192 3033 5249 erat,
3091 5180 3441 5234 inveniretur:
3498 5176 3635 5231 Cum

2073 5286 2252 5331 autem
2296 5278 2669 5346 pervenissent
2717 5277 2780 5328 ad
2836 5277 3044 5338 locum,
3107 5272 3408 5327 :ediﬁcabat
3467 5272 3642 5323 Abra-

2074 5369 2197 5422 ham
2238 5367 2496 5422 festinans
2528 5369 2715 5431 altarc,
2774 5378 2824 5421 et
2876 5383 2998 5422 cum
3041 5364 3454 5425 construxisset,
3491 5377 3647 5416 men-

2077 5462 2228 5515 tituc.
2274 5463 2338 5514 ad
2390 5462 2554 5515 tilium
2619 5460 2970 5529 promissione
3018 5458 3129 5529 (21)
3195 5471 3316 5525 quae
3381 5469 3475 5525 per
3533 5453 3640 5507 litt-

2073 5567 2231 5621 guam
2274 5551 2449 5606 fuerat
2507 5550 2668 5607 facta.
2705 5566 2810 5605 non
2875 5558 3052 5604 tamen
3110 5559 3229 5602 eam
3287 5562 3406 5617 quae
3438 5547 3487 5598 in
3520 5560 3643 5599 cor-

2074 5649 2141 5702 de
2217 5654 2332 5699 erat
2407 5646 2687 5701 absconsa.
2754 5644 2819 5698 Et
2879 5641 3088 5698 accedit
3153 5647 3308 5711 pater
3370 5637 3655 5694 Abraham.

2146 5830 2253 5895 (il)
2289 5825 2665 5885 Promissionc.
2692 5827 2770 5889 An
2796 5823 3227 5882 uromisaionem?
