4134 6432
470 323 604 379 10⁸79
1136 323 1402 378 EUSEBH
1443 322 1918 378 CJESARIENSIS
1956 323 2104 378 OPP.
2147 322 2325 377 PARS
2362 323 2454 378 IV.
2492 354 2561 362 —
2594 323 3010 380 DOGMATICA.
3570 327 3713 386 {080

468 455 519 501 et
560 443 764 498 accedit
795 445 861 495 ad
887 442 1054 507 Isaac,
1095 453 1150 495 et
1193 443 1321 512 ligat
1357 460 1370 496 :
1407 443 1576 496 filium
1609 444 1880 496 Abraham
1913 443 2034 509 liga-
2069 449 2112 502 Α
2145 445 2365 494 tionem.
2399 441 2619 509 Accepit
2665 441 2940 495 Abraham
2983 443 3279 496 secundum
3327 442 3518 498 filium.
3541 441 3712 502 Putas

469 538 564 597 sit,
591 549 650 588 ut
679 551 775 588 uec
800 535 1084 604 palpitans,
1112 549 1209 587 nec
1232 550 1289 588 se
1319 550 1542 588 movens
1574 537 1808 588 turbaret
1842 537 2036 587 immo-
2145 534 2412 597 tristatus,
2458 533 2585 600 quia
2652 548 2762 586 non
2825 533 3052 601 perfecit
3104 545 3410 603 promptum
3467 538 3708 590 animum

468 627 744 683 lationem.
770 627 905 692 Quo,
939 637 1113 696 putas,
1144 627 1293 680 vultu
1320 628 1644 696 reSpieiebat
1676 629 1838 680 filium
1868 629 2039 680 Abra-
2147 626 2344 677 suum?
2376 625 2469 678 sed
2527 625 2797 678 Abraham
2833 635 2937 686 est,
2984 627 3156 681 nescit
3209 627 3436 683 tristari.
3492 627 3711 695 ignorat

469 721 628 774 ham?
658 721 780 787 quis
811 721 858 773 ei
897 730 1016 774 erat
1058 720 1245 773 color?
1292 721 1742 788 (piemadmodnm
1775 722 1892 774 sine
1923 729 2036 774 tre-
2139 716 2489 784 praescribere
2517 716 2566 768 id
2592 715 2733 782 quod
2777 714 3016 781 gaudens
3048 717 3255 782 accepit
3285 733 3297 768 :
3329 734 3431 770 non
3457 720 3580 786 quia
3601 734 3710 773 non

467 825 617 864 more
658 825 850 864 manus
880 811 1283 878 operabautur?
1322 813 1466 879 quis,
1515 821 1696 880 putas,
1751 821 1876 864 tunc
1922 821 2039 864 erat
2139 809 2352 862 obtulit.
2388 809 2529 862 Deus
2569 807 2844 876 prwcepit,
2892 807 3130 876 gaudens
3177 810 3371 862 obtulit
3406 827 3418 861 :
3453 814 3544 865 sed
3581 812 3709 878 quia

465 897 616 956 {suae
647 902 697 954 in
733 903 815 954 his
845 903 1186 962 constitutus,
1223 913 1408 957 tacens
1467 911 1560 955 aut
1598 902 1858 970 loquens?
1887 903 2040 955 Scriu’
2138 901 2191 954 iu
2220 900 2366 953 nullo
2424 900 2740 954 inobediens
2785 898 2905 954 fuit.
2961 895 3061 952 Ubi
3114 915 3243 968 ergo
3291 909 3375 953 est
3423 901 3711 970 prophetia

464 1004 619 1060 plura
639 995 780 1046 enim
824 995 922 1047 hoc
958 995 1143 1047 tacuit.
1174 995 1336 1048 Putas
1377 995 1500 1064 quia
1533 995 1692 1064 justis
1724 995 1774 1047 in
1807 995 1889 1047 his
1924 1008 2038 1048 ser-
2137 1007 2297 1061 quam
2332 992 2407 1044 ait
2437 991 2738 1052 Abraham,
2786 988 2921 1042 Deus
2976 991 3266 1055 providebit
3309 991 3572 1059 sacriﬁcio
3611 1008 3708 1044 suo

465 1087 714 1139 monibus
753 1101 880 1139 usus
904 1086 1021 1139 est?
1050 1087 1167 1140 Noli
1197 1087 1340 1140 enim
1372 1089 1651 1142 attendere
1687 1089 1731 1141 si
1758 1103 1910 1156 puer,
1942 1088 2035 1141 sed
2137 1085 2318 1138 orent?
2347 1081 2482 1135 Num
2514 1082 2746 1136 otiosum
2779 1082 2882 1134 erit
2932 1081 3135 1134 altare?
3171 1081 3306 1134 Num
3363 1098 3588 1136 vacuum
3627 1093 3711 1138 to-

464 1177 588 1244 quia
625 1179 772 1231 lsaac
803 1188 923 1230 erat
962 1178 1104 1230 filius
1132 1181 1384 1233 Abrahm.
1434 1181 1596 1232 Putas
1645 1195 1752 1232 non
1791 1180 1922 1232 dixit
1969 1179 2034 1232 ad
2138 1183 2248 1228 tum
2280 1173 2420 1242 quod
2450 1174 2646 1225 factum
2686 1174 2806 1227 est?
2830 1173 2964 1239 Quid
2999 1184 3172 1226 autem
3204 1189 3338 1241 opus
3376 1183 3492 1228 erat
3534 1176 3707 1230 videri

464 1277 674 1334 patrem
724 1287 737 1320 :
773 1272 989 1338 quando
1017 1272 1158 1324 Deus
1186 1271 1511 1324 sacrificium
1563 1270 1839 1324 hominum
1874 1271 2034 1337 depo-
2137 1265 2322 1319 ludere
2355 1265 2517 1318 Deum
2537 1264 2565 1317 ἲ
2588 1264 2642 1318 Si
2673 1265 2815 1319 enim
2845 1266 2946 1318 iste
2976 1265 3189 1334 quidem
3218 1280 3320 1317 non
3359 1263 3706 1330 offerebatur,

463 1359 610 1411 scit?
640 1361 768 1428 quid
805 1361 977 1415 facis?
1006 1363 1202 1416 donum
1245 1376 1362 1415 sum
1401 1361 1489 1417 Dei
1536 1380 1549 1416 :
1583 1362 1697 1414 sine
1721 1361 2032 1429 paenitentia
2136 1355 2278 1410 Deus
2316 1367 2490 1409 autem
2540 1358 2797 1425 praecepit
2841 1372 2964 1411 eum
3013 1355 3218 1418 ofi‘erri,
3257 1356 3469 1410 oblatus
3500 1365 3705 1423 autem,

461 1455 590 1499 sunt
618 1463 736 1516 qua:
769 1465 797 1502 a
841 1449 949 1503 Deo
976 1461 1100 1503 sunt
1130 1453 1267 1505 dona
1301 1467 1314 1502 :
1345 1449 1472 1518 quid
1501 1450 1715 1516 spernis
1757 1449 2036 1519 gratiam?
2137 1464 2242 1502 non
2273 1459 2357 1502 est
2383 1449 2591 1502 oblatus
2628 1468 2640 1502 :
2677 1449 2804 1516 quid
2831 1450 3195 1502 necessarium
3225 1459 3338 1502 erat
3369 1448 3419 1501 in
3451 1465 3507 1502 re
3534 1465 3546 1502 :
3577 1449 3710 1515 quid

461 1539 591 1602 quid
619 1554 807 1593 contra
852 1542 1178 1596 voluntatem
1215 1541 1468 1597 donantis
1505 1540 1767 1596 interficis
1795 1542 2035 1594 donum?
2137 1542 2508 1594 necessarium
2562 1541 2728 1594 erat?
2770 1541 3056 1609 Oportebat
3119 1539 3454 1608 przel‘ormari
3494 1538 3706 1594 Novum

464 1630 629 1684 Erant
667 1634 834 1686 multa
861 1650 982 1702 qua:
1034 1635 1364 1688 dicerentur.
1401 1632 1512 1686 Cur
1537 1642 1715 1684 autem
1758 1640 1812 1684 et
1863 1641 2035 1684 mater
2136 1629 2544 1684 Testamentum
2581 1647 2608 1683 a
2636 1629 3109 1697 Veter:-:?etapnd
3133 1629 3344 1684 Judzeos
3375 1631 3589 1697 quidem
3616 1639 3710 1684 aut

463 1739 568 1775 nou
599 1727 849 1793 agnovit?
873 1728 916 1779 si
943 1727 1086 1779 enim
1115 1727 1436 1780 rationabile
1462 1734 1547 1777 est
1572 1724 1713 1791 quod
1743 1723 1823 1787 fit,
1852 1737 1953 1776 cur
1979 1731 2033 1775 et
2069 1785 2104 1793 _
2139 1736 2304 1789 parva
2335 1721 2687 1774 inveniuntur
2722 1721 2821 1775 ista
2853 1731 2945 1773 ant
2971 1723 3166 1774 Otiosa.
3191 1721 3246 1773 Si
3290 1731 3467 1774 autem
3500 1721 3707 1776 Novum

460 1831 488 1865 a
521 1819 690 1868 servis
720 1815 1053 1870 abscondisti
1076 1817 1099 1870 ?
1122 1817 1165 1869 si
1192 1826 1372 1870 autem
1401 1817 1581 1868 ethoc
1625 1814 1741 1868 fieri
1789 1817 2030 1884 deberet,
2068 1785 2110 1840 Β
2139 1813 2378 1865 additum
2438 1811 2599 1866 fuerit
2641 1811 3074 1876 Testamentum,
3105 1822 3159 1865 et
3214 1812 3391 1866 lumen
3448 1813 3711 1867 effulserit

460 1909 714 1984 (Ἧι-11111ιί
746 1909 843 1975 ipsi
880 1909 980 1962 hoc
1014 1909 1188 1977 ipsum
1221 1921 1328 1961 non
1363 1907 1535 1974 palam
1575 1907 1753 1958 facere
1782 1905 2036 1958 voluisti?
2138 1917 2358 1969 verum;
2391 1904 2677 1958 utilissima
2709 1914 2762 1958 et
2811 1920 2915 1957 non
2955 1904 3149 1967 otiosa_
3192 1913 3246 1957 et
3300 1906 3606 1958 necessaria
3654 1912 3711 1959 et

457 2000 892 2067 promissionem,
926 2014 1087 2067 quam
1130 1998 1310 2052 dixisti
1346 1997 1569 2064 exigens
1600 2016 1614 2050 :
1651 1997 1828 2050 dixisti
1863 1997 2030 2062 enim,
2135 2011 2240 2049 non
2262 1995 2526 2065 superflua
2557 1997 2908 2065 apparebunt.
2928 1994 2984 2048 Si
3012 1997 3154 2052 enim
3182 2005 3236 2050 et
3266 1996 3705 2064 interrogaveri-

457 2090 583 2157 qnia
614 2089 755 2142 Deus
782 2106 923 2143 ovem
951 2091 1236 2158 providebit
1263 2090 1528 2158 sacriﬁcio
1552 2106 1648 2143 suo
1676 2105 1696 2143 :
1735 2089 1907 2143 fidelis
1950 2104 2032 2152 es,
2137 2102 2256 2141 mus
2286 2086 2520 2150 Judteos,
2551 2098 2608 2140 ut
2639 2088 2764 2155 quid
2814 2085 3144 2140 offerebatur
3171 2085 3321 2140 Isaac
3358 2087 3448 2154 qui
3492 2104 3595 2140 non
3623 2093 3710 2139 est

456 2180 626 2236 redde
678 2181 912 2236 fructum
967 2181 1122 2244 fidei,
1186 2193 1388 2251 utpote,
1451 2197 1570 2250 quae
1619 2181 1824 2236 dixisti.
1867 2181 2033 2234 Erant
2133 2179 2365 2241 oblatus,
2400 2179 2591 2232 incerti
2622 2187 2747 2232 sunt
2781 2187 2835 2233 et
2871 2179 3261 2247 imprudentes.
3309 2177 3363 2232 Si
3392 2191 3568 2233 autem
3605 2179 3709 2232 Ec-

458 2276 622 2329 anrlta
659 2292 779 2344 qua:
810 2277 1137 2331 dicerentur.
1196 2277 1260 2330 Et
1303 2293 1408 2331 non
1443 2278 1630 2344 utique
1673 2292 1735 2329 ea
1783 2290 1902 2344 qua!
1931 2291 2031 2329 nos
2133 2271 2298 2324 clesia
2334 2273 2529 2326 dixerit
2562 2287 2682 2340 quae
2710 2287 2834 2325 vera
2882 2282 3032 2336 sunt,
3067 2272 3189 2340 quia
3225 2273 3434 2325 oblatus
3464 2281 3548 2324 est
3596 2287 3705 2325 non

455 2365 686 2419 dicimus
721 2386 732 2419 :
760 2366 874 2434 ipsa
903 2366 1115 2420 etiamsi
1152 2383 1256 2420 non
1283 2367 1389 2420 sint
1419 2367 1644 2436 scripta,
1667 2365 1775 2432 jam
1808 2381 1906 2418 nos
1933 2367 2030 2418 ad-
2133 2373 2192 2415 ut
2225 2361 2534 2424 ofl‘errctur,
2565 2363 2657 2417 sed
2693 2373 2751 2415 ut
2779 2374 3062 2430 appareret
3090 2363 3214 2431 quia
3254 2365 3371 2416 ovis
3401 2361 3542 2432 ligno
3569 2376 3710 2432 pen-

453 2457 657 2510 ducnnt
684 2457 750 2510 ad
779 2472 914 2510 rem.
952 2457 1193 2510 Movetur
1223 2458 1364 2510 enim
1399 2472 1597 2512 sensus
1632 2468 2029 2526 consequenter
2135 2454 2296 2508 debat
2327 2470 2423 2523 pro
2450 2456 2687 2521 homine,
2736 2465 2790 2509 ut
2825 2455 3153 2509 liberaretur
3181 2455 3344 2508 homo
3396 2471 3426 2508 a
3482 2463 3655 2508 morte
3685 2471 3704 2510 :

450 2557 512 2600 ut
564 2563 684 2601 sese
730 2550 1000 2616 negotium
1057 2550 1240 2614 habet,
1273 2560 1328 2603 et
1362 2549 1718 2603 advenientes
1751 2564 1945 2604 sensus
1973 2550 2025 2601 in
2132 2565 2236 2602 non
2267 2549 2566 2602 concedunt
2616 2549 2772 2602 nobis
2803 2546 2972 2603 Judaei
3027 2548 3377 2618 magnificare
3415 2557 3567 2602 vetus
3606 2562 3709 2618 per

450 2641 543 2696 illo
573 2652 700 2696 tunc
737 2653 976 2710 tempore
1009 2643 1060 2696 in
1102 2658 1210 2711 quo
1239 2643 1356 2697 hzec
1384 2644 1682 2710 agebantur
1707 2645 2022 2711 cogitemus.
2131 2640 2462 2709 agnitionem
2491 2640 2632 2693 novi.
2662 2638 3117 2708 lnterrogavimus
3143 2641 3285 2692 enim
3304 2655 3418 2702 eos,
3444 2654 3605 2707 quam
3632 2638 3705 2694 ob

450 2729 509 2786 Si
541 2732 712 2785 tacuit
747 2730 924 2794 lsaac,
967 2733 1188 2797 grandis
1221 2731 1512 2784 admiratio
1545 2743 1629 2785 est
1673 2750 1686 2785 :
1735 2734 1779 2784 si
1812 2732 2029 2786 dicebat
2129 2745 2348 2785 causam
2382 2732 2497 2785 hmo
2530 2732 2708 2785 omnia
2765 2731 2964 2785 fiebant
3011 2747 3025 2782 :
3073 2731 3286 2784 oblatus
3321 2748 3423 2783 non
3453 2729 3701 2786 offertur.

450 2821 646 2876 iterum
685 2823 911 2890 aliquid.
943 2824 1046 2876 alia
1079 2823 1389 2877 admiratio.
1424 2825 1892 2890 Quemadmodum
1932 2839 2026 2889 po—
2128 2821 2232 2876 Sed
2266 2823 2465 2886 dicent,
2502 2830 2560 2874 ut
2596 2832 2979 2891 agnosceretur
3013 2823 3287 2876 Abraham
3311 2839 3338 2874 a
3378 2821 3506 2876 Deo.
3538 2820 3700 2876 Late-

449 2917 552 2969 tuit
602 2916 876 2970 sustinere
928 2916 1118 2984 pater?
1171 2915 1439 2983 quomodo
1487 2916 1781 2968 currebant
1834 2931 2026 2970 manus
2127 2915 2219 2968 bat
2245 2915 2386 2968 enim
2415 2929 2536 2967 eum
2577 2925 2629 2968 et
2658 2925 2784 2967 ante
2815 2915 3334 2969 lentationem?Sed
3359 2925 3414 2966 ut
3439 2914 3505 2967 ab
3528 2915 3702 2968 homi-

448 3005 605 3075 ejus?
639 3006 744 3060 Sed
774 3009 889 3060 istae
917 3007 1312 3061 admirationes
1352 3007 1402 3059 iu
1433 3005 1551 3059 aliis
1587 3005 1897 3060 hominibus
1929 3006 2025 3060 ha-
2128 3004 2308 3058 nibus.
2345 3004 2514 3058 Erant
2542 3005 2661 3072 ejus
2689 3015 2743 3060 et
2776 3005 2896 3060 alia:
2922 3007 3250 3059 tentatioues
3272 3007 3517 3075 plurima:
3549 3021 3563 3057 :
3601 3022 3696 3076 pu-

451 3097 649 3152 heutur
681 3117 696 3152 :
735 3099 785 3151 in
817 3098 1090 3152 Abraham
1130 3107 1309 3152 autem
1345 3096 1619 3150 contraria
1643 3105 1764 3149 erat
1789 3095 2022 3149 admirao
2048 3134 2092 3192 ο
2128 3105 2211 3150 tas
2253 3098 2377 3164 quia
2403 3106 2459 3150 ut
2492 3097 2722 3150 sciretur
2770 3099 2900 3151 nihil
2951 3100 3009 3151 fit
3051 3098 3315 3166 amplius?
3351 3107 3411 3151 nt
3462 3099 3695 3152 lucrare-

451 3191 544 3244 tio.
577 3189 727 3244 Finis
753 3199 932 3245 autem
959 3189 1230 3244 sermonis
1263 3205 1277 3241 :
1313 3187 1452 3242 forte
1481 3196 1739 3258 urgentur
1765 3187 2023 3242 uniuscu—
2057 3186 2091 3192 “
2129 3201 2250 3238 mur
2277 3186 2366 3254 qui
2397 3195 2518 3253 post
2554 3187 2666 3240 hmo
2709 3187 2899 3241 Inerati
2947 3189 3172 3242 sumus?
3202 3187 3339 3254 Quid
3389 3203 3525 3256 opus
3580 3197 3695 3242 erat

444 3283 641 3349 jusque
666 3282 879 3336 viscera
915 3299 929 3333 ε
957 3290 1012 3334 et
1051 3282 1192 3350 quod
1225 3289 1309 3334 est
1338 3280 1642 3334 mirandum
1673 3295 1687 3330 :
1720 3279 1850 3348 quia
1887 3279 2022 3334 certi
2126 3276 2266 3330 ove?
2294 3287 2420 3346 puta
2450 3277 2575 3345 quia
2605 3287 2659 3332 et
2701 3294 2802 3333 ove
2831 3298 2843 3332 :
2877 3296 2974 3334 cur
3028 3297 3132 3333 non
3172 3291 3355 3333 taurus
3403 3279 3700 3348 apparuit?

445 3365 513 3427 ex
563 3370 861 3440 Scripturis
891 3387 1011 3440 quze
1054 3372 1164 3425 sint
1212 3379 1354 3432 acta,
1386 3380 1438 3423 et
1477 3371 1600 3439 quis
1647 3370 1810 3425 fuerit
1847 3371 2024 3424 exitus
2124 3383 2224 3422 cur
2284 3385 2387 3421 non
2443 3385 2605 3438 capra
2652 3379 2743 3422 aut
2780 3371 3022 3425 vitulus?
3053 3388 3151 3425 cur
3200 3388 3304 3425 nou
3363 3372 3467 3424 alia
3505 3385 3697 3439 magna

451 3464 789 3532 negotiorum
819 3503 834 3524 ,
894 3473 1149 3530 tanquam
1199 3460 1568 3528 periclitantes
1613 3475 1899 3523 sermone,
1955 3476 2022 3514 ne
2125 3457 2448 3521 immolatio,
2481 3463 2572 3513 sed
2622 3461 2930 3528 ovis?puta
2985 3467 3106 3531 quia
3162 3464 3299 3516 ovis.
3355 3461 3462 3516 Cur
3497 3477 3599 3515 non
3641 3462 3698 3515 in

445 3553 573 3620 quid
600 3551 742 3605 aliud
767 3551 1076 3619 proveniret
1105 3552 1245 3619 quod
1279 3561 1360 3604 est
1389 3551 1674 3620 scriptum,
1705 3551 1774 3604 ita
1800 3551 2018 3606 solliciti
2125 3562 2265 3605 terra
2296 3553 2406 3605 visa
2456 3567 2532 3607 est
2568 3555 2724 3608 ovis?
2778 3574 2876 3610 cur
2907 3573 3012 3610 non
3051 3567 3203 3610 extra
3254 3558 3444 3618 altare,
3489 3565 3579 3609 aut
3640 3555 3692 3608 in

446 3655 659 3696 sumus.
703 3640 981 3706 Completa
1030 3639 1250 3693 fuerunt
1292 3641 1526 3694 Abraha:
1568 3640 1748 3693 omnia
1799 3655 1918 3708 quae
1953 3643 2018 3694 ad
2122 3644 2369 3694 cominus
2399 3646 2868 3712 apparuitaltari?
2907 3647 2960 3701 Si
2991 3648 3207 3716 quidem
3244 3646 3518 3701 hominum
3549 3654 3692 3700 esset

445 3733 788 3788 alacritatem
830 3732 1144 3786 tendebaut.
1175 3731 1400 3800 Ligalus
1431 3732 1499 3786 ab
1539 3747 1604 3787 eo
1645 3731 1820 3786 fuerat
1854 3731 2014 3797 filius,
2123 3731 2436 3786 adinventio
2472 3742 2564 3784 aut
2599 3736 2918 3802 compositio
2973 3736 3038 3790 de
3085 3751 3207 3799 ove,
3236 3737 3520 3805 operlebat
3560 3735 3691 3789 alibi

441 3835 497 3877 et
517 3824 785 3879 exaltatus
813 3824 864 3876 iu
892 3825 1082 3888 altare,
1108 3834 1160 3878 et
1183 3827 1394 3893 positus
1423 3840 1584 3894 supra
1612 3825 1776 3896 ligna,
1801 3835 1857 3880 et
1880 3824 2021 3880 ﬁlius
2123 3821 2378 3877 inveniri.
2411 3822 2466 3876 Si
2500 3834 2677 3879 autem
2712 3825 2852 3880 Deus
2901 3843 2997 3896 pro
3028 3827 3250 3881 homine
3286 3843 3440 3880 ovem
3481 3827 3687 3895 praebe~

443 3920 672 3984 desuper
708 3915 956 3984 alligatus
986 3933 1001 3970 :
1031 3925 1085 3970 et
1113 3926 1266 3984 pater
1301 3915 1457 3969 veldx
1485 3931 1641 3969 manu
1670 3917 1902 3984 gladium
1927 3933 2018 3985 ap-
2120 3915 2230 3976 bal,
2251 3915 2427 3969 subito
2458 3915 2510 3968 in
2544 3917 2659 3985 ipso
2691 3917 2806 3972 loco
2831 3919 3012 3973 debuit
3041 3919 3128 3972 ubi
3149 3930 3266 3973 erat
3295 3918 3466 3986 Isaac,
3493 3921 3543 3972 in
3576 3921 3687 3988 ipsc

441 4006 746 4074 prehendit.
771 4004 888 4070 Quo
908 4016 1130 4073 accepto
1152 4006 1762 4074 pr0perabatoccidere,
1788 4005 2018 4061 noudif-
2119 4005 2312 4065 a—ltare.
2347 4015 2435 4059 aut
2490 4007 2540 4060 in
2582 4019 2742 4072 terra,
2778 4012 3046 4079 autjuxta
3081 4013 3274 4074 altare,
3324 4021 3417 4064 aut
3468 4011 3692 4082 ligatum

442 4096 623 4150 ferens
660 4097 860 4164 quippe
901 4096 1240 4150 alacritatem
1265 4111 1330 4150 ac
1358 4097 1578 4150 domuu.
1610 4097 1937 4151 Eratautem
1963 4107 2019 4152 et
2119 4097 2184 4150 ad
2212 4098 2443 4152 radicem
2487 4100 2716 4154 arboris.
2755 4101 2907 4156 Nunc
2943 4112 3122 4156 autem
3168 4113 3398 4172 apparet
3442 4105 3555 4155 ovis
3601 4117 3693 4154 su-

441 4203 602 4241 manu
639 4197 694 4240 et
725 4188 1006 4241 alacritate
1034 4188 1206 4255 patris
1233 4188 1485 4251 Abrahae,
1512 4188 1602 4241 Dei
1629 4190 1865 4244 velocior
1892 4205 2012 4246 vox.
2118 4203 2340 4257 speusa,
2378 4199 2434 4245 et
2475 4207 2502 4245 a
2539 4193 2818 4257 cornibus,
2854 4206 2907 4249 et
2934 4209 3194 4264 suspensa
3226 4197 3278 4248 in
3314 4197 3530 4248 arbore.
3578 4192 3696 4246 Na-_

436 4280 714 4334 Abraham
742 4280 831 4348 qui
867 4279 1156 4333 alacritate
1179 4290 1553 4346 prmeesserat,
1577 4290 1850 4347 pnecepto
1879 4295 2015 4348 ιιι-ω·-
2119 4289 2237 4335 tura
2278 4292 2458 4338 autem
2485 4285 2947 4354 interpretabatur
2978 4287 3119 4358 quod
3154 4297 3274 4340 erat
3306 4286 3600 4341 occultum.
3630 4284 3690 4338 Si

435 4384 630 4424 ventus
661 4380 743 4424 est
785 4371 899 4426 Dei.
929 4371 1222 4434 Abraham,
1259 4370 1564 4423 Abraham:
1596 4371 1678 4423 bis
1713 4371 1884 4423 utitur
1918 4387 2014 4426 νο-
2117 4373 2240 4442 quis
2269 4374 2414 4428 enim
2449 4379 2796 4444 suspenderit
2831 4393 2988 4433 ovem
3022 4395 3051 4430 a
3087 4377 3346 4433 cornibus
3376 4377 3435 4431 in
3471 4377 3687 4436 arbore,

434 4476 519 4526 ce,
553 4464 681 4532 quia
707 4463 856 4516 etab
889 4463 1047 4516 initio
1075 4463 1327 4531 praecepti
1375 4479 1390 4516 :
1432 4463 1557 4531 quia
1593 4462 1736 4514 enim
1791 4462 1927 4516 forte
1957 4472 2013 4518 et
2042 4471 2089 4529 ο
2117 4463 2170 4517 id
2206 4465 2348 4533 quod
2379 4471 2648 4537 sequitur,
2685 4471 2891 4524 videbit
2919 4469 3060 4538 quod
3093 4480 3212 4524 erat
3263 4469 3526 4524 futurum.
3584 4466 3688 4521 Ne-

436 4554 684 4609 dubitare
713 4556 825 4622 (‘22)
852 4572 865 4607 :
900 4555 993 4610 sed
1023 4555 1287 4624 praevenit
1334 4555 1424 4622 qui
1469 4555 1726 4623 prmcepit
1760 4573 1774 4608 :
1817 4556 2006 4609 eadem
2116 4571 2268 4612 cesse
2284 4561 2427 4613 enim
2455 4571 2536 4615 est
2564 4563 2719 4616 istam
2749 4565 2960 4632 Quaaita
2991 4564 3186 4632 pendet
3208 4564 3258 4616 in
3294 4562 3486 4616 arbore
3505 4577 3684 4624 ovem,

431 4648 603 4700 utitur
624 4661 778 4703 voce.
813 4646 966 4702 Sicut
989 4649 1135 4702 enim
1164 4648 1301 4701 dixit
1335 4656 1514 4710 antea,
1538 4647 1824 4709 Abraham,
1847 4647 2012 4700 Abra-
2114 4661 2393 4719 separatos
2426 4654 2732 4721 expandere
2769 4654 2930 4723 pedes
2962 4656 3202 4723 priores:
3232 4654 3334 4708 hoc
3352 4653 3494 4708 enim
3515 4667 3685 4721 expe-

435 4739 578 4798 ham,
611 4740 790 4802 accipe
805 4739 974 4806 [ilium
1008 4751 1156 4792 tuum
1189 4741 1511 4807 unigenitum
1561 4740 1717 4791 Isaac
1747 4755 1894 4808 quem
1922 4738 2008 4790 di-
2114 4742 2323 4797 ditovis
2356 4758 2475 4812 qua:
2521 4744 2595 4796 ita
2653 4746 3023 4815 suslienditur.
3080 4743 3315 4799 Necesse
3343 4753 3426 4798 est
3453 4744 3596 4797 enim
3629 4752 3690 4801 et

431 4829 606 4880 παῖδα
637 4847 656 4884 :
693 4827 764 4881 ita
793 4836 851 4881 et
873 4831 1019 4892 istic,
1044 4829 1332 4893 Abraham,
1366 4828 1654 4880 Abraham.
1710 4828 1826 4897 ipse
1858 4830 2004 4882 enim
2114 4835 2354 4904 separari
2381 4834 2496 4903 ejus
2524 4836 2613 4905 qui
2663 4837 2913 4890 deorsum
2951 4845 3076 4890 sunt
3115 4837 3305 4905 pedes.
3347 4834 3481 4890 Cum
3519 4835 3684 4902 igitur

429 4920 519 4985 qui
551 4919 637 4972 iila
667 4919 944 4988 praecepit,
975 4929 1027 4972 et
1063 4934 1206 4972 nunc
1254 4919 1524 4988 loquitur,
1577 4931 1632 4973 et
1683 4920 1836 4980 dicit,
1875 4917 2004 4972 Noli

2111 4929 2230 4982 ovis
2257 4942 2528 4998 suspensa:
2556 4929 2607 4981 in
2636 4927 2802 4996 ligno,
2837 4938 2892 4981 et
2917 4930 2967 4982 in
3000 4929 3190 4983 arbore
3209 4943 3458 4997 expansa:
3486 4927 3684 4982 fuerint

426 5013 729 5081 contingere
749 5011 920 5078 ﬁlium
950 5022 1097 5062 tuum
1129 5011 1174 5042 ³ο
1203 5027 1219 5064 :
1259 5011 1431 5063 habeo
1460 5013 1681 5075 donum,
1707 5012 1844 5065 habe
1867 5023 1919 5065 et.
1949 5021 2002 5063 tu
2115 5033 2306 5070 manus
2331 5029 2385 5071 et
2419 5017 2605 5087 pedes,
2653 5032 2828 5086 neque
2857 5017 3309 5086 interpretatione
3355 5018 3596 5086 indigent
3626 5015 3681 5071 hi

428 5103 616 5156 filium.
651 5103 903 5157 Secundo
928 5102 1021 5155 tibi
1045 5113 1100 5156 et
1128 5102 1231 5156 hoc
1257 5117 1452 5155 munus
1483 5103 1642 5156 dono.
1677 5101 1883 5157 Efl‘ulsit
1913 5111 2000 5155 tua
2111 5109 2200 5176 qui
2238 5109 2436 5162 habent
2473 5107 2659 5161 oculos
2691 5109 2909 5163 mentis.
2945 5107 3052 5162 Sed
3082 5109 3205 5177 quis
3232 5107 3423 5175 estqui
3461 5105 3680 5172 pericli-

424 5197 690 5260 'charitas,
719 5196 901 5264 agnita
931 5205 1015 5250 est
1046 5195 1180 5248 fides
1212 5204 1324 5247 tua.
1364 5193 1530 5246 Erunt
1587 5196 1686 5248 ista
1721 5211 1841 5263 quae
1890 5211 1918 5247 a
1952 5205 2001 5250 te
2113 5201 2327 5254 labatur
2346 5200 2553 5254 occidi?
2608 5200 2789 5255 homo.
2853 5199 2989 5266 Quid
3023 5210 3106 5254 est
3134 5199 3273 5267 quod
3323 5214 3417 5268 pro
3464 5198 3679 5251 homine

426 5300 546 5344 acta
584 5302 732 5353 sunt,
796 5291 1105 5345 adhortatio
1143 5305 1332 5343 eorum
1367 5289 1457 5358 qui
1490 5300 1612 5358 post
1659 5288 1824 5343 futuri
1874 5302 2000 5343 sunt
2107 5291 2526 5346 immolabatur?
2575 5292 2692 5347 ovis
2721 5306 2982 5360 suspensa
3028 5291 3079 5343 in
3115 5290 3278 5358 ligno.
3309 5289 3586 5358 Tanquam
3630 5287 3674 5341 si

429 5392 499 5433 te.
539 5380 926 5434 Decantabitur
962 5381 1012 5434 id
1039 5381 1184 5448 quod
1224 5378 1421 5444 fecisti,
1461 5379 1511 5431 in
1541 5382 1825 5449 progenies
1853 5379 2000 5434 futu-
2110 5383 2311 5436 diceret
2341 5382 2483 5438 Deus
2512 5383 2578 5436 ad
2609 5382 2880 5437 Abraham
2915 5380 3065 5434 :Non
3099 5389 3221 5433 tuus
3249 5379 3554 5449 unigenitus
3583 5390 3678 5429 ne-

426 5487 533 5524 ras.
572 5470 752 5525 [labes
784 5471 1016 5524 fructum
1043 5471 1186 5532 fidei,
1228 5471 1396 5524 habes
1427 5480 1483 5524 et
1507 5469 1739 5525 fructum
1773 5473 1996 5536 ventris,
2107 5475 2381 5528 cessarius
2419 5492 2432 5527 :
2465 5475 2554 5528 sed
2585 5483 2765 5528 currat
2799 5473 3016 5543 quidem
3054 5471 3224 5526 forma
3254 5487 3347 5539 per
3372 5482 3677 5532 tunm,ser—

422 5561 594 5616 habes
621 5572 674 5614 et
699 5562 901 5617 sterilis
931 5563 1122 5628 filium,
1156 5563 1321 5617 habes
1351 5571 1407 5616 et
1433 5577 1499 5616 ex
1531 5563 1700 5617 altare
1750 5562 1995 5617 immola-
2109 5575 2266 5619 vetur
2295 5577 2474 5622 autem
2514 5581 2635 5621 meo
2661 5565 2948 5636 Unigeuito
2981 5566 3121 5632 qttod
3147 5563 3224 5616 fit.
3253 5561 3328 5617 ita
3358 5563 3478 5618 ovis
3509 5575 3675 5631 appa-

494 5658 540 5690 ³⁰
575 5657 716 5713 Gen.
751 5675 885 5723 xxn,
916 5661 1002 5714 19..

647 5752 917 5805 Dubitare.
960 5753 1115 5807 Forte
1142 5757 1425 5807 dubitaret.
