4134 6410
373 346 509 409 1081

1476 342 1563 396 DE
1605 339 2206 397 RESURRECTlONE.
2245 372 2315 382 --
2353 339 2481 395 LIB.
2524 338 2567 396 Ι.

3450 328 3587 386 108⁵2

346 464 453 518 ruit
487 475 587 529 pro
619 461 861 522 homine,
893 468 945 514 et
980 460 1083 516 hoc
1123 460 1175 514 in
1209 461 1374 531 ligno,
1418 470 1473 514 et
1508 461 1609 514 ltuc
1638 475 1920 527 suspensa,
1956 463 1997 516 Α
2029 468 2204 509 autem
2236 456 2439 511 electus
2470 456 2558 510 ille
2590 463 2645 509 et
2680 454 2768 523 qui
2815 462 2939 507 ante
2981 450 3123 505 Esau
3155 448 3330 504 fat-tus
3366 456 3470 512 est,
3501 450 3585 501 vi-

344 555 527 608 ethoc
553 556 707 622 cujus
731 554 1004 607 laeserunt
1040 571 1228 607 manus
1270 565 1325 607 et
1378 555 1539 622 pedes
1572 564 1829 621 tanquam
1864 554 1915 605 in

346 662 512 700 cruce
550 663 561 697 :
589 655 644 699 et
674 647 950 714 prophetia
994 648 1226 699 Abrahre
1258 646 1486 699 efﬁcitur
1519 646 1735 713 duplex.
1768 642 1919 709 Quod

347 740 491 793 enim
525 737 620 802 ait,
666 737 806 791 Deus
842 740 1123 804 providebit
1168 755 1307 791 orem
1354 738 1638 804 sacriﬁcio,
1687 736 1764 803 [ili
1805 752 1822 788 :
1870 742 1924 788 et

353 842 479 884 tunc
509 832 636 898 quid
666 832 986 897 completum
1012 842 1095 882 C>l
1126 831 1175 882 in
1206 830 1626 897 t-Omparatione,
1668 828 1921 881 servaba-

355 932 442 973 tur
467 931 645 974 autem
677 922 726 973 in
758 920 1010 991 mysterio
1047 920 1278 972 vt-ritati.
1310 920 1445 984 Quid
1484 919 1643 988 igitur
1687 917 1787 971 sibi
1816 915 1926 967 vult

353 1012 459 1067 iste
489 1029 669 1066 sermo
700 1014 981 1065 incurrens
1010 1012 1298 1065 ostemlere
1341 1011 1463 1079 quia
1509 1010 1781 1062 Abraham
1814 1003 1923 1076 (25)

362 1111 529 1155 totam
571 1118 721 1156 suam
760 1103 921 1154 vitam
953 1102 1208 1169 transegit
1252 1102 1301 1153 in
1346 1101 1626 1171 angustiis,
1661 1100 1713 1153 in
1752 1109 1929 1152 tenta-

357 1191 615 1255 tionibus,
650 1193 699 1245 iu
727 1192 1022 1246 doloribus.
1054 1192 1108 1244 Si
1132 1192 1274 1245 enim
1308 1193 1355 1244 in
1387 1194 1487 1245 ista
1520 1193 1624 1244 vita
1652 1207 1798 1259 spem
1836 1190 1930 1243 ha-

357 1287 534 1345 beret,
571 1284 851 1336 fraudatus
889 1296 1030 1337 esset
1062 1300 1090 1336 a
1143 1299 1257 1353 Spe.
1308 1284 1439 1337 Cum
1496 1284 1657 1353 igitur
1716 1282 1928 1350 gloriati

357 1376 564 1429 fuerint
592 1374 760 1428 Judaei
812 1375 863 1428 in
911 1376 1206 1437 Abraham,
1240 1375 1613 1428 necessitatem
1659 1360 1931 1426 habebunt

357 1480 413 1521 et
450 1468 896 1521 resurrectionem
920 1468 1182 1520 confiteri.
1215 1466 1326 1520 Hoc
1352 1467 1416 1518 ad
1447 1466 1585 1518 illam
1615 1465 1933 1518 Saddncmo-

360 1574 483 1611 rum
532 1568 766 1626 partem,
816 1556 903 1623 qtti
961 1565 1160 1625 negant
1212 1570 1434 1624 prorsus
1480 1554 1931 1606 resurrectionem

361 1649 619 1711 futuram,
651 1660 797 1702 recte
823 1648 1115 1701 diceretur.
1144 1647 1277 1713 Quia
1308 1656 1484 1700 autem
1517 1644 1618 1697 alia
1659 1659 1804 1713 pars,
1833 1644 1936 1695 hoc

359 1751 444 1794 est
493 1740 908 1802 Pharisreornm,
949 1739 1399 1793 resurrectionem
1445 1736 1663 1805 quidem
1710 1735 1935 1789 confitc-

361 1840 473 1897 tur,
510 1832 961 1885 resurrectionem
992 1841 1171 1884 autem
1207 1830 1366 1883 talem
1414 1828 1547 1882 dicit
1592 1826 1847 1888 futuram,
1879 1833 1935 1877 ιιι
1968 1807 2009 1865 Β
2044 1834 2232 1888 Dicant
2259 1828 2424 1898 igitur
2452 1828 2607 1881 nobis
2634 1822 2801 1878 Jndzei
2848 1842 2859 1876 :

365 1924 558 1978 iterum
589 1926 941 1975 mamlucetur
975 1931 1028 1974 et
1060 1921 1293 1984 bibatur,
1342 1929 1395 1972 et
1421 1917 1684 1986 conjugiis
1724 1924 1935 1981 utatur;

362 2024 424 2068 ut
460 2030 526 2067 ne
548 2014 762 2083 quidem
793 2024 1134 2081 resurgentes
1181 2021 1397 2066 cessent
1443 2011 1832 2064 manducantes
1884 2017 1939 2062 et

365 2107 631 2171 bibentes,
655 2114 707 2157 et
738 2106 1001 2174 conjngiis
1024 2120 1082 2158 se
1114 2105 1503 2175 conjungentes
1531 2122 1542 2156 :
1578 2114 1766 2156 venter
1792 2102 1935 2156 enim

366 2198 537 2264 magis
558 2204 681 2251 sunt
703 2213 861 2266 quam
895 2197 1159 2249 homines.
1204 2196 1265 2249 Et
1296 2196 1433 2248 sicut
1459 2196 1674 2264 quidam
1704 2194 1939 2246 morien-

369 2290 501 2342 tium
529 2290 617 2355 qui
654 2298 779 2341 ante
831 2287 980 2341 fuere
1016 2288 1066 2340 iu
1118 2287 1328 2341 deliciis
1384 2286 1703 2348 viventium,
1742 2292 1938 2353 putant

369 2392 491 2431 esse
525 2376 777 2429 fraudare
803 2375 915 2444 (‘24)
943 2377 1043 2429 ista
1074 2377 1180 2429 vita
1217 2377 1267 2429 in
1305 2386 1495 2440 morte,
1527 2376 1579 2429 in
1621 2390 1939 2428 monumen-

371 2468 467 2529 tis,
495 2477 549 2521 et
578 2469 720 2520 circa
751 2468 945 2537 januas
979 2469 1349 2537 sepulcrorum
1406 2469 1725 2536 semetipsos
1753 2467 1929 2536 depin-

370 2568 521 2628 gunt,
552 2568 605 2612 et
631 2558 714 2609 vel
748 2560 798 2611 in
831 2560 1169 2629 imaginibus,
1201 2571 1255 2613 et
1305 2570 1425 2629 post
1452 2569 1680 2613 mortem
1714 2558 1941 2612 mandu-

370 2659 533 2704 eant:
566 2649 640 2702 ita
676 2660 729 2704 et
754 2649 1062 2705 Judworum
1115 2651 1372 2705 Pharisaei
1400 2651 1586 2705 volunt
1615 2661 1665 2704 et
1698 2658 1819 2719 post
1859 2663 1942 2701 re-

370 2742 763 2796 surrectionem
796 2751 1046 2811 tanquam
1069 2741 1265 2813 depicti
1298 2744 1492 2796 iterum
1540 2743 1865 2794 manducare
1891 2749 1944 2793 et

372 2833 584 2900 bibere,
619 2843 671 2887 et
700 2835 825 2887 nubi
859 2845 911 2888 et
940 2835 1163 2889 nubere.
1219 2834 1562 2889 lit-cutnbnnt
1605 2835 1747 2886 enim
1778 2841 1831 2885 et
1859 2832 1943 2899 pi-

371 2926 541 2980 cturis
576 2927 714 2994 apud
766 2927 1093 2990 istiusmodi,
1120 2936 1172 2981 et
1203 2927 1456 2981 meliores
1510 2942 1619 2979 suae
1669 2925 1803 2995 (25).
1838 2923 1945 2978 Nos

371 3028 549 3072 autem
583 3020 937 3088 pratsiliamns
961 3020 1028 3073 ad
1079 3020 1131 3073 id
1183 3021 1324 3089 quod
1372 3035 1556 3073 verum
1583 3030 1683 3072 est.
1713 3018 1768 3071 Si
1803 3019 1946 3073 enim

379 3111 500 3165 talis
547 3121 692 3165 esset
720 3113 1068 3175 resurrectio,
1098 3127 1484 3166 excusaremus
1520 3112 1706 3180 utique
1760 3126 1945 3164 resur-

372 3218 519 3272 gere.
570 3202 767 3258 lterum
816 3207 958 3258 enim
991 3220 1305 3274 exsurgere,
1343 3214 1398 3259 et
1438 3218 1596 3257 arare
1626 3213 1681 3257 et
1720 3212 1940 3267 metere,
1970 3176 2012 3234 (δ

371 3296 564 3349 iterum
599 3296 924 3349 manducare
952 3305 1007 3349 et
1046 3297 1251 3357 bibere,
1291 3297 1485 3348 iterum
1515 3294 1737 3363 spoliari
1774 3303 1825 3346 3t
1852 3308 1945 3345 ve-

369 3387 513 3451 stiri,
548 3386 741 3439 iterum
779 3386 1017 3440 dormire
1063 3397 1115 3439 et
1168 3388 1415 3455 vigilare.
1465 3386 1568 3439 Sed
1604 3387 1945 3437 advertatnus

367 3477 498 3545 quid
517 3478 655 3531 dicat
682 3476 993 3544 Apostolus:
1019 3477 1142 3531 Siin
1169 3480 1266 3531 ista
1293 3478 1395 3530 rita
1420 3493 1556 3544 spem
1573 3477 1875 3527 haberemus
1894 3478 1945 3527 in

371 3567 602 3633 Christo,
628 3570 1031 3622 miserabiliores
1054 3568 1293 3621 omnibus
1318 3568 1614 3621 hominibus
1630 3564 1943 3620 essemus".

376 3658 433 3714 Si
464 3660 607 3714 enim
641 3661 709 3713 ita
738 3662 923 3715 statuit
949 3661 1087 3713 Deus
1118 3668 1179 3712 ut
1203 3659 1253 3712 in
1281 3660 1410 3728 ipsis
1437 3661 1631 3712 iterum
1666 3657 1855 3721 simus,
1890 3663 1949 3709 ιιι

374 3752 502 3821 quid
529 3766 627 3805 uos
650 3761 702 3804 et
731 3751 1009 3821 quiescere
1036 3750 1200 3806 facit?
1253 3750 1365 3805 Hoc
1416 3750 1558 3805 enim
1609 3749 1841 3802 ludentis
1866 3755 1950 3801 est

375 3844 577 3910 potius,
609 3844 904 3898 concedere
939 3844 1096 3907 mori,
1135 3854 1188 3897 et
1218 3843 1413 3897 iterum
1446 3842 1511 3895 ad
1557 3842 1726 3910 ipsam
1767 3855 1951 3893 resur-

375 3948 503 4002 gere
534 3935 719 3988 vitam.
782 3934 836 3987 Si
881 3936 1026 3987 enim
1072 3935 1143 3987 ita
1195 3949 1620 4002 resurgeremus,
1667 3933 1949 3999 oportebat

375 4027 650 4080 Abraham
682 4035 740 4079 ut
780 4042 882 4079 non
921 4026 1192 4079 amitteret
1222 4041 1341 4095 qua:
1373 4025 1458 4078 hic
1498 4034 1643 4087 sunt,
1677 4023 1787 4089 jam
1825 4039 1950 4093 per-

377 4117 485 4172 frui
516 4133 577 4173 ea
613 4135 732 4187 qua:
770 4127 913 4172 esset
941 4119 992 4172 in
1030 4118 1480 4172 resurrectionem
1510 4126 1853 4185 accepturus.
1892 4115 1948 4170 Si

381 4211 527 4263 enim
568 4227 691 4264 cum
722 4211 999 4280 voluptate
1051 4211 1235 4265 bibere
1261 4220 1313 4262 et
1346 4209 1551 4277 epulari
1580 4210 1687 4261 vita
1739 4217 1856 4272 est;
1893 4207 1947 4260 in

379 4316 702 4372 quacunque
734 4303 862 4356 hora
891 4318 994 4356 non
1013 4318 1132 4356 cum
1154 4301 1424 4371 voluptate
1449 4302 1704 4366 bibimus,
1732 4298 1951 4353 frauda-

382 4411 564 4449 remns
594 4412 620 4448 a
649 4399 777 4449 vita.
804 4395 909 4450 Sed
946 4411 1070 4449 vere
1092 4393 1395 4449 Judmorum
1427 4405 1599 4447 venter
1620 4405 1691 4446 est
1726 4378 1853 4445 deus
1882 4391 1948 4455 θ’,

378 4487 517 4540 sicut
549 4486 681 4539 dicit
726 4486 941 4549 Paulus,
975 4486 1067 4556 qui
1101 4496 1188 4541 est
1234 4502 1298 4539 ex
1343 4485 1562 4549 .ludteis,
1600 4487 1687 4554 qni
1737 4485 1952 4538 Judaeos

379 4579 595 4645 quidem
640 4594 833 4646 passus
879 4595 984 4632 non
1019 4589 1121 4640 est,
1155 4580 1366 4632 veritati
1398 4571 1560 4633 'euim
1624 4577 1854 4630 credidit
1898 4577 1950 4629 in

378 4668 615 4723 Christo.
642 4671 779 4735 Quid
819 4680 998 4723 autem
1029 4672 1204 4724 dicent
1236 4669 1388 4724 nobis
1439 4680 1495 4724 et
1537 4671 1596 4723 de
1641 4669 1811 4729 Isaac,
1859 4668 1949 4736 qui

372 4760 486 4828 jam
518 4762 750 4816 habebat
778 4762 1016 4817 dolorem
1049 4762 1471 4816 immolationis?
1521 4761 1721 4814 llabnit
1766 4769 1948 4813 autem

372 4865 433 4929 et
463 4864 582 4921 post
608 4858 720 4911 hzec
742 4857 958 4910 easdem
995 4856 1138 4924 ipsas
1167 4856 1561 4914 tribulationes.
1597 4869 1732 4923 quas
1767 4863 1820 4907 et
1855 4869 1950 4921 pa-

384 4959 490 5005 ter.
521 4949 779 5020 Coujugis
808 4954 1025 5018 inquam
1051 4964 1181 5013 suze,
1208 4964 1328 5017 qua:
1359 4962 1549 5017 parere
1582 4964 1684 5001 non
1718 4954 1948 5014 poterat,

386 5046 699 5112 nuptiarum
736 5058 1043 5107 mterorem,
1088 5043 1550 5096 commanentium
1587 5041 1950 5107 deceptiones,

384 5133 603 5190 fraudes
628 5136 894 5191 laborum.
921 5135 1043 5191 lltec
1072 5126 1237 5188 donat
1270 5134 1410 5188 Deus
1440 5134 1572 5197 suis,
1603 5133 1837 5196 dolores,
1869 5134 1959 5188 tri-

382 5224 711 5291 bulationes,
745 5227 1039 5295 angustias.
1072 5224 1127 5278 Si
1159 5224 1299 5279 Deus
1332 5226 1445 5278 bch
1484 5224 1768 5291 promisit:
1793 5223 1959 5279 Jacob

2023 551 2156 619 ginti
2192 559 2245 604 et
2294 565 2458 601 unmn
2515 563 2684 601 annos
2753 545 2962 608 serviit,
3012 554 3136 597 tunc
3188 541 3427 596 maxime
3459 554 3586 592 cum

2025 642 2384 696 adolescentia
2421 640 2468 693 ei
2500 640 2663 692 dabat
2689 638 2891 707 epulari
2925 656 2939 690 :
2980 645 3035 689 et
3079 636 3132 688 in
3189 632 3426 703 paternis
3457 632 3587 684 dum

2025 744 2224 802 ageret,
2258 742 2541 801 suspectus
2577 739 2689 783 erat
2725 745 2789 783 ne
2823 730 3163 784 occideretur
3199 742 3227 779 a
3266 725 3434 779 fratre
3468 737 3484 775 :
3537 729 3595 777 et

2027 826 2079 878 in
2114 826 2284 879 soceri
2318 825 2475 878 domn
2507 839 2697 876 servus
2752 838 2765 873 :
2814 823 2865 875 in
2920 822 3113 874 itinere
3148 828 3323 872 autem
3358 816 3588 884 lapidem

2027 922 2177 987 ponit
2208 918 2307 971 sub
2337 917 2513 983 capite.
2567 932 2684 978 suo,
2716 924 2770 969 et
2814 929 2935 967 cum
2979 913 3127 982 virga
3168 914 3279 965 sola
3333 908 3593 963 ambulat.

2027 1008 2151 1062 llam
2178 1008 2476 1060 nuditatem
2506 1005 2722 1073 quidem
2755 1004 3061 1072 significant
3103 1003 3271 1068 ipsius
3300 998 3534 1053 hominis
3573 1012 3589 1049 :

2029 1108 2371 1153 sacramenta
2400 1109 2576 1149 autent
2624 1112 2743 1164 qua:
2783 1110 2875 1163 per
2902 1093 3065 1148 Jacob
3106 1094 3327 1154 fiebant,
3386 1099 3593 1159 petram

2030 1199 2437 1259 supportantetn
2466 1196 2629 1256 caput
2661 1185 2807 1252 ejus,
2835 1186 2926 1255 qtti
2970 1184 3396 1253 persecutionem
3428 1180 3597 1248 patie-

2032 1281 2229 1332 batur:
2268 1287 2323 1331 et
2355 1277 2502 1345 virga
2540 1280 2592 1329 in
2628 1291 2786 1329 manu
2820 1275 3114 1329 ostendens
3164 1273 3303 1325 viam
3353 1269 3596 1338 fugienti.

2034 1378 2142 1441 Ego
2167 1387 2296 1428 sane
2327 1370 2501 1425 audivi
2531 1369 2695 1424 Jacob
2722 1371 3010 1434 dicentem,
3033 1368 3152 1435 quia
3175 1381 3263 1433 per
3288 1365 3423 1417 diem
3446 1380 3600 1415 com-

2032 1467 2139 1520 edit
2179 1480 2295 1517 eum
2336 1463 2494 1514 ardor
2529 1460 2693 1518 solis;
2733 1467 2783 1511 et
2829 1460 2994 1526 frigus
3042 1472 3242 1518 semper
3280 1471 3370 1518 per
3400 1461 3601 1505 noctem

2034 1557 2195 1609 sensit
2228 1555 2292 1608 ³³.
2332 1554 2385 1606 Si
2438 1554 2536 1605 ista
2597 1551 2877 1605 beatitudo
2911 1558 3012 1614 est,
3050 1548 3203 1601 valde
3235 1546 3418 1599 odibat
3467 1544 3603 1597 Deus

2035 1646 2226 1709 Jacob,
2262 1645 2399 1697 Esau
2453 1649 2570 1694 erat
2625 1649 2806 1692 autem
2864 1639 2916 1691 in
2977 1636 3200 1689 deliciis.
3254 1633 3425 1687 Audio
3478 1642 3603 1684 sane

2039 1741 2205 1791 Deum
2231 1736 2495 1790 dicentem
2532 1729 2736 1785 :Jucob
2765 1730 2948 1789 dilexi,
2987 1726 3127 1779 Esau
3169 1735 3339 1776 autem
3378 1722 3513 1775 ori-.vi
3537 1721 3605 1773 ".

2900 1820 2945 1873 si
2996 1820 3097 1871 iste
3125 1827 3207 1871 est
3237 1816 3442 1869 fructus
3481 1827 3579 1881 pro

2043 1921 2340 1983 missionis,
2378 1922 2421 1974 si
2453 1920 2552 1973 ista
2595 1926 2679 1971 est
2703 1928 2843 1982 spes,
2880 1928 3007 1965 num
3036 1911 3154 1965 odit
3185 1909 3323 1961 Deus
3348 1905 3515 1960 Jacob
3546 1905 3609 1959 de

2040 2032 2149 2086 quo
2191 2017 2343 2080 dicit,
2377 2014 2504 2083 quia
2554 2008 2757 2063 dilexi?
2788 2005 2891 2059 Sed
2945 2015 3073 2058 tunc
3116 2018 3237 2056 cum
3281 2001 3536 2054 liberatus
3582 2011 3612 2053 ο

2042 2107 2305 2163 servitute
2334 2112 2501 2167 esset,
2532 2113 2709 2153 nonne
2764 2095 2898 2166 fugit
2925 2104 2981 2147 ut
3012 2090 3351 2148 salvaretur?
3381 2087 3613 2158 FugientI

2043 2208 2222 2251 autem
2264 2211 2366 2248 non
2394 2202 2477 2247 est
2516 2189 2965 2259 comprehensus,
3016 2195 3072 2240 et
3115 2184 3167 2239 iu
3209 2183 3399 2236 timore
3431 2177 3614 2234 stetit?

2044 2288 2149 2343 Sed
2179 2287 2392 2357 fugiens
2427 2285 2800 2350 insequentem
2835 2294 2893 2333 se
2919 2292 3165 2333 socerum
3206 2287 3381 2328 nonne
3415 2284 3615 2324 occur-

2046 2382 2114 2434 rit
2141 2380 2288 2433 fratri
2319 2376 2459 2431 suo?
2494 2388 2673 2428 nonne
2725 2372 2888 2426 timor
2935 2370 3114 2423 timori
3149 2362 3449 2419 successit?
3508 2360 3616 2415 Sed

2044 2474 2168 2542 quia
2199 2472 2457 2523 liberatus
2476 2476 2530 2519 et
2552 2464 2617 2517 ab
2654 2464 2755 2515 isto
2782 2470 2902 2516 est:
2932 2472 3109 2513 nonne
3142 2456 3331 2508 habuit
3371 2455 3422 2505 in
3457 2464 3618 2506 sene-

2045 2541 2191 2619 ctute
2221 2563 2340 2616 sine
2364 2557 2731 2611 consolatione
2757 2550 3029 2605 dolorem?
3058 2546 3254 2600 Habuit
3282 2544 3423 2599 enim
3451 2541 3619 2596 Jaeob

2058 2667 2111 2711 et
2145 2655 2306 2708 alium
2334 2650 2503 2703 Isaac.
2539 2646 2758 2710 Habuit,
2792 2645 3033 2712 inquam,
3065 2638 3287 2705 Josepb,
3346 2634 3496 2688 illum
3527 2634 3620 2685 bo-

2049 2759 2177 2798 num
2224 2750 2278 2796 et
2328 2739 2581 2793 dilectum
2622 2735 2747 2800 sibi,
2802 2733 2996 2785 bonam
3053 2726 3363 2798 progeniem
3421 2736 3620 2777 suam:

2050 2845 2294 2884 amarum
2325 2837 2505 2880 autem
2538 2825 2606 2877 de
2634 2838 2698 2876 eo
2724 2821 2987 2875 dolorem.
3022 2818 3087 2871 Et
3115 2815 3302 2871 habuit
3330 2812 3543 2882 quando
3570 2818 3623 2865 et

2050 2922 2254 2976 Sterilis
2289 2930 2408 2973 erat
2440 2929 2494 2971 et
2535 2917 2696 2969 istius
2728 2923 2928 2975 mater,
2954 2922 3009 2964 et
3032 2908 3202 2961 Jaeoh
3239 2922 3342 2959 non
3374 2905 3625 2957 cessabat

2055 3014 2282 3067 orando.
2308 3010 2427 3066 Jam
2466 3016 2648 3062 autem
2673 3015 2729 3059 et
2766 3006 2817 3057 in
2843 3001 3193 3073 opprobrium
3222 3007 3358 3051 erat.
3392 2996 3626 3050 Dellebat

2056 3107 2198 3160 eniut
2237 3104 2456 3166 sterilis,
2493 3111 2547 3155 et
2572 3100 2785 3153 dicebat
2816 3097 2881 3149 ad
2907 3097 3080 3147 virum
3119 3109 3132 3144 :
3167 3092 3245 3144 Da
3282 3088 3408 3141 mihi
3437 3085 3629 3156 ﬁlium,

2056 3206 2147 3249 aut
2179 3196 2378 3247 moriar
2404 3193 2470 3246 ³⁸,
2513 3192 2682 3245 Soror
2712 3195 3026 3256 exaggerat.
3061 3184 3286 3239 Ancillae
3333 3179 3629 3242 habebant,

2054 3300 2109 3341 et
2137 3289 2303 3341 libera
2357 3302 2462 3339 non
2509 3284 2762 3338 habebat.
2805 3281 2985 3343 Dolor,
3018 3279 3274 3348 gemitus,
3326 3284 3379 3327 et
3411 3270 3631 3326 tristitia

2054 3388 2171 3434 erat
2203 3379 2415 3433 iisdem.
2448 3376 2552 3429 Sed
2584 3375 2841 3428 misertus
2865 3380 2947 3424 est
2972 3372 3051 3424 eis
3071 3367 3363 3435 aliquando
3391 3365 3547 3425 Deus,
3573 3370 3631 3416 et

2058 3483 2220 3526 natus
2274 3480 2359 3525 est
2403 3468 2601 3537 Joseplt
2649 3466 2737 3520 ille
2786 3467 2959 3519 bonus
3008 3462 3264 3530 umliquc,
3293 3469 3522 3527 corpore
3573 3455 3631 3508 in

2056 3574 2288 3625 tantum,
2322 3572 2587 3630 quantum
2620 3567 2850 3613 testatur
2890 3556 3008 3624 qua:
3052 3554 3193 3607 vieta
3245 3561 3349 3614 est,
3394 3556 3627 3602 mentem

2057 3669 2239 3708 autem
2270 3655 2381 3725 (26)
2412 3662 2672 3723 quantum
2709 3658 2940 3702 testatur
2981 3656 3133 3716 pater
3163 3662 3177 3697 :
3220 3643 3308 3710 qui
3360 3653 3631 3710 praeroga-

2062 3747 2138 3798 vit
2166 3747 2272 3808 his,
2304 3745 2405 3817 qui
2448 3751 2606 3795 antea
2639 3739 2859 3792 fuerant
2906 3737 3040 3789 nati.
3080 3734 3333 3787 Testatur
3363 3738 3541 3782 autem
3575 3736 3631 3779 et

2059 3840 2200 3906 apud
2251 3836 2543 3908 Aigyptum
2595 3830 2949 3898 dispensatio,
3000 3841 3120 3896 qua:
3178 3834 3289 3877 toto
3353 3821 3496 3875 facta
3550 3830 3634 3872 est.

2060 3934 2281 3986 mundo.
2318 3930 2571 3983 Testatur
2615 3937 2669 3981 et
2708 3922 2933 3978 scientia
2983 3920 3179 3988 lingua:
3210 3930 3370 3986 quam
3412 3914 3632 3982 ignora-

2059 4025 2149 4077 bat
2185 4040 2199 4077 :
2226 4030 2279 4075 et
2305 4018 2572 4073 mirabilia
2611 4014 2975 4070 intellectibus
3002 4010 3153 4077 pueri
3182 4017 3365 4070 erant;
3397 4003 3490 4059 sed
3515 4002 3632 4072 pul-

2058 4114 2397 4169 chritudines
2433 4112 2513 4163 lue
2543 4107 2783 4172 Salvatm,
2814 4104 3089 4158 lattilicant
3121 4121 3135 4157 :
3162 4102 3421 4153 bonorum
3450 4104 3631 4147 autem

2061 4221 2220 4261 casus
2269 4206 2389 4258 siue
2418 4203 2611 4256 solatio
2642 4199 2877 4254 dolorem
2912 4196 3191 4265 parabant.
3226 4190 3353 4244 Erat
3388 4188 3551 4260 igitur
3580 4186 3634 4237 in

2063 4305 2255 4352 timore
2288 4298 2455 4365 patris
2479 4293 2677 4362 Joseph
2707 4309 2720 4344 :
2752 4303 2805 4345 et
2833 4307 2956 4344 cum
3015 4289 3230 4340 adesset
3268 4300 3389 4339 cmn
3433 4297 3519 4342 eo,
3569 4296 3636 4333 ne

2061 4393 2201 4444 forte
2246 4388 2367 4442 talis
2413 4404 2516 4439 non
2548 4391 2891 4456 permaneret
2927 4380 3200 4434 salvator:
3232 4377 3303 4429 ita
3336 4372 3632 4432 mordebat,

2060 4494 2113 4538 et
2142 4484 2388 4535 timorem
2418 4477 2700 4542 ingerebat
2728 4475 2866 4545 patri
2897 4489 2994 4542 per
3024 4486 3087 4525 ea
3124 4485 3242 4538 qua:
3294 4466 3634 4534 loquebatur,

2060 4592 2154 4645 per
2176 4591 2236 4629 ea
2266 4589 2384 4642 qua:
2415 4572 2615 4636 aiebat,
2666 4585 2761 4639 per
2806 4583 2870 4621 ea
2919 4581 3036 4634 qua:
3064 4563 3294 4616 tacebat.
3334 4559 3471 4625 Quid
3505 4570 3637 4626 ergo

2059 4670 2182 4739 quia
2206 4666 2403 4737 Ioseph
2425 4678 2541 4719 erat
2570 4664 2713 4725 talis,
2743 4671 2795 4715 et
2821 4659 3091 4714 secundus
3124 4655 3267 4709 solus
3293 4651 3479 4706 matris
3504 4662 3634 4708 sum,

2058 4776 2112 4817 et
2151 4762 2382 4817 dilectus
2412 4757 2578 4827 patri,
2606 4765 2660 4808 et
2684 4754 2886 4808 fratres
2914 4750 3130 4820 quidem
3160 4744 3638 4815 ejusmittebautur

2058 4868 2116 4910 ut
2149 4860 2432 4925 pascerent
2463 4864 2677 4919 gregem
2712 4864 2725 4897 :
2779 4842 2979 4911 Joseph
3008 4851 3187 4894 autem
3218 4838 3283 4890 ad
3311 4836 3629 4889 ebaritatem

2062 4922 2240 5015 patris
2273 4957 2378 4994 non
2412 4950 2491 4992 est
2524 4939 2724 4992 missus
2752 4951 2874 4988 cum
2919 4932 3207 4991 fratribus;
3237 4927 3362 4995 quia
3406 4922 3637 4977 habebat

2065 5014 2302 5090 tunicam
2337 5033 2666 5101 singularem
2698 5028 2762 5081 ad
2798 5025 3128 5094 agnitionem
3164 5019 3433 5090 przccipue
3455 5014 3637 5069 chari-

2067 5131 2215 5184 tatis.
2249 5127 2361 5182 Non
2394 5123 2677 5179 suffecerat
2701 5119 2865 5173 Jacob
2897 5117 3075 5170 fratris
3105 5115 3257 5179 livor,
3285 5110 3467 5165 fratris
3498 5107 3639 5161 invi-

2069 5224 2177 5286 dia,
2213 5219 2447 5275 servitus
2480 5217 2531 5269 in
2566 5211 3018 5283 peregrinatione,
3056 5209 3177 5279 fuga
3203 5225 3231 5259 a
3269 5205 3457 5269 fratre,
3489 5215 3637 5256 com-

452 5366 495 5397 ⁸¹
534 5364 698 5419 lCor.
733 5380 821 5425 xv,
856 5364 941 5417 i9.
1012 5363 1056 5393 ”
1093 5361 1323 5427 Philipp.
1349 5374 1430 5422 ιιι,
1462 5360 1546 5414 19.
1620 5358 1666 5389 ³³
1697 5359 1832 5413 Gen.
1865 5375 1932 5412 xx

2049 5360 2137 5413 40.
2206 5357 2251 5389 ³⁸
2278 5354 2509 5409 Malacb.
2538 5368 2579 5412 ι.
2613 5351 2682 5412 5;
2721 5347 2875 5402 Rom.
2910 5361 2986 5410 ιι,
3015 5344 3101 5398 15.
3178 5342 3223 5373 ³⁸
3254 5339 3388 5395 Gen.
3420 5354 3551 5397 xxx.
3582 5335 3636 5389 1.

458 5499 568 5564 (95)
594 5498 757 5552 FOrte
791 5513 887 5566 per
918 5498 1418 5558 interrogationem,
1469 5493 1608 5558 Quid
1658 5495 1823 5561 igitur
1859 5496 1958 5547 sibi

385 5574 491 5626 vult
516 5575 611 5621 iste
641 5586 812 5621 sermo
837 5570 1107 5619 incurrens
1130 5568 1154 5619 ?
1177 5574 1235 5618 ut
1258 5566 1534 5635 responsio
1558 5567 1646 5629 sit,
1674 5566 1960 5619 Ostendcre

386 5659 506 5713 quia
531 5639 821 5713 Abraham,
855 5647 963 5689 etc.

460 5711 571 5780 (‘35)
614 5711 711 5780 his.
750 5706 950 5780 Putant
982 5723 1035 5759 se
1070 5705 1343 5774 fraudare.
1372 5706 1509 5773 Quid
1553 5707 1595 5761 si
1632 5706 1828 5777 potius,
1868 5722 1959 5773 pu-

386 5778 560 5839 tantes
579 5795 632 5833 se
660 5778 933 5847 fraudare.

2140 5494 2253 5561 (25)
2289 5492 2388 5545 Ms.
2420 5490 2663 5544 Meliore:
2699 5504 2808 5561 sue.

2151 5545 2265 5633 ᾖδ’)
2301 5561 2525 5614 Mentem
2560 5570 2752 5612 autem.
2797 5556 3069 5613 Fortasse,
3103 5562 3271 5633 tuente
3301 5547 3519 5633 (bpuus)
3550 5545 3631 5601 si-

2075 5622 2168 5689 cut
2201 5622 2359 5684 antea
2392 5646 2607 5697 corpore
2633 5646 2650 5681 :
2676 5643 2866 5681 sensus
2898 5635 3001 5697 est,
3031 5623 3194 5676 animi
3242 5622 3455 5697 dotibus
3502 5633 3637 5686 prte-

2074 5718 2244 5761 staus,
2305 5703 2443 5755 sicut
2483 5693 2725 5752 testatus
2764 5710 2846 5747 est
2899 5694 3074 5761 pat’er,
3133 5708 3251 5745 cum
3310 5693 3357 5745 ei
3426 5700 3639 5761 partem

2074 5791 2232 5829 uuam
2261 5770 2586 5825 ba‘rcditatis
2607 5784 2763 5826 supra
2796 5764 3282 5830 lratrcsattrihuit.
