4134 6454
422 369 565 429 1085

1108 369 1380 426 EUSEBII
1418 364 1894 427 CESARIENSIS
1933 369 2082 426 ΟΡΡ.
2124 369 2304 425 PARS
2342 368 2433 423 η’.
2473 399 2543 410 ——
2580 365 3003 423 DOGMATICA.

3487 411 3507 428 .
3543 328 3685 424 ΙΟΒᾸ

421 487 713 561 prehensio
736 487 1114 555 insequentis:
1152 488 1348 542 obvius
1392 504 1421 541 a
1451 488 1647 542 timore
1695 488 1903 555 frater;
1940 495 1999 541 ut
2026 495 2075 548 Α
2102 497 2279 543 autent
2311 485 2708 542 henefactorem
2756 485 3084 554 accipientes
3110 485 3379 546 occidunt,
3413 498 3678 554 quantum

422 582 513 636 vix
544 582 813 650 acciperet
840 580 1007 635 Iacob
1052 596 1082 634 a
1112 581 1283 635 sterili
1335 581 1505 650 ipsius
1551 581 1744 636 matris
1795 596 1941 634 mors
1980 596 1994 633 :

421 674 653 743 desnpra
704 672 821 727 haec
853 673 1035 727 omnia
1072 679 1259 728 decem
1305 681 1359 727 et
1400 685 1605 744 septem
1650 675 1775 728 dum
1815 684 2001 743 ageret

421 776 594 819 annos
621 765 673 818 in
704 775 865 819 :etate
889 764 1087 835 Ioseph
1142 774 1316 822 :tunc
1358 782 1481 822 cum
1527 778 1795 836 augentur
1836 765 1997 828 bona,

421 856 674 911 excidere
701 855 858 910 bouis
910 866 1145 922 quantus
1194 865 1279 911 est
1328 857 1523 910 dolor?
1555 857 1619 910 Et
1647 857 1813 909 mittit
1846 867 2001 926 pater

425 948 682 1001 dilectum
714 962 871 1000 suum
902 947 1090 1013 lilium,
1113 962 1273 1016 quem
1305 948 1358 1001 itt
1394 947 1577 1002 multis
1601 948 1868 1003 fratribus
1904 949 2001 1002 hae

420 1038 582 1095 bebat
611 1038 945 1107 unigenitum
973 1054 990 1092 :
1016 1039 1182 1092 mittit
1225 1049 1379 1107 pater
1415 1040 1604 1106 lilium,
1656 1051 1710 1094 ut
1756 1042 2000 1095 visitaret

418 1145 514 1186 eas
543 1132 635 1200 qui
667 1140 826 1185 erant
871 1131 924 1185 in
970 1131 1260 1186 solitudine
1318 1130 1542 1186 fratres.
1609 1131 1750 1186 Puto
1785 1132 1909 1202 quia
1943 1141 2000 1186 et

422 1222 549 1276 dum
587 1221 783 1291 legitur
812 1220 973 1277 Vetus
1002 1222 1440 1289 Testamentum,
1475 1224 1649 1292 magis
1677 1223 1882 1279 Novum
1914 1234 1997 1278 est

421 1329 584 1384 quam
612 1311 797 1368 Vetus.
832 1313 996 1367 Mittit
1023 1324 1179 1382 pater
1226 1314 1394 1368 lilium
1427 1331 1581 1369 suum
1618 1332 1778 1385 quem
1828 1315 1997 1370 babe-

423 1406 516 1460 bat
555 1406 606 1459 itt
641 1405 819 1459 locum
865 1405 1125 1474 unigeniti
1183 1421 1197 1458 :
1258 1422 1380 1459 nam
1437 1418 1492 1460 et
1540 1408 1798 1477 singulari
1848 1416 2002 1463 veste

431 1507 784 1568 separaverat
810 1513 932 1552 eum
983 1514 1011 1551 a
1048 1498 1351 1552 fratribus:
1383 1499 1546 1553 mittit
1588 1499 1755 1552 lilium
1787 1499 1856 1553 de
1888 1514 2002 1568 quo

420 1591 800 1660 praedictiones
829 1600 986 1645 erant
1015 1608 1028 1644 :
1067 1592 1449 1659 praedictiones
1490 1602 1668 1647 autem
1714 1607 1850 1662 quas
1880 1591 1996 1662 ipse

419 1685 636 1755 quidem
663 1684 874 1738 viderat
901 1682 1127 1753 Ioseph,
1169 1700 1276 1739 non
1313 1686 1667 1740 absconderat
1719 1698 1899 1740 autem
1962 1702 1992 1741 a

422 1777 684 1832 fratribus
718 1778 831 1831 suis
865 1793 879 1831 :
922 1785 1042 1830 erat
1067 1777 1207 1831 enim
1248 1777 1443 1832 frater.
1487 1777 1710 1832 Dicebat
1742 1777 1885 1832 enim
1923 1778 1989 1832 ad

419 1885 546 1925 eos:
572 1868 918 1932 Metebamus,
943 1869 1199 1938 inquit,et
1219 1887 1391 1925 meum
1413 1872 1741 1941 manipulum
1768 1882 1992 1925 erectum
2028 1848 2071 1905 Β

417 1970 534 2027 est;
587 1962 747 2015 vestri
806 1970 981 2013 autem
1028 1963 1270 2015 undecim
1327 1963 1553 2017 circuitu
1604 1963 1896 2017 adorabunt
1927 1963 1995 2019 ³⁴.

417 2050 563 2108 Bene
590 2054 700 2122 jam
737 2052 954 2107 occasio
979 2068 1099 2107 esse
1136 2054 1321 2125 cu-pit,
1360 2065 1415 2108 ut
1446 2058 1737 2109 adorarent
1775 2055 1993 2111 fratres.

416 2143 715 2200 Audiernnt
745 2143 966 2210 fratres,
1004 2157 1058 2199 et
1089 2145 1279 2200 elIicax
1318 2146 1587 2201 somnium
1625 2147 1810 2200 statim
1839 2146 1999 2201 intel-

416 2234 687 2303 lexerunt,
718 2247 773 2292 et
810 2238 964 2292 aiunt
1015 2238 1082 2292 ad
1123 2253 1285 2293 eum:
1326 2238 1473 2292 Nam
1518 2236 1999 2292 adoraverimus'te

420 2331 545 2386 nos?
593 2332 833 2397 regnabis
860 2333 996 2384 enim
1040 2339 1130 2384 aut
1153 2332 1349 2384 tenebis
1377 2347 1467 2384 nos
1500 2330 1593 2383 "f
1633 2329 1795 2384 Forte
1819 2342 1997 2385 autent

420 2421 1158 2495 irascebaturprimogenitns
1180 2433 1235 2478 et-
1268 2423 1632 2494 primogeniti,
1669 2424 1792 2493 quia
1817 2424 2001 2493 junior

418 2513 632 2568 volebat
665 2516 918 2571 omnibus
964 2516 1280 2587 praerogari.
1316 2515 1499 2571 Voluit
1548 2517 1692 2571 enim
1732 2517 2000 2569 somnium

419 2603 603 2659 videre
653 2615 713 2659 ut
759 2607 859 2661 hoc
886 2607 1016 2663 velit
1069 2623 1248 2662 :num
1308 2608 1621 2676 increpatnr
1670 2607 1870 2677 aliquis
1902 2623 1999 2661 cur

417 2696 688 2751 somnium
714 2697 949 2751 viderit?
982 2697 1182 2752 Tamen
1212 2696 1554 2769 obiurgatum
1581 2697 1780 2767 Ioseph
1814 2710 1918 2765 est,
1948 2710 2000 2752 et

420 2791 521 2843 hoc
551 2789 791 2844 secundo
816 2790 965 2844 videt
1007 2810 1025 2844 :~
1046 2800 1100 2845 et
1141 2807 1208 2844 ne
1239 2792 1456 2859 quidem
1492 2792 1735 2846 secundo
1769 2794 2001 2847 abscon-

418 2882 501 2936 dit
537 2882 606 2936 ab
635 2882 721 2937 bis
751 2882 842 2951 qui
877 2883 1003 2937 irati
1036 2881 1254 2936 fuerant
1275 2885 1339 2937 de
1363 2883 1554 2952 priori.
1585 2883 1659 2936 Ita
1689 2893 1809 2938 erat
1831 2883 2002 2943 frater

415 2972 485 3027 ad
525 2972 750 3030 fratres.
774 2972 856 3026 llli
885 2980 1069 3027 autem
1109 2990 1173 3028 ex
1207 2976 1442 3029 secunda
1482 2974 1687 3029 visione
1723 2976 2002 3032 firmantes

415 3067 684 3135 priorem,
707 3065 975 3136 duplicem
1009 3066 1279 3121 habebant
1306 3067 1562 3123 invidiam
1599 3080 1653 3122 et
1681 3068 2000 3136 indignatio-

418 3176 543 3214 nent
588 3170 644 3215 et
677 3160 814 3214 iram
857 3161 1119 3215 adversus
1163 3158 1382 3230 Ioseph.
1438 3160 1689 3216 Narravit
1745 3172 1799 3216 et
1854 3160 1995 3231 patri
2025 3190 2069 3249 ρ

419 3250 713 3318 sontnium,
746 3251 871 3320 quia
922 3252 1007 3306 sol
1042 3261 1097 3307 et
1134 3251 1257 3305 luna
1307 3261 1361 3306 et
1413 3253 1663 3306 undecim
1721 3251 1890 3308 stellae
1936 3268 1997 3307 se

418 3344 721 3400 adorabant
750 3344 816 3399 ³⁸.
850 3345 1032 3400 Solent
1069 3345 1288 3416 quidem
1332 3347 1382 3399 in
1444 3346 1564 3400 loco
1617 3346 1789 3416 patris
1837 3346 2000 3401 intel-

421 3434 547 3505 lige,
578 3435 759 3488 lunam
787 3443 966 3487 autent
1008 3434 1060 3488 in
1090 3436 1208 3489 loco
1243 3434 1453 3497 matris,
1485 3445 1540 3488 ct
1572 3446 1798 3489 caetera.
1836 3432 2001 3490 Vide-

422 3534 512 3580 tur
539 3526 967 3595 reprehensibihe
997 3540 1157 3592 esse;
1193 3527 1318 3595 quia
1355 3536 1530 3581 mater
1558 3524 1678 3593 ejus
1715 3541 1819 3580 non
1864 3525 2000 3579 vidit

420 3632 544 3672 eum
572 3615 826 3686 ingloria
857 3634 879 3675 εξ
913 3616 1371 3686 quemadmodum
1423 3630 1555 3686 ergo
1585 3616 1884 3670 adoravit?
1907 3627 2001 3670 aut

421 3724 565 3765 nunc
602 3711 873 3778 qiueritur
896 3707 1049 3765 locus
1084 3708 1277 3761 matris
1303 3722 1466 3776 quem
1520 3707 1762 3776 implevit
1804 3705 2005 3776 conjux

425 3800 635 3871 patris?
658 3800 836 3856 Simul
863 3809 1040 3858 autem
1070 3800 1241 3871 magis
1277 3799 1447 3855 stellae
1476 3798 1752 3864 undecim,
1789 3799 1891 3854 hoc
1918 3810 2001 3854 est

424 3892 673 3948 undecim
717 3893 938 3947 fratres.
997 3892 1162 3946 Forte
1192 3901 1375 3947 autem
1425 3891 1547 3946 ideo
1603 3906 1673 3947 ex
1724 3891 1999 3947 sideribus

423 3999 546 4055 qua:
592 3985 645 4039 in
676 3986 819 4041 cutio
842 3993 969 4039 sunt
1009 3984 1260 4054 apparuit
1306 3986 1599 4049 somnium,
1653 3991 1713 4036 ut
1761 3984 1999 4055 pretiosa

419 4077 799 4131 ostenderetur
831 4081 1111 4146 prosapies
1155 4078 1371 4146 generis
1397 4075 1534 4146 ejus.
1567 4077 1844 4132 Prtefecta:
1876 4086 2002 4131 sunt

422 4170 605 4239 itaque
660 4168 1114 4239 praedicationes;
1164 4168 1422 4236 praedicta
1471 4169 1616 4222 enim
1680 4177 1833 4233 sunt,
1882 4183 2002 4239 quae

419 4269 546 4316 sunt
573 4262 823 4330 praulicta
857 4260 994 4331 (27).
1022 4260 1087 4313 Ει
1118 4271 1246 4315 tunc
1271 4261 1502 4318 mittitur
1534 4277 1562 4314 a
1593 4271 1747 4330 patre
1768 4262 1873 4327 ,de
1895 4277 2002 4333 quo

417 4363 473 4410 et
511 4352 909 4423 prtedicti‘ones.
958 4352 1334 4411 Praedixerunt
1379 4353 1521 4407 enim
1568 4354 1857 4423 prophetae
1898 4369 1922 4411 :,
1948 4363 2004 4408 et

429 4459 562 4502 tunc
609 4447 811 4501 missus
845 4457 928 4501 est
980 4443 1150 4499 Filius
1180 4462 1206 4499 a
1249 4446 1410 4501 Patre
1474 4444 1744 4503 Christus.
1800 4445 1998 4515 Ioseph

2101 580 2173 633 ad
2198 578 2566 648 propositum;
2602 586 2658 632 et
2693 575 3021 631 occidissent
3048 577 3256 645 utique,
3284 576 3386 631 nisi
3428 577 3521 645 qui
3552 592 3679 647 pro-

2112 672 2289 727 hibuit
2311 670 2460 726 Isaac
2484 683 2553 725 ne
2582 668 2946 732 occideretur,
2975 677 3038 721 ut-
3061 683 3188 721 vero
3209 678 3522 722 servaretur
3542 685 3673 738 pas-

2101 765 2204 829 sio,
2229 761 2475 833 permisit
2499 770 2554 814 et
2579 758 2699 813 istic
2730 757 2938 811 firmam
2963 772 3082 812 esse
3106 756 3355 812 formam.
3403 757 3680 825 Quemad-

2101 856 2320 911 modum
2364 869 2494 925 ergo
2544 851 2717 907 forma
2765 851 3048 917 occiditur,
3095 860 3150 906 et
3200 868 3306 906 non
3345 852 3664 907 occiditur:

2101 956 2499 1018 proposuerunt
2525 943 2771 999 occidere
2802 940 3021 1010 Ioseph.
3070 940 3188 997 Iam
3222 943 3289 997 ad
3322 944 3663 1012 propositum

2102 1036 2543 1091 interficiendum
2571 1042 2813 1087 mortuus
2837 1039 2921 1085 est
2952 1030 3148 1100 Ioseph
3176 1049 3191 1086 :
3220 1033 3351 1102 quia
3376 1041 3431 1086 et
3466 1046 3667 1103 propo-

2100 1128 2208 1183 sito
2233 1127 2466 1183 Abrahae
2496 1124 2710 1181 oblatus
2740 1124 2890 1179 Isaac
2934 1133 3055 1187 est,
3106 1132 3160 1177 et
3205 1122 3533 1179 immolatus.
3586 1122 3670 1178 Illi

2101 1230 2281 1276 autem
2315 1236 2420 1274 non
2452 1218 2625 1274 solum
2652 1232 2758 1271 non
2783 1224 2908 1271 sunt
2945 1216 3184 1270 contenti
3238 1216 3512 1285 proposito
3545 1230 3677 1279 suo,

2100 1314 2195 1369 sed
2228 1312 2558 1381 accipientes
2585 1324 2708 1366 eum
2743 1310 2884 1365 facto
2910 1309 3107 1377 impetu
3146 1307 3429 1362 voluerunt
3456 1307 3676 1378 quidem

2100 1405 2370 1467 occidere,
2398 1402 2601 1458 detenti
2628 1411 2807 1457 autem
2844 1402 2911 1456 ab
2944 1417 3053 1455 uno
3087 1411 3233 1465 sunt,
3260 1402 3351 1470 qui
3378 1401 3685 1471 propheta-

2104 1506 2258 1552 verat
2290 1495 2446 1551 fratri
2491 1513 2506 1550 :
2551 1504 2606 1551 et
2651 1494 2872 1548 mittunt
2903 1510 3023 1549 eum
3051 1494 3318 1549 viventem
3375 1494 3431 1549 in
3476 1494 3691 1559 lacum,

2102 1591 2503 1646 annuutiantes
2556 1587 2679 1656 quia
2726 1588 2881 1641 vivus
2933 1586 3207 1641 descendit
3251 1588 3304 1641 in
3355 1587 3534 1642 laeum
3582 1604 3690 1658 pro,

2099 1685 2328 1739 mortuis
2348 1680 2620 1738 Christus.
2647 1678 2866 1733 llazdum
2885 1688 3061 1732 autem
3088 1677 3418 1743 occidentes,
3444 1679 3685 1733 tunicam

2098 1777 2295 1847 Ioseph
2328 1776 2548 1845 tingunt
2566 1774 2617 1829 in
2652 1772 2915 1842 sanguine
2955 1770 3115 1836 haedi,
3148 1780 3206 1823 ut
3235 1778 3384 1825 esset
3436 1769 3685 1839 suspicio.

2100 1887 2195 1941 per
2243 1870 2579 1937 sanguinem,
2635 1874 2691 1921 ut
2720 1867 2860 1919 inter
2912 1873 3151 1921 mortuos
3182 1863 3318 1917 liber
3360 1863 3569 1918 vivens.
3610 1859 3671 1916 ln

2099 1964 2215 2019 lacn
2244 1964 2425 2036 itaque
2456 1959 2874 2016 interfectusest
2891 1954 3110 2026 Ioseph;
3146 1956 3496 2036 coinquinata
3530 1955 3690 2011 enim.

2101 2063 2222 2110 erat
2250 2034 2365 2123 ejus
2400 2054 2577 2107 tunica
2609 2069 2641 2108 a
2681 2053 2967 2119 sanguine.
2999 2052 3130 2107 Erat
3176 2062 3361 2107 autem
3403 2034 3591 2107 vivens
3620 2052 3691 2104 in.

2109 2148 2227 2203 lacu
2259 2157 2381 2216 post
2437 2144 2873 2201 interfectionem
2910 2160 3031 2215 qua:
3078 2145 3131 2198 in
3177 2143 3357 2198 tunica
3399 2143 3575 2198 fuerat
3602 2142 3689 2196 fa-

2100 2252 2210 2297 cta.
2244 2240 2555 2295 Transeunt
2597 2239 2815 2306 quidem
2850 2253 2880 2292 e
2923 2238 3199 2308 gentibus,
3256 2235 3456 2306 quibus
3495 2250 3688 2295 serva-

2100 2334 2261 2389 batur
2291 2335 2489 2388 bonum
2518 2334 2660 2402 quod
2687 2342 2806 2386 erat
2842 2331 2893 2385 in
2921 2332 3037 2386 lacu
3082 2348 3095 2384 :
3132 2339 3188 2385 et
3219 2338 3401 2383 movet
3431 2328 3547 2397 (28)
3573 2326 3689 2396 spi-

2103 2430 2208 2483 ritu
2239 2443 2402 2481 unnnt
2437 2442 2468 2481 e
2521 2425 2788 2479 fratribus
2840 2423 3123 2478 consolare
3168 2437 3325 2476 suum
3358 2435 3601 2475 errorem
3629 2428 3701 2473 et

2103 2523 2284 2577 dicere
2330 2538 2346 2578 :
2385 2537 2487 2574 non
2530 2520 2832 2574 occidamus
2883 2517 3125 2585 fratrem.
3176 2515 3460 2569 Amatores
3502 2521 3686 2567 autem

2100 2615 2453 2685 pecuniarum
2500 2610 2651 2667 fuer'e
2686 2621 2741 2665 et
2790 2609 3099 2665 Iudaeorum
3144 2616 3329 2678 patres
3371 2620 3389 2660 :
3424 2617 3481 2662 et
3519 2604 3689 2660 Iudas

2101 2704 2422 2760 consiliator
2457 2718 2681 2768 eorum;
2714 2710 2770 2753 et
2813 2700 3019 2759 dixere.
3052 2696 3177 2754 Non
3218 2696 3550 2758 occidamus,
3602 2694 3690 2748 iu-

2102 2798 2242 2867 quit,
2266 2813 2406 2861 eum,
2437 2793 2564 2866 quia
2593 2809 2702 2848 non
2730 2808 2917 2847 sumus
2947 2789 3070 2860 ejus
3096 2790 3263 2859 digni.
3308 2787 3426 2843 Non
3472 2796 3543 2841 stt
3585 2800 3690 2839 no-

2102 2890 2310 2944 biscmn
2343 2888 2433 2957 qui
2469 2885 2790 2942 beneficium
2841 2884 2998 2939 nobis
3065 2882 3327 2953 impertit.
3360 2879 3692 2936 Distrabitnr

2103 2981 2287 3048 itaque
2316 2979 2546 3050 Ioseph,
2578 2989 2633 3034 et
2691 2987 2899 3035 tantum
2952 2993 2982 3031 a
3043 2975 3513 3045 comparatoribns
3546 2973 3688 3026 acci-

2114 3075 2267 3143 piunt
2300 3073 2554 3141 pretium,
2590 3080 2855 3141 quantum
2902 3070 3169 3125 dederunt
3200 3078 3256 3124 et
3300 3067 3564 3139 proditori
3591 3065 3684 3121 Iu-

2103 3167 2216 3234 dae,
2256 3176 2315 3218 ut
2344 3174 2399 3217 et
2452 3164 2686 3236 pretium
2742 3162 3075 3219 consentiret
3124 3171 3488 3217 sacramento.
3537 3158 3702 3215 Iudae.

2102 3267 2282 3311 autem
2315 3265 2435 3310 erat
2470 3255 2751 3310 consilium
2782 3266 2839 3310 et
2892 3264 3021 3310 tunc
3067 3265 3128 3307 ut
3171 3262 3380 3309 tantum
3424 3252 3688 3308 distrahe-

2103 3359 2254 3405 retur
2284 3347 2504 3418 Iosepb.
2528 3346 2694 3404 Iudas
2720 3357 2901 3405 autem
2929 3357 3051 3414 est,
3084 3347 3176 3419 qui
3213 3357 3269 3403 et
3301 3347 3356 3401 in
3395 3345 3711 3415 Evangelia

2103 3440 2360 3495 distrahit
2401 3439 2649 3496 Domino.
2684 3439 2940 3495 Ascendit
2984 3455 3015 3494 e
3060 3440 3179 3494 lacu
3223 3439 3314 3509 qui
3351 3437 3466 3505 jam
3512 3438 3693 3492 fuerat

2100 3530 2419 3587 iutetzfectus
2452 3547 2550 3602 per
2586 3532 2821 3586 tunicam
2859 3550 2874 3587 :
2909 3541 2964 3586 et
3006 3532 3059 3586 in
3109 3531 3228 3586 lactt
3278 3540 3499 3600 putatus
3542 3543 3692 3584 mor-

2103 3634 2225 3679 tuus
2254 3665 2270 3690 ,
2330 3625 2632 3695 ingreditur
2687 3624 3005 3697 Egyptum.
3066 3625 3132 3680 Et
3178 3626 3389 3679 iterum.
3431 3621 3553 3677 istic
3590 3636 3690 3691 per

2099 3716 2370 3780 insomnia
2429 3727 2484 3773 et
2546 3718 2812 3773 visionem
2888 3717 3091 3772 adnuat
3149 3717 3357 3772 fructus
3401 3714 3687 3770 alintouias

2101 3809 2298 3863 mundo
2331 3829 2344 3862 :
2374 3817 2428 3862 et
2474 3822 2635 3879 quem
2683 3807 3075 3864 interfecerunt
3112 3807 3281 3865 Iudaei
3330 3818 3386 3862 et
3424 3807 3688 3862 distraxe-

2103 3909 2251 3962 runt,
2289 3900 2453 3954 istum
2497 3900 2730 3959 adorant
2778 3910 2966 3971 gentes
3023 3900 3150 3954 dum
3201 3910 3516 3970 pascuntur.
3571 3898 3689 3955 Non

2099 3991 2247 4044 enim
2279 3989 2566 4062 Aﬂgyptios
2605 3992 2752 4048 solos
2786 3993 2937 4061 pavit
2985 3991 3223 4061 Ioseph;
3273 3991 3367 4046 sed
3423 4006 3509 4045 ex.
3540 3992 3688 4045 omni

2105 4084 2306 4137 mundo
2361 4083 2719 4141 conﬂuebant
2756 4098 2948 4139 omnes
3001 4094 3190 4155 gentes
3240 4092 3296 4137 et
3350 4083 3565 4153 pepuli,
3621 4081 3690 4135 ad

2107 4175 2336 4231 formam
2402 4186 2588 4246 utpote
2639 4176 2852 4233 Domini
2900 4175 3305 4246 Iesu.-Ioseph
3354 4186 3534 4231 autem
3577 4174 3688 4243 jam

2102 4268 2359 4339 pascebat
2391 4268 2593 4327 fratres
2624 4271 2804 4339 ipsos,
2834 4271 3043 4326 scilicet
3068 4270 3158 4339 qui
3200 4285 3258 4325 se
3301 4271 3691 4333 distraxerant,

2102 4369 2157 4416 et
2180 4361 2410 4429 pretium
2444 4371 2771 4432 acceperunt
2808 4378 2990 4417 suum.
3021 4361 3205 4417 Gratis
3242 4361 3537 4431 accipiens,
3567 4375 3692 4430 gra—

2111 4455 2179 4508 tis
2210 4453 2496 4512 dabat..EL
2519 4452 2592 4511 illi
2624 4454 2857 4523 quidem
2880 4453 3000 4521 ejus
3038 4463 3366 4521 acceperunt
3409 4453 3639 4522 pretium
3673 4466 3707 4508 :.

421 4553 601 4598 autem
663 4542 805 4597 ﬁlius
857 4542 1108 4597 veniebat
1155 4556 1182 4594 a
1236 4541 1392 4611 longe
1440 4543 1507 4596 ad
1562 4541 1761 4600 fratres
1814 4537 2080 4601 frater.”
2111 4546 2225 4615 ipse
2254 4556 2435 4600 autem
2462 4545 2625 4601 tritici
2658 4548 2889 4615 pretium
2916 4561 3021 4601 tton
3055 4546 3278 4615 accepit.
3312 4545 3413 4602 Ubi
3441 4559 3574 4613 ergo
3594 4558 3691 4598 eos

422 4633 594 4705 Magis
625 4645 802 4687 autem
838 4634 905 4688 ad
938 4649 1044 4688 non
1070 4632 1265 4688 fratres
1296 4635 1481 4688 frater.
1515 4635 1590 4688 llli
1621 4634 2005 4692 autemviden-

424 4737 509 4781 tes
535 4740 657 4779 eum
698 4741 727 4778 a
785 4725 944 4794 longe
989 4725 1317 4788 venientem,
1354 4725 1628 4780 dicuntea
1664 4741 1788 4793 quae
1833 4732 1890 4777 et
1950 4726 2002 4784 in

422 4816 715 4886 Evangelia
739 4816 936 4885 scripta
965 4825 1131 4869 sunt:
1166 4816 1277 4870 Iste
1316 4829 1391 4870 est
1433 4818 1621 4883 hwres,
1651 4817 1816 4870 venite
1868 4816 2006 4870 occi-

421 4912 608 4963 damus
643 4925 785 4974 eum,
837 4924 884 4961 et
919 4920 1098 4963 nostra
1129 4911 1230 4963 erit
1275 4909 1553 4963 Itan-editas
1586 4910 1654 4962 ”.
1702 4909 1858 4973 Ecce,
1914 4910 2005 4964 ille

425 5004 619 5073 tuquit,
668 5002 951 5056 somniatur
1005 5004 1166 5068 venit,
1200 5005 1370 5058 venite
1416 5004 1718 5057 occidantus
1764 5019 1915 5067 cum,
1950 5013 1998 5059 et

424 5098 696 5150 mittamus
719 5096 776 5149 in
808 5112 976 5151 unum
1003 5113 1029 5151 ε
1053 5097 1182 5151 lacis
1207 5097 1275 5163 ⁸ο,
1304 5097 1692 5151 annuutiantes
1725 5094 1849 5165 quia
1895 5111 2006 5152 non

424 5188 599 5243 solum
656 5189 1037 5256 iuterficietur,
1070 5191 1164 5244 sed
1202 5190 1514 5244 inferiorem
1544 5190 1718 5244 locum
1756 5188 1999 5244 habebit.

428 5281 490 5334 Et
517 5280 715 5350 Ioseph
746 5282 964 5351 quidem
1015 5285 1497 5354 appmpinquavit:
1544 5283 2002 5353 appropinquavit

424 5375 490 5425 ad
521 5372 781 5443 judicium
806 5373 1067 5440 fratrum,
1094 5376 1161 5429 ad
1190 5375 1552 5431 visitationem
1585 5374 1848 5430 malorum
1875 5391 1890 5428 :
1926 5376 2003 5431 illi

503 5531 548 5563 "
578 5530 712 5587 Gen.
746 5546 956 5593 xxxvtt,
984 5531 1042 5591 7.
1147 5531 1192 5562 ⁸⁷
1227 5531 1381 5596 ibid.,
1412 5531 1467 5587 8.
1556 5531 1601 5562 ³⁸
1636 5531 1797 5599 ibid.,
1826 5531 1879 5588 9.

429 5601 473 5634 “
514 5601 672 5657 Rom.
711 5616 792 5665 ιιι,
817 5602 871 5656 5.

507 5755 623 5825 (‘27)
653 5755 817 5831 Forte
843 5756 1085 5824 perfecta:
1114 5771 1232 5809 sunt
1259 5757 1434 5831 itaque
1474 5758 1860 5827 prtedictianes,
1877 5776 1991 5831 pcr-

434 5826 569 5897 {ccta
592 5827 729 5882 enim
757 5834 879 5880 sunt
904 5841 1021 5895 ante
1044 5835 1173 5880 sunt
1201 5828 1474 5881 uratdicta.

1959 5533 2002 5565 "
2030 5532 2225 5593 Matth.
2252 5550 2361 5597 χχι,
2396 5532 2483 5587 58.

2110 4640 2200 4707 qui
2235 4636 2522 4691 aﬂixerunt
2564 4637 2710 4692 cruci
2739 4648 2794 4692 et
2832 4637 3245 4701 distraxerunt,
3286 4637 3457 4705 pascit
3499 4633 3687 4689 Domi-

2110 4745 2211 4783 nus
2241 4726 2397 4783 Iesus
2414 4728 2445 4787 ?.
2474 4729 2548 4786 Et
2586 4728 2717 4799 ipsis
2756 4728 2946 4784 Petrus
2971 4738 3075 4790 est,
3100 4743 3168 4783 es
3204 4729 3338 4797 ipsis
3364 4738 3420 4782 et
3447 4726 3644 4781 Paulus
3666 4764 3688 4792 ,

2106 4832 2161 4874 et
2183 4820 2361 4874 caeteri
2402 4821 2649 4890 apostoli.
2679 4821 2745 4878 Et
2775 4820 3300 4891 fratresetapostoli
3345 4820 3413 4873 ad
3454 4817 3681 4874 Paulum

2106 4913 2294 4968 dicunt
2323 4929 2338 4965 :
2372 4910 2604 4967 Intueris
2628 4915 2873 4982 “inquit,
2906 4923 3108 4987 quanta
3134 4912 3304 4967 millia
3333 4921 3455 4967 sunt
3494 4911 3548 4965 iu
3586 4908 3691 4963 Ju-

2112 5008 2229 5063 dwa
2257 5009 2346 5079 qui
2381 5007 2719 5061 crediderunt
2737 5007 2823 5060 “‘l
2864 5006 3002 5073 Quid
3028 5020 3199 5063 autent
3230 5008 3277 5060 si
3307 5023 3409 5060 non
3448 5006 3677 5058 credide-

2112 5110 2234 5155 runt
2260 5101 2473 5171 quidam
2498 5099 2787 5169 ?'nunquid
2810 5099 3149 5153 incredulitas
3182 5113 3361 5152 eorum
3395 5097 3556 5167 ﬁdem
3587 5096 3692 5151 Dei

2110 5193 2424 5249 euacuavit?
2454 5190 2602 5247 Absit
2627 5205 2800 5246 autent
2842 5192 2907 5247 δ’.
2942 5191 3009 5247 Et
3052 5194 3402 5247 contumaces
3438 5189 3705 5242 volumus.

2110 5286 2257 5356 pasci
2288 5302 2381 5355 per
2404 5283 2612 5339 Iesum.
2660 5285 2941 5339 Prohibuit
2980 5298 3075 5338 eos
3111 5282 3268 5337 idolis
3312 5281 3538 5350 servire.
3581 5280 3703 5333 Sed.

2110 5393 2291 5433 sermo
2316 5379 2382 5433 ad
2411 5378 2687 5449 preposita
2706 5377 2947 5440 festinat,
2980 5385 3039 5429 ut
3076 5376 3329 5430 ostendat
3353 5383 3417 5429 et'
3436 5370 3699 5426 dolorem.

2571 5532 2615 5564 ⁴⁰
2641 5531 2777 5589 Gen.
2815 5545 3022 5595 xxxvii,
3056 5529 3148 5588 2.0.
3226 5531 3266 5563 "‘
3294 5533 3416 5587 Act.
3443 5543 3571 5595 nl,
3591 5524 3701 5585 9.οκ

2172 5761 2286 5833 (ἓὸ)
2330 5762 2555 5832 Spiritu.
2597 5762 2765 5819 Forte
2798 5763 3038 5835 spiritus.
