4134 6482
417 432 559 491 1087

1063 429 1335 486 EUSEBII
1372 428 1852 485 CESARIENSIS
1888 431 2039 485 OPP.
2078 433 2257 484 ΡΑκδ
2296 435 2384 484 ιν.
2426 461 2497 470 —
2532 436 2950 487 DUbMA'l‘lLA.

3529 443 3682 493 εὕδει

420 553 656 625 ponebat
697 550 889 605 falsam
929 550 1364 610 adinveutionem
1410 564 1562 605 suam
1592 550 1789 621 pudico
1826 549 1997 604 ascri-
2028 553 2073 610 Α
2101 559 2277 602 suuta
2307 551 2728 606 resurrectione.
2761 551 2828 605 Et
2850 553 3092 608 videmur
3110 555 3325 626 quidem
3355 559 3670 625 protrahere

420 648 577 709 hens,
605 653 660 699 et
685 644 980 699 honestiam
1007 641 1123 715 (55)
1153 643 1216 697 ad
1235 660 1293 698 se
1315 643 1663 699 transferens.
1698 640 1994 713 lmpudenti

422 739 566 793 enim
598 737 794 792 clamat
815 753 966 801 voce,
990 749 1040 792 et
1059 748 1321 793 convocat
1343 738 1601 792 adversus
1624 753 1683 791 se
1706 736 2001 792 convictio-

425 847 547 887 nem
576 841 629 885 el
661 831 790 885 dicit
826 850 841 886 :
876 831 1079 897 Venite,
1135 831 1343 900 inquit,
1391 842 1439 884 et
1474 831 1637 884 videte
1663 845 1682 883 :
1709 828 2002 882 introdnarit

422 938 640 992 prterunt
675 921 953 977 Hebraeum
988 924 1053 975 ".
1082 920 1292 977 Dicitur
1316 921 1651 991 ingenuitas,
1702 931 1761 973 ιιι
1813 919 2001 973 illudat

426 1028 525 1068 nos
553 1031 566 1067 :
593 1013 973 1082 subingressus
997 1024 1077 1069 est
1112 1014 1263 1078 mihi,
1298 1013 1484 1067 volens
1511 1013 1615 1067 vim
1651 1012 1846 1066 facere.
1892 1011 2000 1065 Pu-

428 1117 511 1161 tas
536 1122 640 1161 nou
668 1106 889 1162 oﬂrndit
920 1109 1096 1171 lingua
1134 1107 1499 1177 impudentis?
1531 1106 1786 1161 Miramur
1820 1107 1864 1161 si
1896 1121 2000 1161 non

425 1210 511 1255 est
540 1209 776 1256 mutatus
815 1201 930 1268 ejus
965 1202 1149 1256 color?
1200 1200 1539 1256 Conscientia
1573 1199 1740 1266 enim,
1790 1198 2001 1254 etiamsi

425 1294 660 1348 occultat
716 1294 957 1362 factum,
1010 1305 1189 1348 tamen
1240 1309 1335 1362 per
1384 1293 1561 1347 vultus
1611 1310 1707 1347 sua
1758 1294 2004 1361 producit

428 1387 671 1454 vestigia.
704 1386 1023 1441 (Ζοιιΐιινρικιι
1066 1398 1242 1440 autem
1271 1387 1334 1439 ad
1367 1387 1675 1456 figmentum
1706 1386 1852 1441 color
1885 1386 2007 1440 imi-

432 1489 575 1534 tatus
628 1479 760 1551 (54).
815 1462 1105 1535 Videbatur
1158 1480 1301 1533 enim
1353 1479 1420 1533 ad
1448 1479 1559 1533 vim
1616 1493 1737 1532 esse
1793 1478 2009 1541 durata,

429 1589 590 1643 quam
621 1574 732 1643 ipsa
760 1574 976 1643 quidem
1003 1573 1228 1636 fecerat,
1260 1588 1474 1641 passam
1504 1583 1683 1628 autem
1722 1587 1782 1627 se
1807 1570 2009 1628 confiu—

430 1670 609 1738 gehat.
635 1666 1010 1738 Subingressus
1034 1676 1108 1720 est
1137 1668 1284 1729 mihi,
1327 1665 1501 1736 inquit
1535 1666 1838 1735 impudens.
1867 1661 2008 1719 Sub-

432 1762 707 1830 ingressus
754 1771 837 1817 est
894 1761 1022 1815 mihi
1072 1760 1220 1827 dicit,
1251 1775 1369 1830 qum
1403 1759 1747 1829 subiugressa
1787 1766 1905 1825 est;
1958 1765 2009 1810 et

428 1855 653 1908 clamavi
677 1854 742 1921 ⁸⁸,
772 1855 866 1909 ait.
912 1855 975 1909 Et
1000 1864 1146 1909 certe
1200 1869 1308 1907 non
1364 1852 1627 1914 clamasti.
1672 1853 1773 1907 nisi
1823 1862 2006 1922 postea

434 1963 594 2011 quam
618 1962 865 2015 egressus
891 1955 975 2001 est
1001 1947 1313 2001 adolescens
1347 1965 1362 2001 :
1396 1956 1443 2000 et
1484 1947 1719 2016 reliquit,
1740 1946 1834 2012 ait,
1860 1962 2010 2000 suam

435 2041 689 2106 tunicam,
720 2051 768 2094 et
791 2041 927 2111 fugit
951 2041 1017 2095 δ’.
1046 2041 1110 2095 Et
1147 2049 1294 2094 certe.
1324 2056 1427 2094 non
1470 2050 1554 2095 est
1595 2041 1701 2094 vim
1745 2039 2011 2103 facientis,

432 2141 493 2184 ut
526 2133 788 2202 relinquat
812 2150 967 2189 suam
992 2133 1250 2188 tunicam.
1283 2132 1361 2186 Ad
1396 2132 1790 2187 convictionem
1831 2146 2014 2200 super-

434 2224 580 2278 venit
612 2238 662 2280 et
691 2225 945 2281 dominus
972 2226 1181 2290 domus,
1203 2226 1294 2294 qui
1321 2241 1538 2280 omnem
1582 2225 1801 2280 domum
1832 2225 2010 2281 credi-

430 2315 590 2370 derat
613 2316 833 2385 Joseph.
864 2318 1249 2372 Acceditaanea
1285 2319 1462 2374 fronte
1494 2319 1710 2385 mulier,
1736 2328 1788 2374 et
1818 2319 2012 2373 iterum

434 2411 631 2479 repetit
698 2410 1008 2482 figmentum
1047 2414 1191 2482 quod
1246 2410 1418 2466 fuerat
1482 2413 1734 2466 meditata
1784 2431 1797 2467 :
1839 2411 2014 2482 lacry-

437 2517 698 2571 mansque
726 2515 780 2558 et
806 2502 1027 2568 deflens,
1063 2514 1156 2558 aut
1185 2504 1309 2574 quia
1363 2519 1471 2560 non
1521 2507 1697 2574 potuit
1749 2505 2013 2566 obtinere.

436 2605 527 2650 aut
555 2598 679 2666 quia
705 2608 1009 2667 contempta
1033 2609 1138 2659 est,
1168 2608 1261 2651 aut
1288 2597 1412 2666 quia
1464 2613 1570 2652 non
1607 2597 1854 2652 manibus
1891 2612 2024 2651 eum.

436 2686 543 2756 iam
579 2688 915 2757 przefoeavit.
967 2689 1302 2743 Desiderium
1350 2689 1493 2743 enim
1535 2698 1899 2755 contemptum
1948 2689 2013 2742 ad

436 2779 571 2834 iram
600 2783 950 2835 convertitur.
989 2781 1125 2848 Quid
1163 2780 1399 2848 igiturin
1435 2781 1520 2836 his
1538 2781 1756 2852 agitur?
1781 2779 2022 2834 Pudicus

436 2880 728 2926 accusatur
756 2872 823 2925 ab
855 2872 1140 2940 impudica.
1182 2871 1296 2926 Non
1323 2872 1537 2925 miraris
1560 2873 1684 2942 quia
1712 2886 1815 2926 non
1841 2873 2015 2925 statim

436 2978 724 3029 aggressus
760 2973 842 3018 est
874 2965 977 3026 vir,
1024 2974 1078 3018 et
1108 2965 1209 3018 hoc
1243 2963 1527 3036 Egyptias
1574 2964 1760 3019 calidae
1810 2975 2018 3018 natura

438 3054 601 3108 homo
626 3063 678 3110 et
718 3054 818 3110 loci
857 3056 1079 3110 laniavit
1100 3056 1496 3110 adolescentem
1526 3071 1541 3110 :
1571 3057 1615 3112 si
1635 3056 1855 3126 quidem
1884 3066 2025 3110 tetas.

441 3143 603 3196 habet
624 3143 1005 3211 suspicionem,
1041 3153 1093 3199 et
1127 3161 1246 3215 qua:
1268 3144 1495 3200 vocabat
1520 3156 1575 3199 et
1611 3147 1927 3209 accusabat,
1964 3154 2019 3199 et

2104 648 2389 694 tractatum
2426 640 2515 694 diu
2548 641 2650 696 hoc
2669 654 2992 711 exposcente
3024 655 3079 699 et
3112 655 3376 702 maturam
3413 646 3671 704 refectio-

2102 750 2224 789 nem
2256 744 2462 788 tencre.
2496 731 2601 787 Sed
2629 732 2769 788 forte
2809 750 2906 790 nec
2937 735 3212 791 immorari
3249 738 3424 793 estad
3460 741 3673 806 otium;

2100 833 2314 894 oportet
2355 825 2502 878 enim
2551 832 2865 878 constantes
2912 823 3025 880 fieri
3066 825 3131 880 ad
3188 839 3445 897 mortem,
3499 840 3555 885 et
3597 830 3678 885 ita

2106 919 2250 973 refici
2274 919 2433 973 escis.
2470 916 2779 971 Efficiamur
2807 917 2972 988 igitur
3001 927 3057 973 et
3091 935 3187 974 nos
3213 921 3395 989 medii,
3419 931 3475 976 et
3501 935 3679 990 neque

2102 1022 2252 1066 extra
2288 1024 2594 1064 mensuram
2626 1007 3008 1077 protendamus
3031 1024 3335 1083 sermonem
3364 1028 3379 1066 :
3406 1027 3511 1066 non
3544 1010 3678 1065 sinit

2103 1104 2247 1159 enim
2284 1110 2539 1172 tempus:
2569 1117 2742 1172 neque
2786 1102 2977 1156 iterum
3024 1101 3180 1157 valde
3232 1102 3568 1174 colligamus,
3619 1109 3680 1157 ut

2105 1197 2354 1252 fruamur
2373 1206 2428 1251 et
2461 1194 2771 1250 festivitate.
2806 1195 2872 1249 Et
2903 1194 3025 1263 quia
3054 1210 3152 1249 nos
3172 1209 3239 1249 ex
3269 1195 3445 1249 anima
3475 1205 3532 1249 et
3553 1209 3681 1250 cor-

2104 1304 2235 1360 pore
2258 1305 2445 1343 sumus
2467 1287 2772 1357 compositi,
2813 1302 3098 1357 pascamus
3128 1286 3364 1341 animam
3406 1287 3691 1343 mensuris

2106 1382 2359 1451 propriis,
2391 1391 2448 1435 ut
2496 1391 2551 1436 et
2591 1380 2705 1450 ipsa
2747 1379 2954 1433 reficiat
2987 1396 3227 1450 corpora
3265 1397 3296 1435 a
3350 1380 3691 1439 constantia.

2109 1476 2213 1531 Sed
2238 1476 2362 1545 quid
2387 1474 2587 1530 vultis?
2616 1474 2949 1528 dimittemus
2970 1470 3176 1542 Ioseph.
3194 1476 3246 1529 in
3268 1473 3589 1533 carcerem?
3624 1480 3693 1531 et

2108 1581 2266 1636 quem
2299 1567 2440 1621 Deus
2472 1580 2578 1619 non
2608 1564 2826 1633 reliquit
2885 1562 2937 1617 in
2983 1578 3235 1630 carcere,
3282 1581 3382 1622 nos
3431 1580 3699 1622 sermone.

2112 1657 2394 1726 pingentes
2419 1656 2782 1720 relinquemus
2806 1652 3057 1722 ligatum?
3085 1652 3289 1724 thuis
3308 1656 3690 1712 adhortabitur

2112 1748 2422 1817 pudicitiam
2466 1747 2724 1802 studere?
2775 1751 2897 1818 quis
2929 1761 3112 1804 autem
3152 1751 3359 1805 amabit
3397 1751 3687 1809 contineo-

2113 1842 2265 1904 tiam,
2319 1840 2506 1895 videns
2558 1841 2609 1894 iu
2654 1856 2874 1898 carcere
2940 1844 3253 1900 derelictum
3322 1842 3561 1915 Joseph?
3618 1842 3697 1900 Ει

2116 1940 2261 1987 certe
2287 1932 2330 1986 si
2358 1932 2688 2002 relinquatur
2724 1931 2921 2004 Joseph
2964 1936 3016 1990 in
3048 1951 3290 2001 carcere,
3341 1945 3395 1991 et
3441 1946 3704 1992 mortuus

2115 2020 2278 2077 fuerit
2311 2037 2430 2075 cum
2476 2024 2758 2091 pudicitia,
2795 2040 2920 2094 spes
2972 2029 3387 2084 resurrectionis
3432 2043 3539 2084 non
3575 2028 3692 2087 cir-

2115 2112 2429 2167 cumscribit
2456 2128 2629 2183 spem.
2668 2113 2774 2169 Sed
2812 2117 2940 2185 quia
2985 2133 3089 2172 non
3138 2118 3345 2174 dimisit
3386 2134 3509 2173 eum
3548 2119 3710 2174 Deus

2117 2202 2169 2256 in
2237 2217 2482 2266 carcere,
2535 2202 2704 2258 sinms
2760 2206 3062 2273 patientes,
3113 2217 3170 2261 et
3238 2208 3523 2265 audiamus
3572 2207 3697 2276 ejus

2114 2312 2412 2366 egressum.
2467 2298 2532 2354 Et
2563 2315 2686 2354 cum
2727 2300 2817 2355 ille
2843 2300 3005 2356 fuerit
3035 2302 3288 2366 emissus,
3336 2313 3464 2359 tunc
3492 2313 3547 2357 et
3571 2318 3713 2377 'nos.

2118 2391 2455 2446 tlimitlamur
2489 2407 2611 2446 cum
2647 2408 2733 2447 eo.
2767 2391 2961 2463 Ioseph
3016 2395 3177 2463 igitur
3205 2405 3322 2449 erat
3369 2396 3422 2450 in
3466 2410 3697 2451 carcere

2117 2486 2324 2542 habens
2361 2485 2585 2541 delicias
2630 2500 2699 2540 ex
2751 2486 3018 2543 uberibus
3056 2489 3359 2555 pudicitia,
3407 2487 3712 2543 honestate

2120 2578 2370 2642 indutus,
2423 2579 2653 2649 diligens
2703 2578 2874 2645 magis
2913 2594 3187 2635 carcerem
3237 2597 3398 2648 quam
3448 2592 3711 2636 amarent.

2119 2669 2261 2724 illius
2304 2669 2513 2738 bestire,
2557 2680 2853 2728 amatorem
2900 2672 3125 2727 fetorem
3170 2672 3294 2728 frui.
3347 2675 3512 2729 Istum
3546 2677 3709 2731 enim.

2118 2763 2536 2830 prachonorahat
2584 2765 2896 2836 unguentis.
2950 2766 3047 2819 Ast
3099 2764 3323 2833 pudicus
3364 2766 3711 2835 amplectens

2121 2855 2335 2908 vincula
2393 2855 2585 2925 magis,
2629 2871 2789 2925 quant
2845 2864 3094 2909 ornatum
3152 2853 3458 2925 Egyptiat;
3506 2872 3698 2910 amans

2118 2946 2402 3000 oculorum
2442 2948 2696 3003 tenebras
2740 2959 2963 3019 propter
2991 2949 3169 3005 lumen
3200 2952 3435 3014 animas;
3469 2950 3701 3005 libenter:

2122 3038 2351 3092 audiens
2379 3039 2612 3108 gemitus
2650 3041 2889 3094 carceris
2906 3080 2932 3106 ,κ
2950 3057 3109 3106 quam
3154 3042 3345 3098 videns
3399 3042 3599 3113 lapides
3633 3042 3707 3096 in.

2120 3126 2395 3181 luxuriosa
2433 3127 2609 3183 fronte
2661 3138 2716 3184 et
2751 3129 3046 3186 inuuuuda.
3101 3129 3202 3187 Ubi
3239 3146 3371 3202 ergo
3406 3141 3527 3187 sunt
3553 3146 3714 3201 prato.

442 3235 532 3302 qui
573 3239 639 3289 ad
666 3251 850 3291 vocem
881 3238 996 3304 ejus
1021 3249 1399 3300 cucurr-erant,
1447 3248 1500 3292 et
1530 3239 1708 3292 tunica
1742 3254 1860 3306 qua:
1893 3238 2017 3292 reti-

2122 3218 2434 3274 dictiones?
2458 3218 2572 3274 Noli
2603 3234 2918 3292 properare,
2952 3234 3005 3278 et
3033 3224 3240 3279 audies.
3277 3222 3695 3279 lrasciturPha-

442 3329 689 3394 uehatur,
752 3330 1002 3384 movebat
1053 3331 1325 3385 dominum
1367 3331 1433 3385 ad
1475 3332 1915 3400 indignationem,
1963 3342 2019 3387 et

440 3418 619 3475 honor
645 3421 733 3488 qui
773 3431 889 3475 erat
932 3423 1088 3475 datus
1114 3423 1160 3475 ei
1191 3423 1283 3493 qui
1335 3422 1512 3476 fuerat
1563 3425 1871 3479 distractus.
1910 3424 2021 3478 Mo-

438 3511 599 3565 vebat
632 3522 810 3567 autem
849 3522 902 3566 ct
942 3514 1303 3583 suspicionem
1346 3514 1709 3584 pulchritudo.
1768 3514 1832 3568 Et
1876 3524 2019 3569 tanta

442 3605 661 3674 quidem
693 3614 849 3659 erant
873 3621 997 3672 quas
1016 3608 1082 3661 ad
1117 3607 1274 3660 fldem
1301 3608 1685 3677 provocabaut.
1718 3601 2029 3662 Snﬂiciebat

450 3704 634 3750 autem
672 3697 738 3750 ad
787 3698 970 3766 cperis
1016 3698 1403 3753 dubitatioan
1449 3698 1597 3766 pueri
1648 3699 1911 3767 sapientia
1969 3709 2027 3753 et

444 3785 805 3857 pulchritudo.
869 3787 976 3841 Cur
1032 3788 1175 3842 enim
1240 3803 1363 3842 eum
1433 3802 1538 3842 non
1601 3789 1781 3842 statim
1840 3789 2035 3859 dispaq

447 3879 589 3933 ravit
610 3879 762 3951 (35)?
786 3881 910 3949 quia
952 3879 1153 3935 sciebat
1178 3882 1329 3949 pueri
1362 3893 1539 3933 mores
1571 3897 1585 3933 :
1613 3881 1819 3935 medius
1842 3890 2021 3934 autem

448 3968 621 4025 factus
647 3971 767 4025 fidei
803 3981 859 4027 et
901 3970 1261 4025 incredulitati
1290 3970 1587 4036 dilauiavit,
1636 3973 1727 4026 sed
1775 3972 2037 4027 dubitans

450 4075 555 4115 non
589 4062 903 4131 disparavit.
938 4062 1002 4116 Et
1024 4063 1241 4132 quidem
1278 4062 1451 4132 ipsum
1478 4064 1601 4130 quia
1636 4080 1741 4119 non
1778 4065 2024 4126 credidit,

450 4155 515 4206 ad
539 4169 812 4209 carcerem
846 4156 996 4209 misit
1021 4170 1036 4208 :
1060 4155 1150 4225 qui
1176 4166 1227 4210 et
1251 4166 1534 4225 susceptus
1563 4166 1669 4212 est.
1706 4155 1836 4222 Quae
1865 4156 2029 4224 igitur

449 4247 911 4301 dinumerabimus
938 4246 1179 4318 .lnseph?
1220 4230 1417 4301 bonam
1448 4249 1565 4318 ejus
1593 4248 2024 4316 interfectionem

450 4338 562 4412 (56)
589 4342 827 4393 dicemus
856 4359 869 4395 :
897 4352 985 4394 aut
1020 4342 1213 4394 bonam
1252 4339 1608 4408 jactationem
1643 4342 1693 4394 in
1738 4341 1887 4405 lacu;
1931 4342 2025 4395 sed

450 4430 881 4495 distractionem,
906 4431 998 4485 sed
1034 4430 1385 4499 servitutem;
1416 4442 1536 4502 post
1563 4434 1678 4486 haec
1714 4432 1810 4487 sed
1840 4448 2031 4487 exsur-

451 4526 742 4580 ret-tionem
775 4524 1020 4580 tuolieris
1065 4526 1382 4610 impudicae;
1422 4526 1516 4581 sed
1563 4525 1761 4579 factam
1818 4526 2025 4581 calum-

2123 3349 2220 3387 rao
2243 3334 2452 3388 duobus
2483 3334 2666 3403 pueris
2696 3332 2810 3388 suis
2836 3336 3061 3389 summis
3101 3350 3133 3390 e
3168 3334 3472 3391 ministerio
3496 3334 3565 3398 ",
3587 3334 3722 3391 iram

2125 3435 2214 3479 tus
2247 3436 2331 3480 est
2365 3426 2592 3491 Pharao,
2638 3426 2765 3494 quia
2822 3428 3091 3496 propitius
3136 3439 3255 3481 erat
3286 3423 3484 3498 Joseph
3537 3426 3705 3483 Deus.

2123 3515 2408 3571 Mittuntur
2436 3518 2502 3570 ad
2540 3532 2837 3583 carcerem,
2862 3530 2916 3573 et
2942 3519 3101 3572 siutul
3137 3536 3261 3574 cum
3291 3518 3493 3589 Joseph
3525 3519 3707 3575 reclu-

2125 3609 2343 3661 duntur.
2366 3607 2566 3677 Joseph
2601 3618 2780 3662 autem
2811 3618 2865 3663 et
2896 3608 2949 3662 iu
2980 3624 3198 3664 carcere
3235 3619 3290 3664 et
3337 3610 3458 3665 istic
3501 3609 3705 3666 fidelis.

2127 3696 2281 3751 Sicut
2333 3696 2478 3750 enim
2534 3695 2798 3752 creditam
2866 3699 3075 3767 accepit
3135 3699 3353 3754 donmm
3426 3699 3722 3771 Egyptii,

2126 3788 2417 3842 custodivit
2477 3787 2636 3844 ﬁdem
2695 3787 2859 3843 etiam
2916 3804 3041 3845 cum
3089 3791 3532 3849 calutuuiaretur.
3584 3792 3721 3847 Non.

2126 3882 2268 3933 enim
2293 3880 2483 3934 detulit
2509 3880 2789 3949 datuntun,
2821 3884 2916 3936 sed
2953 3898 3145 3952 passus
3181 3892 3264 3937 est
3300 3885 3413 3952 ipse
3446 3884 3707 3956 iniuriam

2127 3974 2235 4042 pati
2266 3986 2427 4041 quam
2463 3971 2661 4035 ﬁcere,
2710 3982 2768 4027 et
2794 3973 3016 4030 dill'erre
3050 3975 3266 4029 domum
3308 3976 3427 4043 ejus
3482 3980 3570 4047 qui
3600 3980 3707 4034 sibi

2125 4064 2451 4120 crediderat.
2477 4064 2781 4120 Creditutur
2821 4077 2876 4121 et
2925 4068 3132 4136 religati
3176 4067 3226 4120 in
3260 4082 3484 4125 carcere
3523 4071 3572 4125 ei
3600 4072 3695 4140 qui

2126 4158 2321 4211 eratin
2350 4173 2591 4213 carcere.
2655 4159 2779 4217 Flos
2822 4160 2966 4213 enim
3014 4159 3288 4227 pudicitiae
3337 4162 3705 4216 annuntiabat

2130 4260 2225 4313 per
2250 4246 2478 4301 frontem
2511 4264 2758 4318 puerum.
2794 4247 2862 4306 Et
2897 4248 2948 4301 iu
2982 4257 3128 4301 tanta
3169 4249 3499 4304 abundantia
3540 4251 3712 4306 habe-

2132 4338 2223 4391 bat
2243 4337 2517 4404 solatium,
2540 4351 2600 4394 ut
2631 4342 2741 4411 ipse
2781 4349 2925 4394 esset
2945 4341 3035 4409 qui
3076 4340 3454 4397 consolaretur
3483 4345 3728 4398 tristan-.

2132 4440 2230 4485 tes.
2263 4430 2503 4487 llahebat
2532 4434 2674 4487 enim
2721 4432 2954 4487 frontem
2997 4434 3253 4503 pudicitia
3294 4436 3709 4503 germinantem.

2135 4520 2380 4591 Suscepit
2402 4533 2455 4577 et
2489 4539 2685 4593 pueros
2710 4526 3031 4590 Pharaonis,
3058 4543 3261 4597 eosque
3294 4530 3475 4583 statim
3512 4544 3713 4584 conso-

451 4615 595 4670 niam
620 4624 675 4668 et
701 4615 1102 4670 accusationem
1125 4597 1326 4670 falsam
1369 4615 1423 4670 in
1463 4616 1871 4669 adamantinqu
1899 4618 2020 4672 adeo
2058 4596 2101 4652 υ
2131 4612 2274 4666 latur
2301 4632 2315 4668 :
2343 4616 2467 4683 quia
2514 4626 2634 4671 erat
2677 4616 2957 4687 snscept‘or
3010 4631 3064 4673 et
3119 4635 3285 4690 nepos
3341 4621 3597 4685 Abralue,
3653 4631 3713 4675 et

452 4709 761 4763 lescentem.
796 4706 909 4762 Non
939 4718 1020 4763 est
1044 4707 1254 4763 loeutus
1279 4706 1479 4778 Joseplt
1511 4729 1524 4764 :
1561 4726 1665 4762 non
1715 4708 1841 4764 fecit
1890 4711 2035 4767 satis

454 4800 544 4869 qui
590 4800 1058 4854 calumniabatur:
1092 4817 1197 4855 non
1245 4811 1330 4857 est
1389 4803 1648 4857 confusus
1705 4818 1803 4871 pro
1849 4800 2027 4870 impu-

453 4892 636 4959 denti;
680 4892 866 4945 maluit
891 4893 1024 4947 mori
1066 4893 1450 4960 caluumialns,
1478 4911 1638 4963 quant
1684 4896 1760 4949 uti
1805 4897 2029 4951 veritate

455 4986 519 5038 ad
540 4987 788 5040 salutem.
815 4984 980 5039 Putas
1004 4996 1057 5039 et
1085 4987 1202 5042 istic
1230 4987 1472 5043 imitator
1507 4999 1589 5043 est
1612 4997 1666 5043 et
1690 4986 1861 5042 forma
1890 4989 2028 5058 ejus,

455 5081 543 5147 qui
572 5095 674 5133 nou
703 5078 915 5149 aperuit
944 5094 1037 5133 eos
1067 5095 1220 5133 suum
1269 5095 1387 5135 cum
1423 5080 1870 5136 calumniaretttr.
1921 5079 2026 5135 Sed

457 5170 652 5239 ioseph
680 5172 874 5225 iterum
924 5174 990 5224 ad
1030 5187 1328 5226 carcerem.
1387 5173 1451 5227 Et
1499 5175 1586 5229 ubi
1608 5185 1692 5229 est
1720 5173 2025 5228 .luda-ortuu

459 5266 619 5335 spes?
669 5266 775 5320 Sed
832 5266 899 5320 de
944 5267 1341 5322 resurrectione
1403 5279 1763 5337 proponentes
1810 5268 2025 5329 dicere,

459 5358 780 5413 meurrinms
811 5358 862 5413 in
904 5359 1240 5415 necessarios
1270 5375 1572 5429 sermones,
1607 5360 1699 5432 qui
1724 5375 1839 5431 ,ηοιι
1866 5360 2024 5414 alieni

527 5519 573 5550 "
600 5521 733 5579 Ceu.
767 5539 955 5592 xxxix,
991 5524 1077 5581 14.
1153 5524 1198 5555 ⁸⁸
1232 5525 1364 5579 ibid.

530 5674 639 5759 (βξ)
675 5675 1002 5733 Honestiam.
1033 5678 1395 5744 Hortatorem,
1437 5690 1492 5734 ιιι
1537 5696 1566 5734 a
1611 5680 1883 5735 modestus
1914 5695 2029 5735 mo-

461 5744 654 5802 άεειίιι.

533 5813 647 5877 (δι)
681 5814 781 5868 Ms.
823 5817 979 5869 Color
1000 5830 1251 5873 mutatus.

557 5819 647 5877 δι)
682 5819 781 5868 Ms.
823 5819 979 5869 Color
1000 5830 1251 5873 mutatus.

533 5819 652 5953 i325)
686 5882 1002 5953 Dispararit.
1042 5888 1378 5955 Dilaceravit,
1412 5888 1645 5944 medium
1679 5889 1867 5945 dillidit

2129 4707 2346 4775 sapiens
2394 4707 2571 4763 valde.
2619 4708 2899 4781 Ingressus
2939 4712 3104 4782 igitur
3152 4716 3204 4768 in
3246 4729 3353 4768 uno
3384 4714 3591 4768 dieruut
3639 4713 3710 4767 ad

2129 4813 2328 4867 pueros
2349 4798 2669 4868 Pharaonis,
2700 4805 2830 4858 vidit
2853 4806 3033 4861 vultus
3062 4824 3248 4861 eorum
3279 4809 3623 4871 immutatos,
3653 4816 3714 4861 et

2132 4894 2397 4949 intellexit
2421 4896 2545 4964 quia
2588 4912 2741 4953 mens
2782 4913 2969 4952 eorum
3010 4910 3130 4955 erat
3171 4901 3381 4955 turbata
3413 4907 3508 4954 :et
3540 4899 3713 4952 inter-

2133 4997 2287 5055 rogat
2316 5001 2562 5052 causam,
2602 5002 2722 5055 qua!
2755 4988 2853 5043 ista
2884 4999 3030 5044 esset
3070 4994 3123 5043 in
3150 4991 3230 5045 eis
3255 4989 3578 5043 immutatio.
3628 4987 3728 5043 Illi.

2134 5087 2314 5132 autem
2350 5090 2604 5147 promunt
2650 5079 2965 5146 insomnia,
2994 5090 3049 5135 et
3093 5082 3209 5136 haec
3254 5080 3508 5148 duplicia.
3558 5077 3714 5135 Sicut

2133 5171 2277 5225 enim
2303 5183 2359 5226 et
2383 5172 2434 5225 iu
2464 5182 2690 5242 paterna
2727 5174 2859 5228 vidit
2885 5174 3046 5227 domo
3072 5214 3084 5234 .
3114 5184 3168 5227 et
3198 5173 3509 5243 procuravit
3540 5171 3706 5237 Deus,

2135 5262 2258 5318 licet
2291 5271 2345 5315 et
2371 5263 2628 5318 contrarii
2660 5264 2761 5318 sibi
2787 5276 2970 5319 essent
2996 5264 3216 5320 somnii.
3244 5263 3459 5319 Primus
3489 5266 3713 5332 exponit

2134 5358 2404 5411 somnium
2450 5357 2540 5426 qui
2575 5358 2785 5412 viderat
2830 5359 3062 5424 bonum,
3106 5370 3163 5413 ut
3212 5358 3520 5414 adhortatio
3556 5358 3713 5416 ﬁeret

1436 5524 1480 5556 δ’
1509 5524 1637 5579 ibid.
1666 5518 1751 5574 15·
1806 5523 1852 5555 ⁸⁸
1879 5522 2015 5578 Gen.
2048 5539 2131 5577 χι..

2209 5678 2319 5748 (56)
2364 5674 2574 5730 Bonam
2628 5691 2743 5748 qua
2792 5673 3211 5748 intergctianent
3292 5668 3559 5748 Videntur
3596 5668 3715 5723 hare

2136 5739 2241 5803 diei
2275 5739 2369 5816 per
2394 5739 2893 5816 interrogationem.
2924 5739 3144 5816 Bancor
3160 5742 3276 5816 eius
3301 5739 3731 5816 interfectionem,

2138 5808 2416 5940 dicentur
2442 5826 2532 5867 aut
2558 5808 2747 5871 brutam
2758 5813 3103 5883 jactationem
3126 5813 3180 5866 in
3212 5813 3331 5866 lacu
3350 5811 3376 5864 .’
3405 5808 3496 5865 sed
3512 5808 3738 5865 diurn-

2139 5891 2359 5942 ctianem
2423 5894 2527 5939 etc.
