4134 6426
365 336 510 401 ωδε

1442 349 1529 403 οε
1569 348 2168 408 RESURRECTIONE.
2209 386 2281 398 —
2318 346 2444 406 LIB.
2486 352 2527 408 l.

3468 360 3603 414 1090

364 460 617 526 tecundo,
642 476 712 517 ne
732 471 949 516 taceret.
982 460 1038 516 Si
1060 460 1201 518 enim
1247 464 1707 537 fuissentutrique
1730 470 1921 522 somnii
1956 486 1999 540 Α
2032 471 2083 523 in
2139 485 2369 524 carcere.
2409 471 2522 525 Non
2555 472 2697 526 enim
2748 473 3054 528 intermittit
3102 474 3241 528 Deus
3299 486 3602 531 sanctorqu

365 550 509 616 boni,
563 551 700 607 forte
728 555 959 621 suspicio
1002 554 1211 621 fuisset,
1268 557 1389 624 quia
1451 566 1676 625 utraque
1723 559 1929 610 donans

358 640 496 698 bene
528 644 907 713 interpretatus
936 656 1016 701 est
1046 645 1275 715 Joseph,
1324 656 1381 701 ut.
1421 664 1513 703 eos
1557 649 1930 704 consolaretur

353 736 557 804 potius,
605 752 764 805 quam
816 752 996 791 veram
1052 739 1549 807 interpretatiOnem
1597 744 1926 796 somniorum

355 827 584 894 diceret,
614 840 663 884 et
697 833 972 887 fortuitum
998 843 1280 902 putaretur
1317 839 1617 907 negotium,
1652 848 1706 891 et
1736 841 1926 892 iterum

356 920 457 997 qui
515 922 870 990 perniciosum
922 927 1131 979 viderat
1185 929 1448 981 somnium
1508 931 1771 983 secundus
1823 947 1926 984 non

356 1010 581 1076 diceret,
630 1023 685 1068 et
730 1031 833 1068 non
888 1018 1040 1070 fieret
1090 1018 1277 1086 duplex
1339 1021 1727 1073 testimonium.
1774 1016 1927 1076 Nunc

356 1112 535 1157 autem
556 1107 769 1174 exponit
796 1110 996 1174 primus
1024 1109 1112 1176 qui
1134 1109 1328 1163 bonum
1361 1112 1594 1165 habebat
1624 1113 1921 1166 somnium.

350 1189 486 1249 Erat
512 1199 657 1249 enim
697 1213 859 1266 supra
889 1202 1100 1253 vineam
1120 1202 1279 1270 regis,
1305 1204 1505 1257 etdicit
1535 1221 1549 1257 :
1590 1201 1755 1257 Vitem
1791 1207 1924 1258 vitle-

351 1284 494 1348 bam,
523 1296 571 1339 et
595 1288 648 1340 in
679 1290 777 1341 uile
804 1298 905 1342 tres
936 1292 1089 1357 [undi
1120 1306 1139 1345 :
1172 1302 1219 1345 et
1245 1295 1356 1360 ipsa
1388 1296 1688 1363 germinans
1733 1296 1925 1349 attule-

349 1385 437 1428 rat
467 1389 702 1432 maturos
735 1381 991 1437 botriones
1017 1402 1132 1438 uva:
1156 1401 1174 1438 .'
1206 1398 1250 1438 et
1278 1386 1419 1440 calix
1451 1387 1659 1440 Pharao
1686 1390 1739 1441 in
1766 1406 1923 1441 natum

343 1481 465 1520 mea
489 1481 509 1519 :
538 1480 583 1522 et
611 1474 808 1540 sumpsi
837 1490 985 1528 uvam
1028 1489 1072 1530 et
1114 1480 1344 1544 expressi
1391 1492 1500 1533 eam
1537 1482 1592 1533 in
1626 1480 1839 1534 calicem
1869 1485 1923 1536 in

344 1562 589 1616 Manibus
646 1561 855 1619 Pharao
921 1568 989 1623 ".
1064 1568 1310 1627 Prudens
1361 1581 1414 1627 et
1487 1574 1921 1641 sapientissimus

348 1651 566 1725 Joseph,
597 1659 686 1726 qui
722 1677 749 1714 a
781 1659 888 1731 Deo
916 1664 1259 1728 etlocehatur,
1284 1669 1465 1720 statim
1497 1669 1562 1723 ad
1601 1669 1922 1737 interpreta-

345 1743 548 1798 tionem
566 1750 734 1801 currit
757 1762 810 1802 et
833 1751 1130 1806 dicitzTres
1154 1755 1307 1822 {andi
1327 1767 1428 1809 tres
1454 1757 1563 1810 dies
1583 1767 1703 1810 sunt
1726 1760 1919 1824 adhuc;

2033 578 2265 623 errores,
2298 562 2523 631 diligens
2556 577 2671 618 eos.
2710 563 2765 616 Si
2799 564 2887 631 qui
2913 575 3249 628 erraverunt,
3274 566 3457 619 statim
3488 583 3605 620 cor-

2033 654 2179 722 rigit,
2208 664 2262 706 ut
2294 670 2396 705 non
2430 664 2644 707 maneat
2677 655 2756 706 eis
2786 656 2835 706 in
2878 655 3101 721 judicio.
3159 654 3300 708 Dixit.
3330 659 3472 710 enim
3506 659 3605 710 ho-

2033 746 2160 797 mini
2199 762 2212 798 :
2270 743 2469 800 Memor
2526 755 2635 799 esto
2666 746 2785 810 mei,
2827 756 2872 799 et
2917 748 3125 800 educito
3176 764 3254 800 me
3303 749 3367 800 de
3399 765 3605 801 carcere

2030 839 2166 901 isto;
2191 838 2536 891 obliviscetur
2560 849 2609 890 te
2637 839 2818 902 homo,
2859 850 2912 891 et
2942 838 3293 905 proteztdetnr
3332 840 3423 892 tibi
3449 841 3604 893 bien-

2032 930 2177 981 ninm
2214 939 2437 997 tempus.
2471 928 2573 982 Sed
2622 946 2726 981 non
2771 939 2851 983 est
2876 930 3076 983 oblitus
3110 929 3249 982 Dens
3280 951 3293 984 :
3331 933 3423 984 sed
3457 935 3607 985 assis

2029 1023 2119 1074 stit
2148 1019 2342 1087 Joseph
2395 1020 2658 1072 Pharaoni
2711 1023 2883 1088 primo
2908 1031 2959 1072 et.
2994 1023 3251 1074 secundo.
3303 1021 3426 1074 Erat
3452 1023 3595 1073 enim

2028 1113 2163 1166 visio
2190 1112 2486 1165 Pharaonis
2515 1112 2562 1143 ⁸⁸
2588 1113 2763 1163 omnis
2792 1113 2856 1163 dc
2883 1110 3124 1177 frugibus
3145 1123 3195 1165 et
3226 1112 3454 1165 cultura.
3486 1114 3596 1166 Illic

2027 1205 2167 1257 enim
2196 1206 2358 1258 boves
2398 1203 2605 1256 femina:
2637 1214 2824 1268 erant;
2851 1213 3057 1272 septem
3101 1206 3250 1258 bona:
3277 1215 3495 1271 aspectu
3543 1215 3599 1258 et

2026 1295 2210 1348 electa:
2240 1297 2517 1357 carnibus,
2544 1305 2597 1348 et
2625 1296 2783 1348 culmi
2809 1310 3012 1365 septem
3041 1296 3310 1364 spicarum
3344 1315 3356 1349 :
3387 1309 3601 1364 oportet

2025 1387 2167 1439 enim
2208 1386 2456 1455 conjungi
2507 1387 2772 1439 insomnia
2826 1389 3002 1453 Spicas
3036 1398 3240 1455 septem
3293 1388 3496 1454 plenas,
3547 1400 3601 1442 et

2025 1489 2228 1543 septem
2275 1489 2480 1532 tenues.
2532 1478 2669 1544 Quia
2720 1474 2875 1531 enim'
2910 1479 3083 1532 Cultus
3140 1491 3293 1531 tcrrtc
3319 1496 3413 1546 per
3438 1482 3604 1533 boves

2024 1567 2276 1631 eilicitur,
2312 1584 2407 1636 per
2433 1569 2639 1622 culmos
2675 1579 2853 1622 autem
2887 1572 3069 1635 spicae,
3105 1570 3169 1622 de
3196 1581 3458 1636 proventu
3502 1587 3601 1622 au-

2025 1669 2132 1713 tem
2163 1670 2216 1713 ct
2258 1662 2396 1715 fame
2426 1674 2584 1715 erant
2630 1663 2900 1716 insomnia
2937 1662 3109 1732 regis;
3142 1677 3236 1730 per
3266 1663 3603 1716 domesticas

2023 1754 2257 1807 visiones
2288 1754 2479 1807 dantur
2503 1765 2557 1808 et
2585 1755 2939 1820 provisioues.
2980 1757 3196 1821 Septem
3249 1766 3404 1809 erant
3436 1759 3599 1823 Spiea:

341 1837 602 1901 triduum,
656 1850 705 1894 et
753 1844 807 1896 in
848 1854 1017 1899 mente
1060 1846 1267 1901 habebit
1321 1847 1529 1902 Pharao
1580 1850 1786 1902 initium
1814 1851 1916 1913 tui,
1952 1845 1991 1899 Β
2022 1840 2211 1909 plenae,
2236 1850 2508 1908 etSt-ptent
2544 1857 2719 1894 vacca-
2748 1843 3003 1911 pingues;
3034 1845 3602 1899 succedebantautem

341 1938 397 1982 et
420 1932 653 1986 restituet
673 1945 721 1988 te
745 1952 898 2003 super
925 1939 1124 1991 vineam
1151 1941 1202 1993 in
1230 1942 1393 2012 o/ﬁcio
1416 1952 1526 2006 tuo,
1548 1952 1594 1995 et
1622 1944 1774 1995 dabis
1796 1942 1919 1995 cali-

344 2039 453 2076 cem
478 2026 529 2077 in
554 2040 740 2081 manus
767 2029 1002 2084 Pharao.
1035 2032 1270 2087 La-tatus
1290 2036 1634 2096 estaudiens,
1661 2044 1713 2088 et
1733 2036 1915 2089 statim

342 2117 571 2171 mutavit
589 2120 820 2174 colorem
840 2122 905 2173 ⁸¹.
934 2122 1185 2177 llortatus
1200 2134 1375 2178 autem
1400 2137 1450 2179 et
1471 2128 1605 2181 alius
1624 2137 1704 2181 est
1721 2137 1919 2180 seruet-

340 2206 516 2275 ipsum
552 2226 565 2262 :
599 2211 829 2266 habebat
857 2224 909 2267 et
947 2215 1060 2282 ipse
1084 2218 1315 2270 similem
1365 2219 1653 2273 visioaem.
1705 2217 1770 2271 Et
1801 2235 1912 2288 ego,

339 2301 537 2370 Inquit,
558 2305 663 2357 vidi
684 2308 964 2362 somniant.
987 2307 1248 2362 Putabant
1275 2325 1355 2362 me
1385 2311 1484 2361 tria
1504 2311 1733 2363 canistra
1751 2311 1915 2361 halice

340 2394 454 2466 (37)
486 2396 667 2450 tollere
704 2415 858 2468 super
888 2413 1041 2467 Caput
1074 2419 1240 2454 meum
1279 2401 1345 2454 ".
1387 2402 1536 2455 Sicut
1561 2402 1668 2455 illic
1703 2402 1827 2464 tria,
1864 2412 1917 2453 et

341 2486 465 2540 istic
490 2488 613 2540 tria.
642 2488 707 2540 Et
731 2490 784 2541 in
815 2491 1043 2544 canistro
1077 2493 1331 2558 superiori
1354 2508 1417 2545 ea:
1434 2493 1669 2545 omnibus
1712 2494 1912 2561 generi-

337 2576 434 2629 bus
466 2576 574 2648 ('58)
608 2595 671 2632 ea:
702 2582 886 2648 quibus
921 2580 1133 2635 Pharao
1167 2599 1257 2636 rex
1288 2582 1657 2647 manducabat,
1680 2600 1805 2651 Opus
1833 2585 1913 2649 pi-

340 2678 580 2724 storum:
619 2680 737 2725 erat
773 2674 915 2726 enim
957 2690 1113 2742 supra
1141 2676 1372 2743 pistores
1413 2693 1425 2728 :
1456 2686 1502 2729 et
1538 2675 1771 2729 volatilia
1801 2677 1917 2729 Cuin

332 2763 668 2815 tomedebant
716 2781 772 2818 ea
822 2766 885 2819 de
935 2770 1165 2820 canistro
1200 2769 1338 2837 quod
1386 2780 1498 2820 erat
1552 2784 1712 2835 supra
1762 2777 1915 2836 caput

332 2866 531 2906 meum.
560 2852 755 2922 Etiam,
784 2856 975 2926 inquit,
996 2868 1041 2910 et
1062 2859 1165 2910 tria
1182 2871 1270 2911 tua
1290 2871 1389 2911 tres
1408 2860 1516 2911 dies
1535 2854 1832 2927 Signiﬁcant
1848 2861 1914 2913 “.

334 2940 583 3012 Sedquia
609 2963 713 3000 non
741 2948 1055 3004 ministrasti
1087 2950 1137 3003 in
1172 2967 1330 3003 manu
1358 2952 1519 3019 regis,
1553 2952 1790 3005 volatilia
1823 2968 1917 3004 au-

335 3041 447 3087 tem
474 3040 828 3093 comedebant
860 3057 958 3108 ea;
988 3043 1333 3096 manifestum
1368 3054 1450 3097 est
1472 3044 1595 3112 quia
1625 3045 1796 3099 inciso
1830 3060 1918 3098 ca-

335 3122 450 3192 pite
484 3135 593 3192 tuo,
628 3140 680 3183 et
711 3131 867 3185 aflixa
925 3147 1090 3186 carne
1124 3132 1295 3198 cruci,
1340 3135 1575 3188 volatilia
1628 3138 1918 3189 manduca-

335 3214 470 3272 bunt
504 3233 695 3274 carnes
716 3231 855 3274 tuas.
888 3222 998 3277 lloc
1020 3226 1161 3277 enim
1190 3227 1477 3279 annuntiat
1497 3228 1765 3280 somnium
1795 3228 1910 3281 tibi.

333 3306 561 3362 Etcum
611 3312 801 3364 tertius
851 3311 1158 3365 advenisset
1184 3313 1316 3377 dies,
1364 3324 1417 3367 et
1450 3316 1591 3384 regis
1630 3316 1916 3369 haberetur

332 3399 551 3464 natalis,
572 3416 778 3456 memor
805 3404 907 3455 fuit
931 3418 1262 3458 summorum
1285 3406 1494 3458 illorum
1520 3406 1910 3461 ministrorum.

332 3488 401 3544 Et
431 3492 505 3545 illi
545 3493 759 3562 quidem
786 3496 879 3564 qui
907 3510 1064 3564 supra
1092 3500 1302 3550 vineam
1336 3506 1456 3550 erat
1484 3497 1733 3551 concedit
1760 3516 1773 3551 :
1818 3513 1911 3550 vo-

330 3589 490 3634 catus
520 3584 662 3635 enim
707 3593 810 3647 est,
857 3593 912 3637 el
944 3586 1093 3638 stetit
1120 3596 1245 3639 ante
1286 3599 1633 3655 conspectuin
1665 3588 1825 3656 regis,
1861 3598 1913 3640 et

334 3672 482 3725 dedit
503 3672 723 3727 calicem
756 3674 807 3727 in
849 3690 1063 3728 manum
1090 3675 1208 3745 ejus
1236 3678 1533 3732 secundum
1582 3677 1912 3747 interpreta-

335 3761 536 3816 tionem
564 3761 782 3832 Joseph.
825 3767 1101 3835 Praapositi
1142 3778 1320 3822 autem
1359 3771 1579 3837 pistoris
1620 3770 1914 3824 admonitio

334 3854 511 3923 magis
552 3854 759 3911 fervere
802 3856 925 3913 fecit
959 3860 1375 3931 indignationem
1417 3864 1582 3931 regis,
1624 3873 1679 3917 et
1709 3864 1912 3916 incide-

333 3945 499 4001 batur
559 3950 753 4018 capite,
810 3962 865 4005 et
910 3952 1151 4007 volatilia
1211 3955 1567 4024 perliciebant
1627 3956 1910 4011 visionem.

334 4041 476 4107 Quid
558 4044 674 4099 haec
743 4049 810 4100 ad
877 4046 1115 4117 Joseph?
1192 4051 1425 4103 maxime
1497 4049 1717 4119 quidem
1790 4051 1913 4119 quia

333 4133 642 4190 intellectus
701 4147 819 4192 erat
871 4138 922 4192 in
973 4155 1035 4194 eo
1089 4150 1145 4195 et
1205 4142 1460 4197 revelatio
1512 4160 1525 4195 :
1580 4154 1635 4196 et
1688 4142 1809 4212 quia
1863 4152 1915 4195 et

332 4238 523 4280 eorum
561 4230 649 4296 qui
710 4230 760 4283 in
797 4247 1017 4287 carcere
1057 4242 1212 4286 crant
1260 4235 1560 4289 consolatio
1594 4236 1912 4299 habebatur,

333 4317 459 4385 quia
482 4327 535 4372 et
560 4319 666 4374 illic
685 4323 948 4377 creditum
979 4332 1063 4377 est
1084 4322 1154 4377 ei.
1189 4323 1401 4379 Dixerat
1435 4334 1613 4379 autem
1646 4326 1753 4379 viui
1784 4342 1915 4396 pra:-

330 4410 546 4477 posito:
581 4411 839 4467 Memento
895 4417 992 4469 mei
1032 4434 1126 4486 per
1180 4419 1503 4486 temetipsum
1550 4435 1666 4470 cum
1700 4421 1904 4485 coeperit

2022 1935 2199 1988 vaccis
2222 1935 2436 2003 quidem
2468 1936 2754 2004 pinguibus
2776 1951 2953 1989 vaccae
2977 1953 3189 2000 macrae,
3227 1939 3391 2006 spicis
3418 1949 3598 1991 autem

2018 2025 2174 2079 bonis
2204 2038 2258 2079 et
2281 2027 2451 2094 plenis
2471 2029 2633 2096 Spicaa
2661 2040 2869 2081 tenues.
2912 2027 3015 2081 Pro
3052 2040 3256 2099 septem
3290 2032 3457 2099 spicis
3488 2031 3602 2099 ple-

2020 2118 2104 2170 nis
2137 2128 2341 2186 septem
2368 2120 2528 2186 spica:
2554 2129 2760 2176 tenues.
2782 2120 3047 2175 Comesta:
3074 2131 3199 2175 sunt
3226 2124 3447 2190 pingues
3478 2137 3605 2175 vac-

2019 2224 2094 2261 ca:
2121 2226 2147 2260 ει
2177 2209 2477 2263 tuacileutis
2501 2212 2698 2276 vaccis,
2726 2222 2782 2265 et
2812 2213 2971 2279 SpiCtB
3004 2228 3031 2265 a
3056 2214 3243 2281 spicis,
3277 2223 3331 2267 et
3362 2213 3413 2266 iu
3454 2214 3598 2266 futile

2021 2300 2318 2354 habebatur
2348 2301 2628 2371 Egyptus,
2686 2314 2739 2357 et
2778 2304 2828 2356 in
2874 2303 3077 2357 turbela
3113 2304 3344 2356 Pharao.
3400 2303 3460 2356 Et
3489 2304 3597 2357 vini

2017 2394 2333 2462 prmpositus
2381 2396 2684 2448 admonitus
2733 2406 2814 2448 est
2863 2395 3047 2449 dicens
3097 2392 3260 2466 (59):
3313 2395 3496 2449 Dicam
3527 2411 3595 2449 an

2019 2483 2266 2537 taceam?
2318 2485 2456 2537 tacui
2510 2492 2657 2537 tanto
2699 2495 2957 2552 tempore.
3007 2485 3111 2540 Sed
3150 2486 3193 2540 si
3237 2502 3339 2539 non
3387 2486 3594 2547 dixero,

2018 2577 2227 2645 perient
2254 2574 2514 2645 Egyptii.
2541 2576 2739 2640 Meum,
2774 2578 2965 2646 inquit,
2989 2592 3255 2639 errorem,
3283 2592 3456 2628 meum
3478 2593 3602 2644 pec-

2018 2675 2196 2721 eatum
2226 2670 2567 2723 admoneam.
2620 2668 2784 2724 Putas
2813 2686 2933 2725 cum
2966 2679 3236 2739 repeteret
3264 2679 3317 2723 et
3355 2670 3595 2724 diceret:

2020 2760 2151 2814 Cum
2183 2760 2351 2813 iratus
2380 2776 2529 2814 esses
2566 2763 2753 2827 nobis;
2787 2762 3081 2816 adtuOttilio
3110 2762 3190 2814 sui
3216 2763 3452 2829 peccati:
3478 2772 3597 2815 erat

2019 2862 2194 2906 autem
2228 2854 2631 2908 taciturnitatis.
2667 2853 2807 2907 Fieri
2842 2853 2985 2906 cuiut
3022 2861 3196 2921 potest
3229 2854 3603 2923 quiautraque

2021 2945 2331 2999 admonitus
2354 2956 2456 3011 est,
2490 2956 2543 2999 et
2579 2958 2804 3014 utraque
2826 2945 2982 2999 dixit.
3019 2944 3157 3009 Quid
3187 2947 3260 2999 ait
3288 2946 3354 2999 ad
3381 2946 3607 3012 regem?

2021 3035 2257 3103 Peccati,
2294 3039 2487 3107 inquit,
2522 3055 2720 3092 memor
2771 3040 2851 3107 fui
2886 3040 3084 3092 hodie:
3116 3038 3329 3091 Pharao
3355 3039 3607 3107 indignae

2022 3140 2105 3185 tus
2127 3140 2203 3186 est
2224 3135 2398 3201 pueris
2436 3135 2568 3190 suis.
2601 3142 2650 3185 et
2687 3134 2824 3186 misit
2860 3149 2953 3185 nos
2990 3134 3042 3185 in
3071 3149 3366 3196 carcerem;
3409 3134 3462 3184 in
3504 3134 3602 3183 do-

2021 3240 2163 3276 mum
2206 3225 2475 3291 praepositi
2512 3208 2795 3291 coqttorum
2842 3240 2922 3276 me
2954 3232 3003 3275 et
3059 3225 3145 3292 qui
3179 3240 3338 3291 supra
3378 3224 3601 3290 pistores

2016 3325 2150 3367 erat.
2189 3314 2250 3367 Et
2293 3315 2512 3369 vidimus
2561 3317 2821 3368 somnium
2857 3327 3067 3379 uterque
3102 3330 3205 3365 una
3248 3324 3427 3377 nocte;
3482 3330 3603 3382 ego,

2017 3406 2194 3457 itidem
2229 3404 2353 3469 ille;
2387 3406 2737 3474 unusquisque
2753 3406 3014 3457 somnium
3045 3404 3292 3459 vidimus.
3337 3404 3464 3459 Erat
3496 3425 3601 3460 au-

2017 3504 2116 3547 tem
2145 3495 2215 3547 ibi
2246 3496 2512 3547 nobiscum
2540 3495 2841 3547 adolescens
2871 3509 2999 3560 puer
3032 3491 3289 3546 Hebraeus
3325 3495 3603 3561 pra'positi

2016 3602 2299 3657 coquorum
2333 3601 2351 3639 :
2380 3598 2426 3637 et
2447 3587 2808 3639 enarrarimus
2837 3585 2938 3649 illi,
2961 3597 3009 3638 et
3038 3588 3396 3653 interpretavit
3422 3589 3596 3654 nobis.

2016 3677 2084 3731 Et
2112 3679 2311 3747 factum
2341 3688 2436 3743 est,
2466 3679 2595 3731 sicut
2616 3680 2990 3744 interpretatus
3024 3678 3192 3746 fuerat
3223 3680 3368 3733 nobis
3382 3681 3459 3733 sic
3484 3698 3599 3734 eve—

2017 3771 2128 3834 nit;
2160 3786 2239 3823 me
2264 3772 2540 3822 restituisti
2572 3770 2629 3822 in
2652 3769 2842 3838 ofﬁcio,
2874 3769 3023 3821 illaut
3060 3780 3234 3823 autem
3254 3774 3593 3840 suspemlisti.

2021 3863 2083 3916 Et
2100 3863 2237 3916 misit
2270 3862 2482 3915 Pltarao
2514 3860 2891 3925 vocariloseph
2917 3862 3006 3917 ⁵⁸⁸.
3031 3862 3288 3917 Couvieta
3320 3866 3461 3918 enim
3482 3865 3601 3933 jam

2019 3956 2192 4009 fuerat
2222 3956 2608 4025 sapientiorutn
2646 3956 2934 4023 sapientia.
2976 3970 3095 4024 qua:
3144 3958 3414 4011 somnium
3452 3962 3597 4027 regis

2019 4045 2360 4113 interpretari
2407 4060 2511 4098 non
2548 4048 2739 4115 potuit.
2780 4045 2846 4100 Et
2873 4046 3173 4101 eduxerunt
3201 4064 3322 4101 eum
3366 4048 3431 4101 de
3465 4066 3594 4101 ear-

2017 4152 2163 4201 cere,
2189 4147 2241 4191 et
2279 4140 2627 4193 totondcrunt
2656 4153 2803 4202 eum,
2830 4147 2882 4190 et
2918 4148 3268 4194 mutaverunt
3303 4141 3597 4195 vestimen-

2016 4238 2125 4283 tum
2177 4229 2312 4297 ejus.
2362 4230 2555 4283 lterum
2598 4247 2628 4285 e
2671 4231 2789 4286 lacu
2835 4231 3060 4300 .losepb,
3088 4232 3284 4287 iterum
3318 4249 3347 4286 e
3376 4248 3603 4287 carcere

2016 4320 2165 4384 exiit,
2212 4329 2266 4374 et
2324 4322 2471 4374 venit
2497 4322 2563 4374 ad
2606 4320 2839 4375 Pharao.
2891 4323 3035 4376 Dixit
3068 4333 3248 4375 autem
3284 4322 3499 4377 Pharao
3527 4326 3603 4376 uel

2016 4408 2214 4478 Joseph
2245 4428 2259 4464 :
2291 4409 2570 4465 Somnium
2630 4414 2759 4477 vidi,
2818 4426 2864 4465 et
2911 4417 3001 4482 qui
3052 4416 3417 4479 interpretetur
3460 4417 3597 4469 illud

331 4504 429 4556 tibi
459 4521 569 4557 esse
618 4509 759 4573 bene,
803 4519 849 4562 et
871 4510 1030 4577 [acies
1061 4512 1115 4564 in
1162 4528 1242 4564 me
1272 4512 1677 4569 miserationem.
1712 4522 1759 4566 et
1802 4529 1908 4566 me-

2020 4519 2121 4555 non
2154 4513 2228 4555 est
2256 4502 2323 4555 ⁸⁷.
2350 4502 2604 4557 Convicta
2636 4504 2904 4571 enimjam
2945 4507 3118 4559 fuerat
3148 4504 3447 4576 Egyplus:
3475 4521 3607 4561 eon-

332 4597 563 4648 morabis
588 4599 652 4650 de
677 4615 756 4650 me
806 4598 1075 4653 Pharaoni
1108 4616 1126 4653 :
1161 4614 1208 4656 et
1250 4605 1434 4657 educes
1468 4618 1547 4656 me
1577 4603 1639 4655 de
1666 4604 1768 4655 isto
1793 4621 1907 4656 car-

335 4699 449 4737 cere
483 4698 504 4739 :
544 4682 790 4756 quoniam
821 4688 961 4757 furto
993 4690 1229 4745 sublatus
1256 4709 1370 4745 sum
1398 4695 1461 4744 tle
1492 4704 1633 4744 terra
1661 4691 1911 4745 Hebr-teo-

336 4789 474 4837 rum,
505 4791 547 4830 et
568 4780 652 4831 hic
676 4782 803 4831 nihil
831 4780 1089 4850 malifeci,
1123 4784 1212 4835 sed
1244 4784 1498 4836 miserunt
1520 4799 1598 4835 me
1628 4784 1678 4835 in
1698 4784 1907 4835 domum

336 4865 438 4918 laci
459 4868 615 4936 hujus
658 4872 726 4923 ".
757 4871 891 4937 Quia
920 4875 1061 4926 enim
1089 4874 1187 4927 hoc
1231 4874 1402 4942 ipsum
1439 4875 1668 4928 credidit
1698 4876 1750 4928 in
1809 4877 1905 4928 lto-

336 4956 502 5019 mine,
532 4959 772 5011 additum
822 4973 905 5016 est
931 4963 979 5017 ei
1012 4963 1311 5017 biennium.
1364 4965 1696 5020 Emendatus
1728 4976 1908 5019 autem

334 5060 416 5103 est
448 5051 517 5105 ob
543 5051 703 5105 istum
732 5067 1034 5107 sermonem
1057 5071 1150 5124 per
1167 5056 1439 5112 biennium
1465 5057 1663 5127 Ioseph
1689 5068 1746 5110 ut
1768 5067 1913 5112 esset

403 5144 448 5218 ’ἦ
475 5144 609 5201 Gen.
642 5164 726 5213 ιι..
746 5148 895 5203 9-11.
972 5151 1017 5181 ⁸³
1037 5151 1162 5205 ibid.
1183 5151 1269 5218 12,
1292 5153 1378 5207 15.
1452 5154 1498 5185 ³³
1524 5154 1652 5209 ibid.
1673 5152 1759 5209 16.

331 5215 375 5248 "
420 5217 547 5272 ibid.
587 5218 668 5273 15.
744 5219 793 5251 ⁸⁸
823 5220 953 5275 ibid.
988 5220 1074 5275 16.

345 5373 366 5387 Ξ
403 5315 514 5387 (57)
574 5314 696 5369 Tria
734 5318 966 5371 canistra
1015 5318 1200 5372 halica.
1254 5319 1447 5373 llaliczr
1491 5333 1584 5373 seu
1630 5320 1821 5373 alicar:
1856 5318 1909 5370 in

332 5385 712 5461 S.:§_eriptura
743 5387 927 5461 Graeca
961 5388 1088 5460 τρία
1116 5388 1592 5461 κανὰίχονδριτῶν.

402 5454 515 5528 (38)
556 5459 634 5510 lix
660 5458 895 5511 omnibus
924 5454 1217 5526 generibus.
1259 5454 1317 5513 lii
1344 5454 1554 5528 vulgata
1588 5462 1909 5528 interpreta-

332 5527 504 5600 tione,
524 5543 696 5580 omnes
726 5531 867 5600 ctbos
893 5530 982 5597 qui
1005 5530 1136 5598 ﬁunt
1170 5543 1282 5600 arte
1307 5527 1546 5600 pistoria.

401 5596 513 5669 (59)
548 5597 857 5651 Admonitus
903 5596 975 5651 est
1006 5596 1216 5654 dicens.
1255 5596 1453 5655 Locum
1491 5603 1632 5654 hunc
1662 5599 1907 5653 videmur

329 5672 408 5740 sic
446 5669 735 5740 esplatiare
766 5683 920 5740 posse
963 5685 1026 5723 ex
1090 5670 1410 5740 Scriptura:
1443 5672 1772 5727 llecordatus
1824 5681 1906 5725 cst

328 5738 542 5807 Josephi
594 5741 798 5811 dicens,
849 5738 1030 5811 Dicam
1070 5743 1177 5811 regi
1216 5738 1282 5794 an
1332 5742 1555 5795 tacebo?
1605 5751 1753 5795 lauto
1786 5741 1899 5811 jam

337 5822 573 5880 tempore
597 5809 737 5863 tacui
779 5828 792 5863 :
828 5807 923 5863 sed
941 5811 983 5863 si
1021 5807 1365 5876 non‘dixero,
1392 5814 1597 5881 pet-ient
1620 5807 1855 5878 IEgyp'tii
1885 5829 1896 5864 :

1836 5152 2028 5206 l“ibid.
2048 5151 2232 5206 16-18.

2019 4596 2155 4649 victa
2194 4605 2245 4650 et
2291 4598 2555 4664 sapientia
2599 4614 2717 4665 qua:
2751 4598 3103 4666 pollicebatur
3140 4599 3327 4653 multa.
3356 4599 3464 4670 Ego
3496 4615 3601 4651 auo

2018 4695 2123 4739 tem
2165 4686 2343 4739 audivi
2374 4688 2439 4739 de
2485 4696 2535 4740 te
2571 4689 2835 4753 dicentes,
2893 4689 3078 4742 audire
3107 4698 3157 4742 te
3189 4690 3398 4743 somnia
3433 4700 3485 4742 et
3518 4692 3597 4741 in-

2014 4778 2296 4846 terpretari
2332 4794 2413 4834 ea.
2476 4779 2750 4834 Confirma
2798 4795 2931 4849 ergo
2987 4781 3142 4835 nobis
3183 4782 3378 4834 famam
3424 4791 3593 4835 tuam.

2014 4866 2321 4940 Religiosus
2360 4881 2539 4925 autem
2588 4869 2788 4940 Jeseplt
2830 4873 3108 4941 respondit
3147 4874 3213 4927 ad
3264 4889 3482 4943 regem,
3541 4884 3597 4926 et

2014 4961 2148 5013 dixit
2189 4980 2202 5015 :
2233 4960 2358 5015 Sine
2380 4962 2486 5015 Deo
2515 4979 2618 5016 non
2654 4962 3051 5030 respondebitur
3081 4964 3317 5018 salutare
3355 4962 3598 5017 Pharao.

2016 5054 2112 5108 Dei
2141 5058 2276 5109 enim
2298 5066 2396 5121 est,
2426 5058 2621 5126 inquit,
2655 5059 3015 5127 interpretatio
3048 5057 3118 5112 ⁵⁸.
3153 5058 3263 5126 Ego
3306 5057 3436 5110 nihil
3471 5072 3598 5141 pos-

2308 5152 2353 5183 η
2384 5152 2510 5206 ibid.
2539 5141 2727 5209 H.151
2803 5151 2850 5182 “
2872 5152 3137 5207 Gemma.
3215 5150 3412 5205 "'ibid.
3432 5150 3591 5206 9-14.

2014 5318 2189 5384 potius
2229 5317 2401 5386 itaque
2434 5330 2637 5377 meum,
2686 5316 2877 5384 inquit,
2907 5332 3174 5379 errorem,
3202 5332 3379 5371 meum
3402 5330 3593 5384 perca-

2020 5397 2128 5439 tum
2158 5388 2504 5440 coulitebor:
2564 5399 2755 5453 nempe
2802 5404 2922 5439 cum
2965 5386 3233 5441 Pharaoni
3284 5396 3595 5442 renarraret

2016 5472 2080 5509 ac
2118 5458 2346 5521 diceret,
2394 5458 2527 5512 Cum
2558 5458 2727 5510 iratus
2758 5473 2907 5511 esses
2957 5459 3133 5519 nobis,
3176 5457 3440 5511 confessio
3469 5467 3599 5512 erat

2013 5527 2095 5580 sui
2122 5530 2324 5595 peccati
2360 5544 2463 5598 quo
2492 5528 2623 5594 regis
2672 5529 2801 5579 iram
2847 5537 3233 5598 prouocauerat,
3278 5538 3388 5580 tum
3424 5530 3598 5582 etiam

2015 5597 2422 5661 taciturnitatis,
2455 5602 2596 5667 quod
2631 5599 2833 5664 accepti
2875 5615 2902 5649 a
2935 5597 3168 5667 Josepho
3210 5599 3455 5652 beneficii
3488 5601 3600 5651 imo

2012 5682 2220 5738 tnetnor
2272 5670 2472 5722 tamdiu
2518 5669 2796 5722 siluisset:
2835 5668 2949 5723 ﬁeri
2979 5674 3121 5724 enim
3153 5676 3329 5738 potest
3369 5677 3425 5721 ut
3472 5670 3599 5737 ejus

2010 5737 2192 5790 animo
2242 5740 2467 5793 subierit
2521 5750 2841 5807 utrumque,
2893 5750 2946 5794 et
3002 5737 3293 5807 utrumque
3338 5739 3408 5794 sit
3460 5756 3596 5793 con-

2011 5809 2205 5862 fessus.
