  <div class='ocr_page' id='page_1' title='image "/cluster/home/n/w/nwhite01/storage/ocr_20150623/24:no.6/coo.31924054873058/560.png"; bbox 0 0 4134 6414; ppageno 0'>
   <div class='ocr_carea' id='block_1_1' title="bbox 362 425 495 484">
    <p class='ocr_par' dir='ltr' id='par_1_1' title="bbox 362 425 495 484">
     <span class='ocr_line' id='line_1_1' title="bbox 362 425 495 484; baseline -0.038 0"><span class='ocrx_word' id='word_1_1' title='bbox 362 425 495 484; x_wconf 63' lang='grc'>1095</span> 
     </span>
    </p>
   </div>
   <div class='ocr_carea' id='block_1_2' title="bbox 1408 391 2505 456">
    <p class='ocr_par' dir='ltr' id='par_1_2' title="bbox 1408 391 2505 456">
     <span class='ocr_line' id='line_1_2' title="bbox 1408 391 2505 456; baseline -0.01 0"><span class='ocrx_word' id='word_1_2' title='bbox 1408 402 1497 456; x_wconf 85' lang='lat' dir='ltr'><strong>DE</strong></span> <span class='ocrx_word' id='word_1_3' title='bbox 1534 392 2129 456; x_wconf 74' lang='lat' dir='ltr'><strong>RESURREUTIONE.</strong></span> <span class='ocrx_word' id='word_1_4' title='bbox 2170 425 2237 435; x_wconf 89' lang='lat'><strong><em>—</em></strong></span> <span class='ocrx_word' id='word_1_5' title='bbox 2274 392 2399 446; x_wconf 80' lang='lat' dir='ltr'><strong>LIB.</strong></span> <span class='ocrx_word' id='word_1_6' title='bbox 2441 391 2505 445; x_wconf 89' lang='grc'><strong>11.</strong></span> 
     </span>
    </p>
   </div>
   <div class='ocr_carea' id='block_1_3' title="bbox 3456 388 3597 443">
    <p class='ocr_par' dir='ltr' id='par_1_3' title="bbox 3456 388 3597 443">
     <span class='ocr_line' id='line_1_3' title="bbox 3456 388 3597 443; baseline 0.007 -1"><span class='ocrx_word' id='word_1_7' title='bbox 3456 388 3597 443; x_wconf 68' lang='grc' dir='ltr'><strong>10ῦῶ</strong></span> 
     </span>
    </p>
   </div>
   <div class='ocr_carea' id='block_1_4' title="bbox 371 540 3564 605">
    <p class='ocr_par' dir='ltr' id='par_1_4' title="bbox 371 540 3564 605">
     <span class='ocr_line' id='line_1_4' title="bbox 371 540 3564 605; baseline -0.009 -15"><span class='ocrx_word' id='word_1_8' title='bbox 371 540 3564 605; x_wconf 46' lang='lat' dir='ltr'><strong>____________________._____.___.-.r___._____———</strong></span> 
     </span>
    </p>
   </div>
   <div class='ocr_carea' id='block_1_5' title="bbox 1444 713 2515 813">
    <p class='ocr_par' dir='ltr' id='par_1_5' title="bbox 1444 713 2515 813">
     <span class='ocr_line' id='line_1_5' title="bbox 1444 713 2515 813; baseline -0.015 1"><span class='ocrx_word' id='word_1_9' title='bbox 1444 725 1805 813; x_wconf 82' lang='lat' dir='ltr'><strong>LIBER</strong></span> <span class='ocrx_word' id='word_1_10' title='bbox 1854 713 2515 809; x_wconf 80' lang='lat' dir='ltr'><strong>SECUNDUS.</strong></span> 
     </span>
    </p>
   </div>
   <div class='ocr_carea' id='block_1_6' title="bbox 432 1074 3604 1168">
    <p class='ocr_par' dir='ltr' id='par_1_6' title="bbox 432 1074 3604 1168">
     <span class='ocr_line' id='line_1_6' title="bbox 432 1074 3604 1168; baseline -0.009 -9"><span class='ocrx_word' id='word_1_11' title='bbox 432 1101 710 1159; x_wconf 67' lang='lat' dir='ltr'><strong>Laztantu&#39;r</strong></span> <span class='ocrx_word' id='word_1_12' title='bbox 739 1097 953 1168; x_wconf 79' lang='lat' dir='ltr'><strong>quidem</strong></span> <span class='ocrx_word' id='word_1_13' title='bbox 978 1093 1103 1148; x_wconf 70' lang='lat' dir='ltr'><strong>coeli</strong></span> <span class='ocrx_word' id='word_1_14' title='bbox 1134 1093 1201 1147; x_wconf 92' lang='lat' dir='ltr'><strong>de</strong></span> <span class='ocrx_word' id='word_1_15' title='bbox 1240 1089 1529 1145; x_wconf 78' lang='lat' dir='ltr'><strong>festivitate</strong></span> <span class='ocrx_word' id='word_1_16' title='bbox 1562 1085 1835 1156; x_wconf 75' lang='lat' dir='ltr'><strong>praesenti,</strong></span> <span class='ocrx_word' id='word_1_17' title='bbox 1879 1082 1930 1137; x_wconf 91' lang='lat' dir='ltr'><strong>in</strong></span> <span class='ocrx_word' id='word_1_18' title='bbox 1964 1089 2009 1147; x_wconf 78' lang='grc' dir='ltr'><strong>Α</strong></span> <span class='ocrx_word' id='word_1_19' title='bbox 2038 1098 2157 1153; x_wconf 67' lang='lat' dir='ltr'><strong>quae</strong></span> <span class='ocrx_word' id='word_1_20' title='bbox 2185 1091 2311 1136; x_wconf 86' lang='lat' dir='ltr'><strong>ante</strong></span> <span class='ocrx_word' id='word_1_21' title='bbox 2341 1093 2553 1135; x_wconf 90' lang='lat' dir='ltr'><strong>crucem</strong></span> <span class='ocrx_word' id='word_1_22' title='bbox 2584 1075 2723 1130; x_wconf 84' lang='lat' dir='ltr'><strong>facta</strong></span> <span class='ocrx_word' id='word_1_23' title='bbox 2757 1083 2882 1131; x_wconf 91' lang='lat' dir='ltr'><strong>sunt</strong></span> <span class='ocrx_word' id='word_1_24' title='bbox 2916 1076 3005 1144; x_wconf 95' lang='lat' dir='ltr'><strong>qui</strong></span> <span class='ocrx_word' id='word_1_25' title='bbox 3057 1074 3154 1129; x_wconf 78' lang='lat' dir='ltr'><strong>fuit</strong></span> <span class='ocrx_word' id='word_1_26' title='bbox 3176 1077 3409 1130; x_wconf 86' lang='lat' dir='ltr'><strong>ostendit</strong></span> <span class='ocrx_word' id='word_1_27' title='bbox 3438 1094 3451 1129; x_wconf 92' lang='lat'><strong>:</strong></span> <span class='ocrx_word' id='word_1_28' title='bbox 3488 1087 3604 1146; x_wconf 81' lang='lat' dir='ltr'><strong>post</strong></span> 
     </span>
    </p>
   </div>
   <div class='ocr_carea' id='block_1_7' title="bbox 362 1180 1939 1267">
    <p class='ocr_par' dir='ltr' id='par_1_7' title="bbox 362 1180 1939 1267">
     <span class='ocr_line' id='line_1_7' title="bbox 362 1180 1939 1267; baseline -0.016 -15"><span class='ocrx_word' id='word_1_29' title='bbox 362 1212 467 1267; x_wconf 85' lang='lat' dir='ltr'><strong>qua</strong></span> <span class='ocrx_word' id='word_1_30' title='bbox 495 1192 777 1248; x_wconf 87' lang='lat' dir='ltr'><strong>Dominum</strong></span> <span class='ocrx_word' id='word_1_31' title='bbox 805 1198 1091 1253; x_wconf 76' lang='lat' dir='ltr'><strong>suscepere</strong></span> <span class='ocrx_word' id='word_1_32' title='bbox 1118 1183 1374 1237; x_wconf 86' lang='lat' dir='ltr'><strong>victorem</strong></span> <span class='ocrx_word' id='word_1_33' title='bbox 1413 1195 1426 1231; x_wconf 92' lang='lat'><strong>:</strong></span> <span class='ocrx_word' id='word_1_34' title='bbox 1468 1180 1677 1231; x_wconf 82' lang='lat' dir='ltr'><strong>laetatur</strong></span> <span class='ocrx_word' id='word_1_35' title='bbox 1697 1184 1752 1229; x_wconf 90' lang='lat' dir='ltr'><strong>et</strong></span> <span class='ocrx_word' id='word_1_36' title='bbox 1783 1188 1939 1228; x_wconf 76' lang='lat' dir='ltr'><strong>exer-</strong></span> 
     </span>
    </p>
   </div>
   <div class='ocr_carea' id='block_1_8' title="bbox 360 1266 1940 1350">
    <p class='ocr_par' dir='ltr' id='par_1_8' title="bbox 360 1266 1940 1350">
     <span class='ocr_line' id='line_1_8' title="bbox 360 1266 1940 1350; baseline -0.015 -11"><span class='ocrx_word' id='word_1_37' title='bbox 360 1266 504 1341; x_wconf 76' lang='lat' dir='ltr'><strong>citus</strong></span> <span class='ocrx_word' id='word_1_38' title='bbox 522 1281 832 1350; x_wconf 76' lang='lat' dir='ltr'><strong>angelorum</strong></span> <span class='ocrx_word' id='word_1_39' title='bbox 856 1276 1154 1345; x_wconf 88' lang='lat' dir='ltr'><strong>suscipiens</strong></span> <span class='ocrx_word' id='word_1_40' title='bbox 1178 1288 1297 1326; x_wconf 87' lang='lat' dir='ltr'><strong>cum</strong></span> <span class='ocrx_word' id='word_1_41' title='bbox 1309 1268 1531 1323; x_wconf 87' lang='lat' dir='ltr'><strong>victoria</strong></span> <span class='ocrx_word' id='word_1_42' title='bbox 1560 1281 1735 1336; x_wconf 85' lang='lat' dir='ltr'><strong>regem</strong></span> <span class='ocrx_word' id='word_1_43' title='bbox 1758 1284 1770 1320; x_wconf 90' lang='lat'><strong>:</strong></span> <span class='ocrx_word' id='word_1_44' title='bbox 1793 1266 1940 1318; x_wconf 49' lang='lat' dir='ltr'><strong>lata-</strong></span> 
     </span>
    </p>
   </div>
   <div class='ocr_carea' id='block_1_9' title="bbox 369 1358 1939 1443">
    <p class='ocr_par' dir='ltr' id='par_1_9' title="bbox 369 1358 1939 1443">
     <span class='ocr_line' id='line_1_9' title="bbox 369 1358 1939 1443; baseline -0.015 -11"><span class='ocrx_word' id='word_1_45' title='bbox 369 1388 451 1432; x_wconf 91' lang='lat' dir='ltr'><strong>tnr</strong></span> <span class='ocrx_word' id='word_1_46' title='bbox 477 1386 531 1430; x_wconf 93' lang='lat' dir='ltr'><strong>et</strong></span> <span class='ocrx_word' id='word_1_47' title='bbox 557 1374 643 1443; x_wconf 91' lang='lat' dir='ltr'><strong>qui</strong></span> <span class='ocrx_word' id='word_1_48' title='bbox 670 1372 868 1442; x_wconf 77' lang='lat' dir='ltr'><strong>genuit,</strong></span> <span class='ocrx_word' id='word_1_49' title='bbox 898 1378 951 1423; x_wconf 93' lang='lat' dir='ltr'><strong>et</strong></span> <span class='ocrx_word' id='word_1_50' title='bbox 972 1367 1119 1421; x_wconf 92' lang='lat' dir='ltr'><strong>misit</strong></span> <span class='ocrx_word' id='word_1_51' title='bbox 1148 1365 1305 1418; x_wconf 88' lang='lat' dir='ltr'><strong>Pater</strong></span> <span class='ocrx_word' id='word_1_52' title='bbox 1326 1378 1356 1416; x_wconf 89' lang='lat' dir='ltr'><strong>a</strong></span> <span class='ocrx_word' id='word_1_53' title='bbox 1379 1360 1583 1416; x_wconf 84' lang='lat' dir='ltr'><strong>dextris</strong></span> <span class='ocrx_word' id='word_1_54' title='bbox 1601 1358 1710 1413; x_wconf 90' lang='lat' dir='ltr'><strong>suis</strong></span> <span class='ocrx_word' id='word_1_55' title='bbox 1732 1358 1939 1410; x_wconf 86' lang='lat' dir='ltr'><strong>habens</strong></span> 
     </span>
    </p>
   </div>
   <div class='ocr_carea' id='block_1_10' title="bbox 368 1452 1941 1529">
    <p class='ocr_par' dir='ltr' id='par_1_10' title="bbox 368 1452 1941 1529">
     <span class='ocr_line' id='line_1_10' title="bbox 368 1452 1941 1529; baseline -0.014 -5"><span class='ocrx_word' id='word_1_56' title='bbox 368 1469 743 1524; x_wconf 87' lang='lat' dir='ltr'><strong>charissimum</strong></span> <span class='ocrx_word' id='word_1_57' title='bbox 780 1461 998 1524; x_wconf 81' lang='lat' dir='ltr'><strong>Filium,</strong></span> <span class='ocrx_word' id='word_1_58' title='bbox 1026 1476 1121 1529; x_wconf 88' lang='lat' dir='ltr'><strong>per</strong></span> <span class='ocrx_word' id='word_1_59' title='bbox 1145 1472 1299 1525; x_wconf 90' lang='lat' dir='ltr'><strong>quem</strong></span> <span class='ocrx_word' id='word_1_60' title='bbox 1326 1466 1535 1509; x_wconf 88' lang='lat' dir='ltr'><strong>mortua</strong></span> <span class='ocrx_word' id='word_1_61' title='bbox 1561 1452 1773 1521; x_wconf 89' lang='lat' dir='ltr'><strong>quidem</strong></span> <span class='ocrx_word' id='word_1_62' title='bbox 1797 1463 1941 1502; x_wconf 91' lang='lat' dir='ltr'><strong>mors</strong></span> 
     </span>
    </p>
   </div>
   <div class='ocr_carea' id='block_1_11' title="bbox 366 1546 1941 1635">
    <p class='ocr_par' dir='ltr' id='par_1_11' title="bbox 366 1546 1941 1635">
     <span class='ocr_line' id='line_1_11' title="bbox 366 1546 1941 1635; baseline -0.015 -17"><span class='ocrx_word' id='word_1_63' title='bbox 366 1564 475 1635; x_wconf 70' lang='lat'><strong>(4&#39;5)</strong></span> <span class='ocrx_word' id='word_1_64' title='bbox 511 1573 614 1625; x_wconf 92' lang='lat' dir='ltr'><strong>est,</strong></span> <span class='ocrx_word' id='word_1_65' title='bbox 654 1566 904 1626; x_wconf 89' lang='lat' dir='ltr'><strong>corrupta</strong></span> <span class='ocrx_word' id='word_1_66' title='bbox 929 1564 1107 1607; x_wconf 90' lang='lat' dir='ltr'><strong>autem</strong></span> <span class='ocrx_word' id='word_1_67' title='bbox 1134 1560 1215 1605; x_wconf 90' lang='lat' dir='ltr'><strong>est</strong></span> <span class='ocrx_word' id='word_1_68' title='bbox 1250 1547 1574 1618; x_wconf 83' lang='lat' dir='ltr'><strong>corruptela,</strong></span> <span class='ocrx_word' id='word_1_69' title='bbox 1594 1556 1647 1601; x_wconf 91' lang='lat' dir='ltr'><strong>et</strong></span> <span class='ocrx_word' id='word_1_70' title='bbox 1669 1546 1941 1599; x_wconf 87' lang='lat' dir='ltr'><strong>destructa</strong></span> 
     </span>
    </p>
   </div>
   <div class='ocr_carea' id='block_1_12' title="bbox 364 1640 1943 1722">
    <p class='ocr_par' dir='ltr' id='par_1_12' title="bbox 364 1640 1943 1722">
     <span class='ocr_line' id='line_1_12' title="bbox 364 1640 1943 1722; baseline -0.016 -11"><span class='ocrx_word' id='word_1_71' title='bbox 364 1669 445 1711; x_wconf 91' lang='lat' dir='ltr'><strong>est</strong></span> <span class='ocrx_word' id='word_1_72' title='bbox 467 1653 668 1709; x_wconf 86' lang='lat' dir='ltr'><strong>diaboli</strong></span> <span class='ocrx_word' id='word_1_73' title='bbox 701 1648 968 1722; x_wconf 87' lang='lat' dir='ltr'><strong>tyrannia,</strong></span> <span class='ocrx_word' id='word_1_74' title='bbox 1002 1655 1052 1699; x_wconf 93' lang='lat' dir='ltr'><strong>et</strong></span> <span class='ocrx_word' id='word_1_75' title='bbox 1068 1642 1258 1699; x_wconf 89' lang='lat' dir='ltr'><strong>salvati</strong></span> <span class='ocrx_word' id='word_1_76' title='bbox 1283 1649 1406 1695; x_wconf 90' lang='lat' dir='ltr'><strong>sunt</strong></span> <span class='ocrx_word' id='word_1_77' title='bbox 1434 1640 1698 1703; x_wconf 85' lang='lat' dir='ltr'><strong>homines,</strong></span> <span class='ocrx_word' id='word_1_78' title='bbox 1730 1648 1783 1692; x_wconf 92' lang='lat' dir='ltr'><strong>ct</strong></span> <span class='ocrx_word' id='word_1_79' title='bbox 1814 1652 1943 1702; x_wconf 86' lang='lat' dir='ltr'><strong>gau-</strong></span> 
     </span>
    </p>
   </div>
   <div class='ocr_carea' id='block_1_13' title="bbox 363 1727 1944 1813">
    <p class='ocr_par' dir='ltr' id='par_1_13' title="bbox 363 1727 1944 1813">
     <span class='ocr_line' id='line_1_13' title="bbox 363 1727 1944 1813; baseline -0.013 -12"><span class='ocrx_word' id='word_1_80' title='bbox 363 1749 506 1801; x_wconf 91' lang='lat' dir='ltr'><strong>dium</strong></span> <span class='ocrx_word' id='word_1_81' title='bbox 540 1750 863 1813; x_wconf 83' lang='lat' dir='ltr'><strong>accepcrunt</strong></span> <span class='ocrx_word' id='word_1_82' title='bbox 889 1738 1081 1808; x_wconf 84' lang='lat' dir='ltr'><strong>angeli.</strong></span> <span class='ocrx_word' id='word_1_83' title='bbox 1117 1736 1230 1790; x_wconf 81' lang='lat' dir='ltr'><strong>Non</strong></span> <span class='ocrx_word' id='word_1_84' title='bbox 1261 1746 1342 1789; x_wconf 90' lang='lat' dir='ltr'><strong>est</strong></span> <span class='ocrx_word' id='word_1_85' title='bbox 1361 1748 1550 1799; x_wconf 88' lang='lat' dir='ltr'><strong>passus</strong></span> <span class='ocrx_word' id='word_1_86' title='bbox 1574 1739 1752 1784; x_wconf 92' lang='lat' dir='ltr'><strong>autem</strong></span> <span class='ocrx_word' id='word_1_87' title='bbox 1773 1727 1944 1795; x_wconf 87' lang='lat' dir='ltr'><strong>Spiri-</strong></span> 
     </span>
    </p>
   </div>
   <div class='ocr_carea' id='block_1_14' title="bbox 364 1818 1945 1899">
    <p class='ocr_par' dir='ltr' id='par_1_14' title="bbox 364 1818 1945 1899">
     <span class='ocr_line' id='line_1_14' title="bbox 364 1818 1945 1899; baseline -0.013 -6"><span class='ocrx_word' id='word_1_88' title='bbox 364 1849 447 1893; x_wconf 89' lang='lat' dir='ltr'><strong>tus</strong></span> <span class='ocrx_word' id='word_1_89' title='bbox 471 1845 721 1891; x_wconf 90' lang='lat' dir='ltr'><strong>sanctus:</strong></span> <span class='ocrx_word' id='word_1_90' title='bbox 741 1831 834 1886; x_wconf 89' lang='lat' dir='ltr'><strong>sed</strong></span> <span class='ocrx_word' id='word_1_91' title='bbox 856 1846 949 1899; x_wconf 88' lang='lat' dir='ltr'><strong>per</strong></span> <span class='ocrx_word' id='word_1_92' title='bbox 964 1830 1202 1883; x_wconf 91' lang='lat' dir='ltr'><strong>omnium</strong></span> <span class='ocrx_word' id='word_1_93' title='bbox 1227 1825 1504 1880; x_wconf 88' lang='lat' dir='ltr'><strong>hominum</strong></span> <span class='ocrx_word' id='word_1_94' title='bbox 1522 1823 1734 1892; x_wconf 84' lang='lat' dir='ltr'><strong>linguas</strong></span> <span class='ocrx_word' id='word_1_95' title='bbox 1755 1818 1945 1874; x_wconf 82' lang='lat' dir='ltr'><strong>victori</strong></span> 
     </span>
    </p>
   </div>
   <div class='ocr_carea' id='block_1_15' title="bbox 362 1909 1944 1987">
    <p class='ocr_par' dir='ltr' id='par_1_15' title="bbox 362 1909 1944 1987">
     <span class='ocr_line' id='line_1_15' title="bbox 362 1909 1944 1987; baseline -0.011 -7"><span class='ocrx_word' id='word_1_96' title='bbox 362 1926 554 1980; x_wconf 79' lang='lat' dir='ltr'><strong>obtulit</strong></span> <span class='ocrx_word' id='word_1_97' title='bbox 572 1921 921 1987; x_wconf 80' lang='lat' dir='ltr'><strong>laudes.Quia</strong></span> <span class='ocrx_word' id='word_1_98' title='bbox 934 1919 1073 1973; x_wconf 88' lang='lat' dir='ltr'><strong>enim</strong></span> <span class='ocrx_word' id='word_1_99' title='bbox 1087 1918 1323 1971; x_wconf 91' lang='lat' dir='ltr'><strong>omnium</strong></span> <span class='ocrx_word' id='word_1_100' title='bbox 1341 1916 1639 1985; x_wconf 77' lang='lat' dir='ltr'><strong>linguarum</strong></span> <span class='ocrx_word' id='word_1_101' title='bbox 1654 1909 1944 1973; x_wconf 87' lang='lat' dir='ltr'><strong>eratsalus,</strong></span> 
     </span>
    </p>
   </div>
   <div class='ocr_carea' id='block_1_16' title="bbox 359 1998 1946 2083">
    <p class='ocr_par' dir='ltr' id='par_1_16' title="bbox 359 1998 1946 2083">
     <span class='ocr_line' id='line_1_16' title="bbox 359 1998 1946 2083; baseline -0.013 -11"><span class='ocrx_word' id='word_1_102' title='bbox 359 2017 481 2072; x_wconf 89' lang='lat' dir='ltr'><strong>ideo</strong></span> <span class='ocrx_word' id='word_1_103' title='bbox 496 2017 643 2071; x_wconf 90' lang='lat' dir='ltr'><strong>omni</strong></span> <span class='ocrx_word' id='word_1_104' title='bbox 675 2015 854 2083; x_wconf 85' lang='lat' dir='ltr'><strong>lingua</strong></span> <span class='ocrx_word' id='word_1_105' title='bbox 879 2025 972 2080; x_wconf 88' lang='lat' dir='ltr'><strong>per</strong></span> <span class='ocrx_word' id='word_1_106' title='bbox 988 2023 1082 2062; x_wconf 92' lang='lat' dir='ltr'><strong>ora</strong></span> <span class='ocrx_word' id='word_1_107' title='bbox 1106 2006 1468 2076; x_wconf 84' lang='lat' dir='ltr'><strong>apostolorum</strong></span> <span class='ocrx_word' id='word_1_108' title='bbox 1502 2003 1709 2057; x_wconf 89' lang='lat' dir='ltr'><strong>locutus</strong></span> <span class='ocrx_word' id='word_1_109' title='bbox 1734 2010 1813 2055; x_wconf 92' lang='lat' dir='ltr'><strong>est</strong></span> <span class='ocrx_word' id='word_1_110' title='bbox 1833 1998 1946 2069; x_wconf 87' lang='lat' dir='ltr'><strong>Spi-</strong></span> 
     </span>
    </p>
   </div>
   <div class='ocr_carea' id='block_1_17' title="bbox 362 2095 1943 2172">
    <p class='ocr_par' dir='ltr' id='par_1_17' title="bbox 362 2095 1943 2172">
     <span class='ocr_line' id='line_1_17' title="bbox 362 2095 1943 2172; baseline -0.011 -10"><span class='ocrx_word' id='word_1_111' title='bbox 362 2111 519 2162; x_wconf 83' lang='lat' dir='ltr'><strong>ritus.</strong></span> <span class='ocrx_word' id='word_1_112' title='bbox 548 2108 613 2160; x_wconf 85' lang='lat' dir='ltr'><strong>Et</strong></span> <span class='ocrx_word' id='word_1_113' title='bbox 640 2105 837 2159; x_wconf 80' lang='lat' dir='ltr'><strong>exinde</strong></span> <span class='ocrx_word' id='word_1_114' title='bbox 859 2102 969 2172; x_wconf 85' lang='lat' dir='ltr'><strong>jam</strong></span> <span class='ocrx_word' id='word_1_115' title='bbox 996 2100 1422 2166; x_wconf 81' lang='lat' dir='ltr'><strong>vocabatgentes</strong></span> <span class='ocrx_word' id='word_1_116' title='bbox 1448 2112 1543 2165; x_wconf 87' lang='lat' dir='ltr'><strong>per</strong></span> <span class='ocrx_word' id='word_1_117' title='bbox 1572 2095 1903 2149; x_wconf 86' lang='lat' dir='ltr'><strong>initiamenta</strong></span> <span class='ocrx_word' id='word_1_118' title='bbox 1928 2107 1943 2145; x_wconf 91' lang='lat'><strong>:</strong></span> 
     </span>
    </p>
   </div>
   <div class='ocr_carea' id='block_1_18' title="bbox 362 2183 1944 2269">
    <p class='ocr_par' dir='ltr' id='par_1_18' title="bbox 362 2183 1944 2269">
     <span class='ocr_line' id='line_1_18' title="bbox 362 2183 1944 2269; baseline -0.012 -15"><span class='ocrx_word' id='word_1_119' title='bbox 362 2199 695 2269; x_wconf 84' lang='lat' dir='ltr'><strong>implebatur</strong></span> <span class='ocrx_word' id='word_1_120' title='bbox 722 2205 900 2249; x_wconf 88' lang='lat' dir='ltr'><strong>autem</strong></span> <span class='ocrx_word' id='word_1_121' title='bbox 943 2204 996 2247; x_wconf 90' lang='lat' dir='ltr'><strong>et</strong></span> <span class='ocrx_word' id='word_1_122' title='bbox 1017 2190 1369 2263; x_wconf 66' lang='lat' dir='ltr'><strong>praecedentis</strong></span> <span class='ocrx_word' id='word_1_123' title='bbox 1410 2185 1716 2243; x_wconf 74' lang='lat' dir='ltr'><strong>festivitatis</strong></span> <span class='ocrx_word' id='word_1_124' title='bbox 1744 2183 1944 2237; x_wconf 64' lang='lat' dir='ltr'><strong>laetitia.</strong></span> 
     </span>
    </p>
   </div>
   <div class='ocr_carea' id='block_1_19' title="bbox 364 2273 1948 2343">
    <p class='ocr_par' dir='ltr' id='par_1_19' title="bbox 364 2273 1948 2343">
     <span class='ocr_line' id='line_1_19' title="bbox 364 2273 1948 2343; baseline -0.013 0"><span class='ocrx_word' id='word_1_125' title='bbox 364 2288 573 2343; x_wconf 80' lang='lat' dir='ltr'><strong>Pascha</strong></span> <span class='ocrx_word' id='word_1_126' title='bbox 619 2286 762 2340; x_wconf 91' lang='lat' dir='ltr'><strong>enim</strong></span> <span class='ocrx_word' id='word_1_127' title='bbox 808 2282 1116 2338; x_wconf 78' lang='lat' dir='ltr'><strong>festivitatis</strong></span> <span class='ocrx_word' id='word_1_128' title='bbox 1149 2278 1336 2334; x_wconf 85' lang='lat' dir='ltr'><strong>mortis</strong></span> <span class='ocrx_word' id='word_1_129' title='bbox 1376 2283 1770 2333; x_wconf 88' lang='lat' dir='ltr'><strong>sacramentum</strong></span> <span class='ocrx_word' id='word_1_130' title='bbox 1806 2273 1857 2325; x_wconf 92' lang='lat' dir='ltr'><strong>in</strong></span> <span class='ocrx_word' id='word_1_131' title='bbox 1890 2285 1948 2324; x_wconf 86' lang='lat' dir='ltr'><strong>se</strong></span> 
     </span>
    </p>
   </div>
   <div class='ocr_carea' id='block_1_20' title="bbox 371 2363 1949 2442">
    <p class='ocr_par' dir='ltr' id='par_1_20' title="bbox 371 2363 1949 2442">
     <span class='ocr_line' id='line_1_20' title="bbox 371 2363 1949 2442; baseline -0.009 -11"><span class='ocrx_word' id='word_1_132' title='bbox 371 2379 809 2440; x_wconf 85' lang='lat' dir='ltr'><strong>continens,tunc</strong></span> <span class='ocrx_word' id='word_1_133' title='bbox 831 2371 1513 2442; x_wconf 83' lang='lat' dir='ltr'><strong>recipiebatfructum.cum</strong></span> <span class='ocrx_word' id='word_1_134' title='bbox 1540 2363 1949 2420; x_wconf 86' lang='lat' dir='ltr'><strong>liebatrecursio</strong></span> 
     </span>
    </p>
   </div>
   <div class='ocr_carea' id='block_1_21' title="bbox 2038 1168 3603 1238">
    <p class='ocr_par' dir='ltr' id='par_1_21' title="bbox 2038 1168 3603 1238">
     <span class='ocr_line' id='line_1_21' title="bbox 2038 1168 3603 1238; baseline -0.006 -6"><span class='ocrx_word' id='word_1_135' title='bbox 2038 1184 2264 1233; x_wconf 91' lang='lat' dir='ltr'><strong>mortem</strong></span> <span class='ocrx_word' id='word_1_136' title='bbox 2314 1183 2488 1227; x_wconf 90' lang='lat' dir='ltr'><strong>autem</strong></span> <span class='ocrx_word' id='word_1_137' title='bbox 2546 1169 2811 1224; x_wconf 86' lang='lat' dir='ltr'><strong>mirabilia</strong></span> <span class='ocrx_word' id='word_1_138' title='bbox 2845 1184 2964 1238; x_wconf 61' lang='lat' dir='ltr'><strong>quae</strong></span> <span class='ocrx_word' id='word_1_139' title='bbox 3008 1183 3103 1236; x_wconf 83' lang='lat' dir='ltr'><strong>per</strong></span> <span class='ocrx_word' id='word_1_140' title='bbox 3144 1168 3413 1238; x_wconf 87' lang='lat' dir='ltr'><strong>apostolos</strong></span> <span class='ocrx_word' id='word_1_141' title='bbox 3462 1168 3603 1223; x_wconf 83' lang='lat' dir='ltr'><strong>facta</strong></span> 
     </span>
    </p>
   </div>
   <div class='ocr_carea' id='block_1_22' title="bbox 2037 1258 3606 1332">
    <p class='ocr_par' dir='ltr' id='par_1_22' title="bbox 2037 1258 3606 1332">
     <span class='ocr_line' id='line_1_22' title="bbox 2037 1258 3606 1332; baseline -0.006 -9"><span class='ocrx_word' id='word_1_142' title='bbox 2037 1277 2185 1332; x_wconf 84' lang='lat' dir='ltr'><strong>sunt,</strong></span> <span class='ocrx_word' id='word_1_143' title='bbox 2219 1258 2546 1321; x_wconf 84' lang='lat' dir='ltr'><strong>continuant</strong></span> <span class='ocrx_word' id='word_1_144' title='bbox 2588 1263 2713 1331; x_wconf 87' lang='lat' dir='ltr'><strong>quia</strong></span> <span class='ocrx_word' id='word_1_145' title='bbox 2746 1262 2837 1329; x_wconf 85' lang='lat' dir='ltr'><strong>qui</strong></span> <span class='ocrx_word' id='word_1_146' title='bbox 2884 1271 3129 1315; x_wconf 91' lang='lat' dir='ltr'><strong>mortuus</strong></span> <span class='ocrx_word' id='word_1_147' title='bbox 3171 1269 3255 1313; x_wconf 90' lang='lat' dir='ltr'><strong>est</strong></span> <span class='ocrx_word' id='word_1_148' title='bbox 3309 1262 3606 1315; x_wconf 79' lang='lat' dir='ltr'><strong>resurrexit</strong></span> 
     </span>
    </p>
   </div>
   <div class='ocr_carea' id='block_1_23' title="bbox 2040 1352 3607 1423">
    <p class='ocr_par' dir='ltr' id='par_1_23' title="bbox 2040 1352 3607 1423">
     <span class='ocr_line' id='line_1_23' title="bbox 2040 1352 3607 1423; baseline -0.005 -8"><span class='ocrx_word' id='word_1_149' title='bbox 2040 1370 2095 1415; x_wconf 90' lang='lat' dir='ltr'><strong>et</strong></span> <span class='ocrx_word' id='word_1_150' title='bbox 2126 1360 2276 1413; x_wconf 74' lang='lat' dir='ltr'><strong>vivit.</strong></span> <span class='ocrx_word' id='word_1_151' title='bbox 2312 1356 2465 1413; x_wconf 85' lang='lat' dir='ltr'><strong>Unde</strong></span> <span class='ocrx_word' id='word_1_152' title='bbox 2488 1365 2543 1409; x_wconf 92' lang='lat' dir='ltr'><strong>et</strong></span> <span class='ocrx_word' id='word_1_153' title='bbox 2572 1352 2774 1421; x_wconf 86' lang='lat' dir='ltr'><strong>majora</strong></span> <span class='ocrx_word' id='word_1_154' title='bbox 2803 1362 3016 1408; x_wconf 90' lang='lat' dir='ltr'><strong>servata</strong></span> <span class='ocrx_word' id='word_1_155' title='bbox 3046 1362 3171 1408; x_wconf 91' lang='lat' dir='ltr'><strong>sunt</strong></span> <span class='ocrx_word' id='word_1_156' title='bbox 3194 1353 3463 1407; x_wconf 86' lang='lat' dir='ltr'><strong>mirabilia</strong></span> <span class='ocrx_word' id='word_1_157' title='bbox 3488 1362 3607 1423; x_wconf 80' lang='lat' dir='ltr'><strong>post</strong></span> 
     </span>
    </p>
   </div>
   <div class='ocr_carea' id='block_1_24' title="bbox 2042 1446 3607 1516">
    <p class='ocr_par' dir='ltr' id='par_1_24' title="bbox 2042 1446 3607 1516">
     <span class='ocr_line' id='line_1_24' title="bbox 2042 1446 3607 1516; baseline -0.002 -12"><span class='ocrx_word' id='word_1_158' title='bbox 2042 1459 2289 1513; x_wconf 90' lang='lat' dir='ltr'><strong>mortem,</strong></span> <span class='ocrx_word' id='word_1_159' title='bbox 2316 1463 2472 1516; x_wconf 89' lang='lat' dir='ltr'><strong>quam</strong></span> <span class='ocrx_word' id='word_1_160' title='bbox 2499 1462 2561 1500; x_wconf 88' lang='lat' dir='ltr'><strong>ea</strong></span> <span class='ocrx_word' id='word_1_161' title='bbox 2594 1461 2711 1515; x_wconf 71' lang='lat' dir='ltr'><strong>quae</strong></span> <span class='ocrx_word' id='word_1_162' title='bbox 2731 1455 2855 1499; x_wconf 89' lang='lat' dir='ltr'><strong>ante</strong></span> <span class='ocrx_word' id='word_1_163' title='bbox 2888 1455 3113 1499; x_wconf 92' lang='lat' dir='ltr'><strong>mortem</strong></span> <span class='ocrx_word' id='word_1_164' title='bbox 3139 1454 3261 1500; x_wconf 89' lang='lat' dir='ltr'><strong>sunt</strong></span> <span class='ocrx_word' id='word_1_165' title='bbox 3286 1446 3443 1500; x_wconf 81' lang='lat' dir='ltr'><strong>facta.</strong></span> <span class='ocrx_word' id='word_1_166' title='bbox 3471 1446 3607 1511; x_wconf 71' lang='lat' dir='ltr'><strong>Quia</strong></span> 
     </span>
    </p>
   </div>
   <div class='ocr_carea' id='block_1_25' title="bbox 2041 1539 3606 1609">
    <p class='ocr_par' dir='ltr' id='par_1_25' title="bbox 2041 1539 3606 1609">
     <span class='ocr_line' id='line_1_25' title="bbox 2041 1539 3606 1609; baseline -0.003 -13"><span class='ocrx_word' id='word_1_167' title='bbox 2041 1543 2185 1597; x_wconf 91' lang='lat' dir='ltr'><strong>enim</strong></span> <span class='ocrx_word' id='word_1_168' title='bbox 2219 1540 2587 1596; x_wconf 90' lang='lat' dir='ltr'><strong>incredibilior</strong></span> <span class='ocrx_word' id='word_1_169' title='bbox 2629 1540 2956 1594; x_wconf 87' lang='lat' dir='ltr'><strong>resurrectio</strong></span> <span class='ocrx_word' id='word_1_170' title='bbox 2987 1539 3195 1593; x_wconf 90' lang='lat' dir='ltr'><strong>Domini</strong></span> <span class='ocrx_word' id='word_1_171' title='bbox 3246 1540 3417 1609; x_wconf 87' lang='lat' dir='ltr'><strong>magis</strong></span> <span class='ocrx_word' id='word_1_172' title='bbox 3444 1556 3606 1608; x_wconf 91' lang='lat' dir='ltr'><strong>quam</strong></span> 
     </span>
    </p>
   </div>
   <div class='ocr_carea' id='block_1_26' title="bbox 2049 1632 3609 1702">
    <p class='ocr_par' dir='ltr' id='par_1_26' title="bbox 2049 1632 3609 1702">
     <span class='ocr_line' id='line_1_26' title="bbox 2049 1632 3609 1702; baseline -0.003 -14"><span class='ocrx_word' id='word_1_173' title='bbox 2049 1635 2314 1690; x_wconf 80' lang='lat' dir='ltr'><strong>adventus</strong></span> <span class='ocrx_word' id='word_1_174' title='bbox 2337 1633 2453 1702; x_wconf 87' lang='lat' dir='ltr'><strong>ejus</strong></span> <span class='ocrx_word' id='word_1_175' title='bbox 2478 1634 2530 1687; x_wconf 94' lang='lat' dir='ltr'><strong>in</strong></span> <span class='ocrx_word' id='word_1_176' title='bbox 2566 1633 2787 1697; x_wconf 88' lang='lat' dir='ltr'><strong>mundo,</strong></span> <span class='ocrx_word' id='word_1_177' title='bbox 2816 1632 3019 1700; x_wconf 84' lang='lat' dir='ltr'><strong>majora</strong></span> <span class='ocrx_word' id='word_1_178' title='bbox 3056 1647 3265 1686; x_wconf 84' lang='lat' dir='ltr'><strong>servata</strong></span> <span class='ocrx_word' id='word_1_179' title='bbox 3304 1644 3428 1686; x_wconf 90' lang='lat' dir='ltr'><strong>sunt</strong></span> <span class='ocrx_word' id='word_1_180' title='bbox 3459 1633 3609 1685; x_wconf 88' lang='lat' dir='ltr'><strong>testi-</strong></span> 
     </span>
    </p>
   </div>
   <div class='ocr_carea' id='block_1_27' title="bbox 2042 1723 3606 1793">
    <p class='ocr_par' dir='ltr' id='par_1_27' title="bbox 2042 1723 3606 1793">
     <span class='ocr_line' id='line_1_27' title="bbox 2042 1723 3606 1793; baseline -0.004 -10"><span class='ocrx_word' id='word_1_181' title='bbox 2042 1727 2144 1783; x_wconf 85' lang='lat' dir='ltr'><strong>bus</strong></span> <span class='ocrx_word' id='word_1_182' title='bbox 2196 1726 2607 1782; x_wconf 81' lang='lat' dir='ltr'><strong>resurrectionis</strong></span> <span class='ocrx_word' id='word_1_183' title='bbox 2637 1724 2927 1789; x_wconf 87' lang='lat' dir='ltr'><strong>mirabilia,</strong></span> <span class='ocrx_word' id='word_1_184' title='bbox 2976 1733 3434 1792; x_wconf 85' lang='lat' dir='ltr'><strong>utagnosceretur</strong></span> <span class='ocrx_word' id='word_1_185' title='bbox 3469 1723 3606 1793; x_wconf 66' lang='grc'><strong>(46⁸)</strong></span> 
     </span>
    </p>
   </div>
   <div class='ocr_carea' id='block_1_28' title="bbox 2045 1816 3611 1891">
    <p class='ocr_par' dir='ltr' id='par_1_28' title="bbox 2045 1816 3611 1891">
     <span class='ocr_line' id='line_1_28' title="bbox 2045 1816 3611 1891; baseline -0.003 -17"><span class='ocrx_word' id='word_1_186' title='bbox 2045 1821 2170 1891; x_wconf 89' lang='lat' dir='ltr'><strong>quia</strong></span> <span class='ocrx_word' id='word_1_187' title='bbox 2203 1831 2444 1875; x_wconf 91' lang='lat' dir='ltr'><strong>mortuus</strong></span> <span class='ocrx_word' id='word_1_188' title='bbox 2470 1819 2687 1889; x_wconf 88' lang='lat' dir='ltr'><strong>quidem</strong></span> <span class='ocrx_word' id='word_1_189' title='bbox 2724 1827 2826 1883; x_wconf 90' lang='lat' dir='ltr'><strong>est,</strong></span> <span class='ocrx_word' id='word_1_190' title='bbox 2857 1817 2947 1872; x_wconf 85' lang='lat' dir='ltr'><strong>sed</strong></span> <span class='ocrx_word' id='word_1_191' title='bbox 2982 1816 3360 1872; x_wconf 81' lang='lat' dir='ltr'><strong>resurrexitob</strong></span> <span class='ocrx_word' id='word_1_192' title='bbox 3393 1816 3611 1886; x_wconf 72' lang='lat' dir='ltr'><strong>dispen-</strong></span> 
     </span>
    </p>
   </div>
   <div class='ocr_carea' id='block_1_29' title="bbox 2044 1907 3611 1979">
    <p class='ocr_par' dir='ltr' id='par_1_29' title="bbox 2044 1907 3611 1979">
     <span class='ocr_line' id='line_1_29' title="bbox 2044 1907 3611 1979; baseline -0.003 -13"><span class='ocrx_word' id='word_1_193' title='bbox 2044 1913 2331 1978; x_wconf 87' lang='lat' dir='ltr'><strong>sationem,</strong></span> <span class='ocrx_word' id='word_1_194' title='bbox 2358 1911 2489 1966; x_wconf 84' lang='lat' dir='ltr'><strong>vivit</strong></span> <span class='ocrx_word' id='word_1_195' title='bbox 2520 1918 2696 1964; x_wconf 90' lang='lat' dir='ltr'><strong>autem</strong></span> <span class='ocrx_word' id='word_1_196' title='bbox 2740 1918 2958 1979; x_wconf 87' lang='lat' dir='ltr'><strong>propter</strong></span> <span class='ocrx_word' id='word_1_197' title='bbox 2989 1908 3259 1961; x_wconf 87' lang='lat' dir='ltr'><strong>virtutem.</strong></span> <span class='ocrx_word' id='word_1_198' title='bbox 3304 1907 3435 1973; x_wconf 85' lang='lat' dir='ltr'><strong>Quis</strong></span> <span class='ocrx_word' id='word_1_199' title='bbox 3467 1908 3611 1963; x_wconf 87' lang='lat' dir='ltr'><strong>enim</strong></span> 
     </span>
    </p>
   </div>
   <div class='ocr_carea' id='block_1_30' title="bbox 2046 2000 3615 2072">
    <p class='ocr_par' dir='ltr' id='par_1_30' title="bbox 2046 2000 3615 2072">
     <span class='ocr_line' id='line_1_30' title="bbox 2046 2000 3615 2072; baseline -0.005 -12"><span class='ocrx_word' id='word_1_200' title='bbox 2046 2022 2211 2062; x_wconf 86' lang='lat' dir='ltr'><strong>ausus</strong></span> <span class='ocrx_word' id='word_1_201' title='bbox 2238 2015 2321 2061; x_wconf 89' lang='lat' dir='ltr'><strong>est</strong></span> <span class='ocrx_word' id='word_1_202' title='bbox 2352 2006 2555 2068; x_wconf 84' lang='lat' dir='ltr'><strong>dicere,</strong></span> <span class='ocrx_word' id='word_1_203' title='bbox 2584 2003 2709 2072; x_wconf 89' lang='lat' dir='ltr'><strong>quia</strong></span> <span class='ocrx_word' id='word_1_204' title='bbox 2746 2017 2854 2058; x_wconf 91' lang='lat' dir='ltr'><strong>non</strong></span> <span class='ocrx_word' id='word_1_205' title='bbox 2887 2000 3185 2055; x_wconf 80' lang='lat' dir='ltr'><strong>resurrexit</strong></span> <span class='ocrx_word' id='word_1_206' title='bbox 3214 2000 3486 2065; x_wconf 82' lang='lat' dir='ltr'><strong>Christus,</strong></span> <span class='ocrx_word' id='word_1_207' title='bbox 3522 2006 3615 2053; x_wconf 87' lang='lat' dir='ltr'><strong>aut</strong></span> 
     </span>
    </p>
   </div>
   <div class='ocr_carea' id='block_1_31' title="bbox 2046 2090 3615 2165">
    <p class='ocr_par' dir='ltr' id='par_1_31' title="bbox 2046 2090 3615 2165">
     <span class='ocr_line' id='line_1_31' title="bbox 2046 2090 3615 2165; baseline -0.005 -14"><span class='ocrx_word' id='word_1_208' title='bbox 2046 2095 2539 2165; x_wconf 73' lang='lat' dir='ltr'><strong>confessihiles(47)</strong></span> <span class='ocrx_word' id='word_1_209' title='bbox 2565 2093 2788 2156; x_wconf 86' lang='lat' dir='ltr'><strong>inimici,</strong></span> <span class='ocrx_word' id='word_1_210' title='bbox 2810 2102 2903 2145; x_wconf 90' lang='lat' dir='ltr'><strong>aut</strong></span> <span class='ocrx_word' id='word_1_211' title='bbox 2928 2092 3042 2147; x_wconf 88' lang='lat' dir='ltr'><strong>licti</strong></span> <span class='ocrx_word' id='word_1_212' title='bbox 3074 2090 3266 2145; x_wconf 87' lang='lat' dir='ltr'><strong>amici?</strong></span> <span class='ocrx_word' id='word_1_213' title='bbox 3301 2090 3463 2144; x_wconf 86' lang='lat' dir='ltr'><strong>Putas</strong></span> <span class='ocrx_word' id='word_1_214' title='bbox 3481 2105 3615 2159; x_wconf 87' lang='lat' dir='ltr'><strong>gen-</strong></span> 
     </span>
    </p>
   </div>
   <div class='ocr_carea' id='block_1_32' title="bbox 2050 2185 3616 2254">
    <p class='ocr_par' dir='ltr' id='par_1_32' title="bbox 2050 2185 3616 2254">
     <span class='ocr_line' id='line_1_32' title="bbox 2050 2185 3616 2254; baseline -0.006 -11"><span class='ocrx_word' id='word_1_215' title='bbox 2050 2191 2168 2245; x_wconf 88' lang='lat' dir='ltr'><strong>tiles</strong></span> <span class='ocrx_word' id='word_1_216' title='bbox 2197 2189 2469 2243; x_wconf 89' lang='lat' dir='ltr'><strong>audebunt</strong></span> <span class='ocrx_word' id='word_1_217' title='bbox 2500 2187 2683 2240; x_wconf 88' lang='lat' dir='ltr'><strong>dicere</strong></span> <span class='ocrx_word' id='word_1_218' title='bbox 2710 2185 2836 2254; x_wconf 86' lang='lat' dir='ltr'><strong>quia</strong></span> <span class='ocrx_word' id='word_1_219' title='bbox 2873 2192 3119 2237; x_wconf 88' lang='lat' dir='ltr'><strong>mortuus</strong></span> <span class='ocrx_word' id='word_1_220' title='bbox 3150 2190 3233 2235; x_wconf 88' lang='lat' dir='ltr'><strong>est</strong></span> <span class='ocrx_word' id='word_1_221' title='bbox 3274 2189 3326 2234; x_wconf 92' lang='lat' dir='ltr'><strong>et</strong></span> <span class='ocrx_word' id='word_1_222' title='bbox 3375 2196 3482 2234; x_wconf 88' lang='lat' dir='ltr'><strong>non</strong></span> <span class='ocrx_word' id='word_1_223' title='bbox 3514 2193 3616 2234; x_wconf 89' lang='lat' dir='ltr'><strong>re-</strong></span> 
     </span>
    </p>
   </div>
   <div class='ocr_carea' id='block_1_33' title="bbox 2049 2273 3616 2347">
    <p class='ocr_par' dir='ltr' id='par_1_33' title="bbox 2049 2273 3616 2347">
     <span class='ocr_line' id='line_1_33' title="bbox 2049 2273 3616 2347; baseline -0.006 -12"><span class='ocrx_word' id='word_1_224' title='bbox 2049 2280 2323 2336; x_wconf 83' lang='lat' dir='ltr'><strong>surrexit?</strong></span> <span class='ocrx_word' id='word_1_225' title='bbox 2349 2278 2459 2332; x_wconf 86' lang='lat' dir='ltr'><strong>Non</strong></span> <span class='ocrx_word' id='word_1_226' title='bbox 2497 2293 2679 2347; x_wconf 72' lang='lat' dir='ltr'><strong>qtttnro</strong></span> <span class='ocrx_word' id='word_1_227' title='bbox 2713 2276 2841 2345; x_wconf 91' lang='lat' dir='ltr'><strong>quid</strong></span> <span class='ocrx_word' id='word_1_228' title='bbox 2891 2276 3096 2339; x_wconf 86' lang='lat' dir='ltr'><strong>dicant,</strong></span> <span class='ocrx_word' id='word_1_229' title='bbox 3127 2274 3218 2327; x_wconf 89' lang='lat' dir='ltr'><strong>sed</strong></span> <span class='ocrx_word' id='word_1_230' title='bbox 3248 2274 3374 2341; x_wconf 91' lang='lat' dir='ltr'><strong>quid</strong></span> <span class='ocrx_word' id='word_1_231' title='bbox 3406 2273 3616 2340; x_wconf 80' lang='lat' dir='ltr'><strong>patian-</strong></span> 
     </span>
    </p>
   </div>
   <div class='ocr_carea' id='block_1_34' title="bbox 2053 2360 3615 2436">
    <p class='ocr_par' dir='ltr' id='par_1_34' title="bbox 2053 2360 3615 2436">
     <span class='ocr_line' id='line_1_34' title="bbox 2053 2360 3615 2436; baseline -0.006 -10"><span class='ocrx_word' id='word_1_232' title='bbox 2053 2382 2155 2426; x_wconf 89' lang='lat' dir='ltr'><strong>tur.</strong></span> <span class='ocrx_word' id='word_1_233' title='bbox 2184 2371 2239 2426; x_wconf 91' lang='lat' dir='ltr'><strong>Si</strong></span> <span class='ocrx_word' id='word_1_234' title='bbox 2278 2372 2420 2425; x_wconf 92' lang='lat' dir='ltr'><strong>enim</strong></span> <span class='ocrx_word' id='word_1_235' title='bbox 2447 2378 2590 2424; x_wconf 90' lang='lat' dir='ltr'><strong>stant</strong></span> <span class='ocrx_word' id='word_1_236' title='bbox 2612 2384 2796 2423; x_wconf 90' lang='lat' dir='ltr'><strong>eorum</strong></span> <span class='ocrx_word' id='word_1_237' title='bbox 2830 2368 3045 2436; x_wconf 87' lang='lat' dir='ltr'><strong>templa,</strong></span> <span class='ocrx_word' id='word_1_238' title='bbox 3075 2381 3177 2421; x_wconf 93' lang='lat' dir='ltr'><strong>non</strong></span> <span class='ocrx_word' id='word_1_239' title='bbox 3206 2365 3521 2419; x_wconf 81' lang='lat' dir='ltr'><strong>resurrexit.</strong></span> <span class='ocrx_word' id='word_1_240' title='bbox 3555 2360 3615 2418; x_wconf 88' lang='lat' dir='ltr'><strong>Si</strong></span> 
     </span>
    </p>
   </div>
   <div class='ocr_carea' id='block_1_35' title="bbox 364 2441 1953 2526">
    <p class='ocr_par' dir='ltr' id='par_1_35' title="bbox 364 2455 1950 2523">
     <span class='ocr_line' id='line_1_35' title="bbox 364 2455 1950 2523; baseline -0.01 -2"><span class='ocrx_word' id='word_1_241' title='bbox 364 2467 577 2523; x_wconf 82' lang='lat' dir='ltr'><strong>Domini</strong></span> <span class='ocrx_word' id='word_1_242' title='bbox 606 2467 670 2519; x_wconf 90' lang='lat' dir='ltr'><strong>ad</strong></span> <span class='ocrx_word' id='word_1_243' title='bbox 718 2465 900 2519; x_wconf 70' lang='lat' dir='ltr'><strong>ctelos.</strong></span> <span class='ocrx_word' id='word_1_244' title='bbox 926 2463 1040 2517; x_wconf 84' lang='lat' dir='ltr'><strong>Non</strong></span> <span class='ocrx_word' id='word_1_245' title='bbox 1059 2461 1201 2516; x_wconf 90' lang='lat' dir='ltr'><strong>enim</strong></span> <span class='ocrx_word' id='word_1_246' title='bbox 1217 2459 1364 2512; x_wconf 88' lang='lat' dir='ltr'><strong>venit</strong></span> <span class='ocrx_word' id='word_1_247' title='bbox 1380 2467 1435 2510; x_wconf 93' lang='lat' dir='ltr'><strong>ut</strong></span> <span class='ocrx_word' id='word_1_248' title='bbox 1456 2455 1688 2509; x_wconf 88' lang='lat' dir='ltr'><strong>moriens</strong></span> <span class='ocrx_word' id='word_1_249' title='bbox 1715 2466 1950 2506; x_wconf 86' lang='lat' dir='ltr'><strong>morere-</strong></span> 
     </span>
    </p>
   </div>
   <div class='ocr_carea' id='block_1_36' title="bbox 2054 2441 3615 2526">
    <p class='ocr_par' dir='ltr' id='par_1_36' title="bbox 2054 2456 3615 2526">
     <span class='ocr_line' id='line_1_36' title="bbox 2054 2456 3615 2526; baseline -0.007 -5"><span class='ocrx_word' id='word_1_250' title='bbox 2054 2482 2159 2521; x_wconf 91' lang='lat' dir='ltr'><strong>non</strong></span> <span class='ocrx_word' id='word_1_251' title='bbox 2188 2464 2471 2526; x_wconf 79' lang='lat' dir='ltr'><strong>destruxit,</strong></span> <span class='ocrx_word' id='word_1_252' title='bbox 2506 2463 2551 2516; x_wconf 88' lang='lat' dir='ltr'><strong>si</strong></span> <span class='ocrx_word' id='word_1_253' title='bbox 2579 2478 2685 2515; x_wconf 88' lang='lat' dir='ltr'><strong>non</strong></span> <span class='ocrx_word' id='word_1_254' title='bbox 2710 2460 2938 2515; x_wconf 83' lang='lat' dir='ltr'><strong>conﬂata</strong></span> <span class='ocrx_word' id='word_1_255' title='bbox 2959 2470 3080 2513; x_wconf 88' lang='lat' dir='ltr'><strong>sunt</strong></span> <span class='ocrx_word' id='word_1_256' title='bbox 3116 2473 3303 2514; x_wconf 89' lang='lat' dir='ltr'><strong>eorum</strong></span> <span class='ocrx_word' id='word_1_257' title='bbox 3328 2456 3615 2513; x_wconf 87' lang='lat' dir='ltr'><strong>simulacra</strong></span> 
     </span>
    </p>
   </div>
   <div class='ocr_carea' id='block_1_37' title="bbox 365 2543 1943 2621">
    <p class='ocr_par' dir='ltr' id='par_1_37' title="bbox 365 2543 1943 2621">
     <span class='ocr_line' id='line_1_37' title="bbox 365 2543 1943 2621; baseline -0.01 -12"><span class='ocrx_word' id='word_1_258' title='bbox 365 2565 477 2616; x_wconf 80' lang='lat' dir='ltr'><strong>tur,</strong></span> <span class='ocrx_word' id='word_1_259' title='bbox 494 2554 589 2609; x_wconf 91' lang='lat' dir='ltr'><strong>sed</strong></span> <span class='ocrx_word' id='word_1_260' title='bbox 610 2565 665 2607; x_wconf 94' lang='lat' dir='ltr'><strong>ut</strong></span> <span class='ocrx_word' id='word_1_261' title='bbox 682 2568 774 2607; x_wconf 91' lang='lat' dir='ltr'><strong>eos</strong></span> <span class='ocrx_word' id='word_1_262' title='bbox 788 2553 875 2621; x_wconf 91' lang='lat' dir='ltr'><strong>qui</strong></span> <span class='ocrx_word' id='word_1_263' title='bbox 896 2552 1089 2605; x_wconf 91' lang='lat' dir='ltr'><strong>mortui</strong></span> <span class='ocrx_word' id='word_1_264' title='bbox 1110 2547 1539 2603; x_wconf 86' lang='lat' dir='ltr'><strong>l‘nerantvivilica</strong></span> <span class='ocrx_word' id='word_1_265' title='bbox 1552 2554 1648 2598; x_wconf 90' lang='lat' dir='ltr'><strong>ret.</strong></span> <span class='ocrx_word' id='word_1_266' title='bbox 1667 2543 1943 2597; x_wconf 60' lang='lat' dir='ltr'><strong>Laetamur</strong></span> 
     </span>
    </p>
   </div>
   <div class='ocr_carea' id='block_1_38' title="bbox 362 2636 1947 2717">
    <p class='ocr_par' dir='ltr' id='par_1_38' title="bbox 362 2636 1947 2717">
     <span class='ocr_line' id='line_1_38' title="bbox 362 2636 1947 2717; baseline -0.009 -16"><span class='ocrx_word' id='word_1_267' title='bbox 362 2648 531 2717; x_wconf 86' lang='lat' dir='ltr'><strong>igitur</strong></span> <span class='ocrx_word' id='word_1_268' title='bbox 548 2646 727 2701; x_wconf 88' lang='lat' dir='ltr'><strong>omnia</strong></span> <span class='ocrx_word' id='word_1_269' title='bbox 752 2665 765 2699; x_wconf 91' lang='lat'>:</span> <span class='ocrx_word' id='word_1_270' title='bbox 789 2645 924 2699; x_wconf 82' lang='lat' dir='ltr'><strong>forte</strong></span> <span class='ocrx_word' id='word_1_271' title='bbox 941 2652 1118 2696; x_wconf 86' lang='lat' dir='ltr'><strong>autem</strong></span> <span class='ocrx_word' id='word_1_272' title='bbox 1144 2652 1197 2695; x_wconf 92' lang='lat' dir='ltr'><strong>et</strong></span> <span class='ocrx_word' id='word_1_273' title='bbox 1227 2650 1501 2694; x_wconf 88' lang='lat' dir='ltr'><strong>creatura:</strong></span> <span class='ocrx_word' id='word_1_274' title='bbox 1521 2637 1718 2692; x_wconf 90' lang='lat' dir='ltr'><strong>clarior</strong></span> <span class='ocrx_word' id='word_1_275' title='bbox 1732 2636 1947 2688; x_wconf 89' lang='lat' dir='ltr'><strong>enimet</strong></span> 
     </span>
    </p>
   </div>
   <div class='ocr_carea' id='block_1_39' title="bbox 367 2726 1949 2805">
    <p class='ocr_par' dir='ltr' id='par_1_39' title="bbox 367 2726 1949 2805">
     <span class='ocr_line' id='line_1_39' title="bbox 367 2726 1949 2805; baseline -0.01 -10"><span class='ocrx_word' id='word_1_276' title='bbox 367 2740 450 2795; x_wconf 76' lang='lat' dir='ltr'><strong>sol</strong></span> <span class='ocrx_word' id='word_1_277' title='bbox 493 2750 611 2803; x_wconf 87' lang='lat' dir='ltr'><strong>est,</strong></span> <span class='ocrx_word' id='word_1_278' title='bbox 655 2738 947 2791; x_wconf 90' lang='lat' dir='ltr'><strong>secundum</strong></span> <span class='ocrx_word' id='word_1_279' title='bbox 983 2748 1218 2805; x_wconf 70' lang='lat' dir='ltr'><strong>prmsens</strong></span> <span class='ocrx_word' id='word_1_280' title='bbox 1252 2734 1352 2786; x_wconf 93' lang='lat' dir='ltr'><strong>hoc</strong></span> <span class='ocrx_word' id='word_1_281' title='bbox 1400 2741 1606 2797; x_wconf 81' lang='lat' dir='ltr'><strong>tempus</strong></span> <span class='ocrx_word' id='word_1_282' title='bbox 1651 2726 1949 2790; x_wconf 83' lang='lat' dir='ltr'><strong>:prolixior</strong></span> 
     </span>
    </p>
   </div>
   <div class='ocr_carea' id='block_1_40' title="bbox 364 2823 1950 2897">
    <p class='ocr_par' dir='ltr' id='par_1_40' title="bbox 364 2823 1950 2897">
     <span class='ocr_line' id='line_1_40' title="bbox 364 2823 1950 2897; baseline -0.01 -10"><span class='ocrx_word' id='word_1_283' title='bbox 364 2834 516 2887; x_wconf 81' lang='lat' dir='ltr'><strong>enim</strong></span> <span class='ocrx_word' id='word_1_284' title='bbox 531 2840 586 2885; x_wconf 87' lang='lat' dir='ltr'><strong>et</strong></span> <span class='ocrx_word' id='word_1_285' title='bbox 608 2830 785 2882; x_wconf 90' lang='lat' dir='ltr'><strong>lumen</strong></span> <span class='ocrx_word' id='word_1_286' title='bbox 803 2829 1029 2882; x_wconf 87' lang='lat' dir='ltr'><strong>habetur</strong></span> <span class='ocrx_word' id='word_1_287' title='bbox 1049 2826 1163 2897; x_wconf 72' lang='grc'><strong>(44)</strong></span> <span class='ocrx_word' id='word_1_288' title='bbox 1186 2840 1200 2878; x_wconf 89' lang='lat'><strong>:</strong></span> <span class='ocrx_word' id='word_1_289' title='bbox 1224 2834 1278 2878; x_wconf 91' lang='lat' dir='ltr'><strong>et</strong></span> <span class='ocrx_word' id='word_1_290' title='bbox 1297 2824 1534 2877; x_wconf 90' lang='lat' dir='ltr'><strong>omnium</strong></span> <span class='ocrx_word' id='word_1_291' title='bbox 1554 2823 1849 2889; x_wconf 89' lang='lat' dir='ltr'><strong>completus</strong></span> <span class='ocrx_word' id='word_1_292' title='bbox 1865 2826 1950 2872; x_wconf 91' lang='lat' dir='ltr'><strong>est</strong></span> 
     </span>
    </p>
   </div>
   <div class='ocr_carea' id='block_1_41' title="bbox 373 2910 1948 2984">
    <p class='ocr_par' dir='ltr' id='par_1_41' title="bbox 373 2910 1948 2984">
     <span class='ocr_line' id='line_1_41' title="bbox 373 2910 1948 2984; baseline -0.008 -8"><span class='ocrx_word' id='word_1_293' title='bbox 373 2924 586 2977; x_wconf 77' lang='lat' dir='ltr'><strong>fructus</strong></span> <span class='ocrx_word' id='word_1_294' title='bbox 621 2939 634 2976; x_wconf 87' lang='lat'><strong>:</strong></span> <span class='ocrx_word' id='word_1_295' title='bbox 663 2932 718 2975; x_wconf 95' lang='lat' dir='ltr'><strong>et</strong></span> <span class='ocrx_word' id='word_1_296' title='bbox 742 2920 1087 2975; x_wconf 90' lang='lat' dir='ltr'><strong>consentiunt</strong></span> <span class='ocrx_word' id='word_1_297' title='bbox 1124 2916 1296 2971; x_wconf 77' lang='lat' dir='ltr'><strong>cilicia</strong></span> <span class='ocrx_word' id='word_1_298' title='bbox 1332 2913 1738 2984; x_wconf 90' lang='lat' dir='ltr'><strong>dispensationi.</strong></span> <span class='ocrx_word' id='word_1_299' title='bbox 1767 2910 1948 2963; x_wconf 88' lang='lat' dir='ltr'><strong>Solnta</strong></span> 
     </span>
    </p>
   </div>
   <div class='ocr_carea' id='block_1_42' title="bbox 372 3010 1950 3069">
    <p class='ocr_par' dir='ltr' id='par_1_42' title="bbox 372 3010 1950 3069">
     <span class='ocr_line' id='line_1_42' title="bbox 372 3010 1950 3069; baseline -0.008 -1"><span class='ocrx_word' id='word_1_300' title='bbox 372 3024 557 3069; x_wconf 82' lang='lat' dir='ltr'><strong>autem</strong></span> <span class='ocrx_word' id='word_1_301' title='bbox 589 3014 741 3067; x_wconf 84' lang='lat' dir='ltr'><strong>nobis</strong></span> <span class='ocrx_word' id='word_1_302' title='bbox 781 3022 863 3065; x_wconf 87' lang='lat' dir='ltr'><strong>est</strong></span> <span class='ocrx_word' id='word_1_303' title='bbox 898 3021 953 3065; x_wconf 90' lang='lat' dir='ltr'><strong>et</strong></span> <span class='ocrx_word' id='word_1_304' title='bbox 991 3010 1258 3065; x_wconf 87' lang='lat' dir='ltr'><strong>sententia</strong></span> <span class='ocrx_word' id='word_1_305' title='bbox 1288 3024 1301 3060; x_wconf 91' lang='lat'><strong>:</strong></span> <span class='ocrx_word' id='word_1_306' title='bbox 1350 3015 1595 3060; x_wconf 87' lang='lat' dir='ltr'><strong>revocata</strong></span> <span class='ocrx_word' id='word_1_307' title='bbox 1653 3014 1735 3059; x_wconf 91' lang='lat' dir='ltr'><strong>est</strong></span> <span class='ocrx_word' id='word_1_308' title='bbox 1769 3013 1950 3057; x_wconf 88' lang='lat' dir='ltr'><strong>nostra</strong></span> 
     </span>
    </p>
   </div>
   <div class='ocr_carea' id='block_1_43' title="bbox 371 3094 1946 3162">
    <p class='ocr_par' dir='ltr' id='par_1_43' title="bbox 371 3094 1946 3162">
     <span class='ocr_line' id='line_1_43' title="bbox 371 3094 1946 3162; baseline -0.01 -2"><span class='ocrx_word' id='word_1_309' title='bbox 371 3106 647 3162; x_wconf 84' lang='lat' dir='ltr'><strong>restitutio</strong></span> <span class='ocrx_word' id='word_1_310' title='bbox 690 3120 703 3157; x_wconf 91' lang='lat'><strong>:</strong></span> <span class='ocrx_word' id='word_1_311' title='bbox 737 3103 1040 3156; x_wconf 89' lang='lat' dir='ltr'><strong>obedientia</strong></span> <span class='ocrx_word' id='word_1_312' title='bbox 1080 3100 1224 3154; x_wconf 90' lang='lat' dir='ltr'><strong>enim</strong></span> <span class='ocrx_word' id='word_1_313' title='bbox 1261 3098 1506 3159; x_wconf 89' lang='lat' dir='ltr'><strong>veniens,</strong></span> <span class='ocrx_word' id='word_1_314' title='bbox 1546 3094 1946 3159; x_wconf 66' lang='lat' dir='ltr'><strong>prtcvaricatio-</strong></span> 
     </span>
    </p>
   </div>
   <div class='ocr_carea' id='block_1_44' title="bbox 376 3185 1951 3266">
    <p class='ocr_par' dir='ltr' id='par_1_44' title="bbox 376 3185 1951 3266">
     <span class='ocr_line' id='line_1_44' title="bbox 376 3185 1951 3266; baseline -0.01 -15"><span class='ocrx_word' id='word_1_315' title='bbox 376 3199 465 3251; x_wconf 85' lang='lat' dir='ltr'><strong>nis</strong></span> <span class='ocrx_word' id='word_1_316' title='bbox 499 3212 685 3266; x_wconf 72' lang='lat' dir='ltr'><strong>pmnas</strong></span> <span class='ocrx_word' id='word_1_317' title='bbox 713 3197 867 3261; x_wconf 88' lang='lat' dir='ltr'><strong>ejecit</strong></span> <span class='ocrx_word' id='word_1_318' title='bbox 896 3212 910 3247; x_wconf 88' lang='lat'><strong>:</strong></span> <span class='ocrx_word' id='word_1_319' title='bbox 950 3191 1153 3261; x_wconf 85' lang='lat' dir='ltr'><strong>iustitia</strong></span> <span class='ocrx_word' id='word_1_320' title='bbox 1178 3190 1580 3243; x_wconf 76' lang='lat' dir='ltr'><strong>subintroducta</strong></span> <span class='ocrx_word' id='word_1_321' title='bbox 1614 3185 1951 3253; x_wconf 90' lang='lat' dir='ltr'><strong>iniquitatem</strong></span> 
     </span>
    </p>
   </div>
   <div class='ocr_carea' id='block_1_45' title="bbox 377 3275 1951 3358">
    <p class='ocr_par' dir='ltr' id='par_1_45' title="bbox 377 3275 1951 3358">
     <span class='ocr_line' id='line_1_45' title="bbox 377 3275 1951 3358; baseline -0.011 -14"><span class='ocrx_word' id='word_1_322' title='bbox 377 3288 871 3358; x_wconf 79' lang='lat' dir='ltr'><strong>repulitzveuiens</strong></span> <span class='ocrx_word' id='word_1_323' title='bbox 921 3286 1027 3337; x_wconf 88' lang='lat' dir='ltr'><strong>vita</strong></span> <span class='ocrx_word' id='word_1_324' title='bbox 1082 3292 1307 3336; x_wconf 91' lang='lat' dir='ltr'><strong>mortem</strong></span> <span class='ocrx_word' id='word_1_325' title='bbox 1370 3278 1755 3332; x_wconf 82' lang='lat' dir='ltr'><strong>mortiﬁcavit:</strong></span> <span class='ocrx_word' id='word_1_326' title='bbox 1810 3275 1951 3328; x_wconf 84' lang='lat' dir='ltr'><strong>Deus</strong></span> 
     </span>
    </p>
   </div>
   <div class='ocr_carea' id='block_1_46' title="bbox 375 3365 1954 3441">
    <p class='ocr_par' dir='ltr' id='par_1_46' title="bbox 375 3365 1954 3441">
     <span class='ocr_line' id='line_1_46' title="bbox 375 3365 1954 3441; baseline -0.008 -10"><span class='ocrx_word' id='word_1_327' title='bbox 375 3378 714 3432; x_wconf 79' lang='lat' dir='ltr'><strong>descendens</strong></span> <span class='ocrx_word' id='word_1_328' title='bbox 760 3376 1029 3428; x_wconf 88' lang='lat' dir='ltr'><strong>hominem</strong></span> <span class='ocrx_word' id='word_1_329' title='bbox 1080 3372 1329 3441; x_wconf 85' lang='lat' dir='ltr'><strong>perduxit</strong></span> <span class='ocrx_word' id='word_1_330' title='bbox 1366 3372 1431 3421; x_wconf 89' lang='lat' dir='ltr'><strong>ad</strong></span> <span class='ocrx_word' id='word_1_331' title='bbox 1485 3369 1669 3422; x_wconf 69' lang='lat' dir='ltr'><strong>caalos.</strong></span> <span class='ocrx_word' id='word_1_332' title='bbox 1710 3365 1954 3434; x_wconf 89' lang='lat' dir='ltr'><strong>Undique</strong></span> 
     </span>
    </p>
   </div>
   <div class='ocr_carea' id='block_1_47' title="bbox 378 3457 1952 3536">
    <p class='ocr_par' dir='ltr' id='par_1_47' title="bbox 378 3457 1952 3536">
     <span class='ocr_line' id='line_1_47' title="bbox 378 3457 1952 3536; baseline -0.01 -13"><span class='ocrx_word' id='word_1_333' title='bbox 378 3471 546 3535; x_wconf 79' lang='lat' dir='ltr'><strong>igitur</strong></span> <span class='ocrx_word' id='word_1_334' title='bbox 595 3468 826 3536; x_wconf 82' lang='lat' dir='ltr'><strong>fulgores</strong></span> <span class='ocrx_word' id='word_1_335' title='bbox 884 3463 1189 3517; x_wconf 65' lang='lat' dir='ltr'><strong>festivitatis</strong></span> <span class='ocrx_word' id='word_1_336' title='bbox 1237 3461 1511 3514; x_wconf 88' lang='lat' dir='ltr'><strong>lucescaut</strong></span> <span class='ocrx_word' id='word_1_337' title='bbox 1554 3457 1686 3528; x_wconf 65' lang='lat'><strong>(4&#39;3).</strong></span> <span class='ocrx_word' id='word_1_338' title='bbox 1729 3458 1952 3511; x_wconf 88' lang='lat' dir='ltr'><strong>Sursum</strong></span> 
     </span>
    </p>
   </div>
   <div class='ocr_carea' id='block_1_48' title="bbox 378 3548 1953 3625">
    <p class='ocr_par' dir='ltr' id='par_1_48' title="bbox 378 3548 1953 3625">
     <span class='ocr_line' id='line_1_48' title="bbox 378 3548 1953 3625; baseline -0.011 -10"><span class='ocrx_word' id='word_1_339' title='bbox 378 3562 557 3625; x_wconf 80' lang='lat' dir='ltr'><strong>chori,</strong></span> <span class='ocrx_word' id='word_1_340' title='bbox 628 3562 678 3614; x_wconf 90' lang='lat' dir='ltr'><strong>in</strong></span> <span class='ocrx_word' id='word_1_341' title='bbox 738 3570 880 3612; x_wconf 87' lang='lat' dir='ltr'><strong>terra</strong></span> <span class='ocrx_word' id='word_1_342' title='bbox 942 3556 1158 3611; x_wconf 67' lang='lat' dir='ltr'><strong>laetitiaa.</strong></span> <span class='ocrx_word' id='word_1_343' title='bbox 1229 3553 1468 3606; x_wconf 86' lang='lat' dir='ltr'><strong>Tristant</strong></span> <span class='ocrx_word' id='word_1_344' title='bbox 1532 3551 1667 3603; x_wconf 87' lang='lat' dir='ltr'><strong>bona</strong></span> <span class='ocrx_word' id='word_1_345' title='bbox 1724 3548 1953 3612; x_wconf 88' lang='lat' dir='ltr'><strong>malum,</strong></span> 
     </span>
    </p>
   </div>
   <div class='ocr_carea' id='block_1_49' title="bbox 380 3637 1957 3718">
    <p class='ocr_par' dir='ltr' id='par_1_49' title="bbox 380 3637 1957 3718">
     <span class='ocr_line' id='line_1_49' title="bbox 380 3637 1957 3718; baseline -0.01 -14"><span class='ocrx_word' id='word_1_346' title='bbox 380 3652 530 3718; x_wconf 82' lang='lat' dir='ltr'><strong>luget</strong></span> <span class='ocrx_word' id='word_1_347' title='bbox 584 3650 932 3717; x_wconf 83' lang='lat' dir='ltr'><strong>semetipsum</strong></span> <span class='ocrx_word' id='word_1_348' title='bbox 995 3644 1278 3698; x_wconf 87' lang='lat' dir='ltr'><strong>diabolus:</strong></span> <span class='ocrx_word' id='word_1_349' title='bbox 1328 3642 1481 3695; x_wconf 87' lang='lat' dir='ltr'><strong>decet</strong></span> <span class='ocrx_word' id='word_1_350' title='bbox 1542 3642 1682 3694; x_wconf 91' lang='lat' dir='ltr'><strong>enim</strong></span> <span class='ocrx_word' id='word_1_351' title='bbox 1712 3654 1834 3692; x_wconf 88' lang='lat' dir='ltr'><strong>eum</strong></span> <span class='ocrx_word' id='word_1_352' title='bbox 1878 3637 1957 3690; x_wconf 91' lang='lat' dir='ltr'><strong>lu-</strong></span> 
     </span>
    </p>
   </div>
   <div class='ocr_carea' id='block_1_50' title="bbox 380 3735 1955 3808">
    <p class='ocr_par' dir='ltr' id='par_1_50' title="bbox 380 3735 1955 3808">
     <span class='ocr_line' id='line_1_50' title="bbox 380 3735 1955 3808; baseline -0.011 -11"><span class='ocrx_word' id='word_1_353' title='bbox 380 3756 501 3797; x_wconf 74' lang='lat' dir='ltr'><strong>ctus</strong></span> <span class='ocrx_word' id='word_1_354' title='bbox 530 3742 693 3794; x_wconf 82' lang='lat' dir='ltr'><strong>suus:</strong></span> <span class='ocrx_word' id='word_1_355' title='bbox 732 3742 916 3808; x_wconf 78' lang='lat' dir='ltr'><strong>lugent</strong></span> <span class='ocrx_word' id='word_1_356' title='bbox 950 3738 1128 3791; x_wconf 89' lang='lat' dir='ltr'><strong>adhuc</strong></span> <span class='ocrx_word' id='word_1_357' title='bbox 1152 3748 1323 3804; x_wconf 90' lang='lat' dir='ltr'><strong>usque</strong></span> <span class='ocrx_word' id='word_1_358' title='bbox 1346 3735 1638 3797; x_wconf 67' lang='lat' dir='ltr'><strong>dmmones,</strong></span> <span class='ocrx_word' id='word_1_359' title='bbox 1670 3739 1724 3783; x_wconf 91' lang='lat' dir='ltr'><strong>et</strong></span> <span class='ocrx_word' id='word_1_360' title='bbox 1750 3737 1955 3783; x_wconf 86' lang='lat' dir='ltr'><strong>semet-</strong></span> 
     </span>
    </p>
   </div>
   <div class='ocr_carea' id='block_1_51' title="bbox 384 3821 1959 3904">
    <p class='ocr_par' dir='ltr' id='par_1_51' title="bbox 384 3821 1959 3904">
     <span class='ocr_line' id='line_1_51' title="bbox 384 3821 1959 3904; baseline -0.009 -16"><span class='ocrx_word' id='word_1_361' title='bbox 384 3837 532 3904; x_wconf 82' lang='lat' dir='ltr'><strong>ipsos</strong></span> <span class='ocrx_word' id='word_1_362' title='bbox 555 3832 851 3900; x_wconf 85' lang='lat' dir='ltr'><strong>deplorant.</strong></span> <span class='ocrx_word' id='word_1_363' title='bbox 895 3830 1127 3886; x_wconf 88' lang='lat' dir='ltr'><strong>Tantum</strong></span> <span class='ocrx_word' id='word_1_364' title='bbox 1179 3828 1323 3883; x_wconf 89' lang='lat' dir='ltr'><strong>enim</strong></span> <span class='ocrx_word' id='word_1_365' title='bbox 1369 3836 1425 3879; x_wconf 93' lang='lat' dir='ltr'><strong>ut</strong></span> <span class='ocrx_word' id='word_1_366' title='bbox 1474 3825 1748 3879; x_wconf 88' lang='lat' dir='ltr'><strong>nominata</strong></span> <span class='ocrx_word' id='word_1_367' title='bbox 1797 3821 1959 3875; x_wconf 81' lang='lat' dir='ltr'><strong>fuerit</strong></span> 
     </span>
    </p>
   </div>
   <div class='ocr_carea' id='block_1_52' title="bbox 378 3915 1956 3991">
    <p class='ocr_par' dir='ltr' id='par_1_52' title="bbox 378 3915 1956 3991">
     <span class='ocr_line' id='line_1_52' title="bbox 378 3915 1956 3991; baseline -0.01 -9"><span class='ocrx_word' id='word_1_368' title='bbox 378 3941 539 3989; x_wconf 77' lang='lat' dir='ltr'><strong>crux,</strong></span> <span class='ocrx_word' id='word_1_369' title='bbox 583 3931 880 3991; x_wconf 85' lang='lat' dir='ltr'><strong>agnoscunt</strong></span> <span class='ocrx_word' id='word_1_370' title='bbox 924 3923 1158 3991; x_wconf 87' lang='lat' dir='ltr'><strong>plagam,</strong></span> <span class='ocrx_word' id='word_1_371' title='bbox 1194 3930 1248 3974; x_wconf 90' lang='lat' dir='ltr'><strong>et</strong></span> <span class='ocrx_word' id='word_1_372' title='bbox 1292 3933 1400 3973; x_wconf 90' lang='lat' dir='ltr'><strong>non</strong></span> <span class='ocrx_word' id='word_1_373' title='bbox 1432 3915 1696 3971; x_wconf 81' lang='lat' dir='ltr'><strong>suﬂ&#39;erunt</strong></span> <span class='ocrx_word' id='word_1_374' title='bbox 1739 3929 1956 3968; x_wconf 91' lang='lat' dir='ltr'><strong>nomen.</strong></span> 
     </span>
    </p>
   </div>
   <div class='ocr_carea' id='block_1_53' title="bbox 381 4009 1960 4084">
    <p class='ocr_par' dir='ltr' id='par_1_53' title="bbox 381 4009 1960 4084">
     <span class='ocr_line' id='line_1_53' title="bbox 381 4009 1960 4084; baseline -0.008 -13"><span class='ocrx_word' id='word_1_375' title='bbox 381 4018 454 4071; x_wconf 85' lang='lat' dir='ltr'><strong>Et</strong></span> <span class='ocrx_word' id='word_1_376' title='bbox 489 4032 556 4071; x_wconf 88' lang='lat' dir='ltr'><strong>ne</strong></span> <span class='ocrx_word' id='word_1_377' title='bbox 586 4016 704 4084; x_wconf 89' lang='lat' dir='ltr'><strong>quis</strong></span> <span class='ocrx_word' id='word_1_378' title='bbox 753 4025 902 4083; x_wconf 86' lang='lat' dir='ltr'><strong>putet</strong></span> <span class='ocrx_word' id='word_1_379' title='bbox 942 4015 1165 4069; x_wconf 88' lang='lat' dir='ltr'><strong>oblitum</strong></span> <span class='ocrx_word' id='word_1_380' title='bbox 1216 4027 1301 4065; x_wconf 90' lang='lat' dir='ltr'><strong>me</strong></span> <span class='ocrx_word' id='word_1_381' title='bbox 1333 4011 1499 4064; x_wconf 81' lang='lat' dir='ltr'><strong>fuisse</strong></span> <span class='ocrx_word' id='word_1_382' title='bbox 1535 4009 1799 4062; x_wconf 67' lang='lat' dir='ltr'><strong>hesternae</strong></span> <span class='ocrx_word' id='word_1_383' title='bbox 1838 4021 1960 4075; x_wconf 87' lang='lat' dir='ltr'><strong>pro-</strong></span> 
     </span>
    </p>
   </div>
   <div class='ocr_carea' id='block_1_54' title="bbox 384 4099 1960 4174">
    <p class='ocr_par' dir='ltr' id='par_1_54' title="bbox 384 4099 1960 4174">
     <span class='ocr_line' id='line_1_54' title="bbox 384 4099 1960 4174; baseline -0.006 -13"><span class='ocrx_word' id='word_1_384' title='bbox 384 4108 664 4163; x_wconf 76' lang='lat' dir='ltr'><strong>missionis</strong></span> <span class='ocrx_word' id='word_1_385' title='bbox 694 4122 850 4170; x_wconf 71' lang='lat' dir='ltr'><strong>mem;</strong></span> <span class='ocrx_word' id='word_1_386' title='bbox 884 4105 1303 4174; x_wconf 89' lang='lat' dir='ltr'><strong>promiseramus</strong></span> <span class='ocrx_word' id='word_1_387' title='bbox 1331 4102 1476 4156; x_wconf 90' lang='lat' dir='ltr'><strong>enim</strong></span> <span class='ocrx_word' id='word_1_388' title='bbox 1506 4100 1568 4154; x_wconf 90' lang='lat' dir='ltr'><strong>de</strong></span> <span class='ocrx_word' id='word_1_389' title='bbox 1603 4099 1960 4152; x_wconf 84' lang='lat' dir='ltr'><strong>resurrectio-</strong></span> 
     </span>
    </p>
   </div>
   <div class='ocr_carea' id='block_1_55' title="bbox 385 4190 1963 4265">
    <p class='ocr_par' dir='ltr' id='par_1_55' title="bbox 385 4190 1963 4265">
     <span class='ocr_line' id='line_1_55' title="bbox 385 4190 1963 4265; baseline -0.008 -12"><span class='ocrx_word' id='word_1_390' title='bbox 385 4215 456 4253; x_wconf 89' lang='lat' dir='ltr'><strong>ne</strong></span> <span class='ocrx_word' id='word_1_391' title='bbox 515 4200 692 4253; x_wconf 76' lang='lat' dir='ltr'><strong>dicere</strong></span> <span class='ocrx_word' id='word_1_392' title='bbox 738 4198 892 4263; x_wconf 87' lang='lat' dir='ltr'><strong>heri;</strong></span> <span class='ocrx_word' id='word_1_393' title='bbox 946 4194 1270 4265; x_wconf 85' lang='lat' dir='ltr'><strong>exposcebat</strong></span> <span class='ocrx_word' id='word_1_394' title='bbox 1323 4193 1469 4247; x_wconf 90' lang='lat' dir='ltr'><strong>enim</strong></span> <span class='ocrx_word' id='word_1_395' title='bbox 1524 4202 1753 4260; x_wconf 89' lang='lat' dir='ltr'><strong>tempus.</strong></span> <span class='ocrx_word' id='word_1_396' title='bbox 1808 4190 1963 4244; x_wconf 93' lang='lat' dir='ltr'><strong>Sicut</strong></span> 
     </span>
    </p>
   </div>
   <div class='ocr_carea' id='block_1_56' title="bbox 384 4281 1960 4347">
    <p class='ocr_par' dir='ltr' id='par_1_56' title="bbox 384 4281 1960 4347">
     <span class='ocr_line' id='line_1_56' title="bbox 384 4281 1960 4347; baseline -0.006 -1"><span class='ocrx_word' id='word_1_397' title='bbox 384 4292 536 4347; x_wconf 88' lang='lat' dir='ltr'><strong>enim</strong></span> <span class='ocrx_word' id='word_1_398' title='bbox 590 4290 706 4345; x_wconf 90' lang='lat' dir='ltr'><strong>heri</strong></span> <span class='ocrx_word' id='word_1_399' title='bbox 737 4290 802 4343; x_wconf 92' lang='lat' dir='ltr'><strong>dc</strong></span> <span class='ocrx_word' id='word_1_400' title='bbox 834 4288 1231 4343; x_wconf 80' lang='lat' dir='ltr'><strong>resurrectione</strong></span> <span class='ocrx_word' id='word_1_401' title='bbox 1280 4296 1457 4340; x_wconf 90' lang='lat' dir='ltr'><strong>motus</strong></span> <span class='ocrx_word' id='word_1_402' title='bbox 1496 4294 1580 4339; x_wconf 90' lang='lat' dir='ltr'><strong>est</strong></span> <span class='ocrx_word' id='word_1_403' title='bbox 1619 4298 1800 4338; x_wconf 87' lang='lat' dir='ltr'><strong>sermo</strong></span> <span class='ocrx_word' id='word_1_404' title='bbox 1832 4301 1846 4337; x_wconf 88' lang='lat'><strong>:</strong></span> <span class='ocrx_word' id='word_1_405' title='bbox 1883 4281 1960 4336; x_wconf 88' lang='lat' dir='ltr'><strong>ita</strong></span> 
     </span>
    </p>
   </div>
   <div class='ocr_carea' id='block_1_57' title="bbox 387 4370 1965 4453">
    <p class='ocr_par' dir='ltr' id='par_1_57' title="bbox 387 4370 1965 4453">
     <span class='ocr_line' id='line_1_57' title="bbox 387 4370 1965 4453; baseline -0.01 -16"><span class='ocrx_word' id='word_1_406' title='bbox 387 4385 516 4453; x_wconf 89' lang='lat' dir='ltr'><strong>quia</strong></span> <span class='ocrx_word' id='word_1_407' title='bbox 551 4380 817 4436; x_wconf 86' lang='lat' dir='ltr'><strong>festivitas</strong></span> <span class='ocrx_word' id='word_1_408' title='bbox 866 4394 1170 4447; x_wconf 87' lang='lat' dir='ltr'><strong>regressum</strong></span> <span class='ocrx_word' id='word_1_409' title='bbox 1227 4377 1435 4431; x_wconf 88' lang='lat' dir='ltr'><strong>Domini</strong></span> <span class='ocrx_word' id='word_1_410' title='bbox 1482 4373 1707 4443; x_wconf 87' lang='lat' dir='ltr'><strong>requirit</strong></span> <span class='ocrx_word' id='word_1_411' title='bbox 1755 4372 1819 4426; x_wconf 87' lang='lat' dir='ltr'><strong>ad</strong></span> <span class='ocrx_word' id='word_1_412' title='bbox 1867 4370 1965 4424; x_wconf 85' lang='lat' dir='ltr'><strong>Pa-</strong></span> 
     </span>
    </p>
   </div>
   <div class='ocr_carea' id='block_1_58' title="bbox 391 4463 1962 4528">
    <p class='ocr_par' dir='ltr' id='par_1_58' title="bbox 391 4463 1962 4528">
     <span class='ocr_line' id='line_1_58' title="bbox 391 4463 1962 4528; baseline -0.01 0"><span class='ocrx_word' id='word_1_413' title='bbox 391 4486 553 4528; x_wconf 88' lang='lat' dir='ltr'><strong>trem.</strong></span> <span class='ocrx_word' id='word_1_414' title='bbox 587 4471 864 4525; x_wconf 78' lang='lat' dir='ltr'><strong>Firmatur</strong></span> <span class='ocrx_word' id='word_1_415' title='bbox 905 4478 1083 4523; x_wconf 90' lang='lat' dir='ltr'><strong>autem</strong></span> <span class='ocrx_word' id='word_1_416' title='bbox 1137 4467 1414 4521; x_wconf 87' lang='lat' dir='ltr'><strong>hominum</strong></span> <span class='ocrx_word' id='word_1_417' title='bbox 1448 4463 1803 4525; x_wconf 88' lang='lat' dir='ltr'><strong>resurrectio,</strong></span> <span class='ocrx_word' id='word_1_418' title='bbox 1842 4476 1962 4515; x_wconf 91' lang='lat' dir='ltr'><strong>cum</strong></span> 
     </span>
    </p>
   </div>
   <div class='ocr_carea' id='block_1_59' title="bbox 389 4552 1966 4636">
    <p class='ocr_par' dir='ltr' id='par_1_59' title="bbox 389 4552 1966 4636">
     <span class='ocr_line' id='line_1_59' title="bbox 389 4552 1966 4636; baseline -0.01 -16"><span class='ocrx_word' id='word_1_419' title='bbox 389 4566 700 4636; x_wconf 88' lang='lat' dir='ltr'><strong>apparuerit</strong></span> <span class='ocrx_word' id='word_1_420' title='bbox 748 4561 918 4616; x_wconf 85' lang='lat' dir='ltr'><strong>Filius</strong></span> <span class='ocrx_word' id='word_1_421' title='bbox 964 4574 1213 4614; x_wconf 86' lang='lat' dir='ltr'><strong>reversus</strong></span> <span class='ocrx_word' id='word_1_422' title='bbox 1260 4558 1327 4611; x_wconf 90' lang='lat' dir='ltr'><strong>ad</strong></span> <span class='ocrx_word' id='word_1_423' title='bbox 1376 4555 1615 4609; x_wconf 87' lang='lat' dir='ltr'><strong>Patrem.</strong></span> <span class='ocrx_word' id='word_1_424' title='bbox 1670 4552 1741 4606; x_wconf 90' lang='lat' dir='ltr'><strong>Et</strong></span> <span class='ocrx_word' id='word_1_425' title='bbox 1796 4552 1966 4618; x_wconf 84' lang='lat' dir='ltr'><strong>majus</strong></span> 
     </span>
    </p>
   </div>
   <div class='ocr_carea' id='block_1_60' title="bbox 390 4647 1968 4723">
    <p class='ocr_par' dir='ltr' id='par_1_60' title="bbox 390 4647 1968 4723">
     <span class='ocr_line' id='line_1_60' title="bbox 390 4647 1968 4723; baseline -0.009 -13"><span class='ocrx_word' id='word_1_426' title='bbox 390 4656 601 4711; x_wconf 88' lang='lat' dir='ltr'><strong>ostendi</strong></span> <span class='ocrx_word' id='word_1_427' title='bbox 612 4666 697 4709; x_wconf 90' lang='lat' dir='ltr'><strong>tur</strong></span> <span class='ocrx_word' id='word_1_428' title='bbox 709 4656 849 4723; x_wconf 92' lang='lat' dir='ltr'><strong>quod</strong></span> <span class='ocrx_word' id='word_1_429' title='bbox 865 4650 1193 4723; x_wconf 90' lang='lat' dir='ltr'><strong>propositum</strong></span> <span class='ocrx_word' id='word_1_430' title='bbox 1206 4657 1310 4713; x_wconf 85' lang='lat' dir='ltr'><strong>est,</strong></span> <span class='ocrx_word' id='word_1_431' title='bbox 1327 4664 1446 4703; x_wconf 94' lang='lat' dir='ltr'><strong>cum</strong></span> <span class='ocrx_word' id='word_1_432' title='bbox 1465 4647 1776 4716; x_wconf 87' lang='lat' dir='ltr'><strong>apparuerit</strong></span> <span class='ocrx_word' id='word_1_433' title='bbox 1790 4660 1968 4700; x_wconf 91' lang='lat' dir='ltr'><strong>resur-</strong></span> 
     </span>
    </p>
   </div>
   <div class='ocr_carea' id='block_1_61' title="bbox 393 4738 1969 4816">
    <p class='ocr_par' dir='ltr' id='par_1_61' title="bbox 393 4738 1969 4816">
     <span class='ocr_line' id='line_1_61' title="bbox 393 4738 1969 4816; baseline -0.004 -16"><span class='ocrx_word' id='word_1_434' title='bbox 393 4747 563 4802; x_wconf 87' lang='lat' dir='ltr'><strong>rectio</strong></span> <span class='ocrx_word' id='word_1_435' title='bbox 593 4746 705 4814; x_wconf 87' lang='lat' dir='ltr'><strong>ejus</strong></span> <span class='ocrx_word' id='word_1_436' title='bbox 727 4746 817 4816; x_wconf 90' lang='lat' dir='ltr'><strong>qui</strong></span> <span class='ocrx_word' id='word_1_437' title='bbox 848 4744 1129 4799; x_wconf 88' lang='lat' dir='ltr'><strong>suscitavit</strong></span> <span class='ocrx_word' id='word_1_438' title='bbox 1157 4742 1291 4814; x_wconf 70' lang='grc'><strong>(46).</strong></span> <span class='ocrx_word' id='word_1_439' title='bbox 1322 4742 1597 4812; x_wconf 90' lang='lat' dir='ltr'><strong>Siquidem</strong></span> <span class='ocrx_word' id='word_1_440' title='bbox 1616 4738 1969 4808; x_wconf 87' lang='lat' dir='ltr'><strong>etApostolus</strong></span> 
     </span>
    </p>
   </div>
   <div class='ocr_carea' id='block_1_62' title="bbox 397 4831 1970 4905">
    <p class='ocr_par' dir='ltr' id='par_1_62' title="bbox 397 4831 1970 4905">
     <span class='ocr_line' id='line_1_62' title="bbox 397 4831 1970 4905; baseline -0.006 -13"><span class='ocrx_word' id='word_1_441' title='bbox 397 4838 583 4893; x_wconf 85' lang='lat' dir='ltr'><strong>volens</strong></span> <span class='ocrx_word' id='word_1_442' title='bbox 605 4840 888 4894; x_wconf 87' lang='lat' dir='ltr'><strong>ostendere</strong></span> <span class='ocrx_word' id='word_1_443' title='bbox 925 4837 1045 4905; x_wconf 70' lang='lat' dir='ltr'><strong>quia</strong></span> <span class='ocrx_word' id='word_1_444' title='bbox 1075 4845 1363 4904; x_wconf 83' lang='lat' dir='ltr'><strong>resurgunt</strong></span> <span class='ocrx_word' id='word_1_445' title='bbox 1393 4833 1658 4896; x_wconf 90' lang='lat' dir='ltr'><strong>homines,</strong></span> <span class='ocrx_word' id='word_1_446' title='bbox 1689 4831 1755 4884; x_wconf 91' lang='lat' dir='ltr'><strong>ad</strong></span> <span class='ocrx_word' id='word_1_447' title='bbox 1792 4845 1970 4884; x_wconf 61' lang='lat' dir='ltr'><strong>resur«</strong></span> 
     </span>
    </p>
   </div>
   <div class='ocr_carea' id='block_1_63' title="bbox 399 4921 1973 4986">
    <p class='ocr_par' dir='ltr' id='par_1_63' title="bbox 399 4921 1973 4986">
     <span class='ocr_line' id='line_1_63' title="bbox 399 4921 1973 4986; baseline -0.008 0"><span class='ocrx_word' id='word_1_448' title='bbox 399 4921 696 4986; x_wconf 86' lang='lat' dir='ltr'><strong>rectionem</strong></span> <span class='ocrx_word' id='word_1_449' title='bbox 734 4930 943 4984; x_wconf 91' lang='lat' dir='ltr'><strong>Domini</strong></span> <span class='ocrx_word' id='word_1_450' title='bbox 989 4928 1291 4982; x_wconf 89' lang='lat' dir='ltr'><strong>transmisit</strong></span> <span class='ocrx_word' id='word_1_451' title='bbox 1325 4940 1479 4980; x_wconf 90' lang='lat' dir='ltr'><strong>suum</strong></span> <span class='ocrx_word' id='word_1_452' title='bbox 1532 4938 1871 4985; x_wconf 84' lang='lat' dir='ltr'><strong>sermonem,</strong></span> <span class='ocrx_word' id='word_1_453' title='bbox 1916 4931 1973 4975; x_wconf 89' lang='lat' dir='ltr'><strong>et</strong></span> 
     </span>
    </p>
   </div>
   <div class='ocr_carea' id='block_1_64' title="bbox 400 5012 1971 5087">
    <p class='ocr_par' dir='ltr' id='par_1_64' title="bbox 400 5012 1971 5087">
     <span class='ocr_line' id='line_1_64' title="bbox 400 5012 1971 5087; baseline -0.006 -12"><span class='ocrx_word' id='word_1_454' title='bbox 400 5021 573 5075; x_wconf 83' lang='lat' dir='ltr'><strong>dixit:</strong></span> <span class='ocrx_word' id='word_1_455' title='bbox 605 5018 663 5073; x_wconf 87' lang='lat' dir='ltr'><strong>Si</strong></span> <span class='ocrx_word' id='word_1_456' title='bbox 693 5021 1038 5087; x_wconf 85' lang='lat' dir='ltr'><strong>compatimur</strong></span> <span class='ocrx_word' id='word_1_457' title='bbox 1061 5030 1114 5071; x_wconf 85' lang='lat' dir='ltr'><strong>ut</strong></span> <span class='ocrx_word' id='word_1_458' title='bbox 1146 5029 1193 5071; x_wconf 83' lang='lat' dir='ltr'><strong>et</strong></span> <span class='ocrx_word' id='word_1_459' title='bbox 1223 5017 1381 5072; x_wconf 75' lang='lat' dir='ltr'><strong>simul</strong></span> <span class='ocrx_word' id='word_1_460' title='bbox 1422 5017 1774 5086; x_wconf 68' lang='lat' dir='ltr'><strong>gloriﬁcamur</strong></span> <span class='ocrx_word' id='word_1_461' title='bbox 1795 5014 1862 5067; x_wconf 77' lang='lat'><strong>‘°.</strong></span> <span class='ocrx_word' id='word_1_462' title='bbox 1908 5012 1971 5069; x_wconf 88' lang='lat' dir='ltr'><strong>Si</strong></span> 
     </span>
    </p>
   </div>
   <div class='ocr_carea' id='block_1_65' title="bbox 2046 2552 3611 2625">
    <p class='ocr_par' dir='ltr' id='par_1_65' title="bbox 2046 2552 3611 2625">
     <span class='ocr_line' id='line_1_65' title="bbox 2046 2552 3611 2625; baseline -0.007 -13"><span class='ocrx_word' id='word_1_463' title='bbox 2046 2567 2166 2625; x_wconf 87' lang='lat' dir='ltr'><strong>post</strong></span> <span class='ocrx_word' id='word_1_464' title='bbox 2197 2572 2433 2617; x_wconf 90' lang='lat' dir='ltr'><strong>crucem,</strong></span> <span class='ocrx_word' id='word_1_465' title='bbox 2469 2571 2573 2608; x_wconf 91' lang='lat' dir='ltr'><strong>non</strong></span> <span class='ocrx_word' id='word_1_466' title='bbox 2604 2554 2924 2617; x_wconf 78' lang='lat' dir='ltr'><strong>resurrexit,</strong></span> <span class='ocrx_word' id='word_1_467' title='bbox 2948 2552 3037 2620; x_wconf 91' lang='lat' dir='ltr'><strong>qui</strong></span> <span class='ocrx_word' id='word_1_468' title='bbox 3060 2552 3239 2621; x_wconf 88' lang='lat' dir='ltr'><strong>arguit</strong></span> <span class='ocrx_word' id='word_1_469' title='bbox 3266 2565 3327 2604; x_wconf 79' lang='lat' dir='ltr'><strong>ea</strong></span> <span class='ocrx_word' id='word_1_470' title='bbox 3356 2565 3474 2620; x_wconf 65' lang='lat' dir='ltr'><strong>qua:</strong></span> <span class='ocrx_word' id='word_1_471' title='bbox 3506 2564 3611 2603; x_wconf 90' lang='lat' dir='ltr'><strong>non</strong></span> 
     </span>
    </p>
   </div>
   <div class='ocr_carea' id='block_1_66' title="bbox 2047 2640 3618 2714">
    <p class='ocr_par' dir='ltr' id='par_1_66' title="bbox 2047 2640 3618 2714">
     <span class='ocr_line' id='line_1_66' title="bbox 2047 2640 3618 2714; baseline -0.006 -11"><span class='ocrx_word' id='word_1_472' title='bbox 2047 2652 2255 2704; x_wconf 90' lang='lat' dir='ltr'><strong>vivunt.</strong></span> <span class='ocrx_word' id='word_1_473' title='bbox 2287 2648 2344 2703; x_wconf 91' lang='lat' dir='ltr'><strong>Si</strong></span> <span class='ocrx_word' id='word_1_474' title='bbox 2375 2662 2480 2703; x_wconf 90' lang='lat' dir='ltr'><strong>nou</strong></span> <span class='ocrx_word' id='word_1_475' title='bbox 2503 2647 2849 2714; x_wconf 90' lang='lat' dir='ltr'><strong>increpantur</strong></span> <span class='ocrx_word' id='word_1_476' title='bbox 2878 2644 3097 2698; x_wconf 90' lang='lat' dir='ltr'><strong>nomine</strong></span> <span class='ocrx_word' id='word_1_477' title='bbox 3131 2643 3306 2698; x_wconf 90' lang='lat' dir='ltr'><strong>crucis</strong></span> <span class='ocrx_word' id='word_1_478' title='bbox 3326 2656 3513 2696; x_wconf 85' lang='lat' dir='ltr'><strong>eorum</strong></span> <span class='ocrx_word' id='word_1_479' title='bbox 3540 2640 3618 2695; x_wconf 89' lang='lat' dir='ltr'><strong>dii</strong></span> 
     </span>
    </p>
   </div>
   <div class='ocr_carea' id='block_1_67' title="bbox 2048 2735 3617 2805">
    <p class='ocr_par' dir='ltr' id='par_1_67' title="bbox 2048 2735 3617 2805">
     <span class='ocr_line' id='line_1_67' title="bbox 2048 2735 3617 2805; baseline -0.008 -8"><span class='ocrx_word' id='word_1_480' title='bbox 2048 2753 2102 2798; x_wconf 91' lang='lat' dir='ltr'><strong>et</strong></span> <span class='ocrx_word' id='word_1_481' title='bbox 2132 2743 2423 2805; x_wconf 65' lang='lat' dir='ltr'><strong>daemones,</strong></span> <span class='ocrx_word' id='word_1_482' title='bbox 2469 2757 2573 2795; x_wconf 93' lang='lat' dir='ltr'><strong>non</strong></span> <span class='ocrx_word' id='word_1_483' title='bbox 2624 2738 2920 2794; x_wconf 80' lang='lat' dir='ltr'><strong>resurrexit</strong></span> <span class='ocrx_word' id='word_1_484' title='bbox 2957 2736 3047 2805; x_wconf 91' lang='lat' dir='ltr'><strong>qui</strong></span> <span class='ocrx_word' id='word_1_485' title='bbox 3092 2736 3177 2789; x_wconf 92' lang='lat' dir='ltr'><strong>his</strong></span> <span class='ocrx_word' id='word_1_486' title='bbox 3210 2735 3299 2804; x_wconf 90' lang='lat' dir='ltr'><strong>qui</strong></span> <span class='ocrx_word' id='word_1_487' title='bbox 3336 2749 3439 2788; x_wconf 90' lang='lat' dir='ltr'><strong>non</strong></span> <span class='ocrx_word' id='word_1_488' title='bbox 3490 2742 3617 2788; x_wconf 89' lang='lat' dir='ltr'><strong>sunt</strong></span> 
     </span>
    </p>
   </div>
   <div class='ocr_carea' id='block_1_68' title="bbox 2053 2829 3617 2890">
    <p class='ocr_par' dir='ltr' id='par_1_68' title="bbox 2053 2829 3617 2890">
     <span class='ocr_line' id='line_1_68' title="bbox 2053 2829 3617 2890; baseline -0.008 0"><span class='ocrx_word' id='word_1_489' title='bbox 2053 2835 2309 2890; x_wconf 87' lang='lat' dir='ltr'><strong>terribilis</strong></span> <span class='ocrx_word' id='word_1_490' title='bbox 2366 2834 2639 2888; x_wconf 84' lang='lat' dir='ltr'><strong>habetur:</strong></span> <span class='ocrx_word' id='word_1_491' title='bbox 2680 2832 3007 2887; x_wconf 81' lang='lat' dir='ltr'><strong>conﬁtentur</strong></span> <span class='ocrx_word' id='word_1_492' title='bbox 3059 2829 3202 2882; x_wconf 86' lang='lat' dir='ltr'><strong>enim</strong></span> <span class='ocrx_word' id='word_1_493' title='bbox 3238 2837 3292 2881; x_wconf 90' lang='lat' dir='ltr'><strong>et</strong></span> <span class='ocrx_word' id='word_1_494' title='bbox 3347 2831 3617 2880; x_wconf 67' lang='lat' dir='ltr'><strong>daemones</strong></span> 
     </span>
    </p>
   </div>
   <div class='ocr_carea' id='block_1_69' title="bbox 2053 2943 3621 3010">
    <p class='ocr_par' dir='ltr' id='par_1_69' title="bbox 2053 2943 3621 3010">
     <span class='ocr_line' id='line_1_69' title="bbox 2053 2943 3621 3010; baseline -0.008 -8"><span class='ocrx_word' id='word_1_495' title='bbox 2053 2946 2507 3002; x_wconf 84' lang='lat' dir='ltr'><strong>resurrectionem</strong></span> <span class='ocrx_word' id='word_1_496' title='bbox 2539 2944 2763 3000; x_wconf 87' lang='lat' dir='ltr'><strong>Christi.</strong></span> <span class='ocrx_word' id='word_1_497' title='bbox 2794 2944 2894 3010; x_wconf 84' lang='lat' dir='ltr'><strong>Qui</strong></span> <span class='ocrx_word' id='word_1_498' title='bbox 2931 2943 3072 2998; x_wconf 91' lang='lat' dir='ltr'><strong>enim</strong></span> <span class='ocrx_word' id='word_1_499' title='bbox 3118 2943 3461 3002; x_wconf 83' lang='lat' dir='ltr'><strong>exorcizant,</strong></span> <span class='ocrx_word' id='word_1_500' title='bbox 3495 2953 3621 2992; x_wconf 85' lang='lat' dir='ltr'><strong>oru-</strong></span> 
     </span>
    </p>
   </div>
   <div class='ocr_carea' id='block_1_70' title="bbox 2056 3035 3621 3102">
    <p class='ocr_par' dir='ltr' id='par_1_70' title="bbox 2056 3035 3621 3102">
     <span class='ocr_line' id='line_1_70' title="bbox 2056 3035 3621 3102; baseline -0.008 -7"><span class='ocrx_word' id='word_1_501' title='bbox 2056 3057 2171 3095; x_wconf 89' lang='lat' dir='ltr'><strong>cem</strong></span> <span class='ocrx_word' id='word_1_502' title='bbox 2199 3040 2410 3094; x_wconf 90' lang='lat' dir='ltr'><strong>Domini</strong></span> <span class='ocrx_word' id='word_1_503' title='bbox 2440 3039 2743 3102; x_wconf 89' lang='lat' dir='ltr'><strong>nominant,</strong></span> <span class='ocrx_word' id='word_1_504' title='bbox 2787 3046 2839 3091; x_wconf 90' lang='lat' dir='ltr'><strong>et</strong></span> <span class='ocrx_word' id='word_1_505' title='bbox 2885 3035 3333 3092; x_wconf 87' lang='lat' dir='ltr'><strong>resurrectionem</strong></span> <span class='ocrx_word' id='word_1_506' title='bbox 3378 3048 3391 3085; x_wconf 92' lang='lat'>:</span> <span class='ocrx_word' id='word_1_507' title='bbox 3431 3040 3483 3084; x_wconf 91' lang='lat' dir='ltr'><strong>et</strong></span> <span class='ocrx_word' id='word_1_508' title='bbox 3524 3046 3621 3083; x_wconf 90' lang='lat' dir='ltr'><strong>no-</strong></span> 
     </span>
    </p>
   </div>
   <div class='ocr_carea' id='block_1_71' title="bbox 2058 3125 3619 3201">
    <p class='ocr_par' dir='ltr' id='par_1_71' title="bbox 2058 3125 3619 3201">
     <span class='ocr_line' id='line_1_71' title="bbox 2058 3125 3619 3201; baseline -0.008 -15"><span class='ocrx_word' id='word_1_509' title='bbox 2058 3134 2202 3186; x_wconf 90' lang='lat' dir='ltr'><strong>mine</strong></span> <span class='ocrx_word' id='word_1_510' title='bbox 2233 3133 2350 3201; x_wconf 91' lang='lat' dir='ltr'><strong>ejus</strong></span> <span class='ocrx_word' id='word_1_511' title='bbox 2379 3131 2471 3201; x_wconf 88' lang='lat' dir='ltr'><strong>qui</strong></span> <span class='ocrx_word' id='word_1_512' title='bbox 2510 3140 2754 3183; x_wconf 89' lang='lat' dir='ltr'><strong>mortuus</strong></span> <span class='ocrx_word' id='word_1_513' title='bbox 2788 3137 2871 3182; x_wconf 89' lang='lat' dir='ltr'><strong>est</strong></span> <span class='ocrx_word' id='word_1_514' title='bbox 2902 3140 2959 3182; x_wconf 91' lang='lat' dir='ltr'><strong>et</strong></span> <span class='ocrx_word' id='word_1_515' title='bbox 3004 3126 3303 3182; x_wconf 83' lang='lat' dir='ltr'><strong>resurrexit</strong></span> <span class='ocrx_word' id='word_1_516' title='bbox 3333 3125 3619 3190; x_wconf 87' lang='lat' dir='ltr'><strong>increpan-</strong></span> 
     </span>
    </p>
   </div>
   <div class='ocr_carea' id='block_1_72' title="bbox 2059 3206 3624 3283">
    <p class='ocr_par' dir='ltr' id='par_1_72' title="bbox 2059 3206 3624 3283">
     <span class='ocr_line' id='line_1_72' title="bbox 2059 3206 3624 3283; baseline -0.008 -11"><span class='ocrx_word' id='word_1_517' title='bbox 2059 3229 2157 3283; x_wconf 88' lang='lat' dir='ltr'><strong>tes,</strong></span> <span class='ocrx_word' id='word_1_518' title='bbox 2192 3235 2296 3272; x_wconf 90' lang='lat' dir='ltr'><strong>non</strong></span> <span class='ocrx_word' id='word_1_519' title='bbox 2323 3228 2381 3270; x_wconf 90' lang='lat' dir='ltr'><strong>ut</strong></span> <span class='ocrx_word' id='word_1_520' title='bbox 2415 3215 2783 3269; x_wconf 86' lang='lat' dir='ltr'><strong>inobedientes</strong></span> <span class='ocrx_word' id='word_1_521' title='bbox 2821 3222 2912 3279; x_wconf 79' lang='lat' dir='ltr'><strong>aut</strong></span> <span class='ocrx_word' id='word_1_522' title='bbox 2962 3212 3391 3265; x_wconf 82' lang='lat' dir='ltr'><strong>centradicentes</strong></span> <span class='ocrx_word' id='word_1_523' title='bbox 3424 3206 3624 3261; x_wconf 74' lang='lat' dir='ltr'><strong>habent</strong></span> 
     </span>
    </p>
   </div>
   <div class='ocr_carea' id='block_1_73' title="bbox 2057 3302 3626 3373">
    <p class='ocr_par' dir='ltr' id='par_1_73' title="bbox 2057 3302 3626 3373">
     <span class='ocr_line' id='line_1_73' title="bbox 2057 3302 3626 3373; baseline -0.01 -8"><span class='ocrx_word' id='word_1_524' title='bbox 2057 3313 2352 3373; x_wconf 71' lang='lat' dir='ltr'><strong>daemones,</strong></span> <span class='ocrx_word' id='word_1_525' title='bbox 2389 3310 2480 3363; x_wconf 88' lang='lat' dir='ltr'><strong>sed</strong></span> <span class='ocrx_word' id='word_1_526' title='bbox 2510 3306 2860 3359; x_wconf 88' lang='lat' dir='ltr'><strong>obaudientcs</strong></span> <span class='ocrx_word' id='word_1_527' title='bbox 2894 3313 2947 3357; x_wconf 89' lang='lat' dir='ltr'><strong>et</strong></span> <span class='ocrx_word' id='word_1_528' title='bbox 2990 3302 3390 3357; x_wconf 84' lang='lat' dir='ltr'><strong>consentientes</strong></span> <span class='ocrx_word' id='word_1_529' title='bbox 3444 3314 3626 3353; x_wconf 86' lang='lat' dir='ltr'><strong>resur-</strong></span> 
     </span>
    </p>
   </div>
   <div class='ocr_carea' id='block_1_74' title="bbox 2056 3390 3623 3457">
    <p class='ocr_par' dir='ltr' id='par_1_74' title="bbox 2056 3390 3623 3457">
     <span class='ocr_line' id='line_1_74' title="bbox 2056 3390 3623 3457; baseline -0.011 0"><span class='ocrx_word' id='word_1_530' title='bbox 2056 3401 2367 3457; x_wconf 84' lang='lat' dir='ltr'><strong>rectionem.</strong></span> <span class='ocrx_word' id='word_1_531' title='bbox 2424 3400 2529 3453; x_wconf 83' lang='lat' dir='ltr'><strong>Sed</strong></span> <span class='ocrx_word' id='word_1_532' title='bbox 2585 3397 2750 3450; x_wconf 69' lang='lat' dir='ltr'><strong>Judaei</strong></span> <span class='ocrx_word' id='word_1_533' title='bbox 2808 3395 3057 3448; x_wconf 86' lang='lat' dir='ltr'><strong>dubitant</strong></span> <span class='ocrx_word' id='word_1_534' title='bbox 3108 3395 3173 3447; x_wconf 87' lang='lat' dir='ltr'><strong>de</strong></span> <span class='ocrx_word' id='word_1_535' title='bbox 3225 3390 3623 3445; x_wconf 82' lang='lat' dir='ltr'><strong>resurrectione</strong></span> 
     </span>
    </p>
   </div>
   <div class='ocr_carea' id='block_1_75' title="bbox 2057 3483 3624 3551">
    <p class='ocr_par' dir='ltr' id='par_1_75' title="bbox 2057 3483 3624 3551">
     <span class='ocr_line' id='line_1_75' title="bbox 2057 3483 3624 3551; baseline -0.008 -4"><span class='ocrx_word' id='word_1_536' title='bbox 2057 3493 2279 3547; x_wconf 88' lang='lat' dir='ltr'><strong>Christi.</strong></span> <span class='ocrx_word' id='word_1_537' title='bbox 2317 3490 2532 3546; x_wconf 90' lang='lat' dir='ltr'><strong>Utinam</strong></span> <span class='ocrx_word' id='word_1_538' title='bbox 2564 3506 2670 3543; x_wconf 92' lang='lat' dir='ltr'><strong>non</strong></span> <span class='ocrx_word' id='word_1_539' title='bbox 2713 3489 3041 3549; x_wconf 89' lang='lat' dir='ltr'><strong>dubitarent,</strong></span> <span class='ocrx_word' id='word_1_540' title='bbox 3081 3494 3139 3539; x_wconf 92' lang='lat' dir='ltr'><strong>ut</strong></span> <span class='ocrx_word' id='word_1_541' title='bbox 3169 3493 3223 3539; x_wconf 91' lang='lat' dir='ltr'><strong>et</strong></span> <span class='ocrx_word' id='word_1_542' title='bbox 3251 3483 3349 3551; x_wconf 86' lang='lat' dir='ltr'><strong>ipsi</strong></span> <span class='ocrx_word' id='word_1_543' title='bbox 3376 3495 3624 3551; x_wconf 81' lang='lat' dir='ltr'><strong>resurge-</strong></span> 
     </span>
    </p>
   </div>
   <div class='ocr_carea' id='block_1_76' title="bbox 2060 3575 3624 3651">
    <p class='ocr_par' dir='ltr' id='par_1_76' title="bbox 2060 3575 3624 3651">
     <span class='ocr_line' id='line_1_76' title="bbox 2060 3575 3624 3651; baseline -0.009 -14"><span class='ocrx_word' id='word_1_544' title='bbox 2060 3593 2179 3638; x_wconf 89' lang='lat' dir='ltr'><strong>rent</strong></span> <span class='ocrx_word' id='word_1_545' title='bbox 2208 3598 2237 3636; x_wconf 90' lang='lat' dir='ltr'><strong>a</strong></span> <span class='ocrx_word' id='word_1_546' title='bbox 2279 3581 2516 3651; x_wconf 91' lang='lat' dir='ltr'><strong>peccatis</strong></span> <span class='ocrx_word' id='word_1_547' title='bbox 2543 3580 2675 3640; x_wconf 89' lang='lat' dir='ltr'><strong>suis.</strong></span> <span class='ocrx_word' id='word_1_548' title='bbox 2726 3580 2777 3632; x_wconf 91' lang='lat' dir='ltr'><strong>in</strong></span> <span class='ocrx_word' id='word_1_549' title='bbox 2812 3580 3006 3648; x_wconf 87' lang='lat' dir='ltr'><strong>quibus</strong></span> <span class='ocrx_word' id='word_1_550' title='bbox 3048 3575 3241 3629; x_wconf 79' lang='lat' dir='ltr'><strong>lllm‘llli</strong></span> <span class='ocrx_word' id='word_1_551' title='bbox 3269 3584 3323 3628; x_wconf 83' lang='lat' dir='ltr'><strong>et</strong></span> <span class='ocrx_word' id='word_1_552' title='bbox 3353 3587 3477 3627; x_wconf 87' lang='lat' dir='ltr'><strong>vere</strong></span> <span class='ocrx_word' id='word_1_553' title='bbox 3502 3582 3624 3626; x_wconf 83' lang='lat' dir='ltr'><strong>sunt</strong></span> 
     </span>
    </p>
   </div>
   <div class='ocr_carea' id='block_1_77' title="bbox 2059 3662 3623 3732">
    <p class='ocr_par' dir='ltr' id='par_1_77' title="bbox 2059 3662 3623 3732">
     <span class='ocr_line' id='line_1_77' title="bbox 2059 3662 3623 3732; baseline -0.011 -4"><span class='ocrx_word' id='word_1_554' title='bbox 2059 3673 2289 3728; x_wconf 89' lang='lat' dir='ltr'><strong>mortui!</strong></span> <span class='ocrx_word' id='word_1_555' title='bbox 2313 3673 2369 3728; x_wconf 90' lang='lat' dir='ltr'><strong>Si</strong></span> <span class='ocrx_word' id='word_1_556' title='bbox 2395 3680 2572 3726; x_wconf 86' lang='lat' dir='ltr'><strong>autem</strong></span> <span class='ocrx_word' id='word_1_557' title='bbox 2590 3670 2863 3732; x_wconf 88' lang='lat' dir='ltr'><strong>dubitant,</strong></span> <span class='ocrx_word' id='word_1_558' title='bbox 2884 3665 3165 3721; x_wconf 89' lang='lat' dir='ltr'><strong>ostendant</strong></span> <span class='ocrx_word' id='word_1_559' title='bbox 3183 3662 3452 3717; x_wconf 79' lang='lat' dir='ltr'><strong>civitatem</strong></span> <span class='ocrx_word' id='word_1_560' title='bbox 3474 3674 3623 3713; x_wconf 84' lang='lat' dir='ltr'><strong>suam</strong></span> 
     </span>
    </p>
   </div>
   <div class='ocr_carea' id='block_1_78' title="bbox 1986 3746 3626 3845">
    <p class='ocr_par' dir='ltr' id='par_1_78' title="bbox 1986 3746 3626 3845">
     <span class='ocr_line' id='line_1_78' title="bbox 1986 3746 3626 3845; baseline -0.013 -27"><span class='ocrx_word' id='word_1_561' title='bbox 1986 3789 2028 3845; x_wconf 67' lang='grc' dir='ltr'>ο</span> <span class='ocrx_word' id='word_1_562' title='bbox 2060 3772 2176 3833; x_wconf 89' lang='lat' dir='ltr'><strong>post</strong></span> <span class='ocrx_word' id='word_1_563' title='bbox 2206 3778 2268 3817; x_wconf 92' lang='lat' dir='ltr'><strong>ea</strong></span> <span class='ocrx_word' id='word_1_564' title='bbox 2300 3776 2417 3831; x_wconf 65' lang='lat' dir='ltr'><strong>qua?</strong></span> <span class='ocrx_word' id='word_1_565' title='bbox 2444 3760 2558 3814; x_wconf 89' lang='lat' dir='ltr'><strong>ausi</strong></span> <span class='ocrx_word' id='word_1_566' title='bbox 2593 3767 2739 3824; x_wconf 89' lang='lat' dir='ltr'><strong>sunt,</strong></span> <span class='ocrx_word' id='word_1_567' title='bbox 2774 3766 3028 3811; x_wconf 90' lang='lat' dir='ltr'><strong>stantem.</strong></span> <span class='ocrx_word' id='word_1_568' title='bbox 3080 3752 3146 3806; x_wconf 88' lang='lat' dir='ltr'><strong>Et</strong></span> <span class='ocrx_word' id='word_1_569' title='bbox 3173 3764 3299 3803; x_wconf 81' lang='lat' dir='ltr'><strong>vere</strong></span> <span class='ocrx_word' id='word_1_570' title='bbox 3345 3746 3435 3815; x_wconf 91' lang='lat' dir='ltr'><strong>qui</strong></span> <span class='ocrx_word' id='word_1_571' title='bbox 3481 3760 3626 3799; x_wconf 87' lang='lat' dir='ltr'><strong>mor-</strong></span> 
     </span>
    </p>
   </div>
   <div class='ocr_carea' id='block_1_79' title="bbox 2064 3838 3625 3919">
    <p class='ocr_par' dir='ltr' id='par_1_79' title="bbox 2064 3838 3625 3919">
     <span class='ocr_line' id='line_1_79' title="bbox 2064 3838 3625 3919; baseline -0.013 -10"><span class='ocrx_word' id='word_1_572' title='bbox 2064 3866 2184 3909; x_wconf 91' lang='lat' dir='ltr'><strong>tuus</strong></span> <span class='ocrx_word' id='word_1_573' title='bbox 2210 3863 2291 3909; x_wconf 88' lang='lat' dir='ltr'><strong>est</strong></span> <span class='ocrx_word' id='word_1_574' title='bbox 2323 3862 2564 3908; x_wconf 85' lang='lat' dir='ltr'><strong>mortuus</strong></span> <span class='ocrx_word' id='word_1_575' title='bbox 2596 3859 2699 3914; x_wconf 90' lang='lat' dir='ltr'><strong>est,</strong></span> <span class='ocrx_word' id='word_1_576' title='bbox 2740 3850 2865 3919; x_wconf 86' lang='lat' dir='ltr'><strong>quia</strong></span> <span class='ocrx_word' id='word_1_577' title='bbox 2895 3856 3038 3902; x_wconf 90' lang='lat' dir='ltr'><strong>stant</strong></span> <span class='ocrx_word' id='word_1_578' title='bbox 3065 3844 3154 3916; x_wconf 92' lang='lat' dir='ltr'><strong>qui</strong></span> <span class='ocrx_word' id='word_1_579' title='bbox 3184 3838 3471 3895; x_wconf 77' lang='lat' dir='ltr'><strong>alﬁxerunt</strong></span> <span class='ocrx_word' id='word_1_580' title='bbox 3498 3850 3625 3890; x_wconf 72' lang='lat' dir='ltr'><strong>cru-</strong></span> 
     </span>
    </p>
   </div>
   <div class='ocr_carea' id='block_1_80' title="bbox 2060 3931 3621 4001">
    <p class='ocr_par' dir='ltr' id='par_1_80' title="bbox 2060 3931 3621 4001">
     <span class='ocr_line' id='line_1_80' title="bbox 2060 3931 3621 4001; baseline -0.013 0"><span class='ocrx_word' id='word_1_581' title='bbox 2060 3947 2129 4001; x_wconf 95' lang='lat' dir='ltr'><strong>ci.</strong></span> <span class='ocrx_word' id='word_1_582' title='bbox 2157 3947 2213 4000; x_wconf 91' lang='lat' dir='ltr'><strong>Si</strong></span> <span class='ocrx_word' id='word_1_583' title='bbox 2248 3954 2427 4000; x_wconf 91' lang='lat' dir='ltr'><strong>autem</strong></span> <span class='ocrx_word' id='word_1_584' title='bbox 2457 3945 2670 3998; x_wconf 89' lang='lat' dir='ltr'><strong>deserta</strong></span> <span class='ocrx_word' id='word_1_585' title='bbox 2700 3951 2781 3996; x_wconf 90' lang='lat' dir='ltr'><strong>est</strong></span> <span class='ocrx_word' id='word_1_586' title='bbox 2822 3939 3013 3995; x_wconf 89' lang='lat' dir='ltr'><strong>civitas</strong></span> <span class='ocrx_word' id='word_1_587' title='bbox 3055 3938 3125 3992; x_wconf 93' lang='lat' dir='ltr'><strong>ob</strong></span> <span class='ocrx_word' id='word_1_588' title='bbox 3157 3934 3437 3990; x_wconf 88' lang='lat' dir='ltr'><strong>audaciam</strong></span> <span class='ocrx_word' id='word_1_589' title='bbox 3485 3931 3621 3983; x_wconf 83' lang='lat' dir='ltr'><strong>inco-</strong></span> 
     </span>
    </p>
   </div>
   <div class='ocr_carea' id='block_1_81' title="bbox 2060 4018 3630 4106">
    <p class='ocr_par' dir='ltr' id='par_1_81' title="bbox 2060 4018 3630 4106">
     <span class='ocr_line' id='line_1_81' title="bbox 2060 4018 3630 4106; baseline -0.014 -14"><span class='ocrx_word' id='word_1_590' title='bbox 2060 4039 2252 4100; x_wconf 88' lang='lat' dir='ltr'><strong>larum,</strong></span> <span class='ocrx_word' id='word_1_591' title='bbox 2280 4037 2368 4106; x_wconf 90' lang='lat' dir='ltr'><strong>qui</strong></span> <span class='ocrx_word' id='word_1_592' title='bbox 2406 4045 2526 4104; x_wconf 89' lang='lat' dir='ltr'><strong>post</strong></span> <span class='ocrx_word' id='word_1_593' title='bbox 2563 4043 2787 4088; x_wconf 90' lang='lat' dir='ltr'><strong>mortem</strong></span> <span class='ocrx_word' id='word_1_594' title='bbox 2816 4030 3027 4087; x_wconf 89' lang='lat' dir='ltr'><strong>cruciat</strong></span> <span class='ocrx_word' id='word_1_595' title='bbox 3056 4044 3148 4083; x_wconf 92' lang='lat' dir='ltr'><strong>eos</strong></span> <span class='ocrx_word' id='word_1_596' title='bbox 3178 4026 3303 4095; x_wconf 89' lang='lat' dir='ltr'><strong>quia</strong></span> <span class='ocrx_word' id='word_1_597' title='bbox 3336 4029 3487 4084; x_wconf 85' lang='lat' dir='ltr'><strong>sunt,</strong></span> <span class='ocrx_word' id='word_1_598' title='bbox 3531 4018 3630 4071; x_wconf 82' lang='lat' dir='ltr'><strong>uti-</strong></span> 
     </span>
    </p>
   </div>
   <div class='ocr_carea' id='block_1_82' title="bbox 2059 4111 3627 4197">
    <p class='ocr_par' dir='ltr' id='par_1_82' title="bbox 2059 4111 3627 4197">
     <span class='ocr_line' id='line_1_82' title="bbox 2059 4111 3627 4197; baseline -0.013 -17"><span class='ocrx_word' id='word_1_599' title='bbox 2059 4142 2166 4197; x_wconf 89' lang='lat' dir='ltr'><strong>que</strong></span> <span class='ocrx_word' id='word_1_600' title='bbox 2191 4128 2375 4180; x_wconf 90' lang='lat' dir='ltr'><strong>vivens</strong></span> <span class='ocrx_word' id='word_1_601' title='bbox 2397 4126 2449 4179; x_wconf 92' lang='lat' dir='ltr'><strong>id</strong></span> <span class='ocrx_word' id='word_1_602' title='bbox 2482 4126 2640 4196; x_wconf 83' lang='lat' dir='ltr'><strong>gerit.</strong></span> <span class='ocrx_word' id='word_1_603' title='bbox 2668 4123 2726 4177; x_wconf 91' lang='lat' dir='ltr'><strong>Si</strong></span> <span class='ocrx_word' id='word_1_604' title='bbox 2751 4138 2853 4176; x_wconf 87' lang='lat' dir='ltr'><strong>non</strong></span> <span class='ocrx_word' id='word_1_605' title='bbox 2871 4121 3037 4176; x_wconf 91' lang='lat' dir='ltr'><strong>servit</strong></span> <span class='ocrx_word' id='word_1_606' title='bbox 3064 4133 3249 4174; x_wconf 88' lang='lat' dir='ltr'><strong>eorum</strong></span> <span class='ocrx_word' id='word_1_607' title='bbox 3274 4128 3427 4186; x_wconf 87' lang='lat' dir='ltr'><strong>gens,</strong></span> <span class='ocrx_word' id='word_1_608' title='bbox 3452 4111 3494 4165; x_wconf 90' lang='lat' dir='ltr'><strong>si</strong></span> <span class='ocrx_word' id='word_1_609' title='bbox 3519 4124 3627 4163; x_wconf 83' lang='lat' dir='ltr'><strong>non</strong></span> 
     </span>
    </p>
   </div>
   <div class='ocr_carea' id='block_1_83' title="bbox 2063 4207 3630 4285">
    <p class='ocr_par' dir='ltr' id='par_1_83' title="bbox 2063 4207 3630 4285">
     <span class='ocr_line' id='line_1_83' title="bbox 2063 4207 3630 4285; baseline -0.013 -11"><span class='ocrx_word' id='word_1_610' title='bbox 2063 4226 2466 4274; x_wconf 82' lang='lat' dir='ltr'><strong>excusaverunt</strong></span> <span class='ocrx_word' id='word_1_611' title='bbox 2500 4232 2655 4272; x_wconf 91' lang='lat' dir='ltr'><strong>suum</strong></span> <span class='ocrx_word' id='word_1_612' title='bbox 2694 4230 2907 4285; x_wconf 79' lang='lat' dir='ltr'><strong>regem,</strong></span> <span class='ocrx_word' id='word_1_613' title='bbox 2955 4214 2999 4267; x_wconf 91' lang='lat' dir='ltr'><strong>si</strong></span> <span class='ocrx_word' id='word_1_614' title='bbox 3048 4222 3131 4267; x_wconf 92' lang='lat' dir='ltr'><strong>est</strong></span> <span class='ocrx_word' id='word_1_615' title='bbox 3168 4225 3287 4265; x_wconf 90' lang='lat' dir='ltr'><strong>cum</strong></span> <span class='ocrx_word' id='word_1_616' title='bbox 3323 4207 3454 4277; x_wconf 88' lang='lat' dir='ltr'><strong>ipsis</strong></span> <span class='ocrx_word' id='word_1_617' title='bbox 3503 4217 3630 4272; x_wconf 91' lang='lat' dir='ltr'><strong>pro-</strong></span> 
     </span>
    </p>
   </div>
   <div class='ocr_carea' id='block_1_84' title="bbox 2065 4292 3632 4378">
    <p class='ocr_par' dir='ltr' id='par_1_84' title="bbox 2065 4292 3632 4378">
     <span class='ocr_line' id='line_1_84' title="bbox 2065 4292 3632 4378; baseline -0.011 -14"><span class='ocrx_word' id='word_1_618' title='bbox 2065 4310 2263 4378; x_wconf 89' lang='lat' dir='ltr'><strong>pheta;</strong></span> <span class='ocrx_word' id='word_1_619' title='bbox 2298 4324 2403 4362; x_wconf 91' lang='lat' dir='ltr'><strong>non</strong></span> <span class='ocrx_word' id='word_1_620' title='bbox 2434 4318 2516 4363; x_wconf 78' lang='lat' dir='ltr'><strong>est</strong></span> <span class='ocrx_word' id='word_1_621' title='bbox 2569 4307 2742 4362; x_wconf 79' lang='lat' dir='ltr'><strong>lactus</strong></span> <span class='ocrx_word' id='word_1_622' title='bbox 2773 4292 2948 4359; x_wconf 80' lang='lat' dir='ltr'><strong>exitus</strong></span> <span class='ocrx_word' id='word_1_623' title='bbox 2976 4300 3369 4373; x_wconf 67' lang='lat' dir='ltr'><strong>prtedieationis</strong></span> <span class='ocrx_word' id='word_1_624' title='bbox 3399 4296 3632 4366; x_wconf 88' lang='lat' dir='ltr'><strong>prophe-</strong></span> 
     </span>
    </p>
   </div>
   <div class='ocr_carea' id='block_1_85' title="bbox 2068 4383 3636 4453">
    <p class='ocr_par' dir='ltr' id='par_1_85' title="bbox 2068 4383 3636 4453">
     <span class='ocr_line' id='line_1_85' title="bbox 2068 4383 3636 4453; baseline -0.011 -1"><span class='ocrx_word' id='word_1_625' title='bbox 2068 4410 2265 4453; x_wconf 89' lang='lat' dir='ltr'><strong>tarum.</strong></span> <span class='ocrx_word' id='word_1_626' title='bbox 2300 4399 2357 4451; x_wconf 90' lang='lat' dir='ltr'><strong>Si</strong></span> <span class='ocrx_word' id='word_1_627' title='bbox 2393 4409 2570 4451; x_wconf 89' lang='lat' dir='ltr'><strong>autem</strong></span> <span class='ocrx_word' id='word_1_628' title='bbox 2604 4398 2795 4451; x_wconf 84' lang='lat' dir='ltr'><strong>civitas</strong></span> <span class='ocrx_word' id='word_1_629' title='bbox 2820 4412 3006 4451; x_wconf 90' lang='lat' dir='ltr'><strong>eorum</strong></span> <span class='ocrx_word' id='word_1_630' title='bbox 3036 4394 3245 4448; x_wconf 88' lang='lat' dir='ltr'><strong>deserta</strong></span> <span class='ocrx_word' id='word_1_631' title='bbox 3269 4400 3370 4452; x_wconf 89' lang='lat' dir='ltr'><strong>est,</strong></span> <span class='ocrx_word' id='word_1_632' title='bbox 3388 4387 3431 4441; x_wconf 90' lang='lat' dir='ltr'><strong>si</strong></span> <span class='ocrx_word' id='word_1_633' title='bbox 3464 4383 3636 4439; x_wconf 88' lang='lat' dir='ltr'><strong>altare</strong></span> 
     </span>
    </p>
   </div>
   <div class='ocr_carea' id='block_1_86' title="bbox 2060 4487 3630 4559">
    <p class='ocr_par' dir='ltr' id='par_1_86' title="bbox 2060 4487 3630 4559">
     <span class='ocr_line' id='line_1_86' title="bbox 2060 4487 3630 4559; baseline -0.011 -17"><span class='ocrx_word' id='word_1_634' title='bbox 2060 4489 2173 4559; x_wconf 88' lang='lat' dir='ltr'><strong>jam</strong></span> <span class='ocrx_word' id='word_1_635' title='bbox 2202 4504 2306 4542; x_wconf 89' lang='lat' dir='ltr'><strong>non</strong></span> <span class='ocrx_word' id='word_1_636' title='bbox 2338 4499 2421 4542; x_wconf 88' lang='lat' dir='ltr'><strong>est</strong></span> <span class='ocrx_word' id='word_1_637' title='bbox 2449 4489 2549 4553; x_wconf 90' lang='lat' dir='ltr'><strong>eis,</strong></span> <span class='ocrx_word' id='word_1_638' title='bbox 2600 4505 2700 4541; x_wconf 88' lang='lat' dir='ltr'><strong>non</strong></span> <span class='ocrx_word' id='word_1_639' title='bbox 2737 4487 3011 4547; x_wconf 86' lang='lat' dir='ltr'><strong>sacerdos,</strong></span> <span class='ocrx_word' id='word_1_640' title='bbox 3049 4498 3152 4536; x_wconf 91' lang='lat' dir='ltr'><strong>non</strong></span> <span class='ocrx_word' id='word_1_641' title='bbox 3200 4495 3316 4544; x_wconf 86' lang='lat' dir='ltr'><strong>rex,</strong></span> <span class='ocrx_word' id='word_1_642' title='bbox 3369 4491 3473 4529; x_wconf 90' lang='lat' dir='ltr'><strong>nou</strong></span> <span class='ocrx_word' id='word_1_643' title='bbox 3508 4490 3630 4542; x_wconf 81' lang='lat' dir='ltr'><strong>pro-</strong></span> 
     </span>
    </p>
   </div>
   <div class='ocr_carea' id='block_1_87' title="bbox 2068 4559 3635 4645">
    <p class='ocr_par' dir='ltr' id='par_1_87' title="bbox 2068 4559 3635 4645">
     <span class='ocr_line' id='line_1_87' title="bbox 2068 4559 3635 4645; baseline -0.011 -16"><span class='ocrx_word' id='word_1_644' title='bbox 2068 4579 2248 4645; x_wconf 89' lang='lat' dir='ltr'><strong>pheta.</strong></span> <span class='ocrx_word' id='word_1_645' title='bbox 2288 4592 2392 4629; x_wconf 91' lang='lat' dir='ltr'><strong>non</strong></span> <span class='ocrx_word' id='word_1_646' title='bbox 2423 4576 2672 4645; x_wconf 72' lang='lat' dir='ltr'><strong>Spiritus;</strong></span> <span class='ocrx_word' id='word_1_647' title='bbox 2701 4589 2796 4644; x_wconf 92' lang='lat' dir='ltr'><strong>per</strong></span> <span class='ocrx_word' id='word_1_648' title='bbox 2820 4587 2977 4642; x_wconf 91' lang='lat' dir='ltr'><strong>quem</strong></span> <span class='ocrx_word' id='word_1_649' title='bbox 3013 4570 3150 4637; x_wconf 85' lang='lat' dir='ltr'><strong>ista?</strong></span> <span class='ocrx_word' id='word_1_650' title='bbox 3183 4568 3237 4621; x_wconf 92' lang='lat' dir='ltr'><strong>Si</strong></span> <span class='ocrx_word' id='word_1_651' title='bbox 3271 4573 3452 4619; x_wconf 90' lang='lat' dir='ltr'><strong>autem</strong></span> <span class='ocrx_word' id='word_1_652' title='bbox 3476 4571 3534 4615; x_wconf 92' lang='lat' dir='ltr'><strong>et</strong></span> <span class='ocrx_word' id='word_1_653' title='bbox 3555 4559 3635 4614; x_wconf 92' lang='lat' dir='ltr'><strong>di-</strong></span> 
     </span>
    </p>
   </div>
   <div class='ocr_carea' id='block_1_88' title="bbox 2067 4651 3637 4736">
    <p class='ocr_par' dir='ltr' id='par_1_88' title="bbox 2067 4651 3637 4736">
     <span class='ocr_line' id='line_1_88' title="bbox 2067 4651 3637 4736; baseline -0.01 -17"><span class='ocrx_word' id='word_1_654' title='bbox 2067 4674 2218 4719; x_wconf 86' lang='lat' dir='ltr'><strong>catur</strong></span> <span class='ocrx_word' id='word_1_655' title='bbox 2243 4673 2311 4718; x_wconf 88' lang='lat' dir='ltr'><strong>ab</strong></span> <span class='ocrx_word' id='word_1_656' title='bbox 2343 4666 2421 4719; x_wconf 89' lang='lat' dir='ltr'><strong>eis</strong></span> <span class='ocrx_word' id='word_1_657' title='bbox 2457 4666 2807 4736; x_wconf 88' lang='lat' dir='ltr'><strong>impudenter,</strong></span> <span class='ocrx_word' id='word_1_658' title='bbox 2857 4663 2979 4732; x_wconf 88' lang='lat' dir='ltr'><strong>quia</strong></span> <span class='ocrx_word' id='word_1_659' title='bbox 3008 4660 3279 4717; x_wconf 85' lang='lat' dir='ltr'><strong>civitatem</strong></span> <span class='ocrx_word' id='word_1_660' title='bbox 3330 4669 3511 4710; x_wconf 87' lang='lat' dir='ltr'><strong>eorum</strong></span> <span class='ocrx_word' id='word_1_661' title='bbox 3540 4651 3637 4704; x_wconf 89' lang='lat' dir='ltr'><strong>de-</strong></span> 
     </span>
    </p>
   </div>
   <div class='ocr_carea' id='block_1_89' title="bbox 2068 4741 3637 4819">
    <p class='ocr_par' dir='ltr' id='par_1_89' title="bbox 2068 4741 3637 4819">
     <span class='ocr_line' id='line_1_89' title="bbox 2068 4741 3637 4819; baseline -0.011 -10"><span class='ocrx_word' id='word_1_662' title='bbox 2068 4762 2383 4809; x_wconf 84' lang='lat' dir='ltr'><strong>struxerunt</strong></span> <span class='ocrx_word' id='word_1_663' title='bbox 2430 4757 2716 4819; x_wconf 87' lang='lat' dir='ltr'><strong>homines;</strong></span> <span class='ocrx_word' id='word_1_664' title='bbox 2750 4763 2929 4807; x_wconf 91' lang='lat' dir='ltr'><strong>utrum</strong></span> <span class='ocrx_word' id='word_1_665' title='bbox 2969 4751 3302 4806; x_wconf 89' lang='lat' dir='ltr'><strong>concedente</strong></span> <span class='ocrx_word' id='word_1_666' title='bbox 3334 4745 3442 4798; x_wconf 92' lang='lat' dir='ltr'><strong>Deo</strong></span> <span class='ocrx_word' id='word_1_667' title='bbox 3476 4752 3531 4796; x_wconf 89' lang='lat' dir='ltr'><strong>et</strong></span> <span class='ocrx_word' id='word_1_668' title='bbox 3562 4741 3637 4794; x_wconf 88' lang='lat' dir='ltr'><strong>ita</strong></span> 
     </span>
    </p>
   </div>
   <div class='ocr_carea' id='block_1_90' title="bbox 2069 4836 3640 4914">
    <p class='ocr_par' dir='ltr' id='par_1_90' title="bbox 2069 4836 3640 4914">
     <span class='ocr_line' id='line_1_90' title="bbox 2069 4836 3640 4914; baseline -0.011 -17"><span class='ocrx_word' id='word_1_669' title='bbox 2069 4846 2434 4914; x_wconf 89' lang='lat' dir='ltr'><strong>permittente,</strong></span> <span class='ocrx_word' id='word_1_670' title='bbox 2471 4845 2641 4914; x_wconf 81' lang='lat' dir='ltr'><strong>magis</strong></span> <span class='ocrx_word' id='word_1_671' title='bbox 2673 4853 2854 4898; x_wconf 84' lang='lat' dir='ltr'><strong>autem</strong></span> <span class='ocrx_word' id='word_1_672' title='bbox 2900 4838 3248 4910; x_wconf 82' lang='lat' dir='ltr'><strong>Indignante?</strong></span> <span class='ocrx_word' id='word_1_673' title='bbox 3275 4836 3459 4890; x_wconf 86' lang='lat' dir='ltr'><strong>dicant</strong></span> <span class='ocrx_word' id='word_1_674' title='bbox 3508 4845 3640 4884; x_wconf 90' lang='lat' dir='ltr'><strong>cau-</strong></span> 
     </span>
    </p>
   </div>
   <div class='ocr_carea' id='block_1_91' title="bbox 2071 4908 3687 5005">
    <p class='ocr_par' dir='ltr' id='par_1_91' title="bbox 2071 4908 3687 5005">
     <span class='ocr_line' id='line_1_91' title="bbox 2071 4908 3687 5005; baseline -0.01 -19"><span class='ocrx_word' id='word_1_675' title='bbox 2071 4948 2183 4986; x_wconf 87' lang='lat' dir='ltr'><strong>sam</strong></span> <span class='ocrx_word' id='word_1_676' title='bbox 2235 4937 2458 5002; x_wconf 89' lang='lat' dir='ltr'><strong>peccati.</strong></span> <span class='ocrx_word' id='word_1_677' title='bbox 2491 4934 2656 4989; x_wconf 88' lang='lat' dir='ltr'><strong>Putas</strong></span> <span class='ocrx_word' id='word_1_678' title='bbox 2682 4944 2901 5005; x_wconf 89' lang='lat' dir='ltr'><strong>pr0pter</strong></span> <span class='ocrx_word' id='word_1_679' title='bbox 2931 4908 3331 4985; x_wconf 82' lang='lat' dir='ltr'><strong>idololatriam?</strong></span> <span class='ocrx_word' id='word_1_680' title='bbox 3382 4933 3437 4977; x_wconf 90' lang='lat' dir='ltr'><strong>et</strong></span> <span class='ocrx_word' id='word_1_681' title='bbox 3492 4928 3639 4974; x_wconf 83' lang='lat' dir='ltr'><strong>certe</strong></span> <span class='ocrx_word' id='word_1_682' title='bbox 3658 4908 3687 4999; x_wconf 28' lang='grc' dir='ltr'><strong>ε),</strong></span> 
     </span>
    </p>
   </div>
   <div class='ocr_carea' id='block_1_92' title="bbox 2072 5003 3693 5093">
    <p class='ocr_par' dir='ltr' id='par_1_92' title="bbox 2072 5003 3693 5093">
     <span class='ocr_line' id='line_1_92' title="bbox 2072 5003 3693 5093; baseline -0.009 -15"><span class='ocrx_word' id='word_1_683' title='bbox 2072 5041 2214 5079; x_wconf 92' lang='lat' dir='ltr'><strong>nunc</strong></span> <span class='ocrx_word' id='word_1_684' title='bbox 2244 5027 2381 5080; x_wconf 90' lang='lat' dir='ltr'><strong>idola</strong></span> <span class='ocrx_word' id='word_1_685' title='bbox 2412 5042 2517 5080; x_wconf 91' lang='lat' dir='ltr'><strong>non</strong></span> <span class='ocrx_word' id='word_1_686' title='bbox 2558 5003 2760 5080; x_wconf 85' lang='lat' dir='ltr'><strong>colunt.</strong></span> <span class='ocrx_word' id='word_1_687' title='bbox 2796 5024 2901 5079; x_wconf 88' lang='lat' dir='ltr'><strong>Sed</strong></span> <span class='ocrx_word' id='word_1_688' title='bbox 2934 5024 3059 5093; x_wconf 89' lang='lat' dir='ltr'><strong>quia</strong></span> <span class='ocrx_word' id='word_1_689' title='bbox 3104 5020 3392 5088; x_wconf 87' lang='lat' dir='ltr'><strong>pr0phetas</strong></span> <span class='ocrx_word' id='word_1_690' title='bbox 3420 5012 3639 5067; x_wconf 89' lang='lat' dir='ltr'><strong>occide-</strong></span> <span class='ocrx_word' id='word_1_691' title='bbox 3681 5003 3693 5011; x_wconf 61' lang='grc'><strong>“</strong></span> 
     </span>
    </p>
   </div>
   <div class='ocr_carea' id='block_1_93' title="bbox 397 5105 3640 5188">
    <p class='ocr_par' dir='ltr' id='par_1_93' title="bbox 397 5105 3640 5188">
     <span class='ocr_line' id='line_1_93' title="bbox 397 5105 3640 5188; baseline -0.006 -14"><span class='ocrx_word' id='word_1_692' title='bbox 397 5113 593 5167; x_wconf 77' lang='lat' dir='ltr'><strong>mortui</strong></span> <span class='ocrx_word' id='word_1_693' title='bbox 630 5128 731 5165; x_wconf 84' lang='lat' dir='ltr'><strong>non</strong></span> <span class='ocrx_word' id='word_1_694' title='bbox 761 5118 1058 5183; x_wconf 57' lang='lat' dir='ltr'><strong>resurgunt.</strong></span> <span class='ocrx_word' id='word_1_695' title='bbox 1089 5127 1250 5180; x_wconf 82' lang='lat' dir='ltr'><strong>neque</strong></span> <span class='ocrx_word' id='word_1_696' title='bbox 1294 5109 1533 5163; x_wconf 73' lang='lat' dir='ltr'><strong>Christus</strong></span> <span class='ocrx_word' id='word_1_697' title='bbox 1561 5109 1846 5162; x_wconf 72' lang='lat' dir='ltr'><strong>resurrexit</strong></span> <span class='ocrx_word' id='word_1_698' title='bbox 1874 5108 1917 5138; x_wconf 84' lang='lat'>“</span> <span class='ocrx_word' id='word_1_699' title='bbox 1953 5126 1967 5162; x_wconf 88' lang='lat'><strong>:</strong></span> <span class='ocrx_word' id='word_1_700' title='bbox 2004 5130 2050 5184; x_wconf 83' lang='grc' dir='ltr'><strong>ι)</strong></span> <span class='ocrx_word' id='word_1_701' title='bbox 2078 5124 2203 5170; x_wconf 89' lang='lat' dir='ltr'><strong>runt</strong></span> <span class='ocrx_word' id='word_1_702' title='bbox 2258 5117 2582 5188; x_wconf 81' lang='lat' dir='ltr'><strong>aliquando?</strong></span> <span class='ocrx_word' id='word_1_703' title='bbox 2616 5126 2669 5172; x_wconf 90' lang='lat' dir='ltr'><strong>et</strong></span> <span class='ocrx_word' id='word_1_704' title='bbox 2726 5125 2871 5171; x_wconf 90' lang='lat' dir='ltr'><strong>certe</strong></span> <span class='ocrx_word' id='word_1_705' title='bbox 2921 5128 3042 5169; x_wconf 88' lang='lat' dir='ltr'><strong>cum</strong></span> <span class='ocrx_word' id='word_1_706' title='bbox 3096 5126 3187 5165; x_wconf 89' lang='lat' dir='ltr'><strong>eos</strong></span> <span class='ocrx_word' id='word_1_707' title='bbox 3248 5105 3640 5164; x_wconf 81' lang='lat' dir='ltr'><strong>interﬁcerent,</strong></span> 
     </span>
    </p>
   </div>
   <div class='ocr_carea' id='block_1_94' title="bbox 398 5201 1967 5265">
    <p class='ocr_par' dir='ltr' id='par_1_94' title="bbox 398 5201 1967 5265">
     <span class='ocr_line' id='line_1_94' title="bbox 398 5201 1967 5265; baseline -0.001 -8"><span class='ocrx_word' id='word_1_708' title='bbox 398 5212 463 5257; x_wconf 88' lang='lat' dir='ltr'><strong>ut</strong></span> <span class='ocrx_word' id='word_1_709' title='bbox 491 5217 558 5257; x_wconf 87' lang='lat' dir='ltr'><strong>ex</strong></span> <span class='ocrx_word' id='word_1_710' title='bbox 594 5202 693 5256; x_wconf 91' lang='lat' dir='ltr'><strong>hoc</strong></span> <span class='ocrx_word' id='word_1_711' title='bbox 720 5202 1061 5255; x_wconf 80' lang='lat' dir='ltr'><strong>manifestum</strong></span> <span class='ocrx_word' id='word_1_712' title='bbox 1093 5202 1184 5265; x_wconf 91' lang='lat' dir='ltr'><strong>sit,</strong></span> <span class='ocrx_word' id='word_1_713' title='bbox 1212 5201 1489 5255; x_wconf 91' lang='lat' dir='ltr'><strong>hominum</strong></span> <span class='ocrx_word' id='word_1_714' title='bbox 1519 5201 1967 5256; x_wconf 86' lang='lat' dir='ltr'><strong>resurrectionem</strong></span> 
     </span>
    </p>
   </div>
   <div class='ocr_carea' id='block_1_95' title="bbox 400 5292 1967 5366">
    <p class='ocr_par' dir='ltr' id='par_1_95' title="bbox 400 5292 1967 5366">
     <span class='ocr_line' id='line_1_95' title="bbox 400 5292 1967 5366; baseline -0.001 -16"><span class='ocrx_word' id='word_1_715' title='bbox 400 5295 555 5366; x_wconf 79' lang='lat' dir='ltr'><strong>sequi</strong></span> <span class='ocrx_word' id='word_1_716' title='bbox 586 5293 795 5349; x_wconf 89' lang='lat' dir='ltr'><strong>Domini</strong></span> <span class='ocrx_word' id='word_1_717' title='bbox 825 5294 1299 5349; x_wconf 85' lang='lat' dir='ltr'><strong>resurrectionem.</strong></span> <span class='ocrx_word' id='word_1_718' title='bbox 1336 5292 1398 5347; x_wconf 86' lang='lat' dir='ltr'><strong>Et</strong></span> <span class='ocrx_word' id='word_1_719' title='bbox 1453 5293 1719 5348; x_wconf 90' lang='lat' dir='ltr'><strong>mirabilia</strong></span> <span class='ocrx_word' id='word_1_720' title='bbox 1748 5293 1967 5364; x_wconf 85' lang='lat' dir='ltr'><strong>quidem</strong></span> 
     </span>
    </p>
   </div>
   <div class='ocr_carea' id='block_1_96' title="bbox 473 5405 1553 5474">
    <p class='ocr_par' dir='ltr' id='par_1_96' title="bbox 473 5405 1553 5474">
     <span class='ocr_line' id='line_1_96' title="bbox 473 5405 1553 5474; baseline 0 -12"><span class='ocrx_word' id='word_1_721' title='bbox 473 5408 521 5441; x_wconf 81' lang='lat'>“</span> <span class='ocrx_word' id='word_1_722' title='bbox 553 5407 713 5463; x_wconf 81' lang='lat' dir='ltr'><strong>Rom.</strong></span> <span class='ocrx_word' id='word_1_723' title='bbox 744 5423 863 5473; x_wconf 84' lang='lat' dir='ltr'><strong>vttt,</strong></span> <span class='ocrx_word' id='word_1_724' title='bbox 900 5407 987 5462; x_wconf 81' lang='grc' dir='ltr'><strong>Π.</strong></span> <span class='ocrx_word' id='word_1_725' title='bbox 1084 5408 1127 5439; x_wconf 81' lang='grc'><strong>⁶¹</strong></span> <span class='ocrx_word' id='word_1_726' title='bbox 1152 5405 1169 5459; x_wconf 90' lang='grc'><strong>1</strong></span> <span class='ocrx_word' id='word_1_727' title='bbox 1197 5407 1323 5463; x_wconf 89' lang='lat' dir='ltr'><strong>Cor.</strong></span> <span class='ocrx_word' id='word_1_728' title='bbox 1350 5423 1439 5474; x_wconf 80' lang='lat' dir='ltr'><strong>xv,</strong></span> <span class='ocrx_word' id='word_1_729' title='bbox 1466 5407 1553 5462; x_wconf 84' lang='lat' dir='ltr'><strong>l6.</strong></span> 
     </span>
    </p>
   </div>
   <div class='ocr_carea' id='block_1_97' title="bbox 498 5612 1978 5674">
    <p class='ocr_par' dir='ltr' id='par_1_97' title="bbox 498 5612 1978 5674">
     <span class='ocr_line' id='line_1_97' title="bbox 498 5612 1978 5674; baseline 0.003 -5"><span class='ocrx_word' id='word_1_730' title='bbox 498 5612 590 5674; x_wconf 67' lang='lat' dir='ltr'><strong>Ml</strong></span> <span class='ocrx_word' id='word_1_731' title='bbox 641 5616 742 5669; x_wconf 85' lang='lat' dir='ltr'><strong>Ms.</strong></span> <span class='ocrx_word' id='word_1_732' title='bbox 794 5612 1062 5668; x_wconf 55' lang='lat' dir='ltr'><strong>Pro&#39;lixius</strong></span> <span class='ocrx_word' id='word_1_733' title='bbox 1084 5618 1220 5668; x_wconf 82' lang='lat' dir='ltr'><strong>enim</strong></span> <span class='ocrx_word' id='word_1_734' title='bbox 1275 5612 1321 5669; x_wconf 72' lang='lat' dir='ltr'><strong>et</strong></span> <span class='ocrx_word' id='word_1_735' title='bbox 1358 5617 1532 5669; x_wconf 85' lang='lat' dir='ltr'><strong>lumen</strong></span> <span class='ocrx_word' id='word_1_736' title='bbox 1574 5619 1813 5672; x_wconf 83' lang='lat' dir='ltr'><strong>habetur.</strong></span> <span class='ocrx_word' id='word_1_737' title='bbox 1845 5617 1978 5674; x_wconf 84' lang='lat' dir='ltr'><strong>Pro-</strong></span> 
     </span>
    </p>
   </div>
   <div class='ocr_carea' id='block_1_98' title="bbox 407 5684 1567 5755">
    <p class='ocr_par' dir='ltr' id='par_1_98' title="bbox 407 5684 1567 5755">
     <span class='ocr_line' id='line_1_98' title="bbox 407 5684 1567 5755; baseline 0.001 -15"><span class='ocrx_word' id='word_1_738' title='bbox 407 5684 630 5740; x_wconf 77' lang='lat' dir='ltr'><strong>lixiores</strong></span> <span class='ocrx_word' id='word_1_739' title='bbox 654 5688 796 5755; x_wconf 88' lang='lat' dir='ltr'><strong>enim</strong></span> <span class='ocrx_word' id='word_1_740' title='bbox 835 5696 961 5739; x_wconf 92' lang='lat' dir='ltr'><strong>tunc</strong></span> <span class='ocrx_word' id='word_1_741' title='bbox 987 5686 1102 5740; x_wconf 80' lang='lat' dir='ltr'><strong>dies</strong></span> <span class='ocrx_word' id='word_1_742' title='bbox 1131 5700 1250 5741; x_wconf 88' lang='lat' dir='ltr'><strong>esse</strong></span> <span class='ocrx_word' id='word_1_743' title='bbox 1284 5687 1567 5755; x_wconf 85' lang='lat' dir='ltr'><strong>incipiunt.</strong></span> 
     </span>
    </p>
   </div>
   <div class='ocr_carea' id='block_1_99' title="bbox 475 5754 1059 5897">
    <p class='ocr_par' dir='ltr' id='par_1_99' title="bbox 475 5754 1059 5897">
     <span class='ocr_line' id='line_1_99' title="bbox 498 5754 1059 5811; baseline 0 -1"><span class='ocrx_word' id='word_1_744' title='bbox 498 5755 566 5811; x_wconf 77' lang='grc'><strong>45</strong></span> <span class='ocrx_word' id='word_1_745' title='bbox 623 5755 721 5809; x_wconf 83' lang='lat' dir='ltr'><strong>Ms.</strong></span> <span class='ocrx_word' id='word_1_746' title='bbox 752 5754 1059 5810; x_wconf 80' lang='lat' dir='ltr'><strong>Lucescunt.</strong></span> 
     </span>
     <span class='ocr_line' id='line_1_100' title="bbox 475 5756 1059 5897; baseline 0 -16"><span class='ocrx_word' id='word_1_747' title='bbox 475 5756 589 5897; x_wconf 51' lang='grc' dir='ltr'><strong>ξιθζ</strong></span> <span class='ocrx_word' id='word_1_748' title='bbox 633 5823 933 5882; x_wconf 73' lang='grc' dir='ltr'><strong>διηεὶιηυὶι.</strong></span> <span class='ocrx_word' id='word_1_749' title='bbox 971 5824 1059 5881; x_wconf 77' lang='lat' dir='ltr'><strong>F01</strong></span> 
     </span>
    </p>
   </div>
   <div class='ocr_carea' id='block_1_100' title="bbox 501 5823 1447 5883">
    <p class='ocr_par' dir='ltr' id='par_1_100' title="bbox 501 5823 1447 5883">
     <span class='ocr_line' id='line_1_101' title="bbox 501 5823 1447 5883; baseline -0.002 -2"><span class='ocrx_word' id='word_1_750' title='bbox 501 5823 589 5883; x_wconf 65' lang='grc'><strong>46)</strong></span> <span class='ocrx_word' id='word_1_751' title='bbox 633 5823 933 5882; x_wconf 75' lang='grc' dir='ltr'><strong>διηεὶιηυὶι.</strong></span> <span class='ocrx_word' id='word_1_752' title='bbox 971 5824 1133 5883; x_wconf 82' lang='lat' dir='ltr'><strong>Forte</strong></span> <span class='ocrx_word' id='word_1_753' title='bbox 1153 5827 1447 5882; x_wconf 74' lang='lat' dir='ltr'><strong>suscitabit.</strong></span> 
     </span>
    </p>
   </div>
   <div class='ocr_carea' id='block_1_101' title="bbox 475 5543 1691 5697">
    <p class='ocr_par' dir='ltr' id='par_1_101' title="bbox 475 5543 1691 5697">
     <span class='ocr_line' id='line_1_102' title="bbox 500 5543 1691 5616; baseline 0.003 -19"><span class='ocrx_word' id='word_1_754' title='bbox 500 5545 565 5599; x_wconf 65' lang='grc'><strong>45</strong></span> <span class='ocrx_word' id='word_1_755' title='bbox 620 5543 723 5601; x_wconf 86' lang='lat' dir='ltr'><strong>Ms.</strong></span> <span class='ocrx_word' id='word_1_756' title='bbox 756 5543 860 5597; x_wconf 87' lang='lat' dir='ltr'><strong>Per</strong></span> <span class='ocrx_word' id='word_1_757' title='bbox 885 5560 1035 5615; x_wconf 85' lang='lat' dir='ltr'><strong>quem</strong></span> <span class='ocrx_word' id='word_1_758' title='bbox 1063 5554 1270 5599; x_wconf 86' lang='lat' dir='ltr'><strong>mortua</strong></span> <span class='ocrx_word' id='word_1_759' title='bbox 1293 5545 1497 5616; x_wconf 84' lang='lat' dir='ltr'><strong>quidem</strong></span> <span class='ocrx_word' id='word_1_760' title='bbox 1532 5562 1691 5600; x_wconf 75' lang='lat' dir='ltr'><strong>morr.</strong></span> 
     </span>
     <span class='ocr_line' id='line_1_103' title="bbox 475 5544 1691 5697; baseline 0.002 -28"><span class='ocrx_word' id='word_1_761' title='bbox 475 5544 590 5697; x_wconf 42' lang='lat' dir='ltr'><strong>E413</strong></span> <span class='ocrx_word' id='word_1_762' title='bbox 641 5616 742 5697; x_wconf 62' lang='lat' dir='ltr'><strong>Ms.</strong></span> <span class='ocrx_word' id='word_1_763' title='bbox 794 5612 1062 5697; x_wconf 12' lang='lat' dir='ltr'><strong>Pirolixius</strong></span> <span class='ocrx_word' id='word_1_764' title='bbox 1084 5618 1220 5668; x_wconf 82' lang='lat' dir='ltr'><strong>enim</strong></span> <span class='ocrx_word' id='word_1_765' title='bbox 1275 5630 1321 5697; x_wconf 70' lang='lat' dir='ltr'><strong>et</strong></span> <span class='ocrx_word' id='word_1_766' title='bbox 1358 5617 1539 5697; x_wconf 2' lang='lat' dir='ltr'><strong>lumen,</strong></span> <span class='ocrx_word' id='word_1_767' title='bbox 1574 5619 1691 5671; x_wconf 64' lang='lat' dir='ltr'><strong>habt</strong></span> 
     </span>
    </p>
   </div>
   <div class='ocr_carea' id='block_1_102' title="bbox 2081 5196 3643 5269">
    <p class='ocr_par' dir='ltr' id='par_1_102' title="bbox 2081 5196 3643 5269">
     <span class='ocr_line' id='line_1_104' title="bbox 2081 5196 3643 5269; baseline -0.012 -7"><span class='ocrx_word' id='word_1_768' title='bbox 2081 5207 2394 5262; x_wconf 87' lang='lat' dir='ltr'><strong>habitabant</strong></span> <span class='ocrx_word' id='word_1_769' title='bbox 2417 5209 2694 5261; x_wconf 87' lang='lat' dir='ltr'><strong>civitatem</strong></span> <span class='ocrx_word' id='word_1_770' title='bbox 2736 5220 2909 5262; x_wconf 92' lang='lat' dir='ltr'><strong>suam.</strong></span> <span class='ocrx_word' id='word_1_771' title='bbox 2938 5203 3044 5258; x_wconf 90' lang='lat' dir='ltr'><strong>Sed</strong></span> <span class='ocrx_word' id='word_1_772' title='bbox 3068 5202 3196 5269; x_wconf 82' lang='lat' dir='ltr'><strong>quia</strong></span> <span class='ocrx_word' id='word_1_773' title='bbox 3224 5196 3477 5267; x_wconf 90' lang='lat' dir='ltr'><strong>templum</strong></span> <span class='ocrx_word' id='word_1_774' title='bbox 3509 5207 3643 5247; x_wconf 88' lang='lat' dir='ltr'><strong>con-</strong></span> 
     </span>
    </p>
   </div>
   <div class='ocr_carea' id='block_1_103' title="bbox 2077 5282 3654 5370">
    <p class='ocr_par' dir='ltr' id='par_1_103' title="bbox 2077 5282 3654 5370">
     <span class='ocr_line' id='line_1_105' title="bbox 2077 5282 3654 5370; baseline -0.01 -18"><span class='ocrx_word' id='word_1_775' title='bbox 2077 5299 2407 5354; x_wconf 89' lang='lat' dir='ltr'><strong>taminaruut</strong></span> <span class='ocrx_word' id='word_1_776' title='bbox 2428 5298 2750 5370; x_wconf 85' lang='lat' dir='ltr'><strong>aliquando?</strong></span> <span class='ocrx_word' id='word_1_777' title='bbox 2777 5304 2832 5352; x_wconf 92' lang='lat' dir='ltr'><strong>et</strong></span> <span class='ocrx_word' id='word_1_778' title='bbox 2852 5304 2997 5351; x_wconf 86' lang='lat' dir='ltr'><strong>certe</strong></span> <span class='ocrx_word' id='word_1_779' title='bbox 3025 5291 3452 5347; x_wconf 83' lang='lat' dir='ltr'><strong>contaminantes</strong></span> <span class='ocrx_word' id='word_1_780' title='bbox 3480 5282 3654 5341; x_wconf 84' lang='lat' dir='ltr'><strong>babe-</strong></span> 
     </span>
    </p>
   </div>
   <div class='ocr_carea' id='block_1_104' title="bbox 2156 5549 2948 5622">
    <p class='ocr_par' dir='ltr' id='par_1_104' title="bbox 2156 5549 2948 5622">
     <span class='ocr_line' id='line_1_106' title="bbox 2156 5549 2948 5622; baseline -0.008 -19"><span class='ocrx_word' id='word_1_781' title='bbox 2156 5550 2289 5622; x_wconf 66' lang='lat'><strong>(46‘)</strong></span> <span class='ocrx_word' id='word_1_782' title='bbox 2320 5551 2417 5605; x_wconf 80' lang='lat' dir='ltr'><strong>Ms.</strong></span> <span class='ocrx_word' id='word_1_783' title='bbox 2443 5549 2488 5604; x_wconf 91' lang='lat' dir='ltr'><strong>U</strong></span> <span class='ocrx_word' id='word_1_784' title='bbox 2495 5566 2509 5603; x_wconf 89' lang='grc' dir='ltr'><strong><em>ι</em></strong></span> <span class='ocrx_word' id='word_1_785' title='bbox 2544 5558 2948 5614; x_wconf 75' lang='lat' dir='ltr'><strong>roqnosceretur.</strong></span> 
     </span>
    </p>
   </div>
   <div class='ocr_carea' id='block_1_105' title="bbox 2159 5604 3646 5691">
    <p class='ocr_par' dir='ltr' id='par_1_105' title="bbox 2159 5604 3646 5691">
     <span class='ocr_line' id='line_1_107' title="bbox 2159 5604 3646 5691; baseline -0.012 -16"><span class='ocrx_word' id='word_1_786' title='bbox 2159 5604 2285 5691; x_wconf 66' lang='lat' dir='ltr'><strong>in)’</strong></span> <span class='ocrx_word' id='word_1_787' title='bbox 2329 5604 2427 5676; x_wconf 77' lang='lat' dir='ltr'><strong>Ms.</strong></span> <span class='ocrx_word' id='word_1_788' title='bbox 2475 5604 2789 5690; x_wconf 67' lang='lat' dir='ltr'><strong>Confessiles</strong></span> <span class='ocrx_word' id='word_1_789' title='bbox 2816 5614 3034 5691; x_wconf 60' lang='lat' dir='ltr'><strong>{aperti</strong></span> <span class='ocrx_word' id='word_1_790' title='bbox 3070 5608 3385 5691; x_wconf 80' lang='lat' dir='ltr'><strong>et_professi</strong></span> <span class='ocrx_word' id='word_1_791' title='bbox 3423 5604 3646 5691; x_wconf 66' lang='lat' dir='ltr'><strong>inimici,</strong></span> 
     </span>
    </p>
   </div>
   <div class='ocr_carea' id='block_1_106' title="bbox 2084 5675 3653 5761">
    <p class='ocr_par' dir='ltr' id='par_1_106' title="bbox 2084 5675 3653 5761">
     <span class='ocr_line' id='line_1_108' title="bbox 2084 5675 3653 5761; baseline -0.013 -14"><span class='ocrx_word' id='word_1_792' title='bbox 2084 5675 2220 5748; x_wconf 69' lang='lat' dir='ltr'><strong>intra</strong></span> <span class='ocrx_word' id='word_1_793' title='bbox 2255 5675 2348 5746; x_wconf 74' lang='lat' dir='ltr'><strong>lib.</strong></span> <span class='ocrx_word' id='word_1_794' title='bbox 2380 5675 2415 5756; x_wconf 13' lang='lat' dir='ltr'><strong>IV,</strong></span> <span class='ocrx_word' id='word_1_795' title='bbox 2446 5693 2509 5743; x_wconf 76' lang='lat' dir='ltr'><strong>de</strong></span> <span class='ocrx_word' id='word_1_796' title='bbox 2537 5675 2853 5761; x_wconf 49' lang='lat' dir='ltr'><strong>incorporati</strong></span> <span class='ocrx_word' id='word_1_797' title='bbox 2880 5675 2996 5757; x_wconf 72' lang='lat' dir='ltr'><strong>post</strong></span> <span class='ocrx_word' id='word_1_798' title='bbox 3025 5675 3170 5739; x_wconf 63' lang='lat' dir='ltr'><strong>med.</strong></span> <span class='ocrx_word' id='word_1_799' title='bbox 3208 5695 3376 5736; x_wconf 83' lang='lat' dir='ltr'><strong>nonne</strong></span> <span class='ocrx_word' id='word_1_800' title='bbox 3402 5675 3653 5745; x_wconf 70' lang='lat' dir='ltr'><strong>confessi-</strong></span> 
     </span>
    </p>
   </div>
   <div class='ocr_carea' id='block_1_107' title="bbox 2086 5764 2443 5829">
    <p class='ocr_par' dir='ltr' id='par_1_107' title="bbox 2086 5764 2443 5829">
     <span class='ocr_line' id='line_1_109' title="bbox 2086 5764 2443 5829; baseline -0.003 -12"><span class='ocrx_word' id='word_1_801' title='bbox 2086 5764 2183 5817; x_wconf 84' lang='lat' dir='ltr'><strong>bile</strong></span> <span class='ocrx_word' id='word_1_802' title='bbox 2211 5772 2305 5829; x_wconf 80' lang='lat' dir='ltr'><strong>est,</strong></span> <span class='ocrx_word' id='word_1_803' title='bbox 2337 5772 2443 5816; x_wconf 84' lang='lat' dir='ltr'><strong>etc.</strong></span> 
     </span>
    </p>
   </div>
  </div>
