4134 6488
453 405 592 464 1095

1156 404 1423 460 EUSEBll
1461 403 1931 460 CAESARIENSIS
1967 400 2116 457 OPP.
2159 400 2338 454 PARS
2376 400 2469 456 IV.
2509 427 2578 440 —-
2616 398 3040 454 DOGMATICA.

3558 399 3698 456 1096

452 526 604 582 bant.
637 523 766 591 Quae
788 538 920 594 ergo
943 538 1103 577 causa
1131 534 1212 576 est
1231 532 1289 577 ut
1313 523 1390 577 ira
1422 524 1681 578 adversus
1710 539 1804 578 eos
1835 524 1907 577 sit
1931 523 2020 576 Dei
2051 529 2096 584 Α
2126 537 2228 587 res,
2254 532 2298 574 et
2324 521 2452 587 ipsa:
2484 518 2759 587 fornicata:
2781 529 2901 572 sunt
2937 536 2991 572 ιη
3008 517 3240 586 ίΕῃῃριο
3270 516 3322 570 in
3348 515 3700 570 adolescentia

457 609 637 664 nunc?
680 609 744 662 Et
791 619 936 662 certe
980 609 1274 661 secundum
1331 609 1568 676 ipsormn
1600 624 1907 662 sermonem
1959 617 2018 660 ιιι

458 704 628 763 aiunt,
663 702 865 753 utinam
897 699 1186 754 videantur
1238 701 1646 770 religiositatem
1693 700 1918 756 fecisse!
1970 700 2025 754 Si

457 791 599 844 enim
632 789 924 842 solventem
953 789 1144 856 legem,
1193 800 1248 843 et
1293 791 1358 843 de
1387 791 1500 860 lege
1527 799 1711 843 contra
1745 790 2025 844 facientem

457 880 770 933 invenerunt
803 879 1080 931 Dotuintnn
1108 877 1384 940 Jesunt,et
1407 896 1510 933 non
1547 880 1766 942 invidia,
1795 881 1886 933 sed
1913 880 2029 932 zelo

457 985 554 1038 pro
595 971 708 1037 lege
739 968 1025 1022 aliiserunt
1055 970 1200 1022 cruci
1241 987 1253 1023 :
1289 970 1574 1038 oportebat
1611 971 1778 1023 Deum
1825 981 1877 1022 et
1926 971 2028 1022 alia

456 1061 536 1113 eis
569 1071 790 1128 peet'ata
823 1060 1093 1112 dimittere
1119 1060 1286 1127 magis
1313 1072 1534 1128 propter
1561 1061 1712 1111 istam
1741 1060 2028 1125 justitiam,

455 1168 615 1222 quam
643 1169 783 1207 nunc
805 1155 984 1205 eosita
1017 1156 1221 1220 punire.
1253 1154 1312 1206 Et
1338 1156 1459 1207 licet
1495 1155 1590 1222 ipsi
1621 1163 1805 1207 essent
1846 1169 2028 1223 pecca-

457 1254 625 1310 tores,
656 1255 712 1298 et
760 1246 861 1298 alia
903 1246 1161 1298 haberent
1214 1257 1471 1314 peccata;
1535 1256 1710 1298 tamen
1767 1243 2031 1299 Dominus

461 1333 658 1397 Jesns,
692 1352 847 1405 quem
899 1338 994 1406 ipsi
1042 1337 1143 1408 legi
1196 1340 1469 1390 contraria
1515 1336 1797 1391 facientem
1829 1341 2028 1402 dixere,

458 1444 582 1482 cum
614 1431 754 1497 apud
789 1447 883 1483 eos
933 1442 1097 1490 esset,
1138 1432 1462 1498 praedicebat
1495 1432 1622 1500 quia
1660 1433 2030 1486 destrueretur

455 1535 642 1574 eorum
694 1522 973 1590 templum,
1037 1532 1089 1576 et
1143 1523 1547 1590 depr:edaretnr
1598 1538 1784 1578 corum
1841 1526 2033 1578 civitas

462 1623 679 1681 propter
701 1614 750 1665 id
776 1616 916 1682 quod
953 1619 1209 1669 adversus
1241 1631 1299 1669 se
1329 1617 1618 1672 audebant.
1645 1617 1766 1671 Etsi
1802 1618 1896 1687 ipsi
1930 1619 2031 1672 alia

470 1704 739 1758 habebant
769 1717 1010 1774 pecrata,
1056 1708 1194 1762 Dens
1227 1721 1403 1762 autem
1442 1726 1543 1762 non
1589 1711 1861 1764 videretur
1888 1729 2036 1766 tuen-

471 1798 600 1862 dax,
635 1811 685 1849 nt
717 1800 814 1868 ipsi
858 1800 1252 1868 blaspbetnant,
1284 1803 1616 1855 inveniretur
1647 1815 1824 1856 autem
1851 1819 2030 1870 verax,

2127 629 2223 666 sua
2262 612 2328 664 “.
2367 610 2676 665 Fornicatio
2728 619 2908 662 autem
2939 609 2990 660 in
3026 608 3302 676 Scriptura
3337 609 3408 661 ita
3461 609 3700 675 ponitur,

2128 705 2254 774 quia
2278 705 2574 758 secundum
2607 701 3034 756 misericordiam
3067 701 3396 768 dignabatur
3427 699 3566 754 Dens
3590 711 3705 753 tan-

2131 811 2291 864 quam
2341 793 2672 862 conjungens
2723 793 2823 845 sibi
2859 803 2983 844 tunc
3039 791 3250 859 quidem
3310 793 3651 862 Synagogam
3685 831 3702 855 ,

2131 902 2272 938 nunc
2300 895 2479 938 autem
2505 882 2822 935 Ecclesium.
2874 881 2956 934 Ab
3007 897 3072 934 eo
3113 899 3242 950 ergo
3271 882 3361 950 qui
3402 881 3703 934 secumlnm

2131 974 2561 1028 misericordiam
2597 969 2960 1039 conjnngebat
2997 971 3253 1032 reCessio,
3290 982 3343 1022 et
3368 968 3708 1021 daemonibus

2131 1066 2457 1132 coniunctio,
2484 1076 2533 1118 et
2562 1063 2887 1123 idololatria,
2916 1062 3203 1116 fornicatio
3244 1064 3537 1116 secundum
3562 1059 3710 1113 Scri-

2135 1169 2348 1226 ptnratn
2386 1156 2684 1209 reetissime
2743 1155 3070 1209 nominatur.
3109 1155 3241 1220 Quia
3280 1171 3409 1224 ergo
3439 1153 3576 1206 idola
3615 1167 3711 1206 co-

2135 1251 2318 1304 lebant
2351 1249 2402 1302 in
2451 1248 2708 1319 Egypto,
2758 1249 2874 1301 ideo
2916 1264 3010 1316 per
3059 1248 3372 1315 prophetam
3425 1245 3537 1296 ait:
3574 1241 3712 1295 Dure

2133 1350 2282 1395 erant
2311 1356 2534 1403 serares,
2565 1349 2612 1392 et
2665 1340 2791 1405 ipsa:
2823 1337 3095 1405 [ornicatw
3123 1344 3244 1402 sunt
3274 1337 3324 1386 in
3356 1329 3712 1385 adolesantia

2135 1450 2228 1486 sua
2275 1435 2328 1486 in
2362 1429 2613 1500 {Egi/pta.
2649 1431 2889 1496 Denique
2931 1440 2983 1482 et
3026 1428 3190 1498 Moysi
3233 1441 3518 1481 succesor
3549 1421 3715 1476 Jcsns

2135 1524 2297 1586 Nave,
2337 1524 2598 1576 mandans
2631 1521 2825 1590 populo
2856 1521 2919 1573 de
2957 1537 3054 1574 suo
3101 1520 3246 1573 exitu
3294 1518 3424 1570 dicit
3459 1532 3472 1566 :
3507 1513 3714 1580 Quibus

2137 1617 2288 1672 vultis
2329 1619 2520 1669 servire
2555 1615 2701 1668 diis?
2751 1611 2891 1666 Num
2943 1614 3020 1665 Itis
3067 1629 3192 1680 quos
3223 1611 3492 1664 coluerunt
3537 1618 3715 1672 patres

2135 1709 2360 1762 vestriin
2387 1706 2618 1776 Λῑςῃριο
2639 1707 2725 1760 ⁵δῖ
2761 1705 2896 1772 Quid
2922 1716 3100 1757 autem
3131 1719 3266 1772 apns
3304 1711 3386 1756 est
3416 1699 3712 1768 prophetas

2134 1798 2366 1854 vocare?
2402 1784 2576 1865 ipsum
2624 1797 2788 1850 Israel
2823 1806 3011 1848 testem
3042 1796 3327 1847 adversum
3378 1807 3435 1844 se
3465 1799 3518 1843 et
3561 1790 3718 1857 ipso—

472 1905 664 1958 passus
701 1893 884 1961 utique
920 1891 1111 1946 fuisset
1158 1894 1262 1946 alia
1308 1910 1494 1948 eorum
1531 1906 1774 1965 peccata,
1821 1909 1876 1950 ut
1906 1914 2034 1951 con-
2063 1876 2106 1930 Β
2139 1907 2252 1945 rntn
2281 1905 2468 1943 vocem
2501 1891 2766 1957 produco,
2810 1897 2867 1940 ιιι
2906 1887 3187 1940 ostendam
3225 1883 3350 1951 quia
3386 1881 3526 1935 idola
3573 1880 3721 1932 cole-

458 1983 768 2037 lirtnaretnr
800 1987 1009 2038 docenti
1035 1987 1343 2054 pra-dicatio
1380 1988 1488 2049 illa,
1521 2003 1639 2057 qua:
1671 2000 1722 2042 et
1747 1989 1900 2042 caecis
1936 2003 2032 2042 cx-

458 2076 596 2129 stitit
641 2077 947 2140 manifesta,
980 2087 1034 2130 et
1070 2081 1374 2134 videntibus
1412 2082 1697 2150 completa.
1747 2082 2034 2150 Aposmlns

459 2170 600 2221 enim
650 2167 847 2223 Paulus
890 2171 956 2223 ad
1007 2169 1225 2224 Galatas
1278 2172 1523 2225 scribens
1577 2173 1654 2225 ait
1696 2190 1709 2225 :
1750 2171 1886 2236 Quia
1914 2181 2036 2225 ante

459 2259 638 2313 oculos
697 2278 877 2314 eorum
925 2265 1211 2331 descriptus
1255 2274 1327 2317 est
1378 2265 1531 2318 Jesns
1574 2264 1815 2318 Christus
1868 2267 2036 2318 cruci-

456 2351 597 2421 ﬁxus
630 2352 694 2405 ⁸³.
731 2353 839 2423 Ego
865 2366 1045 2408 autem
1087 2367 1140 2408 et
1170 2357 1379 2408 audebo
1412 2357 1674 2410 adversus
1713 2372 1802 2410 vos
1833 2357 2033 2422 dicere,

463 2446 586 2513 quia
628 2461 806 2501 sermo
860 2457 984 2504 ante
1033 2448 1222 2502 oculos
1274 2459 1483 2503 vestros
1533 2449 1791 2503 describit
1851 2447 2034 2503 Jesunt

459 2536 742 2591 Christum
773 2541 1133 2593 resnrrexisse
1171 2556 1198 2592 a
1231 2542 1478 2595 mortuis.
1527 2540 1661 2606 Quid
1691 2541 1832 2594 enim
1885 2556 2035 2610 quac-

459 2628 576 2683 ris?
614 2645 716 2682 non
751 2630 995 2685 invenies
1034 2632 1201 2686 solem
1241 2634 1565 2686 clariorem:
1597 2639 1663 2687 ad
1708 2633 2038 2687 satisfactio-

461 2736 582 2774 nem
617 2720 728 2790 (48)
758 2724 1172 2778 resurrectionis
1201 2723 1439 2787 Domini,
1474 2725 1758 2795 gentilium
1791 2727 2037 2793 quotidie

457 2811 794 2866 deficientem
825 2812 1113 2866 culturam.
1141 2811 1543 2867 Protenduntnr
1567 2825 1743 2869 autem
1781 2813 2038 2868 Ecclesia:

458 2900 624 2965 bona,
669 2912 716 2955 et
759 2903 1001 2969 quotidie
1032 2913 1308 2956 Crescunt.
1357 2899 1622 2957 Inimicus
1673 2919 1804 2974 ergo
1839 2914 1896 2956 ut
1937 2905 2036 2973 ipsi

459 3000 649 3061 putant
676 2989 824 3060 legis,
856 2993 946 3058 qui
979 2993 1214 3044 vindicat
1247 2992 1299 3043 in
1349 2993 1606 3048 adversos
1638 3003 1691 3047 et
1716 2997 2041 3048 domesticos

460 3096 612 3143 suos.
664 3081 953 3144 exaltatnr,
996 3081 1143 3132 vivit.
1183 3080 1347 3134 Putas
1391 3094 1484 3134 aut
1534 3098 1637 3136 non
1695 3085 1881 3138 vivens
1931 3086 2042 3137 haec

464 3189 586 3243 quae
617 3190 720 3227 non
755 3175 992 3228 viventes
1037 3184 1284 3243 possunt,
1336 3175 1450 3244 ipse
1499 3177 1793 3243 operatur?
1824 3178 2038 3230 occasio

463 3261 662 3317 Inda-is
699 3262 842 3316 nulla
879 3263 1062 3316 relicta
1099 3273 1203 3316 est.
1243 3263 1379 3317 Cum
1430 3266 1573 3317 enim
1631 3267 1852 3331 dicunt,
1911 3270 2034 3336 quia

464 3352 568 3405 alia
599 3363 819 3420 peccata
861 3352 1168 3416 habuimus,
1199 3362 1252 3406 et
1305 3352 1427 3407 ideo
1458 3353 1612 3422 ejecti
1654 3369 1844 3408 sumus
1874 3369 2034 3409 nunc.

463 3443 704 3498 Primum
763 3455 846 3499 est
889 3446 1054 3510 enim,
1109 3446 1323 3514 quando
1369 3463 1473 3499 non
1529 3449 1773 3514 peccavit
1831 3447 2040 3500 Israel?

461 3537 676 3605 quando
716 3551 821 3589 non
856 3551 948 3589 eos
973 3547 1054 3590 est
1084 3552 1272 3605 passus
1305 3537 1446 3591 Dens
1481 3539 1581 3590 nisi
1619 3553 1761 3592 nunc
1816 3539 1987 3593 solum
2016 3538 2040 3591 ?

462 3627 651 3682 Nonne
679 3630 729 3681 in
754 3627 988 3698 Egypto
1035 3629 1171 3682 idola
1221 3629 1514 3684 colebant?
1543 3630 1705 3684 Putas
1740 3646 1868 3701 ergo
1906 3629 2037 3700 quia

465 3719 716 3773 colebant
739 3721 875 3773 idola
904 3719 1129 3789 primatu
1164 3720 1319 3774 istam
1353 3720 1808 3790 irreligiositatem
1838 3723 2037 3776 admit-

465 3821 657 3875 tentes,
676 3811 798 3865 ideo
823 3826 925 3864 non
946 3823 1070 3865 sunt
1087 3811 1246 3879 ejecti
1280 3811 1346 3866 de
1365 3810 1641 3882 [Egypto?
1661 3813 1725 3866 Et
1751 3823 1897 3868 certe
1916 3831 2038 3868 cum

466 3903 650 3958 multis
679 3903 912 3973 signiset
937 3905 1194 3973 prodigiis
1222 3915 1276 3958 et
1307 3905 1666 3972 mirabilibus,
1695 3921 1816 3960 cum
1849 3921 2041 3976 percu-

467 4006 711 4049 terentur
743 3995 977 4065 Aﬂgyptii
1013 3996 1198 4050 decem
1230 3997 1422 4066 plagis,
1474 3997 1613 4052 liber
1657 4009 1838 4052 autem
1894 4008 2041 4054 esset

465 4085 629 4142 Israel
654 4104 681 4140 a
714 4090 898 4141 decem
932 4087 1103 4156 plagis
1144 4090 1464 4144 cohabitans
1509 4090 1724 4144 iisdem.
1768 4091 1834 4145 Et
1861 4094 2041 4161 operi-

467 4181 566 4233 bus
598 4178 709 4249 (49)
741 4181 956 4248 quidem
1005 4189 1123 4232 erat
1155 4179 1394 4252 {F.gypti,
1449 4183 1540 4237 Dei
1589 4193 1771 4237 autem
1820 4185 2038 4238 miscri-

467 4273 646 4324 cordia
675 4288 703 4322 ιι
737 4271 904 4339 plagis
928 4268 1307 4340 Egyptiorum
1357 4273 1697 4327 habebantur
1745 4274 2036 4331 immunes.

469 4362 525 4417 Si
554 4365 715 4433 igitur
747 4373 965 4432 propter
993 4363 1538 4433 istiusmodi'peccata
1565 4365 1736 4434 plaga:
1760 4375 1912 4432 sunt,
1951 4367 2042 4420 de-

363 4451 382 4464 "
469 4455 694 4510 buerant
723 4471 775 4509 tn
804 4454 1038 4525 Aigypto
1066 4471 1188 4508 cum
1216 4457 1626 4510 adducebantur
1655 4458 1825 4527 plaga:
1857 4459 2045 4510 adver-

2136 1982 2268 2035 bant
2316 1982 2366 2034 in
2417 1979 2675 2048 Egypto.
2708 1980 2842 2045 Quia
2900 1980 3043 2032 enim
3092 1986 3352 2030 exeuntes
3383 1977 3446 2027 de
3475 1972 3721 2043 Egypto

2135 2083 2292 2127 erant
2327 2073 2376 2125 in
2430 2075 2669 2137 deserto,
2700 2083 2752 2124 et
2800 2069 3013 2141 Moyses
3049 2069 3372 2122 ascenderat
3424 2078 3724 2134 apportarc

2137 2165 2412 2233 sacrilegis
2444 2163 2635 2232 legem,
2657 2163 3013 2230 quadraginta
3035 2172 3213 2212 autem
3237 2159 3350 2211 dies
3373 2156 3725 2226 protenderat

2139 2257 2190 2310 in
2216 2267 2394 2308 monte
2423 2254 2634 2324 Moyses
2665 2272 2678 2307 :
2715 2265 2879 2322 caput
2919 2251 3067 2303 vituli
3099 2250 3202 2304 sibi
3235 2249 3554 2310 c0nllantcs,
3608 2247 3726 2299 cla-

2139 2350 2362 2402 tnabant
2416 2348 2529 2401 suis
2589 2348 2788 2416 linguis
2843 2347 3133 2398 adversum
3174 2359 3277 2396 se:
3317 2341 3420 2394 Isti
3476 2341 3550 2392 dii
3603 2339 3723 2405 tui,

2138 2439 2330 2499 Israel,
2355 2438 2444 2508 qui
2475 2438 2760 2490 eduxerunt
2798 2447 2845 2490 te
2896 2437 2959 2488 de
2987 2445 3126 2488 terra
3149 2433 3369 2502 .Egypti
3392 2433 3456 2484 ⁸⁵.
3489 2431 3600 2485 lloc
3624 2447 3726 2483 au-

2143 2544 2246 2588 tem
2284 2532 2650 2595 commendat,
2681 2532 2807 2600 quia
2850 2531 2939 2598 qui
2973 2540 3022 2584 et
3079 2531 3130 2582 in
3183 2531 3400 2582 deserto
3438 2529 3727 2581 coluerunt

2141 2624 2281 2678 idola
2315 2623 2576 2676 facientes
2619 2622 2720 2674 sibi
2755 2621 2904 2673 vituli
2931 2630 3114 2686 caput,
3142 2628 3195 2672 et
3221 2618 3361 2685 apud
3387 2615 3709 2684 Egyptu‘m.

2142 2714 2335 2770 Dixere
2355 2714 2497 2767 enim
2521 2711 2650 2766 :Isti
2679 2711 2754 2764 dii
2783 2712 2884 2774 tui,
2914 2709 3112 2772 Israel,
3147 2709 3234 2778 qui
3268 2709 3559 2761 eduxerunt
3584 2717 3630 2758 te
3658 2707 3726 2758 de

2142 2821 2282 2862 terra
2314 2805 2555 2876 A‘Igypti.
2593 2803 2978 2859 Accusantium
3010 2817 3108 2854 vox
3138 2811 3219 2854 est
3254 2799 3377 2868 quia
3415 2797 3723 2852 istiusmodi

2142 2899 2550 2954 venerabantur
2594 2896 2760 2956 idola,
2797 2906 2851 2948 et
2876 2895 2972 2948 hos
2999 2893 3252 2947 colebant
3280 2902 3334 2944 et
3376 2892 3426 2944 in
3469 2890 3721 2958 IEgypto,

2141 2991 2338 3059 quibus
2377 2998 2430 3044 et
2473 2988 2776 3044 reddebant
2808 2987 3046 3055 gratiam
3113 2983 3445 3053 egressionis
3477 2998 3605 3035 suae.
3663 2980 3722 3034 Si

2144 3092 2321 3135 autem
2355 3081 2614 3143 dixerint,
2647 3079 2773 3149 quia
2811 3077 2915 3130 alia
2945 3087 3166 3146 peccata
3201 3075 3488 3129 habuimus
3513 3073 3579 3126 ob
3600 3087 3722 3142 qua“.I

2144 3187 2198 3228 ct
2225 3175 2291 3226 ad
2324 3175 2602 3228 desertum
2659 3172 2915 3240 perducta
2951 3186 3139 3224 eorum
3183 3169 3414 3231 civitas,
3459 3175 3512 3220 et
3556 3163 3723 3218 servit

2091 3251 2107 3270 ’
2141 3283 2294 3336 gens,
2325 3275 2380 3320 et
2412 3280 2585 3333 neque
2612 3265 2874 3334 propheta
2900 3279 3020 3318 cum
3053 3261 3184 3332 ipsis
3202 3271 3305 3321 est,
3343 3274 3516 3328 neque
3534 3256 3728 3319 altare,

2142 3375 2244 3416 nec
2276 3375 2392 3423 rex,
2433 3373 2534 3412 nec
2565 3359 2861 3423 sacerdos;
2893 3357 3036 3425 quod
3092 3363 3372 3423 peccatmn
3419 3350 3594 3418 majus
3642 3357 3730 3403 est

2143 3449 2593 3520 irreligiositate?
2621 3449 2677 3502 Si
2715 3459 2897 3502 autem
2939 3447 3180 3502 colentes
3226 3446 3365 3498 idola
3401 3447 3450 3498 in
3492 3441 3732 3512 Aigypto

2145 3544 2400 3597 exierunt
2424 3558 2488 3596 ex
2521 3541 2790 3613 Egypto;
2817 3557 2920 3596 non
2941 3551 3055 3592 erat
3077 3539 3286 3592 facilius
3317 3538 3614 3605 irrcligiose
3633 3549 3733 3589 eos

2144 3646 2366 3705 agentes
2388 3636 2526 3703 apud
2560 3632 2822 3694 Judaram,
2851 3631 3044 3686 reverti
3082 3632 3133 3684 in
3162 3627 3444 3683 Judaeum?
3473 3628 3578 3682 Sed
3608 3624 3731 3678 ausi

2151 3728 2497 3792 suntdicere,
2531 3726 2654 3794 quia
2686 3724 2806 3778 ideo
2830 3739 2971 3776 nunc
2997 3738 3100 3776 non
3130 3722 3391 3774 habemus
3411 3718 3728 3786 prophetas,

2142 3819 2266 3889 quia
2301 3819 2440 3871 inter
2458 3831 2646 3887 gentes
2675 3815 2848 3885 sparsi
2871 3817 3134 3867 videmur.
3159 3813 3400 3877 Ubiergo
3417 3810 3560 3863 venit
3585 3808 3733 3876 Moy-

2143 3910 2265 3962 ses?
2283 3922 2457 3962 nonne
2475 3907 2525 3960 in
2544 3906 2804 3977 A‘ngpto?
2827 3907 2912 3959 ubi
2933 3904 3126 3969 Maria,
3147 3920 3300 3958 soror
3318 3901 3525 3972 Moysi?
3549 3913 3733 3952 nonne

2144 4001 2201 4055 in
2227 4000 2495 4071 Egyplo?
2533 4001 2623 4054 ubi
2654 4000 2990 4068 septuaginta
3035 3997 3177 4051 duo?
3206 4011 3383 4049 nonne
3423 3995 3474 4047 in
3515 3993 3734 4046 deserto

2143 4092 2424 4162 gentium?
2445 4091 2570 4146 Post
2595 4091 2708 4144 haec
2732 4102 2910 4144 autem
2930 4091 3016 4143 ubi
3043 4089 3269 4143 Daniel?
3295 4085 3737 4153 nonneinBaby-

2144 4184 2325 4238 louia?
2356 4184 2455 4239 Ubi
2508 4194 2614 4238 tres
2645 4184 2763 4253 ejus
2809 4182 3046 4236 fratres?
3097 4197 3272 4235 nonne
3330 4182 3382 4234 itt
3433 4179 3736 4250 Babylonia

2145 4277 2285 4344 apud
2332 4275 2556 4346 gentes?
2592 4274 2692 4330 Ubi
2735 4277 2937 4347 degunt
2978 4277 3068 4346 qui
3117 4273 3411 4344 jejnnant?
3459 4287 3641 4326 nonne.
3675 4272 3732 4323 in

2145 4368 2436 4438 gentibus?
2464 4369 2550 4421 ubi
2588 4367 2810 4421 ﬂamma
2851 4369 3118 4438 ignoravit
3141 4383 3294 4422 suatn
3322 4363 3610 4419 naturam?
3640 4363 3735 4416 ubi

2144 4460 2441 4514 Zacharias
2489 4460 2787 4526 propheta?
2822 4461 2908 4512 ubi
2965 4460 3198 4528 A‘ngelns
3245 4457 3400 4528 (50)?
3461 4455 3516 4508 Si
3552 4467 3734 4508 autem

470 4564 560 4602 sus
589 4548 890 4618 Egyptios,
923 4547 1036 4601 dari
1068 4557 1119 4600 ct
1154 4544 1382 4611 Iudicis,
1410 4551 1502 4618 qni
1530 4564 1654 4602 cum
1678 4550 2040 4603 cohabitanti-
2076 4561 2119 4612 ι)
2150 4553 2322 4623 prima
2366 4562 2422 4607 et
2457 4552 2631 4605 media
2667 4553 2718 4604 in
2754 4554 3031 4621 gentibus,
3083 4567 3204 4605 cum
3264 4551 3395 4619 ipsis
3421 4559 3578 4602 erant
3615 4563 3734 4616 pro.

471 4641 572 4693 bus
616 4641 751 4693 idola
804 4643 1139 4708 adorabunt,
1213 4642 1302 4709 qui
1359 4655 1415 4693 et
1469 4641 1845 4694 cohabitantes
1891 4642 2049 4694 simul

471 4747 594 4784 cum
621 4732 804 4785 iisdem
837 4737 1150 4801 peccabant.
1207 4733 1262 4787 Si
1300 4743 1483 4785 autem
1521 4733 1660 4786 idola
1692 4733 1907 4800 quidem
1953 4749 2050 4786 co-

473 4822 614 4877 lebat
642 4824 691 4875 in
723 4823 953 4894 Egypto
985 4827 1173 4890 Israel,
1213 4835 1267 4879 et
1297 4841 1402 4878 non
1438 4825 1611 4878 solum
1662 4841 1766 4878 non
1811 4825 2046 4894 accipie-

471 4912 564 4967 bat
598 4915 798 4983 plagas,
835 4916 996 4968 etiam
1021 4917 1318 4986 irreligiosa
1351 4932 1568 4987 gerens,
1596 4916 1690 4968 sed
1722 4914 1810 4967 alii
1841 4931 1936 4983 pro
1969 4915 2050 4968 eis

471 5007 706 5074 quandiu
738 5017 793 5060 et
825 5008 1036 5061 exirent
1067 5008 1190 5074 isti;
1227 5025 1369 5062 nunc
1393 5010 1510 5062 sine
1533 5023 1696 5062 causa
1722 5017 2038 5061 causantnr.

470 5097 623 5161 Quod
651 5110 828 5152 autem
869 5097 1008 5152 idola
1036 5097 1286 5151 colebant
1315 5097 1367 5150 in
1394 5095 1629 5167 Egypto
1662 5097 1846 5162 Israel,
1876 5108 2042 5151 testa-

471 5191 561 5238 tur
593 5187 807 5253 quidem
837 5198 892 5240 ct
921 5187 1175 5241 Ezechiel
1236 5189 1499 5255 propheta
1557 5202 1884 5256 comparans
1910 5191 2045 5240 duas

471 5291 655 5330 eorum
687 5280 1031 5349 metropoles,
1071 5279 1411 5332 Hierusalem
1470 5279 1588 5332 dico
1627 5289 1680 5331 et
1715 5279 2043 5345 Samariam,

473 5367 682 5423 duabus
712 5373 1122 5434 consororibns,
1159 5380 1216 5424 et
1251 5369 1421 5423 dicit:
1463 5369 1591 5422 Dua:
1621 5381 1770 5422 erant
1799 5385 2049 5422 consoro—

541 5509 588 5541 ⁶²
611 5506 729 5562 Gal.
768 5525 846 5574 ιιι,
883 5509 967 5565 11.

544 5621 656 5694 (48)
695 5625 775 5677 ,ια
803 5624 1240 5694 satisfactionem.
1265 5624 1424 5679 Forte
1456 5622 1708 5679 inGrtcco
1729 5624 2041 5678 fueritis-tro-

477 5691 684 5762 Misit,
709 5699 847 5761 quod
873 5691 1135 5762 interpres
1171 5697 1393 5749 verterit
1425 5695 1875 5750 satisfactionem:
1905 5697 2042 5750 sicut

479 5763 501 5820 Ξ
527 5765 644 5816 νει.
673 5765 864 5833 tt_t,‘15,
896 5765 947 5821 in
974 5766 1180 5831 vulgata
1208 5766 1667 5833 interpretatione.

470 5892 479 5912 ι
551 5833 660 5899 (49)
694 5831 759 5887 Et
787 5837 1043 5889 oneribus.
1065 5835 1282 5890 'Seusus
1332 5831 1505 5901 potest
1549 5849 1691 5901 esse,
1739 5834 2041 5888 idololatria

1043 5509 1087 5541 ⁸³
1125 5509 1318 5564 Ezech.
1349 5523 1504 5570 χχιιι,
1538 5508 1592 5561 5.

1668 5507 1712 5538 ⁸⁸
1737 5504 1850 5561 Jos.
1885 5522 2032 5572 xstv,
2061 5511 2084 5563 1
2101 5511 2121 5563 ι
2138 5550 2148 5564 .

2152 4643 2348 4711 pltette.
2411 4641 2478 4694 ΕΙ.
2507 4651 2659 4695 cet'lc
2693 4643 2834 4709 apud
2871 4640 3222 4710 Babyloniam
3276 4647 3430 4692 extra
3489 4636 3588 4688 hos
3640 4635 3734 4702 qui

2151 4735 2392 4805 prmdicti
2424 4742 2584 4800 sunt,
2619 4750 2805 4788 omnes
2830 4733 3003 4787 Indici
3048 4735 3410 4786 adoravcrnnt
3433 4730 3724 4796 imaginem

2151 4827 2319 4896 regis,
2353 4835 2405 4880 et
2432 4842 2537 4879 non
2569 4828 2691 4880 ideo
2726 4825 2960 4879 fraudati
3002 4834 3132 4878 sunt
3178 4840 3205 4877 a
3245 4821 3543 4893 pwphetis.
3597 4820 3730 4882 Quia

2132 4918 2336 4971 'autcm
2371 4919 2736 4972 adoraverunt
2795 4919 3114 4987 imaginem,
3155 4915 3505 4969 comminatio
3553 4909 3735 4962 Nabu-

2149 5008 2492 5062 chodonosor
2514 5018 2641 5062 tunc
2666 5007 2809 5062 facta
2832 5010 3138 5061 adnuntiat.
3171 5007 3307 5060 Dicit
3329 5003 3474 5057 enim
3504 5017 3517 5053 :
3547 5001 3737 5055 Omnis

2149 5102 2239 5168 qui
2258 5117 2360 5154 non
2384 5102 2577 5154 cadens
2610 5100 2908 5153 adoraverit
2937 5100 3238 5167 imaginem,
3275 5096 3455 5148 statim
3499 5095 3741 5146 mittetur

2152 5194 2208 5245 in
2259 5193 2526 5252 fornacem
2576 5194 2711 5261 ignis
2763 5193 2999 5246 ardentis
3031 5190 3097 5246 ⁸⁸.
3159 5173 3242 5241 Et.
3278 5190 3469 5241 aderat
3516 5187 3738 5253 quidem

2156 5284 2230 5337 iltt
2262 5285 2375 5355 (51)
2411 5285 2589 5340 omnis
2615 5283 2799 5338 Israel.
2844 5283 2979 5337 Tres
3019 5292 3198 5335 autem
3243 5281 3345 5333 soli
3379 5279 3579 5334 inventi
3607 5287 3743 5332 sunt

2157 5377 2248 5445 qui
2281 5391 2386 5430 non
2428 5376 2790 5430 adoraverant
2824 5393 2839 5441 ;
2894 5376 2946 5428 in
2982 5373 3259 5426 fornacem
3293 5371 3445 5428 missi
3477 5380 3627 5434 sunt,
3681 5382 3742 5424 et

2835 5512 2880 5542 “
2906 5512 3035 5564 Datt.
3069 5525 3149 5574 ιιι,
3183 5509 3235 5564 6.

2151 5629 2340 5683 similis
2375 5628 2640 5698 {Egyptiis
2662 5645 2747 5680 era
2757 5625 2989 5698 (Israel.

2247 5699 2336 5759 50)
2373 5696 2470 5752 Ubi
2493 5696 2744 5767 Angelus.
2771 5696 3088 5750 Nulacltias.

2283 5769 2337 5839 ιι)
2371 5768 2481 5822 Illi.
2519 5768 2678 5824 Forte
2705 5771 2834 5822 ilttc.

2228 5513 2272 5544 “
2299 5513 2466 5568 Exod.
2501 5529 2672 5577 χχχιι,
2701 5513 2755 5566 4.
