  <div class='ocr_page' id='page_1' title='image "/cluster/home/n/w/nwhite01/storage/ocr_20150623/24:no.6/coo.31924054873058/562.png"; bbox 0 0 4134 6422; ppageno 0'>
   <div class='ocr_carea' id='block_1_1' title="bbox 344 365 469 418">
    <p class='ocr_par' dir='ltr' id='par_1_1' title="bbox 344 365 469 418">
     <span class='ocr_line' id='line_1_1' title="bbox 344 365 469 418; baseline -0.008 0"><span class='ocrx_word' id='word_1_1' title='bbox 344 365 469 418; x_wconf 70' lang='grc' dir='ltr'><strong>ἱυθῖ</strong></span> 
     </span>
    </p>
   </div>
   <div class='ocr_carea' id='block_1_2' title="bbox 1392 362 2502 421">
    <p class='ocr_par' dir='ltr' id='par_1_2' title="bbox 1392 362 2502 421">
     <span class='ocr_line' id='line_1_2' title="bbox 1392 362 2502 421; baseline 0.004 -4"><span class='ocrx_word' id='word_1_2' title='bbox 1392 363 1477 417; x_wconf 85' lang='lat' dir='ltr'><strong>DE</strong></span> <span class='ocrx_word' id='word_1_3' title='bbox 1519 362 2118 420; x_wconf 71' lang='lat' dir='ltr'><strong>RESURRECTIONE.</strong></span> <span class='ocrx_word' id='word_1_4' title='bbox 2163 395 2228 404; x_wconf 91' lang='lat'><strong>--</strong></span> <span class='ocrx_word' id='word_1_5' title='bbox 2267 364 2397 419; x_wconf 85' lang='lat' dir='ltr'><strong>LIB.</strong></span> <span class='ocrx_word' id='word_1_6' title='bbox 2440 363 2502 421; x_wconf 89' lang='lat' dir='ltr'><strong>Il.</strong></span> 
     </span>
    </p>
   </div>
   <div class='ocr_carea' id='block_1_3' title="bbox 3448 367 3582 422">
    <p class='ocr_par' dir='ltr' id='par_1_3' title="bbox 3448 367 3582 422">
     <span class='ocr_line' id='line_1_3' title="bbox 3448 367 3582 422; baseline -0.037 0"><span class='ocrx_word' id='word_1_7' title='bbox 3448 367 3582 422; x_wconf 65' lang='lat'>{098</span> 
     </span>
    </p>
   </div>
   <div class='ocr_carea' id='block_1_4' title="bbox 353 475 3579 556">
    <p class='ocr_par' dir='ltr' id='par_1_4' title="bbox 353 475 3579 556">
     <span class='ocr_line' id='line_1_4' title="bbox 353 475 3579 556; baseline 0.002 -24"><span class='ocrx_word' id='word_1_8' title='bbox 353 480 418 532; x_wconf 89' lang='lat' dir='ltr'><strong>ab</strong></span> <span class='ocrx_word' id='word_1_9' title='bbox 446 478 567 546; x_wconf 89' lang='lat' dir='ltr'><strong>igne</strong></span> <span class='ocrx_word' id='word_1_10' title='bbox 583 475 773 530; x_wconf 73' lang='lat' dir='ltr'><strong>salvati</strong></span> <span class='ocrx_word' id='word_1_11' title='bbox 802 484 945 531; x_wconf 92' lang='lat' dir='ltr'><strong>sunt.</strong></span> <span class='ocrx_word' id='word_1_12' title='bbox 982 475 1165 533; x_wconf 87' lang='lat' dir='ltr'><strong>Daniel</strong></span> <span class='ocrx_word' id='word_1_13' title='bbox 1194 486 1371 532; x_wconf 89' lang='lat' dir='ltr'><strong>autem</strong></span> <span class='ocrx_word' id='word_1_14' title='bbox 1407 482 1603 549; x_wconf 82' lang='lat' dir='ltr'><strong>regalia</strong></span> <span class='ocrx_word' id='word_1_15' title='bbox 1634 481 1734 535; x_wconf 86' lang='lat' dir='ltr'><strong>sibi</strong></span> <span class='ocrx_word' id='word_1_16' title='bbox 1764 497 1911 536; x_wconf 88' lang='lat' dir='ltr'><strong>com-</strong></span> <span class='ocrx_word' id='word_1_17' title='bbox 1938 491 1984 547; x_wconf 73' lang='grc' dir='ltr'><strong>Α</strong></span> <span class='ocrx_word' id='word_1_18' title='bbox 2014 488 2368 538; x_wconf 83' lang='lat' dir='ltr'><strong>constantiam</strong></span> <span class='ocrx_word' id='word_1_19' title='bbox 2402 484 2537 554; x_wconf 84' lang='lat'><strong>(58),</strong></span> <span class='ocrx_word' id='word_1_20' title='bbox 2574 483 2812 552; x_wconf 70' lang='lat' dir='ltr'><strong>praecipit</strong></span> <span class='ocrx_word' id='word_1_21' title='bbox 2846 497 2967 537; x_wconf 90' lang='lat' dir='ltr'><strong>eum</strong></span> <span class='ocrx_word' id='word_1_22' title='bbox 2996 484 3193 540; x_wconf 84' lang='lat' dir='ltr'><strong>induci.</strong></span> <span class='ocrx_word' id='word_1_23' title='bbox 3231 483 3343 540; x_wconf 86' lang='lat' dir='ltr'><strong>Non</strong></span> <span class='ocrx_word' id='word_1_24' title='bbox 3375 499 3579 556; x_wconf 89' lang='lat' dir='ltr'><strong>oporte-</strong></span> 
     </span>
    </p>
   </div>
   <div class='ocr_carea' id='block_1_5' title="bbox 355 571 1909 648">
    <p class='ocr_par' dir='ltr' id='par_1_5' title="bbox 355 571 1909 648">
     <span class='ocr_line' id='line_1_5' title="bbox 355 571 1909 648; baseline 0.001 -22"><span class='ocrx_word' id='word_1_25' title='bbox 355 575 512 627; x_wconf 90' lang='lat' dir='ltr'><strong>missa</strong></span> <span class='ocrx_word' id='word_1_26' title='bbox 535 586 640 625; x_wconf 91' lang='lat' dir='ltr'><strong>non</strong></span> <span class='ocrx_word' id='word_1_27' title='bbox 676 571 864 625; x_wconf 86' lang='lat' dir='ltr'><strong>aderat</strong></span> <span class='ocrx_word' id='word_1_28' title='bbox 897 586 1154 640; x_wconf 69' lang='lat' dir='ltr'><strong>prtesens.</strong></span> <span class='ocrx_word' id='word_1_29' title='bbox 1193 573 1249 627; x_wconf 90' lang='lat' dir='ltr'><strong>Si</strong></span> <span class='ocrx_word' id='word_1_30' title='bbox 1279 573 1420 648; x_wconf 88' lang='lat' dir='ltr'><strong>enim</strong></span> <span class='ocrx_word' id='word_1_31' title='bbox 1463 575 1746 638; x_wconf 77' lang='lat' dir='ltr'><strong>adfuisset,</strong></span> <span class='ocrx_word' id='word_1_32' title='bbox 1771 591 1909 629; x_wconf 93' lang='lat' dir='ltr'><strong>nun-</strong></span> 
     </span>
    </p>
   </div>
   <div class='ocr_carea' id='block_1_6' title="bbox 353 662 1911 734">
    <p class='ocr_par' dir='ltr' id='par_1_6' title="bbox 353 662 1911 734">
     <span class='ocr_line' id='line_1_6' title="bbox 353 662 1911 734; baseline 0.002 -19"><span class='ocrx_word' id='word_1_33' title='bbox 353 676 508 730; x_wconf 84' lang='lat' dir='ltr'><strong>quam</strong></span> <span class='ocrx_word' id='word_1_34' title='bbox 552 676 578 713; x_wconf 91' lang='lat' dir='ltr'><strong>a</strong></span> <span class='ocrx_word' id='word_1_35' title='bbox 603 662 863 730; x_wconf 80' lang='lat' dir='ltr'><strong>quadriga</strong></span> <span class='ocrx_word' id='word_1_36' title='bbox 893 664 1064 716; x_wconf 91' lang='lat' dir='ltr'><strong>bonus</strong></span> <span class='ocrx_word' id='word_1_37' title='bbox 1090 664 1438 717; x_wconf 74' lang='lat' dir='ltr'><strong>remansisset</strong></span> <span class='ocrx_word' id='word_1_38' title='bbox 1469 678 1662 734; x_wconf 81' lang='lat' dir='ltr'><strong>equus.</strong></span> <span class='ocrx_word' id='word_1_39' title='bbox 1709 665 1782 718; x_wconf 92' lang='lat' dir='ltr'><strong>lta</strong></span> <span class='ocrx_word' id='word_1_40' title='bbox 1815 681 1911 718; x_wconf 90' lang='lat' dir='ltr'><strong>au-</strong></span> 
     </span>
    </p>
   </div>
   <div class='ocr_carea' id='block_1_7' title="bbox 355 751 1910 809">
    <p class='ocr_par' dir='ltr' id='par_1_7' title="bbox 355 751 1910 809">
     <span class='ocr_line' id='line_1_7' title="bbox 355 751 1910 809; baseline 0.002 -3"><span class='ocrx_word' id='word_1_41' title='bbox 355 763 456 806; x_wconf 91' lang='lat' dir='ltr'><strong>tem</strong></span> <span class='ocrx_word' id='word_1_42' title='bbox 502 767 596 806; x_wconf 84' lang='lat' dir='ltr'><strong>nec</strong></span> <span class='ocrx_word' id='word_1_43' title='bbox 643 751 931 806; x_wconf 91' lang='lat' dir='ltr'><strong>derelictus</strong></span> <span class='ocrx_word' id='word_1_44' title='bbox 957 762 1041 806; x_wconf 92' lang='lat' dir='ltr'><strong>est</strong></span> <span class='ocrx_word' id='word_1_45' title='bbox 1088 753 1268 808; x_wconf 88' lang='lat' dir='ltr'><strong>Daniel</strong></span> <span class='ocrx_word' id='word_1_46' title='bbox 1317 755 1386 808; x_wconf 93' lang='lat' dir='ltr'><strong>ob</strong></span> <span class='ocrx_word' id='word_1_47' title='bbox 1437 755 1910 809; x_wconf 87' lang='lat' dir='ltr'><strong>comminationem</strong></span> 
     </span>
    </p>
   </div>
   <div class='ocr_carea' id='block_1_8' title="bbox 353 841 1909 914">
    <p class='ocr_par' dir='ltr' id='par_1_8' title="bbox 353 841 1909 914">
     <span class='ocr_line' id='line_1_8' title="bbox 353 841 1909 914; baseline 0.003 -21"><span class='ocrx_word' id='word_1_48' title='bbox 353 842 484 910; x_wconf 82' lang='lat' dir='ltr'><strong>ignis</strong></span> <span class='ocrx_word' id='word_1_49' title='bbox 505 855 532 893; x_wconf 90' lang='lat' dir='ltr'><strong>a</strong></span> <span class='ocrx_word' id='word_1_50' title='bbox 565 841 824 896; x_wconf 75' lang='lat' dir='ltr'><strong>fratribus</strong></span> <span class='ocrx_word' id='word_1_51' title='bbox 853 842 967 895; x_wconf 91' lang='lat' dir='ltr'><strong>suis</strong></span> <span class='ocrx_word' id='word_1_52' title='bbox 994 852 1048 896; x_wconf 90' lang='lat' dir='ltr'><strong>et</strong></span> <span class='ocrx_word' id='word_1_53' title='bbox 1069 842 1284 897; x_wconf 91' lang='lat' dir='ltr'><strong>illorum</strong></span> <span class='ocrx_word' id='word_1_54' title='bbox 1306 845 1566 914; x_wconf 86' lang='lat' dir='ltr'><strong>martyrio</strong></span> <span class='ocrx_word' id='word_1_55' title='bbox 1604 859 1614 893; x_wconf 93' lang='lat'><strong>:</strong></span> <span class='ocrx_word' id='word_1_56' title='bbox 1651 846 1775 914; x_wconf 87' lang='lat' dir='ltr'><strong>quia</strong></span> <span class='ocrx_word' id='word_1_57' title='bbox 1806 846 1909 898; x_wconf 90' lang='lat' dir='ltr'><strong>fra-</strong></span> 
     </span>
    </p>
   </div>
   <div class='ocr_carea' id='block_1_9' title="bbox 349 933 1913 1006">
    <p class='ocr_par' dir='ltr' id='par_1_9' title="bbox 349 933 1913 1006">
     <span class='ocr_line' id='line_1_9' title="bbox 349 933 1913 1006; baseline 0.006 -24"><span class='ocrx_word' id='word_1_58' title='bbox 349 942 453 985; x_wconf 88' lang='lat' dir='ltr'><strong>tres</strong></span> <span class='ocrx_word' id='word_1_59' title='bbox 489 933 705 1000; x_wconf 82' lang='lat' dir='ltr'><strong>quidem</strong></span> <span class='ocrx_word' id='word_1_60' title='bbox 741 933 860 1003; x_wconf 88' lang='lat' dir='ltr'><strong>ejus</strong></span> <span class='ocrx_word' id='word_1_61' title='bbox 899 934 952 986; x_wconf 91' lang='lat' dir='ltr'><strong>in</strong></span> <span class='ocrx_word' id='word_1_62' title='bbox 1006 934 1240 988; x_wconf 92' lang='lat' dir='ltr'><strong>medium</strong></span> <span class='ocrx_word' id='word_1_63' title='bbox 1278 935 1563 1004; x_wconf 91' lang='lat' dir='ltr'><strong>producti,</strong></span> <span class='ocrx_word' id='word_1_64' title='bbox 1619 936 1672 990; x_wconf 93' lang='lat' dir='ltr'><strong>in</strong></span> <span class='ocrx_word' id='word_1_65' title='bbox 1727 947 1913 1006; x_wconf 89' lang='lat' dir='ltr'><strong>aperto</strong></span> 
     </span>
    </p>
   </div>
   <div class='ocr_carea' id='block_1_10' title="bbox 348 1020 1906 1091">
    <p class='ocr_par' dir='ltr' id='par_1_10' title="bbox 348 1020 1906 1091">
     <span class='ocr_line' id='line_1_10' title="bbox 348 1020 1906 1091; baseline 0.004 -19"><span class='ocrx_word' id='word_1_66' title='bbox 348 1020 662 1089; x_wconf 83' lang='lat' dir='ltr'><strong>martyrium</strong></span> <span class='ocrx_word' id='word_1_67' title='bbox 701 1031 1017 1090; x_wconf 90' lang='lat' dir='ltr'><strong>posuerunt,</strong></span> <span class='ocrx_word' id='word_1_68' title='bbox 1067 1031 1120 1076; x_wconf 92' lang='lat' dir='ltr'><strong>et</strong></span> <span class='ocrx_word' id='word_1_69' title='bbox 1167 1026 1314 1091; x_wconf 83' lang='lat' dir='ltr'><strong>passi</strong></span> <span class='ocrx_word' id='word_1_70' title='bbox 1363 1035 1489 1078; x_wconf 82' lang='lat' dir='ltr'><strong>sunt</strong></span> <span class='ocrx_word' id='word_1_71' title='bbox 1534 1035 1590 1079; x_wconf 88' lang='lat' dir='ltr'><strong>et</strong></span> <span class='ocrx_word' id='word_1_72' title='bbox 1644 1027 1854 1081; x_wconf 88' lang='lat' dir='ltr'><strong>liberati</strong></span> <span class='ocrx_word' id='word_1_73' title='bbox 1893 1045 1906 1079; x_wconf 92' lang='lat'><strong>:</strong></span> 
     </span>
    </p>
   </div>
   <div class='ocr_carea' id='block_1_11' title="bbox 346 1111 1911 1188">
    <p class='ocr_par' dir='ltr' id='par_1_11' title="bbox 346 1111 1911 1188">
     <span class='ocr_line' id='line_1_11' title="bbox 346 1111 1911 1188; baseline 0.006 -26"><span class='ocrx_word' id='word_1_74' title='bbox 346 1111 739 1164; x_wconf 86' lang='lat' dir='ltr'><strong>Danielautem</strong></span> <span class='ocrx_word' id='word_1_75' title='bbox 797 1123 917 1181; x_wconf 90' lang='lat' dir='ltr'><strong>post</strong></span> <span class='ocrx_word' id='word_1_76' title='bbox 950 1114 1064 1168; x_wconf 72' lang='lat' dir='ltr'><strong>haec</strong></span> <span class='ocrx_word' id='word_1_77' title='bbox 1096 1124 1366 1184; x_wconf 69' lang='lat' dir='ltr'><strong>prtecepto</strong></span> <span class='ocrx_word' id='word_1_78' title='bbox 1415 1117 1711 1172; x_wconf 77' lang='lat' dir='ltr'><strong>exsistente</strong></span> <span class='ocrx_word' id='word_1_79' title='bbox 1769 1120 1911 1188; x_wconf 89' lang='lat' dir='ltr'><strong>regis</strong></span> 
     </span>
    </p>
   </div>
   <div class='ocr_carea' id='block_1_12' title="bbox 346 1201 1912 1280">
    <p class='ocr_par' dir='ltr' id='par_1_12' title="bbox 346 1201 1912 1280">
     <span class='ocr_line' id='line_1_12' title="bbox 346 1201 1912 1280; baseline 0.006 -24"><span class='ocrx_word' id='word_1_80' title='bbox 346 1201 548 1256; x_wconf 89' lang='lat' dir='ltr'><strong>nullum</strong></span> <span class='ocrx_word' id='word_1_81' title='bbox 580 1202 777 1256; x_wconf 89' lang='lat' dir='ltr'><strong>debere</strong></span> <span class='ocrx_word' id='word_1_82' title='bbox 815 1219 988 1272; x_wconf 89' lang='lat' dir='ltr'><strong>neque</strong></span> <span class='ocrx_word' id='word_1_83' title='bbox 1031 1205 1194 1257; x_wconf 92' lang='lat' dir='ltr'><strong>alium</strong></span> <span class='ocrx_word' id='word_1_84' title='bbox 1222 1207 1450 1261; x_wconf 90' lang='lat' dir='ltr'><strong>adorare</strong></span> <span class='ocrx_word' id='word_1_85' title='bbox 1482 1208 1681 1272; x_wconf 92' lang='lat' dir='ltr'><strong>Deum,</strong></span> <span class='ocrx_word' id='word_1_86' title='bbox 1738 1225 1912 1280; x_wconf 90' lang='lat' dir='ltr'><strong>neque</strong></span> 
     </span>
    </p>
   </div>
   <div class='ocr_carea' id='block_1_13' title="bbox 344 1295 1912 1369">
    <p class='ocr_par' dir='ltr' id='par_1_13' title="bbox 344 1295 1912 1369">
     <span class='ocr_line' id='line_1_13' title="bbox 344 1295 1912 1369; baseline 0.006 -21"><span class='ocrx_word' id='word_1_87' title='bbox 344 1309 552 1364; x_wconf 89' lang='lat' dir='ltr'><strong>regem,</strong></span> <span class='ocrx_word' id='word_1_88' title='bbox 601 1297 706 1350; x_wconf 89' lang='lat' dir='ltr'><strong>nisi</strong></span> <span class='ocrx_word' id='word_1_89' title='bbox 763 1295 934 1351; x_wconf 90' lang='lat' dir='ltr'><strong>solum</strong></span> <span class='ocrx_word' id='word_1_90' title='bbox 973 1313 1177 1368; x_wconf 82' lang='lat' dir='ltr'><strong>regem,</strong></span> <span class='ocrx_word' id='word_1_91' title='bbox 1209 1309 1263 1353; x_wconf 91' lang='lat' dir='ltr'><strong>et</strong></span> <span class='ocrx_word' id='word_1_92' title='bbox 1311 1315 1468 1369; x_wconf 89' lang='lat' dir='ltr'><strong>quem</strong></span> <span class='ocrx_word' id='word_1_93' title='bbox 1497 1302 1691 1369; x_wconf 85' lang='lat' dir='ltr'><strong>putas?</strong></span> <span class='ocrx_word' id='word_1_94' title='bbox 1721 1301 1912 1357; x_wconf 86' lang='lat' dir='ltr'><strong>Persa-</strong></span> 
     </span>
    </p>
   </div>
   <div class='ocr_carea' id='block_1_14' title="bbox 343 1387 1910 1459">
    <p class='ocr_par' dir='ltr' id='par_1_14' title="bbox 343 1387 1910 1459">
     <span class='ocr_line' id='line_1_14' title="bbox 343 1387 1910 1459; baseline 0.006 -19"><span class='ocrx_word' id='word_1_95' title='bbox 343 1403 458 1440; x_wconf 90' lang='lat' dir='ltr'><strong>rum</strong></span> <span class='ocrx_word' id='word_1_96' title='bbox 495 1405 512 1442; x_wconf 91' lang='lat'><strong>:</strong></span> <span class='ocrx_word' id='word_1_97' title='bbox 555 1387 667 1456; x_wconf 92' lang='lat' dir='ltr'><strong>ipse</strong></span> <span class='ocrx_word' id='word_1_98' title='bbox 697 1398 874 1442; x_wconf 90' lang='lat' dir='ltr'><strong>autem</strong></span> <span class='ocrx_word' id='word_1_99' title='bbox 907 1390 1211 1458; x_wconf 90' lang='lat' dir='ltr'><strong>ingrediens</strong></span> <span class='ocrx_word' id='word_1_100' title='bbox 1251 1391 1467 1446; x_wconf 92' lang='lat' dir='ltr'><strong>domum</strong></span> <span class='ocrx_word' id='word_1_101' title='bbox 1503 1407 1680 1459; x_wconf 90' lang='lat' dir='ltr'><strong>suam,</strong></span> <span class='ocrx_word' id='word_1_102' title='bbox 1711 1403 1910 1449; x_wconf 93' lang='lat' dir='ltr'><strong>etcum</strong></span> 
     </span>
    </p>
   </div>
   <div class='ocr_carea' id='block_1_15' title="bbox 339 1478 1910 1553">
    <p class='ocr_par' dir='ltr' id='par_1_15' title="bbox 339 1478 1910 1553">
     <span class='ocr_line' id='line_1_15' title="bbox 339 1478 1910 1553; baseline 0.006 -23"><span class='ocrx_word' id='word_1_103' title='bbox 339 1487 520 1546; x_wconf 79' lang='lat' dir='ltr'><strong>posset</strong></span> <span class='ocrx_word' id='word_1_104' title='bbox 549 1478 717 1534; x_wconf 85' lang='lat' dir='ltr'><strong>latere</strong></span> <span class='ocrx_word' id='word_1_105' title='bbox 746 1490 798 1534; x_wconf 89' lang='lat' dir='ltr'><strong>et</strong></span> <span class='ocrx_word' id='word_1_106' title='bbox 832 1481 1040 1534; x_wconf 87' lang='lat' dir='ltr'><strong>occulte</strong></span> <span class='ocrx_word' id='word_1_107' title='bbox 1075 1482 1300 1536; x_wconf 89' lang='lat' dir='ltr'><strong>adorare</strong></span> <span class='ocrx_word' id='word_1_108' title='bbox 1331 1484 1515 1547; x_wconf 91' lang='lat' dir='ltr'><strong>Deum,</strong></span> <span class='ocrx_word' id='word_1_109' title='bbox 1550 1486 1722 1553; x_wconf 85' lang='lat' dir='ltr'><strong>palam</strong></span> <span class='ocrx_word' id='word_1_110' title='bbox 1772 1487 1910 1540; x_wconf 85' lang='lat' dir='ltr'><strong>ado-</strong></span> 
     </span>
    </p>
   </div>
   <div class='ocr_carea' id='block_1_16' title="bbox 340 1571 1909 1649">
    <p class='ocr_par' dir='ltr' id='par_1_16' title="bbox 340 1571 1909 1649">
     <span class='ocr_line' id='line_1_16' title="bbox 340 1571 1909 1649; baseline 0.008 -28"><span class='ocrx_word' id='word_1_111' title='bbox 340 1584 464 1623; x_wconf 85' lang='lat' dir='ltr'><strong>rans</strong></span> <span class='ocrx_word' id='word_1_112' title='bbox 494 1585 600 1623; x_wconf 86' lang='lat' dir='ltr'><strong>non</strong></span> <span class='ocrx_word' id='word_1_113' title='bbox 631 1572 845 1640; x_wconf 85' lang='lat' dir='ltr'><strong>negavit</strong></span> <span class='ocrx_word' id='word_1_114' title='bbox 880 1571 1218 1642; x_wconf 84' lang='lat' dir='ltr'><strong>religionem,</strong></span> <span class='ocrx_word' id='word_1_115' title='bbox 1252 1575 1344 1630; x_wconf 89' lang='lat' dir='ltr'><strong>sed</strong></span> <span class='ocrx_word' id='word_1_116' title='bbox 1375 1576 1561 1630; x_wconf 85' lang='lat' dir='ltr'><strong>maluit</strong></span> <span class='ocrx_word' id='word_1_117' title='bbox 1589 1580 1759 1649; x_wconf 88' lang='lat' dir='ltr'><strong>magis</strong></span> <span class='ocrx_word' id='word_1_118' title='bbox 1786 1595 1909 1634; x_wconf 90' lang='lat' dir='ltr'><strong>esca</strong></span> 
     </span>
    </p>
   </div>
   <div class='ocr_carea' id='block_1_17' title="bbox 337 1660 1911 1732">
    <p class='ocr_par' dir='ltr' id='par_1_17' title="bbox 337 1660 1911 1732">
     <span class='ocr_line' id='line_1_17' title="bbox 337 1660 1911 1732; baseline 0.008 -20"><span class='ocrx_word' id='word_1_119' title='bbox 337 1660 448 1713; x_wconf 92' lang='lat' dir='ltr'><strong>dari</strong></span> <span class='ocrx_word' id='word_1_120' title='bbox 488 1661 755 1726; x_wconf 89' lang='lat' dir='ltr'><strong>leonibus,</strong></span> <span class='ocrx_word' id='word_1_121' title='bbox 786 1677 949 1732; x_wconf 91' lang='lat' dir='ltr'><strong>quam</strong></span> <span class='ocrx_word' id='word_1_122' title='bbox 987 1664 1224 1719; x_wconf 87' lang='lat' dir='ltr'><strong>fraudari</strong></span> <span class='ocrx_word' id='word_1_123' title='bbox 1268 1681 1326 1721; x_wconf 90' lang='lat' dir='ltr'><strong>se</strong></span> <span class='ocrx_word' id='word_1_124' title='bbox 1365 1669 1433 1722; x_wconf 91' lang='lat' dir='ltr'><strong>ab</strong></span> <span class='ocrx_word' id='word_1_125' title='bbox 1477 1670 1793 1725; x_wconf 88' lang='lat' dir='ltr'><strong>adorauone</strong></span> <span class='ocrx_word' id='word_1_126' title='bbox 1831 1672 1911 1725; x_wconf 90' lang='lat' dir='ltr'><strong>vi-</strong></span> 
     </span>
    </p>
   </div>
   <div class='ocr_carea' id='block_1_18' title="bbox 337 1750 1905 1824">
    <p class='ocr_par' dir='ltr' id='par_1_18' title="bbox 337 1750 1905 1824">
     <span class='ocr_line' id='line_1_18' title="bbox 337 1750 1905 1824; baseline 0.01 -23"><span class='ocrx_word' id='word_1_127' title='bbox 337 1750 520 1804; x_wconf 84' lang='lat' dir='ltr'><strong>ventis</strong></span> <span class='ocrx_word' id='word_1_128' title='bbox 548 1751 661 1805; x_wconf 90' lang='lat' dir='ltr'><strong>Dei.</strong></span> <span class='ocrx_word' id='word_1_129' title='bbox 687 1751 804 1807; x_wconf 79' lang='lat' dir='ltr'><strong>Noli</strong></span> <span class='ocrx_word' id='word_1_130' title='bbox 842 1755 986 1808; x_wconf 89' lang='lat' dir='ltr'><strong>enim</strong></span> <span class='ocrx_word' id='word_1_131' title='bbox 1019 1769 1282 1824; x_wconf 73' lang='lat' dir='ltr'><strong>quaerere,</strong></span> <span class='ocrx_word' id='word_1_132' title='bbox 1315 1758 1360 1812; x_wconf 92' lang='lat' dir='ltr'><strong>si</strong></span> <span class='ocrx_word' id='word_1_133' title='bbox 1407 1758 1595 1814; x_wconf 90' lang='lat' dir='ltr'><strong>Daniel</strong></span> <span class='ocrx_word' id='word_1_134' title='bbox 1627 1777 1732 1815; x_wconf 93' lang='lat' dir='ltr'><strong>non</strong></span> <span class='ocrx_word' id='word_1_135' title='bbox 1763 1771 1845 1817; x_wconf 92' lang='lat' dir='ltr'><strong>est</strong></span> <span class='ocrx_word' id='word_1_136' title='bbox 1877 1779 1905 1817; x_wconf 90' lang='lat' dir='ltr'><strong>a</strong></span> 
     </span>
    </p>
   </div>
   <div class='ocr_carea' id='block_1_19' title="bbox 2015 573 3577 630">
    <p class='ocr_par' dir='ltr' id='par_1_19' title="bbox 2015 573 3577 630">
     <span class='ocr_line' id='line_1_19' title="bbox 2015 573 3577 630; baseline 0 -4"><span class='ocrx_word' id='word_1_137' title='bbox 2015 574 2104 627; x_wconf 91' lang='lat' dir='ltr'><strong>bat</strong></span> <span class='ocrx_word' id='word_1_138' title='bbox 2135 575 2279 627; x_wconf 87' lang='lat' dir='ltr'><strong>enim</strong></span> <span class='ocrx_word' id='word_1_139' title='bbox 2323 574 2606 628; x_wconf 90' lang='lat' dir='ltr'><strong>Dominum</strong></span> <span class='ocrx_word' id='word_1_140' title='bbox 2653 573 2834 627; x_wconf 84' lang='lat' dir='ltr'><strong>.lesum</strong></span> <span class='ocrx_word' id='word_1_141' title='bbox 2878 574 2994 627; x_wconf 91' lang='lat' dir='ltr'><strong>sine</strong></span> <span class='ocrx_word' id='word_1_142' title='bbox 3043 578 3248 628; x_wconf 86' lang='lat' dir='ltr'><strong>victore</strong></span> <span class='ocrx_word' id='word_1_143' title='bbox 3302 577 3577 630; x_wconf 84' lang='lat' dir='ltr'><strong>recedere.</strong></span> 
     </span>
    </p>
   </div>
   <div class='ocr_carea' id='block_1_20' title="bbox 2014 659 3582 730">
    <p class='ocr_par' dir='ltr' id='par_1_20' title="bbox 2014 659 3582 730">
     <span class='ocr_line' id='line_1_20' title="bbox 2014 659 3582 730; baseline 0.002 -18"><span class='ocrx_word' id='word_1_144' title='bbox 2014 659 2362 715; x_wconf 89' lang='lat' dir='ltr'><strong>introducens</strong></span> <span class='ocrx_word' id='word_1_145' title='bbox 2385 674 2560 716; x_wconf 92' lang='lat' dir='ltr'><strong>autem</strong></span> <span class='ocrx_word' id='word_1_146' title='bbox 2597 676 2718 715; x_wconf 90' lang='lat' dir='ltr'><strong>eum</strong></span> <span class='ocrx_word' id='word_1_147' title='bbox 2750 701 2764 724; x_wconf 90' lang='lat'><strong>,</strong></span> <span class='ocrx_word' id='word_1_148' title='bbox 2799 662 2978 715; x_wconf 91' lang='lat' dir='ltr'><strong>omnia</strong></span> <span class='ocrx_word' id='word_1_149' title='bbox 3013 670 3280 717; x_wconf 88' lang='lat' dir='ltr'><strong>tormenta</strong></span> <span class='ocrx_word' id='word_1_150' title='bbox 3314 665 3582 730; x_wconf 85' lang='lat' dir='ltr'><strong>movebat,</strong></span> 
     </span>
    </p>
   </div>
   <div class='ocr_carea' id='block_1_21' title="bbox 2012 752 3582 824">
    <p class='ocr_par' dir='ltr' id='par_1_21' title="bbox 2012 752 3582 824">
     <span class='ocr_line' id='line_1_21' title="bbox 2012 752 3582 824; baseline 0.001 -20"><span class='ocrx_word' id='word_1_151' title='bbox 2012 760 2067 804; x_wconf 90' lang='lat' dir='ltr'><strong>et</strong></span> <span class='ocrx_word' id='word_1_152' title='bbox 2098 759 2243 804; x_wconf 84' lang='lat' dir='ltr'><strong>tanta</strong></span> <span class='ocrx_word' id='word_1_153' title='bbox 2269 752 2358 805; x_wconf 92' lang='lat' dir='ltr'><strong>uni</strong></span> <span class='ocrx_word' id='word_1_154' title='bbox 2395 752 2650 815; x_wconf 88' lang='lat' dir='ltr'><strong>vincenti,</strong></span> <span class='ocrx_word' id='word_1_155' title='bbox 2685 764 2883 820; x_wconf 88' lang='lat' dir='ltr'><strong>quanta</strong></span> <span class='ocrx_word' id='word_1_156' title='bbox 2925 755 3174 809; x_wconf 88' lang='lat' dir='ltr'><strong>oumibus</strong></span> <span class='ocrx_word' id='word_1_157' title='bbox 3205 755 3286 809; x_wconf 89' lang='lat' dir='ltr'><strong>his</strong></span> <span class='ocrx_word' id='word_1_158' title='bbox 3321 755 3410 824; x_wconf 90' lang='lat' dir='ltr'><strong>qui</strong></span> <span class='ocrx_word' id='word_1_159' title='bbox 3466 754 3582 806; x_wconf 86' lang='lat' dir='ltr'><strong>fuc-</strong></span> 
     </span>
    </p>
   </div>
   <div class='ocr_carea' id='block_1_22' title="bbox 2016 842 3580 910">
    <p class='ocr_par' dir='ltr' id='par_1_22' title="bbox 2016 842 3580 910">
     <span class='ocr_line' id='line_1_22' title="bbox 2016 842 3580 910; baseline 0.003 -17"><span class='ocrx_word' id='word_1_160' title='bbox 2016 851 2139 894; x_wconf 91' lang='lat' dir='ltr'><strong>rant</strong></span> <span class='ocrx_word' id='word_1_161' title='bbox 2165 852 2426 910; x_wconf 88' lang='lat' dir='ltr'><strong>superatt.</strong></span> <span class='ocrx_word' id='word_1_162' title='bbox 2460 842 2803 897; x_wconf 87' lang='lat' dir='ltr'><strong>Contendens</strong></span> <span class='ocrx_word' id='word_1_163' title='bbox 2826 845 2966 897; x_wconf 93' lang='lat' dir='ltr'><strong>enim</strong></span> <span class='ocrx_word' id='word_1_164' title='bbox 2992 860 3058 899; x_wconf 93' lang='lat' dir='ltr'><strong>ne</strong></span> <span class='ocrx_word' id='word_1_165' title='bbox 3081 845 3378 899; x_wconf 86' lang='lat' dir='ltr'><strong>solveretur</strong></span> <span class='ocrx_word' id='word_1_166' title='bbox 3409 846 3580 898; x_wconf 78' lang='lat' dir='ltr'><strong>victo-</strong></span> 
     </span>
    </p>
   </div>
   <div class='ocr_carea' id='block_1_23' title="bbox 2016 933 3578 1004">
    <p class='ocr_par' dir='ltr' id='par_1_23' title="bbox 2016 933 3578 1004">
     <span class='ocr_line' id='line_1_23' title="bbox 2016 933 3578 1004; baseline 0.002 -19"><span class='ocrx_word' id='word_1_167' title='bbox 2016 933 2092 985; x_wconf 89' lang='lat' dir='ltr'><strong>ria</strong></span> <span class='ocrx_word' id='word_1_168' title='bbox 2119 948 2213 986; x_wconf 89' lang='lat' dir='ltr'><strong>sua</strong></span> <span class='ocrx_word' id='word_1_169' title='bbox 2248 949 2342 1001; x_wconf 84' lang='lat' dir='ltr'><strong>per</strong></span> <span class='ocrx_word' id='word_1_170' title='bbox 2370 934 2525 987; x_wconf 91' lang='lat' dir='ltr'><strong>unius</strong></span> <span class='ocrx_word' id='word_1_171' title='bbox 2555 934 2710 989; x_wconf 85' lang='lat' dir='ltr'><strong>istius</strong></span> <span class='ocrx_word' id='word_1_172' title='bbox 2734 936 3039 999; x_wconf 89' lang='lat' dir='ltr'><strong>victoriam,</strong></span> <span class='ocrx_word' id='word_1_173' title='bbox 3066 944 3119 989; x_wconf 92' lang='lat' dir='ltr'><strong>et</strong></span> <span class='ocrx_word' id='word_1_174' title='bbox 3155 946 3408 1004; x_wconf 84' lang='lat' dir='ltr'><strong>reputans</strong></span> <span class='ocrx_word' id='word_1_175' title='bbox 3437 936 3578 1004; x_wconf 86' lang='lat' dir='ltr'><strong>apud</strong></span> 
     </span>
    </p>
   </div>
   <div class='ocr_carea' id='block_1_24' title="bbox 2012 1022 3579 1094">
    <p class='ocr_par' dir='ltr' id='par_1_24' title="bbox 2012 1022 3579 1094">
     <span class='ocr_line' id='line_1_24' title="bbox 2012 1022 3579 1094; baseline 0.001 -18"><span class='ocrx_word' id='word_1_176' title='bbox 2012 1037 2089 1085; x_wconf 92' lang='lat' dir='ltr'><strong>se,</strong></span> <span class='ocrx_word' id='word_1_177' title='bbox 2125 1023 2248 1091; x_wconf 87' lang='lat' dir='ltr'><strong>quia</strong></span> <span class='ocrx_word' id='word_1_178' title='bbox 2278 1033 2332 1078; x_wconf 93' lang='lat' dir='ltr'><strong>et</strong></span> <span class='ocrx_word' id='word_1_179' title='bbox 2371 1022 2424 1076; x_wconf 91' lang='lat' dir='ltr'><strong>in</strong></span> <span class='ocrx_word' id='word_1_180' title='bbox 2469 1025 2659 1078; x_wconf 88' lang='lat' dir='ltr'><strong>stadiis</strong></span> <span class='ocrx_word' id='word_1_181' title='bbox 2695 1024 2813 1078; x_wconf 91' lang='lat' dir='ltr'><strong>ﬁnis</strong></span> <span class='ocrx_word' id='word_1_182' title='bbox 2841 1026 3172 1079; x_wconf 88' lang='lat' dir='ltr'><strong>currentium</strong></span> <span class='ocrx_word' id='word_1_183' title='bbox 3198 1024 3478 1094; x_wconf 77' lang='lat' dir='ltr'><strong>qutcritur,</strong></span> <span class='ocrx_word' id='word_1_184' title='bbox 3528 1034 3579 1077; x_wconf 93' lang='lat' dir='ltr'><strong>et</strong></span> 
     </span>
    </p>
   </div>
   <div class='ocr_carea' id='block_1_25' title="bbox 2011 1113 3579 1182">
    <p class='ocr_par' dir='ltr' id='par_1_25' title="bbox 2011 1113 3579 1182">
     <span class='ocr_line' id='line_1_25' title="bbox 2011 1113 3579 1182; baseline 0.001 -17"><span class='ocrx_word' id='word_1_185' title='bbox 2011 1115 2134 1181; x_wconf 85' lang='lat' dir='ltr'><strong>quia</strong></span> <span class='ocrx_word' id='word_1_186' title='bbox 2164 1114 2207 1167; x_wconf 93' lang='lat' dir='ltr'><strong>si</strong></span> <span class='ocrx_word' id='word_1_187' title='bbox 2242 1114 2342 1168; x_wconf 92' lang='lat' dir='ltr'><strong>iste</strong></span> <span class='ocrx_word' id='word_1_188' title='bbox 2371 1113 2581 1180; x_wconf 87' lang='lat' dir='ltr'><strong>vicerit,</strong></span> <span class='ocrx_word' id='word_1_189' title='bbox 2633 1129 2727 1167; x_wconf 92' lang='lat' dir='ltr'><strong>nec</strong></span> <span class='ocrx_word' id='word_1_190' title='bbox 2761 1124 2818 1168; x_wconf 90' lang='lat' dir='ltr'><strong>ut</strong></span> <span class='ocrx_word' id='word_1_191' title='bbox 2861 1114 2987 1168; x_wconf 83' lang='lat' dir='ltr'><strong>victi</strong></span> <span class='ocrx_word' id='word_1_192' title='bbox 3019 1124 3178 1168; x_wconf 88' lang='lat' dir='ltr'><strong>erunt</strong></span> <span class='ocrx_word' id='word_1_193' title='bbox 3219 1116 3308 1182; x_wconf 91' lang='lat' dir='ltr'><strong>qui</strong></span> <span class='ocrx_word' id='word_1_194' title='bbox 3364 1114 3579 1167; x_wconf 86' lang='lat' dir='ltr'><strong>fuerant</strong></span> 
     </span>
    </p>
   </div>
   <div class='ocr_carea' id='block_1_26' title="bbox 2013 1207 3573 1277">
    <p class='ocr_par' dir='ltr' id='par_1_26' title="bbox 2013 1207 3573 1277">
     <span class='ocr_line' id='line_1_26' title="bbox 2013 1207 3573 1277; baseline -0.001 -17"><span class='ocrx_word' id='word_1_195' title='bbox 2013 1207 2286 1272; x_wconf 89' lang='lat' dir='ltr'><strong>superati;</strong></span> <span class='ocrx_word' id='word_1_196' title='bbox 2340 1207 2596 1262; x_wconf 90' lang='lat' dir='ltr'><strong>universa</strong></span> <span class='ocrx_word' id='word_1_197' title='bbox 2634 1209 2682 1264; x_wconf 89' lang='lat' dir='ltr'><strong>ei</strong></span> <span class='ocrx_word' id='word_1_198' title='bbox 2739 1207 3016 1262; x_wconf 89' lang='lat' dir='ltr'><strong>admoveri</strong></span> <span class='ocrx_word' id='word_1_199' title='bbox 3075 1217 3342 1260; x_wconf 88' lang='lat' dir='ltr'><strong>tormenta</strong></span> <span class='ocrx_word' id='word_1_200' title='bbox 3400 1207 3573 1277; x_wconf 88' lang='lat' dir='ltr'><strong>jubet.</strong></span> 
     </span>
    </p>
   </div>
   <div class='ocr_carea' id='block_1_27' title="bbox 2015 1299 3574 1370">
    <p class='ocr_par' dir='ltr' id='par_1_27' title="bbox 2015 1299 3574 1370">
     <span class='ocr_line' id='line_1_27' title="bbox 2015 1299 3574 1370; baseline -0.002 -16"><span class='ocrx_word' id='word_1_201' title='bbox 2015 1299 2208 1354; x_wconf 83' lang='lat' dir='ltr'><strong>Volens</strong></span> <span class='ocrx_word' id='word_1_202' title='bbox 2235 1300 2380 1354; x_wconf 91' lang='lat' dir='ltr'><strong>enim</strong></span> <span class='ocrx_word' id='word_1_203' title='bbox 2412 1299 2626 1355; x_wconf 91' lang='lat' dir='ltr'><strong>ﬂectere</strong></span> <span class='ocrx_word' id='word_1_204' title='bbox 2664 1299 2936 1369; x_wconf 85' lang='lat' dir='ltr'><strong>juvenem,</strong></span> <span class='ocrx_word' id='word_1_205' title='bbox 2982 1310 3035 1353; x_wconf 93' lang='lat' dir='ltr'><strong>et</strong></span> <span class='ocrx_word' id='word_1_206' title='bbox 3067 1299 3236 1354; x_wconf 87' lang='lat' dir='ltr'><strong>oculis</strong></span> <span class='ocrx_word' id='word_1_207' title='bbox 3269 1302 3574 1370; x_wconf 89' lang='lat' dir='ltr'><strong>torquebat,</strong></span> 
     </span>
    </p>
   </div>
   <div class='ocr_carea' id='block_1_28' title="bbox 2011 1390 3580 1460">
    <p class='ocr_par' dir='ltr' id='par_1_28' title="bbox 2011 1390 3580 1460">
     <span class='ocr_line' id='line_1_28' title="bbox 2011 1390 3580 1460; baseline 0.002 -15"><span class='ocrx_word' id='word_1_208' title='bbox 2011 1397 2065 1445; x_wconf 90' lang='lat' dir='ltr'><strong>et</strong></span> <span class='ocrx_word' id='word_1_209' title='bbox 2087 1390 2334 1445; x_wconf 88' lang='lat' dir='ltr'><strong>dentibus</strong></span> <span class='ocrx_word' id='word_1_210' title='bbox 2359 1393 2682 1459; x_wconf 89' lang='lat' dir='ltr'><strong>minabatur,</strong></span> <span class='ocrx_word' id='word_1_211' title='bbox 2708 1401 2764 1448; x_wconf 90' lang='lat' dir='ltr'><strong>et</strong></span> <span class='ocrx_word' id='word_1_212' title='bbox 2788 1393 3036 1447; x_wconf 88' lang='lat' dir='ltr'><strong>manibus</strong></span> <span class='ocrx_word' id='word_1_213' title='bbox 3065 1392 3426 1460; x_wconf 85' lang='lat' dir='ltr'><strong>torquentium</strong></span> <span class='ocrx_word' id='word_1_214' title='bbox 3455 1409 3580 1449; x_wconf 88' lang='lat' dir='ltr'><strong>suas</strong></span> 
     </span>
    </p>
   </div>
   <div class='ocr_carea' id='block_1_29' title="bbox 2011 1485 3579 1554">
    <p class='ocr_par' dir='ltr' id='par_1_29' title="bbox 2011 1485 3579 1554">
     <span class='ocr_line' id='line_1_29' title="bbox 2011 1485 3579 1554; baseline 0.003 -18"><span class='ocrx_word' id='word_1_215' title='bbox 2011 1485 2360 1554; x_wconf 88' lang='lat' dir='ltr'><strong>protendebat</strong></span> <span class='ocrx_word' id='word_1_216' title='bbox 2401 1499 2610 1548; x_wconf 89' lang='lat' dir='ltr'><strong>manus,</strong></span> <span class='ocrx_word' id='word_1_217' title='bbox 2656 1494 2709 1538; x_wconf 92' lang='lat' dir='ltr'><strong>et</strong></span> <span class='ocrx_word' id='word_1_218' title='bbox 2747 1487 2814 1540; x_wconf 90' lang='lat' dir='ltr'><strong>ab</strong></span> <span class='ocrx_word' id='word_1_219' title='bbox 2855 1485 2967 1554; x_wconf 92' lang='lat' dir='ltr'><strong>ipsa</strong></span> <span class='ocrx_word' id='word_1_220' title='bbox 3009 1488 3086 1538; x_wconf 92' lang='lat' dir='ltr'><strong>ira</strong></span> <span class='ocrx_word' id='word_1_221' title='bbox 3133 1487 3294 1539; x_wconf 88' lang='lat' dir='ltr'><strong>etiam</strong></span> <span class='ocrx_word' id='word_1_222' title='bbox 3338 1487 3403 1540; x_wconf 86' lang='lat' dir='ltr'><strong>de</strong></span> <span class='ocrx_word' id='word_1_223' title='bbox 3453 1486 3579 1541; x_wconf 86' lang='lat' dir='ltr'><strong>sede</strong></span> 
     </span>
    </p>
   </div>
   <div class='ocr_carea' id='block_1_30' title="bbox 2013 1570 3573 1643">
    <p class='ocr_par' dir='ltr' id='par_1_30' title="bbox 2013 1570 3573 1643">
     <span class='ocr_line' id='line_1_30' title="bbox 2013 1570 3573 1643; baseline 0.003 -21"><span class='ocrx_word' id='word_1_224' title='bbox 2013 1570 2327 1624; x_wconf 84' lang='lat' dir='ltr'><strong>movebatur</strong></span> <span class='ocrx_word' id='word_1_225' title='bbox 2356 1586 2471 1626; x_wconf 91' lang='lat' dir='ltr'><strong>sua.</strong></span> <span class='ocrx_word' id='word_1_226' title='bbox 2524 1570 2658 1626; x_wconf 84' lang='lat' dir='ltr'><strong>Cum</strong></span> <span class='ocrx_word' id='word_1_227' title='bbox 2702 1579 2882 1626; x_wconf 89' lang='lat' dir='ltr'><strong>autem</strong></span> <span class='ocrx_word' id='word_1_228' title='bbox 2930 1572 3285 1643; x_wconf 84' lang='lat' dir='ltr'><strong>fatigarentur</strong></span> <span class='ocrx_word' id='word_1_229' title='bbox 3314 1583 3573 1643; x_wconf 80' lang='lat' dir='ltr'><strong>torquen-</strong></span> 
     </span>
    </p>
   </div>
   <div class='ocr_carea' id='block_1_31' title="bbox 2015 1663 3577 1735">
    <p class='ocr_par' dir='ltr' id='par_1_31' title="bbox 2015 1663 3577 1735">
     <span class='ocr_line' id='line_1_31' title="bbox 2015 1663 3577 1735; baseline 0.006 -22"><span class='ocrx_word' id='word_1_230' title='bbox 2015 1668 2114 1724; x_wconf 92' lang='lat' dir='ltr'><strong>tes,</strong></span> <span class='ocrx_word' id='word_1_231' title='bbox 2149 1671 2329 1716; x_wconf 94' lang='lat' dir='ltr'><strong>etnon</strong></span> <span class='ocrx_word' id='word_1_232' title='bbox 2358 1664 2575 1735; x_wconf 82' lang='lat' dir='ltr'><strong>cederet</strong></span> <span class='ocrx_word' id='word_1_233' title='bbox 2598 1663 2687 1732; x_wconf 90' lang='lat' dir='ltr'><strong>qui</strong></span> <span class='ocrx_word' id='word_1_234' title='bbox 2725 1665 3094 1733; x_wconf 86' lang='lat' dir='ltr'><strong>torquebatur,</strong></span> <span class='ocrx_word' id='word_1_235' title='bbox 3125 1675 3284 1735; x_wconf 89' lang='lat' dir='ltr'><strong>atque</strong></span> <span class='ocrx_word' id='word_1_236' title='bbox 3327 1667 3577 1721; x_wconf 89' lang='lat' dir='ltr'><strong>obtusum</strong></span> 
     </span>
    </p>
   </div>
   <div class='ocr_carea' id='block_1_32' title="bbox 2013 1733 3582 1824">
    <p class='ocr_par' dir='ltr' id='par_1_32' title="bbox 2013 1733 3582 1824">
     <span class='ocr_line' id='line_1_32' title="bbox 2013 1733 3582 1824; baseline 0.004 -21"><span class='ocrx_word' id='word_1_237' title='bbox 2013 1758 2068 1803; x_wconf 89' lang='lat' dir='ltr'><strong>et</strong></span> <span class='ocrx_word' id='word_1_238' title='bbox 2093 1749 2357 1804; x_wconf 81' lang='lat' dir='ltr'><strong>deﬂexum</strong></span> <span class='ocrx_word' id='word_1_239' title='bbox 2377 1733 2572 1806; x_wconf 62' lang='lat' dir='ltr'><strong>fuisset</strong></span> <span class='ocrx_word' id='word_1_240' title='bbox 2599 1751 2823 1814; x_wconf 89' lang='lat' dir='ltr'><strong>ferrum,</strong></span> <span class='ocrx_word' id='word_1_241' title='bbox 2856 1768 2959 1806; x_wconf 92' lang='lat' dir='ltr'><strong>non</strong></span> <span class='ocrx_word' id='word_1_242' title='bbox 2993 1763 3072 1806; x_wconf 88' lang='lat' dir='ltr'><strong>est</strong></span> <span class='ocrx_word' id='word_1_243' title='bbox 3100 1733 3270 1808; x_wconf 81' lang='lat' dir='ltr'><strong>ﬂexus</strong></span> <span class='ocrx_word' id='word_1_244' title='bbox 3301 1757 3389 1824; x_wconf 89' lang='lat' dir='ltr'><strong>qui</strong></span> <span class='ocrx_word' id='word_1_245' title='bbox 3427 1757 3582 1809; x_wconf 89' lang='lat' dir='ltr'><strong>rade-</strong></span> 
     </span>
    </p>
   </div>
   <div class='ocr_carea' id='block_1_33' title="bbox 334 1829 3577 1924">
    <p class='ocr_par' dir='ltr' id='par_1_33' title="bbox 334 1829 3577 1924">
     <span class='ocr_line' id='line_1_33' title="bbox 334 1829 3577 1924; baseline 0.001 -25"><span class='ocrx_word' id='word_1_246' title='bbox 334 1842 583 1899; x_wconf 90' lang='lat' dir='ltr'><strong>leonibus</strong></span> <span class='ocrx_word' id='word_1_247' title='bbox 604 1846 1012 1902; x_wconf 62' lang='lat' dir='ltr'><strong>comesmsmed</strong></span> <span class='ocrx_word' id='word_1_248' title='bbox 1031 1847 1153 1916; x_wconf 86' lang='lat' dir='ltr'><strong>quia</strong></span> <span class='ocrx_word' id='word_1_249' title='bbox 1177 1850 1903 1924; x_wconf 76' lang='lat' dir='ltr'><strong>proposuitsecomedi(52),</strong></span> <span class='ocrx_word' id='word_1_250' title='bbox 1939 1829 1981 1884; x_wconf 78' lang='grc' dir='ltr'><strong>Β</strong></span> <span class='ocrx_word' id='word_1_251' title='bbox 2011 1841 2186 1895; x_wconf 90' lang='lat' dir='ltr'><strong>batur.</strong></span> <span class='ocrx_word' id='word_1_252' title='bbox 2236 1842 2370 1898; x_wconf 90' lang='lat' dir='ltr'><strong>Cum</strong></span> <span class='ocrx_word' id='word_1_253' title='bbox 2428 1844 2538 1913; x_wconf 91' lang='lat' dir='ltr'><strong>jam</strong></span> <span class='ocrx_word' id='word_1_254' title='bbox 2595 1843 2738 1898; x_wconf 89' lang='lat' dir='ltr'><strong>nulla</strong></span> <span class='ocrx_word' id='word_1_255' title='bbox 2798 1845 3108 1900; x_wconf 89' lang='lat' dir='ltr'><strong>adiuventio</strong></span> <span class='ocrx_word' id='word_1_256' title='bbox 3188 1856 3577 1902; x_wconf 86' lang='lat' dir='ltr'><strong>tormentorum</strong></span> 
     </span>
    </p>
   </div>
   <div class='ocr_carea' id='block_1_34' title="bbox 335 1935 1907 2010">
    <p class='ocr_par' dir='ltr' id='par_1_34' title="bbox 335 1935 1907 2010">
     <span class='ocr_line' id='line_1_34' title="bbox 335 1935 1907 2010; baseline 0.006 -20"><span class='ocrx_word' id='word_1_257' title='bbox 335 1936 436 1990; x_wconf 92' lang='lat' dir='ltr'><strong>hoc</strong></span> <span class='ocrx_word' id='word_1_258' title='bbox 465 1937 713 1991; x_wconf 83' lang='lat' dir='ltr'><strong>adverte.</strong></span> <span class='ocrx_word' id='word_1_259' title='bbox 740 1935 848 1992; x_wconf 82' lang='lat' dir='ltr'><strong>Nec</strong></span> <span class='ocrx_word' id='word_1_260' title='bbox 881 1939 1005 2007; x_wconf 89' lang='lat' dir='ltr'><strong>quia</strong></span> <span class='ocrx_word' id='word_1_261' title='bbox 1045 1955 1151 1993; x_wconf 93' lang='lat' dir='ltr'><strong>non</strong></span> <span class='ocrx_word' id='word_1_262' title='bbox 1183 1942 1523 2010; x_wconf 87' lang='lat' dir='ltr'><strong>consumpsit</strong></span> <span class='ocrx_word' id='word_1_263' title='bbox 1557 1941 1770 1998; x_wconf 90' lang='lat' dir='ltr'><strong>ﬂamma</strong></span> <span class='ocrx_word' id='word_1_264' title='bbox 1800 1955 1907 2000; x_wconf 89' lang='lat' dir='ltr'><strong>tres</strong></span> 
     </span>
    </p>
   </div>
   <div class='ocr_carea' id='block_1_35' title="bbox 335 2027 1908 2102">
    <p class='ocr_par' dir='ltr' id='par_1_35' title="bbox 335 2027 1908 2102">
     <span class='ocr_line' id='line_1_35' title="bbox 335 2027 1908 2102; baseline 0.006 -21"><span class='ocrx_word' id='word_1_265' title='bbox 335 2027 454 2082; x_wconf 91' lang='lat' dir='ltr'><strong>illos</strong></span> <span class='ocrx_word' id='word_1_266' title='bbox 495 2044 693 2098; x_wconf 90' lang='lat' dir='ltr'><strong>pueros</strong></span> <span class='ocrx_word' id='word_1_267' title='bbox 727 2030 917 2084; x_wconf 90' lang='lat' dir='ltr'><strong>missos</strong></span> <span class='ocrx_word' id='word_1_268' title='bbox 953 2029 1005 2084; x_wconf 90' lang='lat' dir='ltr'><strong>in</strong></span> <span class='ocrx_word' id='word_1_269' title='bbox 1033 2030 1300 2085; x_wconf 79' lang='lat' dir='ltr'><strong>fornacem</strong></span> <span class='ocrx_word' id='word_1_270' title='bbox 1334 2033 1470 2102; x_wconf 90' lang='lat' dir='ltr'><strong>ignis</strong></span> <span class='ocrx_word' id='word_1_271' title='bbox 1498 2034 1735 2090; x_wconf 89' lang='lat' dir='ltr'><strong>ardentis</strong></span> <span class='ocrx_word' id='word_1_272' title='bbox 1757 2075 1772 2100; x_wconf 91' lang='lat'><strong>,</strong></span> <span class='ocrx_word' id='word_1_273' title='bbox 1814 2037 1908 2090; x_wconf 88' lang='lat' dir='ltr'><strong>sed</strong></span> 
     </span>
    </p>
   </div>
   <div class='ocr_carea' id='block_1_36' title="bbox 330 2119 1910 2193">
    <p class='ocr_par' dir='ltr' id='par_1_36' title="bbox 330 2119 1910 2193">
     <span class='ocr_line' id='line_1_36' title="bbox 330 2119 1910 2193; baseline 0.007 -23"><span class='ocrx_word' id='word_1_274' title='bbox 330 2119 454 2186; x_wconf 70' lang='lat' dir='ltr'><strong>quia</strong></span> <span class='ocrx_word' id='word_1_275' title='bbox 482 2119 584 2188; x_wconf 86' lang='lat' dir='ltr'><strong>ipsi</strong></span> <span class='ocrx_word' id='word_1_276' title='bbox 621 2120 921 2174; x_wconf 90' lang='lat' dir='ltr'><strong>holocausti</strong></span> <span class='ocrx_word' id='word_1_277' title='bbox 951 2120 1078 2175; x_wconf 90' lang='lat' dir='ltr'><strong>facti</strong></span> <span class='ocrx_word' id='word_1_278' title='bbox 1109 2132 1236 2175; x_wconf 90' lang='lat' dir='ltr'><strong>sunt</strong></span> <span class='ocrx_word' id='word_1_279' title='bbox 1267 2121 1380 2193; x_wconf 83' lang='grc'>(55)</span> <span class='ocrx_word' id='word_1_280' title='bbox 1413 2134 1671 2192; x_wconf 87' lang='lat' dir='ltr'><strong>quantum</strong></span> <span class='ocrx_word' id='word_1_281' title='bbox 1702 2127 1767 2180; x_wconf 90' lang='lat' dir='ltr'><strong>ad</strong></span> <span class='ocrx_word' id='word_1_282' title='bbox 1798 2127 1910 2181; x_wconf 83' lang='lat' dir='ltr'><strong>ala-</strong></span> 
     </span>
    </p>
   </div>
   <div class='ocr_carea' id='block_1_37' title="bbox 333 2211 1909 2284">
    <p class='ocr_par' dir='ltr' id='par_1_37' title="bbox 333 2211 1909 2284">
     <span class='ocr_line' id='line_1_37' title="bbox 333 2211 1909 2284; baseline 0.006 -20"><span class='ocrx_word' id='word_1_283' title='bbox 333 2212 585 2264; x_wconf 87' lang='lat' dir='ltr'><strong>critatetu</strong></span> <span class='ocrx_word' id='word_1_284' title='bbox 609 2227 781 2266; x_wconf 91' lang='lat' dir='ltr'><strong>suam.</strong></span> <span class='ocrx_word' id='word_1_285' title='bbox 807 2211 919 2266; x_wconf 87' lang='lat' dir='ltr'><strong>Non</strong></span> <span class='ocrx_word' id='word_1_286' title='bbox 947 2215 1088 2267; x_wconf 92' lang='lat' dir='ltr'><strong>enim</strong></span> <span class='ocrx_word' id='word_1_287' title='bbox 1125 2215 1192 2268; x_wconf 92' lang='lat' dir='ltr'><strong>ab</strong></span> <span class='ocrx_word' id='word_1_288' title='bbox 1220 2215 1365 2269; x_wconf 81' lang='lat' dir='ltr'><strong>exitu</strong></span> <span class='ocrx_word' id='word_1_289' title='bbox 1392 2215 1655 2284; x_wconf 89' lang='lat' dir='ltr'><strong>judicium</strong></span> <span class='ocrx_word' id='word_1_290' title='bbox 1684 2227 1784 2282; x_wconf 89' lang='lat' dir='ltr'><strong>est,</strong></span> <span class='ocrx_word' id='word_1_291' title='bbox 1813 2221 1909 2273; x_wconf 91' lang='lat' dir='ltr'><strong>sed</strong></span> 
     </span>
    </p>
   </div>
   <div class='ocr_carea' id='block_1_38' title="bbox 331 2301 1907 2379">
    <p class='ocr_par' dir='ltr' id='par_1_38' title="bbox 331 2301 1907 2379">
     <span class='ocr_line' id='line_1_38' title="bbox 331 2301 1907 2379; baseline 0.006 -23"><span class='ocrx_word' id='word_1_292' title='bbox 331 2303 400 2356; x_wconf 87' lang='lat' dir='ltr'><strong>ab</strong></span> <span class='ocrx_word' id='word_1_293' title='bbox 430 2301 718 2358; x_wconf 89' lang='lat' dir='ltr'><strong>alacritate</strong></span> <span class='ocrx_word' id='word_1_294' title='bbox 731 2319 962 2359; x_wconf 64' lang='lat' dir='ltr'><strong>coronae.</strong></span> <span class='ocrx_word' id='word_1_295' title='bbox 984 2306 1089 2374; x_wconf 80' lang='lat' dir='ltr'><strong>Ego</strong></span> <span class='ocrx_word' id='word_1_296' title='bbox 1109 2316 1285 2362; x_wconf 88' lang='lat' dir='ltr'><strong>autem</strong></span> <span class='ocrx_word' id='word_1_297' title='bbox 1308 2308 1446 2374; x_wconf 91' lang='lat' dir='ltr'><strong>dico,</strong></span> <span class='ocrx_word' id='word_1_298' title='bbox 1462 2309 1553 2379; x_wconf 89' lang='lat' dir='ltr'><strong>qui</strong></span> <span class='ocrx_word' id='word_1_299' title='bbox 1581 2310 1700 2366; x_wconf 90' lang='lat' dir='ltr'><strong>ideo</strong></span> <span class='ocrx_word' id='word_1_300' title='bbox 1715 2311 1907 2366; x_wconf 90' lang='lat' dir='ltr'><strong>salvati</strong></span> 
     </span>
    </p>
   </div>
   <div class='ocr_carea' id='block_1_39' title="bbox 329 2396 1907 2471">
    <p class='ocr_par' dir='ltr' id='par_1_39' title="bbox 329 2396 1907 2471">
     <span class='ocr_line' id='line_1_39' title="bbox 329 2396 1907 2471; baseline 0.006 -24"><span class='ocrx_word' id='word_1_301' title='bbox 329 2403 458 2448; x_wconf 90' lang='lat' dir='ltr'><strong>sunt</strong></span> <span class='ocrx_word' id='word_1_302' title='bbox 514 2404 659 2460; x_wconf 92' lang='lat' dir='ltr'><strong>tunc,</strong></span> <span class='ocrx_word' id='word_1_303' title='bbox 716 2405 772 2450; x_wconf 90' lang='lat' dir='ltr'><strong>et</strong></span> <span class='ocrx_word' id='word_1_304' title='bbox 820 2396 1003 2450; x_wconf 90' lang='lat' dir='ltr'><strong>Daniel</strong></span> <span class='ocrx_word' id='word_1_305' title='bbox 1053 2412 1081 2450; x_wconf 93' lang='lat' dir='ltr'><strong>a</strong></span> <span class='ocrx_word' id='word_1_306' title='bbox 1133 2398 1396 2466; x_wconf 91' lang='lat' dir='ltr'><strong>leonibus,</strong></span> <span class='ocrx_word' id='word_1_307' title='bbox 1442 2410 1496 2453; x_wconf 92' lang='lat' dir='ltr'><strong>et</strong></span> <span class='ocrx_word' id='word_1_308' title='bbox 1531 2409 1640 2456; x_wconf 90' lang='lat' dir='ltr'><strong>tres</strong></span> <span class='ocrx_word' id='word_1_309' title='bbox 1687 2403 1832 2471; x_wconf 89' lang='lat' dir='ltr'><strong>pueri</strong></span> <span class='ocrx_word' id='word_1_310' title='bbox 1879 2419 1907 2457; x_wconf 91' lang='lat' dir='ltr'><strong>a</strong></span> 
     </span>
    </p>
   </div>
   <div class='ocr_carea' id='block_1_40' title="bbox 330 2481 1908 2556">
    <p class='ocr_par' dir='ltr' id='par_1_40' title="bbox 330 2481 1908 2556">
     <span class='ocr_line' id='line_1_40' title="bbox 330 2481 1908 2556; baseline 0.007 -21"><span class='ocrx_word' id='word_1_311' title='bbox 330 2481 554 2537; x_wconf 88' lang='lat' dir='ltr'><strong>ﬂamma</strong></span> <span class='ocrx_word' id='word_1_312' title='bbox 611 2485 752 2554; x_wconf 81' lang='lat' dir='ltr'><strong>ignis</strong></span> <span class='ocrx_word' id='word_1_313' title='bbox 798 2486 1080 2553; x_wconf 88' lang='lat' dir='ltr'><strong>ardentis;</strong></span> <span class='ocrx_word' id='word_1_314' title='bbox 1143 2503 1247 2542; x_wconf 93' lang='lat' dir='ltr'><strong>nou</strong></span> <span class='ocrx_word' id='word_1_315' title='bbox 1307 2499 1528 2556; x_wconf 90' lang='lat' dir='ltr'><strong>propter</strong></span> <span class='ocrx_word' id='word_1_316' title='bbox 1579 2490 1908 2546; x_wconf 83' lang='lat' dir='ltr'><strong>alacritatem</strong></span> 
     </span>
    </p>
   </div>
   <div class='ocr_carea' id='block_1_41' title="bbox 331 2577 1909 2649">
    <p class='ocr_par' dir='ltr' id='par_1_41' title="bbox 331 2577 1909 2649">
     <span class='ocr_line' id='line_1_41' title="bbox 331 2577 1909 2649; baseline 0.005 -20"><span class='ocrx_word' id='word_1_317' title='bbox 331 2589 528 2629; x_wconf 88' lang='lat' dir='ltr'><strong>eorum</strong></span> <span class='ocrx_word' id='word_1_318' title='bbox 556 2577 645 2645; x_wconf 88' lang='lat' dir='ltr'><strong>qui</strong></span> <span class='ocrx_word' id='word_1_319' title='bbox 682 2577 875 2630; x_wconf 86' lang='lat' dir='ltr'><strong>salvati</strong></span> <span class='ocrx_word' id='word_1_320' title='bbox 920 2586 1064 2642; x_wconf 90' lang='lat' dir='ltr'><strong>sunt,</strong></span> <span class='ocrx_word' id='word_1_321' title='bbox 1127 2579 1221 2632; x_wconf 88' lang='lat' dir='ltr'><strong>sed</strong></span> <span class='ocrx_word' id='word_1_322' title='bbox 1271 2590 1493 2649; x_wconf 80' lang='lat' dir='ltr'><strong>prepter</strong></span> <span class='ocrx_word' id='word_1_323' title='bbox 1539 2581 1909 2639; x_wconf 89' lang='lat' dir='ltr'><strong>inﬁrmitatem</strong></span> 
     </span>
    </p>
   </div>
   <div class='ocr_carea' id='block_1_42' title="bbox 334 2667 1910 2740">
    <p class='ocr_par' dir='ltr' id='par_1_42' title="bbox 334 2667 1910 2740">
     <span class='ocr_line' id='line_1_42' title="bbox 334 2667 1910 2740; baseline 0.007 -22"><span class='ocrx_word' id='word_1_324' title='bbox 334 2667 559 2719; x_wconf 90' lang='lat' dir='ltr'><strong>illorum</strong></span> <span class='ocrx_word' id='word_1_325' title='bbox 595 2667 685 2735; x_wconf 92' lang='lat' dir='ltr'><strong>qui</strong></span> <span class='ocrx_word' id='word_1_326' title='bbox 717 2670 1082 2722; x_wconf 90' lang='lat' dir='ltr'><strong>adoraverunt</strong></span> <span class='ocrx_word' id='word_1_327' title='bbox 1138 2670 1447 2740; x_wconf 86' lang='lat' dir='ltr'><strong>imaginem.</strong></span> <span class='ocrx_word' id='word_1_328' title='bbox 1490 2671 1556 2726; x_wconf 91' lang='lat' dir='ltr'><strong>Ut</strong></span> <span class='ocrx_word' id='word_1_329' title='bbox 1609 2674 1753 2728; x_wconf 90' lang='lat' dir='ltr'><strong>enim</strong></span> <span class='ocrx_word' id='word_1_330' title='bbox 1805 2691 1910 2729; x_wconf 93' lang='lat' dir='ltr'><strong>nou</strong></span> 
     </span>
    </p>
   </div>
   <div class='ocr_carea' id='block_1_43' title="bbox 330 2757 1911 2836">
    <p class='ocr_par' dir='ltr' id='par_1_43' title="bbox 330 2757 1911 2836">
     <span class='ocr_line' id='line_1_43' title="bbox 330 2757 1911 2836; baseline 0.008 -26"><span class='ocrx_word' id='word_1_331' title='bbox 330 2757 580 2811; x_wconf 91' lang='lat' dir='ltr'><strong>dicerent</strong></span> <span class='ocrx_word' id='word_1_332' title='bbox 609 2758 698 2827; x_wconf 89' lang='lat' dir='ltr'><strong>qui</strong></span> <span class='ocrx_word' id='word_1_333' title='bbox 741 2760 1122 2827; x_wconf 89' lang='lat' dir='ltr'><strong>adoraverunt,</strong></span> <span class='ocrx_word' id='word_1_334' title='bbox 1161 2761 1300 2828; x_wconf 84' lang='lat' dir='ltr'><strong>Quid</strong></span> <span class='ocrx_word' id='word_1_335' title='bbox 1333 2762 1531 2832; x_wconf 79' lang='lat' dir='ltr'><strong>profuit</strong></span> <span class='ocrx_word' id='word_1_336' title='bbox 1561 2765 1638 2819; x_wconf 92' lang='lat' dir='ltr'><strong>eis</strong></span> <span class='ocrx_word' id='word_1_337' title='bbox 1663 2767 1752 2836; x_wconf 90' lang='lat' dir='ltr'><strong>qui</strong></span> <span class='ocrx_word' id='word_1_338' title='bbox 1805 2783 1911 2821; x_wconf 90' lang='lat' dir='ltr'><strong>non</strong></span> 
     </span>
    </p>
   </div>
   <div class='ocr_carea' id='block_1_44' title="bbox 328 2851 1911 2927">
    <p class='ocr_par' dir='ltr' id='par_1_44' title="bbox 328 2851 1911 2927">
     <span class='ocr_line' id='line_1_44' title="bbox 328 2851 1911 2927; baseline 0.008 -25"><span class='ocrx_word' id='word_1_339' title='bbox 328 2851 744 2904; x_wconf 80' lang='lat' dir='ltr'><strong>adoraverant?</strong></span> <span class='ocrx_word' id='word_1_340' title='bbox 772 2867 838 2904; x_wconf 92' lang='lat' dir='ltr'><strong>ne</strong></span> <span class='ocrx_word' id='word_1_341' title='bbox 865 2854 931 2904; x_wconf 93' lang='lat' dir='ltr'><strong>ab</strong></span> <span class='ocrx_word' id='word_1_342' title='bbox 964 2854 1111 2906; x_wconf 81' lang='lat' dir='ltr'><strong>exitu</strong></span> <span class='ocrx_word' id='word_1_343' title='bbox 1173 2854 1404 2909; x_wconf 90' lang='lat' dir='ltr'><strong>incendii</strong></span> <span class='ocrx_word' id='word_1_344' title='bbox 1439 2871 1627 2911; x_wconf 90' lang='lat' dir='ltr'><strong>eorum</strong></span> <span class='ocrx_word' id='word_1_345' title='bbox 1682 2861 1769 2927; x_wconf 86' lang='lat' dir='ltr'><strong>qui</strong></span> <span class='ocrx_word' id='word_1_346' title='bbox 1803 2875 1911 2915; x_wconf 87' lang='lat' dir='ltr'><strong>non</strong></span> 
     </span>
    </p>
   </div>
   <div class='ocr_carea' id='block_1_45' title="bbox 330 2940 1914 3020">
    <p class='ocr_par' dir='ltr' id='par_1_45' title="bbox 330 2940 1914 3020">
     <span class='ocr_line' id='line_1_45' title="bbox 330 2940 1914 3020; baseline 0.009 -29"><span class='ocrx_word' id='word_1_347' title='bbox 330 2940 722 3006; x_wconf 87' lang='lat' dir='ltr'><strong>adoraverunt,</strong></span> <span class='ocrx_word' id='word_1_348' title='bbox 763 2941 1192 2996; x_wconf 79' lang='lat' dir='ltr'><strong>satisfactionem</strong></span> <span class='ocrx_word' id='word_1_349' title='bbox 1239 2944 1351 3017; x_wconf 73' lang='grc'>(54)</span> <span class='ocrx_word' id='word_1_350' title='bbox 1381 2946 1480 3000; x_wconf 92' lang='lat' dir='ltr'><strong>sibi</strong></span> <span class='ocrx_word' id='word_1_351' title='bbox 1529 2951 1914 3020; x_wconf 86' lang='lat' dir='ltr'><strong>conquirerent</strong></span> 
     </span>
    </p>
   </div>
   <div class='ocr_carea' id='block_1_46' title="bbox 334 3031 1914 3109">
    <p class='ocr_par' dir='ltr' id='par_1_46' title="bbox 334 3031 1914 3109">
     <span class='ocr_line' id='line_1_46' title="bbox 334 3031 1914 3109; baseline 0.007 -26"><span class='ocrx_word' id='word_1_352' title='bbox 334 3031 642 3099; x_wconf 90' lang='lat' dir='ltr'><strong>irreligiosa</strong></span> <span class='ocrx_word' id='word_1_353' title='bbox 667 3042 905 3103; x_wconf 83' lang='lat' dir='ltr'><strong>agentes,</strong></span> <span class='ocrx_word' id='word_1_354' title='bbox 945 3034 1064 3089; x_wconf 90' lang='lat' dir='ltr'><strong>ideo</strong></span> <span class='ocrx_word' id='word_1_355' title='bbox 1095 3036 1282 3090; x_wconf 91' lang='lat' dir='ltr'><strong>salvati</strong></span> <span class='ocrx_word' id='word_1_356' title='bbox 1322 3049 1444 3092; x_wconf 91' lang='lat' dir='ltr'><strong>sunt</strong></span> <span class='ocrx_word' id='word_1_357' title='bbox 1468 3040 1556 3109; x_wconf 92' lang='lat' dir='ltr'><strong>qui</strong></span> <span class='ocrx_word' id='word_1_358' title='bbox 1589 3056 1692 3095; x_wconf 91' lang='lat' dir='ltr'><strong>non</strong></span> <span class='ocrx_word' id='word_1_359' title='bbox 1718 3041 1914 3096; x_wconf 89' lang='lat' dir='ltr'><strong>adora-</strong></span> 
     </span>
    </p>
   </div>
   <div class='ocr_carea' id='block_1_47' title="bbox 331 3131 1980 3220">
    <p class='ocr_par' dir='ltr' id='par_1_47' title="bbox 331 3131 1980 3220">
     <span class='ocr_line' id='line_1_47' title="bbox 331 3131 1980 3220; baseline 0.007 -46"><span class='ocrx_word' id='word_1_360' title='bbox 331 3134 556 3185; x_wconf 84' lang='lat' dir='ltr'><strong>verunt,</strong></span> <span class='ocrx_word' id='word_1_361' title='bbox 603 3132 662 3178; x_wconf 90' lang='lat' dir='ltr'><strong>ut</strong></span> <span class='ocrx_word' id='word_1_362' title='bbox 699 3141 804 3178; x_wconf 91' lang='lat' dir='ltr'><strong>non</strong></span> <span class='ocrx_word' id='word_1_363' title='bbox 853 3138 1232 3192; x_wconf 76' lang='lat' dir='ltr'><strong>permanerent</strong></span> <span class='ocrx_word' id='word_1_364' title='bbox 1272 3131 1469 3184; x_wconf 90' lang='lat' dir='ltr'><strong>mortui</strong></span> <span class='ocrx_word' id='word_1_365' title='bbox 1503 3132 1594 3201; x_wconf 89' lang='lat' dir='ltr'><strong>qui</strong></span> <span class='ocrx_word' id='word_1_366' title='bbox 1655 3133 1911 3187; x_wconf 83' lang='lat' dir='ltr'><strong>atlorave-</strong></span> <span class='ocrx_word' id='word_1_367' title='bbox 1938 3159 1980 3220; x_wconf 65' lang='grc' dir='ltr'><strong>ρ</strong></span> 
     </span>
    </p>
   </div>
   <div class='ocr_carea' id='block_1_48' title="bbox 331 3213 1913 3294">
    <p class='ocr_par' dir='ltr' id='par_1_48' title="bbox 331 3213 1913 3294">
     <span class='ocr_line' id='line_1_48' title="bbox 331 3213 1913 3294; baseline 0.008 -27"><span class='ocrx_word' id='word_1_368' title='bbox 331 3222 483 3268; x_wconf 84' lang='lat' dir='ltr'><strong>runt.</strong></span> <span class='ocrx_word' id='word_1_369' title='bbox 523 3213 641 3283; x_wconf 91' lang='lat' dir='ltr'><strong>Ipse</strong></span> <span class='ocrx_word' id='word_1_370' title='bbox 673 3216 788 3285; x_wconf 83' lang='lat'><strong>(55)</strong></span> <span class='ocrx_word' id='word_1_371' title='bbox 817 3217 960 3270; x_wconf 91' lang='lat' dir='ltr'><strong>enim</strong></span> <span class='ocrx_word' id='word_1_372' title='bbox 1003 3217 1144 3272; x_wconf 86' lang='lat' dir='ltr'><strong>Deus</strong></span> <span class='ocrx_word' id='word_1_373' title='bbox 1169 3230 1252 3273; x_wconf 90' lang='lat' dir='ltr'><strong>est</strong></span> <span class='ocrx_word' id='word_1_374' title='bbox 1287 3220 1470 3276; x_wconf 87' lang='lat' dir='ltr'><strong>Daniel</strong></span> <span class='ocrx_word' id='word_1_375' title='bbox 1517 3233 1570 3276; x_wconf 94' lang='lat' dir='ltr'><strong>et</strong></span> <span class='ocrx_word' id='word_1_376' title='bbox 1602 3224 1789 3278; x_wconf 90' lang='lat' dir='ltr'><strong>horum</strong></span> <span class='ocrx_word' id='word_1_377' title='bbox 1821 3224 1913 3294; x_wconf 90' lang='lat' dir='ltr'><strong>qui</strong></span> 
     </span>
    </p>
   </div>
   <div class='ocr_carea' id='block_1_49' title="bbox 334 3306 1916 3385">
    <p class='ocr_par' dir='ltr' id='par_1_49' title="bbox 334 3306 1916 3385">
     <span class='ocr_line' id='line_1_49' title="bbox 334 3306 1916 3385; baseline 0.008 -27"><span class='ocrx_word' id='word_1_378' title='bbox 334 3306 388 3359; x_wconf 92' lang='lat' dir='ltr'><strong>in</strong></span> <span class='ocrx_word' id='word_1_379' title='bbox 447 3308 726 3377; x_wconf 83' lang='lat' dir='ltr'><strong>martyriis</strong></span> <span class='ocrx_word' id='word_1_380' title='bbox 779 3319 1173 3362; x_wconf 85' lang='lat' dir='ltr'><strong>consumuntur</strong></span> <span class='ocrx_word' id='word_1_381' title='bbox 1216 3327 1244 3364; x_wconf 90' lang='lat' dir='ltr'><strong>a</strong></span> <span class='ocrx_word' id='word_1_382' title='bbox 1303 3312 1451 3367; x_wconf 89' lang='lat' dir='ltr'><strong>feris.</strong></span> <span class='ocrx_word' id='word_1_383' title='bbox 1495 3314 1600 3369; x_wconf 92' lang='lat' dir='ltr'><strong>Sed</strong></span> <span class='ocrx_word' id='word_1_384' title='bbox 1642 3332 1745 3370; x_wconf 86' lang='lat' dir='ltr'><strong>non</strong></span> <span class='ocrx_word' id='word_1_385' title='bbox 1801 3318 1916 3385; x_wconf 88' lang='lat' dir='ltr'><strong>ipse</strong></span> 
     </span>
    </p>
   </div>
   <div class='ocr_carea' id='block_1_50' title="bbox 331 3397 1915 3472">
    <p class='ocr_par' dir='ltr' id='par_1_50' title="bbox 331 3397 1915 3472">
     <span class='ocr_line' id='line_1_50' title="bbox 331 3397 1915 3472; baseline 0.004 -22"><span class='ocrx_word' id='word_1_386' title='bbox 331 3397 566 3465; x_wconf 89' lang='lat' dir='ltr'><strong>populus</strong></span> <span class='ocrx_word' id='word_1_387' title='bbox 601 3411 618 3449; x_wconf 86' lang='lat'><strong>:</strong></span> <span class='ocrx_word' id='word_1_388' title='bbox 647 3398 715 3451; x_wconf 91' lang='lat' dir='ltr'><strong>ab</strong></span> <span class='ocrx_word' id='word_1_389' title='bbox 739 3398 1034 3452; x_wconf 90' lang='lat' dir='ltr'><strong>incredibili</strong></span> <span class='ocrx_word' id='word_1_390' title='bbox 1077 3399 1189 3470; x_wconf 87' lang='lat'><strong>(56)</strong></span> <span class='ocrx_word' id='word_1_391' title='bbox 1217 3403 1360 3454; x_wconf 90' lang='lat' dir='ltr'><strong>enim</strong></span> <span class='ocrx_word' id='word_1_392' title='bbox 1405 3403 1600 3472; x_wconf 91' lang='lat' dir='ltr'><strong>populo</strong></span> <span class='ocrx_word' id='word_1_393' title='bbox 1631 3404 1915 3458; x_wconf 89' lang='lat' dir='ltr'><strong>salvabau-</strong></span> 
     </span>
    </p>
   </div>
   <div class='ocr_carea' id='block_1_51' title="bbox 331 3488 1917 3567">
    <p class='ocr_par' dir='ltr' id='par_1_51' title="bbox 331 3488 1917 3567">
     <span class='ocr_line' id='line_1_51' title="bbox 331 3488 1917 3567; baseline 0.006 -24"><span class='ocrx_word' id='word_1_394' title='bbox 331 3498 424 3543; x_wconf 91' lang='lat' dir='ltr'><strong>tur</strong></span> <span class='ocrx_word' id='word_1_395' title='bbox 455 3490 546 3557; x_wconf 91' lang='lat' dir='ltr'><strong>qui</strong></span> <span class='ocrx_word' id='word_1_396' title='bbox 577 3488 734 3544; x_wconf 80' lang='lat' dir='ltr'><strong>ﬁdem</strong></span> <span class='ocrx_word' id='word_1_397' title='bbox 763 3490 1185 3558; x_wconf 90' lang='lat' dir='ltr'><strong>conﬁtebantur,</strong></span> <span class='ocrx_word' id='word_1_398' title='bbox 1223 3503 1411 3549; x_wconf 90' lang='lat' dir='ltr'><strong>utnon</strong></span> <span class='ocrx_word' id='word_1_399' title='bbox 1437 3495 1782 3552; x_wconf 88' lang='lat' dir='ltr'><strong>incredulitas</strong></span> <span class='ocrx_word' id='word_1_400' title='bbox 1820 3514 1917 3567; x_wconf 89' lang='lat' dir='ltr'><strong>po-</strong></span> 
     </span>
    </p>
   </div>
   <div class='ocr_carea' id='block_1_52' title="bbox 329 3581 1915 3653">
    <p class='ocr_par' dir='ltr' id='par_1_52' title="bbox 329 3581 1915 3653">
     <span class='ocr_line' id='line_1_52' title="bbox 329 3581 1915 3653; baseline 0.007 -20"><span class='ocrx_word' id='word_1_401' title='bbox 329 3581 445 3650; x_wconf 91' lang='lat' dir='ltr'><strong>puli</strong></span> <span class='ocrx_word' id='word_1_402' title='bbox 474 3591 795 3650; x_wconf 88' lang='lat' dir='ltr'><strong>angeretur:</strong></span> <span class='ocrx_word' id='word_1_403' title='bbox 833 3597 861 3633; x_wconf 92' lang='lat' dir='ltr'><strong>a</strong></span> <span class='ocrx_word' id='word_1_404' title='bbox 889 3581 1025 3635; x_wconf 90' lang='lat' dir='ltr'><strong>ﬁdeli</strong></span> <span class='ocrx_word' id='word_1_405' title='bbox 1049 3593 1228 3638; x_wconf 90' lang='lat' dir='ltr'><strong>autem</strong></span> <span class='ocrx_word' id='word_1_406' title='bbox 1259 3584 1432 3653; x_wconf 82' lang='lat' dir='ltr'><strong>plebe,</strong></span> <span class='ocrx_word' id='word_1_407' title='bbox 1458 3595 1516 3640; x_wconf 88' lang='lat' dir='ltr'><strong>ut</strong></span> <span class='ocrx_word' id='word_1_408' title='bbox 1538 3598 1747 3641; x_wconf 92' lang='lat' dir='ltr'><strong>crescat</strong></span> <span class='ocrx_word' id='word_1_409' title='bbox 1783 3589 1915 3644; x_wconf 86' lang='lat' dir='ltr'><strong>ﬁdes</strong></span> 
     </span>
    </p>
   </div>
   <div class='ocr_carea' id='block_1_53' title="bbox 334 3673 1903 3750">
    <p class='ocr_par' dir='ltr' id='par_1_53' title="bbox 334 3673 1903 3750">
     <span class='ocr_line' id='line_1_53' title="bbox 334 3673 1903 3750; baseline 0.008 -25"><span class='ocrx_word' id='word_1_410' title='bbox 334 3676 389 3727; x_wconf 89' lang='lat' dir='ltr'><strong>in</strong></span> <span class='ocrx_word' id='word_1_411' title='bbox 434 3673 699 3742; x_wconf 88' lang='lat' dir='ltr'><strong>sanguine</strong></span> <span class='ocrx_word' id='word_1_412' title='bbox 732 3683 1067 3741; x_wconf 88' lang='lat' dir='ltr'><strong>sanctorum,</strong></span> <span class='ocrx_word' id='word_1_413' title='bbox 1100 3676 1303 3732; x_wconf 89' lang='lat' dir='ltr'><strong>veritas</strong></span> <span class='ocrx_word' id='word_1_414' title='bbox 1333 3678 1580 3732; x_wconf 89' lang='lat' dir='ltr'><strong>ﬁrmatur</strong></span> <span class='ocrx_word' id='word_1_415' title='bbox 1605 3679 1903 3750; x_wconf 86' lang='lat' dir='ltr'><strong>Evangelii.</strong></span> 
     </span>
    </p>
   </div>
   <div class='ocr_carea' id='block_1_54' title="bbox 331 3764 1917 3835">
    <p class='ocr_par' dir='ltr' id='par_1_54' title="bbox 331 3764 1917 3835">
     <span class='ocr_line' id='line_1_54' title="bbox 331 3764 1917 3835; baseline 0.007 -18"><span class='ocrx_word' id='word_1_416' title='bbox 331 3764 610 3818; x_wconf 85' lang='lat' dir='ltr'><strong>Habemus</strong></span> <span class='ocrx_word' id='word_1_417' title='bbox 640 3773 820 3819; x_wconf 89' lang='lat' dir='ltr'><strong>autem</strong></span> <span class='ocrx_word' id='word_1_418' title='bbox 853 3774 906 3819; x_wconf 91' lang='lat' dir='ltr'><strong>et</strong></span> <span class='ocrx_word' id='word_1_419' title='bbox 936 3779 1053 3832; x_wconf 92' lang='lat' dir='ltr'><strong>nos,</strong></span> <span class='ocrx_word' id='word_1_420' title='bbox 1078 3767 1203 3835; x_wconf 88' lang='lat' dir='ltr'><strong>quia</strong></span> <span class='ocrx_word' id='word_1_421' title='bbox 1242 3777 1295 3823; x_wconf 89' lang='lat' dir='ltr'><strong>et</strong></span> <span class='ocrx_word' id='word_1_422' title='bbox 1322 3770 1584 3824; x_wconf 85' lang='lat' dir='ltr'><strong>mirabilia</strong></span> <span class='ocrx_word' id='word_1_423' title='bbox 1621 3772 1760 3826; x_wconf 85' lang='lat' dir='ltr'><strong>facta</strong></span> <span class='ocrx_word' id='word_1_424' title='bbox 1791 3784 1917 3828; x_wconf 77' lang='lat' dir='ltr'><strong>sunt</strong></span> 
     </span>
    </p>
   </div>
   <div class='ocr_carea' id='block_1_55' title="bbox 332 3853 1914 3922">
    <p class='ocr_par' dir='ltr' id='par_1_55' title="bbox 332 3853 1914 3922">
     <span class='ocr_line' id='line_1_55' title="bbox 332 3853 1914 3922; baseline 0.008 -16"><span class='ocrx_word' id='word_1_425' title='bbox 332 3855 386 3906; x_wconf 92' lang='lat' dir='ltr'><strong>iu</strong></span> <span class='ocrx_word' id='word_1_426' title='bbox 418 3853 804 3922; x_wconf 88' lang='lat' dir='ltr'><strong>languentibus</strong></span> <span class='ocrx_word' id='word_1_427' title='bbox 848 3854 1004 3909; x_wconf 92' lang='lat' dir='ltr'><strong>locis.</strong></span> <span class='ocrx_word' id='word_1_428' title='bbox 1049 3856 1275 3922; x_wconf 87' lang='lat' dir='ltr'><strong>Quidam</strong></span> <span class='ocrx_word' id='word_1_429' title='bbox 1307 3861 1450 3914; x_wconf 89' lang='lat' dir='ltr'><strong>enim</strong></span> <span class='ocrx_word' id='word_1_430' title='bbox 1487 3877 1516 3914; x_wconf 90' lang='lat' dir='ltr'><strong>a</strong></span> <span class='ocrx_word' id='word_1_431' title='bbox 1557 3862 1684 3916; x_wconf 90' lang='lat' dir='ltr'><strong>feris</strong></span> <span class='ocrx_word' id='word_1_432' title='bbox 1719 3864 1914 3920; x_wconf 87' lang='lat' dir='ltr'><strong>salvati</strong></span> 
     </span>
    </p>
   </div>
   <div class='ocr_carea' id='block_1_56' title="bbox 328 3945 1917 4019">
    <p class='ocr_par' dir='ltr' id='par_1_56' title="bbox 328 3945 1917 4019">
     <span class='ocr_line' id='line_1_56' title="bbox 328 3945 1917 4019; baseline 0.006 -21"><span class='ocrx_word' id='word_1_433' title='bbox 328 3952 486 4008; x_wconf 87' lang='lat' dir='ltr'><strong>sunt,</strong></span> <span class='ocrx_word' id='word_1_434' title='bbox 514 3945 638 4013; x_wconf 91' lang='lat' dir='ltr'><strong>quia</strong></span> <span class='ocrx_word' id='word_1_435' title='bbox 665 3945 987 4014; x_wconf 84' lang='lat' dir='ltr'><strong>languebant</strong></span> <span class='ocrx_word' id='word_1_436' title='bbox 1009 3945 1122 4000; x_wconf 87' lang='lat' dir='ltr'><strong>loca</strong></span> <span class='ocrx_word' id='word_1_437' title='bbox 1159 3947 1210 4000; x_wconf 92' lang='lat' dir='ltr'><strong>in</strong></span> <span class='ocrx_word' id='word_1_438' title='bbox 1239 3948 1435 4016; x_wconf 88' lang='lat' dir='ltr'><strong>quibus</strong></span> <span class='ocrx_word' id='word_1_439' title='bbox 1466 3958 1520 4004; x_wconf 89' lang='lat' dir='ltr'><strong>et</strong></span> <span class='ocrx_word' id='word_1_440' title='bbox 1545 3954 1723 4019; x_wconf 87' lang='lat' dir='ltr'><strong>passio</strong></span> <span class='ocrx_word' id='word_1_441' title='bbox 1772 3970 1917 4008; x_wconf 88' lang='lat' dir='ltr'><strong>mar-</strong></span> 
     </span>
    </p>
   </div>
   <div class='ocr_carea' id='block_1_57' title="bbox 331 4036 1914 4112">
    <p class='ocr_par' dir='ltr' id='par_1_57' title="bbox 331 4036 1914 4112">
     <span class='ocr_line' id='line_1_57' title="bbox 331 4036 1914 4112; baseline 0.008 -26"><span class='ocrx_word' id='word_1_442' title='bbox 331 4043 517 4105; x_wconf 85' lang='lat' dir='ltr'><strong>tyrum</strong></span> <span class='ocrx_word' id='word_1_443' title='bbox 543 4036 850 4105; x_wconf 87' lang='lat' dir='ltr'><strong>agitabatur</strong></span> <span class='ocrx_word' id='word_1_444' title='bbox 881 4053 894 4089; x_wconf 89' lang='lat'><strong>:</strong></span> <span class='ocrx_word' id='word_1_445' title='bbox 929 4036 1018 4090; x_wconf 89' lang='lat' dir='ltr'><strong>alii</strong></span> <span class='ocrx_word' id='word_1_446' title='bbox 1047 4039 1114 4090; x_wconf 92' lang='lat' dir='ltr'><strong>ab</strong></span> <span class='ocrx_word' id='word_1_447' title='bbox 1144 4038 1265 4109; x_wconf 90' lang='lat' dir='ltr'><strong>igne</strong></span> <span class='ocrx_word' id='word_1_448' title='bbox 1295 4041 1505 4095; x_wconf 82' lang='lat' dir='ltr'><strong>liberati</strong></span> <span class='ocrx_word' id='word_1_449' title='bbox 1529 4053 1675 4096; x_wconf 87' lang='lat' dir='ltr'><strong>sunt.</strong></span> <span class='ocrx_word' id='word_1_450' title='bbox 1713 4043 1768 4098; x_wconf 89' lang='lat' dir='ltr'><strong>Si</strong></span> <span class='ocrx_word' id='word_1_451' title='bbox 1793 4046 1914 4112; x_wconf 87' lang='lat' dir='ltr'><strong>quis</strong></span> 
     </span>
    </p>
   </div>
   <div class='ocr_carea' id='block_1_58' title="bbox 332 4128 1913 4206">
    <p class='ocr_par' dir='ltr' id='par_1_58' title="bbox 332 4128 1913 4206">
     <span class='ocr_line' id='line_1_58' title="bbox 332 4128 1913 4206; baseline 0.006 -27"><span class='ocrx_word' id='word_1_452' title='bbox 332 4137 520 4180; x_wconf 90' lang='lat' dir='ltr'><strong>autem</strong></span> <span class='ocrx_word' id='word_1_453' title='bbox 553 4144 658 4180; x_wconf 90' lang='lat' dir='ltr'><strong>non</strong></span> <span class='ocrx_word' id='word_1_454' title='bbox 695 4128 886 4190; x_wconf 90' lang='lat' dir='ltr'><strong>credit,</strong></span> <span class='ocrx_word' id='word_1_455' title='bbox 930 4138 984 4183; x_wconf 91' lang='lat' dir='ltr'><strong>et</strong></span> <span class='ocrx_word' id='word_1_456' title='bbox 1007 4131 1272 4184; x_wconf 89' lang='lat' dir='ltr'><strong>rationem</strong></span> <span class='ocrx_word' id='word_1_457' title='bbox 1297 4135 1575 4202; x_wconf 75' lang='lat' dir='ltr'><strong>exposcit;</strong></span> <span class='ocrx_word' id='word_1_458' title='bbox 1610 4136 1742 4190; x_wconf 86' lang='lat' dir='ltr'><strong>nihil</strong></span> <span class='ocrx_word' id='word_1_459' title='bbox 1785 4151 1913 4206; x_wconf 90' lang='lat' dir='ltr'><strong>pro-</strong></span> 
     </span>
    </p>
   </div>
   <div class='ocr_carea' id='block_1_59' title="bbox 332 4215 1914 4296">
    <p class='ocr_par' dir='ltr' id='par_1_59' title="bbox 332 4215 1914 4296">
     <span class='ocr_line' id='line_1_59' title="bbox 332 4215 1914 4296; baseline 0.008 -28"><span class='ocrx_word' id='word_1_460' title='bbox 332 4215 488 4270; x_wconf 71' lang='lat' dir='ltr'><strong>hibet</strong></span> <span class='ocrx_word' id='word_1_461' title='bbox 518 4217 749 4286; x_wconf 89' lang='lat' dir='ltr'><strong>religiosi</strong></span> <span class='ocrx_word' id='word_1_462' title='bbox 777 4221 931 4275; x_wconf 90' lang='lat' dir='ltr'><strong>unius</strong></span> <span class='ocrx_word' id='word_1_463' title='bbox 963 4222 1277 4276; x_wconf 91' lang='lat' dir='ltr'><strong>memoriam</strong></span> <span class='ocrx_word' id='word_1_464' title='bbox 1304 4239 1399 4279; x_wconf 92' lang='lat' dir='ltr'><strong>nos</strong></span> <span class='ocrx_word' id='word_1_465' title='bbox 1433 4235 1693 4294; x_wconf 90' lang='lat' dir='ltr'><strong>repetere,</strong></span> <span class='ocrx_word' id='word_1_466' title='bbox 1720 4237 1772 4281; x_wconf 92' lang='lat' dir='ltr'><strong>et</strong></span> <span class='ocrx_word' id='word_1_467' title='bbox 1789 4243 1914 4296; x_wconf 91' lang='lat' dir='ltr'><strong>pro-</strong></span> 
     </span>
    </p>
   </div>
   <div class='ocr_carea' id='block_1_60' title="bbox 329 4309 1912 4374">
    <p class='ocr_par' dir='ltr' id='par_1_60' title="bbox 329 4309 1912 4374">
     <span class='ocr_line' id='line_1_60' title="bbox 329 4309 1912 4374; baseline 0.008 -12"><span class='ocrx_word' id='word_1_468' title='bbox 329 4309 482 4363; x_wconf 90' lang='lat' dir='ltr'><strong>ferre</strong></span> <span class='ocrx_word' id='word_1_469' title='bbox 521 4310 570 4363; x_wconf 88' lang='lat' dir='ltr'><strong>in</strong></span> <span class='ocrx_word' id='word_1_470' title='bbox 601 4311 858 4364; x_wconf 85' lang='lat' dir='ltr'><strong>medium.</strong></span> <span class='ocrx_word' id='word_1_471' title='bbox 901 4311 956 4367; x_wconf 90' lang='lat' dir='ltr'><strong>lu</strong></span> <span class='ocrx_word' id='word_1_472' title='bbox 1000 4313 1462 4370; x_wconf 83' lang='lat' dir='ltr'><strong>Autiocheuorum</strong></span> <span class='ocrx_word' id='word_1_473' title='bbox 1508 4316 1599 4372; x_wconf 90' lang='lat' dir='ltr'><strong>illa</strong></span> <span class='ocrx_word' id='word_1_474' title='bbox 1633 4319 1768 4374; x_wconf 90' lang='lat' dir='ltr'><strong>urbe</strong></span> <span class='ocrx_word' id='word_1_475' title='bbox 1801 4319 1912 4374; x_wconf 82' lang='lat' dir='ltr'><strong>Ro-</strong></span> 
     </span>
    </p>
   </div>
   <div class='ocr_carea' id='block_1_61' title="bbox 331 4400 1915 4476">
    <p class='ocr_par' dir='ltr' id='par_1_61' title="bbox 331 4400 1915 4476">
     <span class='ocr_line' id='line_1_61' title="bbox 331 4400 1915 4476; baseline 0.007 -25"><span class='ocrx_word' id='word_1_476' title='bbox 331 4415 534 4454; x_wconf 90' lang='lat' dir='ltr'><strong>manus</strong></span> <span class='ocrx_word' id='word_1_477' title='bbox 556 4400 772 4468; x_wconf 90' lang='lat' dir='ltr'><strong>quidam</strong></span> <span class='ocrx_word' id='word_1_478' title='bbox 797 4403 1004 4456; x_wconf 85' lang='lat' dir='ltr'><strong>exstitit</strong></span> <span class='ocrx_word' id='word_1_479' title='bbox 1029 4414 1252 4474; x_wconf 82' lang='lat' dir='ltr'><strong>martyr.</strong></span> <span class='ocrx_word' id='word_1_480' title='bbox 1277 4404 1382 4460; x_wconf 89' lang='lat' dir='ltr'><strong>Iste</strong></span> <span class='ocrx_word' id='word_1_481' title='bbox 1409 4407 1723 4476; x_wconf 79' lang='lat' dir='ltr'><strong>peregrinus</strong></span> <span class='ocrx_word' id='word_1_482' title='bbox 1751 4409 1915 4463; x_wconf 85' lang='lat' dir='ltr'><strong>adve-</strong></span> 
     </span>
    </p>
   </div>
   <div class='ocr_carea' id='block_1_62' title="bbox 2011 1929 3584 2003">
    <p class='ocr_par' dir='ltr' id='par_1_62' title="bbox 2011 1929 3584 2003">
     <span class='ocr_line' id='line_1_62' title="bbox 2011 1929 3584 2003; baseline 0.007 -20"><span class='ocrx_word' id='word_1_483' title='bbox 2011 1929 2197 1987; x_wconf 87' lang='lat' dir='ltr'><strong>futsset</strong></span> <span class='ocrx_word' id='word_1_484' title='bbox 2215 1934 2486 1996; x_wconf 85' lang='lat' dir='ltr'><strong>derelicta,</strong></span> <span class='ocrx_word' id='word_1_485' title='bbox 2501 1936 2724 2003; x_wconf 91' lang='lat' dir='ltr'><strong>cupiens</strong></span> <span class='ocrx_word' id='word_1_486' title='bbox 2741 1938 3097 1992; x_wconf 83' lang='lat' dir='ltr'><strong>constantiam</strong></span> <span class='ocrx_word' id='word_1_487' title='bbox 3116 1952 3272 1992; x_wconf 84' lang='lat' dir='ltr'><strong>suam</strong></span> <span class='ocrx_word' id='word_1_488' title='bbox 3302 1941 3584 1994; x_wconf 89' lang='lat' dir='ltr'><strong>ostendere</strong></span> 
     </span>
    </p>
   </div>
   <div class='ocr_carea' id='block_1_63' title="bbox 2011 2023 3583 2103">
    <p class='ocr_par' dir='ltr' id='par_1_63' title="bbox 2011 2023 3583 2103">
     <span class='ocr_line' id='line_1_63' title="bbox 2011 2023 3583 2103; baseline 0.005 -27"><span class='ocrx_word' id='word_1_489' title='bbox 2011 2023 2217 2077; x_wconf 89' lang='lat' dir='ltr'><strong>Domini</strong></span> <span class='ocrx_word' id='word_1_490' title='bbox 2233 2025 2404 2090; x_wconf 88' lang='lat' dir='ltr'><strong>miles,</strong></span> <span class='ocrx_word' id='word_1_491' title='bbox 2425 2025 2619 2080; x_wconf 91' lang='lat' dir='ltr'><strong>emittit</strong></span> <span class='ocrx_word' id='word_1_492' title='bbox 2638 2041 2819 2082; x_wconf 91' lang='lat' dir='ltr'><strong>vocem</strong></span> <span class='ocrx_word' id='word_1_493' title='bbox 2834 2029 3016 2082; x_wconf 90' lang='lat' dir='ltr'><strong>dicens</strong></span> <span class='ocrx_word' id='word_1_494' title='bbox 3034 2045 3048 2082; x_wconf 89' lang='lat'><strong>:</strong></span> <span class='ocrx_word' id='word_1_495' title='bbox 3069 2029 3317 2098; x_wconf 86' lang='lat' dir='ltr'><strong>Curjam,</strong></span> <span class='ocrx_word' id='word_1_496' title='bbox 3340 2041 3583 2103; x_wconf 85' lang='lat' dir='ltr'><strong>tyranne,</strong></span> 
     </span>
    </p>
   </div>
   <div class='ocr_carea' id='block_1_64' title="bbox 2010 2117 3581 2192">
    <p class='ocr_par' dir='ltr' id='par_1_64' title="bbox 2010 2117 3581 2192">
     <span class='ocr_line' id='line_1_64' title="bbox 2010 2117 3581 2192; baseline 0.004 -23"><span class='ocrx_word' id='word_1_497' title='bbox 2010 2131 2115 2170; x_wconf 91' lang='lat' dir='ltr'><strong>non</strong></span> <span class='ocrx_word' id='word_1_498' title='bbox 2139 2117 2356 2172; x_wconf 82' lang='lat' dir='ltr'><strong>cessas?</strong></span> <span class='ocrx_word' id='word_1_499' title='bbox 2377 2117 2661 2173; x_wconf 88' lang='lat' dir='ltr'><strong>confessus</strong></span> <span class='ocrx_word' id='word_1_500' title='bbox 2689 2133 2806 2172; x_wconf 91' lang='lat' dir='ltr'><strong>sum</strong></span> <span class='ocrx_word' id='word_1_501' title='bbox 2836 2134 2931 2188; x_wconf 91' lang='lat' dir='ltr'><strong>per</strong></span> <span class='ocrx_word' id='word_1_502' title='bbox 2953 2134 3014 2174; x_wconf 86' lang='lat' dir='ltr'><strong>os</strong></span> <span class='ocrx_word' id='word_1_503' title='bbox 3047 2135 3230 2174; x_wconf 91' lang='lat' dir='ltr'><strong>verum</strong></span> <span class='ocrx_word' id='word_1_504' title='bbox 3253 2136 3372 2176; x_wconf 88' lang='lat' dir='ltr'><strong>esse</strong></span> <span class='ocrx_word' id='word_1_505' title='bbox 3403 2137 3581 2192; x_wconf 81' lang='lat' dir='ltr'><strong>regem</strong></span> 
     </span>
    </p>
   </div>
   <div class='ocr_carea' id='block_1_65' title="bbox 2008 2206 3583 2283">
    <p class='ocr_par' dir='ltr' id='par_1_65' title="bbox 2008 2206 3583 2283">
     <span class='ocr_line' id='line_1_65' title="bbox 2008 2206 3583 2283; baseline 0.003 -21"><span class='ocrx_word' id='word_1_506' title='bbox 2008 2206 2308 2262; x_wconf 88' lang='lat' dir='ltr'><strong>Christum.</strong></span> <span class='ocrx_word' id='word_1_507' title='bbox 2341 2207 2515 2263; x_wconf 79' lang='lat' dir='ltr'><strong>Judex</strong></span> <span class='ocrx_word' id='word_1_508' title='bbox 2542 2220 2722 2264; x_wconf 89' lang='lat' dir='ltr'><strong>autem</strong></span> <span class='ocrx_word' id='word_1_509' title='bbox 2750 2210 3002 2279; x_wconf 91' lang='lat' dir='ltr'><strong>injuriam</strong></span> <span class='ocrx_word' id='word_1_510' title='bbox 3037 2212 3089 2264; x_wconf 88' lang='lat' dir='ltr'><strong>in</strong></span> <span class='ocrx_word' id='word_1_511' title='bbox 3127 2214 3467 2283; x_wconf 89' lang='lat' dir='ltr'><strong>tyrannidem</strong></span> <span class='ocrx_word' id='word_1_512' title='bbox 3502 2215 3583 2267; x_wconf 61' lang='lat' dir='ltr'><strong>dio</strong></span> 
     </span>
    </p>
   </div>
   <div class='ocr_carea' id='block_1_66' title="bbox 2009 2300 3582 2372">
    <p class='ocr_par' dir='ltr' id='par_1_66' title="bbox 2009 2300 3582 2372">
     <span class='ocr_line' id='line_1_66' title="bbox 2009 2300 3582 2372; baseline 0.002 -17"><span class='ocrx_word' id='word_1_513' title='bbox 2009 2310 2150 2366; x_wconf 84' lang='lat' dir='ltr'><strong>ctam</strong></span> <span class='ocrx_word' id='word_1_514' title='bbox 2188 2316 2293 2356; x_wconf 92' lang='lat' dir='ltr'><strong>non</strong></span> <span class='ocrx_word' id='word_1_515' title='bbox 2341 2300 2630 2369; x_wconf 82' lang='lat' dir='ltr'><strong>sufferens,</strong></span> <span class='ocrx_word' id='word_1_516' title='bbox 2687 2303 2920 2358; x_wconf 87' lang='lat' dir='ltr'><strong>convicit</strong></span> <span class='ocrx_word' id='word_1_517' title='bbox 2951 2305 3167 2372; x_wconf 88' lang='lat' dir='ltr'><strong>quidem</strong></span> <span class='ocrx_word' id='word_1_518' title='bbox 3215 2320 3293 2370; x_wconf 92' lang='lat' dir='ltr'><strong>se,</strong></span> <span class='ocrx_word' id='word_1_519' title='bbox 3332 2315 3385 2360; x_wconf 93' lang='lat' dir='ltr'><strong>et</strong></span> <span class='ocrx_word' id='word_1_520' title='bbox 3434 2322 3582 2360; x_wconf 50' lang='lat' dir='ltr'><strong>com-</strong></span> 
     </span>
    </p>
   </div>
   <div class='ocr_carea' id='block_1_67' title="bbox 2011 2393 3583 2467">
    <p class='ocr_par' dir='ltr' id='par_1_67' title="bbox 2011 2393 3583 2467">
     <span class='ocr_line' id='line_1_67' title="bbox 2011 2393 3583 2467; baseline 0.001 -18"><span class='ocrx_word' id='word_1_521' title='bbox 2011 2394 2282 2449; x_wconf 86' lang='lat' dir='ltr'><strong>mendavit</strong></span> <span class='ocrx_word' id='word_1_522' title='bbox 2314 2405 2605 2464; x_wconf 85' lang='lat' dir='ltr'><strong>martyrem</strong></span> <span class='ocrx_word' id='word_1_523' title='bbox 2636 2393 2835 2448; x_wconf 89' lang='lat' dir='ltr'><strong>Christi</strong></span> <span class='ocrx_word' id='word_1_524' title='bbox 2869 2411 2881 2448; x_wconf 92' lang='lat'>:</span> <span class='ocrx_word' id='word_1_525' title='bbox 2915 2399 3038 2466; x_wconf 85' lang='lat' dir='ltr'><strong>quia</strong></span> <span class='ocrx_word' id='word_1_526' title='bbox 3068 2397 3188 2450; x_wconf 89' lang='lat' dir='ltr'><strong>ideo</strong></span> <span class='ocrx_word' id='word_1_527' title='bbox 3217 2398 3328 2452; x_wconf 59' lang='lat' dir='ltr'><strong>haec</strong></span> <span class='ocrx_word' id='word_1_528' title='bbox 3355 2414 3450 2467; x_wconf 90' lang='lat' dir='ltr'><strong>pro</strong></span> <span class='ocrx_word' id='word_1_529' title='bbox 3490 2414 3583 2451; x_wconf 86' lang='lat' dir='ltr'><strong>vc-</strong></span> 
     </span>
    </p>
   </div>
   <div class='ocr_carea' id='block_1_68' title="bbox 2011 2486 3576 2559">
    <p class='ocr_par' dir='ltr' id='par_1_68' title="bbox 2011 2486 3576 2559">
     <span class='ocr_line' id='line_1_68' title="bbox 2011 2486 3576 2559; baseline 0.004 -20"><span class='ocrx_word' id='word_1_530' title='bbox 2011 2501 2072 2540; x_wconf 91' lang='lat' dir='ltr'><strong>ro</strong></span> <span class='ocrx_word' id='word_1_531' title='bbox 2108 2500 2234 2553; x_wconf 87' lang='lat' dir='ltr'><strong>rege</strong></span> <span class='ocrx_word' id='word_1_532' title='bbox 2264 2486 2483 2554; x_wconf 91' lang='lat' dir='ltr'><strong>patitur,</strong></span> <span class='ocrx_word' id='word_1_533' title='bbox 2511 2488 2598 2555; x_wconf 91' lang='lat' dir='ltr'><strong>qui</strong></span> <span class='ocrx_word' id='word_1_534' title='bbox 2645 2488 2715 2541; x_wconf 91' lang='lat' dir='ltr'><strong>ita</strong></span> <span class='ocrx_word' id='word_1_535' title='bbox 2749 2487 2814 2542; x_wconf 90' lang='lat' dir='ltr'><strong>de</strong></span> <span class='ocrx_word' id='word_1_536' title='bbox 2849 2490 3058 2542; x_wconf 88' lang='lat' dir='ltr'><strong>mortali</strong></span> <span class='ocrx_word' id='word_1_537' title='bbox 3091 2505 3254 2544; x_wconf 90' lang='lat' dir='ltr'><strong>ausus</strong></span> <span class='ocrx_word' id='word_1_538' title='bbox 3292 2502 3372 2544; x_wconf 91' lang='lat' dir='ltr'><strong>est</strong></span> <span class='ocrx_word' id='word_1_539' title='bbox 3409 2491 3576 2559; x_wconf 88' lang='lat' dir='ltr'><strong>l0qui.</strong></span> 
     </span>
    </p>
   </div>
   <div class='ocr_carea' id='block_1_69' title="bbox 2010 2575 3582 2646">
    <p class='ocr_par' dir='ltr' id='par_1_69' title="bbox 2010 2575 3582 2646">
     <span class='ocr_line' id='line_1_69' title="bbox 2010 2575 3582 2646; baseline 0.005 -18"><span class='ocrx_word' id='word_1_540' title='bbox 2010 2575 2303 2643; x_wconf 82' lang='lat' dir='ltr'><strong>Propterea</strong></span> <span class='ocrx_word' id='word_1_541' title='bbox 2337 2576 2490 2644; x_wconf 91' lang='lat' dir='ltr'><strong>jubet</strong></span> <span class='ocrx_word' id='word_1_542' title='bbox 2539 2591 2660 2632; x_wconf 90' lang='lat' dir='ltr'><strong>eum</strong></span> <span class='ocrx_word' id='word_1_543' title='bbox 2707 2579 2812 2646; x_wconf 91' lang='lat' dir='ltr'><strong>igni</strong></span> <span class='ocrx_word' id='word_1_544' title='bbox 2851 2580 3027 2644; x_wconf 89' lang='lat' dir='ltr'><strong>tradi,</strong></span> <span class='ocrx_word' id='word_1_545' title='bbox 3065 2595 3318 2635; x_wconf 80' lang='lat' dir='ltr'><strong>coronam</strong></span> <span class='ocrx_word' id='word_1_546' title='bbox 3367 2585 3582 2637; x_wconf 89' lang='lat' dir='ltr'><strong>coronis</strong></span> 
     </span>
    </p>
   </div>
   <div class='ocr_carea' id='block_1_70' title="bbox 2011 2667 3580 2743">
    <p class='ocr_par' dir='ltr' id='par_1_70' title="bbox 2011 2667 3580 2743">
     <span class='ocr_line' id='line_1_70' title="bbox 2011 2667 3580 2743; baseline 0.004 -21"><span class='ocrx_word' id='word_1_547' title='bbox 2011 2667 2361 2736; x_wconf 76' lang='lat' dir='ltr'><strong>coniungens.</strong></span> <span class='ocrx_word' id='word_1_548' title='bbox 2408 2669 2474 2723; x_wconf 86' lang='lat' dir='ltr'><strong>Et</strong></span> <span class='ocrx_word' id='word_1_549' title='bbox 2524 2671 2642 2724; x_wconf 92' lang='lat' dir='ltr'><strong>ideo</strong></span> <span class='ocrx_word' id='word_1_550' title='bbox 2691 2671 2799 2726; x_wconf 91' lang='lat' dir='ltr'><strong>cito</strong></span> <span class='ocrx_word' id='word_1_551' title='bbox 2848 2670 3180 2726; x_wconf 82' lang='lat' dir='ltr'><strong>eﬂiciebatur</strong></span> <span class='ocrx_word' id='word_1_552' title='bbox 3231 2685 3580 2743; x_wconf 73' lang='lat' dir='ltr'><strong>praeceptum.</strong></span> 
     </span>
    </p>
   </div>
   <div class='ocr_carea' id='block_1_71' title="bbox 2014 2760 3580 2830">
    <p class='ocr_par' dir='ltr' id='par_1_71' title="bbox 2014 2760 3580 2830">
     <span class='ocr_line' id='line_1_71' title="bbox 2014 2760 3580 2830; baseline 0.003 -17"><span class='ocrx_word' id='word_1_553' title='bbox 2014 2760 2343 2830; x_wconf 89' lang='lat' dir='ltr'><strong>Ejiciebatur</strong></span> <span class='ocrx_word' id='word_1_554' title='bbox 2367 2761 2510 2814; x_wconf 90' lang='lat' dir='ltr'><strong>enim</strong></span> <span class='ocrx_word' id='word_1_555' title='bbox 2547 2760 2823 2817; x_wconf 80' lang='lat' dir='ltr'><strong>Romanus</strong></span> <span class='ocrx_word' id='word_1_556' title='bbox 2861 2762 3012 2818; x_wconf 68' lang='lat' dir='ltr'><strong>laetus</strong></span> <span class='ocrx_word' id='word_1_557' title='bbox 3042 2774 3094 2817; x_wconf 89' lang='lat' dir='ltr'><strong>et</strong></span> <span class='ocrx_word' id='word_1_558' title='bbox 3129 2775 3414 2820; x_wconf 89' lang='lat' dir='ltr'><strong>coronatus</strong></span> <span class='ocrx_word' id='word_1_559' title='bbox 3454 2781 3580 2820; x_wconf 85' lang='lat' dir='ltr'><strong>sau-</strong></span> 
     </span>
    </p>
   </div>
   <div class='ocr_carea' id='block_1_72' title="bbox 2013 2850 3584 2923">
    <p class='ocr_par' dir='ltr' id='par_1_72' title="bbox 2013 2850 3584 2923">
     <span class='ocr_line' id='line_1_72' title="bbox 2013 2850 3584 2923; baseline 0.004 -20"><span class='ocrx_word' id='word_1_560' title='bbox 2013 2852 2195 2921; x_wconf 89' lang='lat' dir='ltr'><strong>guine,</strong></span> <span class='ocrx_word' id='word_1_561' title='bbox 2234 2850 2460 2919; x_wconf 72' lang='lat' dir='ltr'><strong>insignia</strong></span> <span class='ocrx_word' id='word_1_562' title='bbox 2499 2851 2555 2904; x_wconf 91' lang='lat' dir='ltr'><strong>in</strong></span> <span class='ocrx_word' id='word_1_563' title='bbox 2587 2851 2847 2907; x_wconf 87' lang='lat' dir='ltr'><strong>lateribus</strong></span> <span class='ocrx_word' id='word_1_564' title='bbox 2881 2854 3084 2907; x_wconf 88' lang='lat' dir='ltr'><strong>habens</strong></span> <span class='ocrx_word' id='word_1_565' title='bbox 3111 2871 3228 2922; x_wconf 65' lang='lat' dir='ltr'><strong>qua:</strong></span> <span class='ocrx_word' id='word_1_566' title='bbox 3279 2871 3377 2923; x_wconf 89' lang='lat' dir='ltr'><strong>pro</strong></span> <span class='ocrx_word' id='word_1_567' title='bbox 3443 2858 3584 2910; x_wconf 86' lang='lat' dir='ltr'><strong>veri—</strong></span> 
     </span>
    </p>
   </div>
   <div class='ocr_carea' id='block_1_73' title="bbox 2017 2942 3582 3012">
    <p class='ocr_par' dir='ltr' id='par_1_73' title="bbox 2017 2942 3582 3012">
     <span class='ocr_line' id='line_1_73' title="bbox 2017 2942 3582 3012; baseline 0.003 -16"><span class='ocrx_word' id='word_1_568' title='bbox 2017 2951 2126 2996; x_wconf 89' lang='lat' dir='ltr'><strong>tate</strong></span> <span class='ocrx_word' id='word_1_569' title='bbox 2157 2942 2333 2996; x_wconf 88' lang='lat' dir='ltr'><strong>fuerat</strong></span> <span class='ocrx_word' id='word_1_570' title='bbox 2366 2956 2560 3010; x_wconf 90' lang='lat' dir='ltr'><strong>passus</strong></span> <span class='ocrx_word' id='word_1_571' title='bbox 2593 2957 2607 2992; x_wconf 87' lang='lat'><strong>:</strong></span> <span class='ocrx_word' id='word_1_572' title='bbox 2646 2951 2868 3012; x_wconf 90' lang='lat' dir='ltr'><strong>portans</strong></span> <span class='ocrx_word' id='word_1_573' title='bbox 2907 2943 3102 3012; x_wconf 84' lang='lat' dir='ltr'><strong>quippe</strong></span> <span class='ocrx_word' id='word_1_574' title='bbox 3141 2952 3193 2997; x_wconf 91' lang='lat' dir='ltr'><strong>et</strong></span> <span class='ocrx_word' id='word_1_575' title='bbox 3245 2945 3298 2997; x_wconf 90' lang='lat' dir='ltr'><strong>in</strong></span> <span class='ocrx_word' id='word_1_576' title='bbox 3342 2947 3582 3000; x_wconf 84' lang='lat' dir='ltr'><strong>humeris</strong></span> 
     </span>
    </p>
   </div>
   <div class='ocr_carea' id='block_1_74' title="bbox 2014 3031 3584 3103">
    <p class='ocr_par' dir='ltr' id='par_1_74' title="bbox 2014 3031 3584 3103">
     <span class='ocr_line' id='line_1_74' title="bbox 2014 3031 3584 3103; baseline -0.002 -15"><span class='ocrx_word' id='word_1_577' title='bbox 2014 3047 2229 3088; x_wconf 92' lang='lat' dir='ltr'><strong>crucem</strong></span> <span class='ocrx_word' id='word_1_578' title='bbox 2261 3073 2275 3096; x_wconf 93' lang='lat'><strong>,</strong></span> <span class='ocrx_word' id='word_1_579' title='bbox 2319 3043 2373 3087; x_wconf 90' lang='lat' dir='ltr'><strong>et</strong></span> <span class='ocrx_word' id='word_1_580' title='bbox 2420 3033 2474 3087; x_wconf 94' lang='lat' dir='ltr'><strong>in</strong></span> <span class='ocrx_word' id='word_1_581' title='bbox 2532 3031 2710 3087; x_wconf 86' lang='lat' dir='ltr'><strong>fronte</strong></span> <span class='ocrx_word' id='word_1_582' title='bbox 2763 3034 2975 3102; x_wconf 84' lang='lat' dir='ltr'><strong>signum</strong></span> <span class='ocrx_word' id='word_1_583' title='bbox 3019 3033 3214 3103; x_wconf 83' lang='lat' dir='ltr'><strong>regale.</strong></span> <span class='ocrx_word' id='word_1_584' title='bbox 3247 3033 3381 3089; x_wconf 88' lang='lat' dir='ltr'><strong>Cum</strong></span> <span class='ocrx_word' id='word_1_585' title='bbox 3407 3045 3584 3088; x_wconf 87' lang='lat' dir='ltr'><strong>autem</strong></span> 
     </span>
    </p>
   </div>
   <div class='ocr_carea' id='block_1_75' title="bbox 2015 3125 3584 3189">
    <p class='ocr_par' dir='ltr' id='par_1_75' title="bbox 2015 3125 3584 3189">
     <span class='ocr_line' id='line_1_75' title="bbox 2015 3125 3584 3189; baseline 0 -12"><span class='ocrx_word' id='word_1_586' title='bbox 2015 3125 2383 3179; x_wconf 89' lang='lat' dir='ltr'><strong>adunarentur</strong></span> <span class='ocrx_word' id='word_1_587' title='bbox 2432 3135 2703 3180; x_wconf 89' lang='lat' dir='ltr'><strong>sarmenta</strong></span> <span class='ocrx_word' id='word_1_588' title='bbox 2749 3133 2802 3179; x_wconf 92' lang='lat' dir='ltr'><strong>et</strong></span> <span class='ocrx_word' id='word_1_589' title='bbox 2839 3139 3063 3189; x_wconf 76' lang='lat' dir='ltr'><strong>cauntc,</strong></span> <span class='ocrx_word' id='word_1_590' title='bbox 3126 3126 3191 3178; x_wconf 90' lang='lat' dir='ltr'><strong>ad</strong></span> <span class='ocrx_word' id='word_1_591' title='bbox 3245 3125 3584 3180; x_wconf 87' lang='lat' dir='ltr'><strong>velocitatem</strong></span> 
     </span>
    </p>
   </div>
   <div class='ocr_carea' id='block_1_76' title="bbox 2015 3215 3587 3287">
    <p class='ocr_par' dir='ltr' id='par_1_76' title="bbox 2015 3215 3587 3287">
     <span class='ocr_line' id='line_1_76' title="bbox 2015 3215 3587 3287; baseline -0.001 -17"><span class='ocrx_word' id='word_1_592' title='bbox 2015 3226 2196 3284; x_wconf 90' lang='lat' dir='ltr'><strong>utpote</strong></span> <span class='ocrx_word' id='word_1_593' title='bbox 2242 3215 2508 3280; x_wconf 61' lang='lat' dir='ltr'><strong>ﬂammas,</strong></span> <span class='ocrx_word' id='word_1_594' title='bbox 2562 3217 2643 3270; x_wconf 92' lang='lat' dir='ltr'><strong>vel</strong></span> <span class='ocrx_word' id='word_1_595' title='bbox 2695 3218 2837 3284; x_wconf 92' lang='lat' dir='ltr'><strong>quod</strong></span> <span class='ocrx_word' id='word_1_596' title='bbox 2888 3218 2995 3287; x_wconf 87' lang='lat' dir='ltr'><strong>igni</strong></span> <span class='ocrx_word' id='word_1_597' title='bbox 3053 3227 3175 3285; x_wconf 90' lang='lat' dir='ltr'><strong>apta</strong></span> <span class='ocrx_word' id='word_1_598' title='bbox 3231 3216 3484 3271; x_wconf 90' lang='lat' dir='ltr'><strong>videntur</strong></span> <span class='ocrx_word' id='word_1_599' title='bbox 3521 3218 3587 3269; x_wconf 90' lang='lat' dir='ltr'><strong>ad</strong></span> 
     </span>
    </p>
   </div>
   <div class='ocr_carea' id='block_1_77' title="bbox 2016 3302 3676 3372">
    <p class='ocr_par' dir='ltr' id='par_1_77' title="bbox 2016 3302 3676 3372">
     <span class='ocr_line' id='line_1_77' title="bbox 2016 3302 3676 3372; baseline 0.001 -16"><span class='ocrx_word' id='word_1_600' title='bbox 2016 3302 2403 3367; x_wconf 87' lang='lat' dir='ltr'><strong>incensionem,</strong></span> <span class='ocrx_word' id='word_1_601' title='bbox 2448 3303 2822 3372; x_wconf 90' lang='lat' dir='ltr'><strong>imponebatur</strong></span> <span class='ocrx_word' id='word_1_602' title='bbox 2847 3313 3025 3357; x_wconf 90' lang='lat' dir='ltr'><strong>autem</strong></span> <span class='ocrx_word' id='word_1_603' title='bbox 3068 3304 3252 3359; x_wconf 91' lang='lat' dir='ltr'><strong>vivens</strong></span> <span class='ocrx_word' id='word_1_604' title='bbox 3288 3305 3586 3358; x_wconf 90' lang='lat' dir='ltr'><strong>immolatio</strong></span> <span class='ocrx_word' id='word_1_605' title='bbox 3667 3341 3676 3348; x_wconf 89' lang='grc'><strong>-</strong></span> 
     </span>
    </p>
   </div>
   <div class='ocr_carea' id='block_1_78' title="bbox 2015 3394 3587 3466">
    <p class='ocr_par' dir='ltr' id='par_1_78' title="bbox 2015 3394 3587 3466">
     <span class='ocr_line' id='line_1_78' title="bbox 2015 3394 3587 3466; baseline 0 -17"><span class='ocrx_word' id='word_1_606' title='bbox 2015 3395 2067 3450; x_wconf 92' lang='lat' dir='ltr'><strong>in</strong></span> <span class='ocrx_word' id='word_1_607' title='bbox 2117 3396 2240 3464; x_wconf 88' lang='lat' dir='ltr'><strong>igne</strong></span> <span class='ocrx_word' id='word_1_608' title='bbox 2289 3396 2423 3466; x_wconf 84' lang='lat'><strong>(59).</strong></span> <span class='ocrx_word' id='word_1_609' title='bbox 2471 3394 2596 3452; x_wconf 64' lang='lat' dir='ltr'><strong>Haec</strong></span> <span class='ocrx_word' id='word_1_610' title='bbox 2647 3411 2768 3450; x_wconf 88' lang='lat' dir='ltr'><strong>cum</strong></span> <span class='ocrx_word' id='word_1_611' title='bbox 2808 3397 2877 3450; x_wconf 89' lang='lat' dir='ltr'><strong>ita</strong></span> <span class='ocrx_word' id='word_1_612' title='bbox 2911 3407 3219 3465; x_wconf 87' lang='lat' dir='ltr'><strong>agerentur,</strong></span> <span class='ocrx_word' id='word_1_613' title='bbox 3275 3410 3380 3450; x_wconf 91' lang='lat' dir='ltr'><strong>non</strong></span> <span class='ocrx_word' id='word_1_614' title='bbox 3432 3396 3587 3464; x_wconf 87' lang='lat' dir='ltr'><strong>longe</strong></span> 
     </span>
    </p>
   </div>
   <div class='ocr_carea' id='block_1_79' title="bbox 2016 3486 3585 3550">
    <p class='ocr_par' dir='ltr' id='par_1_79' title="bbox 2016 3486 3585 3550">
     <span class='ocr_line' id='line_1_79' title="bbox 2016 3486 3585 3550; baseline 0.001 -13"><span class='ocrx_word' id='word_1_615' title='bbox 2016 3494 2191 3546; x_wconf 81' lang='lat' dir='ltr'><strong>autem</strong></span> <span class='ocrx_word' id='word_1_616' title='bbox 2242 3487 2453 3540; x_wconf 86' lang='lat' dir='ltr'><strong>abesset</strong></span> <span class='ocrx_word' id='word_1_617' title='bbox 2502 3487 2713 3550; x_wconf 84' lang='lat' dir='ltr'><strong>civitas,</strong></span> <span class='ocrx_word' id='word_1_618' title='bbox 2770 3495 2828 3538; x_wconf 92' lang='lat' dir='ltr'><strong>ut</strong></span> <span class='ocrx_word' id='word_1_619' title='bbox 2863 3496 3150 3540; x_wconf 82' lang='lat' dir='ltr'><strong>testaretur</strong></span> <span class='ocrx_word' id='word_1_620' title='bbox 3207 3486 3470 3542; x_wconf 85' lang='lat' dir='ltr'><strong>veritati:</strong></span> <span class='ocrx_word' id='word_1_621' title='bbox 3528 3495 3585 3540; x_wconf 87' lang='lat' dir='ltr'><strong>et</strong></span> 
     </span>
    </p>
   </div>
   <div class='ocr_carea' id='block_1_80' title="bbox 2015 3576 3583 3647">
    <p class='ocr_par' dir='ltr' id='par_1_80' title="bbox 2015 3576 3583 3647">
     <span class='ocr_line' id='line_1_80' title="bbox 2015 3576 3583 3647; baseline 0.001 -16"><span class='ocrx_word' id='word_1_622' title='bbox 2015 3577 2152 3631; x_wconf 90' lang='lat' dir='ltr'><strong>forte</strong></span> <span class='ocrx_word' id='word_1_623' title='bbox 2212 3578 2336 3645; x_wconf 89' lang='lat' dir='ltr'><strong>quia</strong></span> <span class='ocrx_word' id='word_1_624' title='bbox 2393 3578 2610 3647; x_wconf 89' lang='lat' dir='ltr'><strong>quidam</strong></span> <span class='ocrx_word' id='word_1_625' title='bbox 2672 3579 2738 3632; x_wconf 88' lang='lat' dir='ltr'><strong>de</strong></span> <span class='ocrx_word' id='word_1_626' title='bbox 2787 3576 2987 3633; x_wconf 69' lang='lat' dir='ltr'><strong>Iudaeis</strong></span> <span class='ocrx_word' id='word_1_627' title='bbox 3040 3589 3132 3633; x_wconf 91' lang='lat' dir='ltr'><strong>aut</strong></span> <span class='ocrx_word' id='word_1_628' title='bbox 3190 3578 3280 3632; x_wconf 92' lang='lat' dir='ltr'><strong>alii</strong></span> <span class='ocrx_word' id='word_1_629' title='bbox 3337 3580 3583 3633; x_wconf 87' lang='lat' dir='ltr'><strong>homines</strong></span> 
     </span>
    </p>
   </div>
   <div class='ocr_carea' id='block_1_81' title="bbox 2014 3669 3584 3741">
    <p class='ocr_par' dir='ltr' id='par_1_81' title="bbox 2014 3669 3584 3741">
     <span class='ocr_line' id='line_1_81' title="bbox 2014 3669 3584 3741; baseline -0.002 -17"><span class='ocrx_word' id='word_1_630' title='bbox 2014 3669 2284 3736; x_wconf 83' lang='lat' dir='ltr'><strong>dicebant,</strong></span> <span class='ocrx_word' id='word_1_631' title='bbox 2326 3671 2416 3726; x_wconf 94' lang='lat' dir='ltr'><strong>ubi</strong></span> <span class='ocrx_word' id='word_1_632' title='bbox 2456 3681 2539 3726; x_wconf 89' lang='lat' dir='ltr'><strong>est</strong></span> <span class='ocrx_word' id='word_1_633' title='bbox 2569 3671 2759 3725; x_wconf 90' lang='lat' dir='ltr'><strong>horum</strong></span> <span class='ocrx_word' id='word_1_634' title='bbox 2811 3670 2984 3726; x_wconf 77' lang='lat' dir='ltr'><strong>Deus?</strong></span> <span class='ocrx_word' id='word_1_635' title='bbox 3023 3672 3162 3725; x_wconf 87' lang='lat' dir='ltr'><strong>forte</strong></span> <span class='ocrx_word' id='word_1_636' title='bbox 3199 3671 3584 3741; x_wconf 85' lang='lat' dir='ltr'><strong>proferentium</strong></span> 
     </span>
    </p>
   </div>
   <div class='ocr_carea' id='block_1_82' title="bbox 2017 3758 3587 3830">
    <p class='ocr_par' dir='ltr' id='par_1_82' title="bbox 2017 3758 3587 3830">
     <span class='ocr_line' id='line_1_82' title="bbox 2017 3758 3587 3830; baseline 0.001 -16"><span class='ocrx_word' id='word_1_637' title='bbox 2017 3758 2325 3814; x_wconf 81' lang='lat' dir='ltr'><strong>Judaeorum</strong></span> <span class='ocrx_word' id='word_1_638' title='bbox 2363 3770 2472 3815; x_wconf 90' lang='lat' dir='ltr'><strong>tres</strong></span> <span class='ocrx_word' id='word_1_639' title='bbox 2512 3774 2727 3830; x_wconf 87' lang='lat' dir='ltr'><strong>pueros,</strong></span> <span class='ocrx_word' id='word_1_640' title='bbox 2759 3771 2814 3815; x_wconf 89' lang='lat' dir='ltr'><strong>et</strong></span> <span class='ocrx_word' id='word_1_641' title='bbox 2844 3762 3161 3826; x_wconf 91' lang='lat' dir='ltr'><strong>dicentium,</strong></span> <span class='ocrx_word' id='word_1_642' title='bbox 3199 3762 3320 3829; x_wconf 90' lang='lat' dir='ltr'><strong>quia</strong></span> <span class='ocrx_word' id='word_1_643' title='bbox 3357 3761 3458 3814; x_wconf 93' lang='lat' dir='ltr'><strong>sub</strong></span> <span class='ocrx_word' id='word_1_644' title='bbox 3493 3778 3587 3815; x_wconf 90' lang='lat' dir='ltr'><strong>nos</strong></span> 
     </span>
    </p>
   </div>
   <div class='ocr_carea' id='block_1_83' title="bbox 2015 3850 3586 3918">
    <p class='ocr_par' dir='ltr' id='par_1_83' title="bbox 2015 3850 3586 3918">
     <span class='ocr_line' id='line_1_83' title="bbox 2015 3850 3586 3918; baseline 0.001 -14"><span class='ocrx_word' id='word_1_645' title='bbox 2015 3850 2363 3905; x_wconf 90' lang='lat' dir='ltr'><strong>salvabautur</strong></span> <span class='ocrx_word' id='word_1_646' title='bbox 2394 3867 2423 3906; x_wconf 91' lang='lat' dir='ltr'><strong>a</strong></span> <span class='ocrx_word' id='word_1_647' title='bbox 2463 3851 2678 3907; x_wconf 88' lang='lat' dir='ltr'><strong>ﬂamma</strong></span> <span class='ocrx_word' id='word_1_648' title='bbox 2719 3852 2957 3907; x_wconf 88' lang='lat' dir='ltr'><strong>fornacis</strong></span> <span class='ocrx_word' id='word_1_649' title='bbox 2986 3853 3251 3918; x_wconf 90' lang='lat' dir='ltr'><strong>ardentis,</strong></span> <span class='ocrx_word' id='word_1_650' title='bbox 3291 3852 3380 3905; x_wconf 80' lang='lat' dir='ltr'><strong>iSIi</strong></span> <span class='ocrx_word' id='word_1_651' title='bbox 3409 3861 3586 3908; x_wconf 86' lang='lat' dir='ltr'><strong>autem</strong></span> 
     </span>
    </p>
   </div>
   <div class='ocr_carea' id='block_1_84' title="bbox 2015 3945 3587 4015">
    <p class='ocr_par' dir='ltr' id='par_1_84' title="bbox 2015 3945 3587 4015">
     <span class='ocr_line' id='line_1_84' title="bbox 2015 3945 3587 4015; baseline 0.004 -19"><span class='ocrx_word' id='word_1_652' title='bbox 2015 3946 2244 3997; x_wconf 87' lang='lat' dir='ltr'><strong>ardent:</strong></span> <span class='ocrx_word' id='word_1_653' title='bbox 2275 3945 2425 4015; x_wconf 88' lang='lat' dir='ltr'><strong>atqui</strong></span> <span class='ocrx_word' id='word_1_654' title='bbox 2450 3945 2572 4000; x_wconf 70' lang='grc' dir='ltr'><strong>(εωιί</strong></span> <span class='ocrx_word' id='word_1_655' title='bbox 2608 3946 2758 4014; x_wconf 87' lang='lat' dir='ltr'><strong>jubet</strong></span> <span class='ocrx_word' id='word_1_656' title='bbox 2787 3946 3049 4001; x_wconf 87' lang='lat' dir='ltr'><strong>Dominus</strong></span> <span class='ocrx_word' id='word_1_657' title='bbox 3081 3947 3312 4002; x_wconf 87' lang='lat' dir='ltr'><strong>nubibus</strong></span> <span class='ocrx_word' id='word_1_658' title='bbox 3337 3948 3587 4003; x_wconf 89' lang='lat' dir='ltr'><strong>coronari</strong></span> 
     </span>
    </p>
   </div>
   <div class='ocr_carea' id='block_1_85' title="bbox 2015 4036 3587 4110">
    <p class='ocr_par' dir='ltr' id='par_1_85' title="bbox 2015 4036 3587 4110">
     <span class='ocr_line' id='line_1_85' title="bbox 2015 4036 3587 4110; baseline 0.003 -20"><span class='ocrx_word' id='word_1_659' title='bbox 2015 4036 2234 4091; x_wconf 76' lang='lat' dir='ltr'><strong>cmlum.</strong></span> <span class='ocrx_word' id='word_1_660' title='bbox 2274 4037 2586 4107; x_wconf 87' lang='lat' dir='ltr'><strong>Adimpleus</strong></span> <span class='ocrx_word' id='word_1_661' title='bbox 2633 4048 2812 4092; x_wconf 89' lang='lat' dir='ltr'><strong>autem</strong></span> <span class='ocrx_word' id='word_1_662' title='bbox 2863 4037 3015 4092; x_wconf 86' lang='lat' dir='ltr'><strong>sinus</strong></span> <span class='ocrx_word' id='word_1_663' title='bbox 3061 4039 3281 4093; x_wconf 90' lang='lat' dir='ltr'><strong>nubium</strong></span> <span class='ocrx_word' id='word_1_664' title='bbox 3323 4041 3587 4110; x_wconf 88' lang='lat' dir='ltr'><strong>grandine</strong></span> 
     </span>
    </p>
   </div>
   <div class='ocr_carea' id='block_1_86' title="bbox 2016 4128 3588 4193">
    <p class='ocr_par' dir='ltr' id='par_1_86' title="bbox 2016 4128 3588 4193">
     <span class='ocr_line' id='line_1_86' title="bbox 2016 4128 3588 4193; baseline 0.002 -11"><span class='ocrx_word' id='word_1_665' title='bbox 2016 4139 2070 4182; x_wconf 90' lang='lat' dir='ltr'><strong>et</strong></span> <span class='ocrx_word' id='word_1_666' title='bbox 2110 4128 2284 4183; x_wconf 90' lang='lat' dir='ltr'><strong>imbre</strong></span> <span class='ocrx_word' id='word_1_667' title='bbox 2331 4130 2618 4183; x_wconf 91' lang='lat' dir='ltr'><strong>admodum</strong></span> <span class='ocrx_word' id='word_1_668' title='bbox 2659 4130 2987 4193; x_wconf 91' lang='lat' dir='ltr'><strong>vehementi,</strong></span> <span class='ocrx_word' id='word_1_669' title='bbox 3042 4139 3097 4184; x_wconf 92' lang='lat' dir='ltr'><strong>et</strong></span> <span class='ocrx_word' id='word_1_670' title='bbox 3153 4131 3358 4186; x_wconf 89' lang='lat' dir='ltr'><strong>addens</strong></span> <span class='ocrx_word' id='word_1_671' title='bbox 3398 4141 3588 4185; x_wconf 90' lang='lat' dir='ltr'><strong>ventos</strong></span> 
     </span>
    </p>
   </div>
   <div class='ocr_carea' id='block_1_87' title="bbox 2017 4220 3588 4291">
    <p class='ocr_par' dir='ltr' id='par_1_87' title="bbox 2017 4220 3588 4291">
     <span class='ocr_line' id='line_1_87' title="bbox 2017 4220 3588 4291; baseline 0.002 -17"><span class='ocrx_word' id='word_1_672' title='bbox 2017 4221 2085 4274; x_wconf 82' lang='lat' dir='ltr'><strong>ad</strong></span> <span class='ocrx_word' id='word_1_673' title='bbox 2142 4221 2380 4275; x_wconf 86' lang='lat' dir='ltr'><strong>velocem</strong></span> <span class='ocrx_word' id='word_1_674' title='bbox 2434 4220 2783 4276; x_wconf 88' lang='lat' dir='ltr'><strong>emissionem</strong></span> <span class='ocrx_word' id='word_1_675' title='bbox 2833 4237 3020 4276; x_wconf 91' lang='lat' dir='ltr'><strong>eorum</strong></span> <span class='ocrx_word' id='word_1_676' title='bbox 3067 4239 3081 4276; x_wconf 90' lang='lat'><strong>:</strong></span> <span class='ocrx_word' id='word_1_677' title='bbox 3141 4236 3312 4291; x_wconf 84' lang='lat' dir='ltr'><strong>neque</strong></span> <span class='ocrx_word' id='word_1_678' title='bbox 3369 4226 3588 4277; x_wconf 78' lang='lat' dir='ltr'><strong>accendt”</strong></span> 
     </span>
    </p>
   </div>
   <div class='ocr_carea' id='block_1_88' title="bbox 2017 4311 3588 4383">
    <p class='ocr_par' dir='ltr' id='par_1_88' title="bbox 2017 4311 3588 4383">
     <span class='ocr_line' id='line_1_88' title="bbox 2017 4311 3588 4383; baseline 0.003 -18"><span class='ocrx_word' id='word_1_679' title='bbox 2017 4311 2288 4366; x_wconf 91' lang='lat' dir='ltr'><strong>ﬂammam</strong></span> <span class='ocrx_word' id='word_1_680' title='bbox 2314 4315 2597 4383; x_wconf 88' lang='lat' dir='ltr'><strong>permittit,</strong></span> <span class='ocrx_word' id='word_1_681' title='bbox 2635 4315 3097 4370; x_wconf 87' lang='lat' dir='ltr'><strong>vehementiorem</strong></span> <span class='ocrx_word' id='word_1_682' title='bbox 3119 4315 3417 4370; x_wconf 89' lang='lat' dir='ltr'><strong>ostendens</strong></span> <span class='ocrx_word' id='word_1_683' title='bbox 3451 4315 3588 4370; x_wconf 91' lang='lat' dir='ltr'><strong>hanc</strong></span> 
     </span>
    </p>
   </div>
   <div class='ocr_carea' id='block_1_89' title="bbox 2019 4405 3588 4478">
    <p class='ocr_par' dir='ltr' id='par_1_89' title="bbox 2019 4405 3588 4478">
     <span class='ocr_line' id='line_1_89' title="bbox 2019 4405 3588 4478; baseline 0.002 -19"><span class='ocrx_word' id='word_1_684' title='bbox 2019 4408 2295 4473; x_wconf 90' lang='lat' dir='ltr'><strong>virtutem,</strong></span> <span class='ocrx_word' id='word_1_685' title='bbox 2349 4423 2512 4478; x_wconf 84' lang='lat' dir='ltr'><strong>quam</strong></span> <span class='ocrx_word' id='word_1_686' title='bbox 2575 4408 2716 4477; x_wconf 87' lang='lat' dir='ltr'><strong>apud</strong></span> <span class='ocrx_word' id='word_1_687' title='bbox 2768 4405 3132 4477; x_wconf 86' lang='lat' dir='ltr'><strong>Babyloniam.</strong></span> <span class='ocrx_word' id='word_1_688' title='bbox 3188 4405 3300 4461; x_wconf 91' lang='lat' dir='ltr'><strong>Illic</strong></span> <span class='ocrx_word' id='word_1_689' title='bbox 3359 4408 3502 4462; x_wconf 89' lang='lat' dir='ltr'><strong>enim</strong></span> <span class='ocrx_word' id='word_1_690' title='bbox 3559 4421 3588 4462; x_wconf 88' lang='lat' dir='ltr'><strong>e</strong></span> 
     </span>
    </p>
   </div>
   <div class='ocr_carea' id='block_1_90' title="bbox 329 4489 3589 4568">
    <p class='ocr_par' dir='ltr' id='par_1_90' title="bbox 329 4489 3589 4568">
     <span class='ocr_line' id='line_1_90' title="bbox 329 4489 3589 4568; baseline 0.002 -24"><span class='ocrx_word' id='word_1_691' title='bbox 329 4498 496 4544; x_wconf 89' lang='lat' dir='ltr'><strong>uerat</strong></span> <span class='ocrx_word' id='word_1_692' title='bbox 525 4489 633 4544; x_wconf 93' lang='lat' dir='ltr'><strong>illo.</strong></span> <span class='ocrx_word' id='word_1_693' title='bbox 668 4490 801 4545; x_wconf 84' lang='lat' dir='ltr'><strong>Cum</strong></span> <span class='ocrx_word' id='word_1_694' title='bbox 840 4494 1230 4563; x_wconf 88' lang='lat' dir='ltr'><strong>autemjactari</strong></span> <span class='ocrx_word' id='word_1_695' title='bbox 1268 4511 1298 4548; x_wconf 89' lang='lat' dir='ltr'><strong>a</strong></span> <span class='ocrx_word' id='word_1_696' title='bbox 1334 4497 1741 4565; x_wconf 90' lang='lat' dir='ltr'><strong>tempestatibus</strong></span> <span class='ocrx_word' id='word_1_697' title='bbox 1769 4496 1912 4552; x_wconf 91' lang='lat' dir='ltr'><strong>illam</strong></span> <span class='ocrx_word' id='word_1_698' title='bbox 1945 4502 1990 4559; x_wconf 77' lang='grc' dir='ltr'>Ι)</span> <span class='ocrx_word' id='word_1_699' title='bbox 2018 4495 2232 4551; x_wconf 90' lang='lat' dir='ltr'><strong>ﬂamma</strong></span> <span class='ocrx_word' id='word_1_700' title='bbox 2273 4505 2384 4552; x_wconf 89' lang='lat' dir='ltr'><strong>tres</strong></span> <span class='ocrx_word' id='word_1_701' title='bbox 2421 4513 2616 4568; x_wconf 89' lang='lat' dir='ltr'><strong>pueros</strong></span> <span class='ocrx_word' id='word_1_702' title='bbox 2653 4497 2906 4553; x_wconf 87' lang='lat' dir='ltr'><strong>liberavit</strong></span> <span class='ocrx_word' id='word_1_703' title='bbox 2935 4511 2951 4551; x_wconf 89' lang='lat'><strong>:</strong></span> <span class='ocrx_word' id='word_1_704' title='bbox 2987 4497 3109 4554; x_wconf 90' lang='lat' dir='ltr'><strong>istic</strong></span> <span class='ocrx_word' id='word_1_705' title='bbox 3141 4507 3322 4552; x_wconf 89' lang='lat' dir='ltr'><strong>autem</strong></span> <span class='ocrx_word' id='word_1_706' title='bbox 3367 4511 3432 4552; x_wconf 85' lang='lat' dir='ltr'><strong>ne</strong></span> <span class='ocrx_word' id='word_1_707' title='bbox 3466 4498 3589 4566; x_wconf 84' lang='lat' dir='ltr'><strong>qui-</strong></span> 
     </span>
    </p>
   </div>
   <div class='ocr_carea' id='block_1_91' title="bbox 330 4581 1914 4658">
    <p class='ocr_par' dir='ltr' id='par_1_91' title="bbox 330 4581 1914 4658">
     <span class='ocr_line' id='line_1_91' title="bbox 330 4581 1914 4658; baseline 0.008 -26"><span class='ocrx_word' id='word_1_708' title='bbox 330 4588 466 4635; x_wconf 92' lang='lat' dir='ltr'><strong>tunc</strong></span> <span class='ocrx_word' id='word_1_709' title='bbox 500 4581 706 4635; x_wconf 87' lang='lat' dir='ltr'><strong>videret</strong></span> <span class='ocrx_word' id='word_1_710' title='bbox 732 4582 1006 4638; x_wconf 90' lang='lat' dir='ltr'><strong>civitatem</strong></span> <span class='ocrx_word' id='word_1_711' title='bbox 1061 4585 1366 4655; x_wconf 91' lang='lat' dir='ltr'><strong>(invenerat</strong></span> <span class='ocrx_word' id='word_1_712' title='bbox 1390 4588 1532 4642; x_wconf 92' lang='lat' dir='ltr'><strong>enim</strong></span> <span class='ocrx_word' id='word_1_713' title='bbox 1561 4588 1674 4658; x_wconf 88' lang='lat' dir='ltr'><strong>jatn</strong></span> <span class='ocrx_word' id='word_1_714' title='bbox 1717 4589 1914 4644; x_wconf 83' lang='lat' dir='ltr'><strong>multos</strong></span> 
     </span>
    </p>
   </div>
   <div class='ocr_carea' id='block_1_92' title="bbox 329 4673 1914 4754">
    <p class='ocr_par' dir='ltr' id='par_1_92' title="bbox 329 4673 1914 4754">
     <span class='ocr_line' id='line_1_92' title="bbox 329 4673 1914 4754; baseline 0.01 -30"><span class='ocrx_word' id='word_1_715' title='bbox 329 4673 539 4728; x_wconf 85' lang='lat' dir='ltr'><strong>milites</strong></span> <span class='ocrx_word' id='word_1_716' title='bbox 571 4675 835 4731; x_wconf 88' lang='lat' dir='ltr'><strong>cecidisse</strong></span> <span class='ocrx_word' id='word_1_717' title='bbox 886 4679 1203 4752; x_wconf 70' lang='lat' dir='ltr'><strong>Ecclesiaz),</strong></span> <span class='ocrx_word' id='word_1_718' title='bbox 1245 4698 1354 4738; x_wconf 89' lang='lat' dir='ltr'><strong>non</strong></span> <span class='ocrx_word' id='word_1_719' title='bbox 1407 4694 1492 4739; x_wconf 91' lang='lat' dir='ltr'><strong>est</strong></span> <span class='ocrx_word' id='word_1_720' title='bbox 1538 4701 1730 4754; x_wconf 91' lang='lat' dir='ltr'><strong>passus</strong></span> <span class='ocrx_word' id='word_1_721' title='bbox 1782 4687 1914 4741; x_wconf 86' lang='lat' dir='ltr'><strong>dare</strong></span> 
     </span>
    </p>
   </div>
   <div class='ocr_carea' id='block_1_93' title="bbox 327 4762 1912 4846">
    <p class='ocr_par' dir='ltr' id='par_1_93' title="bbox 327 4762 1912 4846">
     <span class='ocr_line' id='line_1_93' title="bbox 327 4762 1912 4846; baseline 0.012 -32"><span class='ocrx_word' id='word_1_722' title='bbox 327 4762 552 4819; x_wconf 89' lang='lat' dir='ltr'><strong>diabolo</strong></span> <span class='ocrx_word' id='word_1_723' title='bbox 581 4775 637 4820; x_wconf 94' lang='lat' dir='ltr'><strong>ut</strong></span> <span class='ocrx_word' id='word_1_724' title='bbox 660 4769 956 4825; x_wconf 80' lang='lat' dir='ltr'><strong>exsultaret</strong></span> <span class='ocrx_word' id='word_1_725' title='bbox 992 4788 1004 4823; x_wconf 94' lang='lat'>:</span> <span class='ocrx_word' id='word_1_726' title='bbox 1036 4775 1129 4828; x_wconf 89' lang='lat' dir='ltr'><strong>sed</strong></span> <span class='ocrx_word' id='word_1_727' title='bbox 1169 4776 1534 4831; x_wconf 84' lang='lat' dir='ltr'><strong>exsultantem</strong></span> <span class='ocrx_word' id='word_1_728' title='bbox 1563 4778 1801 4846; x_wconf 80' lang='lat' dir='ltr'><strong>judicent</strong></span> <span class='ocrx_word' id='word_1_729' title='bbox 1845 4781 1912 4833; x_wconf 86' lang='lat' dir='ltr'><strong>de</strong></span> 
     </span>
    </p>
   </div>
   <div class='ocr_carea' id='block_1_94' title="bbox 327 4852 1908 4933">
    <p class='ocr_par' dir='ltr' id='par_1_94' title="bbox 327 4852 1908 4933">
     <span class='ocr_line' id='line_1_94' title="bbox 327 4852 1908 4933; baseline 0.01 -26"><span class='ocrx_word' id='word_1_730' title='bbox 327 4852 418 4908; x_wconf 87' lang='lat' dir='ltr'><strong>his</strong></span> <span class='ocrx_word' id='word_1_731' title='bbox 453 4855 542 4924; x_wconf 91' lang='lat' dir='ltr'><strong>qui</strong></span> <span class='ocrx_word' id='word_1_732' title='bbox 569 4855 786 4912; x_wconf 90' lang='lat' dir='ltr'><strong>fuerant</strong></span> <span class='ocrx_word' id='word_1_733' title='bbox 808 4862 1048 4928; x_wconf 87' lang='lat' dir='ltr'><strong>superati</strong></span> <span class='ocrx_word' id='word_1_734' title='bbox 1076 4865 1412 4933; x_wconf 89' lang='lat' dir='ltr'><strong>aggreditur,</strong></span> <span class='ocrx_word' id='word_1_735' title='bbox 1443 4868 1548 4921; x_wconf 92' lang='lat' dir='ltr'><strong>vim</strong></span> <span class='ocrx_word' id='word_1_736' title='bbox 1580 4866 1791 4922; x_wconf 88' lang='lat' dir='ltr'><strong>faciens</strong></span> <span class='ocrx_word' id='word_1_737' title='bbox 1819 4883 1908 4922; x_wconf 84' lang='lat' dir='ltr'><strong>re-</strong></span> 
     </span>
    </p>
   </div>
   <div class='ocr_carea' id='block_1_95' title="bbox 328 4952 1908 5022">
    <p class='ocr_par' dir='ltr' id='par_1_95' title="bbox 328 4952 1908 5022">
     <span class='ocr_line' id='line_1_95' title="bbox 328 4952 1908 5022; baseline 0.009 -24"><span class='ocrx_word' id='word_1_738' title='bbox 328 4961 438 5014; x_wconf 88' lang='lat' dir='ltr'><strong>gno</strong></span> <span class='ocrx_word' id='word_1_739' title='bbox 466 4962 591 5002; x_wconf 92' lang='lat' dir='ltr'><strong>vero</strong></span> <span class='ocrx_word' id='word_1_740' title='bbox 625 4961 774 5019; x_wconf 91' lang='lat' dir='ltr'><strong>rapto</strong></span> <span class='ocrx_word' id='word_1_741' title='bbox 797 4952 909 5022; x_wconf 86' lang='grc'>(57)</span> <span class='ocrx_word' id='word_1_742' title='bbox 953 4970 967 5006; x_wconf 89' lang='lat'><strong>:</strong></span> <span class='ocrx_word' id='word_1_743' title='bbox 1017 4965 1071 5008; x_wconf 93' lang='lat' dir='ltr'><strong>et</strong></span> <span class='ocrx_word' id='word_1_744' title='bbox 1097 4957 1225 5009; x_wconf 90' lang='lat' dir='ltr'><strong>dicit</strong></span> <span class='ocrx_word' id='word_1_745' title='bbox 1259 4974 1271 5009; x_wconf 93' lang='lat'>:</span> <span class='ocrx_word' id='word_1_746' title='bbox 1301 4956 1415 5012; x_wconf 85' lang='lat' dir='ltr'><strong>Non</strong></span> <span class='ocrx_word' id='word_1_747' title='bbox 1459 4959 1680 5013; x_wconf 84' lang='lat' dir='ltr'><strong>recedes</strong></span> <span class='ocrx_word' id='word_1_748' title='bbox 1732 4960 1908 5014; x_wconf 68' lang='lat' dir='ltr'><strong>laetus.</strong></span> 
     </span>
    </p>
   </div>
   <div class='ocr_carea' id='block_1_96' title="bbox 328 5036 1909 5118">
    <p class='ocr_par' dir='ltr' id='par_1_96' title="bbox 328 5036 1909 5118">
     <span class='ocr_line' id='line_1_96' title="bbox 328 5036 1909 5118; baseline 0.007 -25"><span class='ocrx_word' id='word_1_749' title='bbox 328 5036 515 5093; x_wconf 88' lang='lat' dir='ltr'><strong>Habet</strong></span> <span class='ocrx_word' id='word_1_750' title='bbox 546 5042 688 5096; x_wconf 92' lang='lat' dir='ltr'><strong>enim</strong></span> <span class='ocrx_word' id='word_1_751' title='bbox 723 5042 867 5098; x_wconf 91' lang='lat' dir='ltr'><strong>Deus</strong></span> <span class='ocrx_word' id='word_1_752' title='bbox 897 5045 1096 5101; x_wconf 91' lang='lat' dir='ltr'><strong>milites</strong></span> <span class='ocrx_word' id='word_1_753' title='bbox 1129 5049 1221 5116; x_wconf 92' lang='lat' dir='ltr'><strong>qui</strong></span> <span class='ocrx_word' id='word_1_754' title='bbox 1255 5049 1499 5118; x_wconf 88' lang='lat' dir='ltr'><strong>superari</strong></span> <span class='ocrx_word' id='word_1_755' title='bbox 1525 5066 1630 5103; x_wconf 91' lang='lat' dir='ltr'><strong>non</strong></span> <span class='ocrx_word' id='word_1_756' title='bbox 1662 5061 1909 5118; x_wconf 89' lang='lat' dir='ltr'><strong>possunt.</strong></span> 
     </span>
    </p>
   </div>
   <div class='ocr_carea' id='block_1_97' title="bbox 325 5126 1916 5209">
    <p class='ocr_par' dir='ltr' id='par_1_97' title="bbox 325 5126 1916 5209">
     <span class='ocr_line' id='line_1_97' title="bbox 325 5126 1916 5209; baseline 0.009 -29"><span class='ocrx_word' id='word_1_757' title='bbox 325 5126 507 5183; x_wconf 79' lang='lat' dir='ltr'><strong>.ludex</strong></span> <span class='ocrx_word' id='word_1_758' title='bbox 533 5140 714 5184; x_wconf 91' lang='lat' dir='ltr'><strong>autem</strong></span> <span class='ocrx_word' id='word_1_759' title='bbox 742 5133 924 5188; x_wconf 88' lang='lat' dir='ltr'><strong>ebrius</strong></span> <span class='ocrx_word' id='word_1_760' title='bbox 959 5135 1010 5189; x_wconf 92' lang='lat' dir='ltr'><strong>in</strong></span> <span class='ocrx_word' id='word_1_761' title='bbox 1068 5138 1292 5190; x_wconf 87' lang='lat' dir='ltr'><strong>victoria</strong></span> <span class='ocrx_word' id='word_1_762' title='bbox 1342 5153 1528 5193; x_wconf 92' lang='lat' dir='ltr'><strong>eorum</strong></span> <span class='ocrx_word' id='word_1_763' title='bbox 1576 5142 1666 5209; x_wconf 91' lang='lat' dir='ltr'><strong>qui</strong></span> <span class='ocrx_word' id='word_1_764' title='bbox 1701 5140 1916 5195; x_wconf 90' lang='lat' dir='ltr'><strong>fuerant</strong></span> 
     </span>
    </p>
   </div>
   <div class='ocr_carea' id='block_1_98' title="bbox 331 5223 1915 5287">
    <p class='ocr_par' dir='ltr' id='par_1_98' title="bbox 331 5223 1915 5287">
     <span class='ocr_line' id='line_1_98' title="bbox 331 5223 1915 5287; baseline 0.009 -14"><span class='ocrx_word' id='word_1_765' title='bbox 331 5223 594 5286; x_wconf 75' lang='lat' dir='ltr'><strong>superati,</strong></span> <span class='ocrx_word' id='word_1_766' title='bbox 631 5235 696 5275; x_wconf 85' lang='lat' dir='ltr'><strong>ex</strong></span> <span class='ocrx_word' id='word_1_767' title='bbox 751 5223 963 5280; x_wconf 90' lang='lat' dir='ltr'><strong>illorum</strong></span> <span class='ocrx_word' id='word_1_768' title='bbox 995 5227 1366 5285; x_wconf 85' lang='lat' dir='ltr'><strong>imbecillitate</strong></span> <span class='ocrx_word' id='word_1_769' title='bbox 1421 5231 1698 5286; x_wconf 64' lang='lat' dir='ltr'><strong>aestimans</strong></span> <span class='ocrx_word' id='word_1_770' title='bbox 1740 5235 1915 5287; x_wconf 91' lang='lat' dir='ltr'><strong>sancti</strong></span> 
     </span>
    </p>
   </div>
   <div class='ocr_carea' id='block_1_99' title="bbox 406 5364 1910 5452">
    <p class='ocr_par' dir='ltr' id='par_1_99' title="bbox 406 5364 1910 5452">
     <span class='ocr_line' id='line_1_99' title="bbox 406 5364 1910 5452; baseline 0.003 -19"><span class='ocrx_word' id='word_1_771' title='bbox 406 5365 524 5452; x_wconf 15' lang='lat'><strong>(572)</strong></span> <span class='ocrx_word' id='word_1_772' title='bbox 557 5364 829 5452; x_wconf 53' lang='lat' dir='ltr'><strong>Proposuit</strong></span> <span class='ocrx_word' id='word_1_773' title='bbox 853 5395 906 5433; x_wconf 77' lang='lat' dir='ltr'><strong>se</strong></span> <span class='ocrx_word' id='word_1_774' title='bbox 928 5381 1148 5434; x_wconf 83' lang='lat' dir='ltr'><strong>comedi.</strong></span> <span class='ocrx_word' id='word_1_775' title='bbox 1178 5381 1382 5452; x_wconf 85' lang='lat' dir='ltr'><strong>Sponte</strong></span> <span class='ocrx_word' id='word_1_776' title='bbox 1425 5397 1483 5439; x_wconf 90' lang='lat' dir='ltr'><strong>se</strong></span> <span class='ocrx_word' id='word_1_777' title='bbox 1510 5383 1705 5438; x_wconf 88' lang='lat' dir='ltr'><strong>obtulit</strong></span> <span class='ocrx_word' id='word_1_778' title='bbox 1739 5384 1910 5439; x_wconf 85' lang='lat' dir='ltr'><strong>leoni-</strong></span> 
     </span>
    </p>
   </div>
   <div class='ocr_carea' id='block_1_100' title="bbox 329 5437 782 5491">
    <p class='ocr_par' dir='ltr' id='par_1_100' title="bbox 329 5437 782 5491">
     <span class='ocr_line' id='line_1_100' title="bbox 329 5437 782 5491; baseline -0.002 0"><span class='ocrx_word' id='word_1_779' title='bbox 329 5437 436 5491; x_wconf 88' lang='lat' dir='ltr'><strong>bus</strong></span> <span class='ocrx_word' id='word_1_780' title='bbox 462 5441 782 5490; x_wconf 88' lang='lat' dir='ltr'><strong>vorandum.</strong></span> 
     </span>
    </p>
   </div>
   <div class='ocr_carea' id='block_1_101' title="bbox 407 5505 1910 5593">
    <p class='ocr_par' dir='ltr' id='par_1_101' title="bbox 407 5505 1910 5593">
     <span class='ocr_line' id='line_1_101' title="bbox 407 5505 1910 5593; baseline 0.003 -20"><span class='ocrx_word' id='word_1_781' title='bbox 407 5505 534 5593; x_wconf 70' lang='grc'>(5⁵)</span> <span class='ocrx_word' id='word_1_782' title='bbox 576 5505 884 5593; x_wconf 54' lang='grc' dir='ltr'><strong>’ἔριοςτειιερε</strong></span> <span class='ocrx_word' id='word_1_783' title='bbox 916 5507 1063 5574; x_wconf 77' lang='grc' dir='ltr'><strong>Ῑηειι·</strong></span> <span class='ocrx_word' id='word_1_784' title='bbox 1096 5519 1453 5593; x_wconf 61' lang='grc' dir='ltr'><strong>ξολφκαυστοῐ</strong></span> <span class='ocrx_word' id='word_1_785' title='bbox 1491 5523 1542 5578; x_wconf 91' lang='lat' dir='ltr'><strong>id</strong></span> <span class='ocrx_word' id='word_1_786' title='bbox 1570 5534 1656 5578; x_wconf 88' lang='lat' dir='ltr'><strong>est</strong></span> <span class='ocrx_word' id='word_1_787' title='bbox 1698 5524 1910 5593; x_wconf 88' lang='lat' dir='ltr'><strong>penitus</strong></span> 
     </span>
    </p>
   </div>
   <div class='ocr_carea' id='block_1_102' title="bbox 331 5578 1914 5654">
    <p class='ocr_par' dir='ltr' id='par_1_102' title="bbox 331 5578 1914 5654">
     <span class='ocr_line' id='line_1_102' title="bbox 331 5578 1914 5654; baseline 0.002 -23"><span class='ocrx_word' id='word_1_788' title='bbox 331 5579 663 5654; x_wconf 79' lang='lat' dir='ltr'><strong>consumpti,</strong></span> <span class='ocrx_word' id='word_1_789' title='bbox 686 5586 738 5629; x_wconf 91' lang='lat' dir='ltr'><strong>et</strong></span> <span class='ocrx_word' id='word_1_790' title='bbox 761 5578 1071 5632; x_wconf 84' lang='lat' dir='ltr'><strong>holocausta</strong></span> <span class='ocrx_word' id='word_1_791' title='bbox 1093 5581 1240 5646; x_wconf 88' lang='lat' dir='ltr'><strong>facti,</strong></span> <span class='ocrx_word' id='word_1_792' title='bbox 1273 5593 1314 5636; x_wconf 87' lang='lat' dir='ltr'><strong>sl</strong></span> <span class='ocrx_word' id='word_1_793' title='bbox 1333 5606 1544 5654; x_wconf 63' lang='lat' dir='ltr'><strong>spectes</strong></span> <span class='ocrx_word' id='word_1_794' title='bbox 1567 5578 1778 5648; x_wconf 72' lang='grc' dir='ltr'><strong>ίιιοι-ὑιιι</strong></span> <span class='ocrx_word' id='word_1_795' title='bbox 1799 5595 1914 5647; x_wconf 64' lang='lat' dir='ltr'><strong>ala.</strong></span> 
     </span>
    </p>
   </div>
   <div class='ocr_carea' id='block_1_103' title="bbox 331 5648 608 5701">
    <p class='ocr_par' dir='ltr' id='par_1_103' title="bbox 331 5648 608 5701">
     <span class='ocr_line' id='line_1_103' title="bbox 331 5648 608 5701; baseline -0.011 0"><span class='ocrx_word' id='word_1_796' title='bbox 331 5648 608 5701; x_wconf 72' lang='lat' dir='ltr'><strong>critattem.</strong></span> 
     </span>
    </p>
   </div>
   <div class='ocr_carea' id='block_1_104' title="bbox 404 5714 1908 5793">
    <p class='ocr_par' dir='ltr' id='par_1_104' title="bbox 404 5714 1908 5793">
     <span class='ocr_line' id='line_1_104' title="bbox 404 5714 1908 5793; baseline 0.014 -29"><span class='ocrx_word' id='word_1_797' title='bbox 404 5714 522 5793; x_wconf 49' lang='grc' dir='ltr'><strong>(ᾗῇ)</strong></span> <span class='ocrx_word' id='word_1_798' title='bbox 547 5714 988 5793; x_wconf 71' lang='lat' dir='ltr'><strong>Stttischtioncm.</strong></span> <span class='ocrx_word' id='word_1_799' title='bbox 1021 5719 1335 5788; x_wconf 74' lang='grc' dir='ltr'><strong>Ἀπολογίαν</strong></span> <span class='ocrx_word' id='word_1_800' title='bbox 1361 5741 1517 5793; x_wconf 86' lang='lat' dir='ltr'><strong>supra</strong></span> <span class='ocrx_word' id='word_1_801' title='bbox 1545 5727 1646 5782; x_wconf 89' lang='lat' dir='ltr'><strong>col.</strong></span> <span class='ocrx_word' id='word_1_802' title='bbox 1673 5727 1824 5785; x_wconf 80' lang='grc'><strong>1095.</strong></span> <span class='ocrx_word' id='word_1_803' title='bbox 1848 5731 1908 5785; x_wconf 90' lang='grc' dir='ltr'><strong>Β.</strong></span> 
     </span>
    </p>
   </div>
   <div class='ocr_carea' id='block_1_105' title="bbox 408 5783 1011 5856">
    <p class='ocr_par' dir='ltr' id='par_1_105' title="bbox 408 5783 1011 5856">
     <span class='ocr_line' id='line_1_105' title="bbox 408 5783 1011 5856; baseline 0.003 -17"><span class='ocrx_word' id='word_1_804' title='bbox 408 5783 524 5856; x_wconf 80' lang='grc'>(55)</span> <span class='ocrx_word' id='word_1_805' title='bbox 562 5790 698 5855; x_wconf 76' lang='lat' dir='ltr'><strong>Ipse.</strong></span> <span class='ocrx_word' id='word_1_806' title='bbox 725 5787 828 5839; x_wconf 80' lang='lat' dir='ltr'><strong>Pro</strong></span> <span class='ocrx_word' id='word_1_807' title='bbox 859 5789 1011 5841; x_wconf 86' lang='lat' dir='ltr'><strong>idem.</strong></span> 
     </span>
    </p>
   </div>
   <div class='ocr_carea' id='block_1_106' title="bbox 659 5882 1323 5949">
    <p class='ocr_par' dir='ltr' id='par_1_106' title="bbox 659 5882 1323 5949">
     <span class='ocr_line' id='line_1_106' title="bbox 659 5882 1323 5949; baseline 0.009 -7"><span class='ocrx_word' id='word_1_808' title='bbox 659 5882 912 5946; x_wconf 69' lang='lat' dir='ltr'><strong>Pnnoa</strong></span> <span class='ocrx_word' id='word_1_809' title='bbox 958 5886 1323 5949; x_wconf 77' lang='lat' dir='ltr'><strong>Gn.XXlV.</strong></span> 
     </span>
    </p>
   </div>
   <div class='ocr_carea' id='block_1_107' title="bbox 2019 4587 3589 4645">
    <p class='ocr_par' dir='ltr' id='par_1_107' title="bbox 2019 4587 3589 4645">
     <span class='ocr_line' id='line_1_107' title="bbox 2019 4587 3589 4645; baseline 0 -3"><span class='ocrx_word' id='word_1_810' title='bbox 2019 4588 2140 4642; x_wconf 92' lang='lat' dir='ltr'><strong>dem</strong></span> <span class='ocrx_word' id='word_1_811' title='bbox 2188 4589 2408 4644; x_wconf 88' lang='lat' dir='ltr'><strong>accendi</strong></span> <span class='ocrx_word' id='word_1_812' title='bbox 2451 4589 2680 4644; x_wconf 67' lang='lat' dir='ltr'><strong>ﬂammae</strong></span> <span class='ocrx_word' id='word_1_813' title='bbox 2722 4604 3042 4645; x_wconf 86' lang='lat' dir='ltr'><strong>concessum</strong></span> <span class='ocrx_word' id='word_1_814' title='bbox 3089 4598 3194 4644; x_wconf 89' lang='lat' dir='ltr'><strong>est.</strong></span> <span class='ocrx_word' id='word_1_815' title='bbox 3247 4587 3332 4643; x_wconf 88' lang='lat' dir='ltr'><strong>Fit</strong></span> <span class='ocrx_word' id='word_1_816' title='bbox 3382 4588 3589 4643; x_wconf 90' lang='lat' dir='ltr'><strong>turbela</strong></span> 
     </span>
    </p>
   </div>
   <div class='ocr_carea' id='block_1_108' title="bbox 2019 4679 3590 4754">
    <p class='ocr_par' dir='ltr' id='par_1_108' title="bbox 2019 4679 3590 4754">
     <span class='ocr_line' id='line_1_108' title="bbox 2019 4679 3590 4754; baseline -0.001 -19"><span class='ocrx_word' id='word_1_817' title='bbox 2019 4695 2126 4735; x_wconf 91' lang='lat' dir='ltr'><strong>non</strong></span> <span class='ocrx_word' id='word_1_818' title='bbox 2159 4679 2293 4735; x_wconf 88' lang='lat' dir='ltr'><strong>levis</strong></span> <span class='ocrx_word' id='word_1_819' title='bbox 2331 4699 2344 4735; x_wconf 88' lang='lat'><strong>:</strong></span> <span class='ocrx_word' id='word_1_820' title='bbox 2398 4682 2714 4735; x_wconf 90' lang='lat' dir='ltr'><strong>nuntiantur</strong></span> <span class='ocrx_word' id='word_1_821' title='bbox 2749 4681 2862 4752; x_wconf 87' lang='lat'><strong>(60)</strong></span> <span class='ocrx_word' id='word_1_822' title='bbox 2901 4691 3134 4754; x_wconf 87' lang='lat' dir='ltr'><strong>tyranno</strong></span> <span class='ocrx_word' id='word_1_823' title='bbox 3182 4680 3307 4750; x_wconf 77' lang='lat' dir='ltr'><strong>quia</strong></span> <span class='ocrx_word' id='word_1_824' title='bbox 3353 4691 3590 4749; x_wconf 87' lang='lat' dir='ltr'><strong>martyre</strong></span> 
     </span>
    </p>
   </div>
   <div class='ocr_carea' id='block_1_109' title="bbox 2019 4771 3589 4844">
    <p class='ocr_par' dir='ltr' id='par_1_109' title="bbox 2019 4771 3589 4844">
     <span class='ocr_line' id='line_1_109' title="bbox 2019 4771 3589 4844; baseline -0.001 -18"><span class='ocrx_word' id='word_1_825' title='bbox 2019 4771 2219 4828; x_wconf 91' lang='lat' dir='ltr'><strong>tradito</strong></span> <span class='ocrx_word' id='word_1_826' title='bbox 2252 4773 2358 4843; x_wconf 92' lang='lat' dir='ltr'><strong>igni</strong></span> <span class='ocrx_word' id='word_1_827' title='bbox 2386 4773 2582 4829; x_wconf 63' lang='lat' dir='ltr'><strong>caelum</strong></span> <span class='ocrx_word' id='word_1_828' title='bbox 2617 4775 2952 4844; x_wconf 87' lang='lat' dir='ltr'><strong>indignatum</strong></span> <span class='ocrx_word' id='word_1_829' title='bbox 2983 4784 3087 4841; x_wconf 87' lang='lat' dir='ltr'><strong>est,</strong></span> <span class='ocrx_word' id='word_1_830' title='bbox 3123 4783 3177 4827; x_wconf 91' lang='lat' dir='ltr'><strong>et</strong></span> <span class='ocrx_word' id='word_1_831' title='bbox 3200 4773 3325 4843; x_wconf 81' lang='lat' dir='ltr'><strong>quia</strong></span> <span class='ocrx_word' id='word_1_832' title='bbox 3351 4773 3589 4826; x_wconf 78' lang='lat' dir='ltr'><strong>ccelestis</strong></span> 
     </span>
    </p>
   </div>
   <div class='ocr_carea' id='block_1_110' title="bbox 2017 4864 3584 4934">
    <p class='ocr_par' dir='ltr' id='par_1_110' title="bbox 2017 4864 3584 4934">
     <span class='ocr_line' id='line_1_110' title="bbox 2017 4864 3584 4934; baseline -0.003 -14"><span class='ocrx_word' id='word_1_833' title='bbox 2017 4881 2112 4920; x_wconf 78' lang='lat' dir='ltr'><strong>rex</strong></span> <span class='ocrx_word' id='word_1_834' title='bbox 2141 4879 2267 4919; x_wconf 88' lang='lat' dir='ltr'><strong>suos</strong></span> <span class='ocrx_word' id='word_1_835' title='bbox 2297 4865 2390 4934; x_wconf 91' lang='lat' dir='ltr'><strong>qui</strong></span> <span class='ocrx_word' id='word_1_836' title='bbox 2426 4865 2479 4920; x_wconf 92' lang='lat' dir='ltr'><strong>in</strong></span> <span class='ocrx_word' id='word_1_837' title='bbox 2526 4875 2670 4920; x_wconf 90' lang='lat' dir='ltr'><strong>terra</strong></span> <span class='ocrx_word' id='word_1_838' title='bbox 2711 4866 2981 4921; x_wconf 90' lang='lat' dir='ltr'><strong>habentur</strong></span> <span class='ocrx_word' id='word_1_839' title='bbox 3007 4866 3270 4921; x_wconf 88' lang='lat' dir='ltr'><strong>defendit.</strong></span> <span class='ocrx_word' id='word_1_840' title='bbox 3307 4864 3432 4919; x_wconf 75' lang='lat' dir='ltr'><strong>lltec</strong></span> <span class='ocrx_word' id='word_1_841' title='bbox 3461 4879 3584 4918; x_wconf 93' lang='lat' dir='ltr'><strong>cum</strong></span> 
     </span>
    </p>
   </div>
   <div class='ocr_carea' id='block_1_111' title="bbox 2016 4955 3590 5026">
    <p class='ocr_par' dir='ltr' id='par_1_111' title="bbox 2016 4955 3590 5026">
     <span class='ocr_line' id='line_1_111' title="bbox 2016 4955 3590 5026; baseline -0.001 -15"><span class='ocrx_word' id='word_1_842' title='bbox 2016 4955 2255 5011; x_wconf 91' lang='lat' dir='ltr'><strong>audisset</strong></span> <span class='ocrx_word' id='word_1_843' title='bbox 2282 4968 2564 5026; x_wconf 88' lang='lat' dir='ltr'><strong>tyrannus,</strong></span> <span class='ocrx_word' id='word_1_844' title='bbox 2585 4968 2786 5010; x_wconf 91' lang='lat' dir='ltr'><strong>etcum</strong></span> <span class='ocrx_word' id='word_1_845' title='bbox 2814 4957 2970 5012; x_wconf 88' lang='lat' dir='ltr'><strong>valde</strong></span> <span class='ocrx_word' id='word_1_846' title='bbox 2995 4956 3250 5024; x_wconf 88' lang='lat' dir='ltr'><strong>injuriam</strong></span> <span class='ocrx_word' id='word_1_847' title='bbox 3275 4955 3590 5012; x_wconf 83' lang='lat' dir='ltr'><strong>defenderet</strong></span> 
     </span>
    </p>
   </div>
   <div class='ocr_carea' id='block_1_112' title="bbox 2016 5045 3588 5118">
    <p class='ocr_par' dir='ltr' id='par_1_112' title="bbox 2016 5045 3588 5118">
     <span class='ocr_line' id='line_1_112' title="bbox 2016 5045 3588 5118; baseline -0.001 -18"><span class='ocrx_word' id='word_1_848' title='bbox 2016 5060 2171 5100; x_wconf 90' lang='lat' dir='ltr'><strong>suam</strong></span> <span class='ocrx_word' id='word_1_849' title='bbox 2196 5045 2392 5102; x_wconf 89' lang='lat' dir='ltr'><strong>factam</strong></span> <span class='ocrx_word' id='word_1_850' title='bbox 2423 5063 2516 5117; x_wconf 88' lang='lat' dir='ltr'><strong>per</strong></span> <span class='ocrx_word' id='word_1_851' title='bbox 2544 5048 2805 5117; x_wconf 89' lang='lat' dir='ltr'><strong>linguam,</strong></span> <span class='ocrx_word' id='word_1_852' title='bbox 2835 5049 2990 5117; x_wconf 87' lang='lat' dir='ltr'><strong>jubet</strong></span> <span class='ocrx_word' id='word_1_853' title='bbox 3011 5049 3180 5118; x_wconf 86' lang='lat' dir='ltr'><strong>judici</strong></span> <span class='ocrx_word' id='word_1_854' title='bbox 3213 5048 3325 5117; x_wconf 82' lang='lat' dir='ltr'><strong>jam</strong></span> <span class='ocrx_word' id='word_1_855' title='bbox 3358 5062 3460 5100; x_wconf 90' lang='lat' dir='ltr'><strong>non</strong></span> <span class='ocrx_word' id='word_1_856' title='bbox 3494 5046 3588 5100; x_wconf 84' lang='lat' dir='ltr'><strong>de-</strong></span> 
     </span>
    </p>
   </div>
   <div class='ocr_carea' id='block_1_113' title="bbox 2017 5138 3584 5210">
    <p class='ocr_par' dir='ltr' id='par_1_113' title="bbox 2017 5138 3584 5210">
     <span class='ocr_line' id='line_1_113' title="bbox 2017 5138 3584 5210; baseline -0.002 -15"><span class='ocrx_word' id='word_1_857' title='bbox 2017 5141 2147 5195; x_wconf 89' lang='lat' dir='ltr'><strong>bere</strong></span> <span class='ocrx_word' id='word_1_858' title='bbox 2170 5140 2382 5210; x_wconf 89' lang='lat' dir='ltr'><strong>jurgari</strong></span> <span class='ocrx_word' id='word_1_859' title='bbox 2407 5155 2528 5194; x_wconf 92' lang='lat' dir='ltr'><strong>eum</strong></span> <span class='ocrx_word' id='word_1_860' title='bbox 2560 5142 2627 5195; x_wconf 90' lang='lat' dir='ltr'><strong>ad</strong></span> <span class='ocrx_word' id='word_1_861' title='bbox 2652 5139 2845 5201; x_wconf 87' lang='lat' dir='ltr'><strong>Deum.</strong></span> <span class='ocrx_word' id='word_1_862' title='bbox 2875 5143 2968 5197; x_wconf 90' lang='lat' dir='ltr'><strong>sed</strong></span> <span class='ocrx_word' id='word_1_863' title='bbox 3001 5142 3162 5196; x_wconf 91' lang='lat' dir='ltr'><strong>istum</strong></span> <span class='ocrx_word' id='word_1_864' title='bbox 3192 5157 3348 5202; x_wconf 85' lang='lat' dir='ltr'><strong>quem</strong></span> <span class='ocrx_word' id='word_1_865' title='bbox 3385 5138 3584 5193; x_wconf 60' lang='lat' dir='ltr'><strong>libera-</strong></span> 
     </span>
    </p>
   </div>
   <div class='ocr_carea' id='block_1_114' title="bbox 2021 5231 3586 5298">
    <p class='ocr_par' dir='ltr' id='par_1_114' title="bbox 2021 5231 3586 5298">
     <span class='ocr_line' id='line_1_114' title="bbox 2021 5231 3586 5298; baseline -0.001 -10"><span class='ocrx_word' id='word_1_866' title='bbox 2021 5236 2098 5288; x_wconf 92' lang='lat' dir='ltr'><strong>vit</strong></span> <span class='ocrx_word' id='word_1_867' title='bbox 2137 5235 2277 5289; x_wconf 91' lang='lat' dir='ltr'><strong>Deus</strong></span> <span class='ocrx_word' id='word_1_868' title='bbox 2309 5234 2507 5288; x_wconf 90' lang='lat' dir='ltr'><strong>dimitti</strong></span> <span class='ocrx_word' id='word_1_869' title='bbox 2547 5234 2765 5289; x_wconf 82' lang='lat' dir='ltr'><strong>debere.</strong></span> <span class='ocrx_word' id='word_1_870' title='bbox 2815 5234 2880 5288; x_wconf 89' lang='lat' dir='ltr'><strong>Et</strong></span> <span class='ocrx_word' id='word_1_871' title='bbox 2928 5243 3107 5288; x_wconf 87' lang='lat' dir='ltr'><strong>noster</strong></span> <span class='ocrx_word' id='word_1_872' title='bbox 3147 5235 3311 5298; x_wconf 83' lang='lat' dir='ltr'><strong>igitur</strong></span> <span class='ocrx_word' id='word_1_873' title='bbox 3343 5231 3586 5287; x_wconf 82' lang='lat' dir='ltr'><strong>Ananias</strong></span> 
     </span>
    </p>
   </div>
   <div class='ocr_carea' id='block_1_115' title="bbox 2101 5385 3002 5457">
    <p class='ocr_par' dir='ltr' id='par_1_115' title="bbox 2101 5385 3002 5457">
     <span class='ocr_line' id='line_1_115' title="bbox 2101 5385 3002 5457; baseline -0.002 -17"><span class='ocrx_word' id='word_1_874' title='bbox 2101 5385 2193 5457; x_wconf 83' lang='grc'>56)</span> <span class='ocrx_word' id='word_1_875' title='bbox 2224 5386 2553 5441; x_wconf 77' lang='lat' dir='ltr'><strong>Incredibili.</strong></span> <span class='ocrx_word' id='word_1_876' title='bbox 2579 5386 2682 5440; x_wconf 85' lang='lat' dir='ltr'><strong>Pro</strong></span> <span class='ocrx_word' id='word_1_877' title='bbox 2715 5387 3002 5440; x_wconf 85' lang='lat' dir='ltr'><strong>incredula.</strong></span> 
     </span>
    </p>
   </div>
   <div class='ocr_carea' id='block_1_116' title="bbox 2104 5456 3588 5528">
    <p class='ocr_par' dir='ltr' id='par_1_116' title="bbox 2104 5456 3588 5528">
     <span class='ocr_line' id='line_1_116' title="bbox 2104 5456 3588 5528; baseline -0.002 -17"><span class='ocrx_word' id='word_1_878' title='bbox 2104 5456 2193 5528; x_wconf 82' lang='lat'><strong>57)</strong></span> <span class='ocrx_word' id='word_1_879' title='bbox 2232 5457 2404 5528; x_wconf 62' lang='lat' dir='ltr'><strong>liegno</strong></span> <span class='ocrx_word' id='word_1_880' title='bbox 2433 5473 2547 5510; x_wconf 84' lang='lat' dir='ltr'><strong>vero</strong></span> <span class='ocrx_word' id='word_1_881' title='bbox 2581 5467 2752 5528; x_wconf 70' lang='lat' dir='ltr'><strong>rapto.</strong></span> <span class='ocrx_word' id='word_1_882' title='bbox 2798 5458 2951 5524; x_wconf 82' lang='lat' dir='ltr'><strong>Quod</strong></span> <span class='ocrx_word' id='word_1_883' title='bbox 2983 5457 3195 5510; x_wconf 79' lang='lat' dir='ltr'><strong>violenti</strong></span> <span class='ocrx_word' id='word_1_884' title='bbox 3237 5456 3473 5525; x_wconf 79' lang='lat' dir='ltr'><strong>rapiunt,</strong></span> <span class='ocrx_word' id='word_1_885' title='bbox 3533 5465 3588 5510; x_wconf 93' lang='lat' dir='ltr'><strong>ut</strong></span> 
     </span>
    </p>
   </div>
   <div class='ocr_carea' id='block_1_117' title="bbox 2011 5526 2672 5591">
    <p class='ocr_par' dir='ltr' id='par_1_117' title="bbox 2011 5526 2672 5591">
     <span class='ocr_line' id='line_1_117' title="bbox 2011 5526 2672 5591; baseline -0.009 -7"><span class='ocrx_word' id='word_1_886' title='bbox 2011 5526 2212 5584; x_wconf 83' lang='lat' dir='ltr'><strong>dicitur</strong></span> <span class='ocrx_word' id='word_1_887' title='bbox 2235 5526 2422 5580; x_wconf 82' lang='lat' dir='ltr'><strong>Matth.</strong></span> <span class='ocrx_word' id='word_1_888' title='bbox 2466 5543 2541 5591; x_wconf 74' lang='lat' dir='ltr'><strong>XI,</strong></span> <span class='ocrx_word' id='word_1_889' title='bbox 2591 5527 2672 5578; x_wconf 70' lang='grc'><strong>12.</strong></span> 
     </span>
    </p>
   </div>
   <div class='ocr_carea' id='block_1_118' title="bbox 2080 5595 3226 5665">
    <p class='ocr_par' dir='ltr' id='par_1_118' title="bbox 2080 5595 3226 5665">
     <span class='ocr_line' id='line_1_118' title="bbox 2080 5595 3226 5665; baseline -0.005 -13"><span class='ocrx_word' id='word_1_890' title='bbox 2080 5597 2191 5665; x_wconf 81' lang='grc'>(58)</span> <span class='ocrx_word' id='word_1_891' title='bbox 2227 5596 2325 5651; x_wconf 81' lang='lat' dir='ltr'><strong>Ms.</strong></span> <span class='ocrx_word' id='word_1_892' title='bbox 2361 5595 2658 5650; x_wconf 53' lang='lat' dir='ltr'><strong>{Estimans</strong></span> <span class='ocrx_word' id='word_1_893' title='bbox 2686 5595 2836 5662; x_wconf 79' lang='lat' dir='ltr'><strong>fortis</strong></span> <span class='ocrx_word' id='word_1_894' title='bbox 2858 5598 3226 5653; x_wconf 79' lang='lat' dir='ltr'><strong>constantiam.</strong></span> 
     </span>
    </p>
   </div>
   <div class='ocr_carea' id='block_1_119' title="bbox 2083 5666 3505 5738">
    <p class='ocr_par' dir='ltr' id='par_1_119' title="bbox 2083 5666 3505 5738">
     <span class='ocr_line' id='line_1_119' title="bbox 2083 5666 3505 5738; baseline 0 -20"><span class='ocrx_word' id='word_1_895' title='bbox 2227 5666 2329 5738; x_wconf 68' lang='lat' dir='ltr'><strong>his.</strong></span> <span class='ocrx_word' id='word_1_896' title='bbox 2367 5666 2737 5738; x_wconf 56' lang='lat' dir='ltr'><strong>[inponebatur</strong></span> <span class='ocrx_word' id='word_1_897' title='bbox 2764 5667 2930 5721; x_wconf 78' lang='lat' dir='ltr'><strong>vivens</strong></span> <span class='ocrx_word' id='word_1_898' title='bbox 2961 5669 3253 5720; x_wconf 82' lang='lat' dir='ltr'><strong>immolatio</strong></span> <span class='ocrx_word' id='word_1_899' title='bbox 3285 5667 3336 5719; x_wconf 76' lang='lat' dir='ltr'><strong>in</strong></span> <span class='ocrx_word' id='word_1_900' title='bbox 3368 5667 3505 5735; x_wconf 79' lang='lat' dir='ltr'><strong>igne.</strong></span> 
     </span>
    </p>
   </div>
   <div class='ocr_carea' id='block_1_120' title="bbox 2082 5734 3127 5808">
    <p class='ocr_par' dir='ltr' id='par_1_120' title="bbox 2082 5734 3127 5808">
     <span class='ocr_line' id='line_1_120' title="bbox 2082 5734 3127 5808; baseline 0 -18"><span class='ocrx_word' id='word_1_901' title='bbox 2082 5734 2194 5808; x_wconf 82' lang='lat'><strong>(60)</strong></span> <span class='ocrx_word' id='word_1_902' title='bbox 2238 5734 2594 5792; x_wconf 82' lang='lat' dir='ltr'><strong>Ntmtiautur.</strong></span> <span class='ocrx_word' id='word_1_903' title='bbox 2633 5736 2798 5800; x_wconf 80' lang='lat' dir='ltr'><strong>Forte</strong></span> <span class='ocrx_word' id='word_1_904' title='bbox 2836 5741 3127 5794; x_wconf 82' lang='lat' dir='ltr'><strong>nuntiatur.</strong></span> 
     </span>
    </p>
   </div>
   <div class='ocr_carea' id='block_1_121' title="bbox 3195 5899 3269 5958">
    <p class='ocr_par' dir='ltr' id='par_1_121' title="bbox 3195 5899 3269 5958">
     <span class='ocr_line' id='line_1_121' title="bbox 3195 5899 3269 5958; baseline 0.027 -2"><span class='ocrx_word' id='word_1_905' title='bbox 3195 5899 3269 5958; x_wconf 72' lang='lat'><strong>33</strong></span> 
     </span>
    </p>
   </div>
  </div>
