4134 6396
522 335 660 390 1099

1233 329 1500 387 EUSEBII
1539 327 2012 390 CAESABIENSIS
2049 327 2197 385 OPP.
2239 329 2418 385 PARS
2453 329 2542 384 IV.
2581 361 2649 369 -—
2685 329 3103 390 DOGMATICA.

3620 334 3761 390 “00

522 451 668 504 velut
699 464 766 504 ex
806 448 927 519 igne
953 446 1258 502 dimittitur.
1287 446 1460 502 Judex
1483 458 1660 501 autem
1686 448 1968 502 blandiens
2000 457 2080 517 ty-
2115 453 2162 508 Α
2189 449 2350 502 senti.
2393 448 2592 502 lterum
2625 442 2729 518 ‘qui
2781 449 3044 505 inciderat
3087 450 3352 516 medicus,
3409 451 3762 506 constituitur

526 556 716 604 rantto,
767 540 983 609 iniquus
1029 539 1308 592 voluntate
1361 549 1414 593 et
1463 541 1761 610 proposito,
1809 538 1928 593 sine
1983 537 2090 592 Deo

523 631 744 700 degens,
771 631 993 700 cupiens
1027 629 1160 683 nihil
1199 630 1390 685 deesse
1426 630 1816 685 blandimentis
1839 630 1972 694 suis,
2008 629 2092 683 in-

522 723 670 776 venit
694 721 876 775 nescio
907 719 1032 788 quid
1069 735 1263 774 novum
1294 719 1557 774 adversus
1579 729 1851 785 sanctum,
1887 720 2091 774 addens

521 812 935 865 admirationem
993 811 1462 865 admirationibtts.
1519 809 1656 878 Quid
1719 812 1864 865 enim
1922 809 2092 866 facit?

523 905 765 974 praecipit
797 903 1033 972 linguam
1074 917 1177 969 qua
1218 901 1396 956 fuerat
1443 902 1652 958 locutus
1689 904 1740 956 in
1783 903 2082 970 hominem,

522 1011 587 1049 eo
619 997 760 1063 quod
805 1009 908 1048 non
967 1002 1257 1064 negaverat
1305 994 1495 1061 Deum,
1537 995 1721 1049 incidi.
1765 993 1828 1048 Et
1871 995 2089 1064 quidam

524 1087 768 1142 medicus
801 1087 888 1154 qui
920 1087 1031 1155 jam
1080 1094 1263 1139 ruerat
1303 1100 1406 1138 non
1455 1087 1734 1155 proposito
1770 1086 1863 1141 sed
1911 1088 2093 1142 carnis

522 1179 874 1242 inlirmitate;
929 1178 1051 1247 quia
1093 1178 1237 1233 enim
1280 1180 1394 1247 ipse
1436 1177 1612 1232 fuerat
1658 1188 1946 1247 superatus
1976 1179 2093 1233 exi-

522 1271 632 1336 vit;
657 1272 918 1326 exsultari
949 1271 1079 1324 libet
1107 1271 1172 1325 de
1204 1270 1430 1324 victoria
1460 1270 1764 1339 superantis
1792 1287 1806 1324 :
1839 1271 2092 1340 provenit

525 1376 702 1417 autem
741 1365 904 1418 istum
953 1374 1172 1430 portare
1222 1361 1562 1417 medicinalia
1604 1373 1973 1431 operamenta.
2030 1363 2093 1417 Et

523 1456 690 1510 exivit
725 1465 784 1510 ut
823 1455 1192 1510 consolaretur
1234 1470 1386 1509 suam
1437 1455 1648 1508 ruinam
1680 1471 1693 1506 :
1732 1454 1982 1509 inventus
2011 1463 2093 1508 est

526 1549 576 1602 in
618 1549 777 1601 aliam
817 1548 1164 1601 tentationem
1201 1545 1497 1600 incurrere.
1531 1545 1811 1614 Praecepto
1833 1546 1973 1600 enim
2001 1547 2089 1617 ju-

524 1639 662 1693 dicis
692 1639 980 1693 insistente
1015 1647 1072 1690 ut
1104 1637 1282 1704 lingua
1309 1637 1640 1690 incideretur
1667 1637 1861 1698 sancti,
1885 1645 1939 1690 et
1966 1640 2090 1707 quia

527 1731 774 1785 inventus
813 1741 895 1784 est
927 1729 1016 1782 ille
1048 1736 1232 1798 parata
1269 1728 1478 1782 habens
1516 1730 1581 1781 ad
1609 1727 1768 1783 iStam
1797 1730 2093 1783 necessita-

524 1833 632 1876 tem
666 1823 1028 1885 ferramenta,
1062 1820 1353 1889 urgebatur
1390 1819 1632 1873 incidere
1679 1833 1838 1888 quam
1877 1820 2092 1875 nolebat

525 1917 787 1987 linguam.
831 1917 896 1969 Et
927 1915 1114 1970 incidit
1143 1915 1357 1984 quidem
1384 1928 1398 1967 :
1432 1929 1556 1968 cum
1585 1924 1766 1968 autem
1794 1914 2091 1979 incidisset,

524 2008 699 2076 ipsam
739 2007 972 2076 linguam
1003 2022 1134 2061 usus
1165 2014 1248 2060 est
1280 2005 1344 2059 ad
1385 2005 1604 2060 tutelam
1633 2005 1715 2060 sui
1751 2023 1766 2059 :
1805 2021 1910 2061 non
1949 2008 2093 2061 enim

525 2096 752 2164 proiecit
790 2112 951 2164 quam
992 2095 1200 2159 incidit,
1234 2096 1326 2148 sed
1373 2097 1648 2163 accipiens
1693 2110 1833 2160 eam,
1875 2106 1936 2150 ut
1984 2113 2094 2151 me-

524 2189 770 2242 dicamen
804 2189 870 2240 ad
901 2187 1188 2241 sanitatem
1222 2187 1365 2241 illius
1403 2187 1585 2241 delicti
1619 2190 1761 2256 quod
1796 2190 2094 2244 admiserat

523 2278 592 2329 ah
637 2277 906 2346 negando,
949 2277 1226 2344 accipiens
1259 2277 1401 2331 domi
1454 2278 1719 2343 recondit,
1772 2288 1828 2332 ut
1870 2295 2095 2334 consue-

525 2377 651 2421 runt
686 2369 796 2439 (6i)
845 2369 1192 2434 inlirmiores,
1248 2367 1431 2423 fideles
1477 2377 1678 2436 tamen,
1726 2371 1992 2427 honorare
2048 2372 2092 2427 si

522 2461 652 2529 quid
687 2476 713 2513 a
743 2460 1073 2531 martyribus
1103 2458 1452 2528 sumpserint.
1486 2460 1625 2515 Dicit
1647 2470 1827 2516 autem
1859 2462 2096 2518 medico-

525 2566 642 2604 rum
676 2551 947 2614 doctrina,
975 2559 1311 2606 contestatur
1334 2551 1497 2606 etiam
1527 2561 1580 2606 et
1603 2563 1816 2618 natura,
1847 2554 1970 2617 quia
1996 2554 2096 2608 lin-

522 2657 639 2711 εαξη
666 2642 872 2706 incisio,
896 2643 1200 2698 interfectio
1216 2651 1300 2698 est
1314 2643 1432 2713 ejus
1450 2657 1479 2696 a
1504 2657 1611 2712 quo
1633 2644 1884 2700 inciditur
1908 2661 2096 2716 :opor-

526 2733 674 2806 tehat
711 2742 890 2787 autem
925 2743 982 2786 et
1008 2735 1247 2788 secundo
1279 2750 1307 2786 a
1348 2743 1520 2789 morte
1551 2735 1766 2790 liberari
1798 2745 2093 2809 martyrem

524 2823 726 2877 Christi
756 2841 769 2877 :
797 2837 926 2886 ergo
953 2838 1077 2878 cum
1107 2824 1416 2892 producunt
1446 2825 1601 2880 nobis
1622 2823 1793 2881 Judaei
1827 2837 1939 2882 tres
1965 2843 2097 2894 pue-

525 2927 636 2977 ros,
661 2913 713 2966 in
736 2929 841 2969 uno
866 2915 969 2968 tria
995 2915 1341 2984 proferimus.
1370 2915 1432 2968 Et
1453 2915 1564 2982 jam
1591 2917 1808 2986 quidem
1833 2919 2096 2976 habemus

524 3005 632 3057 duo
672 3004 940 3059 mirabilia
987 3024 1008 3062 ι
1059 3004 1328 3060 ﬂammam
1382 3022 1450 3061 ne
1503 3008 1721 3076 quidem
1781 3024 2096 3066 concessam

524 3095 794 3150 flammam
847 3096 998 3163 ﬁeri;
1072 3111 1195 3167 post
1253 3099 1570 3154 incisionem
1632 3100 1846 3171 linguae,
1909 3104 2164 3196 vitanz,c

525 3202 685 3256 quam
736 3197 926 3242 natura
964 3189 1177 3257 quidem
1226 3204 1330 3243 non
1362 3189 1670 3256 confitetur,
1717 3195 1888 3262 gratia
1917 3205 2094 3250 autem

522 3280 746 3333 addidit.
780 3277 878 3334 Ubi
899 3294 1028 3350 ergo
1049 3279 1202 3335 tertia
1231 3280 1518 3336 admiratio
1550 3293 1631 3335 est
1659 3282 1724 3336 de
1745 3285 1930 3338 eodem
1955 3301 2098 3339 mar-

525 3384 642 3443 tyre
681 3373 920 3427 Christi?
954 3373 1333 3428 Adducebatur
1364 3373 1638 3430 Romanus
1677 3376 1743 3430 ad
1769 3391 2046 3432 carcerem
2078 3397 2092 3434 :

523 3464 757 3520 addebat
821 3477 999 3520 autem
1051 3476 1102 3520 et
1145 3465 1248 3521 hoc
1287 3466 1516 3522 blandus
1569 3470 1636 3524 ad
1679 3481 1962 3534 tyrannum
2004 3470 2094 3540 ju-

521 3557 646 3620 dex,
697 3557 784 3625 qui
838 3557 995 3611 istam
1044 3557 1377 3626 corporalem
1411 3557 1646 3628 linguam
1687 3575 1794 3615 non
1843 3561 2092 3616 habebat.

520 3645 744 3702 Lectum
773 3656 855 3702 est
881 3659 1061 3704 autem
1102 3649 1280 3713 nobis,
1318 3649 1444 3718 quia
1478 3650 1532 3704 in
1561 3651 1837 3721 apostolos
1863 3651 2096 3723 Spiritus

521 3740 736 3810 linguas
770 3748 829 3793 ut
864 3741 1040 3808 ignem
1076 3740 1262 3794 divisit
1294 3748 1348 3794 et
1381 3741 1622 3797 donavit.
1658 3741 1765 3798 Sed
1798 3743 1945 3798 illum
1988 3759 2092 3798 non

521 3832 776 3892 vidimus,
823 3831 915 3884 sed
956 3831 1256 3884 audivimus
1287 3841 1341 3883 et
1374 3831 1663 3887 credimus.
1714 3833 1867 3900 Quod
1914 3844 2092 3888 autem

521 3925 764 3978 dicturus
788 3937 930 3984 sum,
961 3922 1111 3975 multi
1145 3923 1321 3977 vultus
1356 3923 1468 3994 (62)
1511 3933 1637 3978 sunt
1669 3934 1853 3980 teStes.
1889 3926 2092 3980 Dicitur

520 4013 645 4082 quia
693 4013 886 4066 beatus
934 4012 1036 4065 iste
1074 4013 1372 4078 ltomanns,
1426 4015 1552 4067 dum
1612 4014 1789 4069 adhuc
1838 4030 2091 4070 carneam

521 4103 753 4158 habebat
791 4103 1050 4170 linguam,
1081 4104 1278 4159 similia
1308 4105 1477 4175 Moysi
1508 4105 1846 4174 loquebatur,
1881 4107 1982 4161 hoc
2012 4117 2097 4163 est

519 4192 844 4255 balbutiens,
893 4200 947 4246 et
976 4208 1078 4245 non
1119 4194 1412 4261 composite
1451 4193 1698 4262 loquens.
1736 4194 1872 4248 Dum
1913 4193 2092 4250 adhuc

525 4285 751 4338 haberet
791 4292 957 4336 totam
1007 4282 1264 4351 linguam,
1310 4292 1362 4339 et
1410 4298 1513 4338 non
1565 4293 1749 4354 posset
1795 4285 2096 4354 composite

520 4372 690 4442 loqui,
721 4382 838 4428 erat
862 4373 1072 4427 balbus.
1107 4373 1207 4438 Qui
1239 4381 1417 4427 autem
1447 4387 1723 4428 carcerem
1754 4374 2090 4442 ingredieba-

520 4471 607 4518 tur
642 4474 825 4520 custos
851 4464 1485 4535 carceris.interrogavit
1511 4479 1658 4528 eum,
1690 4465 1834 4534 quod
1860 4465 1910 4520 ei
1941 4474 2090 4521 esset
2127 4496 2171 4553 ο

516 4570 712 4610 nomen
733 4566 814 4610 :et
844 4567 996 4611 certe
1024 4556 1218 4611 litterae
1240 4555 1351 4626 (63)
1373 4556 1486 4625 jam
1523 4556 1608 4611 his
1637 4556 1729 4624 qui
1761 4555 1918 4611 valde
1947 4571 2096 4612 com-

516 4645 677 4715 positi
707 4656 854 4702 recte
882 4647 1196 4715 loquuntur,
1225 4647 1447 4716 impedit
1468 4649 1534 4700 ad
1559 4647 1907 4714 loquendum.
1941 4647 2093 4702 Nunc

517 4743 696 4788 autem
728 4733 1002 4790 Romanus
1031 4747 1083 4791 et
1111 4737 1282 4791 incisa
1330 4737 1540 4807 lingua;
1578 4753 1739 4808 quam
1773 4753 1896 4792 cum
1933 4738 2096 4794 habe-

519 4836 602 4880 ret
630 4825 764 4897 (64),
796 4839 848 4879 et
875 4838 1019 4881 recte
1048 4827 1190 4897 loqui
1223 4844 1327 4882 non
1357 4838 1604 4898 poterat;
1637 4828 1873 4896 Spiritus
1899 4827 2091 4898 linguae

516 4916 774 4985 loquitur,
829 4926 883 4970 et
925 4917 1081 4970 valde
1123 4919 1446 4984 rectissime,
1501 4929 1555 4974 et
1601 4919 1754 4983 dicit,
1809 4918 2088 4976 Romanus

514 5009 686 5064 dicor.
715 5008 914 5063 lterum
947 5008 1224 5062 nuntiatur
1258 5011 1361 5065 hoc
1387 5010 1556 5080 judici
1589 5020 1643 5065 et
1675 5018 1906 5079 tyranno
1940 5025 2082 5080 prte-

604 5103 648 5134 "’
678 5104 695 5157 Ι
727 5103 853 5158 Cor.
890 5119 1002 5166 xw,
1031 5104 1120 5157 2‘2.
1193 5104 1237 5134 ⁸⁸
1258 5103 1424 5160 Marc.
1455 5121 1571 5171 vm,
1605 5105 1694 5159 55.

587 5198 699 5269 (6|)
744 5195 808 5249 Ut
837 5213 1172 5250 consuerunt.
1208 5196 1277 5250 Ut
1307 5200 1470 5251 solent
1512 5199 1831 5266 inﬁrmiores
1867 5197 2006 5252 clam
2040 5208 2094 5254 et

516 5267 659 5320 domi
682 5267 1001 5320 reconditas
1029 5277 1322 5337 martyrum
1355 5270 1610 5337 reliquias
1637 5269 1940 5332 honorare;
1971 5284 2090 5323 cum

517 5339 772 5390 fortiores
804 5339 976 5404 palam
1015 5337 1064 5388 id
1095 5337 1333 5389 facerent
1361 5354 1374 5391 :
1425 5347 1544 5391 erat
1573 5350 1757 5393 autem
1799 5339 1889 5391 ille
1922 5341 2092 5392 medi-

515 5424 606 5459 cus
657 5408 829 5460 carnis
901 5408 1208 5474 inﬁrmitate
1273 5408 1472 5477 lapsus,
1535 5408 1676 5462 sicut
1749 5410 1906 5477 paulo
1971 5419 2096 5464 ante

516 5478 739 5529 dietum.

589 5547 698 5615 (0‘2)
747 5545 956 5617 Vultus.
984 5550 1305 5617 Πρόσωπα,
1339 5559 1599 5617 aspectus.

541 5685 551 5687 _
591 5619 701 5685 (ϋῦ)
743 5616 978 5670 Litterae.
1001 5616 1158 5672 Forte
1191 5616 1407 5682 littera,
1434 5630 1488 5672 ut
1533 5632 1723 5672 sensus
1762 5618 1831 5671 sit
1862 5637 1873 5671 :
1909 5617 2088 5673 littera

523 5683 563 5734 ιι
591 5683 708 5754 quae
730 5701 870 5754 aegre
900 5690 1276 5755 pronuntiatur
1310 5693 1473 5745 etiam
1505 5689 1571 5742 ab
1611 5689 1676 5742 iis
1719 5691 1810 5756 qui
1844 5704 1908 5741 os
1943 5701 2087 5746 recte

522 5757 877 5812 contoositum
916 5759 1119 5814 habent
1149 5759 1214 5814 ad
1250 5759 1594 5819 loquendum.
1627 5773 1791 5818 nunc.
1828 5770 1933 5814 etc.

2192 539 2242 592 in
2290 540 2499 594 timore.
2545 539 2738 627 Etiam,
2785 541 2985 610 inquit,
3036 544 3138 598 iste
3189 543 3365 597 adhuc
3411 543 3762 600 Christianus

2189 643 2307 686 est:
2343 642 2400 686 ut
2429 633 2582 686 fratri
2613 649 2842 702 parcens
2866 636 3191 704 contempsit
3213 645 3567 705 praeceptum.
3597 635 3764 690 Forte

2189 732 2368 778 autem
2397 723 2505 790 ille,
2534 726 2756 794 cupiens
2788 735 2904 793 post
2940 726 3256 782 incisionem
3291 728 3487 798 linguae
3529 743 3634 783 non
3662 743 3762 784 su-

2190 826 2410 880 peresse
2452 824 2765 883 martyrem,
2817 825 2871 868 et
2915 816 3102 885 majori
3170 831 3424 870 mensura
3469 817 3655 872 incidit
3693 819 3762 872 ad

2192 901 2618 957 interfectionem
2651 905 2825 971 potius
2847 919 3006 973 quam
3036 905 3102 958 ad
3128 906 3526 975 praecisionem.
3554 907 3762 962 Tamen

2190 995 2618 1062 comprehensus
2659 994 2898 1050 medicus
2945 996 3246 1050 ducebatur
3287 996 3354 1050 ad
3388 996 3652 1064 judicem,
3703 1005 3765 1052 et

2194 1085 2464 1154 negotium
2521 1086 2771 1148 habebat,
2827 1101 2925 1140 cur
2982 1085 3387 1156 loqueretur.is
3439 1089 3524 1143 cui
3587 1089 3764 1145 incisa

2192 1175 2365 1231 fuerat
2413 1176 2614 1246 lingua.
2652 1175 2766 1230 Non
2800 1177 2944 1232 enim
2982 1177 3150 1232 semel
3183 1177 3392 1234 locutus
3427 1181 3620 1246 tacuit,
3667 1181 3763 1236 sed

2193 1266 2506 1320 conferebat
2533 1283 2655 1322 cum
2683 1266 2804 1322 aliis
2833 1269 2899 1324 de
2925 1283 3090 1324 cruce
3117 1279 3171 1323 et
3200 1270 3428 1325 victoria
3455 1271 3678 1336 Christi,
3708 1281 3769 1328 et

2193 1358 2294 1412 hoc
2323 1357 2503 1413 multis
2526 1359 2801 1413 mensibus
2843 1359 2896 1412 in
2935 1374 3157 1415 carcere
3189 1363 3542 1418 constitutus.
3582 1362 3764 1418 Habe-

2193 1465 2312 1504 mus
2341 1465 2469 1520 ergo
2503 1458 2556 1504 et
2593 1451 2805 1505 tertiam
2841 1451 3280 1517 admirationem,
3313 1462 3369 1507 et
3402 1470 3540 1508 unus
3567 1454 3765 1510 Eccle-

2191 1542 2285 1596 sia:
2313 1542 2657 1620 martyrjam
2685 1551 2930 1612 aequatur
2967 1543 3140 1598 tribus
3175 1559 3238 1597 ex
3279 1541 3585 1614 Synagoga.
3626 1546 3763 1600 Cum

2193 1642 2374 1686 autem
2419 1635 2688 1703 negotium
2726 1642 3002 1703 pateretur
3032 1634 3295 1699 medicus,
3332 1644 3392 1690 ut
3427 1637 3762 1692 condiscatis

2192 1734 2452 1793 quantum
2483 1725 2606 1780 boni
2644 1725 2736 1788 sit,
2767 1732 2821 1778 et
2850 1723 3032 1778 brevis
3060 1725 3274 1793 quidam
3309 1727 3446 1781 ictus
3499 1727 3766 1795 religiosi-

2124 1797 2164 1851 Β
2197 1817 2344 1870 tatis.
2386 1815 2522 1882 Quia
2565 1816 2706 1870 enim
2749 1816 2928 1872 tutelae
2969 1833 3132 1872 causa
3171 1827 3458 1888 acceperat
3497 1819 3765 1889 linguam,

2195 1908 2321 1978 quia
2362 1908 2416 1963 in
2448 1909 2659 1964 ratione
2700 1909 2890 1965 salutis
2921 1909 3231 1965 thesaurum
3274 1911 3593 1966 reconderat
3618 1912 3766 1977 sibi,

2193 2000 2393 2054 exhinc
2442 2000 2553 2070 jam
2595 2003 2806 2070 accepit
2850 1999 3084 2056 fructum
3117 2000 3261 2056 fidei.
3291 2001 3467 2058 Judici
3503 2003 3647 2057 enim
3685 2003 3773 2057 in-

2192 2090 2431 2162 dignanti
2452 2102 2505 2146 et
2534 2093 2906 2158 comminantt,
2936 2102 2991 2148 et
3015 2092 3126 2160 jam
3171 2107 3292 2149 eum
3327 2093 3636 2149 interﬁcere
3669 2110 3772 2148 vo-

2195 2182 2322 2238 lenti
2341 2183 2617 2250 respondit
2637 2185 2872 2240 medicus
2897 2204 2910 2240 :
2933 2183 3112 2240 Habeo
3133 2185 3366 2254 linguam
3387 2201 3546 2254 quam
3574 2186 3772 2241 incidi.

2193 2273 2526 2329 Producatur
2574 2275 2732 2340 alius,
2765 2277 2852 2330 cui
2895 2291 2999 2330 non
3046 2276 3264 2331 assistit
3285 2276 3447 2344 Deus,
3477 2287 3532 2331 et
3571 2291 3776 2333 secun-

2194 2365 2318 2419 dum
2349 2380 2658 2420 mensuram
2691 2367 2872 2422 incisa:
2905 2367 3117 2438 linguai,
3166 2369 3434 2424 incidatur
3462 2369 3679 2437 lingua;
3710 2376 3774 2423 et

2193 2454 2237 2509 si
2269 2453 2501 2516 vixerit,
2548 2471 2726 2510 meum
2755 2468 3118 2512 commentum
3152 2469 3257 2522 est,
3306 2468 3358 2513 et
3393 2473 3497 2514 non
3542 2459 3637 2513 Dei
3665 2459 3770 2514 de-

2193 2544 2386 2600 fensio.
2423 2544 2749 2601 Producitur
2777 2549 2994 2618 quidam
3024 2550 3419 2614 damnatorum,
3453 2558 3509 2605 et
3529 2549 3732 2620 diligen
3752 2581 3774 2592 -

2195 2633 2404 2689 tissime
2435 2649 2686 2690 mensura
2727 2647 2946 2704 accepta
2975 2677 2990 2704 ,
3019 2639 3190 2692 incisa
3238 2639 3400 2693 etiam
3442 2639 3621 2710 lingua
3659 2649 3772 2704 est,

2193 2740 2312 2795 qua:
2341 2725 2584 2782 habebat“
2611 2727 2774 2782 incidi
2827 2727 3056 2783 Tantum
3089 2739 3146 2784 ut
3179 2729 3398 2799 impleta
3432 2731 3625 2786 incisio
3652 2739 3772 2798 est,

2193 2827 2250 2872 et
2286 2815 2409 2872 ﬁnis
2436 2817 2552 2886 ejus
2597 2817 2896 2889 completus
2924 2829 3008 2875 est
3040 2821 3180 2875 vitae.
3218 2821 3284 2876 Et
3313 2822 3402 2876 ille
3434 2822 3650 2892 quidem
3680 2831 3774 2878 est

2195 2919 2467 2965 mortuus.
2516 2911 2613 2966 Dei
2653 2921 2833 2966 autem
2865 2928 2933 2968 ex
2969 2915 3376 2983 comparatione
3422 2917 3769 2970 tenebrarum

2196 3002 2493 3072 apparebat
2525 3003 2890 3060 clarissimum
2922 3005 3128 3061 lumen.
3160 3005 3218 3060 Si
3248 3007 3371 3075 quis
3398 3014 3578 3061 autem
3609 3004 3773 3060 inﬁr-

2201 3109 2319 3150 mus
2357 3105 2413 3152 et
2433 3096 2743 3153 incredulus
2780 3105 2885 3163 est,
2935 3099 3088 3169 signa
3122 3108 3300 3154 autem
3348 3099 3674 3163 intidelibus,
3708 3107 3774 3152 ut

2199 3187 2332 3242 dicit
2374 3187 2655 3256 Scriptura
2678 3189 2744 3252 ",
2781 3190 3043 3246 habemus
3076 3190 3189 3245 haec
3233 3189 3477 3259 proferre
3503 3206 3621 3260 quae
3664 3205 3774 3244 au-

2199 3275 2451 3330 divimus.
2484 3275 2551 3330 Et
2581 3287 2730 3332 certe
2771 3291 2880 3332 non
2912 3287 3114 3332 tantum
3153 3293 3322 3348 egena
3369 3289 3454 3334 est
3487 3278 3771 3342 Ecclesia;

2197 3368 2291 3423 sed
2333 3377 2390 3423 et
2419 3368 2485 3423 de
2513 3368 2620 3424 alio
2655 3369 2836 3424 audivi
2861 3384 2995 3440 ego,
3022 3369 3150 3440 quia
3191 3371 3272 3423 vir
3309 3371 3524 3439 quidam
3563 3371 3630 3424 ad
3671 3370 3776 3424 be-

2199 3458 2330 3514 Stias
2363 3459 2561 3514 missus
2599 3468 2716 3523 est,
2742 3475 2773 3514 a
2810 3461 2998 3516 bestiis
3037 3471 3216 3518 autem
3249 3475 3353 3514 non
3386 3471 3774 3532 consumptus,

2199 3559 2258 3604 ut
2307 3550 2511 3615 Daniel,
2557 3549 2816 3607 Ecclesia:
2864 3552 3136 3608 referebat
3180 3551 3444 3607 mirabilia
3497 3552 3612 3608 Dei.
3658 3552 3773 3608 Sed

2198 3658 2304 3697 non
2333 3644 2404 3697 sit
2435 3643 2567 3698 mihi
2591 3645 2844 3715 colligere
2873 3645 3020 3699 talia.
3054 3645 3158 3700 Ista
3187 3645 3331 3700 enim
3364 3645 3776 3714 supportatoria

2199 3734 2584 3790 inﬁrmantium
2620 3736 2904 3804 habentur,
2930 3737 3048 3792 istae
3074 3737 3474 3794 satisfactiones
3505 3745 3631 3792 sunt
3663 3753 3778 3793 non

2197 3826 2555 3880 credentium.
2610 3827 2716 3882 Sed
2767 3843 2941 3897 neque
2995 3831 3098 3884 ista
3151 3845 3366 3898 sperno,
3418 3844 3520 3884 nec
3566 3831 3776 3885 abnuo.

2195 3916 2539 3972 Glorificetur
2605 3929 2784 3974 autem
2846 3929 2898 3974 et
2945 3920 2998 3974 in
3060 3921 3179 3975 istis
3241 3921 3561 3975 mirificator
3607 3921 3778 3976 Deus.

2198 4009 2370 4078 Diligo
2403 4018 2585 4064 autem
2614 4025 2736 4065 cum
2771 4011 2932 4066 video
2959 4011 3122 4066 incidi
3154 4011 3332 4081 capita
3365 4022 3690 4082 martyrum,
3716 4021 3780 4066 et

2199 4110 2368 4155 totum
2411 4115 2607 4170 corpus
2638 4102 2854 4164 ardere.
2894 4113 2950 4157 et
2985 4102 3225 4172 virgines
3251 4103 3423 4158 nudas
3453 4118 3558 4156 non
3593 4103 3779 4157 irreli-

2196 4195 2362 4265 giosis
2391 4194 2584 4259 oculis,
2618 4194 2810 4250 amicis
2831 4204 3008 4249 autem
3039 4205 3094 4250 et
3130 4195 3406 4250 fraternis.
3441 4194 3583 4250 Nihil
3624 4197 3781 4249 enim

2199 4287 2392 4340 horum
2425 4287 2672 4342 terribile
2696 4287 2883 4341 vident
2912 4285 3132 4352 fratres,
3167 4288 3293 4355 quia
3326 4302 3424 4342 nec
3461 4287 3776 4357 patiuntur.

2198 4376 2317 4433 lstze
2357 4385 2484 4431 sunt
2515 4377 2722 4445 gloria,
2758 4377 2876 4432 istae
2909 4387 3107 4432 nostras
3144 4377 3481 4433 dilectiones.
3531 4377 3598 4430 Et
3647 4376 3781 4445 qui-

2197 4471 2316 4522 dem
2345 4470 2435 4538 qui
2471 4469 2724 4523 inciditur
2762 4468 2961 4538 capite,
2999 4468 3220 4522 habebit
3247 4477 3410 4536 caput
3445 4468 3496 4521 in
3524 4467 3777 4537 judicio;

2197 4559 2322 4628 quia
2354 4559 2445 4628 qui
2490 4561 2644 4614 ardet
2685 4567 2849 4622 totus,
2885 4557 3255 4613 holocaustum
3304 4558 3414 4612 Deo
3443 4558 3648 4613 viventi
3683 4557 3778 4612 of-

2196 4648 2387 4704 fertur.
2419 4649 2486 4704 Et
2525 4652 2674 4721 virgo
2709 4651 2925 4715 nudata,
2959 4663 3064 4703 non
3099 4650 3275 4714 nuda;
3315 4650 3478 4704 habet
3501 4650 3647 4704 enim
3691 4651 3773 4702 in-

2196 4741 2508 4796 dumentum
2543 4739 2925 4810 incorruptelte
2958 4755 3087 4795 sum.
3132 4740 3303 4796 Nemo
3344 4741 3490 4796 dicat
3517 4739 3776 4810 martyri-

2198 4830 2338 4886 bus:
2371 4831 2738 4888 Misericordia
2779 4850 2809 4886 a
2851 4833 3002 4888 vobis
3031 4831 3143 4904 (65)
3176 4835 3243 4887 ab
3291 4833 3394 4896 his,
3436 4832 3667 4899 fratres;
3707 4845 3776 4886 ne

2197 4923 2337 4980 forte
2365 4927 2663 4980 imitatores
2690 4925 2894 4980 Christi
2934 4940 3119 4980 vocem
3148 4927 3314 4979 etiam
3341 4927 3461 4995 ejus
3493 4927 3782 4980 mittentes

2193 5016 2556 5086 respondeant
2581 5015 2922 5070 dicentibus:
2975 5014 3114 5069 Vade
3151 5029 3284 5070 retro
3339 5033 3440 5080 me,
3476 5016 3682 5072 Satana
3709 5015 3778 5070 ⁸⁸.

2271 5197 2386 5270 (64)
2446 5197 2618 5261 Quam
2665 5212 2783 5250 cum
2830 5196 3080 5270 haberet._
3113 5194 3284 5262 Quam
3335 5195 3570 5270 litteram
3621 5193 3782 5270 facile

2198 5257 2550 5340 pronunti—are
2594 5281 2701 5321 non
2742 5274 2978 5335 poterat.
3013 5257 3176 5320 etiam
3219 5279 3344 5319 cum
3387 5265 3624 5335 linguam
3673 5257 3782 5310 lla-

2199 5344 2384 5478 ὺθὶἓέ)
2430 5406 2796 5463 Misericordia
2815 5422 2846 5459 α
2869 5405 3028 5478 vobis.
3055 5404 3226 5478 Forte
3243 5395 3604 5478 Mfferirqrdiq
3630 5395 3781 5478 vobis

2199 5465 2402 5542 ab‘his',
2432 5488 2489 5530 ut
2523 5493 2712 5531 sensus
2747 5477 2816 5530 sit
2849 5492 2862 5528 :
2901 5465 3424 5546 Netjtemﬂl‘lyribus
3455 5466 3634 5546 dicat:
3664 5466 3781 5518 l'rac

2201 5561 2332 5616 "es,
2367 5540 2531 5602 sesua,
2572 5549 2932 5610 misy-gannit
2959 5540 3012 5588 hi
3053 5540 3556 5616 tyranttinparcant
3587 5540 3644 5616 _in
3684 5551 3781 5588 vos

2194 5605 2386 5674 saevire
2415 5635 2428 5683 ;
2465 5632 2530 5673 ne
2562 5605 2822 5681 nmrtji'es
2859 5606 3106 5676 exentplo
3133 5605 3335 5661 Christi
3365 5606 3738 5673 respondeant
3759 5621 3776 5656 :

2191 5692 2320 5744 vade
2355 5691 2516 5748 retro,
2551 5691 2658 5737 etc.
