4134 6446
391 451 510 508 “0|

1426 440 1513 494 DE
1555 410 2158 493 ttESUhtteu'rIONE.
2201 465 2267 476 —
2310 426 2437 490 LIB.
2482 426 2547 488 ll.

3502 423 3646 483 illi?

391 568 715 624 lncedantur
755 573 807 621 et
845 563 1071 620 ardeam
1106 571 1163 616 ut
1193 561 1463 617 nudentur
1502 560 1612 631 (66)
1640 560 1874 626 virgines
1911 560 1963 612 in
1996 562 2041 619 Α
2072 556 2271 627 plagas,
2319 570 2413 626 per
2459 566 2678 619 terram,
2728 568 2825 623 per
2876 552 3076 624 ignem,
3127 568 3221 624 per
3261 551 3519 621 gladium,
3552 569 3648 621 per

390 659 655 730 passione,
692 664 747 711 et
776 657 954 710 vincat
989 668 1086 724 per
1116 653 1297 707 omnia
1330 651 1599 707 Christus.
1636 650 1772 716 Quid
1815 650 1959 705 enim

390 758 442 805 et
485 756 746 819 promunt
785 746 953 802 Juda'i
1001 755 1057 800 ut
1100 745 1327 815 gloriam
1380 753 1471 797 aut
1513 740 1961 797 accusationem?

392 842 444 897 Si
476 840 617 895 enim
650 854 749 893 nos
779 839 1006 893 fratrum
1036 846 1343 890 nostrorum
1386 834 1821 889 interﬁcientium
1848 833 1961 902 (67)

392 935 467 990 usi
497 950 681 989 sumus
709 932 967 1003 prmdicta
995 931 1187 1002 g‘loria,
1217 928 1517 983 interiectis
1544 928 1815 997 prioribus
1860 942 1962 980 non

391 1041 659 1081 cessamus
684 1024 915 1079 interﬁci
950 1046 960 1078 :
994 1038 1139 1077 nunc
1165 1023 1452 1076 adoremus
1480 1020 1617 1073 idola
1647 1033 1768 1087 qua:
1798 1033 1965 1072 excu-

388 1090 565 1175 sumus
591 1118 724 1189 (68).
762 1118 926 1173 Israel
952 1126 1131 1171 autem
1176 1125 1230 1170 et
1275 1117 1398 1169 dum
1455 1112 1853 1167 interﬁceretur
1900 1126 1967 1165 ne

388 1214 655 1276 adoraret,
690 1227 796 1266 non
830 1212 1067 1267 cessavit
1097 1208 1396 1264 adorando.
1429 1207 1496 1261 Et
1523 1208 1637 1260 ausi
1666 1215 1791 1260 sunt
1819 1203 1963 1274 loqui

389 1307 452 1360 ad
478 1320 716 1359 crucem.
743 1304 876 1359 Cum
903 1305 1047 1358 enim
1075 1301 1228 1356 vituli
1255 1308 1422 1369 caput
1451 1299 1553 1355 sibi
1584 1308 1641 1353 ut
1670 1299 1964 1352 adorarent

388 1397 656 1461 fecerunt,
689 1395 898 1466 Moyses
934 1393 1208 1449 interfecit
1237 1394 1519 1462 plurimos,
1561 1406 1628 1445 ne
1665 1390 1845 1444 czeteri
1880 1389 1965 1442 fa-

385 1499 569 1546 cerent
613 1489 760 1553 talia,
793 1498 847 1543 et
881 1488 972 1557 qui
1003 1487 1246 1542 derelicti
1290 1494 1413 1541 sunt
1459 1486 1770 1539 adorarent.
1811 1480 1967 1537 Unde

385 1597 511 1654 ergo
553 1581 730 1638 simile
770 1581 874 1637 erit
908 1580 1111 1636 Judaais
1156 1591 1214 1634 ut
1254 1588 1310 1634 et
1357 1580 1484 1633 dum
1541 1576 1964 1640 interﬁciuntur,

384 1676 471 1730 alii
504 1675 735 1730 adorent
767 1673 1092 1739 simulacra;
1128 1681 1185 1727 et
1224 1669 1465 1726 Ecclesia
1490 1668 1603 1741 (69)
1645 1684 1765 1739 quae
1796 1669 1965 1722 intler-

384 1768 561 1823 ﬁcitur
582 1776 643 1821 ut
668 1768 877 1834 adoret,
905 1776 956 1819 et
986 1781 1091 1819 non
1122 1762 1347 1819 adorat?
1371 1762 1476 1819 Sed
1508 1778 1627 1833 qua:
1653 1760 1969 1817 communio

383 1867 466 1915 est
498 1859 686 1913 lumini
718 1859 784 1913 ad
815 1857 1112 1913 tenebras?
1148 1856 1280 1921 Quae
1323 1856 1461 1910 enim
1500 1854 1654 1910 debui
1684 1852 1857 1922 facere
1892 1851 1967 1905 vi-

2071 660 2383 717 serpentes,
2413 664 2507 717 per
2532 648 2694 712 feras,
2722 662 2818 718 per
2844 647 3113 712 inimiCos,
3139 663 3234 717 per
3255 648 3425 717 legem
3454 648 3648 717 puniti,

2072 742 2365 805 interfecti,
2398 743 2623 808 concisi,
2652 743 2955 810 consumpti
2988 746 3135 806 sunt,
3168 750 3219 795 et
3250 750 3416 795 manu
3460 728 3648 794 sacer-

2067 836 2249 891 dotum
2282 837 2490 891 occisi:
2533 844 2586 890 et
2622 851 2726 890 nou
2756 845 3100 890 recesserunt
3131 836 3198 890 ab
3237 830 3419 889 idolis.
3461 828 3530 889 Et
3566 844 3648 888 ta-

2069 945 2191 984 men
2245 931 2358 984 haec
2406 930 2586 983 omnia
2637 930 2836 983 ﬁebant
2884 937 3026 992 tunc,
3071 938 3125 983 et
3162 927 3387 1003 spiritus
3435 934 3555 981 erat
3591 926 3641 979 in

2069 1024 2219 1092 ipsis,
2269 1032 2319 1077 et
2364 1020 2574 1094 Moyses
2621 1022 2902 1093 propheta,
2942 1031 2995 1076 et
3040 1022 3219 1075 Aaron
3268 1019 3544 1085 sacerdos,
3591 1030 3648 1076 et

2068 1113 2225 1170 Jesus
2254 1114 2398 1168 Nave
2428 1115 2723 1169 exercitum
2758 1116 2977 1178 ducens,
3011 1118 3065 1168 et
3097 1128 3412 1185 expugnans
3459 1111 3642 1168 inimi-

2069 1224 2184 1274 cos,
2215 1218 2269 1263 et
2297 1206 2515 1279 Moyses
2546 1204 2889 1263 orationibus
2922 1209 3165 1271 vincens,
3213 1217 3268 1262 et
3310 1222 3506 1262 manna
3558 1208 3650 1269 de‘

2069 1315 2307 1364 sursum,
2365 1312 2419 1354 et
2466 1301 2835 1371 petradabat
2878 1316 3097 1370 aquam,
3141 1310 3195 1355 et
3240 1302 3648 1372 tabernaculum

2071 1394 2275 1458 aderat,
2326 1402 2381 1447 et
2410 1393 2559 1464 virga
2595 1388 2844 1459 ﬂorebat,
2891 1403 2945 1448 et
2991 1394 3259 1448 mirabilia
3312 1394 3528 1449 fiebant.
3588 1386 3650 1451 Et

2081 1486 2328 1542 colentes
2361 1487 2502 1542 idola
2546 1504 2649 1541 non
2701 1488 3000 1556 abegerunt
3044 1486 3237 1554 Deum,
3275 1498 3332 1542 ut
3369 1488 3652 1544 recederet

2073 1590 2103 1629 a
2159 1577 2607 1645 promissionibus
2656 1579 2767 1633 suis
2814 1592 2951 1647 quas
2987 1579 3189 1634 fecerat
3234 1579 3301 1633 ad
3354 1581 3650 1634 Abraham.

2072 1665 2183 1723 Cur
2219 1684 2369 1740 ergo,
2402 1684 2495 1724 vos
2527 1670 2898 1739 interrogabo,
2948 1684 3045 1725 cur
3075 1685 3195 1724 cum
3224 1679 3280 1726 et
3309 1672 3448 1740 apud
3480 1661 3652 1741 Egy-

2074 1774 2224 1833 ptum
2272 1763 2412 1818 idola
2467 1763 2752 1826 colebatis,
2793 1779 2916 1819 cum
2959 1773 3013 1818 et
3059 1764 3112 1818 in
3155 1765 3273 1834 ipso
3318 1764 3454 1820 mari
3495 1760 3653 1834 posin

2078 1869 2184 1909 non
2212 1855 2540 1922 credebatis,
2571 1872 2694 1911 cum
2724 1865 2780 1911 et
2820 1872 3017 1912 manna
3046 1859 3381 1927 accipientes
3412 1874 3655 1914 murmu-

384 1967 494 2006 nea:
529 1964 679 2013 mena,
712 1962 760 2003 et
786 1965 887 2003 non
921 1948 1022 2016 feci
1053 1947 1133 2000 ‘9?
1163 1946 1292 2001 dicit
1325 1944 1486 1999 Deus.
1520 1943 1731 1997 Donare
1758 1940 1963 2001 debuit,
2001 1917 2042 1975 Β
2074 1948 2301 2011 rabatis,
2328 1962 2451 2001 cum
2502 1956 2557 2001 et
2594 1956 2721 2003 ante
2763 1949 2937 2016 legem
2980 1958 3035 2004 ει
3076 1960 3268 2005 contra
3301 1949 3473 2022 legem
3503 1952 3655 2005 νῑιυιί

382 2056 433 2098 et
467 2044 735 2107 blandire,
771 2052 824 2097 et
860 2039 1121 2096 beneﬁcia
1155 2040 1435 2094 tribuere:
1466 2035 1594 2092 fecit
1626 2035 1830 2090 omnia.
1862 2034 1966 2087 Do-

380 2134 530 2188 navit
558 2133 701 2188 euim
735 2146 930 2186 manna
964 2146 978 2185 :
1009 2129 1174 2187 Israel
1202 2140 1383 2184 autem
1419 2129 1579 2182 modo
1609 2125 1963 2190 manducaus,

380 2225 611 2280 vitulum
660 2224 751 2295 qui
801 2238 901 2278 nec
954 2224 1178 2279 herbam
1233 2219 1600 2275 manducabat
1650 2233 1749 2273 uec
1798 2219 1965 2272 vitam

383 2318 639 2381 habebat,
677 2316 995 2371 adorabant.
1028 2315 1068 2369 E
1098 2326 1251 2384 petra
1282 2312 1539 2369 bibebant
1568 2326 1781 2381 aquam,
1816 2319 1871 2365 et
1900 2327 1966 2365 ex

380 2420 534 2480 petra
564 2409 837 2464 faciebant
862 2407 1003 2463 idola
1028 2406 1153 2462 sibi.
1178 2406 1280 2460 Per
1305 2404 1506 2473 lignum
1534 2403 1748 2472 ﬁgurati
1782 2418 1967 2456 amara

380 2517 524 2572 aqua
558 2507 822 2555 translata
850 2499 915 2553 ad
945 2498 1284 2553 dulcedinem
1313 2508 1395 2552 est
1421 2514 1434 2550 :
1460 2495 1533 2550 illi
1566 2506 1745 2549 autem
1772 2511 1802 2549 e
1826 2495 1968 2564 ligno

380 2593 764 2662 exsculpeutes
815 2592 917 2646 sibi
970 2590 1296 2655 simulacra,
1357 2589 1643 2644 adversum
1698 2602 1822 2641 curn
1876 2584 1966 2657 qui

379 2678 593 2739 fecerat
632 2682 788 2737 dulce
820 2682 1141 2737 adorabant.
1175 2680 1594 2737 Veterasccnles
1624 2690 1804 2735 autem
1841 2696 1971 2734 cou-

380 2775 707 2831 crescebant
752 2774 832 2828 eis
865 2771 1060 2826 tunica:
1098 2790 1111 2827 :
1148 2771 1224 2826 illi
1264 2781 1446 2826 autem
1487 2771 1820 2841 accipientes
1852 2787 1973 2841 quae

378 2863 626 2921 donabat
664 2864 826 2927 Deus,
864 2863 1264 2919 consecrabant
1314 2860 1488 2917 idolis.
1543 2862 1775 2915 Tantum
1827 2862 1970 2915 enim

378 2968 543 3014 erant
587 2957 653 3011 ad
694 2955 956 3012 beneﬁcia
1001 2965 1354 3011 contumaces
1407 2970 1420 3007 :
1471 2953 1706 3023 ideoque
1751 2953 1975 3008 adduxit

378 3049 670 3104 adversum
705 3064 798 3103 eos
826 3048 1011 3119 plagas
1032 3088 1047 3114 ,
1078 3046 1204 3115 quia
1232 3046 1357 3100 dum
1387 3045 1543 3101 daret
1569 3046 1851 3110 beneﬁcia,
1879 3061 1973 3100 eos

380 3142 619 3195 suadere
667 3154 773 3194 non
813 3140 989 3209 potuit
1028 3156 1040 3194 :
1078 3137 1253 3194 voluit
1292 3150 1422 3207 ergo
1463 3151 1556 3192 eos
1584 3139 1815 3208 puniens
1854 3153 1977 3207 per-

378 3245 605 3302 urgere.
652 3229 826 3297 Quam
871 3231 1015 3284 enim
1061 3229 1274 3299 plagam
1310 3230 1389 3283 eis
1438 3244 1545 3282 non
1599 3228 1791 3283 misit?
1835 3228 1971 3295 Quid

378 3326 534 3379 enim
564 3322 641 3376 ait
672 3324 786 3391 ipse
838 3323 904 3375 ad
944 3321 1078 3375 eos?
1112 3322 1240 3375 Sine
1265 3337 1427 3375 causa
1462 3322 1697 3389 percussi
1719 3321 1861 3389 ﬁlios
1894 3338 1975 3374 ve-

373 3424 527 3472 stros
571 3428 590 3465 :
671 3411 1011 3483 disciplinam
1057 3430 1160 3467 non
1214 3413 1489 3482 accepistis
1521 3408 1590 3468 ⁷ο.
1643 3412 1777 3467 Cum
1830 3413 1973 3467 enim

377 3506 649 3563 beneﬁcia
683 3520 779 3560 sua
816 3505 895 3560 eis
941 3506 1288 3575 exprobaret,
1326 3506 1578 3559 dicebat:
1620 3505 1763 3570 Quid
1804 3505 1976 3558 adhuc

376 3596 742 3667 debuifacere
766 3598 927 3651 vinea:
945 3613 1093 3661 mem,
1117 3607 1166 3651 et
1190 3614 1292 3651 non
1318 3597 1476 3666 feci“
1497 3596 1519 3651 ‘.’
1541 3598 1675 3652 Cum
1698 3606 1877 3652 autem
1902 3598 1980 3651 in-

378 3689 764 3744 credulitatem
790 3690 855 3743 ad
884 3689 1068 3760 plagas
1100 3689 1372 3744 addebat:
1403 3688 1532 3744 Sine
1555 3706 1715 3743 causa
1744 3691 1978 3760 percussi

376 3783 532 3853 ﬁlios
566 3793 763 3837 vestros
786 3798 805 3836 :
833 3782 1170 3847 disciplinam
1198 3798 1301 3836 non
1330 3783 1625 3852 accepistis.
1646 3783 1712 3836 Et
1737 3783 1928 3837 iterum
1958 3801 1970 3837 :

381 3872 537 3938 Quid
573 3872 745 3925 adhuc
788 3871 1159 3941 percutiamini
1196 3870 1445 3924 addentes
1491 3880 1707 3939 peccata
1735 3871 1822 3923 7'?
1864 3869 1980 3924 Hoc

379 3974 497 4029 est,
543 3978 643 4034 ego
686 3963 947 4017 evacuavi
994 3961 1178 4031 plagas
1212 3980 1224 4015 :
1255 3976 1351 4015 vos
1388 3972 1569 4015 autem
1611 3976 1718 4015 non
1751 3961 1978 4016 cessatis

383 4065 708 4126 peccantes.
758 4053 866 4109 Sed
910 4052 1050 4108 forte
1098 4052 1375 4122 simplices
1413 4052 1597 4122 plagas
1636 4053 1840 4121 putatis
1883 4060 1983 4107 :et

381 4147 573 4219 gladio
600 4142 871 4201 interfecti
900 4156 1046 4210 sunt,
1079 4145 1167 4215 qui
1200 4156 1363 4214 caput
1394 4148 1498 4201 sibi
1528 4145 1681 4200 vituli
1714 4145 1980 4211 fecerunt,

383 4250 449 4296 ut
473 4241 768 4294 adorarent
795 4256 808 4293 :
838 4249 896 4294 et
920 4239 1276 4295 nihilominus
1308 4239 1748 4307 indisciplinatus
1781 4239 1983 4293 mansit

382 4330 561 4389 Israel
591 4349 604 4386 :
631 4340 685 4387 et
710 4342 852 4386 terra
885 4329 1112 4385 miriﬁce
1132 4332 1386 4385 ostendat
1411 4331 1663 4401 aperiens
1688 4346 1749 4384 os
1778 4345 1935 4384 suum
1962 4342 1979 4382 :

385 4426 550 4481 vivos
578 4423 843 4493 quosdam
880 4422 1163 4477 absorbuit
1191 4438 1205 4476 :
1247 4432 1302 4477 et
1332 4422 1425 4492 qui
1459 4420 1631 4477 relicti
1663 4430 1813 4487 sunt,
1849 4421 1982 4474 ado-

382 4538 592 4593 rabant
638 4552 743 4590 nou
793 4536 1059 4592 viventes.
1108 4535 1350 4590 Flamma
1392 4551 1486 4591 eos
1530 4536 1870 4606 consumpsit
1913 4548 1981 4589 ne

2070 2048 2231 2108 caput
2274 2038 2425 2094 vobis
2474 2039 2702 2105 fecistis,
2752 2055 2873 2095 cum
2923 2042 3261 2111 Beelphegor
3298 2045 3657 2115 vosmetipsos

2068 2131 2452 2198 consecrastis,
2482 2146 2602 2186 cum
2628 2130 2898 2187 flammam
2924 2134 3063 2202 ignis
3085 2135 3510 2204 contempsistis,
3531 2152 3654 2191 cum

2069 2222 2414 2291 serpentibus
2448 2223 2945 2288 interﬁciebamini,
2982 2243 3086 2280 non
3131 2226 3263 2282 estis
3298 2230 3442 2283 suasi
3471 2246 3484 2282 ;
3533 2245 3656 2285 cum

2072 2323 2213 2369 terra
2263 2314 2655 2369 admirabiliter
2680 2331 2741 2370 os
2777 2331 2931 2370 suum
2976 2317 3223 2386 aperiens
3257 2317 3539 2373 absorbuit
3562 2335 3657 2375 vos

2070 2408 2333 2475 viventes,
2374 2422 2545 2478 neque
2588 2424 2685 2464 vos
2716 2413 2971 2465 cessastis
3002 2412 3069 2466 ab
3097 2412 3275 2477 idolis,
3305 2429 3478 2484 neque
3512 2414 3653 2469 Deus

2072 2501 2323 2566 recessit,
2358 2510 2414 2555 ut
2472 2517 2579 2556 non
2616 2503 2767 2558 vobis
2815 2503 3019 2559 faceret
3069 2504 3251 2573 bene;
3296 2517 3349 2560 et
3381 2508 3657 2563 habebatis

2072 2586 2364 2661 prophetas
2402 2593 2704 2648 vobiscum.
2752 2593 3201 2664 Comparavimus
3244 2599 3409 2668 igitur
3439 2599 3528 2652 illa
3575 2600 3657 2653 his

2072 2699 2191 2753 quae
2225 2701 2330 2739 non
2364 2694 2490 2738 sunt
2519 2684 2659 2755 (71),
2691 2695 2747 2741 ct
2794 2688 3247 2758 interrogavimus
3279 2708 3371 2748 eos
3395 2710 3493 2748 cur
3533 2705 3658 2750 tunc

2073 2791 2194 2830 cum
2221 2786 2367 2830 tanta
2394 2776 2586 2834 ﬁerent
2606 2792 2635 2831 a
2662 2778 2836 2843 vobis,
2858 2794 3051 2849 passus
3075 2780 3187 2853 (72)
3238 2794 3320 2839 est
3343 2787 3495 2841 vobis
3543 2788 3659 2857 (75)

2079 2863 2236 2933 Deus,
2256 2875 2310 2920 et
2332 2884 2472 2923 nunc
2488 2884 2608 2924 cum
2628 2868 2921 2923 Sabbatum
2938 2873 3223 2930 custoditis
3239 2885 3297 2931 ut
3314 2878 3658 2947 pollicemini,

2075 2967 2129 3012 et
2156 2956 2325 3030 legem
2359 2959 2557 3031 legitis,
2588 2972 2643 3018 et
2683 2963 2851 3020 libros
2896 2968 3305 3035 prophetarum,
3356 2986 3489 3041 quos
3521 2988 3658 3041 prae-

2077 3059 2262 3105 sentcs
2316 3053 2535 3121 quidem
2589 3053 2968 3123 interfecistis,
3022 3057 3191 3114 libros
3236 3071 3417 3117 autem
3467 3078 3658 3119 eorum

2077 3142 2363 3210 purpureis
2398 3144 2577 3213 palliis
2623 3145 2949 3203 honoratis:
2986 3164 3105 3219 qua
3139 3167 3303 3207 causa
3337 3164 3420 3209 est
3448 3164 3504 3209 ut
3538 3166 3661 3212 tunc

2079 3232 2296 3301 quidem
2331 3242 2476 3289 tanta
2512 3238 2665 3293 vobis
2703 3238 3028 3297 facientibus
3076 3244 3235 3311 mala,
3277 3256 3422 3301 tanta
3462 3248 3663 3304 ﬁebant

2082 3323 2133 3376 iu
2169 3325 2322 3379 vobis
2360 3324 2453 3380 Dei
2488 3326 2646 3391 bona,
2678 3337 2736 3382 et
2776 3330 2998 3397 spiritus
3022 3332 3176 3387 vobis
3210 3334 3423 3403 aderat,
3452 3348 3506 3391 et
3542 3354 3660 3407 pro-

2080 3414 2257 3480 pheta;
2289 3415 2564 3470 vobiscum
2596 3419 2791 3472 erant?
2819 3417 2971 3476 Nunc
3004 3432 3208 3490 autem,
3238 3439 3362 3479 cum
3403 3437 3457 3481 et
3486 3427 3662 3495 legem

2079 3504 2280 3575 legitis,
2305 3515 2360 3562 et
2389 3507 2593 3573 dicitis,
2622 3516 2675 3564 et
2699 3514 3004 3579 custoditis,
3032 3524 3085 3570 et
3116 3515 3413 3585 feriamini,
3444 3529 3499 3576 et
3529 3523 3663 3577 Sab-

2078 3596 2264 3653 batum
2305 3600 2627 3669 observatis,
2665 3612 2720 3658 et
2776 3607 2843 3659 ab
2876 3608 3016 3663 escis
3047 3623 3142 3664 vos
3185 3612 3506 3681 abstinetis;
3549 3616 3662 3670 sine

2079 3710 2243 3750 causa
2270 3696 2554 3763 laboratis,
2587 3705 2643 3755 et'
2667 3700 2922 3772 vigilatis,
2946 3719 3042 3773 per
3073 3717 3289 3761 noctem
3318 3710 3555 3781 psalmos
3584 3713 3663 3767 di-

2081 3797 2287 3853 centes,
2316 3798 2367 3843 et
2398 3804 2493 3860 per
2511 3791 2760 3847 civitates
2780 3802 2837 3847 et
2862 3797 3113 3852 nationes
3136 3788 3436 3871 synagOgas
3464 3805 3659 3858 consti-

2081 3881 2283 3946 tuistis,
2314 3893 2371 3938 et
2391 3900 2576 3939 arcam
2609 3894 2663 3942 et
2692 3888 3013 3943 candelabra
3042 3899 3096 3946 et
3127 3908 3368 3958 mensas,
3394 3906 3449 3950 et
3482 3900 3663 3951 omnia

2082 3971 2244 4026 vultis
2281 3971 2460 4028 facere
2490 3991 2634 4030 nunc
2658 3979 2830 4048 magis
2858 3994 3019 4048 quam
3058 3981 3110 4035 in
3138 3991 3278 4036 terra
3310 3986 3528 4040 vestra?
3557 3986 3664 4042 Cur

2085 4072 2210 4119 tunc
2239 4081 2361 4120 cum
2389 4076 2535 4121 tanta
2571 4069 2710 4123 mala
2742 4069 3021 4127 faciebatis
3048 4084 3227 4130 tantos
3250 4076 3528 4133 habebatis
3551 4096 3649 4149 pro

2085 4156 2295 4225 phetas,
2326 4167 2383 4211 et
2412 4157 2629 4229 Moysen
2655 4176 2813 4230 quem
2836 4163 3086 4219 voluistis
3108 4165 3369 4234 lapidare,
3393 4179 3448 4223 et
3480 4170 3663 4226 Aaron

2085 4248 2171 4304 cui
2204 4250 2312 4303 vim
2345 4250 2626 4321 irrogastis
2650 4270 2663 4307 :
2688 4270 2829 4310 nunc
2852 4264 3030 4311 autem
3053 4274 3176 4313 cum
3212 4259 3466 4316 videmini
3491 4274 3666 4318 custo-

2086 4339 2202 4393 dire
2230 4340 2421 4412 legem,
2446 4345 2693 4399 etontnia
2722 4346 2903 4403 facere
2934 4359 2991 4403 ut
3013 4351 3328 4415 prtedicmm
3353 4364 3455 4419 est,
3487 4356 3667 4412 nullus

2086 4432 2364 4487 vobiscum
2388 4436 2652 4503 propheta
2672 4436 2795 4493 est?
2826 4436 2994 4494 Putas
3012 4440 3134 4508 quia
3162 4440 3417 4509 Romani,
3438 4446 3667 4514 compel-

2087 4521 2258 4577 limini
2289 4524 2432 4579 enim
2475 4526 2678 4592 dicere,
2725 4530 2849 4599 quia
2876 4532 3013 4586 citra
3051 4533 3384 4589 voluntatem
3439 4537 3532 4591 Dei
3578 4539 3668 4593 de-

386 4628 695 4683 adorarent
722 4628 883 4693 idola,
920 4636 975 4682 et
1002 4627 1240 4681 comedit
1273 4626 1473 4682 multos
1516 4644 1531 4680 :
1567 4636 1623 4682 et
1664 4626 1758 4695 qui
1804 4625 1978 4680 relicti
2015 4638 2059 4692 D
2088 4628 2406 4674 struxerunt
2454 4631 2688 4675 vestram
2730 4624 3053 4679 civitatem?
3101 4625 3362 4695 Spiritum
3416 4640 3668 4684 sanetmn

384 4728 545 4783 sunt,
575 4721 869 4774 adorarunt
896 4720 1191 4774 simulacra
1220 4718 1637 4775 daemoniorum.
1671 4720 1734 4773 lit
1768 4718 1843 4772 illi
1871 4719 1986 4786 qui-

386 4814 523 4870 dem
561 4814 1043 4878 consumebantur,
1091 4824 1150 4867 ut
1197 4829 1302 4868 non
1351 4813 1659 4877 adorarent,
1696 4820 1750 4865 at
1786 4811 1987 4865 nihilo-

387 4906 581 4961 minus
619 4906 919 4959 adorabaut
964 4904 1098 4977 (70).
1143 4904 1251 4961 Nos
1298 4914 1480 4960 autem
1517 4904 1894 4959 consumimur
1928 4910 1987 4956 ut

386 4991 710 5057 adoremus,
742 5001 798 5046 et
844 5009 949 5047 non
1004 4994 1321 5049 adoramus.
1378 4992 1493 5047 Non
1550 4993 1754 5063 quippe
1800 5003 1985 5047 nostra

386 5082 626 5146 virtute,
658 5083 754 5137 sed
787 5085 966 5139 crucis
1001 5084 1262 5153 potentia.
1300 5084 1598 5152 Serpentes
1635 5098 1727 5138 eos
1770 5085 1991 5138 morde-

386 5173 561 5240 bant,
594 5184 650 5230 et
676 5176 922 5232 immisso
960 5192 1168 5231 veneno
1210 5178 1555 5239 occidebant,
1587 5186 1642 5231 et
1675 5191 1771 5239 per
1800 5191 1991 5232 omnes

473 5311 524 5341 ⁶⁵⁹
558 5310 663 5367 lsa.
693 5326 749 5378 v,
773 5311 829 5366 4.
901 5313 948 5346 ’⁸
984 5311 1184 5368 Jerem.
1206 5328 1270 5376 tt,
1292 5311 1382 5369 30.
1418 5311 1465 5343 "
1509 5312 1609 5368 lsa.
1636 5328 1690 5377 v,
1713 5312 1768 5367 4.

479 5424 595 5495 (66)
631 5423 660 5478 Ι
667 5433 972 5485 needantur.
999 5431 1165 5493 Forte
1194 5432 1503 5485 incidantur
1551 5431 1668 5497 (aut
1692 5434 1983 5487 incendan—

396 5507 527 5567 turg
559 5507 604 5547 ει
636 5499 872 5567 (ενάεαηι,
903 5512 947 5547 cl
976 5504 1260 5567 nudentur,
1287 5513 1393 5555 elc.

644 5565 1098 5641 interﬁcieuliurn.
1128 5565 1677 5641 Prorimerfectorum.

480 5635 597 5705 (68)
641 5635 988 5688 Excusamus.
1030 5635 1140 5689 Vox
1166 5635 1654 5704 illlet'pre'tiAIwStl‘O
1679 5642 1984 5707 familiaris,

444 5723 602 5779 roleo
622 5707 763 5779 quod
788 5716 882 5779 est
896 5707 1192 5779 repudiare,
1222 5709 1452 5779 reficere.
1482 5712 1573 5762 Sic
1593 5728 1776 5779 supra,
1803 5715 1893 5767 lib.
1921 5729 1984 5767 tt.

444 5725 513 5762 r0
539 5725 602 5760 et)
622 5725 763 5773 quou
788 5725 872 5758 εει
896 5725 1192 5773 repuatare,
1222 5725 1452 5775 reﬁcere.
1482 5725 1573 5762 Dic
1593 5728 1776 5779 supra,
1803 5725 1893 5767 Ill).
1921 5729 1984 5767 tt.

396 5725 491 5835 Bc
522 5777 623 5831 llde
652 5778 773 5846 adv.
798 5776 1012 5846 Sabell.
1032 5777 1240 5831 sublin.
1262 5794 1273 5828 :
1295 5774 1535 5832 Contenti
1559 5784 1722 5834 simus
1753 5785 1986 5846 veritate,

398 5863 719 5905 excusemus
750 5844 897 5908 lites;
926 5857 982 5901 et
1004 5845 1095 5900 lib.
1127 5861 1165 5899 l.
1198 5847 1270 5901 De
1308 5863 1508 5903 resurr.
1552 5853 1693 5906 circa
1728 5855 1900 5907 med.:
1932 5844 1990 5908 Si

401 5919 541 5974 talis
564 5926 695 5973 esset
722 5917 1058 5984 resurrectio,
1084 5932 1453 5975 excusaremus
1478 5923 1658 5992 utique
1684 5939 1991 5993 resurgere;

1846 5313 1892 5343 ¹¹²
1932 5312 2097 5379 lsa.t,
2125 5313 2177 5368 5.
2255 5311 2521 5368 "Exech.
2548 5324 2736 5376 xxxvr,
2783 5313 2869 5365 19.

2090 4710 2211 4778 quis
2251 4710 2473 4765 abstulit
2514 4729 2542 4766 a
2578 4712 2766 4768 vobis?
2797 4714 2897 4770 Ubi
2930 4730 3073 4772 nunc
3103 4718 3243 4786 apud
3279 4735 3375 4775 vos
3408 4724 3670 4793 propheta

2092 4801 2209 4858 est?
2238 4803 2378 4858 Dicit
2419 4805 2560 4861 Deus
2586 4806 2639 4861 in
2675 4808 2925 4863 Ezechiel
2955 4812 3216 4880 propheta
3247 4830 3262 4867 z
3306 4814 3543 4884 Populus
3577 4819 3670 4871 ist:

2092 4898 2324 4965 peccauit
2360 4897 2417 4950 in
2464 4914 2565 4963 nte,
2606 4909 2654 4953 et
2692 4900 2813 4954 misi
2839 4917 2925 4954 eos
2964 4902 3034 4956 ad
3074 4905 3429 4973 captivitatem
3464 4907 3530 4961 ⁷³.
3569 4906 3671 4962 Sed

2094 5006 2200 5044 non
2224 4990 2324 5044 ista
2347 4999 2668 5056 metuentes,
2691 4992 2880 5061 inquit,
2899 4994 2966 5046 ad
2992 5004 3183 5062 gentes
3207 4997 3529 5053 audiebant:
3562 4998 3671 5053 Iste

2096 5093 2174 5138 est
2201 5083 2425 5152 populus
2464 5082 2559 5137 Dei
2598 5094 2644 5138 et
2677 5094 2816 5137 terra
2849 5084 2945 5140 Dei
2970 5087 3037 5141 ⁷⁸.
3078 5088 3145 5142 Ει
3179 5090 3429 5157 educam,
3470 5091 3668 5159 inquit,

2098 5187 2319 5245 propter
2342 5190 2538 5231 nomen
2562 5191 2761 5240 meum,
2790 5186 2845 5232 et
2866 5179 3121 5235 reducam
3152 5195 3266 5245 eos,
3291 5191 3348 5237 et
3370 5183 3532 5238 dicito
3556 5185 3634 5239 eis
3657 5200 3671 5240 :

2948 5312 2996 5343 "‘
3036 5313 3165 5370 ibid.
3196 5314 3288 5369 20.

2094 5438 2154 5511 et
2192 5430 2329 5511 infra
2356 5447 2375 5485 :
2403 5427 2605 5484 Factus
2633 5447 2687 5485 es
2732 5429 3015 5499 perfectus,
3066 5431 3324 5498 [armatus
3365 5445 3440 5498 es,
3486 5444 3677 5485 excusa

2092 5501 2248 5561 illud,
2274 5515 2379 5555 etc.

2187 5572 2255 5626 69
2312 5571 2570 5626 Ecclesia.
2601 5570 2768 5627 Forte
2811 5572 3077 5627 Ecclesiae.

2164 5572 2278 5713 (7οζ
2467 5641 2537 5695 Et
2564 5643 2904 5697 nihilominus
2936 5645 3077 5698 adort

2192 5641 2278 5698 70)
2320 5642 2419 5696 Ms.
2467 5641 2537 5695 Et
2564 5643 2904 5697 nihilominus
2936 5645 3251 5698 adorabant.

2166 5712 2248 5781 (71
2320 5712 2464 5765 Νοη.
2501 5712 2664 5766 Forte
2695 5731 2853 5768 nunc.

2169 5716 2280 5854 (7ἓί
2326 5781 2424 5836 Ms.
2459 5783 2665 5854 (Passus
2692 5796 2769 5837 est
2810 5801 2840 5839 a

2169 5781 2280 5854 (7‘2)
2326 5781 2424 5836 Ms.
2456 5783 2665 5858 _l_’assus
2692 5796 2769 5837 est
2810 5801 2840 5839 a
2888 5786 3035 5841 nobis
3075 5783 3234 5841 Deus.
3268 5784 3521 5841 Fortasse
3556 5800 3664 5858 pas

2100 5868 2186 5909 sus
2214 5853 2287 5905 est
2325 5870 2356 5905 α
2384 5853 2543 5908 vobis.

2178 5923 2289 5993 (75)
2348 5922 2523 5981 Vobis.
2550 5924 2713 5983 Forte
2742 5945 2848 5985 ros.
