4134 6418
488 374 623 430 1105

1187 372 1454 429 EUSEBII
1483 371 1960 431 CESARIENSIS
1998 373 2150 430 OPP.
2193 374 2372 430 PARS
2422 373 2513 429 IV.
2548 401 2616 414 —
2644 373 3061 431 DOGMATICA.

3578 381 3722 436 “0‘

487 491 612 548 Non
640 502 849 563 propter
871 508 958 546 vos
991 491 1152 561 facio,
1175 500 1360 546 domu:
1387 491 1574 558 Israel,
1596 495 1690 547 sed
1717 502 1928 563 prapter
1957 510 2052 547 no-
2084 498 2125 552 A
2155 493 2337 565 pulum
2369 507 2466 564 per
2494 492 2645 564 signa
2679 509 2784 548 non
2838 493 3030 561 suasit,
3073 491 3230 551 Jesus
3262 504 3440 552 autem
3467 511 3563 567 per
3596 512 3724 553 cru-

485 602 598 640 men
628 600 798 638 meum
828 583 894 636 7'.
928 581 1019 636 Ille
1053 582 1188 636 Deus
1219 583 1310 653 qui
1338 583 1472 638 dixit
1513 593 1661 650 tunc,
1689 581 1806 638 Non
1833 596 2052 654 propter

485 691 580 730 vos
614 674 776 739 facio,
810 675 903 728 sed
936 683 1156 744 propter
1195 689 1389 729 nomen
1422 690 1620 738 meum,
1658 689 1801 750 nunc
1825 675 2053 731 audiens

487 781 580 819 vos
627 766 888 831 dicentes,
938 766 1064 836 quia
1111 765 1363 835 religiose
1407 765 1632 820 fecimus
1686 766 2052 837 crucifigeudo

484 857 784 922 Christum,
804 866 858 911 et
885 855 996 912 sint
1025 856 1100 910 illi
1129 856 1271 926 digni
1297 867 1514 926 propter
1531 859 1681 928 prius
1701 859 2049 927 opprobrium

483 951 722 1020 gentium
753 948 897 1004 dicat
921 958 980 1004 ut
1007 950 1142 1004 dixit
1169 965 1182 1001 :
1214 960 1267 1003 et
1289 965 1449 1018 nunc,
1477 951 1520 1005 si
1565 961 1743 1005 tamen
1785 951 2051 1022 permittit

484 1053 720 1098 vestrum
765 1052 1066 1111 peccaturo,
1112 1043 1165 1095 iu
1210 1058 1372 1096 unum
1416 1059 1522 1097 non
1565 1053 1784 1114 propter
1829 1044 2049 1099 domum

483 1132 646 1188 Israel
694 1133 854 1198 facio,
904 1132 997 1188 sed
1047 1142 1265 1201 propter
1299 1146 1494 1186 nomen
1531 1146 1710 1186 meum
1745 1149 1758 1187 :
1803 1144 1857 1186 et
1901 1140 2051 1186 certe

484 1231 704 1293 propter
732 1237 925 1277 nomen
967 1238 1123 1276 suum
1169 1236 1312 1276 nunc
1351 1237 1446 1277 vos
1485 1237 1590 1276 non
1635 1223 1862 1278 reducit.
1898 1223 2049 1278 Sicut

483 1314 628 1368 enim
655 1322 780 1369 tunc
808 1323 1027 1382 propter
1055 1329 1247 1368 nomen
1275 1330 1430 1369 suum
1464 1302 1736 1369 revocavit
1760 1328 1776 1368 :
1809 1313 1880 1367 ita
1908 1329 2051 1368 nunc

482 1414 702 1476 prepter
730 1420 922 1460 nomen
955 1421 1112 1460 suum
1139 1421 1234 1461 vos
1262 1421 1365 1460 nou
1394 1415 1631 1460 revocat.
1665 1404 1721 1459 Si
1749 1407 1892 1459 enim
1919 1421 2047 1474 pro-

482 1507 602 1566 pter
633 1511 825 1551 nomen
851 1512 1002 1549 suum
1034 1496 1328 1565 facitquod
1366 1510 1470 1549 non
1503 1495 1648 1560 facit,
1675 1495 1834 1550 debet
1861 1507 1916 1550 et
1943 1511 2046 1550 non

482 1589 794 1660 permittere
843 1587 958 1643 fieri
1011 1603 1073 1642 ea
1126 1603 1244 1658 quae
1294 1587 1544 1659 przedixit
1591 1587 1864 1653 Salvator,
1923 1604 2046 1642 cum

481 1680 830 1736 ostenderent
857 1682 904 1735 ei
948 1680 1150 1749 lapides
1183 1680 1386 1751 templi,
1426 1680 1551 1750 quia
1589 1697 1690 1734 non
1723 1680 2047 1750 relinquetur

481 1770 614 1838 lapis
646 1788 800 1840 super
830 1771 1078 1840 lapidem,
1115 1771 1206 1842 qui
1245 1787 1347 1824 non
1380 1773 1678 1824 destruatur
1702 1779 1750 1812 το
1782 1789 1798 1826 :
1831 1781 1885 1824 et
1922 1786 2044 1824 eum

2153 600 2290 652 cem,
2322 603 2416 656 per
2447 586 2783 654 scandalum,
2809 596 2988 643 etnon
3022 601 3116 657 per
3141 589 3289 659 signa
3326 599 3418 646 aut
3453 591 3720 661 prodigia,

2154 681 2412 735 mundum
2449 680 2724 736 transtulit
2753 681 2820 734 ad
2867 681 2958 736 Dei
2998 680 3261 735 culturam
3306 701 3320 736 :
3377 683 3590 754 Moyses
3638 683 3722 736 lu-

2153 785 2313 826 cerna
2355 785 2424 827 ne
2461 771 2679 841 quidem
2727 771 2821 825 uni
2852 771 3033 826 domui
3077 770 3312 840 sufﬁcit;
3347 771 3506 828 Iesus
3543 784 3723 829 autem

2153 863 2233 918 sol
2268 864 2513 933 iustitiae,
2559 864 2604 920 si
2641 879 2744 919 non
2783 865 2948 934 fulget
2990 867 3219 922 mundus
3270 876 3324 922 et
3371 867 3725 934 illuminatur,

2153 969 2257 1008 non
2289 955 2360 1009 sit
2394 955 2498 1012 sol.
2531 955 2605 1010 Ex
2645 956 2872 1026 negotiis
2905 956 3050 1010 enim
3073 967 3123 1012 et
3155 959 3582 1028 nuncupationes
3599 972 3728 1016 sunt

2150 1047 2493 1116 accipiendae.
2515 1047 2571 1104 Si
2604 1049 2934 1103 illuminatur
2977 1051 3230 1115 mundus,
3255 1049 3334 1104 sol
3352 1051 3575 1120 justitia:
3598 1060 3682 1108 est
3711 1074 3724 1108 :

2151 1137 2239 1192 ubi
2267 1137 2411 1192 enim
2437 1139 2713 1208 praecurrit
2739 1153 2897 1208 opus,
2937 1139 3190 1210 adjuncta
3237 1139 3308 1194 sit
3349 1149 3404 1195 et
3450 1156 3727 1211 nuncupa-

2152 1230 2244 1285 tio.
2285 1230 2493 1300 Moyses
2549 1231 2768 1287 lncerna
2824 1247 2994 1302 quare
3039 1231 3214 1287 dictus
3255 1241 3361 1297 est,
3405 1233 3496 1303 qui
3555 1249 3728 1302 neque

2149 1319 2408 1375 fratribus
2438 1321 2550 1376 suis
2578 1330 2633 1375 et
2657 1321 2906 1391 cognatis
2941 1320 3120 1376 lucere
3169 1320 3341 1375 valuit
3377 1321 3401 1377 7
3449 1320 3726 1390 Siquidem

2149 1412 2215 1466 ad
2251 1413 2384 1467 fines
2414 1413 2528 1484 (77)
2557 1412 2674 1482 ejus
2703 1412 2810 1482 igni
2839 1413 3145 1481 consumpti
3173 1424 3300 1468 sunt
3327 1414 3429 1469 sub
3465 1414 3555 1470 illo
3593 1429 3726 1484 pee-

2147 1510 2335 1557 cantes
2363 1543 2379 1569 ,
2440 1512 2494 1557 et
2542 1504 2722 1556 Aaron
2753 1517 2846 1571 per
2892 1516 2954 1557 os
2985 1485 3152 1571 ipsius
3201 1501 3368 1574 Moysi
3411 1503 3729 1575 obiurgatus

2147 1603 2230 1649 est
2253 1635 2268 1657 ,
2297 1605 2351 1648 et
2376 1603 2595 1664 propter
2628 1593 2803 1666 ipsum
2850 1593 3073 1665 Moysen
3099 1593 3414 1665 obiurgatus
3441 1610 3470 1649 a
3503 1594 3616 1659 Deo,
3638 1604 3726 1652 est

2147 1687 2350 1740 Aaron.
2383 1683 2484 1752 Qui
2521 1693 2725 1738 norunt
2776 1683 3089 1751 Scripturas
3133 1683 3316 1738 sciunt
3366 1698 3488 1755 quae
3537 1685 3729 1739 dicun-

2155 1783 2260 1830 tur.
2297 1774 2518 1846 Moysen
2547 1775 2852 1844 producunt
2873 1774 3015 1842 quod
3041 1773 3292 1843 jurgatus
3335 1788 3364 1828 a
3401 1772 3510 1828 Deo
3539 1782 3644 1839 est,
3673 1783 3731 1828 et

483 1838 1086 1926 defleretrliierusalem,
1122 1838 1178 1916 et
1215 1861 1528 1929 praediceret
1576 1862 1699 1930 quia
1745 1861 2048 1915 circumda-
2081 1838 2120 1892 Β
2154 1865 2312 1920 ﬁnem
2335 1838 2761 1936 ju-stum'habuit
2793 1838 2937 1919 vitaz.
2974 1838 3080 1920 seu
3109 1838 3204 1920 nos
3235 1864 3608 1934 compellimur
3631 1838 3730 1918 fdi-

482 1954 613 2009 hunt
640 1970 759 2008 eam
791 1955 1017 2016 inimici,
1050 1963 1103 2008 et
1135 1954 1412 2008 destruent
1452 1968 1571 2008 eam
1602 1971 1615 2018 ;
1657 1964 1714 2009 et
1753 1970 1873 2007 eum
1905 1953 2051 2008 dice-

480 2057 565 2103 ret
593 2048 801 2102 filiabus
830 2046 994 2102 Israel
1023 2063 1037 2100 :
1083 2044 1236 2100 Filia:
1278 2044 1468 2110 Israel,
1498 2045 1656 2100 nolite
1696 2046 1903 2114 plorare
1946 2062 2046 2112 me,

482 2140 570 2194 sed
585 2140 816 2210 plangite
839 2157 923 2193 vos
942 2149 990 2193 et
1022 2139 1162 2206 ﬁlios
1196 2150 1387 2193 vestros
1411 2150 1429 2188 :
1457 2138 1653 2191 venient
1676 2140 1834 2202 enim,
1855 2138 2046 2208 inquit,

481 2233 588 2287 dies
613 2249 729 2286 cum
761 2232 1036 2300 patiemini
1059 2248 1122 2286 ea
1160 2246 1278 2299 qua:
1307 2245 1476 2298 passa:
1507 2241 1624 2284 sunt
1651 2230 1718 2285 ⁷⁷.
1759 2228 1854 2284 His
1882 2227 2050 2284 semel

481 2333 531 2380 et
556 2324 638 2379 bis
666 2333 722 2378 et
748 2323 909 2378 tertio
932 2339 961 2378 2
985 2322 1269 2378 Salvatore
1288 2321 1583 2393 praedictis,
1605 2320 1651 2374 si
1684 2321 1913 2375 mendax
1943 2329 2046 2386 est,

480 2415 593 2470 etsi
615 2426 802 2470 contra
829 2415 996 2486 legem
1032 2415 1260 2476 faciens.
1297 2417 1340 2470 si
1371 2413 1724 2468 defendentes
1759 2413 1929 2484 legem
1957 2428 2049 2467 oc-

480 2507 897 2578 cideruntquem
921 2506 1266 2573 occiderunt;
1296 2507 1512 2562 deberet
1539 2507 1676 2561 Deus
1708 2513 1764 2560 ut
1797 2513 2049 2575 argueret

479 2603 891 2672 praedicationes
917 2601 1225 2664 mendaces,
1257 2600 1368 2671 pati
1396 2599 1514 2654 illos
1543 2600 1706 2656 etiam
1743 2615 1887 2655 nunc
1917 2613 2046 2668 pec-

479 2703 689 2757 cantes,
721 2704 777 2746 ut
811 2703 862 2748 et
902 2702 1057 2747 antea
1087 2706 1280 2762 passus
1318 2700 1419 2747 est.
1462 2693 1518 2747 Si
1569 2703 1748 2747 autem
1796 2691 2049 2746 Salvator

478 2785 693 2855 quidem
723 2783 995 2854 praedixit,
1028 2783 1191 2836 Pater
1218 2790 1396 2837 autem
1427 2782 1652 2837 audiens
1679 2781 2045 2849 conﬁrmavit,

479 2886 532 2929 et
562 2889 728 2946 opera
755 2883 1049 2939 testantur,
1095 2873 1486 2942 prmdicatione
1534 2873 1826 2943 dupliciter
1868 2874 2048 2928 convi-

479 2975 599 3020 ctus
627 2973 711 3020 est
742 2963 928 3020 Israel.
957 2962 1093 3030 Quia
1128 2962 1292 3034 igitur
1335 2972 1562 3032 apparet
1607 2962 1880 3033 correptio
1927 2977 2048 3032 quae

478 3073 574 3128 per
621 3071 838 3112 crucem
895 3055 1036 3109 facta
1084 3055 1146 3108 iu.
1176 3055 1374 3109 mundo
1413 3053 1637 3121 effulsit,
1691 3054 2044 3123 interrogavi-

479 3165 598 3206 ums
624 3165 738 3215 eos,
766 3163 924 3219 quem
953 3147 1120 3202 vultis
1157 3161 1279 3202 esse
1318 3146 1500 3202 Jesum
1537 3146 1561 3201 ἲ
1607 3146 1881 3202 hominem
1913 3161 2043 3216 pee-
2072 3178 2114 3237 ε

478 3252 716 3296 catorem
743 3249 799 3294 et
819 3247 1010 3294 contra
1041 3240 1208 3309 legem
1234 3237 1566 3294 facientem?
1597 3237 1738 3308 Ergo
1761 3238 2045 3306 producite

478 3343 685 3386 vestros
706 3330 904 3401 justos,
933 3341 987 3383 et
1017 3329 1111 3383 fiat
1137 3329 1492 3398 comparatio.
1521 3327 1677 3382 Absit
1715 3337 1772 3380 ut
1818 3343 1846 3380 a
1890 3327 2048 3383 nobis

477 3421 673 3488 servis,
703 3423 768 3474 ad
796 3420 1077 3475 Dominum
1111 3421 1124 3474 !
1154 3418 1290 3486 Quia
1329 3428 1510 3474 autem
1534 3421 1601 3473 ad
1633 3417 1847 3474 Judazos
1878 3419 2046 3488 loqui-

477 3533 616 3580 mur,
648 3524 862 3585 oportet
914 3529 1009 3569 nos
1054 3512 1353 3570 infautiari.
1399 3513 1791 3582 Comparemus
1836 3511 1889 3566 in
1931 3511 2044 3584 (74)

476 3607 651 3678 signa,
684 3617 1106 3674 etapponamus
1158 3603 1406 3659 lucernas
1453 3602 1637 3675 plures
1674 3602 1772 3658 soli
1825 3619 1950 3663 uno,
1992 3613 2047 3658 et

477 3701 719 3755 dicamus
741 3697 942 3754 Iudaeis
968 3715 981 3750 :
1003 3695 1172 3763 Quem
1201 3696 1364 3751 vultis
1385 3695 1568 3751 Jesum
1597 3695 1753 3751 esse?
1781 3704 1838 3750 ut
1866 3695 2043 3750 Abra-

477 3793 600 3847 ham
627 3791 652 3845 ‘i
681 3789 962 3847 Ostendite
1010 3805 1143 3859 ergo
1196 3803 1354 3858 quem
1395 3789 1567 3844 suasit
1610 3787 1911 3851 Abraham,
1957 3787 2043 3842 vel

476 3900 639 3940 unum
683 3882 829 3951 licet,
887 3885 956 3938 ab
999 3881 1297 3938 idololatria
1335 3881 1403 3935 ad
1453 3880 1904 3951 religiositatem:
1949 3891 2044 3936 aut

477 3991 580 4031 non
613 3976 718 4032 hoc
743 3977 975 4046 primum
1016 3983 1072 4030 et
1109 3975 1161 4028 in
1193 3982 1375 4029 vestra
1413 3972 1532 4045 lege
1581 3973 1894 4027 mandatum
1939 3983 2041 4026 est.

475 4069 583 4124 Sed
619 4067 772 4122 Isaac
800 4066 1206 4138 comparabitur
1244 4066 1319 4121 rei
1356 4065 1468 4137 (75)
1503 4065 1635 4135 ipse,
1679 4073 1733 4118 et
1776 4063 1844 4119 de
1891 4062 2043 4119 Isaac

474 4161 583 4216 erit
607 4176 807 4236 sermo.
865 4161 1035 4227 Quem
1082 4161 1253 4215 suasit
1290 4160 1482 4215 Isaac?
1519 4159 1624 4215 Sed
1663 4159 1861 4226 Iacob,
1889 4161 2043 4230 cujus

474 4264 530 4307 et
562 4267 720 4307 socer
756 4251 810 4306 in
839 4251 1144 4306 idololatria
1194 4249 1540 4321 permansit?
1572 4249 1680 4305 Sed
1717 4250 1906 4322 Moysi,
1951 4253 2041 4321 qui

474 4359 580 4398 non
603 4344 776 4413 potuit
800 4357 898 4413 per
924 4341 1089 4395 multa
1118 4340 1270 4410 signa
1293 4348 1349 4395 et
1378 4339 1620 4410 prodigia
1651 4341 1790 4394 lllios
1811 4341 2042 4395 Abrahae

473 4437 538 4492 ad
583 4434 849 4490 culturam
898 4433 1132 4488 Abraha:
1179 4429 1522 4486 transferre?
1569 4432 1661 4501 qui
1716 4446 1820 4486 non
1871 4433 2044 4501 potuit

2151 1970 2275 2012 cere
2306 1958 2592 2010 adversum
2623 1965 2845 2010 sanctos
2873 1970 3009 2024 quos
3033 1957 3282 2026 cupimus
3307 1956 3592 2010 honorare.
3620 1955 3726 2012 Sed

2152 2062 2256 2102 non
2306 2047 2538 2102 dicimus
2607 2048 2872 2101 adversus
2925 2045 3168 2116 Moysen,
3215 2049 3311 2103 sed
3355 2061 3417 2100 ea
3459 2046 3730 2116 loquimur

2149 2155 2269 2210 quze
2312 2138 2426 2194 vult
2449 2156 2461 2192 :
2490 2139 2605 2209 ipse
2630 2138 2762 2193 dicit
2789 2138 3022 2210 Moyses.
3048 2138 3180 2192 Nam
3207 2149 3264 2194 et
3289 2139 3333 2194 si
3357 2140 3730 2209 compellimur

2150 2233 2350 2300 dicere,
2393 2231 2622 2288 dicimus
2659 2230 2780 2286 ideo
2817 2243 2873 2285 ut
2905 2232 3349 2288 commendemus
3380 2247 3443 2287 ea
3468 2247 3585 2302 quae
3612 2233 3729 2302 ipse

2151 2325 2356 2396 Moyses
2405 2323 2472 2378 de
2513 2321 2736 2378 Christo
2794 2321 3005 2377 locutus
3055 2329 3165 2376 est.
3214 2321 3353 2392 Ergo
3395 2322 3530 2376 falso
3555 2321 3726 2378 Judaei

2149 2415 2367 2488 Moysen
2396 2417 2657 2470 adversus
2685 2413 2905 2486 Moysen
2940 2414 3142 2485 legunt.
3173 2414 3433 2485 Legentes
3463 2415 3608 2469 enim
3639 2414 3727 2468 di-

2149 2515 2297 2572 cunt,
2333 2508 2458 2578 quia
2494 2505 2632 2560 nihil
2668 2507 2781 2559 veri
2839 2505 3096 2573 loquitur.
3147 2503 3256 2560 Nos
3287 2516 3462 2560 autem
3504 2504 3726 2577 Moysen

2148 2611 2246 2668 pro
2276 2595 2458 2666 Moyse
2481 2597 2730 2664 legimus.
2767 2595 2834 2649 Et
2863 2595 2989 2664 quid
3015 2596 3388 2650 contendimus
3414 2595 3480 2650 ad
3507 2594 3722 2653 Judmos

2149 2701 2276 2743 vere
2313 2687 2528 2741 adicere
2554 2685 2665 2758 (78)
2690 2701 2810 2756 quae
2841 2687 2978 2756 apud
3009 2684 3227 2741 Judteos
3260 2687 3552 2753 habentur,
3579 2704 3728 2758 quaa-

2148 2793 2254 2850 que
2294 2779 2448 2833 uobis
2494 2777 2854 2833 concedunt?
2908 2777 2980 2833 At
3027 2779 3166 2833 idem
3215 2776 3386 2834 Judaei
3431 2781 3728 2836 concedant

2149 2870 2306 2925 nobis
2337 2871 2462 2941 quia
2490 2869 2703 2941 Moyses
2721 2885 2846 2926 vera
2883 2869 3092 2925 locutus
3120 2879 3222 2937 est,
3253 2881 3308 2926 et
3339 2872 3517 2927 nullus
3542 2888 3572 2928 e
3601 2889 3725 2942 pro-

2147 2962 2326 3032 phetis
2358 2963 2619 3017 mentitus
2655 2971 2763 3027 est,
2812 2978 2988 3033 neque
3034 2964 3176 3019 Deus
3225 2964 3442 3019 horum.
3492 2965 3726 3020 Dicimus

2146 3052 2291 3107 enim
2324 3053 2446 3124 quia
2479 3068 2668 3107 omnes
2695 3054 3081 3122 promissiones
3118 3053 3237 3121 Dei,
3277 3070 3398 3126 quae
3435 3070 3533 3126 per
3555 3054 3722 3125 legem

2148 3144 2303 3200 factae
2330 3153 2460 3199 sunt
2492 3153 2544 3199 et
2585 3159 2682 3214 per
2728 3146 3038 3217 prophetas,
3078 3146 3312 3215 impletae
3353 3158 3481 3202 sunt
3526 3149 3576 3202 in
3627 3148 3724 3200 ad-

2152 3247 2311 3291 ventu
2345 3236 2557 3292 Domini
2587 3238 2811 3302 Christi,
2871 3247 2925 3293 et
2962 3239 3140 3292 adhuc
3187 3253 3358 3308 usque
3411 3237 3721 3308 implentur.

2149 3327 2264 3382 Hoc
2298 3337 2382 3383 est
2411 3327 2682 3386 honorare
2725 3329 2898 3384 libros
2931 3331 3344 3400 pr0phetarum,
3385 3345 3489 3384 non
3521 3345 3728 3400 purpu-

2149 3424 2260 3478 reis
2289 3423 2452 3494 pallis
2490 3439 2521 3478 a
2561 3424 2714 3491 foris,
2743 3425 2837 3482 sed
2885 3425 3032 3479 illum
3063 3426 3154 3496 qui
3214 3426 3359 3480 intus
3403 3426 3734 3496 praedicatur

2146 3530 2461 3586 agnoscere.
2510 3516 2628 3574 Non
2678 3526 2762 3571 est
2806 3518 3066 3574 mentitus
3119 3516 3330 3590 Moyses
3381 3533 3479 3589 pro
3523 3517 3729 3586 nobis;

2145 3621 2283 3678 opus
2305 3607 2451 3662 enim
2493 3609 2667 3677 ipsum
2702 3609 2752 3662 ei
2797 3609 3164 3664 testimonium
3200 3621 3440 3679 praestat.
3488 3609 3606 3664 Non
3640 3623 3730 3665 est

2169 3702 2424 3756 mentitus
2461 3698 2673 3771 Moyses
2700 3700 2960 3755 adversus
2986 3700 3150 3756 Israel
3181 3718 3197 3767 ;
3251 3703 3534 3772 captivitas
3579 3704 3729 3758 enim

2158 3805 2346 3846 eorum
2373 3801 2426 3845 et
2455 3789 2756 3845 hnmiliatio
2789 3801 3042 3849 testatur.
3069 3790 3180 3846 Non
3212 3803 3337 3848 sunt
3367 3794 3577 3848 mentiti
3605 3811 3733 3864 pro—

2148 3885 2330 3954 pheta:
2379 3883 2717 3939 vocationem
2776 3883 3015 3953 gentium
3076 3883 3475 3953 prmdicentes;
3550 3885 3726 3938 vocati

2143 3977 2292 4031 enim
2336 3985 2463 4031 sunt
2508 3986 2566 4029 ut
2597 3975 2808 4030 videtis.
2842 3973 2958 4030 Non
3003 3985 3128 4030 sunt
3168 3975 3380 4030 mentiti
3428 3974 3728 4045 prophetae,

2143 4067 2348 4120 exitum
2377 4074 2432 4121 et
2465 4065 2822 4134 abjectionem
2851 4064 3018 4119 Israel
3057 4066 3467 4134 prophetautes.
3529 4063 3585 4118 Si
3626 4079 3729 4117 au-

2146 4166 2252 4210 tem
2285 4170 2566 4211 sermones
2598 4155 2843 4226 praedicti
2889 4165 3038 4218 sunt,
3070 4164 3126 4210 et
3173 4154 3386 4224 negotia
3435 4163 3731 4220 testantur,

2144 4249 2271 4317 quid
2294 4249 2472 4302 adhuc
2509 4248 2790 4318 impudens
2814 4245 3026 4302 Israel?
3049 4246 3346 4315 aliquando
3383 4247 3598 4316 quidem
3655 4246 3731 4300 ad

2144 4341 2308 4404 dicta,
2361 4353 2505 4393 nunc
2543 4348 2725 4392 autem
2779 4349 2833 4393 et
2871 4339 2939 4392 ad
2996 4339 3110 4406 ipsa
3161 4338 3396 4407 negotia.
3449 4337 3726 4406 Scriptum

2143 4441 2250 4497 est,
2291 4441 2348 4487 et
2374 4432 2698 4501 promissum
2737 4431 2790 4486 in
2836 4430 2951 4501 lege
2990 4439 3110 4494 est,
3154 4430 3280 4500 quia
3316 4430 3362 4485 si
3410 4430 3611 4485 fuerint
3634 4431 3726 4498 qui

473 4527 701 4581 suadere
753 4539 941 4581 socero
1001 4524 1142 4579 suo?
1181 4521 1369 4578 Nonne
1398 4538 1547 4577 mare
1573 4523 1942 4586 scindebatur,
1987 4533 2044 4578 et
2077 4521 2118 4576 D
2149 4527 2380 4595 dispersi
2424 4533 2551 4579 sunt
2579 4537 2609 4578 e
2648 4523 2848 4592 popqu
2898 4525 2965 4577 ad
3017 4523 3152 4579 fines
3206 4536 3378 4592 usque
3428 4522 3636 4582 mundi,
3668 4532 3728 4575 et

473 4619 668 4670 iterum
696 4615 1068 4686 copulabatur,
1098 4623 1154 4692 et
1187 4629 1382 4668 manna
1415 4613 1482 4668 ad
1519 4613 1690 4668 vicem
1729 4613 1918 4668 imbris
1952 4614 2046 4669 de-

474 4709 790 4774 ducebatur,
817 4717 872 4762 et
908 4717 1075 4779 petra:
1113 4721 1180 4761 ex
1221 4706 1346 4762 imis
1394 4706 1716 4760 emittebant
1769 4720 1959 4776 aquas,
1990 4716 2047 4762 et

471 4802 650 4856 omnis
696 4809 890 4854 natura
943 4798 1374 4855 transferebatur
1411 4812 1510 4869 per
1535 4797 1707 4868 signa,
1737 4808 1792 4854 et
1819 4798 2047 4868 populus

474 4892 728 4947 manebat
759 4893 811 4946 in
841 4892 1143 4946 idololatria
1176 4891 1200 4946 ?
1248 4890 1388 4958 Quid
1430 4891 1600 4946 valuit
1638 4891 1855 4947 lucerna
1896 4891 2046 4964 Moy-

473 4986 606 5041 ses?
627 4983 754 5040 Ideo
782 4984 921 5039 bene
943 4983 1074 5038 dicit
1117 4982 1378 5037 Dominus
1407 4999 1421 5037 :
1467 4981 1653 5036 Nolite
1693 4981 1942 5052 judicare
1972 4984 2043 5038 ad

470 5073 680 5141 facient,
712 5074 805 5130 sed
827 5074 1033 5144 justum
1078 5057 1333 5142 iudicium
1359 5072 1594 5140 iudicate
1615 5071 1700 5126 "z
1731 5088 1837 5127 non
1865 5073 2042 5127 nomi-

471 5167 654 5231 nibus,
678 5165 772 5221 sed
801 5164 1078 5235 negotiis:
1116 5164 1246 5233 quid
1283 5162 1527 5219 correxit
1564 5161 1803 5234 Moyses,
1821 5173 1876 5219 et
1909 5178 2042 5234 prae-

471 5258 770 5312 houoretur
794 5255 906 5327 (76)
935 5273 963 5310 a
996 5255 1148 5312 vobis
1170 5253 1366 5310 Jesus?
1411 5252 1472 5308 Si
1509 5262 1689 5310 autem
1745 5270 1910 5310 unum
1940 5269 2038 5324 po-

2145 4617 2474 4687 pteniteutes
2501 4614 2857 4668 custodierint
2906 4613 3124 4684 legem:
3166 4614 3292 4669 inde
3332 4629 3420 4668 eos
3453 4613 3728 4677 reducam,

2145 4708 2277 4762 dicit
2316 4707 2570 4760 Dominus
2596 4707 2665 4783 'f'.
2709 4706 2810 4760 Ista
2841 4707 2934 4760 Dei
2982 4707 3270 4777 promissio
3294 4715 3395 4762 est.
3427 4705 3726 4777 Interroga-

2144 4801 2324 4854 vimus
2351 4814 2483 4868 ergo
2508 4797 2743 4862 Iudaeos,
2776 4809 2957 4852 utrum
2993 4800 3226 4854 servatis
3263 4798 3436 4868 legem
3462 4806 3557 4852 aut
3579 4812 3680 4851 non
3698 4794 3726 4851 τ

2147 4890 2206 4946 Si
2239 4906 2346 4946 non
2371 4891 2623 4956 servatis,
2655 4891 2785 4959 quid
2811 4902 2868 4944 et
2905 4890 3240 4960 loquimini?
3287 4892 3344 4946 Si
3390 4901 3568 4945 autem
3609 4904 3726 4945 ser-

2146 4981 2310 5047 vatis,
2336 4980 2465 5050 quid
2496 4983 2620 5050 quia
2657 4995 2763 5034 non
2798 4979 3130 5034 revocamioi
3159 4976 3320 5033 ?Non
3352 4979 3498 5032 enim
3536 4975 3727 5031 ruenti-

2148 5081 2237 5128 tur
2261 5071 2426 5127 Deus.
2460 5071 2518 5126 Si
2558 5079 2736 5126 autem
2775 5073 3195 5139 praevaricautes
3225 5070 3398 5140 legem
3444 5066 3728 5123 habebatis

2145 5163 2466 5228 civitatem;
2508 5177 2650 5216 nunc
2688 5173 2748 5216 ut
2775 5161 2956 5216 dicitis
2980 5169 3264 5214 servantes
3291 5157 3460 5229 legem
3489 5155 3726 5227 dispersi

2145 5254 2281 5310 estis
2333 5252 2390 5308 in
2443 5252 2754 5309 civitatibus
2809 5271 2824 5307 :
2890 5248 3182 5307 manifesta
3228 5263 3362 5318 ergo
3414 5257 3501 5304 est
3542 5255 3723 5300 vestra

537 5417 582 5448 ⁷³
622 5417 824 5472 Ezech.
868 5432 1052 5482 um,
1078 5414 1169 5482 22,
1243 5414 1289 5446 "
1311 5412 1481 5469 Marc.
1513 5427 1634 5480 xm,
1663 5413 1720 5468 2.
1794 5414 1838 5445 '"
1866 5412 1994 5468 Luc.
2033 5429 2047 5468 ι

2153 5429 2190 5477 ι,
2217 5412 2322 5479 28;
2352 5426 2467 5477 ιιι,
2493 5411 2584 5466 44.
2661 5410 2707 5443 ⁷⁸
2737 5409 2894 5466 Joan.
2926 5423 3027 5478 vit,
3061 5407 3152 5462 9.4.
3229 5409 3275 5442 ⁷ο
3301 5407 3449 5464 Deut.
3485 5413 3615 5466 ιιι,
3650 5397 3710 5455 3.

539 5537 651 5606 (7.4)
681 5538 766 5606 In.
806 5537 972 5592 Forte
994 5541 1132 5605 jam.

538 5604 651 5678 (75)
672 5604 1086 5678 βοιηρῃναὸὶιιιν
1121 5606 1215 5659 rei.
1249 5604 1503 5663 Fortasse
1540 5605 1935 5678 comparabitur
1961 5604 2032 5678 ei,

468 5679 521 5732 id
552 5673 641 5731 est
663 5675 787 5731 Jesu
810 5673 1074 5731 Christo:
1107 5691 1300 5743 nempe
1345 5679 1521 5732 littera
1567 5693 1615 5740 r,
1657 5674 1853 5744 prioris
1886 5673 2035 5728 vocis

465 5759 761 5814 postrema,
790 5759 1072 5814 perperam
1108 5747 1335 5813 repetita
1360 5747 1542 5801 fuerit.

544 5816 650 5879 (76)
685 5813 749 5868 Et
779 5812 1194 5879 oi'a'lionoretur,
1219 5825 1322 5872 etc.
1346 5817 1528 5880 Forte,
1561 5824 1614 5869 ut
1641 5812 2035 5881 pra’honoretur

2139 5549 2171 5586 a
2198 5531 2336 5598 vobis
2360 5530 2541 5587 Jesus.

2178 5590 2325 5683 .(77')_
2353 5599 2436 5655 Ait
2478 5603 2629 5670 ﬁnes.
2664 5599 2920 5654 Fortasse
2948 5593 3104 5648 unica
3153 5606 3287 5648 voce
3326 5590 3551 5659 adﬁnes,
3582 5602 3716 5658 pro-

2140 5686 2490 5810 Magium
2520 5735 2744 5810 adicere.
2776 5734 3033 5791 Fortasse
3079 5747 3301 5810 uere-ea
3323 5771 3338 5790 .
3368 5727 3452 5783 vel
3482 5743 3597 5784 vere
3621 5727 3715 5781 di-

2141 5802 2254 5864 cere
2284 5802 2316 5862 :'
2336 5812 2416 5864 vel
2438 5810 2645 5862 adicere
2673 5807 2876 5862 dietmu
2908 5813 2985 5860 est
3017 5819 3115 5872 pro
3147 5802 3397 5870 adjicere.
