4134 6400
399 500 535 555 Ηυὸ

398 607 785 668 inexcusabilis
813 605 1037 661 audacia
1069 601 1345 674 sanguinis
1378 599 1528 669 justi.

401 714 571 757 torum
606 700 993 772 prophetarum
1044 695 1313 751 eii'udistis
1350 691 1687 762 sanguinem,
1717 697 1773 743 et
1797 685 1962 741 habe-

398 795 535 850 batis
566 803 800 848 vestram
830 792 1104 846 civitatem
1132 805 1147 841 ;
1174 796 1227 841 et
1263 785 1536 855 prioribus
1561 781 1846 853 prophetis
1881 779 1963 832 in-

402 883 664 949 terfectis,
691 881 911 937 secundi
958 879 1267 940 veniebant,
1325 887 1380 933 et
1418 874 1813 930 convincebant
1843 886 1957 925 vos.

399 972 676 1039 Quomodo
707 986 835 1043 ergo
869 969 1154 1024 multorum
1192 966 1577 1035 prophetarum
1609 963 1828 1031 sanguis
1855 976 1959 1015 non

402 1065 677 1119 intercidit
708 1062 1083 1131 prophetiam;
1114 1059 1272 1112 unius
1298 1068 1498 1119 autem,
1533 1064 1590 1109 ut
1612 1054 1815 1118 dicitis,
1840 1067 1963 1107 con-

404 1171 482 1215 tra
512 1159 681 1227 legem
712 1158 959 1211 facientis
980 1154 1219 1225 sanguis,
1245 1154 1432 1207 statuit
1457 1150 1570 1221 (79)
1595 1164 1807 1205 omnem
1837 1163 1962 1217 pro-

404 1248 681 1319 phetiam?
709 1250 773 1303 Et
809 1248 1075 1317 quomodo
1103 1261 1291 1300 omnes
1317 1244 1587 1314 propheta:
1610 1257 1729 1297 cum
1754 1241 1962 1311 legisla-

398 1350 517 1393 tore
559 1348 611 1394 et
644 1339 858 1408 regibus
885 1338 1065 1406 justis,
1092 1344 1149 1389 et
1190 1334 1441 1390 omnibus
1481 1331 1815 1387 mirabilibus
1844 1346 1964 1400 qua:

398 1423 538 1483 Jacta
570 1429 708 1497 apud
747 1427 1037 1498 Aﬁgyptnm
1065 1427 1335 1490 videntur,
1367 1433 1423 1480 et
1470 1424 1521 1479 in
1559 1416 1871 1488 deserto,'et
1908 1422 1962 1476 in

403 1520 523 1587 ipsa
549 1528 709 1572 'terra
739 1519 1123 1587 promissionis,
1154 1527 1208 1571 et
1235 1532 1357 1570 cum
1394 1514 1644 1570 omnibus
1689 1513 1964 1567 beneﬁciis

396 1618 449 1662 et
478 1610 655 1677 poenis
692 1624 795 1662 non
823 1608 1499 1663 statneruntidololatriam
1547 1620 1613 1661 ne
1631 1606 1847 1676 quidem
1895 1604 1963 1659 ab

399 1702 514 1772 ipso
555 1701 755 1756 lsrael?
780 1701 968 1758 Crucis
1009 1711 1190 1755 autem
1226 1714 1404 1755 sermo
1429 1708 1484 1755 et
1515 1700 1703 1754 orbem
1743 1699 1962 1752 univer-

394 1809 512 1847 sum
577 1795 866 1858 convertit,
908 1804 963 1848 et
1009 1794 1171 1849 Israel
1208 1795 1252 1848 si
1307 1792 1438 1846 nihil
1475 1792 1641 1857 aliud,
1688 1801 1861 1846 tamen
1896 1792 1963 1846 ab

398 1884 704 1938 idololatria
744 1885 1060 1955 prohibuit?
1084 1884 1224 1951 Quid
1249 1886 1353 1939 hoc
1383 1883 1703 1938 etiicicnlius
1738 1883 1863 1936 mihi
1893 1882 1964 1935 vi-

394 1975 574 2037 detur,
623 1975 748 2043 quia
809 1974 1139 2026 resurrectio
1192 1973 1421 2027 viventis
1479 1989 1597 2043 qua:
1648 1976 1751 2028 hoc
1808 1972 1957 2036 fecit,
1990 1960 2032 2015 Β
2063 1957 2326 2043 πξθηξδίητ
2369 1955 2495 2016 pos”
2523 1957 2764 2043 cfucemt

394 2080 540 2117 mors
571 2078 731 2131 quam
771 2063 1044 2116 sustinuit.
1073 2064 1129 2119 Si
1160 2064 1306 2117 enim
1353 2062 1541 2117 aﬂixus
1590 2071 1671 2117 est
1702 2064 1770 2117 ob
1818 2062 1963 2116 inﬁr-

394 2153 664 2212 mitatem,
720 2162 778 2207 ut
807 2154 936 2208 dicit
958 2153 1154 2209 Paulus
1186 2155 1255 2219 ⁸⁸,
1305 2157 1397 2209 sed
1447 2156 1577 2208 vivit
1610 2163 1669 2208 ιιι
1698 2154 1957 2207 videmus.

393 2240 456 2293 Et
487 2258 585 2297 nos
606 2244 821 2312 quidem
851 2244 997 2298 illum
1022 2260 1182 2314 quem
1223 2261 1328 2299 non
1367 2246 1608 2299 videmus
1652 2259 1757 2298 non
1799 2261 1955 2314 nega-

393 2350 554 2389 mus:
599 2336 863 2390 viventem
905 2346 1084 2391 autem
1119 2352 1185 2392 ex
1210 2337 1299 2392 his
1324 2354 1444 2408 qua-
1483 2337 1646 2392 eﬂicit
1690 2339 1953 2392 videmus.

393 2426 529 2492 Quia
561 2438 735 2481 autem
772 2428 889 2481 ausi
919 2439 1067 2492 sunt,
1100 2428 1152 2481 in
1184 2443 1287 2498 qua
1320 2438 1450 2483 sunt
1486 2443 1649 2499 paena
1704 2428 1806 2498 ipsi
1847 2430 1961 2483 edi-

393 2528 542 2570 cant.
577 2517 718 2589 Ergo
745 2519 933 2574 vivens
961 2529 1015 2574 et
1042 2521 1184 2588 apud
1211 2535 1305 2576 eos
1339 2520 1615 2575 invenitur
1645 2523 1736 2591 qui
1770 2537 1961 2593 passus

392 2618 498 2663 est.
532 2610 635 2676 Qui
668 2612 811 2664 enim
843 2611 1202 2667 adversantur
1226 2613 1278 2667 in
1313 2612 1668 2668 dissolutione
1699 2623 1826 2668 sunt
1854 2631 1868 2667 :
1907 2622 1961 2667 et

394 2700 625 2769 gentiles
671 2701 781 2771 jam
824 2718 928 2756 non
975 2704 1246 2771 gentiles:
1298 2712 1353 2759 et
1398 2702 1567 2759 Judaei
1615 2713 1957 2773 superantur.

395 2793 537 2858 Cuid
569 2793 823 2863 deestqui
856 2795 1065 2850 vincit?
1101 2796 1337 2851 Ecclesia
1372 2795 1569 2865 quippe
1595 2798 1735 2851 unde
1757 2797 1962 2852 habens

395 2883 573 2942 ’iliosi
626 2885 702 2941 Ita
738 2889 881 2942 enim
912 2898 996 2942 est
1031 2890 1342 2953 admiratio,
1370 2891 1495 2957 quia
1522 2906 1551 2942 a
1575 2888 1775 2945 Iudaeis
1820 2892 1963 2947 acci-

393 2976 548 3045 piens
580 2987 774 3046 patres
817 2978 1109 3047 apostolos,
1161 2993 1189 3029 a
1248 2978 1497 3047 gentibus
1526 2989 1707 3034 autem
1754 2980 1893 3035 ﬁlios
1930 2996 1960 3034 a

393 3081 501 3121 non
529 3068 911 3133 credentibus;
948 3070 1110 3123 habet
1143 3069 1254 3124 illic
1289 3069 1517 3124 salutem
1552 3070 1804 3139 ﬁliorum,
1841 3074 1963 3129 istic

391 3174 499 3211 non
528 3158 908 3214 creditJudzeis
934 3160 1067 3232 (80).
1102 3160 1207 3215 Sed
1237 3161 1305 3215 ab
1344 3163 1737 3232 abnegantibus
1763 3163 1963 3219 Judaeis

392 3246 553 3300 habet
584 3257 748 3303 testes
776 3250 1070 3318 apostolos,
1109 3263 1167 3303 ut
1200 3250 1412 3304 illorum
1467 3255 1786 3322 conspersio
1822 3258 1960 3323 apud

393 3354 492 3392 nos
528 3355 632 3394 non
671 3341 740 3395 sit
769 3341 1005 3398 illorum.
1053 3341 1185 3395 Cum
1239 3342 1382 3396 enim
1436 3343 1640 3398 ferrum
1675 3360 1956 3414 acceptum
1987 3361 2028 3416 ο

389 3427 554 3484 fuerit
581 3447 611 3485 a
650 3433 1003 3502 congeriebus
1028 3434 1282 3502 lapidum,
1309 3446 1397 3491 aut
1436 3452 1465 3491 a
1498 3450 1641 3492 terra
1671 3455 1736 3494 ex
1761 3456 1866 3510 qua
1905 3452 1959 3497 et

390 3521 679 3577 conﬂatum
700 3535 802 3590 est,
823 3524 933 3592 jam
968 3541 1073 3581 non
1106 3535 1187 3581 est
1209 3528 1349 3596 quod
1388 3541 1507 3583 erat
1537 3530 1588 3583 in
1622 3542 1803 3586 monte
1848 3550 1862 3586 :
1906 3542 1961 3588 et

390 3613 620 3680 apostoli
653 3629 682 3667 a
712 3612 911 3671 Judaeis
937 3617 1168 3686 accepti,
1190 3616 1299 3684 jam
1320 3635 1425 3673 non
1452 3630 1577 3674 sunt
1604 3637 1667 3675 ex
1704 3623 1830 3677 iiiis.
1856 3622 1958 3679 Per

393 3703 572 3772 ignem
624 3706 769 3759 enim
824 3708 1117 3773 emundati,
1174 3708 1318 3762 aliud
1364 3725 1522 3778 quam
1572 3711 1775 3782 lapides
1831 3713 1957 3770 facti

394 3800 543 3847 sunt.
595 3793 675 3848 illi
716 3796 859 3849 enim
904 3796 1369 3852 interﬁciebantur
1418 3811 1477 3854 ut
1519 3817 1622 3857 non
1672 3805 1962 3860 adorarent

392 3884 535 3939 idola
564 3902 579 3950 ;
605 3896 659 3940 et
695 3886 1002 3955 lapidabant
1032 3888 1251 3957 Moysen
1302 3892 1427 3960 quia
1470 3910 1574 3950 non
1630 3899 1960 3953 concedebat

389 3975 472 4029 eis
500 3977 766 4031 adorare:
799 3977 1105 4046 Stephanus
1132 3992 1310 4037 autem
1343 3986 1528 4039 statim
1562 4002 1628 4040 ex
1662 3988 1795 4055 ipsis
1823 3988 1960 4058 lapi-

387 4065 643 4133 dabatur,
671 4087 737 4125 eo
776 4073 920 4141 quod
960 4091 1066 4129 non
1105 4079 1319 4147 negavit
1351 4095 1515 4135 causa
1556 4083 1739 4135 crucis
1777 4082 1959 4136 Domi-

389 4173 517 4210 num
544 4157 749 4214 Jesum.
786 4163 949 4219 Putas
982 4165 1070 4219 isti
1106 4182 1173 4221 ex
1204 4167 1404 4223 Judaeis
1434 4170 1607 4223 sunt?
1636 4169 1831 4226 Petrus
1865 4170 1957 4242 qui

391 4249 611 4306 inverso
643 4254 821 4323 capite
851 4254 1040 4312 atIixus
1078 4269 1162 4312 est
1192 4259 1362 4326 cruci,
1408 4259 1607 4316 Paulus
1644 4263 1736 4331 qui
1774 4277 1959 4333 perse-

387 4345 659 4399 cutionem
696 4355 778 4401 est
806 4363 1021 4416 passus,
1068 4358 1124 4403 et
1160 4352 1425 4419 gloriatus
1465 4362 1549 4406 est
1589 4353 1639 4406 in
1679 4355 1956 4423 periculis.

388 4436 496 4492 Sed
525 4440 869 4496 meminimus
915 4442 1062 4498 Petri
1102 4456 1153 4498 et
1195 4443 1345 4498 Pauli
1372 4457 1424 4499 et
1454 4444 1732 4515 Stephani.
1768 4446 1958 4503 Petrus

385 4537 517 4582 ante
550 4544 767 4585 crucem
793 4531 1039 4587 inﬁrmus
1082 4541 1137 4587 et
1173 4533 1431 4599 incertus,
1462 4536 1529 4601 fet
1566 4545 1647 4589 ter
1683 4538 1957 4606 abnegans

388 4616 672 4673 Dominum
698 4636 715 4686 ;
740 4622 958 4689 quando
997 4623 1171 4692 magis
1216 4626 1504 4691 oportebat
1539 4640 1662 4680 eum
1710 4630 1957 4697 negare?

1467 478 1553 534 DE
1592 457 2197 530 RESURRECTIONE.
2240 486 2307 499 —-
2342 452 2471 508 LIB.
2510 446 2573 503 Il.

1560 596 1625 650 Et
1658 598 1803 648 certe
1829 583 1963 641 mul-
1994 590 2039 644 Α
2068 576 2226 640 dixit,
2273 576 2566 641 negaturos
2613 573 2734 617 esse
2775 567 2985 621 omnes,
3022 551 3218 650 Petrus
3254 545 3469 650 dicebat
3502 559 3517 598 :
3551 542 3630 650 ‘Si

3488 425 3635 482 “06-

2062 637 2238 721 omnes
2266 674 2315 716 te
2348 637 2630 728 negabunt,
2662 666 2757 721 ego
2787 664 2891 702 non
2917 655 2965 701 te
3005 642 3242 714 negabo;
3277 637 3369 693 sed
3411 643 3633 705 paratus

2060 772 2173 811 sum
2203 768 2297 823 pro
2324 760 2372 805 te
2407 746 2541 802 mori
2568 745 2636 808 ⁸¹,
2664 750 2719 797 et
2748 748 2874 795 ante
2892 747 2946 794 te
2967 736 3125 791 mori.
3159 733 3225 789 Et
3253 746 3373 785 cum
3402 728 3631 823 dixisset

2062 817 2280 916 quia'et
2317 844 2432 911 ipse
2482 847 2563 893 ter
2612 834 2974 902 abnegaturus
3011 834 3196 889 esset,
3237 836 3341 916 non
3381 817 3629 916 recessit,

2063 910 2394 990 contendens
2434 937 2489 984 et
2533 925 2741 988 dicens,
2783 920 2905 975 Non
2953 928 3001 973 te
3051 915 3265 986 negabo.
3300 910 3405 977 Qui
3449 917 3629 961 autem

2063 1024 2201 1080 dixit
2250 1034 2412 1090 saepe,
2460 1016 2586 1087 quia
2638 1026 2745 1067 non
2785 1004 3011 1076 negabo,
3056 1012 3110 1057 et
3163 1001 3351 1055 horum
3390 991 3630 1090 habebat

2063 1088 2412 1177 memoriam;
2449 1107 2572 1177 quia
2605 1101 2785 1173 puella
2814 1100 3054 1168 quaedam
3097 1091 3360 1148 accedens
3389 1088 3627 1139 interro-

2064 1206 2223 1278 gabat
2252 1217 2400 1267 eum,
2429 1213 2569 1254 nunc
2591 1193 2844 1251 Galilaeus
2866 1199 2965 1252 est,
2999 1202 3139 1240 nunc
3168 1196 3287 1238 cum
3314 1177 3443 1235 Iesu
3471 1185 3621 1278 erat;

2064 1269 2228 1365 coepit
2256 1303 2309 1348 et
2332 1291 2543 1361 jurare,
2575 1286 2722 1359 quod
2757 1298 2863 1338 non
2903 1287 3220 1352 poposcerat
3247 1274 3445 1343 puella,
3476 1280 3533 1325 et
3554 1269 3629 1322 di-

2063 1401 2207 1452 cere,
2248 1385 2373 1455 quia
2418 1381 2602 1437 nescio
2645 1375 2944 1439 hominem,
2984 1386 3083 1427 nec
3140 1378 3199 1421 ut
3245 1365 3542 1425 hominem,
3591 1375 3626 1415 ο

2065 1498 2261 1552 Petrei
2292 1504 2348 1551 et
2382 1496 2486 1549 hoc
2521 1489 2709 1558 semel,
2744 1497 2797 1544 et
2823 1487 2907 1543 bis
2939 1495 2992 1541 et
3022 1493 3121 1540 ter.
3153 1481 3220 1536 Et
3241 1486 3386 1533 certe
3415 1472 3629 1529 vivebat

2063 1588 2334 1658 Magister,
2370 1595 2424 1641 et
2453 1584 2722 1639 incertum
2755 1589 2873 1634 erat
2911 1578 2957 1634 si
2983 1581 3286 1630 moreretur
3335 1569 3513 1658 Petro.
3536 1563 3629 1658 ξρ-

2065 1654 2177 1733 sius
2204 1685 2289 1731 est
2310 1674 2455 1729 enim
2488 1686 2587 1727 vox
2613 1685 2735 1739 quae
2761 1669 2933 1723 dixit:
2963 1660 3331 1720 Misericordia
3362 1655 3487 1721 tibi,
3525 1654 3629 1707 Do-

2065 1768 2219 1834 mine,
2247 1769 2308 1821 ab
2336 1767 2416 1820 his
2447 1765 2514 1818 θ’.
2555 1757 3017 1830 Quemadmodum
3060 1756 3162 1811 iste
3204 1765 3407 1821 negans
3451 1759 3530 1803 ter
3573 1756 3629 1800 et

2060 1857 2274 1929 jurans,
2326 1866 2380 1911 et
2437 1855 2540 1910 hoc
2585 1859 2807 1923 prOpter
2843 1863 3029 1904 vocem
3076 1844 3263 1917 puellae
3304 1841 3463 1896 unius
3501 1847 3626 1892 ante

2788 1950 2910 2012 post
2933 1952 3134 2010 paucos
3166 1934 3290 1990 illos
3329 1934 3444 1987 dies
3484 1929 3622 1984 inci-

2062 2037 2140 2105 pit
2168 2035 2404 2091 clamare
2430 2044 2485 2090 et
2515 2032 2581 2087 ad
2615 2030 2866 2102 populum
2905 2028 3085 2084 dicere
3122 2043 3137 2081 :
3192 2022 3305 2077 Viri
3347 2020 3540 2091 fratres
3575 2027 3623 2072 et

2034 2136 2257 2195 .pntres,
2286 2125 2464 2178 audite
2484 2124 2549 2178 ⁸³.
2576 2122 2809 2177 Puellam
2837 2134 2943 2173 non
2967 2116 3139 2181 audis,
3170 2125 3220 2172 et
3248 2115 3395 2168 viros
3428 2110 3623 2165 fratres

2060 2228 2113 2273 et
2145 2229 2323 2287 patres
2351 2231 2511 2271 vocas
2541 2224 2599 2269 ut
2630 2213 2957 2268 suadeantur
2991 2210 3014 2263 ?
3060 2209 3117 2263 lu
3164 2214 3318 2261 nocte
3354 2215 3517 2271 negas
3562 2199 3616 2253 in

2059 2344 2162 2398 qua
2202 2344 2389 2398 posses
2417 2337 2472 2383 et
2498 2326 2685 2392 latere,
2720 2334 2772 2378 et
2799 2322 2958 2378 tertia
2991 2323 3121 2377 hora
3149 2326 3468 2375 constanter
3500 2330 3620 2386 pro-

2060 2420 2301 2475 clamans
2331 2419 2573 2488 loqueris
2591 2417 2657 2470 ad
2684 2418 2938 2485 populum
2976 2411 3332 2467 universum?
3364 2409 3468 2465 Sed
3492 2417 3619 2477 puta

2059 2509 2183 2578 quia
2213 2508 2410 2565 Petrus
2432 2509 2803 2564 contentiosns
2832 2516 2937 2568 est,
2960 2515 3014 2560 et
3040 2503 3222 2559 omnia
3254 2503 3464 2557 donans
3500 2498 3621 2554 Ma-

2059 2601 2249 2670 gistro,
2300 2615 2463 2655 ausus
2508 2601 2605 2655 t'uit
2651 2597 2852 2654 Judteis
2901 2607 2956 2652 et
3002 2596 3167 2667 loqui,
3197 2610 3228 2648 a
3259 2593 3454 2664 quibus
3502 2594 3616 2660 ipsa

2060 2692 2282 2746 audacia
2309 2690 2534 2746 exstitit.
2580 2690 3040 2759 Quemadmodum
3082 2685 3256 2743 Judaei
3294 2701 3396 2740 non
3437 2684 3620 2740 statim

2060 2780 2291 2837 fustibus
2324 2793 2377 2835 et
2423 2782 2705 2852 lapidibus,
2741 2791 2833 2835 aut
2857 2780 3098 2850 quolibet
3138 2777 3245 2832 alio
3288 2791 3485 2846 genere
3523 2777 3619 2831 ob-

2063 2888 2221 2928 ruere
2271 2884 2585 2944 arguentem
2621 2873 2644 2926 Ἰ
2678 2872 2734 2927 Si
2763 2873 2905 2927 enim
2936 2873 3121 2937 Deum,
3158 2872 3249 2941 qui
3278 2872 3430 2940 signa
3470 2870 3622 2937 fecit,

2060 2967 2176 3021 ausi
2222 2974 2346 3021 sunt
2398 2964 2612 3036 afﬁgere
2657 2964 2828 3029 cruci,
2876 2964 3329 3031 quemadmodum
3401 2962 3623 3017 Petrum

2061 3058 2472 3114 convincentem
2507 3073 2600 3113 eos
2650 3068 2769 3127 post
2813 3059 2973 3114 istam
3002 3058 3281 3111 audaciam
3308 3072 3415 3110 non
3442 3056 3625 3112 statim

2062 3149 2294 3205 fustibus
2320 3161 2409 3203 aut
2440 3150 2709 3220 lapidibus
2754 3148 3096 3204 obruerunt?
3130 3147 3285 3202 Nunc
3329 3162 3463 3218 ergo
3502 3157 3631 3203 sunt

2063 3240 2115 3295 in
2144 3242 2451 3311 captivitate
2482 3249 2536 3295 et
2559 3241 2951 3305 humiliatione,
3000 3255 3120 3294 cum
3163 3240 3317 3294 ﬂoret
3352 3239 3625 3306 Ecclesia;

2063 3346 2117 3388 et
2159 3338 2385 3389 adorant
2429 3333 2710 3389 nobiscum
2753 3344 2808 3388 et
2858 3349 3012 3403 reges
3056 3343 3110 3388 et
3150 3333 3378 3402 jndices.
3416 3333 3630 3389 Audeat

2061 3429 2181 3496 quis
2219 3428 2424 3496 ingredi
2450 3442 2798 3497 synagogam,
2838 3428 2985 3483 visus
3007 3427 3130 3482 licet
3155 3426 3269 3499 (82)
3292 3426 3535 3496 alicujus,
3569 3436 3625 3481 et

2060 3521 2263 3583 dicere,
2310 3518 2466 3575 Jesus
2499 3520 2790 3575 cruciﬁxus
2834 3516 3004 3573 Filius
3050 3526 3136 3573 est
3178 3517 3291 3572 Dei.
3343 3516 3398 3571 Si
3432 3516 3629 3570 exierit

2061 3612 2298 3666 exinde?
2324 3622 2377 3667 et
2409 3612 2510 3667 hoc
2541 3626 2663 3667 cum
2696 3626 2799 3665 non
2835 3612 2905 3665 sit
2933 3627 2999 3665 ex
3043 3609 3264 3674 Judteis,
3304 3610 3398 3664 sed
3433 3624 3498 3663 ex
3530 3623 3627 3661 no-

2064 3701 2145 3754 bis
2174 3718 2186 3753 :
2220 3715 2340 3755 cum
2371 3711 2426 3755 et
2475 3700 2621 3770 leges
2671 3701 2967 3766 vindicant,
3000 3711 3054 3755 et
3082 3714 3236 3772 reges
3271 3704 3521 3765 adorant,
3571 3710 3625 3753 et

2063 3808 2185 3847 cum
2239 3792 2478 3848 Ecclesia
2514 3804 2657 3848 tenet
2692 3791 2827 3865 (83).
2888 3792 2947 3849 Si
2983 3803 3163 3849 autem
3210 3809 3352 3849 nunc
3396 3807 3500 3845 non
3546 3802 3629 3845 est

2061 3885 2176 3939 sine
2204 3884 2442 3954 periculo
2471 3885 2702 3956 aliquem
2729 3903 2834 3941 non
2881 3886 3123 3943 Judaeum
3160 3885 3367 3955 ingredi
3402 3885 3455 3939 in
3493 3898 3626 3955 syn-

2061 3991 2283 4046 agogam
2337 3991 2523 4031 eorum
2573 3979 2663 4047 qui
2696 3979 2748 4032 in
2773 3978 3089 4047 captivitate
3112 3978 3401 4039 habentur,
3431 3987 3486 4030 et
3522 3977 3624 4030 hoc

2064 4068 2116 4121 in
2156 4070 2273 4123 vico
2298 4070 2388 4122 ubi
2423 4080 2532 4123 tres
2566 4079 2660 4124 aut
2699 4080 2931 4139 quatuor
2977 4071 3300 4141 colliguntur
3345 4067 3535 4134 Judaei,
3570 4079 3628 4125 et

2062 4163 2241 4216 dicere
2275 4165 2555 4218 veritatem
2581 4179 2597 4228 ;
2633 4164 3084 4231 quemadmodum
3116 4164 3306 4220 Petrus
3329 4181 3393 4219 ex
3422 4162 3623 4218 Judaeis

2061 4252 2313 4309 Galilaeus
2332 4255 2355 4309 ?
2371 4254 2479 4310 Nec
2501 4254 2642 4308 enim
2669 4255 2770 4309 hoc
2786 4267 2870 4311 est
2888 4257 3068 4313 dicere
3090 4258 3214 4327 quia
3240 4257 3624 4326 ingenuitatem

2060 4343 2178 4412 ejus
2213 4346 2569 4410 honorarunt,
2598 4354 2653 4400 et
2684 4361 2789 4399 non
2827 4353 2950 4399 sunt
2971 4347 3086 4400 ausi
3114 4364 3127 4399 :
3159 4360 3260 4401 nec
3286 4347 3411 4413 quia
3441 4347 3625 4400 erudi-

2061 4436 2282 4501 tionem,
2318 4452 2418 4492 uee
2455 4438 2582 4506 quia
2612 4438 2851 4492 divitias.
2881 4437 2999 4492 Jatn
3025 4449 3203 4493 autem
3254 4454 3355 4493 nec
3390 4442 3625 4507 piscator

2060 4536 2197 4594 erat,
2230 4529 2323 4583 sed
2354 4546 2524 4599 egeno
2549 4532 2815 4601 egentior.
2865 4531 2919 4585 In
2963 4541 3169 4585 tantum
3222 4537 3400 4584 autem
3441 4529 3626 4585 aderat

2059 4619 2106 4671 ei
2137 4629 2195 4673 ut
2226 4636 2330 4674 non
2357 4622 2688 4691 loqueretur,
2708 4623 2797 4691 qui
2825 4622 2948 4677 dum
2978 4624 3383 4693 periclitaretur
3405 4622 3627 4687 animte,

386 4724 511 4764 cum
543 4712 717 4766 adhuc
754 4714 963 4767 viveret
986 4716 1248 4784 magister
1281 4716 1303 4769 ?
1336 4726 1431 4771 aut
1482 4727 1607 4772 tunc
1646 4734 1768 4773 cum
1820 4722 1954 4777 satis
1993 4708 2033 4760 υ
2060 4721 2114 4764 el
2145 4710 2573 4781 interrogaretur
2602 4714 2648 4767 si
2677 4713 2931 4769 Galilaeus
2980 4724 3148 4777 esset,
3201 4729 3404 4785 negans
3445 4724 3499 4769 et
3549 4715 3626 4767 di-

388 4799 487 4853 sibi
516 4799 760 4871 fecitqui
788 4812 872 4857 est
930 4805 1229 4859 mortuus?
1283 4805 1339 4860 Si
1386 4819 1565 4861 autem
1616 4824 1790 4878 neque
1828 4820 1955 4866 ante

391 4900 620 4945 mortem
653 4902 898 4961 negaret,
948 4903 1092 4948 esset
1133 4897 1525 4953 contentiosum
1572 4901 1752 4954 omnia
1782 4902 1954 4955 domi-

388 4984 572 5037 nantis
604 4983 860 5054 Magistro
887 4984 1022 5057 (81).
1054 4986 1108 5042 Si
1141 4998 1319 5042 autem
1350 5000 1475 5043 ante
1512 5005 1730 5046 crucem
1768 5003 1949 5062 negat,

342 5059 361 5070 ’
384 5082 440 5129 et
468 5085 550 5129 ter
582 5092 685 5129 non
712 5076 1051 5147 simpliciter,
1090 5080 1183 5133 sed
1219 5092 1313 5144 per
1340 5094 1525 5134 vocem
1557 5081 1745 5147 puella:
1771 5059 1952 5147 unius,

386 5172 440 5217 et
474 5163 578 5219 hoc
602 5164 830 5222 Domino
862 5168 1191 5237 prazdicente
1226 5169 1298 5233 ei,
1328 5178 1383 5221 et
1419 5177 1568 5223 certe
1608 5170 1650 5223 si
1687 5186 1794 5223 non
1833 5186 1955 5238 pro-

385 5264 505 5322 pter
562 5258 732 5324 aliud,
792 5270 1011 5330 propter
1076 5260 1532 5329 contemptionem
1590 5262 1956 5329 pradictionis

390 5341 611 5401 deberet
634 5345 828 5403 Petrus
858 5362 966 5404 non
996 5362 1218 5417 negare.
1267 5348 1335 5403 Et
1359 5358 1510 5404 certe
1541 5364 1662 5403 cum
1693 5350 1955 5406 Dominus

457 5522 506 5556 ⁸⁸
537 5523 575 5579 ll
603 5524 731 5580 Cor.
766 5540 887 5595 xm,
919 5529 973 5583 4.
1050 5531 1093 5562 ει
1125 5529 1312 5586 Matth.
1350 5546 1497 5596 xxvr,
1522 5530 1711 5587 55—35.

458 5642 573 5710 (79)
598 5642 814 5700 Statuit.
846 5644 899 5698 Id
928 5655 1033 5711 est,
1063 5648 1218 5701 stitit.

460 5715 571 5784 (A80)
604 5713 829 5784 ludatis.
865 5714 1024 5770 Forte
1060 5716 1309 5773 Judwus.

461 5782 576 5853 (8i)
618 5782 813 5837 Omnia
865 5786 1211 5840 dominantis.
1261 5788 1422 5843 Forte
1473 5792 1649 5843 omnia
1707 5793 1953 5846 donantis

396 5850 670 5922 Magistro.
729 5854 821 5909 Sic
858 5855 1015 5923 paulo
1063 5867 1182 5923 post
1220 5876 1232 5913 :
1279 5859 1379 5911 Sed
1423 5871 1547 5925 puta
1591 5864 1713 5925 quia
1762 5859 1951 5916 Petrus

398 5928 749 5978 contentiosa:
784 5936 883 5989 est,
913 5933 960 5981 et
993 5928 1164 5980 omnia
1207 5930 1406 5982 donans
1442 5928 1716 5996 Magistro.

1787 5532 1831 5563 ⁸’
1860 5531 2048 5587 Matth.
2083 5547 2194 5594 xvi,
2220 5533 2311 5589 22.

2060 4817 2213 4867 cens,
2248 4819 2377 4869 non,
2409 4804 2464 4857 in
2492 4804 2604 4873 ipsa
2637 4805 2989 4876 abnegatione
3016 4807 3295 4861 convictus
3330 4816 3435 4861 est.
3487 4804 3624 4873 Quia

2060 4896 2202 4949 enim
2232 4897 2488 4949 naturalis
2514 4908 2599 4951 est
2633 4897 2826 4967 lingua?
2848 4896 2982 4969 (84),
3005 4899 3174 4968 partis
3212 4897 3625 4968 uniuscujusque

2061 4997 2221 5043 terrae
2260 4991 2609 5044 meditantem
2641 4992 2920 5047 assueﬁeri
2946 4994 3013 5047 ad
3033 4992 3413 5061 eloquendum,
3447 4991 3625 5045 oriens

2061 5081 2126 5133 ad
2171 5082 2330 5136 aliam
2384 5095 2591 5151 partem
2643 5086 2830 5148 utitur,
2873 5084 3137 5156 Syrorum
3183 5085 3365 5155 lingua
3424 5085 3476 5138 in
3521 5085 3624 5138 alio

2061 5172 2276 5240 clamet,
2312 5176 2580 5232 nationem
2611 5180 2823 5246 quidem
2858 5177 3028 5247 ipsam
3056 5192 3199 5239 esse,
3231 5186 3491 5230 mutatam
3529 5192 3624 5228 au-

2063 5275 2169 5321 tem
2200 5268 2250 5322 in
2283 5286 2416 5325 sono
2459 5272 2665 5327 haberi.
2702 5273 2787 5327 Fit
2820 5273 2963 5329 enim
2994 5282 3049 5327 et
3078 5272 3179 5327 hoc
3217 5274 3354 5342 apud
3375 5270 3623 5328 Judaeos:

2061 5368 2117 5411 et
2138 5370 2354 5417 cratera.
2409 5361 2614 5418 Galilaei
2670 5363 2932 5421 llcbraica
2984 5364 3200 5434 quidem
3250 5365 3623 5435 loquebantur,

2388 5534 2434 5565 ⁸³
2456 5534 2577 5587 Act.
2610 5550 2704 5596 vn,
2729 5535 2785 5588 2.

2140 5652 2255 5721 (8‘2)
2295 5653 2446 5708 Visus
2470 5656 2611 5708 licet.
2647 5657 2905 5721 Quamvis
2930 5656 3166 5727 aliquant
3200 5658 3434 5730 speciem
3454 5655 3597 5728 digni

2067 5729 2194 5778 tatis
2229 5742 2325 5779 ore
2359 5742 2422 5778 ac
2454 5730 2602 5778 vultu
2638 5730 2951 5793 praetereas.

2131 5814 2244 5885 (83)
2286 5815 2464 5869 Tenet.
2501 5818 2545 5869 K
2558 5820 2727 5887 ρατεῖ.

2132 5907 2244 5972 (Si)
2275 5905 2373 5961 Ms.
2403 5906 2667 5964 Naturale
2698 5921 2773 5965 est
2806 5911 3017 5983 lingutr.
