  <div class='ocr_page' id='page_1' title='image "/cluster/home/n/w/nwhite01/storage/ocr_20150623/24:no.6/coo.31924054873058/567.png"; bbox 0 0 4134 6406; ppageno 0'>
   <div class='ocr_carea' id='block_1_1' title="bbox 432 467 572 522">
    <p class='ocr_par' dir='ltr' id='par_1_1' title="bbox 432 467 572 522">
     <span class='ocr_line' id='line_1_1' title="bbox 432 467 572 522; baseline -0.014 0"><span class='ocrx_word' id='word_1_1' title='bbox 432 467 572 522; x_wconf 75' lang='grc'><strong>1107</strong></span> 
     </span>
    </p>
   </div>
   <div class='ocr_carea' id='block_1_2' title="bbox 1105 432 3012 513">
    <p class='ocr_par' dir='ltr' id='par_1_2' title="bbox 1105 432 3012 513">
     <span class='ocr_line' id='line_1_2' title="bbox 1105 432 3012 513; baseline -0.003 0"><span class='ocrx_word' id='word_1_2' title='bbox 1105 459 1374 513; x_wconf 66' lang='lat' dir='ltr'><strong>ausam:</strong></span> <span class='ocrx_word' id='word_1_3' title='bbox 1415 432 1894 511; x_wconf 66' lang='lat' dir='ltr'><strong>CIESARIENSIS</strong></span> <span class='ocrx_word' id='word_1_4' title='bbox 1933 454 2084 509; x_wconf 70' lang='lat' dir='ltr'><strong>ore.</strong></span> <span class='ocrx_word' id='word_1_5' title='bbox 2128 455 2310 511; x_wconf 61' lang='lat' dir='ltr'><strong>rans</strong></span> <span class='ocrx_word' id='word_1_6' title='bbox 2348 453 2438 510; x_wconf 84' lang='lat' dir='ltr'><strong>tv.</strong></span> <span class='ocrx_word' id='word_1_7' title='bbox 2478 484 2548 496; x_wconf 81' lang='grc'><strong><em>-</em></strong></span> <span class='ocrx_word' id='word_1_8' title='bbox 2589 452 3012 510; x_wconf 80' lang='lat' dir='ltr'><strong>DOGMATICA.</strong></span> 
     </span>
    </p>
   </div>
   <div class='ocr_carea' id='block_1_3' title="bbox 3563 452 3696 506">
    <p class='ocr_par' dir='ltr' id='par_1_3' title="bbox 3563 452 3696 506">
     <span class='ocr_line' id='line_1_3' title="bbox 3563 452 3696 506; baseline 0.008 -1"><span class='ocrx_word' id='word_1_9' title='bbox 3563 452 3696 506; x_wconf 74' lang='lat'><strong>“08</strong></span> 
     </span>
    </p>
   </div>
   <div class='ocr_carea' id='block_1_4' title="bbox 431 557 3697 655">
    <p class='ocr_par' dir='ltr' id='par_1_4' title="bbox 431 557 3697 655">
     <span class='ocr_line' id='line_1_4' title="bbox 431 557 3697 655; baseline -0.006 -15"><span class='ocrx_word' id='word_1_10' title='bbox 431 586 611 655; x_wconf 80' lang='lat' dir='ltr'><strong>lingua</strong></span> <span class='ocrx_word' id='word_1_11' title='bbox 665 590 843 636; x_wconf 90' lang='lat' dir='ltr'><strong>autem</strong></span> <span class='ocrx_word' id='word_1_12' title='bbox 901 557 1141 648; x_wconf 80' lang='lat' dir='ltr'><strong>impediti</strong></span> <span class='ocrx_word' id='word_1_13' title='bbox 1198 585 1290 631; x_wconf 90' lang='lat' dir='ltr'><strong>aut</strong></span> <span class='ocrx_word' id='word_1_14' title='bbox 1333 577 1685 632; x_wconf 87' lang='lat' dir='ltr'><strong>immutantes</strong></span> <span class='ocrx_word' id='word_1_15' title='bbox 1734 576 2023 631; x_wconf 87' lang='lat' dir='ltr'><strong>convince-</strong></span> <span class='ocrx_word' id='word_1_16' title='bbox 2053 579 2093 632; x_wconf 87' lang='lat' dir='ltr'><strong>A</strong></span> <span class='ocrx_word' id='word_1_17' title='bbox 2124 591 2228 645; x_wconf 91' lang='lat' dir='ltr'><strong>qua</strong></span> <span class='ocrx_word' id='word_1_18' title='bbox 2262 591 2357 645; x_wconf 85' lang='lat' dir='ltr'><strong>spe</strong></span> <span class='ocrx_word' id='word_1_19' title='bbox 2391 573 2539 641; x_wconf 89' lang='lat' dir='ltr'><strong>elati,</strong></span> <span class='ocrx_word' id='word_1_20' title='bbox 2571 573 2702 643; x_wconf 89' lang='lat' dir='ltr'><strong>quid</strong></span> <span class='ocrx_word' id='word_1_21' title='bbox 2735 583 2860 627; x_wconf 91' lang='lat' dir='ltr'><strong>ante</strong></span> <span class='ocrx_word' id='word_1_22' title='bbox 2889 572 3079 627; x_wconf 85' lang='lat' dir='ltr'><strong>oculos</strong></span> <span class='ocrx_word' id='word_1_23' title='bbox 3120 569 3384 626; x_wconf 77' lang='lat' dir='ltr'><strong>habentes</strong></span> <span class='ocrx_word' id='word_1_24' title='bbox 3411 569 3528 623; x_wconf 85' lang='lat' dir='ltr'><strong>ausi</strong></span> <span class='ocrx_word' id='word_1_25' title='bbox 3575 579 3697 622; x_wconf 90' lang='lat' dir='ltr'><strong>sunt</strong></span> 
     </span>
    </p>
   </div>
   <div class='ocr_carea' id='block_1_5' title="bbox 430 668 2014 744">
    <p class='ocr_par' dir='ltr' id='par_1_5' title="bbox 430 668 2014 744">
     <span class='ocr_line' id='line_1_5' title="bbox 430 668 2014 744; baseline -0.008 -11"><span class='ocrx_word' id='word_1_26' title='bbox 430 677 633 733; x_wconf 80' lang='lat' dir='ltr'><strong>bantur</strong></span> <span class='ocrx_word' id='word_1_27' title='bbox 663 674 784 744; x_wconf 85' lang='lat' dir='ltr'><strong>quia</strong></span> <span class='ocrx_word' id='word_1_28' title='bbox 824 687 926 727; x_wconf 91' lang='lat' dir='ltr'><strong>non</strong></span> <span class='ocrx_word' id='word_1_29' title='bbox 951 680 1108 724; x_wconf 88' lang='lat' dir='ltr'><strong>erant</strong></span> <span class='ocrx_word' id='word_1_30' title='bbox 1143 685 1173 724; x_wconf 91' lang='lat' dir='ltr'><strong>e</strong></span> <span class='ocrx_word' id='word_1_31' title='bbox 1202 669 1445 724; x_wconf 86' lang='lat' dir='ltr'><strong>civitate.</strong></span> <span class='ocrx_word' id='word_1_32' title='bbox 1478 669 1632 724; x_wconf 90' lang='lat' dir='ltr'><strong>Sicut</strong></span> <span class='ocrx_word' id='word_1_33' title='bbox 1659 679 1713 723; x_wconf 90' lang='lat' dir='ltr'><strong>et</strong></span> <span class='ocrx_word' id='word_1_34' title='bbox 1735 668 1876 738; x_wconf 89' lang='lat' dir='ltr'><strong>apud</strong></span> <span class='ocrx_word' id='word_1_35' title='bbox 1916 681 2014 722; x_wconf 88' lang='lat' dir='ltr'><strong>nos</strong></span> 
     </span>
    </p>
   </div>
   <div class='ocr_carea' id='block_1_6' title="bbox 431 760 2015 832">
    <p class='ocr_par' dir='ltr' id='par_1_6' title="bbox 431 760 2015 832">
     <span class='ocr_line' id='line_1_6' title="bbox 431 760 2015 832; baseline -0.004 -10"><span class='ocrx_word' id='word_1_36' title='bbox 431 783 578 822; x_wconf 90' lang='lat' dir='ltr'><strong>nunc</strong></span> <span class='ocrx_word' id='word_1_37' title='bbox 613 766 863 827; x_wconf 81' lang='lat' dir='ltr'><strong>efficitur,</strong></span> <span class='ocrx_word' id='word_1_38' title='bbox 900 764 987 832; x_wconf 90' lang='lat' dir='ltr'><strong>qui</strong></span> <span class='ocrx_word' id='word_1_39' title='bbox 1026 777 1186 832; x_wconf 90' lang='lat' dir='ltr'><strong>agros</strong></span> <span class='ocrx_word' id='word_1_40' title='bbox 1242 760 1510 829; x_wconf 88' lang='lat' dir='ltr'><strong>habitant,</strong></span> <span class='ocrx_word' id='word_1_41' title='bbox 1559 763 2015 815; x_wconf 73' lang='lat' dir='ltr'><strong>immutanturab</strong></span> 
     </span>
    </p>
   </div>
   <div class='ocr_carea' id='block_1_7' title="bbox 429 854 2011 928">
    <p class='ocr_par' dir='ltr' id='par_1_7' title="bbox 429 854 2011 928">
     <span class='ocr_line' id='line_1_7' title="bbox 429 854 2011 928; baseline -0.005 -14"><span class='ocrx_word' id='word_1_42' title='bbox 429 862 510 914; x_wconf 85' lang='lat' dir='ltr'><strong>eis</strong></span> <span class='ocrx_word' id='word_1_43' title='bbox 544 861 632 928; x_wconf 94' lang='lat' dir='ltr'><strong>qui</strong></span> <span class='ocrx_word' id='word_1_44' title='bbox 685 858 738 912; x_wconf 92' lang='lat' dir='ltr'><strong>in</strong></span> <span class='ocrx_word' id='word_1_45' title='bbox 794 858 1112 913; x_wconf 86' lang='lat' dir='ltr'><strong>civitatibus</strong></span> <span class='ocrx_word' id='word_1_46' title='bbox 1150 856 1465 910; x_wconf 78' lang='lat' dir='ltr'><strong>habitantes</strong></span> <span class='ocrx_word' id='word_1_47' title='bbox 1509 854 1746 924; x_wconf 90' lang='lat' dir='ltr'><strong>linguam</strong></span> <span class='ocrx_word' id='word_1_48' title='bbox 1787 854 2011 908; x_wconf 84' lang='lat' dir='ltr'><strong>habent.</strong></span> 
     </span>
    </p>
   </div>
   <div class='ocr_carea' id='block_1_8' title="bbox 434 945 2015 1015">
    <p class='ocr_par' dir='ltr' id='par_1_8' title="bbox 434 945 2015 1015">
     <span class='ocr_line' id='line_1_8' title="bbox 434 945 2015 1015; baseline -0.004 -10"><span class='ocrx_word' id='word_1_49' title='bbox 434 950 600 1005; x_wconf 76' lang='lat' dir='ltr'><strong>Forte</strong></span> <span class='ocrx_word' id='word_1_50' title='bbox 636 959 816 1003; x_wconf 91' lang='lat' dir='ltr'><strong>autem</strong></span> <span class='ocrx_word' id='word_1_51' title='bbox 847 957 901 1002; x_wconf 89' lang='lat' dir='ltr'><strong>et</strong></span> <span class='ocrx_word' id='word_1_52' title='bbox 931 947 1352 1015; x_wconf 82' lang='lat' dir='ltr'><strong>uniuscuiusque</strong></span> <span class='ocrx_word' id='word_1_53' title='bbox 1387 945 1592 1000; x_wconf 88' lang='lat' dir='ltr'><strong>civitati</strong></span> <span class='ocrx_word' id='word_1_54' title='bbox 1626 945 1817 1000; x_wconf 75' lang='lat' dir='ltr'><strong>vicina:</strong></span> <span class='ocrx_word' id='word_1_55' title='bbox 1841 945 2015 999; x_wconf 84' lang='lat' dir='ltr'><strong>diver-</strong></span> 
     </span>
    </p>
   </div>
   <div class='ocr_carea' id='block_1_9' title="bbox 432 1038 2003 1110">
    <p class='ocr_par' dir='ltr' id='par_1_9' title="bbox 432 1038 2003 1110">
     <span class='ocr_line' id='line_1_9' title="bbox 432 1038 2003 1110; baseline -0.003 -15"><span class='ocrx_word' id='word_1_56' title='bbox 432 1058 548 1095; x_wconf 89' lang='lat' dir='ltr'><strong>sam</strong></span> <span class='ocrx_word' id='word_1_57' title='bbox 579 1041 781 1096; x_wconf 85' lang='lat' dir='ltr'><strong>habent</strong></span> <span class='ocrx_word' id='word_1_58' title='bbox 809 1041 1045 1110; x_wconf 77' lang='lat' dir='ltr'><strong>linguam</strong></span> <span class='ocrx_word' id='word_1_59' title='bbox 1083 1048 1302 1108; x_wconf 87' lang='lat' dir='ltr'><strong>propter</strong></span> <span class='ocrx_word' id='word_1_60' title='bbox 1331 1038 1778 1092; x_wconf 87' lang='lat' dir='ltr'><strong>consuetudinem</strong></span> <span class='ocrx_word' id='word_1_61' title='bbox 1809 1052 2003 1091; x_wconf 88' lang='lat' dir='ltr'><strong>assue-</strong></span> 
     </span>
    </p>
   </div>
   <div class='ocr_carea' id='block_1_10' title="bbox 433 1127 2013 1199">
    <p class='ocr_par' dir='ltr' id='par_1_10' title="bbox 433 1127 2013 1199">
     <span class='ocr_line' id='line_1_10' title="bbox 433 1127 2013 1199; baseline -0.003 -15"><span class='ocrx_word' id='word_1_62' title='bbox 433 1142 567 1186; x_wconf 90' lang='lat' dir='ltr'><strong>tam.</strong></span> <span class='ocrx_word' id='word_1_63' title='bbox 603 1130 728 1186; x_wconf 66' lang='lat' dir='ltr'><strong>llazc</strong></span> <span class='ocrx_word' id='word_1_64' title='bbox 760 1146 880 1185; x_wconf 93' lang='lat' dir='ltr'><strong>cum</strong></span> <span class='ocrx_word' id='word_1_65' title='bbox 939 1131 1009 1183; x_wconf 91' lang='lat' dir='ltr'><strong>ita</strong></span> <span class='ocrx_word' id='word_1_66' title='bbox 1057 1138 1369 1199; x_wconf 81' lang='lat' dir='ltr'><strong>agerentur,</strong></span> <span class='ocrx_word' id='word_1_67' title='bbox 1416 1142 1480 1182; x_wconf 80' lang='lat' dir='ltr'><strong>ex</strong></span> <span class='ocrx_word' id='word_1_68' title='bbox 1521 1127 1912 1183; x_wconf 87' lang='lat' dir='ltr'><strong>consuetudine</strong></span> <span class='ocrx_word' id='word_1_69' title='bbox 1940 1127 2013 1180; x_wconf 90' lang='lat' dir='ltr'><strong>ita</strong></span> 
     </span>
    </p>
   </div>
   <div class='ocr_carea' id='block_1_11' title="bbox 429 1217 2011 1298">
    <p class='ocr_par' dir='ltr' id='par_1_11' title="bbox 429 1217 2011 1298">
     <span class='ocr_line' id='line_1_11' title="bbox 429 1217 2011 1298; baseline -0.003 -21"><span class='ocrx_word' id='word_1_70' title='bbox 429 1230 710 1292; x_wconf 85' lang='lat' dir='ltr'><strong>apparent.</strong></span> <span class='ocrx_word' id='word_1_71' title='bbox 757 1221 812 1298; x_wconf 85' lang='lat' dir='ltr'><strong>lu</strong></span> <span class='ocrx_word' id='word_1_72' title='bbox 866 1222 1007 1276; x_wconf 91' lang='lat' dir='ltr'><strong>libro</strong></span> <span class='ocrx_word' id='word_1_73' title='bbox 1059 1219 1305 1276; x_wconf 86' lang='lat' dir='ltr'><strong>Judicum</strong></span> <span class='ocrx_word' id='word_1_74' title='bbox 1339 1219 1598 1289; x_wconf 89' lang='lat' dir='ltr'><strong>scriptum</strong></span> <span class='ocrx_word' id='word_1_75' title='bbox 1636 1227 1721 1274; x_wconf 88' lang='lat' dir='ltr'><strong>est</strong></span> <span class='ocrx_word' id='word_1_76' title='bbox 1773 1217 1838 1284; x_wconf 68' lang='grc'><strong>⁸³,</strong></span> <span class='ocrx_word' id='word_1_77' title='bbox 1887 1218 2011 1288; x_wconf 87' lang='lat' dir='ltr'><strong>quia</strong></span> 
     </span>
    </p>
   </div>
   <div class='ocr_carea' id='block_1_12' title="bbox 428 1311 2009 1385">
    <p class='ocr_par' dir='ltr' id='par_1_12' title="bbox 428 1311 2009 1385">
     <span class='ocr_line' id='line_1_12' title="bbox 428 1311 2009 1385; baseline -0.004 -17"><span class='ocrx_word' id='word_1_78' title='bbox 428 1315 678 1385; x_wconf 89' lang='lat' dir='ltr'><strong>provenit</strong></span> <span class='ocrx_word' id='word_1_79' title='bbox 715 1313 912 1369; x_wconf 91' lang='lat' dir='ltr'><strong>bellum</strong></span> <span class='ocrx_word' id='word_1_80' title='bbox 937 1315 1155 1378; x_wconf 86' lang='lat' dir='ltr'><strong>interse</strong></span> <span class='ocrx_word' id='word_1_81' title='bbox 1181 1327 1336 1381; x_wconf 88' lang='lat' dir='ltr'><strong>agere</strong></span> <span class='ocrx_word' id='word_1_82' title='bbox 1362 1320 1582 1382; x_wconf 86' lang='lat' dir='ltr'><strong>propter</strong></span> <span class='ocrx_word' id='word_1_83' title='bbox 1611 1311 2009 1367; x_wconf 88' lang='lat' dir='ltr'><strong>accusationem</strong></span> 
     </span>
    </p>
   </div>
   <div class='ocr_carea' id='block_1_13' title="bbox 431 1400 2012 1474">
    <p class='ocr_par' dir='ltr' id='par_1_13' title="bbox 431 1400 2012 1474">
     <span class='ocr_line' id='line_1_13' title="bbox 431 1400 2012 1474; baseline -0.003 -16"><span class='ocrx_word' id='word_1_84' title='bbox 431 1404 610 1459; x_wconf 88' lang='lat' dir='ltr'><strong>nescio</strong></span> <span class='ocrx_word' id='word_1_85' title='bbox 651 1420 810 1473; x_wconf 89' lang='lat' dir='ltr'><strong>quam</strong></span> <span class='ocrx_word' id='word_1_86' title='bbox 839 1420 904 1459; x_wconf 83' lang='lat' dir='ltr'><strong>ex</strong></span> <span class='ocrx_word' id='word_1_87' title='bbox 935 1403 1088 1458; x_wconf 86' lang='lat' dir='ltr'><strong>istius</strong></span> <span class='ocrx_word' id='word_1_88' title='bbox 1112 1403 1281 1472; x_wconf 87' lang='lat' dir='ltr'><strong>partis</strong></span> <span class='ocrx_word' id='word_1_89' title='bbox 1313 1400 1434 1474; x_wconf 81' lang='lat' dir='ltr'><strong>(sic)</strong></span> <span class='ocrx_word' id='word_1_90' title='bbox 1466 1400 1729 1457; x_wconf 87' lang='lat' dir='ltr'><strong>homines.</strong></span> <span class='ocrx_word' id='word_1_91' title='bbox 1757 1401 2012 1457; x_wconf 86' lang='lat' dir='ltr'><strong>Commu-</strong></span> 
     </span>
    </p>
   </div>
   <div class='ocr_carea' id='block_1_14' title="bbox 427 1495 2008 1552">
    <p class='ocr_par' dir='ltr' id='par_1_14' title="bbox 427 1495 2008 1552">
     <span class='ocr_line' id='line_1_14' title="bbox 427 1495 2008 1552; baseline -0.004 0"><span class='ocrx_word' id='word_1_92' title='bbox 427 1497 511 1552; x_wconf 85' lang='lat' dir='ltr'><strong>nis</strong></span> <span class='ocrx_word' id='word_1_93' title='bbox 536 1497 679 1552; x_wconf 92' lang='lat' dir='ltr'><strong>enim</strong></span> <span class='ocrx_word' id='word_1_94' title='bbox 711 1506 828 1552; x_wconf 90' lang='lat' dir='ltr'><strong>erat</strong></span> <span class='ocrx_word' id='word_1_95' title='bbox 857 1496 1219 1550; x_wconf 87' lang='lat' dir='ltr'><strong>circumcisio.</strong></span> <span class='ocrx_word' id='word_1_96' title='bbox 1263 1495 1318 1550; x_wconf 92' lang='lat' dir='ltr'><strong>Si</strong></span> <span class='ocrx_word' id='word_1_97' title='bbox 1361 1497 1425 1550; x_wconf 93' lang='lat' dir='ltr'><strong>ad</strong></span> <span class='ocrx_word' id='word_1_98' title='bbox 1473 1495 1697 1550; x_wconf 89' lang='lat' dir='ltr'><strong>alteram</strong></span> <span class='ocrx_word' id='word_1_99' title='bbox 1732 1495 2008 1548; x_wconf 88' lang='lat' dir='ltr'><strong>venissent</strong></span> 
     </span>
    </p>
   </div>
   <div class='ocr_carea' id='block_1_15' title="bbox 427 1584 2002 1655">
    <p class='ocr_par' dir='ltr' id='par_1_15' title="bbox 427 1584 2002 1655">
     <span class='ocr_line' id='line_1_15' title="bbox 427 1584 2002 1655; baseline 0.001 -17"><span class='ocrx_word' id='word_1_100' title='bbox 427 1594 660 1655; x_wconf 84' lang='lat' dir='ltr'><strong>partem,</strong></span> <span class='ocrx_word' id='word_1_101' title='bbox 701 1600 796 1654; x_wconf 88' lang='lat' dir='ltr'><strong>per</strong></span> <span class='ocrx_word' id='word_1_102' title='bbox 829 1585 1065 1655; x_wconf 84' lang='lat' dir='ltr'><strong>linguam</strong></span> <span class='ocrx_word' id='word_1_103' title='bbox 1099 1597 1218 1640; x_wconf 88' lang='lat' dir='ltr'><strong>erat</strong></span> <span class='ocrx_word' id='word_1_104' title='bbox 1245 1601 1431 1640; x_wconf 88' lang='lat' dir='ltr'><strong>eorum</strong></span> <span class='ocrx_word' id='word_1_105' title='bbox 1456 1585 1732 1640; x_wconf 88' lang='lat' dir='ltr'><strong>discretio.</strong></span> <span class='ocrx_word' id='word_1_106' title='bbox 1762 1584 2002 1640; x_wconf 88' lang='lat' dir='ltr'><strong>Interro-</strong></span> 
     </span>
    </p>
   </div>
   <div class='ocr_carea' id='block_1_16' title="bbox 427 1677 2010 1746">
    <p class='ocr_par' dir='ltr' id='par_1_16' title="bbox 427 1677 2010 1746">
     <span class='ocr_line' id='line_1_16' title="bbox 427 1677 2010 1746; baseline -0.002 -14"><span class='ocrx_word' id='word_1_107' title='bbox 427 1678 626 1746; x_wconf 88' lang='lat' dir='ltr'><strong>gabant</strong></span> <span class='ocrx_word' id='word_1_108' title='bbox 663 1678 808 1732; x_wconf 89' lang='lat' dir='ltr'><strong>enim</strong></span> <span class='ocrx_word' id='word_1_109' title='bbox 849 1679 1080 1732; x_wconf 88' lang='lat' dir='ltr'><strong>victores</strong></span> <span class='ocrx_word' id='word_1_110' title='bbox 1140 1691 1234 1732; x_wconf 91' lang='lat' dir='ltr'><strong>eos</strong></span> <span class='ocrx_word' id='word_1_111' title='bbox 1278 1692 1411 1745; x_wconf 88' lang='lat' dir='ltr'><strong>quos</strong></span> <span class='ocrx_word' id='word_1_112' title='bbox 1469 1678 1714 1732; x_wconf 87' lang='lat' dir='ltr'><strong>vicerant</strong></span> <span class='ocrx_word' id='word_1_113' title='bbox 1757 1677 1899 1731; x_wconf 91' lang='lat' dir='ltr'><strong>unde</strong></span> <span class='ocrx_word' id='word_1_114' title='bbox 1923 1690 2010 1730; x_wconf 87' lang='lat' dir='ltr'><strong>es-</strong></span> 
     </span>
    </p>
   </div>
   <div class='ocr_carea' id='block_1_17' title="bbox 428 1767 2010 1837">
    <p class='ocr_par' dir='ltr' id='par_1_17' title="bbox 428 1767 2010 1837">
     <span class='ocr_line' id='line_1_17' title="bbox 428 1767 2010 1837; baseline -0.001 -16"><span class='ocrx_word' id='word_1_115' title='bbox 428 1775 551 1821; x_wconf 84' lang='lat' dir='ltr'><strong>sent</strong></span> <span class='ocrx_word' id='word_1_116' title='bbox 579 1785 593 1820; x_wconf 91' lang='lat'><strong>:</strong></span> <span class='ocrx_word' id='word_1_117' title='bbox 632 1782 727 1836; x_wconf 90' lang='lat' dir='ltr'><strong>pro</strong></span> <span class='ocrx_word' id='word_1_118' title='bbox 757 1767 933 1821; x_wconf 86' lang='lat' dir='ltr'><strong>salute</strong></span> <span class='ocrx_word' id='word_1_119' title='bbox 956 1783 1022 1822; x_wconf 85' lang='lat' dir='ltr'><strong>ex</strong></span> <span class='ocrx_word' id='word_1_120' title='bbox 1060 1776 1211 1837; x_wconf 89' lang='lat' dir='ltr'><strong>parte</strong></span> <span class='ocrx_word' id='word_1_121' title='bbox 1236 1769 1463 1822; x_wconf 87' lang='lat' dir='ltr'><strong>adversa</strong></span> <span class='ocrx_word' id='word_1_122' title='bbox 1497 1767 1705 1833; x_wconf 89' lang='lat' dir='ltr'><strong>haberi,</strong></span> <span class='ocrx_word' id='word_1_123' title='bbox 1740 1780 2010 1836; x_wconf 83' lang='lat' dir='ltr'><strong>propone-</strong></span> 
     </span>
    </p>
   </div>
   <div class='ocr_carea' id='block_1_18' title="bbox 413 1859 2004 1928">
    <p class='ocr_par' dir='ltr' id='par_1_18' title="bbox 413 1859 2004 1928">
     <span class='ocr_line' id='line_1_18' title="bbox 413 1859 2004 1928; baseline 0.001 -17"><span class='ocrx_word' id='word_1_124' title='bbox 413 1861 559 1912; x_wconf 79' lang='lat' dir='ltr'><strong>bant</strong></span> <span class='ocrx_word' id='word_1_125' title='bbox 593 1874 898 1913; x_wconf 89' lang='lat' dir='ltr'><strong>sermonem</strong></span> <span class='ocrx_word' id='word_1_126' title='bbox 928 1859 1240 1928; x_wconf 89' lang='lat' dir='ltr'><strong>quemdam,</strong></span> <span class='ocrx_word' id='word_1_127' title='bbox 1287 1874 1393 1913; x_wconf 91' lang='lat' dir='ltr'><strong>non</strong></span> <span class='ocrx_word' id='word_1_128' title='bbox 1439 1868 1692 1928; x_wconf 85' lang='lat' dir='ltr'><strong>poterant</strong></span> <span class='ocrx_word' id='word_1_129' title='bbox 1737 1871 1883 1913; x_wconf 90' lang='lat' dir='ltr'><strong>recte</strong></span> <span class='ocrx_word' id='word_1_130' title='bbox 1933 1859 2004 1912; x_wconf 90' lang='lat' dir='ltr'><strong>ita</strong></span> 
     </span>
    </p>
   </div>
   <div class='ocr_carea' id='block_1_19' title="bbox 2124 662 3698 738">
    <p class='ocr_par' dir='ltr' id='par_1_19' title="bbox 2124 662 3698 738">
     <span class='ocr_line' id='line_1_19' title="bbox 2124 662 3698 738; baseline -0.008 -14"><span class='ocrx_word' id='word_1_131' title='bbox 2124 668 2471 738; x_wconf 76' lang='lat' dir='ltr'><strong>boe?(Unde</strong></span> <span class='ocrx_word' id='word_1_132' title='bbox 2523 677 2700 723; x_wconf 87' lang='lat' dir='ltr'><strong>autem</strong></span> <span class='ocrx_word' id='word_1_133' title='bbox 2751 666 2833 720; x_wconf 90' lang='lat' dir='ltr'><strong>eis</strong></span> <span class='ocrx_word' id='word_1_134' title='bbox 2885 666 3001 720; x_wconf 66' lang='lat' dir='ltr'><strong>haec</strong></span> <span class='ocrx_word' id='word_1_135' title='bbox 3050 663 3379 733; x_wconf 85' lang='lat' dir='ltr'><strong>prudentia?</strong></span> <span class='ocrx_word' id='word_1_136' title='bbox 3427 662 3698 732; x_wconf 88' lang='lat' dir='ltr'><strong>quomodo</strong></span> 
     </span>
    </p>
   </div>
   <div class='ocr_carea' id='block_1_20' title="bbox 2121 753 3699 832">
    <p class='ocr_par' dir='ltr' id='par_1_20' title="bbox 2121 753 3699 832">
     <span class='ocr_line' id='line_1_20' title="bbox 2121 753 3699 832; baseline -0.006 -17"><span class='ocrx_word' id='word_1_137' title='bbox 2121 773 2278 832; x_wconf 88' lang='lat' dir='ltr'><strong>putas</strong></span> <span class='ocrx_word' id='word_1_138' title='bbox 2305 761 2526 815; x_wconf 83' lang='lat' dir='ltr'><strong>adunati</strong></span> <span class='ocrx_word' id='word_1_139' title='bbox 2567 761 2686 814; x_wconf 68' lang='lat' dir='ltr'><strong>lucc</strong></span> <span class='ocrx_word' id='word_1_140' title='bbox 2717 758 3064 828; x_wconf 88' lang='lat' dir='ltr'><strong>impudenter</strong></span> <span class='ocrx_word' id='word_1_141' title='bbox 3093 755 3160 810; x_wconf 88' lang='lat' dir='ltr'><strong>ad</strong></span> <span class='ocrx_word' id='word_1_142' title='bbox 3194 755 3515 809; x_wconf 86' lang='lat' dir='ltr'><strong>alterutrum</strong></span> <span class='ocrx_word' id='word_1_143' title='bbox 3553 753 3699 806; x_wconf 87' lang='lat' dir='ltr'><strong>dice-</strong></span> 
     </span>
    </p>
   </div>
   <div class='ocr_carea' id='block_1_21' title="bbox 2124 846 3694 924">
    <p class='ocr_par' dir='ltr' id='par_1_21' title="bbox 2124 846 3694 924">
     <span class='ocr_line' id='line_1_21' title="bbox 2124 846 3694 924; baseline -0.004 -16"><span class='ocrx_word' id='word_1_144' title='bbox 2124 857 2274 918; x_wconf 86' lang='lat' dir='ltr'><strong>bant,</strong></span> <span class='ocrx_word' id='word_1_145' title='bbox 2321 853 2574 924; x_wconf 83' lang='lat' dir='ltr'><strong>Magister</strong></span> <span class='ocrx_word' id='word_1_146' title='bbox 2596 851 2786 906; x_wconf 80' lang='lat' dir='ltr'><strong>fefellit</strong></span> <span class='ocrx_word' id='word_1_147' title='bbox 2819 851 2961 907; x_wconf 87' lang='lat' dir='ltr'><strong>nos?</strong></span> <span class='ocrx_word' id='word_1_148' title='bbox 2991 849 3127 916; x_wconf 85' lang='lat' dir='ltr'><strong>Quia</strong></span> <span class='ocrx_word' id='word_1_149' title='bbox 3173 863 3304 918; x_wconf 89' lang='lat' dir='ltr'><strong>ergo</strong></span> <span class='ocrx_word' id='word_1_150' title='bbox 3349 846 3539 902; x_wconf 81' lang='lat' dir='ltr'><strong>fefellit</strong></span> <span class='ocrx_word' id='word_1_151' title='bbox 3575 862 3694 914; x_wconf 89' lang='lat' dir='ltr'><strong>nos,</strong></span> 
     </span>
    </p>
   </div>
   <div class='ocr_carea' id='block_1_22' title="bbox 2119 941 3700 1011">
    <p class='ocr_par' dir='ltr' id='par_1_22' title="bbox 2119 941 3700 1011">
     <span class='ocr_line' id='line_1_22' title="bbox 2119 941 3700 1011; baseline -0.003 -12"><span class='ocrx_word' id='word_1_152' title='bbox 2119 957 2173 1000; x_wconf 88' lang='lat' dir='ltr'><strong>et</strong></span> <span class='ocrx_word' id='word_1_153' title='bbox 2202 960 2300 999; x_wconf 91' lang='lat' dir='ltr'><strong>nos</strong></span> <span class='ocrx_word' id='word_1_154' title='bbox 2334 944 2580 998; x_wconf 87' lang='lat' dir='ltr'><strong>fallamus</strong></span> <span class='ocrx_word' id='word_1_155' title='bbox 2616 945 2902 998; x_wconf 92' lang='lat' dir='ltr'><strong>mundum.</strong></span> <span class='ocrx_word' id='word_1_156' title='bbox 2945 941 3204 997; x_wconf 86' lang='lat' dir='ltr'><strong>Dicebant</strong></span> <span class='ocrx_word' id='word_1_157' title='bbox 3235 942 3362 1011; x_wconf 88' lang='lat' dir='ltr'><strong>quia</strong></span> <span class='ocrx_word' id='word_1_158' title='bbox 3415 941 3700 997; x_wconf 87' lang='lat' dir='ltr'><strong>suscitavit</strong></span> 
     </span>
    </p>
   </div>
   <div class='ocr_carea' id='block_1_23' title="bbox 2120 1035 3698 1109">
    <p class='ocr_par' dir='ltr' id='par_1_23' title="bbox 2120 1035 3698 1109">
     <span class='ocr_line' id='line_1_23' title="bbox 2120 1035 3698 1109; baseline -0.001 -18"><span class='ocrx_word' id='word_1_159' title='bbox 2120 1052 2216 1091; x_wconf 92' lang='lat' dir='ltr'><strong>nos</strong></span> <span class='ocrx_word' id='word_1_160' title='bbox 2253 1037 2388 1109; x_wconf 86' lang='lat'>(87),</span> <span class='ocrx_word' id='word_1_161' title='bbox 2415 1045 2470 1090; x_wconf 94' lang='lat' dir='ltr'><strong>et</strong></span> <span class='ocrx_word' id='word_1_162' title='bbox 2503 1037 2616 1104; x_wconf 91' lang='lat' dir='ltr'><strong>ipse</strong></span> <span class='ocrx_word' id='word_1_163' title='bbox 2650 1044 2896 1091; x_wconf 88' lang='lat' dir='ltr'><strong>mortuus</strong></span> <span class='ocrx_word' id='word_1_164' title='bbox 2947 1051 3052 1090; x_wconf 90' lang='lat' dir='ltr'><strong>non</strong></span> <span class='ocrx_word' id='word_1_165' title='bbox 3108 1035 3430 1090; x_wconf 82' lang='lat' dir='ltr'><strong>resurrexit.</strong></span> <span class='ocrx_word' id='word_1_166' title='bbox 3490 1036 3545 1089; x_wconf 87' lang='lat' dir='ltr'><strong>Si</strong></span> <span class='ocrx_word' id='word_1_167' title='bbox 3580 1036 3698 1090; x_wconf 65' lang='lat' dir='ltr'><strong>haec</strong></span> 
     </span>
    </p>
   </div>
   <div class='ocr_carea' id='block_1_24' title="bbox 2118 1129 3699 1193">
    <p class='ocr_par' dir='ltr' id='par_1_24' title="bbox 2118 1129 3699 1193">
     <span class='ocr_line' id='line_1_24' title="bbox 2118 1129 3699 1193; baseline -0.001 -8"><span class='ocrx_word' id='word_1_168' title='bbox 2118 1131 2454 1185; x_wconf 90' lang='lat' dir='ltr'><strong>conscientia</strong></span> <span class='ocrx_word' id='word_1_169' title='bbox 2486 1145 2673 1185; x_wconf 90' lang='lat' dir='ltr'><strong>eorum</strong></span> <span class='ocrx_word' id='word_1_170' title='bbox 2711 1130 2781 1183; x_wconf 93' lang='lat' dir='ltr'><strong>ita</strong></span> <span class='ocrx_word' id='word_1_171' title='bbox 2816 1130 2984 1184; x_wconf 88' lang='lat' dir='ltr'><strong>sciret</strong></span> <span class='ocrx_word' id='word_1_172' title='bbox 3027 1144 3149 1184; x_wconf 90' lang='lat' dir='ltr'><strong>esse</strong></span> <span class='ocrx_word' id='word_1_173' title='bbox 3191 1129 3488 1193; x_wconf 92' lang='lat' dir='ltr'><strong>contraria,</strong></span> <span class='ocrx_word' id='word_1_174' title='bbox 3533 1129 3699 1184; x_wconf 84' lang='lat' dir='ltr'><strong>debe-</strong></span> 
     </span>
    </p>
   </div>
   <div class='ocr_carea' id='block_1_25' title="bbox 2121 1219 3699 1292">
    <p class='ocr_par' dir='ltr' id='par_1_25' title="bbox 2121 1219 3699 1292">
     <span class='ocr_line' id='line_1_25' title="bbox 2121 1219 3699 1292; baseline -0.003 -14"><span class='ocrx_word' id='word_1_175' title='bbox 2121 1232 2240 1278; x_wconf 87' lang='lat' dir='ltr'><strong>rent</strong></span> <span class='ocrx_word' id='word_1_176' title='bbox 2290 1225 2491 1290; x_wconf 87' lang='lat' dir='ltr'><strong>dicere,</strong></span> <span class='ocrx_word' id='word_1_177' title='bbox 2547 1233 2602 1279; x_wconf 90' lang='lat' dir='ltr'><strong>et</strong></span> <span class='ocrx_word' id='word_1_178' title='bbox 2658 1237 2881 1292; x_wconf 87' lang='lat' dir='ltr'><strong>negare,</strong></span> <span class='ocrx_word' id='word_1_179' title='bbox 2928 1232 2983 1278; x_wconf 90' lang='lat' dir='ltr'><strong>et</strong></span> <span class='ocrx_word' id='word_1_180' title='bbox 3033 1221 3317 1292; x_wconf 75' lang='lat' dir='ltr'><strong>pmniteri,</strong></span> <span class='ocrx_word' id='word_1_181' title='bbox 3358 1229 3411 1277; x_wconf 86' lang='lat' dir='ltr'><strong>et</strong></span> <span class='ocrx_word' id='word_1_182' title='bbox 3444 1219 3699 1275; x_wconf 87' lang='lat' dir='ltr'><strong>confiteri</strong></span> 
     </span>
    </p>
   </div>
   <div class='ocr_carea' id='block_1_26' title="bbox 2117 1312 3700 1385">
    <p class='ocr_par' dir='ltr' id='par_1_26' title="bbox 2117 1312 3700 1385">
     <span class='ocr_line' id='line_1_26' title="bbox 2117 1312 3700 1385; baseline -0.002 -14"><span class='ocrx_word' id='word_1_183' title='bbox 2117 1331 2385 1381; x_wconf 90' lang='lat' dir='ltr'><strong>errorem,</strong></span> <span class='ocrx_word' id='word_1_184' title='bbox 2430 1327 2486 1372; x_wconf 90' lang='lat' dir='ltr'><strong>et</strong></span> <span class='ocrx_word' id='word_1_185' title='bbox 2532 1325 2660 1371; x_wconf 88' lang='lat' dir='ltr'><strong>ante</strong></span> <span class='ocrx_word' id='word_1_186' title='bbox 2691 1316 2908 1372; x_wconf 73' lang='lat' dir='ltr'><strong>Judzeos</strong></span> <span class='ocrx_word' id='word_1_187' title='bbox 2939 1315 3122 1371; x_wconf 75' lang='lat' dir='ltr'><strong>dicere</strong></span> <span class='ocrx_word' id='word_1_188' title='bbox 3157 1330 3277 1385; x_wconf 66' lang='lat' dir='ltr'><strong>quae</strong></span> <span class='ocrx_word' id='word_1_189' title='bbox 3319 1313 3579 1370; x_wconf 87' lang='lat' dir='ltr'><strong>dicebant</strong></span> <span class='ocrx_word' id='word_1_190' title='bbox 3606 1312 3700 1368; x_wconf 82' lang='lat' dir='ltr'><strong>Ju-</strong></span> 
     </span>
    </p>
   </div>
   <div class='ocr_carea' id='block_1_27' title="bbox 2117 1403 3698 1478">
    <p class='ocr_par' dir='ltr' id='par_1_27' title="bbox 2117 1403 3698 1478">
     <span class='ocr_line' id='line_1_27' title="bbox 2117 1403 3698 1478; baseline -0.003 -18"><span class='ocrx_word' id='word_1_191' title='bbox 2117 1407 2216 1461; x_wconf 70' lang='lat' dir='ltr'><strong>daei</strong></span> <span class='ocrx_word' id='word_1_192' title='bbox 2280 1405 2446 1478; x_wconf 91' lang='lat'><strong>(88):</strong></span> <span class='ocrx_word' id='word_1_193' title='bbox 2495 1405 2754 1462; x_wconf 86' lang='lat' dir='ltr'><strong>seductor</strong></span> <span class='ocrx_word' id='word_1_194' title='bbox 2809 1414 2948 1468; x_wconf 90' lang='lat' dir='ltr'><strong>erat,</strong></span> <span class='ocrx_word' id='word_1_195' title='bbox 2994 1406 3210 1461; x_wconf 76' lang='lat' dir='ltr'><strong>seduxit</strong></span> <span class='ocrx_word' id='word_1_196' title='bbox 3268 1419 3409 1470; x_wconf 91' lang='lat' dir='ltr'><strong>nos;</strong></span> <span class='ocrx_word' id='word_1_197' title='bbox 3465 1403 3698 1474; x_wconf 90' lang='lat' dir='ltr'><strong>putaba-</strong></span> 
     </span>
    </p>
   </div>
   <div class='ocr_carea' id='block_1_28' title="bbox 2116 1495 3699 1567">
    <p class='ocr_par' dir='ltr' id='par_1_28' title="bbox 2116 1495 3699 1567">
     <span class='ocr_line' id='line_1_28' title="bbox 2116 1495 3699 1567; baseline -0.002 -15"><span class='ocrx_word' id='word_1_198' title='bbox 2116 1513 2276 1564; x_wconf 89' lang='lat' dir='ltr'><strong>mus,</strong></span> <span class='ocrx_word' id='word_1_199' title='bbox 2358 1497 2710 1567; x_wconf 82' lang='lat' dir='ltr'><strong>promittebat</strong></span> <span class='ocrx_word' id='word_1_200' title='bbox 2763 1496 3256 1563; x_wconf 85' lang='lat' dir='ltr'><strong>resurrectionem;</strong></span> <span class='ocrx_word' id='word_1_201' title='bbox 3320 1495 3498 1566; x_wconf 81' lang='lat' dir='ltr'><strong>arguit</strong></span> <span class='ocrx_word' id='word_1_202' title='bbox 3570 1509 3699 1549; x_wconf 89' lang='lat' dir='ltr'><strong>eum</strong></span> 
     </span>
    </p>
   </div>
   <div class='ocr_carea' id='block_1_29' title="bbox 2114 1587 3703 1659">
    <p class='ocr_par' dir='ltr' id='par_1_29' title="bbox 2114 1587 3703 1659">
     <span class='ocr_line' id='line_1_29' title="bbox 2114 1587 3703 1659; baseline -0.001 -15"><span class='ocrx_word' id='word_1_203' title='bbox 2114 1589 2508 1658; x_wconf 89' lang='lat' dir='ltr'><strong>operimentum</strong></span> <span class='ocrx_word' id='word_1_204' title='bbox 2532 1588 2668 1659; x_wconf 91' lang='lat'><strong>(89).</strong></span> <span class='ocrx_word' id='word_1_205' title='bbox 2700 1588 2988 1644; x_wconf 88' lang='lat' dir='ltr'><strong>Debuisset</strong></span> <span class='ocrx_word' id='word_1_206' title='bbox 3015 1587 3387 1657; x_wconf 82' lang='lat' dir='ltr'><strong>unusquisque</strong></span> <span class='ocrx_word' id='word_1_207' title='bbox 3413 1599 3703 1642; x_wconf 84' lang='lat' dir='ltr'><strong>recurrere</strong></span> 
     </span>
    </p>
   </div>
   <div class='ocr_carea' id='block_1_30' title="bbox 2114 1675 3691 1749">
    <p class='ocr_par' dir='ltr' id='par_1_30' title="bbox 2114 1675 3691 1749">
     <span class='ocr_line' id='line_1_30' title="bbox 2114 1675 3691 1749; baseline -0.003 -16"><span class='ocrx_word' id='word_1_208' title='bbox 2114 1679 2182 1734; x_wconf 89' lang='lat' dir='ltr'><strong>ad</strong></span> <span class='ocrx_word' id='word_1_209' title='bbox 2215 1679 2348 1733; x_wconf 91' lang='lat' dir='ltr'><strong>retia</strong></span> <span class='ocrx_word' id='word_1_210' title='bbox 2374 1687 2619 1748; x_wconf 87' lang='lat' dir='ltr'><strong>paterna,</strong></span> <span class='ocrx_word' id='word_1_211' title='bbox 2652 1679 2942 1749; x_wconf 88' lang='lat' dir='ltr'><strong>providere</strong></span> <span class='ocrx_word' id='word_1_212' title='bbox 2975 1679 3078 1732; x_wconf 86' lang='lat' dir='ltr'><strong>sibi</strong></span> <span class='ocrx_word' id='word_1_213' title='bbox 3121 1678 3347 1741; x_wconf 84' lang='lat' dir='ltr'><strong>victum,</strong></span> <span class='ocrx_word' id='word_1_214' title='bbox 3404 1675 3691 1741; x_wconf 90' lang='lat' dir='ltr'><strong>abscondi,</strong></span> 
     </span>
    </p>
   </div>
   <div class='ocr_carea' id='block_1_31' title="bbox 2113 1767 3704 1838">
    <p class='ocr_par' dir='ltr' id='par_1_31' title="bbox 2113 1767 3704 1838">
     <span class='ocr_line' id='line_1_31' title="bbox 2113 1767 3704 1838; baseline -0.001 -13"><span class='ocrx_word' id='word_1_215' title='bbox 2113 1771 2438 1826; x_wconf 90' lang='lat' dir='ltr'><strong>erubescere</strong></span> <span class='ocrx_word' id='word_1_216' title='bbox 2477 1767 2770 1824; x_wconf 85' lang='lat' dir='ltr'><strong>falsitatem</strong></span> <span class='ocrx_word' id='word_1_217' title='bbox 2819 1769 3083 1838; x_wconf 84' lang='lat' dir='ltr'><strong>Magistri,</strong></span> <span class='ocrx_word' id='word_1_218' title='bbox 3114 1769 3390 1838; x_wconf 86' lang='lat' dir='ltr'><strong>propriam</strong></span> <span class='ocrx_word' id='word_1_219' title='bbox 3419 1768 3704 1829; x_wconf 86' lang='lat' dir='ltr'><strong>seductio-</strong></span> 
     </span>
    </p>
   </div>
   <div class='ocr_carea' id='block_1_32' title="bbox 2116 1858 3703 1930">
    <p class='ocr_par' dir='ltr' id='par_1_32' title="bbox 2116 1858 3703 1930">
     <span class='ocr_line' id='line_1_32' title="bbox 2116 1858 3703 1930; baseline -0.001 -16"><span class='ocrx_word' id='word_1_220' title='bbox 2116 1876 2237 1916; x_wconf 89' lang='lat' dir='ltr'><strong>nem</strong></span> <span class='ocrx_word' id='word_1_221' title='bbox 2281 1861 2584 1926; x_wconf 87' lang='lat' dir='ltr'><strong>occultare,</strong></span> <span class='ocrx_word' id='word_1_222' title='bbox 2619 1859 2788 1914; x_wconf 87' lang='lat' dir='ltr'><strong>multo</strong></span> <span class='ocrx_word' id='word_1_223' title='bbox 2835 1861 3011 1930; x_wconf 88' lang='lat' dir='ltr'><strong>magis</strong></span> <span class='ocrx_word' id='word_1_224' title='bbox 3033 1859 3256 1928; x_wconf 86' lang='lat' dir='ltr'><strong>jurgare</strong></span> <span class='ocrx_word' id='word_1_225' title='bbox 3290 1858 3402 1929; x_wconf 88' lang='lat'>(90)</span> <span class='ocrx_word' id='word_1_226' title='bbox 3440 1859 3565 1928; x_wconf 83' lang='lat' dir='ltr'><strong>quia</strong></span> <span class='ocrx_word' id='word_1_227' title='bbox 3600 1872 3703 1914; x_wconf 87' lang='lat' dir='ltr'><strong>nec</strong></span> 
     </span>
    </p>
   </div>
   <div class='ocr_carea' id='block_1_33' title="bbox 431 1944 3705 2023">
    <p class='ocr_par' dir='ltr' id='par_1_33' title="bbox 431 1944 3705 2023">
     <span class='ocr_line' id='line_1_33' title="bbox 431 1944 3705 2023; baseline 0 -19"><span class='ocrx_word' id='word_1_228' title='bbox 431 1951 576 2021; x_wconf 89' lang='lat' dir='ltr'><strong>loqui</strong></span> <span class='ocrx_word' id='word_1_229' title='bbox 609 1952 752 2023; x_wconf 86' lang='lat'>(85),</span> <span class='ocrx_word' id='word_1_230' title='bbox 780 1961 840 2006; x_wconf 92' lang='lat' dir='ltr'><strong>ut</strong></span> <span class='ocrx_word' id='word_1_231' title='bbox 890 1952 964 2006; x_wconf 92' lang='lat' dir='ltr'><strong>illi</strong></span> <span class='ocrx_word' id='word_1_232' title='bbox 1017 1953 1108 2022; x_wconf 90' lang='lat' dir='ltr'><strong>qui</strong></span> <span class='ocrx_word' id='word_1_233' title='bbox 1163 1953 1608 2023; x_wconf 86' lang='lat' dir='ltr'><strong>interrogabant:</strong></span> <span class='ocrx_word' id='word_1_234' title='bbox 1639 1961 1686 2006; x_wconf 89' lang='lat' dir='ltr'><strong>et</strong></span> <span class='ocrx_word' id='word_1_235' title='bbox 1714 1953 1805 2021; x_wconf 91' lang='lat' dir='ltr'><strong>qui</strong></span> <span class='ocrx_word' id='word_1_236' title='bbox 1838 1966 2004 2022; x_wconf 89' lang='lat' dir='ltr'><strong>nega-</strong></span> <span class='ocrx_word' id='word_1_237' title='bbox 2042 1944 2083 2002; x_wconf 88' lang='grc' dir='ltr'><strong><em>Β</em></strong></span> <span class='ocrx_word' id='word_1_238' title='bbox 2112 1954 2346 2008; x_wconf 86' lang='lat' dir='ltr'><strong>vidimus</strong></span> <span class='ocrx_word' id='word_1_239' title='bbox 2384 1969 2530 2008; x_wconf 92' lang='lat' dir='ltr'><strong>eum.</strong></span> <span class='ocrx_word' id='word_1_240' title='bbox 2587 1951 2714 2007; x_wconf 69' lang='lat' dir='ltr'><strong>Haec</strong></span> <span class='ocrx_word' id='word_1_241' title='bbox 2753 1951 3010 2006; x_wconf 90' lang='lat' dir='ltr'><strong>deberent</strong></span> <span class='ocrx_word' id='word_1_242' title='bbox 3043 1951 3248 2018; x_wconf 90' lang='lat' dir='ltr'><strong>facere,</strong></span> <span class='ocrx_word' id='word_1_243' title='bbox 3283 1952 3327 2006; x_wconf 90' lang='lat' dir='ltr'><strong>si</strong></span> <span class='ocrx_word' id='word_1_244' title='bbox 3362 1965 3487 2005; x_wconf 88' lang='lat' dir='ltr'><strong>vera</strong></span> <span class='ocrx_word' id='word_1_245' title='bbox 3516 1958 3705 2005; x_wconf 89' lang='lat' dir='ltr'><strong>essent</strong></span> 
     </span>
    </p>
   </div>
   <div class='ocr_carea' id='block_1_34' title="bbox 427 2044 2008 2116">
    <p class='ocr_par' dir='ltr' id='par_1_34' title="bbox 427 2044 2008 2116">
     <span class='ocr_line' id='line_1_34' title="bbox 427 2044 2008 2116; baseline -0.003 -17"><span class='ocrx_word' id='word_1_246' title='bbox 427 2045 581 2111; x_wconf 89' lang='lat' dir='ltr'><strong>bant,</strong></span> <span class='ocrx_word' id='word_1_247' title='bbox 614 2061 677 2100; x_wconf 79' lang='lat' dir='ltr'><strong>ex</strong></span> <span class='ocrx_word' id='word_1_248' title='bbox 705 2045 886 2115; x_wconf 90' lang='lat' dir='ltr'><strong>lingua</strong></span> <span class='ocrx_word' id='word_1_249' title='bbox 927 2056 1306 2116; x_wconf 89' lang='lat' dir='ltr'><strong>arguerentur.</strong></span> <span class='ocrx_word' id='word_1_250' title='bbox 1347 2044 1459 2100; x_wconf 84' lang='lat' dir='ltr'><strong>Hoc</strong></span> <span class='ocrx_word' id='word_1_251' title='bbox 1482 2045 1626 2100; x_wconf 92' lang='lat' dir='ltr'><strong>enim</strong></span> <span class='ocrx_word' id='word_1_252' title='bbox 1679 2045 1732 2098; x_wconf 92' lang='lat' dir='ltr'><strong>in</strong></span> <span class='ocrx_word' id='word_1_253' title='bbox 1774 2056 2008 2111; x_wconf 87' lang='lat' dir='ltr'><strong>evange-</strong></span> 
     </span>
    </p>
   </div>
   <div class='ocr_carea' id='block_1_35' title="bbox 436 2134 2051 2206">
    <p class='ocr_par' dir='ltr' id='par_1_35' title="bbox 436 2134 2051 2206">
     <span class='ocr_line' id='line_1_35' title="bbox 436 2134 2051 2206; baseline 0.001 -17"><span class='ocrx_word' id='word_1_254' title='bbox 436 2137 523 2191; x_wconf 90' lang='lat' dir='ltr'><strong>liis</strong></span> <span class='ocrx_word' id='word_1_255' title='bbox 556 2146 850 2198; x_wconf 74' lang='lat' dir='ltr'><strong>renovatur</strong></span> <span class='ocrx_word' id='word_1_256' title='bbox 895 2139 1035 2206; x_wconf 89' lang='lat' dir='ltr'><strong>quod</strong></span> <span class='ocrx_word' id='word_1_257' title='bbox 1067 2136 1205 2206; x_wconf 90' lang='lat' dir='ltr'><strong>apud</strong></span> <span class='ocrx_word' id='word_1_258' title='bbox 1231 2135 1451 2192; x_wconf 85' lang='lat' dir='ltr'><strong>Judires</strong></span> <span class='ocrx_word' id='word_1_259' title='bbox 1484 2135 1742 2206; x_wconf 91' lang='lat' dir='ltr'><strong>scriptum</strong></span> <span class='ocrx_word' id='word_1_260' title='bbox 1774 2145 1878 2190; x_wconf 90' lang='lat' dir='ltr'><strong>est.</strong></span> <span class='ocrx_word' id='word_1_261' title='bbox 1908 2134 2008 2190; x_wconf 79' lang='lat' dir='ltr'><strong>Pe-</strong></span> <span class='ocrx_word' id='word_1_262' title='bbox 2046 2167 2051 2171; x_wconf 93' lang='lat'><strong>-</strong></span> 
     </span>
    </p>
   </div>
   <div class='ocr_carea' id='block_1_36' title="bbox 428 2227 2009 2298">
    <p class='ocr_par' dir='ltr' id='par_1_36' title="bbox 428 2227 2009 2298">
     <span class='ocr_line' id='line_1_36' title="bbox 428 2227 2009 2298; baseline 0.003 -17"><span class='ocrx_word' id='word_1_263' title='bbox 428 2240 544 2282; x_wconf 90' lang='lat' dir='ltr'><strong>trus</strong></span> <span class='ocrx_word' id='word_1_264' title='bbox 575 2228 719 2282; x_wconf 90' lang='lat' dir='ltr'><strong>enim</strong></span> <span class='ocrx_word' id='word_1_265' title='bbox 763 2228 996 2298; x_wconf 85' lang='lat' dir='ltr'><strong>negabat</strong></span> <span class='ocrx_word' id='word_1_266' title='bbox 1030 2241 1087 2283; x_wconf 91' lang='lat' dir='ltr'><strong>se</strong></span> <span class='ocrx_word' id='word_1_267' title='bbox 1114 2228 1257 2283; x_wconf 89' lang='lat' dir='ltr'><strong>scire</strong></span> <span class='ocrx_word' id='word_1_268' title='bbox 1312 2229 1586 2284; x_wconf 88' lang='lat' dir='ltr'><strong>hominem</strong></span> <span class='ocrx_word' id='word_1_269' title='bbox 1625 2242 1640 2282; x_wconf 91' lang='lat'><strong>:</strong></span> <span class='ocrx_word' id='word_1_270' title='bbox 1692 2227 1874 2297; x_wconf 84' lang='lat' dir='ltr'><strong>lingua</strong></span> <span class='ocrx_word' id='word_1_271' title='bbox 1921 2247 2009 2284; x_wconf 88' lang='lat' dir='ltr'><strong>au-</strong></span> 
     </span>
    </p>
   </div>
   <div class='ocr_carea' id='block_1_37' title="bbox 431 2321 2004 2395">
    <p class='ocr_par' dir='ltr' id='par_1_37' title="bbox 431 2321 2004 2395">
     <span class='ocr_line' id='line_1_37' title="bbox 431 2321 2004 2395; baseline 0.004 -23"><span class='ocrx_word' id='word_1_272' title='bbox 431 2330 540 2374; x_wconf 90' lang='lat' dir='ltr'><strong>tem</strong></span> <span class='ocrx_word' id='word_1_273' title='bbox 577 2334 675 2389; x_wconf 90' lang='lat' dir='ltr'><strong>per</strong></span> <span class='ocrx_word' id='word_1_274' title='bbox 708 2321 876 2388; x_wconf 88' lang='lat' dir='ltr'><strong>ipsam</strong></span> <span class='ocrx_word' id='word_1_275' title='bbox 907 2322 1317 2391; x_wconf 83' lang='lat' dir='ltr'><strong>abnegatiOnem</strong></span> <span class='ocrx_word' id='word_1_276' title='bbox 1347 2324 1701 2380; x_wconf 82' lang='lat' dir='ltr'><strong>convincebat</strong></span> <span class='ocrx_word' id='word_1_277' title='bbox 1724 2339 1846 2378; x_wconf 92' lang='lat' dir='ltr'><strong>eum</strong></span> <span class='ocrx_word' id='word_1_278' title='bbox 1881 2325 2004 2395; x_wconf 87' lang='lat' dir='ltr'><strong>quia</strong></span> 
     </span>
    </p>
   </div>
   <div class='ocr_carea' id='block_1_38' title="bbox 424 2409 2002 2482">
    <p class='ocr_par' dir='ltr' id='par_1_38' title="bbox 424 2409 2002 2482">
     <span class='ocr_line' id='line_1_38' title="bbox 424 2409 2002 2482; baseline 0.001 -16"><span class='ocrx_word' id='word_1_279' title='bbox 424 2409 676 2466; x_wconf 79' lang='lat' dir='ltr'><strong>Galilacus</strong></span> <span class='ocrx_word' id='word_1_280' title='bbox 709 2423 847 2465; x_wconf 92' lang='lat' dir='ltr'><strong>erat.</strong></span> <span class='ocrx_word' id='word_1_281' title='bbox 884 2410 988 2465; x_wconf 92' lang='lat' dir='ltr'><strong>Iste</strong></span> <span class='ocrx_word' id='word_1_282' title='bbox 1025 2411 1218 2466; x_wconf 90' lang='lat' dir='ltr'><strong>Petrus</strong></span> <span class='ocrx_word' id='word_1_283' title='bbox 1241 2413 1330 2482; x_wconf 91' lang='lat' dir='ltr'><strong>qui</strong></span> <span class='ocrx_word' id='word_1_284' title='bbox 1359 2414 1794 2482; x_wconf 87' lang='lat' dir='ltr'><strong>periclitabatur,</strong></span> <span class='ocrx_word' id='word_1_285' title='bbox 1826 2423 1880 2469; x_wconf 93' lang='lat' dir='ltr'><strong>et</strong></span> <span class='ocrx_word' id='word_1_286' title='bbox 1908 2430 2002 2468; x_wconf 84' lang='lat' dir='ltr'><strong>cu-</strong></span> 
     </span>
    </p>
   </div>
   <div class='ocr_carea' id='block_1_39' title="bbox 425 2501 2001 2574">
    <p class='ocr_par' dir='ltr' id='par_1_39' title="bbox 425 2501 2001 2574">
     <span class='ocr_line' id='line_1_39' title="bbox 425 2501 2001 2574; baseline 0.001 -18"><span class='ocrx_word' id='word_1_287' title='bbox 425 2504 605 2572; x_wconf 87' lang='lat' dir='ltr'><strong>piebat</strong></span> <span class='ocrx_word' id='word_1_288' title='bbox 634 2516 786 2557; x_wconf 90' lang='lat' dir='ltr'><strong>suam</strong></span> <span class='ocrx_word' id='word_1_289' title='bbox 815 2501 1105 2557; x_wconf 88' lang='lat' dir='ltr'><strong>immutare</strong></span> <span class='ocrx_word' id='word_1_290' title='bbox 1135 2503 1372 2574; x_wconf 88' lang='lat' dir='ltr'><strong>linguam</strong></span> <span class='ocrx_word' id='word_1_291' title='bbox 1407 2519 1436 2557; x_wconf 89' lang='lat' dir='ltr'><strong>a</strong></span> <span class='ocrx_word' id='word_1_292' title='bbox 1469 2504 1686 2560; x_wconf 67' lang='lat' dir='ltr'><strong>Galilaza</strong></span> <span class='ocrx_word' id='word_1_293' title='bbox 1725 2505 1791 2558; x_wconf 91' lang='lat' dir='ltr'><strong>ad</strong></span> <span class='ocrx_word' id='word_1_294' title='bbox 1813 2503 2001 2558; x_wconf 66' lang='lat' dir='ltr'><strong>Judaio</strong></span> 
     </span>
    </p>
   </div>
   <div class='ocr_carea' id='block_1_40' title="bbox 424 2595 2005 2668">
    <p class='ocr_par' dir='ltr' id='par_1_40' title="bbox 424 2595 2005 2668">
     <span class='ocr_line' id='line_1_40' title="bbox 424 2595 2005 2668; baseline 0.001 -17"><span class='ocrx_word' id='word_1_295' title='bbox 424 2612 564 2664; x_wconf 85' lang='lat' dir='ltr'><strong>cam,</strong></span> <span class='ocrx_word' id='word_1_296' title='bbox 599 2607 653 2651; x_wconf 94' lang='lat' dir='ltr'><strong>et</strong></span> <span class='ocrx_word' id='word_1_297' title='bbox 688 2611 878 2665; x_wconf 90' lang='lat' dir='ltr'><strong>parum</strong></span> <span class='ocrx_word' id='word_1_298' title='bbox 923 2595 1052 2664; x_wconf 90' lang='lat' dir='ltr'><strong>quid</strong></span> <span class='ocrx_word' id='word_1_299' title='bbox 1090 2598 1389 2668; x_wconf 88' lang='lat' dir='ltr'><strong>corrigere,</strong></span> <span class='ocrx_word' id='word_1_300' title='bbox 1423 2598 1538 2652; x_wconf 64' lang='lat' dir='ltr'><strong>haec</strong></span> <span class='ocrx_word' id='word_1_301' title='bbox 1590 2598 1815 2666; x_wconf 91' lang='lat' dir='ltr'><strong>cupiens</strong></span> <span class='ocrx_word' id='word_1_302' title='bbox 1843 2609 1899 2652; x_wconf 88' lang='lat' dir='ltr'><strong>et</strong></span> <span class='ocrx_word' id='word_1_303' title='bbox 1925 2599 2005 2652; x_wconf 87' lang='lat' dir='ltr'><strong>fe-</strong></span> 
     </span>
    </p>
   </div>
   <div class='ocr_carea' id='block_1_41' title="bbox 424 2689 2003 2758">
    <p class='ocr_par' dir='ltr' id='par_1_41' title="bbox 424 2689 2003 2758">
     <span class='ocr_line' id='line_1_41' title="bbox 424 2689 2003 2758; baseline 0.001 -16"><span class='ocrx_word' id='word_1_304' title='bbox 424 2690 633 2742; x_wconf 85' lang='lat' dir='ltr'><strong>stinans</strong></span> <span class='ocrx_word' id='word_1_305' title='bbox 677 2697 731 2742; x_wconf 91' lang='lat' dir='ltr'><strong>et</strong></span> <span class='ocrx_word' id='word_1_306' title='bbox 779 2698 1007 2743; x_wconf 91' lang='lat' dir='ltr'><strong>mortem</strong></span> <span class='ocrx_word' id='word_1_307' title='bbox 1065 2690 1284 2754; x_wconf 88' lang='lat' dir='ltr'><strong>timens,</strong></span> <span class='ocrx_word' id='word_1_308' title='bbox 1332 2689 1480 2743; x_wconf 88' lang='lat' dir='ltr'><strong>dicat</strong></span> <span class='ocrx_word' id='word_1_309' title='bbox 1532 2690 1661 2758; x_wconf 92' lang='lat' dir='ltr'><strong>quid</strong></span> <span class='ocrx_word' id='word_1_310' title='bbox 1710 2690 2003 2758; x_wconf 83' lang='lat' dir='ltr'><strong>putaverit.</strong></span> 
     </span>
    </p>
   </div>
   <div class='ocr_carea' id='block_1_42' title="bbox 427 2781 2004 2852">
    <p class='ocr_par' dir='ltr' id='par_1_42' title="bbox 427 2781 2004 2852">
     <span class='ocr_line' id='line_1_42' title="bbox 427 2781 2004 2852; baseline 0.002 -16"><span class='ocrx_word' id='word_1_311' title='bbox 427 2784 710 2850; x_wconf 83' lang='lat' dir='ltr'><strong>Quomodo</strong></span> <span class='ocrx_word' id='word_1_312' title='bbox 743 2783 892 2838; x_wconf 89' lang='lat' dir='ltr'><strong>omni</strong></span> <span class='ocrx_word' id='word_1_313' title='bbox 919 2784 1119 2838; x_wconf 91' lang='lat' dir='ltr'><strong>mundo</strong></span> <span class='ocrx_word' id='word_1_314' title='bbox 1141 2783 1381 2852; x_wconf 86' lang='lat' dir='ltr'><strong>loquitur</strong></span> <span class='ocrx_word' id='word_1_315' title='bbox 1403 2783 1506 2837; x_wconf 92' lang='lat' dir='ltr'><strong>iste</strong></span> <span class='ocrx_word' id='word_1_316' title='bbox 1537 2781 1774 2849; x_wconf 63' lang='lat' dir='ltr'><strong>Judmus,</strong></span> <span class='ocrx_word' id='word_1_317' title='bbox 1805 2784 1913 2837; x_wconf 90' lang='lat' dir='ltr'><strong>imo</strong></span> <span class='ocrx_word' id='word_1_318' title='bbox 1937 2799 2004 2839; x_wconf 81' lang='lat' dir='ltr'><strong>ex</strong></span> 
     </span>
    </p>
   </div>
   <div class='ocr_carea' id='block_1_43' title="bbox 429 2875 2006 2946">
    <p class='ocr_par' dir='ltr' id='par_1_43' title="bbox 429 2875 2006 2946">
     <span class='ocr_line' id='line_1_43' title="bbox 429 2875 2006 2946; baseline 0.001 -17"><span class='ocrx_word' id='word_1_319' title='bbox 429 2875 632 2930; x_wconf 68' lang='lat' dir='ltr'><strong>Judteis</strong></span> <span class='ocrx_word' id='word_1_320' title='bbox 663 2876 801 2946; x_wconf 88' lang='lat'><strong>(86),</strong></span> <span class='ocrx_word' id='word_1_321' title='bbox 831 2876 998 2938; x_wconf 86' lang='lat' dir='ltr'><strong>dicat,</strong></span> <span class='ocrx_word' id='word_1_322' title='bbox 1030 2885 1084 2929; x_wconf 89' lang='lat' dir='ltr'><strong>et</strong></span> <span class='ocrx_word' id='word_1_323' title='bbox 1107 2876 1339 2946; x_wconf 82' lang='lat' dir='ltr'><strong>gentiles</strong></span> <span class='ocrx_word' id='word_1_324' title='bbox 1364 2876 1671 2929; x_wconf 84' lang='lat' dir='ltr'><strong>convincat.</strong></span> <span class='ocrx_word' id='word_1_325' title='bbox 1722 2875 1876 2930; x_wconf 85' lang='lat' dir='ltr'><strong>Unde</strong></span> <span class='ocrx_word' id='word_1_326' title='bbox 1904 2876 2006 2931; x_wconf 89' lang='lat' dir='ltr'><strong>iste</strong></span> 
     </span>
    </p>
   </div>
   <div class='ocr_carea' id='block_1_44' title="bbox 425 2962 2004 3035">
    <p class='ocr_par' dir='ltr' id='par_1_44' title="bbox 425 2962 2004 3035">
     <span class='ocr_line' id='line_1_44' title="bbox 425 2962 2004 3035; baseline -0.003 -16"><span class='ocrx_word' id='word_1_327' title='bbox 425 2967 512 3020; x_wconf 85' lang='lat' dir='ltr'><strong>cui</strong></span> <span class='ocrx_word' id='word_1_328' title='bbox 545 2966 664 3021; x_wconf 91' lang='lat' dir='ltr'><strong>sine</strong></span> <span class='ocrx_word' id='word_1_329' title='bbox 688 2980 824 3020; x_wconf 88' lang='lat' dir='ltr'><strong>voce</strong></span> <span class='ocrx_word' id='word_1_330' title='bbox 853 2973 972 3020; x_wconf 88' lang='lat' dir='ltr'><strong>erat</strong></span> <span class='ocrx_word' id='word_1_331' title='bbox 1023 2965 1229 3035; x_wconf 83' lang='lat' dir='ltr'><strong>lingua,</strong></span> <span class='ocrx_word' id='word_1_332' title='bbox 1290 2965 1430 3016; x_wconf 89' lang='lat' dir='ltr'><strong>unde</strong></span> <span class='ocrx_word' id='word_1_333' title='bbox 1484 2963 1677 3017; x_wconf 81' lang='lat' dir='ltr'><strong>Petrus</strong></span> <span class='ocrx_word' id='word_1_334' title='bbox 1723 2962 2004 3030; x_wconf 88' lang='lat' dir='ltr'><strong>loquitur?</strong></span> 
     </span>
    </p>
   </div>
   <div class='ocr_carea' id='block_1_45' title="bbox 426 3054 2002 3120">
    <p class='ocr_par' dir='ltr' id='par_1_45' title="bbox 426 3054 2002 3120">
     <span class='ocr_line' id='line_1_45' title="bbox 426 3054 2002 3120; baseline -0.003 -7"><span class='ocrx_word' id='word_1_335' title='bbox 426 3060 533 3114; x_wconf 91' lang='lat' dir='ltr'><strong>Sed</strong></span> <span class='ocrx_word' id='word_1_336' title='bbox 578 3074 683 3113; x_wconf 92' lang='lat' dir='ltr'><strong>non</strong></span> <span class='ocrx_word' id='word_1_337' title='bbox 737 3069 820 3113; x_wconf 90' lang='lat' dir='ltr'><strong>est</strong></span> <span class='ocrx_word' id='word_1_338' title='bbox 869 3057 1102 3120; x_wconf 88' lang='lat' dir='ltr'><strong>locutus,</strong></span> <span class='ocrx_word' id='word_1_339' title='bbox 1149 3056 1244 3110; x_wconf 89' lang='lat' dir='ltr'><strong>sed</strong></span> <span class='ocrx_word' id='word_1_340' title='bbox 1303 3064 1489 3110; x_wconf 89' lang='lat' dir='ltr'><strong>tacens</strong></span> <span class='ocrx_word' id='word_1_341' title='bbox 1519 3054 1688 3110; x_wconf 90' lang='lat' dir='ltr'><strong>suasit</strong></span> <span class='ocrx_word' id='word_1_342' title='bbox 1721 3055 2002 3108; x_wconf 85' lang='lat' dir='ltr'><strong>mundum.</strong></span> 
     </span>
    </p>
   </div>
   <div class='ocr_carea' id='block_1_46' title="bbox 425 3147 2005 3221">
    <p class='ocr_par' dir='ltr' id='par_1_46' title="bbox 425 3147 2005 3221">
     <span class='ocr_line' id='line_1_46' title="bbox 425 3147 2005 3221; baseline -0.003 -15"><span class='ocrx_word' id='word_1_343' title='bbox 425 3153 680 3221; x_wconf 73' lang='lat' dir='ltr'><strong>Maiorem</strong></span> <span class='ocrx_word' id='word_1_344' title='bbox 715 3150 874 3205; x_wconf 89' lang='lat' dir='ltr'><strong>nobis</strong></span> <span class='ocrx_word' id='word_1_345' title='bbox 903 3150 999 3204; x_wconf 89' lang='lat' dir='ltr'><strong>das</strong></span> <span class='ocrx_word' id='word_1_346' title='bbox 1045 3147 1502 3204; x_wconf 85' lang='lat' dir='ltr'><strong>admirationem:</strong></span> <span class='ocrx_word' id='word_1_347' title='bbox 1552 3149 1597 3202; x_wconf 84' lang='lat' dir='ltr'><strong>is</strong></span> <span class='ocrx_word' id='word_1_348' title='bbox 1637 3148 1727 3218; x_wconf 89' lang='lat' dir='ltr'><strong>qui</strong></span> <span class='ocrx_word' id='word_1_349' title='bbox 1775 3148 2005 3216; x_wconf 86' lang='lat' dir='ltr'><strong>negabat</strong></span> 
     </span>
    </p>
   </div>
   <div class='ocr_carea' id='block_1_47' title="bbox 425 3239 2001 3310">
    <p class='ocr_par' dir='ltr' id='par_1_47' title="bbox 425 3239 2001 3310">
     <span class='ocr_line' id='line_1_47' title="bbox 425 3239 2001 3310; baseline -0.003 -11"><span class='ocrx_word' id='word_1_350' title='bbox 425 3246 519 3299; x_wconf 86' lang='lat' dir='ltr'><strong>sed</strong></span> <span class='ocrx_word' id='word_1_351' title='bbox 563 3245 776 3298; x_wconf 91' lang='lat' dir='ltr'><strong>locutus</strong></span> <span class='ocrx_word' id='word_1_352' title='bbox 814 3251 920 3308; x_wconf 87' lang='lat' dir='ltr'><strong>est,</strong></span> <span class='ocrx_word' id='word_1_353' title='bbox 975 3255 1080 3310; x_wconf 88' lang='lat' dir='ltr'><strong>qua</strong></span> <span class='ocrx_word' id='word_1_354' title='bbox 1119 3240 1338 3310; x_wconf 80' lang='lat' dir='ltr'><strong>lingua?</strong></span> <span class='ocrx_word' id='word_1_355' title='bbox 1375 3240 1504 3309; x_wconf 88' lang='lat' dir='ltr'><strong>ipsis</strong></span> <span class='ocrx_word' id='word_1_356' title='bbox 1536 3241 1680 3294; x_wconf 92' lang='lat' dir='ltr'><strong>enim</strong></span> <span class='ocrx_word' id='word_1_357' title='bbox 1725 3240 1817 3308; x_wconf 91' lang='lat' dir='ltr'><strong>qui</strong></span> <span class='ocrx_word' id='word_1_358' title='bbox 1861 3239 2001 3308; x_wconf 90' lang='lat' dir='ltr'><strong>apud</strong></span> 
     </span>
    </p>
   </div>
   <div class='ocr_carea' id='block_1_48' title="bbox 429 3330 2000 3406">
    <p class='ocr_par' dir='ltr' id='par_1_48' title="bbox 429 3330 2000 3406">
     <span class='ocr_line' id='line_1_48' title="bbox 429 3330 2000 3406; baseline -0.004 -16"><span class='ocrx_word' id='word_1_359' title='bbox 429 3335 855 3406; x_wconf 86' lang='lat' dir='ltr'><strong>Hierosolymam</strong></span> <span class='ocrx_word' id='word_1_360' title='bbox 890 3341 1070 3398; x_wconf 87' lang='lat' dir='ltr'><strong>erant,</strong></span> <span class='ocrx_word' id='word_1_361' title='bbox 1117 3333 1388 3401; x_wconf 90' lang='lat' dir='ltr'><strong>quomodo</strong></span> <span class='ocrx_word' id='word_1_362' title='bbox 1425 3340 1635 3400; x_wconf 86' lang='lat' dir='ltr'><strong>poterat</strong></span> <span class='ocrx_word' id='word_1_363' title='bbox 1680 3330 1870 3401; x_wconf 86' lang='lat' dir='ltr'><strong>loqui?</strong></span> <span class='ocrx_word' id='word_1_364' title='bbox 1915 3341 2000 3384; x_wconf 90' lang='lat' dir='ltr'><strong>ta-</strong></span> 
     </span>
    </p>
   </div>
   <div class='ocr_carea' id='block_1_49' title="bbox 427 3423 2004 3496">
    <p class='ocr_par' dir='ltr' id='par_1_49' title="bbox 427 3423 2004 3496">
     <span class='ocr_line' id='line_1_49' title="bbox 427 3423 2004 3496; baseline -0.003 -13"><span class='ocrx_word' id='word_1_365' title='bbox 427 3444 548 3483; x_wconf 87' lang='lat' dir='ltr'><strong>men</strong></span> <span class='ocrx_word' id='word_1_366' title='bbox 602 3428 866 3496; x_wconf 86' lang='lat' dir='ltr'><strong>loquitur,</strong></span> <span class='ocrx_word' id='word_1_367' title='bbox 918 3435 972 3480; x_wconf 88' lang='lat' dir='ltr'><strong>ct</strong></span> <span class='ocrx_word' id='word_1_368' title='bbox 1015 3434 1133 3494; x_wconf 91' lang='lat' dir='ltr'><strong>post</strong></span> <span class='ocrx_word' id='word_1_369' title='bbox 1189 3434 1422 3493; x_wconf 87' lang='lat' dir='ltr'><strong>quantos</strong></span> <span class='ocrx_word' id='word_1_370' title='bbox 1472 3425 1589 3480; x_wconf 90' lang='lat' dir='ltr'><strong>dies</strong></span> <span class='ocrx_word' id='word_1_371' title='bbox 1641 3423 2004 3479; x_wconf 90' lang='lat' dir='ltr'><strong>couvictionis</strong></span> 
     </span>
    </p>
   </div>
   <div class='ocr_carea' id='block_1_50' title="bbox 425 3517 2006 3588">
    <p class='ocr_par' dir='ltr' id='par_1_50' title="bbox 425 3517 2006 3588">
     <span class='ocr_line' id='line_1_50' title="bbox 425 3517 2006 3588; baseline -0.003 -13"><span class='ocrx_word' id='word_1_372' title='bbox 425 3536 551 3575; x_wconf 78' lang='lat' dir='ltr'><strong>cum</strong></span> <span class='ocrx_word' id='word_1_373' title='bbox 580 3535 677 3588; x_wconf 84' lang='lat' dir='ltr'><strong>per</strong></span> <span class='ocrx_word' id='word_1_374' title='bbox 700 3519 934 3588; x_wconf 87' lang='lat' dir='ltr'><strong>linguam</strong></span> <span class='ocrx_word' id='word_1_375' title='bbox 965 3526 1048 3572; x_wconf 88' lang='lat' dir='ltr'><strong>est</strong></span> <span class='ocrx_word' id='word_1_376' title='bbox 1078 3517 1403 3574; x_wconf 88' lang='lat' dir='ltr'><strong>convictus?</strong></span> <span class='ocrx_word' id='word_1_377' title='bbox 1435 3517 1536 3572; x_wconf 88' lang='lat' dir='ltr'><strong>iste</strong></span> <span class='ocrx_word' id='word_1_378' title='bbox 1564 3526 1681 3570; x_wconf 90' lang='lat' dir='ltr'><strong>erat</strong></span> <span class='ocrx_word' id='word_1_379' title='bbox 1709 3517 1824 3571; x_wconf 88' lang='lat' dir='ltr'><strong>dies</strong></span> <span class='ocrx_word' id='word_1_380' title='bbox 1847 3517 2006 3585; x_wconf 85' lang='lat' dir='ltr'><strong>quin-</strong></span> 
     </span>
    </p>
   </div>
   <div class='ocr_carea' id='block_1_51' title="bbox 427 3608 2002 3682">
    <p class='ocr_par' dir='ltr' id='par_1_51' title="bbox 427 3608 2002 3682">
     <span class='ocr_line' id='line_1_51' title="bbox 427 3608 2002 3682; baseline -0.002 -18"><span class='ocrx_word' id='word_1_381' title='bbox 427 3612 760 3682; x_wconf 64' lang='lat' dir='ltr'><strong>quagesimae</strong></span> <span class='ocrx_word' id='word_1_382' title='bbox 810 3609 1131 3679; x_wconf 88' lang='lat' dir='ltr'><strong>completio,</strong></span> <span class='ocrx_word' id='word_1_383' title='bbox 1220 3609 1598 3677; x_wconf 87' lang='lat' dir='ltr'><strong>abnegatiouis</strong></span> <span class='ocrx_word' id='word_1_384' title='bbox 1634 3619 1814 3664; x_wconf 91' lang='lat' dir='ltr'><strong>autem</strong></span> <span class='ocrx_word' id='word_1_385' title='bbox 1859 3608 2002 3663; x_wconf 91' lang='lat' dir='ltr'><strong>Petri</strong></span> 
     </span>
    </p>
   </div>
   <div class='ocr_carea' id='block_1_52' title="bbox 426 3699 2006 3772">
    <p class='ocr_par' dir='ltr' id='par_1_52' title="bbox 426 3699 2006 3772">
     <span class='ocr_line' id='line_1_52' title="bbox 426 3699 2006 3772; baseline -0.003 -12"><span class='ocrx_word' id='word_1_386' title='bbox 426 3714 554 3760; x_wconf 81' lang='lat' dir='ltr'><strong>ante</strong></span> <span class='ocrx_word' id='word_1_387' title='bbox 584 3703 979 3772; x_wconf 85' lang='lat' dir='ltr'><strong>quinquaginta</strong></span> <span class='ocrx_word' id='word_1_388' title='bbox 1005 3701 1122 3755; x_wconf 91' lang='lat' dir='ltr'><strong>dies</strong></span> <span class='ocrx_word' id='word_1_389' title='bbox 1147 3701 1329 3769; x_wconf 86' lang='lat' dir='ltr'><strong>passio</strong></span> <span class='ocrx_word' id='word_1_390' title='bbox 1359 3702 1535 3756; x_wconf 90' lang='lat' dir='ltr'><strong>fuerat</strong></span> <span class='ocrx_word' id='word_1_391' title='bbox 1567 3701 1801 3755; x_wconf 92' lang='lat' dir='ltr'><strong>Domini.</strong></span> <span class='ocrx_word' id='word_1_392' title='bbox 1840 3699 2006 3755; x_wconf 89' lang='lat' dir='ltr'><strong>Putas</strong></span> 
     </span>
    </p>
   </div>
   <div class='ocr_carea' id='block_1_53' title="bbox 427 3793 2006 3866">
    <p class='ocr_par' dir='ltr' id='par_1_53' title="bbox 427 3793 2006 3866">
     <span class='ocr_line' id='line_1_53' title="bbox 427 3793 2006 3866; baseline -0.004 -14"><span class='ocrx_word' id='word_1_393' title='bbox 427 3797 480 3852; x_wconf 90' lang='lat' dir='ltr'><strong>in</strong></span> <span class='ocrx_word' id='word_1_394' title='bbox 513 3795 903 3866; x_wconf 86' lang='lat' dir='ltr'><strong>quinquaginta</strong></span> <span class='ocrx_word' id='word_1_395' title='bbox 933 3794 1125 3850; x_wconf 88' lang='lat' dir='ltr'><strong>diebus</strong></span> <span class='ocrx_word' id='word_1_396' title='bbox 1158 3795 1395 3864; x_wconf 88' lang='lat' dir='ltr'><strong>piscator</strong></span> <span class='ocrx_word' id='word_1_397' title='bbox 1426 3793 1737 3848; x_wconf 88' lang='lat' dir='ltr'><strong>rusticanus</strong></span> <span class='ocrx_word' id='word_1_398' title='bbox 1779 3809 1848 3848; x_wconf 79' lang='lat' dir='ltr'><strong>ex</strong></span> <span class='ocrx_word' id='word_1_399' title='bbox 1882 3793 2006 3846; x_wconf 89' lang='lat' dir='ltr'><strong>vico</strong></span> 
     </span>
    </p>
   </div>
   <div class='ocr_carea' id='block_1_54' title="bbox 425 3884 2004 3956">
    <p class='ocr_par' dir='ltr' id='par_1_54' title="bbox 425 3884 2004 3956">
     <span class='ocr_line' id='line_1_54' title="bbox 425 3884 2004 3956; baseline -0.003 -14"><span class='ocrx_word' id='word_1_400' title='bbox 425 3887 632 3942; x_wconf 87' lang='lat' dir='ltr'><strong>studuit</strong></span> <span class='ocrx_word' id='word_1_401' title='bbox 661 3901 876 3942; x_wconf 87' lang='lat' dir='ltr'><strong>omnem</strong></span> <span class='ocrx_word' id='word_1_402' title='bbox 910 3886 1152 3956; x_wconf 89' lang='lat' dir='ltr'><strong>linguam</strong></span> <span class='ocrx_word' id='word_1_403' title='bbox 1176 3887 1199 3939; x_wconf 85' lang='lat'><strong>?</strong></span> <span class='ocrx_word' id='word_1_404' title='bbox 1224 3887 1280 3940; x_wconf 90' lang='lat' dir='ltr'><strong>In</strong></span> <span class='ocrx_word' id='word_1_405' title='bbox 1305 3885 1529 3940; x_wconf 79' lang='lat' dir='ltr'><strong>Actibus</strong></span> <span class='ocrx_word' id='word_1_406' title='bbox 1557 3884 1702 3939; x_wconf 88' lang='lat' dir='ltr'><strong>enim</strong></span> <span class='ocrx_word' id='word_1_407' title='bbox 1745 3885 2004 3954; x_wconf 87' lang='lat' dir='ltr'><strong>scriptum</strong></span> 
     </span>
    </p>
   </div>
   <div class='ocr_carea' id='block_1_55' title="bbox 425 3974 2003 4046">
    <p class='ocr_par' dir='ltr' id='par_1_55' title="bbox 425 3974 2003 4046">
     <span class='ocr_line' id='line_1_55' title="bbox 425 3974 2003 4046; baseline -0.003 -12"><span class='ocrx_word' id='word_1_408' title='bbox 425 3988 511 4034; x_wconf 86' lang='lat' dir='ltr'><strong>est</strong></span> <span class='ocrx_word' id='word_1_409' title='bbox 539 3977 912 4046; x_wconf 88' lang='lat' dir='ltr'><strong>apostolorum</strong></span> <span class='ocrx_word' id='word_1_410' title='bbox 941 3985 1033 4032; x_wconf 89' lang='lat' dir='ltr'><strong>:et</strong></span> <span class='ocrx_word' id='word_1_411' title='bbox 1066 3992 1177 4031; x_wconf 90' lang='lat' dir='ltr'><strong>non</strong></span> <span class='ocrx_word' id='word_1_412' title='bbox 1207 3976 1491 4038; x_wconf 90' lang='lat' dir='ltr'><strong>credatur,</strong></span> <span class='ocrx_word' id='word_1_413' title='bbox 1528 3975 1572 4028; x_wconf 89' lang='lat' dir='ltr'><strong>si</strong></span> <span class='ocrx_word' id='word_1_414' title='bbox 1610 3991 1695 4030; x_wconf 89' lang='lat' dir='ltr'><strong>res</strong></span> <span class='ocrx_word' id='word_1_415' title='bbox 1729 3974 1859 4044; x_wconf 64' lang='lat' dir='ltr'><strong>ipsae</strong></span> <span class='ocrx_word' id='word_1_416' title='bbox 1900 3991 2003 4029; x_wconf 92' lang='lat' dir='ltr'><strong>non</strong></span> 
     </span>
    </p>
   </div>
   <div class='ocr_carea' id='block_1_56' title="bbox 427 4064 2005 4136">
    <p class='ocr_par' dir='ltr' id='par_1_56' title="bbox 427 4064 2005 4136">
     <span class='ocr_line' id='line_1_56' title="bbox 427 4064 2005 4136; baseline -0.001 -16"><span class='ocrx_word' id='word_1_417' title='bbox 427 4069 793 4124; x_wconf 85' lang='lat' dir='ltr'><strong>consentiunt.</strong></span> <span class='ocrx_word' id='word_1_418' title='bbox 829 4066 1100 4136; x_wconf 90' lang='lat' dir='ltr'><strong>Scriptum</strong></span> <span class='ocrx_word' id='word_1_419' title='bbox 1132 4076 1215 4122; x_wconf 90' lang='lat' dir='ltr'><strong>est</strong></span> <span class='ocrx_word' id='word_1_420' title='bbox 1237 4067 1383 4121; x_wconf 90' lang='lat' dir='ltr'><strong>enim</strong></span> <span class='ocrx_word' id='word_1_421' title='bbox 1410 4065 1536 4135; x_wconf 90' lang='lat' dir='ltr'><strong>quia</strong></span> <span class='ocrx_word' id='word_1_422' title='bbox 1580 4067 1707 4118; x_wconf 87' lang='lat' dir='ltr'><strong>dum</strong></span> <span class='ocrx_word' id='word_1_423' title='bbox 1747 4064 2005 4134; x_wconf 91' lang='lat' dir='ltr'><strong>implere-</strong></span> 
     </span>
    </p>
   </div>
   <div class='ocr_carea' id='block_1_57' title="bbox 429 4159 2003 4229">
    <p class='ocr_par' dir='ltr' id='par_1_57' title="bbox 429 4159 2003 4229">
     <span class='ocr_line' id='line_1_57' title="bbox 429 4159 2003 4229; baseline 0 -17"><span class='ocrx_word' id='word_1_424' title='bbox 429 4168 517 4212; x_wconf 92' lang='lat' dir='ltr'><strong>tur</strong></span> <span class='ocrx_word' id='word_1_425' title='bbox 565 4159 679 4214; x_wconf 90' lang='lat' dir='ltr'><strong>dics</strong></span> <span class='ocrx_word' id='word_1_426' title='bbox 729 4160 1202 4229; x_wconf 70' lang='lat' dir='ltr'><strong>quinquagesima,</strong></span> <span class='ocrx_word' id='word_1_427' title='bbox 1241 4169 1399 4214; x_wconf 91' lang='lat' dir='ltr'><strong>erant</strong></span> <span class='ocrx_word' id='word_1_428' title='bbox 1457 4159 1675 4213; x_wconf 89' lang='lat' dir='ltr'><strong>adunati</strong></span> <span class='ocrx_word' id='word_1_429' title='bbox 1729 4159 1782 4212; x_wconf 92' lang='lat' dir='ltr'><strong>in</strong></span> <span class='ocrx_word' id='word_1_430' title='bbox 1839 4174 2003 4212; x_wconf 91' lang='lat' dir='ltr'><strong>unum</strong></span> 
     </span>
    </p>
   </div>
   <div class='ocr_carea' id='block_1_58' title="bbox 427 4250 2005 4320">
    <p class='ocr_par' dir='ltr' id='par_1_58' title="bbox 427 4250 2005 4320">
     <span class='ocr_line' id='line_1_58' title="bbox 427 4250 2005 4320; baseline 0 -14"><span class='ocrx_word' id='word_1_431' title='bbox 427 4251 658 4320; x_wconf 86' lang='lat' dir='ltr'><strong>apostoli</strong></span> <span class='ocrx_word' id='word_1_432' title='bbox 688 4251 758 4317; x_wconf 77' lang='grc'><strong>⁸⁸,</strong></span> <span class='ocrx_word' id='word_1_433' title='bbox 792 4267 924 4320; x_wconf 91' lang='lat' dir='ltr'><strong>quos</strong></span> <span class='ocrx_word' id='word_1_434' title='bbox 960 4262 1238 4320; x_wconf 87' lang='lat' dir='ltr'><strong>sparserat</strong></span> <span class='ocrx_word' id='word_1_435' title='bbox 1266 4252 1484 4320; x_wconf 89' lang='lat' dir='ltr'><strong>quidem</strong></span> <span class='ocrx_word' id='word_1_436' title='bbox 1517 4267 1673 4318; x_wconf 84' lang='lat' dir='ltr'><strong>crux,</strong></span> <span class='ocrx_word' id='word_1_437' title='bbox 1705 4250 2005 4320; x_wconf 77' lang='lat' dir='ltr'><strong>collegerat</strong></span> 
     </span>
    </p>
   </div>
   <div class='ocr_carea' id='block_1_59' title="bbox 427 4341 2009 4408">
    <p class='ocr_par' dir='ltr' id='par_1_59' title="bbox 427 4341 2009 4408">
     <span class='ocr_line' id='line_1_59' title="bbox 427 4341 2009 4408; baseline 0.001 -14"><span class='ocrx_word' id='word_1_438' title='bbox 427 4353 609 4396; x_wconf 89' lang='lat' dir='ltr'><strong>autem</strong></span> <span class='ocrx_word' id='word_1_439' title='bbox 658 4345 1026 4408; x_wconf 86' lang='lat' dir='ltr'><strong>resurrectio;</strong></span> <span class='ocrx_word' id='word_1_440' title='bbox 1063 4352 1120 4396; x_wconf 88' lang='lat' dir='ltr'><strong>et</strong></span> <span class='ocrx_word' id='word_1_441' title='bbox 1147 4341 1398 4396; x_wconf 88' lang='lat' dir='ltr'><strong>adunatis</strong></span> <span class='ocrx_word' id='word_1_442' title='bbox 1435 4342 1619 4396; x_wconf 89' lang='lat' dir='ltr'><strong>iisdem</strong></span> <span class='ocrx_word' id='word_1_443' title='bbox 1650 4342 1841 4396; x_wconf 84' lang='lat' dir='ltr'><strong>divisae</strong></span> <span class='ocrx_word' id='word_1_444' title='bbox 1881 4351 2009 4396; x_wconf 90' lang='lat' dir='ltr'><strong>sunt</strong></span> 
     </span>
    </p>
   </div>
   <div class='ocr_carea' id='block_1_60' title="bbox 426 4438 2006 4510">
    <p class='ocr_par' dir='ltr' id='par_1_60' title="bbox 426 4438 2006 4510">
     <span class='ocr_line' id='line_1_60' title="bbox 426 4438 2006 4510; baseline 0.001 -18"><span class='ocrx_word' id='word_1_445' title='bbox 426 4438 622 4510; x_wconf 64' lang='lat' dir='ltr'><strong>linguae</strong></span> <span class='ocrx_word' id='word_1_446' title='bbox 653 4450 907 4510; x_wconf 89' lang='lat' dir='ltr'><strong>tanquam</strong></span> <span class='ocrx_word' id='word_1_447' title='bbox 937 4441 1076 4510; x_wconf 88' lang='lat' dir='ltr'><strong>ignis</strong></span> <span class='ocrx_word' id='word_1_448' title='bbox 1101 4440 1404 4493; x_wconf 86' lang='lat' dir='ltr'><strong>dividentes</strong></span> <span class='ocrx_word' id='word_1_449' title='bbox 1431 4480 1448 4504; x_wconf 92' lang='lat'><strong>,</strong></span> <span class='ocrx_word' id='word_1_450' title='bbox 1497 4450 1550 4494; x_wconf 88' lang='lat' dir='ltr'><strong>et</strong></span> <span class='ocrx_word' id='word_1_451' title='bbox 1589 4441 1907 4494; x_wconf 90' lang='lat' dir='ltr'><strong>insederunt</strong></span> <span class='ocrx_word' id='word_1_452' title='bbox 1953 4440 2006 4494; x_wconf 90' lang='lat' dir='ltr'><strong>in</strong></span> 
     </span>
    </p>
   </div>
   <div class='ocr_carea' id='block_1_61' title="bbox 427 4533 2005 4604">
    <p class='ocr_par' dir='ltr' id='par_1_61' title="bbox 427 4533 2005 4604">
     <span class='ocr_line' id='line_1_61' title="bbox 427 4533 2005 4604; baseline 0.002 -20"><span class='ocrx_word' id='word_1_453' title='bbox 427 4547 868 4602; x_wconf 88' lang='lat' dir='ltr'><strong>unumquemque</strong></span> <span class='ocrx_word' id='word_1_454' title='bbox 913 4533 1150 4596; x_wconf 91' lang='lat' dir='ltr'><strong>illorum,</strong></span> <span class='ocrx_word' id='word_1_455' title='bbox 1195 4542 1251 4587; x_wconf 90' lang='lat' dir='ltr'><strong>et</strong></span> <span class='ocrx_word' id='word_1_456' title='bbox 1293 4542 1581 4602; x_wconf 73' lang='lat' dir='ltr'><strong>cmperunt</strong></span> <span class='ocrx_word' id='word_1_457' title='bbox 1624 4533 1823 4604; x_wconf 88' lang='lat' dir='ltr'><strong>linguis</strong></span> <span class='ocrx_word' id='word_1_458' title='bbox 1862 4533 2005 4602; x_wconf 93' lang='lat' dir='ltr'><strong>loqui</strong></span> 
     </span>
    </p>
   </div>
   <div class='ocr_carea' id='block_1_62' title="bbox 2111 2041 3701 2115">
    <p class='ocr_par' dir='ltr' id='par_1_62' title="bbox 2111 2041 3701 2115">
     <span class='ocr_line' id='line_1_62' title="bbox 2111 2041 3701 2115; baseline -0.004 -15"><span class='ocrx_word' id='word_1_459' title='bbox 2111 2061 2231 2115; x_wconf 86' lang='lat' dir='ltr'><strong>quae</strong></span> <span class='ocrx_word' id='word_1_460' title='bbox 2283 2043 2454 2099; x_wconf 76' lang='lat' dir='ltr'><strong>Judaei</strong></span> <span class='ocrx_word' id='word_1_461' title='bbox 2495 2043 2768 2099; x_wconf 83' lang='lat' dir='ltr'><strong>volebant.</strong></span> <span class='ocrx_word' id='word_1_462' title='bbox 2827 2041 2930 2098; x_wconf 86' lang='lat' dir='ltr'><strong>Sed</strong></span> <span class='ocrx_word' id='word_1_463' title='bbox 2991 2051 3150 2111; x_wconf 90' lang='lat' dir='ltr'><strong>putas</strong></span> <span class='ocrx_word' id='word_1_464' title='bbox 3199 2041 3590 2096; x_wconf 89' lang='lat' dir='ltr'><strong>convenientes</strong></span> <span class='ocrx_word' id='word_1_465' title='bbox 3645 2041 3701 2095; x_wconf 88' lang='lat' dir='ltr'><strong>in</strong></span> 
     </span>
    </p>
   </div>
   <div class='ocr_carea' id='block_1_63' title="bbox 2110 2131 3703 2205">
    <p class='ocr_par' dir='ltr' id='par_1_63' title="bbox 2110 2131 3703 2205">
     <span class='ocr_line' id='line_1_63' title="bbox 2110 2131 3703 2205; baseline -0.004 -13"><span class='ocrx_word' id='word_1_466' title='bbox 2110 2153 2272 2192; x_wconf 92' lang='lat' dir='ltr'><strong>unum</strong></span> <span class='ocrx_word' id='word_1_467' title='bbox 2309 2137 2653 2205; x_wconf 87' lang='lat' dir='ltr'><strong>impudenter</strong></span> <span class='ocrx_word' id='word_1_468' title='bbox 2699 2134 2951 2189; x_wconf 90' lang='lat' dir='ltr'><strong>dicebant</strong></span> <span class='ocrx_word' id='word_1_469' title='bbox 2986 2133 3053 2188; x_wconf 90' lang='lat' dir='ltr'><strong>ad</strong></span> <span class='ocrx_word' id='word_1_470' title='bbox 3084 2135 3450 2203; x_wconf 80' lang='lat' dir='ltr'><strong>semetipsos:</strong></span> <span class='ocrx_word' id='word_1_471' title='bbox 3484 2131 3622 2198; x_wconf 86' lang='lat' dir='ltr'><strong>Quid</strong></span> <span class='ocrx_word' id='word_1_472' title='bbox 3654 2132 3703 2186; x_wconf 89' lang='lat' dir='ltr'><strong>si</strong></span> 
     </span>
    </p>
   </div>
   <div class='ocr_carea' id='block_1_64' title="bbox 2108 2225 3707 2294">
    <p class='ocr_par' dir='ltr' id='par_1_64' title="bbox 2108 2225 3707 2294">
     <span class='ocr_line' id='line_1_64' title="bbox 2108 2225 3707 2294; baseline -0.006 -8"><span class='ocrx_word' id='word_1_473' title='bbox 2108 2230 2315 2286; x_wconf 90' lang='lat' dir='ltr'><strong>seducti</strong></span> <span class='ocrx_word' id='word_1_474' title='bbox 2347 2229 2572 2284; x_wconf 90' lang='lat' dir='ltr'><strong>sumus?</strong></span> <span class='ocrx_word' id='word_1_475' title='bbox 2595 2228 2688 2283; x_wconf 90' lang='lat' dir='ltr'><strong>sed</strong></span> <span class='ocrx_word' id='word_1_476' title='bbox 2725 2226 3245 2290; x_wconf 89' lang='lat' dir='ltr'><strong>non_concedamus.</strong></span> <span class='ocrx_word' id='word_1_477' title='bbox 3279 2225 3532 2294; x_wconf 88' lang='lat' dir='ltr'><strong>Magister</strong></span> <span class='ocrx_word' id='word_1_478' title='bbox 3554 2239 3707 2278; x_wconf 87' lang='lat' dir='ltr'><strong>mor-</strong></span> 
     </span>
    </p>
   </div>
   <div class='ocr_carea' id='block_1_65' title="bbox 2112 2317 3706 2390">
    <p class='ocr_par' dir='ltr' id='par_1_65' title="bbox 2112 2317 3706 2390">
     <span class='ocr_line' id='line_1_65' title="bbox 2112 2317 3706 2390; baseline -0.004 -14"><span class='ocrx_word' id='word_1_479' title='bbox 2112 2332 2234 2377; x_wconf 91' lang='lat' dir='ltr'><strong>tuus</strong></span> <span class='ocrx_word' id='word_1_480' title='bbox 2273 2331 2392 2388; x_wconf 89' lang='lat' dir='ltr'><strong>est;</strong></span> <span class='ocrx_word' id='word_1_481' title='bbox 2425 2321 2670 2376; x_wconf 88' lang='lat' dir='ltr'><strong>dicamus</strong></span> <span class='ocrx_word' id='word_1_482' title='bbox 2716 2320 2844 2390; x_wconf 90' lang='lat' dir='ltr'><strong>quia</strong></span> <span class='ocrx_word' id='word_1_483' title='bbox 2881 2318 3226 2374; x_wconf 86' lang='lat' dir='ltr'><strong>resurrexit:</strong></span> <span class='ocrx_word' id='word_1_484' title='bbox 3259 2327 3319 2372; x_wconf 87' lang='lat' dir='ltr'><strong>ut</strong></span> <span class='ocrx_word' id='word_1_485' title='bbox 3358 2317 3487 2388; x_wconf 90' lang='lat' dir='ltr'><strong>quid</strong></span> <span class='ocrx_word' id='word_1_486' title='bbox 3523 2317 3706 2370; x_wconf 86' lang='lat' dir='ltr'><strong>lucra-</strong></span> 
     </span>
    </p>
   </div>
   <div class='ocr_carea' id='block_1_66' title="bbox 2111 2409 3703 2482">
    <p class='ocr_par' dir='ltr' id='par_1_66' title="bbox 2111 2409 3703 2482">
     <span class='ocr_line' id='line_1_66' title="bbox 2111 2409 3703 2482; baseline -0.003 -15"><span class='ocrx_word' id='word_1_487' title='bbox 2111 2413 2333 2469; x_wconf 88' lang='lat' dir='ltr'><strong>rentur?</strong></span> <span class='ocrx_word' id='word_1_488' title='bbox 2357 2413 2486 2482; x_wconf 91' lang='lat' dir='ltr'><strong>quid</strong></span> <span class='ocrx_word' id='word_1_489' title='bbox 2523 2413 2794 2469; x_wconf 88' lang='lat' dir='ltr'><strong>commodi</strong></span> <span class='ocrx_word' id='word_1_490' title='bbox 2828 2410 3176 2480; x_wconf 89' lang='lat' dir='ltr'><strong>acciperent?</strong></span> <span class='ocrx_word' id='word_1_491' title='bbox 3209 2409 3437 2463; x_wconf 88' lang='lat' dir='ltr'><strong>aurum?</strong></span> <span class='ocrx_word' id='word_1_492' title='bbox 3466 2409 3560 2463; x_wconf 90' lang='lat' dir='ltr'><strong>sed</strong></span> <span class='ocrx_word' id='word_1_493' title='bbox 3593 2423 3703 2462; x_wconf 91' lang='lat' dir='ltr'><strong>non</strong></span> 
     </span>
    </p>
   </div>
   <div class='ocr_carea' id='block_1_67' title="bbox 2109 2500 3705 2575">
    <p class='ocr_par' dir='ltr' id='par_1_67' title="bbox 2109 2500 3705 2575">
     <span class='ocr_line' id='line_1_67' title="bbox 2109 2500 3705 2575; baseline -0.003 -17"><span class='ocrx_word' id='word_1_494' title='bbox 2109 2506 2359 2575; x_wconf 90' lang='lat' dir='ltr'><strong>permisit</strong></span> <span class='ocrx_word' id='word_1_495' title='bbox 2384 2507 2700 2559; x_wconf 91' lang='lat' dir='ltr'><strong>mandatum</strong></span> <span class='ocrx_word' id='word_1_496' title='bbox 2733 2523 2748 2560; x_wconf 90' lang='lat'><strong>:</strong></span> <span class='ocrx_word' id='word_1_497' title='bbox 2776 2502 3106 2573; x_wconf 86' lang='lat' dir='ltr'><strong>argentum?</strong></span> <span class='ocrx_word' id='word_1_498' title='bbox 3133 2511 3187 2556; x_wconf 88' lang='lat' dir='ltr'><strong>et</strong></span> <span class='ocrx_word' id='word_1_499' title='bbox 3217 2503 3330 2570; x_wconf 90' lang='lat' dir='ltr'><strong>ipsa</strong></span> <span class='ocrx_word' id='word_1_500' title='bbox 3367 2503 3502 2556; x_wconf 88' lang='lat' dir='ltr'><strong>retia</strong></span> <span class='ocrx_word' id='word_1_501' title='bbox 3540 2500 3705 2556; x_wconf 84' lang='lat' dir='ltr'><strong>dere-</strong></span> 
     </span>
    </p>
   </div>
   <div class='ocr_carea' id='block_1_68' title="bbox 2108 2594 3704 2666">
    <p class='ocr_par' dir='ltr' id='par_1_68' title="bbox 2108 2594 3704 2666">
     <span class='ocr_line' id='line_1_68' title="bbox 2108 2594 3704 2666; baseline -0.001 -17"><span class='ocrx_word' id='word_1_502' title='bbox 2108 2596 2406 2666; x_wconf 85' lang='lat' dir='ltr'><strong>liquerunt.</strong></span> <span class='ocrx_word' id='word_1_503' title='bbox 2440 2595 2548 2652; x_wconf 91' lang='lat' dir='ltr'><strong>Sed</strong></span> <span class='ocrx_word' id='word_1_504' title='bbox 2584 2606 2642 2650; x_wconf 91' lang='lat' dir='ltr'><strong>ut</strong></span> <span class='ocrx_word' id='word_1_505' title='bbox 2680 2595 3122 2651; x_wconf 87' lang='lat' dir='ltr'><strong>honorarentur?</strong></span> <span class='ocrx_word' id='word_1_506' title='bbox 3149 2595 3236 2663; x_wconf 91' lang='lat' dir='ltr'><strong>qui</strong></span> <span class='ocrx_word' id='word_1_507' title='bbox 3277 2594 3494 2649; x_wconf 89' lang='lat' dir='ltr'><strong>inverso</strong></span> <span class='ocrx_word' id='word_1_508' title='bbox 3521 2595 3704 2663; x_wconf 88' lang='lat' dir='ltr'><strong>capite</strong></span> 
     </span>
    </p>
   </div>
   <div class='ocr_carea' id='block_1_69' title="bbox 2107 2687 3704 2760">
    <p class='ocr_par' dir='ltr' id='par_1_69' title="bbox 2107 2687 3704 2760">
     <span class='ocr_line' id='line_1_69' title="bbox 2107 2687 3704 2760; baseline -0.001 -16"><span class='ocrx_word' id='word_1_509' title='bbox 2107 2689 2482 2760; x_wconf 74' lang='lat' dir='ltr'><strong>adigebantur.</strong></span> <span class='ocrx_word' id='word_1_510' title='bbox 2526 2689 2669 2755; x_wconf 88' lang='lat' dir='ltr'><strong>Quid</strong></span> <span class='ocrx_word' id='word_1_511' title='bbox 2703 2698 2821 2744; x_wconf 92' lang='lat' dir='ltr'><strong>erat</strong></span> <span class='ocrx_word' id='word_1_512' title='bbox 2849 2690 2992 2758; x_wconf 90' lang='lat' dir='ltr'><strong>quod</strong></span> <span class='ocrx_word' id='word_1_513' title='bbox 3025 2697 3212 2757; x_wconf 89' lang='lat' dir='ltr'><strong>posset</strong></span> <span class='ocrx_word' id='word_1_514' title='bbox 3241 2703 3338 2743; x_wconf 88' lang='lat' dir='ltr'><strong>eos</strong></span> <span class='ocrx_word' id='word_1_515' title='bbox 3369 2687 3600 2755; x_wconf 87' lang='lat' dir='ltr'><strong>hortari,</strong></span> <span class='ocrx_word' id='word_1_516' title='bbox 3638 2694 3704 2742; x_wconf 86' lang='lat' dir='ltr'><strong>ut</strong></span> 
     </span>
    </p>
   </div>
   <div class='ocr_carea' id='block_1_70' title="bbox 2109 2778 3701 2851">
    <p class='ocr_par' dir='ltr' id='par_1_70' title="bbox 2109 2778 3701 2851">
     <span class='ocr_line' id='line_1_70' title="bbox 2109 2778 3701 2851; baseline -0.003 -14"><span class='ocrx_word' id='word_1_517' title='bbox 2109 2784 2469 2839; x_wconf 65' lang='lat' dir='ltr'><strong>n‘nentirentur</strong></span> <span class='ocrx_word' id='word_1_518' title='bbox 2499 2781 2567 2836; x_wconf 91' lang='lat' dir='ltr'><strong>de</strong></span> <span class='ocrx_word' id='word_1_519' title='bbox 2597 2796 2662 2836; x_wconf 92' lang='lat' dir='ltr'><strong>eo</strong></span> <span class='ocrx_word' id='word_1_520' title='bbox 2683 2781 2776 2851; x_wconf 91' lang='lat' dir='ltr'><strong>qui</strong></span> <span class='ocrx_word' id='word_1_521' title='bbox 2813 2796 2919 2834; x_wconf 91' lang='lat' dir='ltr'><strong>non</strong></span> <span class='ocrx_word' id='word_1_522' title='bbox 2950 2779 3366 2835; x_wconf 82' lang='lat' dir='ltr'><strong>resurrexerat?</strong></span> <span class='ocrx_word' id='word_1_523' title='bbox 3387 2778 3522 2846; x_wconf 89' lang='lat' dir='ltr'><strong>Quis</strong></span> <span class='ocrx_word' id='word_1_524' title='bbox 3553 2794 3701 2847; x_wconf 71' lang='lat' dir='ltr'><strong>pra:-</strong></span> 
     </span>
    </p>
   </div>
   <div class='ocr_carea' id='block_1_71' title="bbox 2109 2869 3701 2941">
    <p class='ocr_par' dir='ltr' id='par_1_71' title="bbox 2109 2869 3701 2941">
     <span class='ocr_line' id='line_1_71' title="bbox 2109 2869 3701 2941; baseline -0.004 -11"><span class='ocrx_word' id='word_1_525' title='bbox 2109 2875 2298 2930; x_wconf 90' lang='lat' dir='ltr'><strong>buerat</strong></span> <span class='ocrx_word' id='word_1_526' title='bbox 2345 2873 2426 2928; x_wconf 90' lang='lat' dir='ltr'><strong>eis</strong></span> <span class='ocrx_word' id='word_1_527' title='bbox 2485 2872 2810 2928; x_wconf 89' lang='lat' dir='ltr'><strong>audaciam?</strong></span> <span class='ocrx_word' id='word_1_528' title='bbox 2871 2871 2928 2925; x_wconf 89' lang='lat' dir='ltr'><strong>1n</strong></span> <span class='ocrx_word' id='word_1_529' title='bbox 2977 2885 3086 2941; x_wconf 91' lang='lat' dir='ltr'><strong>quo</strong></span> <span class='ocrx_word' id='word_1_530' title='bbox 3136 2869 3472 2924; x_wconf 88' lang='lat' dir='ltr'><strong>confidentes</strong></span> <span class='ocrx_word' id='word_1_531' title='bbox 3515 2881 3701 2924; x_wconf 86' lang='lat' dir='ltr'><strong>essent</strong></span> 
     </span>
    </p>
   </div>
   <div class='ocr_carea' id='block_1_72' title="bbox 2110 2961 3697 3033">
    <p class='ocr_par' dir='ltr' id='par_1_72' title="bbox 2110 2961 3697 3033">
     <span class='ocr_line' id='line_1_72' title="bbox 2110 2961 3697 3033; baseline -0.002 -14"><span class='ocrx_word' id='word_1_532' title='bbox 2110 2964 2415 3019; x_wconf 64' lang='lat' dir='ltr'><strong>inscientiae</strong></span> <span class='ocrx_word' id='word_1_533' title='bbox 2460 2979 2604 3029; x_wconf 68' lang='lat' dir='ltr'><strong>suae,</strong></span> <span class='ocrx_word' id='word_1_534' title='bbox 2663 2963 2994 3031; x_wconf 87' lang='lat' dir='ltr'><strong>rusticitati,</strong></span> <span class='ocrx_word' id='word_1_535' title='bbox 3057 2962 3418 3033; x_wconf 87' lang='lat' dir='ltr'><strong>ingenuitati,</strong></span> <span class='ocrx_word' id='word_1_536' title='bbox 3467 2961 3697 3026; x_wconf 84' lang='lat' dir='ltr'><strong>divitiis,</strong></span> 
     </span>
    </p>
   </div>
   <div class='ocr_carea' id='block_1_73' title="bbox 2109 3054 3692 3125">
    <p class='ocr_par' dir='ltr' id='par_1_73' title="bbox 2109 3054 3692 3125">
     <span class='ocr_line' id='line_1_73' title="bbox 2109 3054 3692 3125; baseline -0.001 -14"><span class='ocrx_word' id='word_1_537' title='bbox 2109 3057 2460 3122; x_wconf 88' lang='lat' dir='ltr'><strong>multitudini,</strong></span> <span class='ocrx_word' id='word_1_538' title='bbox 2492 3056 2776 3112; x_wconf 89' lang='lat' dir='ltr'><strong>duodecim</strong></span> <span class='ocrx_word' id='word_1_539' title='bbox 2827 3057 2894 3110; x_wconf 90' lang='lat' dir='ltr'><strong>ad</strong></span> <span class='ocrx_word' id='word_1_540' title='bbox 2936 3055 3236 3109; x_wconf 88' lang='lat' dir='ltr'><strong>mundum?</strong></span> <span class='ocrx_word' id='word_1_541' title='bbox 3282 3054 3388 3110; x_wconf 88' lang='lat' dir='ltr'><strong>Sed</strong></span> <span class='ocrx_word' id='word_1_542' title='bbox 3432 3055 3692 3125; x_wconf 66' lang='lat' dir='ltr'><strong>praedica-</strong></span> 
     </span>
    </p>
   </div>
   <div class='ocr_carea' id='block_1_74' title="bbox 2109 3145 3695 3218">
    <p class='ocr_par' dir='ltr' id='par_1_74' title="bbox 2109 3145 3695 3218">
     <span class='ocr_line' id='line_1_74' title="bbox 2109 3145 3695 3218; baseline -0.003 -12"><span class='ocrx_word' id='word_1_543' title='bbox 2109 3151 2310 3206; x_wconf 89' lang='lat' dir='ltr'><strong>tionem</strong></span> <span class='ocrx_word' id='word_1_544' title='bbox 2345 3150 2462 3218; x_wconf 90' lang='lat' dir='ltr'><strong>ejus</strong></span> <span class='ocrx_word' id='word_1_545' title='bbox 2496 3149 2586 3218; x_wconf 89' lang='lat' dir='ltr'><strong>qui</strong></span> <span class='ocrx_word' id='word_1_546' title='bbox 2621 3147 2813 3203; x_wconf 78' lang='lat' dir='ltr'><strong>afﬁxus</strong></span> <span class='ocrx_word' id='word_1_547' title='bbox 2847 3157 2930 3203; x_wconf 91' lang='lat' dir='ltr'><strong>est</strong></span> <span class='ocrx_word' id='word_1_548' title='bbox 2961 3149 3131 3203; x_wconf 92' lang='lat' dir='ltr'><strong>cruci.</strong></span> <span class='ocrx_word' id='word_1_549' title='bbox 3173 3145 3355 3216; x_wconf 86' lang='lat' dir='ltr'><strong>Ipsum</strong></span> <span class='ocrx_word' id='word_1_550' title='bbox 3390 3147 3562 3202; x_wconf 90' lang='lat' dir='ltr'><strong>solum</strong></span> <span class='ocrx_word' id='word_1_551' title='bbox 3597 3163 3695 3201; x_wconf 83' lang='lat' dir='ltr'><strong>au-</strong></span> 
     </span>
    </p>
   </div>
   <div class='ocr_carea' id='block_1_75' title="bbox 2109 3239 3696 3309">
    <p class='ocr_par' dir='ltr' id='par_1_75' title="bbox 2109 3239 3696 3309">
     <span class='ocr_line' id='line_1_75' title="bbox 2109 3239 3696 3309; baseline -0.001 -12"><span class='ocrx_word' id='word_1_552' title='bbox 2109 3242 2236 3297; x_wconf 91' lang='lat' dir='ltr'><strong>dere</strong></span> <span class='ocrx_word' id='word_1_553' title='bbox 2267 3241 2421 3297; x_wconf 77' lang='lat' dir='ltr'><strong>exire</strong></span> <span class='ocrx_word' id='word_1_554' title='bbox 2463 3242 2531 3294; x_wconf 91' lang='lat' dir='ltr'><strong>ad</strong></span> <span class='ocrx_word' id='word_1_555' title='bbox 2579 3242 2862 3308; x_wconf 89' lang='lat' dir='ltr'><strong>mundum,</strong></span> <span class='ocrx_word' id='word_1_556' title='bbox 2893 3241 3098 3309; x_wconf 88' lang='lat' dir='ltr'><strong>grande</strong></span> <span class='ocrx_word' id='word_1_557' title='bbox 3125 3249 3230 3296; x_wconf 91' lang='lat' dir='ltr'><strong>est.</strong></span> <span class='ocrx_word' id='word_1_558' title='bbox 3273 3239 3407 3293; x_wconf 82' lang='lat' dir='ltr'><strong>Puta</strong></span> <span class='ocrx_word' id='word_1_559' title='bbox 3441 3241 3542 3295; x_wconf 91' lang='lat' dir='ltr'><strong>ista</strong></span> <span class='ocrx_word' id='word_1_560' title='bbox 3577 3241 3696 3295; x_wconf 89' lang='lat' dir='ltr'><strong>ausi</strong></span> 
     </span>
    </p>
   </div>
   <div class='ocr_carea' id='block_1_76' title="bbox 2106 3333 3698 3403">
    <p class='ocr_par' dir='ltr' id='par_1_76' title="bbox 2106 3333 3698 3403">
     <span class='ocr_line' id='line_1_76' title="bbox 2106 3333 3698 3403; baseline -0.001 -15"><span class='ocrx_word' id='word_1_561' title='bbox 2106 3343 2233 3389; x_wconf 91' lang='lat' dir='ltr'><strong>sunt</strong></span> <span class='ocrx_word' id='word_1_562' title='bbox 2287 3351 2300 3388; x_wconf 92' lang='lat'><strong>:</strong></span> <span class='ocrx_word' id='word_1_563' title='bbox 2337 3333 2504 3388; x_wconf 74' lang='lat' dir='ltr'><strong>Judaei</strong></span> <span class='ocrx_word' id='word_1_564' title='bbox 2547 3334 2818 3403; x_wconf 90' lang='lat' dir='ltr'><strong>quomodo</strong></span> <span class='ocrx_word' id='word_1_565' title='bbox 2858 3334 3000 3403; x_wconf 91' lang='lat' dir='ltr'><strong>passi</strong></span> <span class='ocrx_word' id='word_1_566' title='bbox 3057 3343 3183 3387; x_wconf 90' lang='lat' dir='ltr'><strong>sunt</strong></span> <span class='ocrx_word' id='word_1_567' title='bbox 3237 3349 3346 3388; x_wconf 88' lang='lat' dir='ltr'><strong>non</strong></span> <span class='ocrx_word' id='word_1_568' title='bbox 3385 3349 3480 3388; x_wconf 89' lang='lat' dir='ltr'><strong>eos</strong></span> <span class='ocrx_word' id='word_1_569' title='bbox 3511 3337 3698 3388; x_wconf 87' lang='lat' dir='ltr'><strong>statim</strong></span> 
     </span>
    </p>
   </div>
   <div class='ocr_carea' id='block_1_77' title="bbox 2105 3423 3704 3495">
    <p class='ocr_par' dir='ltr' id='par_1_77' title="bbox 2105 3423 3704 3495">
     <span class='ocr_line' id='line_1_77' title="bbox 2105 3423 3704 3495; baseline -0.002 -16"><span class='ocrx_word' id='word_1_570' title='bbox 2105 3425 2461 3480; x_wconf 86' lang='lat' dir='ltr'><strong>interimere?</strong></span> <span class='ocrx_word' id='word_1_571' title='bbox 2498 3424 2687 3480; x_wconf 84' lang='lat' dir='ltr'><strong>Nonne</strong></span> <span class='ocrx_word' id='word_1_572' title='bbox 2717 3425 2891 3494; x_wconf 90' lang='lat' dir='ltr'><strong>parati</strong></span> <span class='ocrx_word' id='word_1_573' title='bbox 2924 3435 3052 3479; x_wconf 88' lang='lat' dir='ltr'><strong>sunt</strong></span> <span class='ocrx_word' id='word_1_574' title='bbox 3080 3425 3147 3478; x_wconf 92' lang='lat' dir='ltr'><strong>ad</strong></span> <span class='ocrx_word' id='word_1_575' title='bbox 3189 3423 3704 3495; x_wconf 71' lang='lat' dir='ltr'><strong>interemptionem?</strong></span> 
     </span>
    </p>
   </div>
   <div class='ocr_carea' id='block_1_78' title="bbox 2105 3516 3705 3589">
    <p class='ocr_par' dir='ltr' id='par_1_78' title="bbox 2105 3516 3705 3589">
     <span class='ocr_line' id='line_1_78' title="bbox 2105 3516 3705 3589; baseline -0.002 -17"><span class='ocrx_word' id='word_1_576' title='bbox 2105 3517 2426 3589; x_wconf 88' lang='lat' dir='ltr'><strong>Magistrum</strong></span> <span class='ocrx_word' id='word_1_577' title='bbox 2479 3517 2785 3581; x_wconf 82' lang='lat' dir='ltr'><strong>aflixerunt,</strong></span> <span class='ocrx_word' id='word_1_578' title='bbox 2840 3519 2932 3586; x_wconf 89' lang='lat' dir='ltr'><strong>qui</strong></span> <span class='ocrx_word' id='word_1_579' title='bbox 2986 3531 3090 3570; x_wconf 89' lang='lat' dir='ltr'><strong>non</strong></span> <span class='ocrx_word' id='word_1_580' title='bbox 3121 3517 3295 3582; x_wconf 84' lang='lat' dir='ltr'><strong>arguit</strong></span> <span class='ocrx_word' id='word_1_581' title='bbox 3327 3532 3422 3572; x_wconf 90' lang='lat' dir='ltr'><strong>eos</strong></span> <span class='ocrx_word' id='word_1_582' title='bbox 3470 3516 3705 3571; x_wconf 85' lang='lat' dir='ltr'><strong>homici-</strong></span> 
     </span>
    </p>
   </div>
   <div class='ocr_carea' id='block_1_79' title="bbox 2109 3609 3697 3678">
    <p class='ocr_par' dir='ltr' id='par_1_79' title="bbox 2109 3609 3697 3678">
     <span class='ocr_line' id='line_1_79' title="bbox 2109 3609 3697 3678; baseline -0.003 -12"><span class='ocrx_word' id='word_1_583' title='bbox 2109 3611 2206 3666; x_wconf 91' lang='lat' dir='ltr'><strong>das</strong></span> <span class='ocrx_word' id='word_1_584' title='bbox 2237 3628 2251 3663; x_wconf 91' lang='lat'><strong>:</strong></span> <span class='ocrx_word' id='word_1_585' title='bbox 2287 3611 2420 3666; x_wconf 91' lang='lat' dir='ltr'><strong>istos</strong></span> <span class='ocrx_word' id='word_1_586' title='bbox 2447 3610 2536 3678; x_wconf 91' lang='lat' dir='ltr'><strong>qui</strong></span> <span class='ocrx_word' id='word_1_587' title='bbox 2570 3609 2926 3664; x_wconf 88' lang='lat' dir='ltr'><strong>convicerunt</strong></span> <span class='ocrx_word' id='word_1_588' title='bbox 2946 3610 3072 3678; x_wconf 90' lang='lat' dir='ltr'><strong>quia</strong></span> <span class='ocrx_word' id='word_1_589' title='bbox 3099 3609 3385 3664; x_wconf 68' lang='lat' dir='ltr'><strong>homicida:</strong></span> <span class='ocrx_word' id='word_1_590' title='bbox 3407 3617 3557 3672; x_wconf 90' lang='lat' dir='ltr'><strong>sunt,</strong></span> <span class='ocrx_word' id='word_1_591' title='bbox 3585 3623 3697 3663; x_wconf 91' lang='lat' dir='ltr'><strong>non</strong></span> 
     </span>
    </p>
   </div>
   <div class='ocr_carea' id='block_1_80' title="bbox 2108 3700 3703 3770">
    <p class='ocr_par' dir='ltr' id='par_1_80' title="bbox 2108 3700 3703 3770">
     <span class='ocr_line' id='line_1_80' title="bbox 2108 3700 3703 3770; baseline 0 -15"><span class='ocrx_word' id='word_1_592' title='bbox 2108 3701 2280 3756; x_wconf 91' lang='lat' dir='ltr'><strong>multo</strong></span> <span class='ocrx_word' id='word_1_593' title='bbox 2317 3702 2490 3770; x_wconf 90' lang='lat' dir='ltr'><strong>magis</strong></span> <span class='ocrx_word' id='word_1_594' title='bbox 2524 3701 2838 3756; x_wconf 86' lang='lat' dir='ltr'><strong>debuissent</strong></span> <span class='ocrx_word' id='word_1_595' title='bbox 2871 3700 3217 3756; x_wconf 88' lang='lat' dir='ltr'><strong>interimere?</strong></span> <span class='ocrx_word' id='word_1_596' title='bbox 3248 3700 3358 3756; x_wconf 88' lang='lat' dir='ltr'><strong>Cur</strong></span> <span class='ocrx_word' id='word_1_597' title='bbox 3379 3701 3703 3770; x_wconf 84' lang='lat' dir='ltr'><strong>sanguinem</strong></span> 
     </span>
    </p>
   </div>
   <div class='ocr_carea' id='block_1_81' title="bbox 2108 3791 3703 3867">
    <p class='ocr_par' dir='ltr' id='par_1_81' title="bbox 2108 3791 3703 3867">
     <span class='ocr_line' id='line_1_81' title="bbox 2108 3791 3703 3867; baseline -0.004 -15"><span class='ocrx_word' id='word_1_598' title='bbox 2108 3795 2357 3867; x_wconf 87' lang='lat' dir='ltr'><strong>Magistri</strong></span> <span class='ocrx_word' id='word_1_599' title='bbox 2386 3796 2564 3851; x_wconf 90' lang='lat' dir='ltr'><strong>adhuc</strong></span> <span class='ocrx_word' id='word_1_600' title='bbox 2597 3795 2860 3851; x_wconf 88' lang='lat' dir='ltr'><strong>habentes</strong></span> <span class='ocrx_word' id='word_1_601' title='bbox 2907 3795 2960 3849; x_wconf 92' lang='lat' dir='ltr'><strong>in</strong></span> <span class='ocrx_word' id='word_1_602' title='bbox 3006 3794 3286 3860; x_wconf 91' lang='lat' dir='ltr'><strong>manibus,</strong></span> <span class='ocrx_word' id='word_1_603' title='bbox 3309 3794 3587 3863; x_wconf 90' lang='lat' dir='ltr'><strong>patiuntur</strong></span> <span class='ocrx_word' id='word_1_604' title='bbox 3615 3791 3703 3861; x_wconf 85' lang='lat' dir='ltr'><strong>pi-</strong></span> 
     </span>
    </p>
   </div>
   <div class='ocr_carea' id='block_1_82' title="bbox 2107 3887 3697 3955">
    <p class='ocr_par' dir='ltr' id='par_1_82' title="bbox 2107 3887 3697 3955">
     <span class='ocr_line' id='line_1_82' title="bbox 2107 3887 3697 3955; baseline -0.004 -9"><span class='ocrx_word' id='word_1_605' title='bbox 2107 3890 2399 3946; x_wconf 86' lang='lat' dir='ltr'><strong>scatores?</strong></span> <span class='ocrx_word' id='word_1_606' title='bbox 2447 3898 2504 3945; x_wconf 90' lang='lat' dir='ltr'><strong>et</strong></span> <span class='ocrx_word' id='word_1_607' title='bbox 2549 3897 2699 3944; x_wconf 89' lang='lat' dir='ltr'><strong>certe</strong></span> <span class='ocrx_word' id='word_1_608' title='bbox 2748 3904 2874 3944; x_wconf 91' lang='lat' dir='ltr'><strong>cum</strong></span> <span class='ocrx_word' id='word_1_609' title='bbox 2933 3889 3305 3944; x_wconf 87' lang='lat' dir='ltr'><strong>interficerent</strong></span> <span class='ocrx_word' id='word_1_610' title='bbox 3356 3887 3697 3955; x_wconf 83' lang='lat' dir='ltr'><strong>Magistrum,</strong></span> 
     </span>
    </p>
   </div>
   <div class='ocr_carea' id='block_1_83' title="bbox 2109 3978 3700 4050">
    <p class='ocr_par' dir='ltr' id='par_1_83' title="bbox 2109 3978 3700 4050">
     <span class='ocr_line' id='line_1_83' title="bbox 2109 3978 3700 4050; baseline -0.002 -14"><span class='ocrx_word' id='word_1_611' title='bbox 2109 3982 2211 4037; x_wconf 87' lang='lat' dir='ltr'><strong>nisi</strong></span> <span class='ocrx_word' id='word_1_612' title='bbox 2256 3990 2508 4050; x_wconf 87' lang='lat' dir='ltr'><strong>negasset</strong></span> <span class='ocrx_word' id='word_1_613' title='bbox 2551 3981 2742 4036; x_wconf 87' lang='lat' dir='ltr'><strong>Petrus</strong></span> <span class='ocrx_word' id='word_1_614' title='bbox 2780 3982 2979 4036; x_wconf 87' lang='lat' dir='ltr'><strong>fuisset</strong></span> <span class='ocrx_word' id='word_1_615' title='bbox 3019 3991 3284 4034; x_wconf 88' lang='lat' dir='ltr'><strong>mortuus.</strong></span> <span class='ocrx_word' id='word_1_616' title='bbox 3311 3978 3412 4046; x_wconf 93' lang='lat' dir='ltr'><strong>Qui</strong></span> <span class='ocrx_word' id='word_1_617' title='bbox 3440 3993 3573 4046; x_wconf 85' lang='lat' dir='ltr'><strong>ergo</strong></span> <span class='ocrx_word' id='word_1_618' title='bbox 3602 3994 3700 4033; x_wconf 85' lang='lat' dir='ltr'><strong>vo-</strong></span> 
     </span>
    </p>
   </div>
   <div class='ocr_carea' id='block_1_84' title="bbox 2108 4069 3699 4143">
    <p class='ocr_par' dir='ltr' id='par_1_84' title="bbox 2108 4069 3699 4143">
     <span class='ocr_line' id='line_1_84' title="bbox 2108 4069 3699 4143; baseline -0.002 -14"><span class='ocrx_word' id='word_1_619' title='bbox 2108 4075 2292 4134; x_wconf 82' lang='lat' dir='ltr'><strong>lebant</strong></span> <span class='ocrx_word' id='word_1_620' title='bbox 2315 4089 2436 4128; x_wconf 91' lang='lat' dir='ltr'><strong>eum</strong></span> <span class='ocrx_word' id='word_1_621' title='bbox 2464 4081 2757 4143; x_wconf 90' lang='lat' dir='ltr'><strong>antequam</strong></span> <span class='ocrx_word' id='word_1_622' title='bbox 2806 4082 3113 4128; x_wconf 84' lang='lat' dir='ltr'><strong>moreretur</strong></span> <span class='ocrx_word' id='word_1_623' title='bbox 3137 4071 3394 4142; x_wconf 82' lang='lat' dir='ltr'><strong>Magister</strong></span> <span class='ocrx_word' id='word_1_624' title='bbox 3421 4069 3699 4137; x_wconf 83' lang='lat' dir='ltr'><strong>oecidere,</strong></span> 
     </span>
    </p>
   </div>
   <div class='ocr_carea' id='block_1_85' title="bbox 2110 4162 3705 4236">
    <p class='ocr_par' dir='ltr' id='par_1_85' title="bbox 2110 4162 3705 4236">
     <span class='ocr_line' id='line_1_85' title="bbox 2110 4162 3705 4236; baseline -0.002 -16"><span class='ocrx_word' id='word_1_625' title='bbox 2110 4164 2569 4236; x_wconf 88' lang='lat' dir='ltr'><strong>quemadmodum</strong></span> <span class='ocrx_word' id='word_1_626' title='bbox 2598 4180 2720 4219; x_wconf 88' lang='lat' dir='ltr'><strong>eum</strong></span> <span class='ocrx_word' id='word_1_627' title='bbox 2771 4180 2877 4218; x_wconf 91' lang='lat' dir='ltr'><strong>non</strong></span> <span class='ocrx_word' id='word_1_628' title='bbox 2905 4163 3160 4218; x_wconf 90' lang='lat' dir='ltr'><strong>occidunt</strong></span> <span class='ocrx_word' id='word_1_629' title='bbox 3200 4175 3323 4233; x_wconf 92' lang='lat' dir='ltr'><strong>post</strong></span> <span class='ocrx_word' id='word_1_630' title='bbox 3349 4162 3586 4232; x_wconf 87' lang='lat' dir='ltr'><strong>Magistri</strong></span> <span class='ocrx_word' id='word_1_631' title='bbox 3622 4164 3705 4217; x_wconf 85' lang='lat' dir='ltr'><strong>in-</strong></span> 
     </span>
    </p>
   </div>
   <div class='ocr_carea' id='block_1_86' title="bbox 2111 4255 3702 4325">
    <p class='ocr_par' dir='ltr' id='par_1_86' title="bbox 2111 4255 3702 4325">
     <span class='ocr_line' id='line_1_86' title="bbox 2111 4255 3702 4325; baseline -0.003 -13"><span class='ocrx_word' id='word_1_632' title='bbox 2111 4258 2532 4313; x_wconf 87' lang='lat' dir='ltr'><strong>terfectionem?</strong></span> <span class='ocrx_word' id='word_1_633' title='bbox 2558 4255 3057 4325; x_wconf 84' lang='lat' dir='ltr'><strong>quemadmodum?</strong></span> <span class='ocrx_word' id='word_1_634' title='bbox 3095 4271 3214 4324; x_wconf 64' lang='lat' dir='ltr'><strong>quae</strong></span> <span class='ocrx_word' id='word_1_635' title='bbox 3244 4265 3328 4310; x_wconf 91' lang='lat' dir='ltr'><strong>est</strong></span> <span class='ocrx_word' id='word_1_636' title='bbox 3356 4255 3560 4310; x_wconf 88' lang='lat' dir='ltr'><strong>causa?</strong></span> <span class='ocrx_word' id='word_1_637' title='bbox 3599 4255 3702 4310; x_wconf 86' lang='lat' dir='ltr'><strong>sed</strong></span> 
     </span>
    </p>
   </div>
   <div class='ocr_carea' id='block_1_87' title="bbox 2111 4349 3706 4419">
    <p class='ocr_par' dir='ltr' id='par_1_87' title="bbox 2111 4349 3706 4419">
     <span class='ocr_line' id='line_1_87' title="bbox 2111 4349 3706 4419; baseline -0.003 -14"><span class='ocrx_word' id='word_1_638' title='bbox 2111 4352 2401 4406; x_wconf 91' lang='lat' dir='ltr'><strong>noluerunt</strong></span> <span class='ocrx_word' id='word_1_639' title='bbox 2449 4369 2462 4405; x_wconf 92' lang='lat'><strong>:</strong></span> <span class='ocrx_word' id='word_1_640' title='bbox 2517 4351 2721 4419; x_wconf 89' lang='lat' dir='ltr'><strong>etquis</strong></span> <span class='ocrx_word' id='word_1_641' title='bbox 2772 4357 2856 4404; x_wconf 90' lang='lat' dir='ltr'><strong>est</strong></span> <span class='ocrx_word' id='word_1_642' title='bbox 2889 4349 2978 4418; x_wconf 94' lang='lat' dir='ltr'><strong>qui</strong></span> <span class='ocrx_word' id='word_1_643' title='bbox 3029 4350 3296 4403; x_wconf 88' lang='lat' dir='ltr'><strong>convertit</strong></span> <span class='ocrx_word' id='word_1_644' title='bbox 3327 4364 3513 4403; x_wconf 90' lang='lat' dir='ltr'><strong>eorum</strong></span> <span class='ocrx_word' id='word_1_645' title='bbox 3548 4363 3706 4402; x_wconf 89' lang='lat' dir='ltr'><strong>men-</strong></span> 
     </span>
    </p>
   </div>
   <div class='ocr_carea' id='block_1_88' title="bbox 2113 4439 3704 4509">
    <p class='ocr_par' dir='ltr' id='par_1_88' title="bbox 2113 4439 3704 4509">
     <span class='ocr_line' id='line_1_88' title="bbox 2113 4439 3704 4509; baseline -0.004 -12"><span class='ocrx_word' id='word_1_646' title='bbox 2113 4444 2260 4499; x_wconf 85' lang='lat' dir='ltr'><strong>tem?</strong></span> <span class='ocrx_word' id='word_1_647' title='bbox 2310 4443 2417 4497; x_wconf 87' lang='lat' dir='ltr'><strong>Sed</strong></span> <span class='ocrx_word' id='word_1_648' title='bbox 2469 4443 2760 4496; x_wconf 86' lang='lat' dir='ltr'><strong>voluerunt</strong></span> <span class='ocrx_word' id='word_1_649' title='bbox 2807 4459 2821 4496; x_wconf 87' lang='lat'><strong><em>:</em></strong></span> <span class='ocrx_word' id='word_1_650' title='bbox 2870 4449 2924 4496; x_wconf 91' lang='lat' dir='ltr'><strong>et</strong></span> <span class='ocrx_word' id='word_1_651' title='bbox 2973 4443 3095 4508; x_wconf 90' lang='lat' dir='ltr'><strong>quis</strong></span> <span class='ocrx_word' id='word_1_652' title='bbox 3147 4448 3231 4495; x_wconf 88' lang='lat' dir='ltr'><strong>est</strong></span> <span class='ocrx_word' id='word_1_653' title='bbox 3279 4441 3369 4509; x_wconf 92' lang='lat' dir='ltr'><strong>qui</strong></span> <span class='ocrx_word' id='word_1_654' title='bbox 3419 4439 3704 4509; x_wconf 84' lang='lat' dir='ltr'><strong>prohibuit</strong></span> 
     </span>
    </p>
   </div>
   <div class='ocr_carea' id='block_1_89' title="bbox 2111 4535 3698 4607">
    <p class='ocr_par' dir='ltr' id='par_1_89' title="bbox 2111 4535 3698 4607">
     <span class='ocr_line' id='line_1_89' title="bbox 2111 4535 3698 4607; baseline -0.004 -15"><span class='ocrx_word' id='word_1_655' title='bbox 2111 4552 2298 4592; x_wconf 90' lang='lat' dir='ltr'><strong>eorum</strong></span> <span class='ocrx_word' id='word_1_656' title='bbox 2324 4535 2699 4607; x_wconf 90' lang='lat' dir='ltr'><strong>propositum?</strong></span> <span class='ocrx_word' id='word_1_657' title='bbox 2727 4535 2820 4589; x_wconf 89' lang='lat' dir='ltr'><strong>sed</strong></span> <span class='ocrx_word' id='word_1_658' title='bbox 2845 4535 3136 4588; x_wconf 89' lang='lat' dir='ltr'><strong>voluerunt</strong></span> <span class='ocrx_word' id='word_1_659' title='bbox 3157 4543 3212 4587; x_wconf 87' lang='lat' dir='ltr'><strong>et</strong></span> <span class='ocrx_word' id='word_1_660' title='bbox 3235 4549 3340 4588; x_wconf 89' lang='lat' dir='ltr'><strong>non</strong></span> <span class='ocrx_word' id='word_1_661' title='bbox 3370 4541 3698 4601; x_wconf 90' lang='lat' dir='ltr'><strong>potuerunt:</strong></span> 
     </span>
    </p>
   </div>
   <div class='ocr_carea' id='block_1_90' title="bbox 426 4622 3768 4701">
    <p class='ocr_par' dir='ltr' id='par_1_90' title="bbox 426 4622 3768 4701">
     <span class='ocr_line' id='line_1_90' title="bbox 426 4622 3768 4701; baseline 0.001 -27"><span class='ocrx_word' id='word_1_662' title='bbox 426 4637 562 4692; x_wconf 88' lang='lat' dir='ltr'><strong>quas</strong></span> <span class='ocrx_word' id='word_1_663' title='bbox 591 4637 693 4677; x_wconf 90' lang='lat' dir='ltr'><strong>non</strong></span> <span class='ocrx_word' id='word_1_664' title='bbox 730 4625 1050 4678; x_wconf 86' lang='lat' dir='ltr'><strong>didicerant.</strong></span> <span class='ocrx_word' id='word_1_665' title='bbox 1083 4622 1209 4679; x_wconf 67' lang='lat' dir='ltr'><strong>Haec</strong></span> <span class='ocrx_word' id='word_1_666' title='bbox 1243 4624 1526 4694; x_wconf 85' lang='lat' dir='ltr'><strong>Scriptura</strong></span> <span class='ocrx_word' id='word_1_667' title='bbox 1561 4625 1730 4689; x_wconf 86' lang='lat' dir='ltr'><strong>dicit;</strong></span> <span class='ocrx_word' id='word_1_668' title='bbox 1770 4626 1862 4693; x_wconf 92' lang='lat' dir='ltr'><strong>qui</strong></span> <span class='ocrx_word' id='word_1_669' title='bbox 1893 4626 2006 4678; x_wconf 91' lang='lat' dir='ltr'><strong>vult</strong></span> <span class='ocrx_word' id='word_1_670' title='bbox 2038 4647 2082 4701; x_wconf 79' lang='grc' dir='ltr'><strong>ι)</strong></span> <span class='ocrx_word' id='word_1_671' title='bbox 2113 4629 2318 4698; x_wconf 85' lang='lat' dir='ltr'><strong>etquis</strong></span> <span class='ocrx_word' id='word_1_672' title='bbox 2363 4638 2447 4684; x_wconf 91' lang='lat' dir='ltr'><strong>est</strong></span> <span class='ocrx_word' id='word_1_673' title='bbox 2479 4629 2568 4698; x_wconf 93' lang='lat' dir='ltr'><strong>qui</strong></span> <span class='ocrx_word' id='word_1_674' title='bbox 2609 4627 2885 4697; x_wconf 90' lang='lat' dir='ltr'><strong>superavit</strong></span> <span class='ocrx_word' id='word_1_675' title='bbox 2918 4641 3106 4681; x_wconf 91' lang='lat' dir='ltr'><strong>eorum</strong></span> <span class='ocrx_word' id='word_1_676' title='bbox 3159 4625 3465 4680; x_wconf 90' lang='lat' dir='ltr'><strong>malitiam?</strong></span> <span class='ocrx_word' id='word_1_677' title='bbox 3508 4639 3704 4694; x_wconf 85' lang='lat' dir='ltr'><strong>quem-</strong></span> <span class='ocrx_word' id='word_1_678' title='bbox 3755 4655 3768 4662; x_wconf 87' lang='lat'>-</span> 
     </span>
    </p>
   </div>
   <div class='ocr_carea' id='block_1_91' title="bbox 427 4714 2007 4785">
    <p class='ocr_par' dir='ltr' id='par_1_91' title="bbox 427 4714 2007 4785">
     <span class='ocr_line' id='line_1_91' title="bbox 427 4714 2007 4785; baseline 0.002 -18"><span class='ocrx_word' id='word_1_679' title='bbox 427 4714 745 4784; x_wconf 87' lang='lat' dir='ltr'><strong>interroget.</strong></span> <span class='ocrx_word' id='word_1_680' title='bbox 799 4714 854 4768; x_wconf 90' lang='lat' dir='ltr'><strong>Si</strong></span> <span class='ocrx_word' id='word_1_681' title='bbox 902 4731 1008 4770; x_wconf 92' lang='lat' dir='ltr'><strong>non</strong></span> <span class='ocrx_word' id='word_1_682' title='bbox 1040 4726 1126 4770; x_wconf 93' lang='lat' dir='ltr'><strong>cst</strong></span> <span class='ocrx_word' id='word_1_683' title='bbox 1167 4718 1389 4781; x_wconf 87' lang='lat' dir='ltr'><strong>factum,</strong></span> <span class='ocrx_word' id='word_1_684' title='bbox 1420 4718 1692 4785; x_wconf 90' lang='lat' dir='ltr'><strong>quomodo</strong></span> <span class='ocrx_word' id='word_1_685' title='bbox 1721 4717 2007 4771; x_wconf 90' lang='lat' dir='ltr'><strong>audierunt</strong></span> 
     </span>
    </p>
   </div>
   <div class='ocr_carea' id='block_1_92' title="bbox 425 4806 2004 4879">
    <p class='ocr_par' dir='ltr' id='par_1_92' title="bbox 425 4806 2004 4879">
     <span class='ocr_line' id='line_1_92' title="bbox 425 4806 2004 4879; baseline 0.001 -19"><span class='ocrx_word' id='word_1_686' title='bbox 425 4807 660 4875; x_wconf 86' lang='lat' dir='ltr'><strong>gentes?</strong></span> <span class='ocrx_word' id='word_1_687' title='bbox 691 4806 796 4860; x_wconf 87' lang='lat' dir='ltr'><strong>Sed</strong></span> <span class='ocrx_word' id='word_1_688' title='bbox 827 4810 1116 4862; x_wconf 91' lang='lat' dir='ltr'><strong>audierunt</strong></span> <span class='ocrx_word' id='word_1_689' title='bbox 1144 4820 1356 4879; x_wconf 88' lang='lat' dir='ltr'><strong>gentes.</strong></span> <span class='ocrx_word' id='word_1_690' title='bbox 1389 4810 1531 4876; x_wconf 80' lang='lat' dir='ltr'><strong>Ergo</strong></span> <span class='ocrx_word' id='word_1_691' title='bbox 1565 4811 1708 4879; x_wconf 89' lang='lat' dir='ltr'><strong>quod</strong></span> <span class='ocrx_word' id='word_1_692' title='bbox 1741 4810 2004 4879; x_wconf 90' lang='lat' dir='ltr'><strong>scriptum</strong></span> 
     </span>
    </p>
   </div>
   <div class='ocr_carea' id='block_1_93' title="bbox 423 4899 1997 4972">
    <p class='ocr_par' dir='ltr' id='par_1_93' title="bbox 423 4899 1997 4972">
     <span class='ocr_line' id='line_1_93' title="bbox 423 4899 1997 4972; baseline 0.003 -20"><span class='ocrx_word' id='word_1_693' title='bbox 423 4908 529 4964; x_wconf 86' lang='lat' dir='ltr'><strong>est,</strong></span> <span class='ocrx_word' id='word_1_694' title='bbox 566 4899 768 4954; x_wconf 79' lang='lat' dir='ltr'><strong>factum</strong></span> <span class='ocrx_word' id='word_1_695' title='bbox 800 4909 904 4954; x_wconf 90' lang='lat' dir='ltr'><strong>est.</strong></span> <span class='ocrx_word' id='word_1_696' title='bbox 931 4899 1061 4967; x_wconf 90' lang='lat' dir='ltr'><strong>Quis</strong></span> <span class='ocrx_word' id='word_1_697' title='bbox 1095 4911 1177 4956; x_wconf 88' lang='lat' dir='ltr'><strong>est</strong></span> <span class='ocrx_word' id='word_1_698' title='bbox 1206 4903 1299 4972; x_wconf 90' lang='lat' dir='ltr'><strong>qui</strong></span> <span class='ocrx_word' id='word_1_699' title='bbox 1338 4903 1597 4956; x_wconf 89' lang='lat' dir='ltr'><strong>donavit?</strong></span> <span class='ocrx_word' id='word_1_700' title='bbox 1625 4903 1716 4971; x_wconf 91' lang='lat' dir='ltr'><strong>qui</strong></span> <span class='ocrx_word' id='word_1_701' title='bbox 1751 4913 1997 4956; x_wconf 91' lang='lat' dir='ltr'><strong>mortuus</strong></span> 
     </span>
    </p>
   </div>
   <div class='ocr_carea' id='block_1_94' title="bbox 428 4991 2011 5064">
    <p class='ocr_par' dir='ltr' id='par_1_94' title="bbox 428 4991 2011 5064">
     <span class='ocr_line' id='line_1_94' title="bbox 428 4991 2011 5064; baseline 0.003 -22"><span class='ocrx_word' id='word_1_702' title='bbox 428 4999 552 5056; x_wconf 81' lang='lat' dir='ltr'><strong>est;</strong></span> <span class='ocrx_word' id='word_1_703' title='bbox 610 4991 908 5059; x_wconf 89' lang='lat' dir='ltr'><strong>etquidem</strong></span> <span class='ocrx_word' id='word_1_704' title='bbox 951 5002 1248 5064; x_wconf 86' lang='lat' dir='ltr'><strong>antequam</strong></span> <span class='ocrx_word' id='word_1_705' title='bbox 1286 5005 1586 5064; x_wconf 89' lang='lat' dir='ltr'><strong>pateretur,</strong></span> <span class='ocrx_word' id='word_1_706' title='bbox 1636 5010 1739 5049; x_wconf 91' lang='lat' dir='ltr'><strong>non</strong></span> <span class='ocrx_word' id='word_1_707' title='bbox 1788 4994 2011 5049; x_wconf 83' lang='lat' dir='ltr'><strong>donavit</strong></span> 
     </span>
    </p>
   </div>
   <div class='ocr_carea' id='block_1_95' title="bbox 430 5081 2012 5157">
    <p class='ocr_par' dir='ltr' id='par_1_95' title="bbox 430 5081 2012 5157">
     <span class='ocr_line' id='line_1_95' title="bbox 430 5081 2012 5157; baseline 0.006 -24"><span class='ocrx_word' id='word_1_708' title='bbox 430 5081 689 5150; x_wconf 88' lang='lat' dir='ltr'><strong>linguam.</strong></span> <span class='ocrx_word' id='word_1_709' title='bbox 718 5083 871 5151; x_wconf 87' lang='lat' dir='ltr'><strong>Quod</strong></span> <span class='ocrx_word' id='word_1_710' title='bbox 902 5101 1033 5155; x_wconf 78' lang='lat' dir='ltr'><strong>ergo</strong></span> <span class='ocrx_word' id='word_1_711' title='bbox 1062 5102 1166 5141; x_wconf 91' lang='lat' dir='ltr'><strong>non</strong></span> <span class='ocrx_word' id='word_1_712' title='bbox 1203 5087 1426 5141; x_wconf 87' lang='lat' dir='ltr'><strong>donavit</strong></span> <span class='ocrx_word' id='word_1_713' title='bbox 1474 5099 1764 5157; x_wconf 88' lang='lat' dir='ltr'><strong>antequam</strong></span> <span class='ocrx_word' id='word_1_714' title='bbox 1796 5096 2012 5156; x_wconf 90' lang='lat' dir='ltr'><strong>patere-</strong></span> 
     </span>
    </p>
   </div>
   <div class='ocr_carea' id='block_1_96' title="bbox 429 5178 2008 5250">
    <p class='ocr_par' dir='ltr' id='par_1_96' title="bbox 429 5178 2008 5250">
     <span class='ocr_line' id='line_1_96' title="bbox 429 5178 2008 5250; baseline 0.005 -24"><span class='ocrx_word' id='word_1_715' title='bbox 429 5183 539 5240; x_wconf 89' lang='lat' dir='ltr'><strong>tur,</strong></span> <span class='ocrx_word' id='word_1_716' title='bbox 574 5178 1032 5245; x_wconf 83' lang='lat' dir='ltr'><strong>quemadmodum</strong></span> <span class='ocrx_word' id='word_1_717' title='bbox 1079 5180 1247 5233; x_wconf 88' lang='lat' dir='ltr'><strong>donat</strong></span> <span class='ocrx_word' id='word_1_718' title='bbox 1291 5191 1555 5246; x_wconf 85' lang='lat' dir='ltr'><strong>mortuus,</strong></span> <span class='ocrx_word' id='word_1_719' title='bbox 1604 5181 1705 5236; x_wconf 92' lang='lat' dir='ltr'><strong>nisi</strong></span> <span class='ocrx_word' id='word_1_720' title='bbox 1742 5181 1870 5250; x_wconf 91' lang='lat' dir='ltr'><strong>quia</strong></span> <span class='ocrx_word' id='word_1_721' title='bbox 1921 5195 2008 5234; x_wconf 89' lang='lat' dir='ltr'><strong>re-</strong></span> 
     </span>
    </p>
   </div>
   <div class='ocr_carea' id='block_1_97' title="bbox 428 5269 2006 5334">
    <p class='ocr_par' dir='ltr' id='par_1_97' title="bbox 428 5269 2006 5334">
     <span class='ocr_line' id='line_1_97' title="bbox 428 5269 2006 5334; baseline 0.006 -16"><span class='ocrx_word' id='word_1_722' title='bbox 428 5269 708 5323; x_wconf 74' lang='lat' dir='ltr'><strong>surrexit?</strong></span> <span class='ocrx_word' id='word_1_723' title='bbox 756 5269 862 5325; x_wconf 88' lang='lat' dir='ltr'><strong>Sed</strong></span> <span class='ocrx_word' id='word_1_724' title='bbox 914 5288 1016 5326; x_wconf 89' lang='lat' dir='ltr'><strong>non</strong></span> <span class='ocrx_word' id='word_1_725' title='bbox 1072 5273 1311 5334; x_wconf 86' lang='lat' dir='ltr'><strong>donavit,</strong></span> <span class='ocrx_word' id='word_1_726' title='bbox 1367 5288 1464 5326; x_wconf 88' lang='lat' dir='ltr'><strong>nec</strong></span> <span class='ocrx_word' id='word_1_727' title='bbox 1520 5289 1645 5328; x_wconf 88' lang='lat' dir='ltr'><strong>vera</strong></span> <span class='ocrx_word' id='word_1_728' title='bbox 1694 5273 1821 5327; x_wconf 85' lang='lat' dir='ltr'><strong>dicit</strong></span> <span class='ocrx_word' id='word_1_729' title='bbox 1858 5273 2006 5327; x_wconf 82' lang='lat' dir='ltr'><strong>Scri-</strong></span> 
     </span>
    </p>
   </div>
   <div class='ocr_carea' id='block_1_98' title="bbox 431 5365 2006 5440">
    <p class='ocr_par' dir='ltr' id='par_1_98' title="bbox 431 5365 2006 5440">
     <span class='ocr_line' id='line_1_98' title="bbox 431 5365 2006 5440; baseline 0.001 -20"><span class='ocrx_word' id='word_1_730' title='bbox 431 5375 608 5430; x_wconf 75' lang='lat' dir='ltr'><strong>ptura.</strong></span> <span class='ocrx_word' id='word_1_731' title='bbox 635 5365 912 5431; x_wconf 81' lang='lat' dir='ltr'><strong>Quomodo</strong></span> <span class='ocrx_word' id='word_1_732' title='bbox 943 5370 1056 5421; x_wconf 85' lang='lat' dir='ltr'><strong>ausi</strong></span> <span class='ocrx_word' id='word_1_733' title='bbox 1077 5380 1201 5423; x_wconf 90' lang='lat' dir='ltr'><strong>sunt</strong></span> <span class='ocrx_word' id='word_1_734' title='bbox 1236 5371 1464 5439; x_wconf 84' lang='lat' dir='ltr'><strong>apostoli</strong></span> <span class='ocrx_word' id='word_1_735' title='bbox 1493 5371 1642 5424; x_wconf 75' lang='lat' dir='ltr'><strong>exire</strong></span> <span class='ocrx_word' id='word_1_736' title='bbox 1675 5371 1740 5423; x_wconf 87' lang='lat' dir='ltr'><strong>ad</strong></span> <span class='ocrx_word' id='word_1_737' title='bbox 1773 5370 2006 5440; x_wconf 85' lang='lat' dir='ltr'><strong>gentes?</strong></span> 
     </span>
    </p>
   </div>
   <div class='ocr_carea' id='block_1_99' title="bbox 498 5499 1434 5569">
    <p class='ocr_par' dir='ltr' id='par_1_99' title="bbox 498 5499 1434 5569">
     <span class='ocr_line' id='line_1_99' title="bbox 498 5499 1434 5569; baseline 0.001 -12"><span class='ocrx_word' id='word_1_738' title='bbox 498 5501 546 5532; x_wconf 73' lang='lat'><strong>”</strong></span> <span class='ocrx_word' id='word_1_739' title='bbox 579 5499 755 5557; x_wconf 70' lang='lat' dir='ltr'><strong>Judic.</strong></span> <span class='ocrx_word' id='word_1_740' title='bbox 790 5521 888 5567; x_wconf 81' lang='lat' dir='ltr'><strong>xu,</strong></span> <span class='ocrx_word' id='word_1_741' title='bbox 922 5505 976 5560; x_wconf 88' lang='lat'><strong>6.</strong></span> <span class='ocrx_word' id='word_1_742' title='bbox 1066 5507 1111 5537; x_wconf 72' lang='grc'><strong>⁸⁸</strong></span> <span class='ocrx_word' id='word_1_743' title='bbox 1137 5509 1256 5561; x_wconf 87' lang='lat' dir='ltr'><strong>Act.</strong></span> <span class='ocrx_word' id='word_1_744' title='bbox 1289 5523 1347 5569; x_wconf 86' lang='lat' dir='ltr'><strong>ll,</strong></span> <span class='ocrx_word' id='word_1_745' title='bbox 1387 5509 1434 5558; x_wconf 88' lang='lat' dir='ltr'><strong>l.</strong></span> 
     </span>
    </p>
   </div>
   <div class='ocr_carea' id='block_1_100' title="bbox 504 5658 1385 5729">
    <p class='ocr_par' dir='ltr' id='par_1_100' title="bbox 504 5658 1385 5729">
     <span class='ocr_line' id='line_1_100' title="bbox 504 5658 1385 5729; baseline 0.012 -23"><span class='ocrx_word' id='word_1_746' title='bbox 504 5658 619 5729; x_wconf 54' lang='grc'><strong>(34)</strong></span> <span class='ocrx_word' id='word_1_747' title='bbox 649 5658 746 5729; x_wconf 73' lang='lat' dir='ltr'><strong>Ms.</strong></span> <span class='ocrx_word' id='word_1_748' title='bbox 782 5659 1042 5718; x_wconf 76' lang='lat' dir='ltr'><strong>Naturale</strong></span> <span class='ocrx_word' id='word_1_749' title='bbox 1066 5675 1140 5714; x_wconf 86' lang='lat' dir='ltr'><strong>est</strong></span> <span class='ocrx_word' id='word_1_750' title='bbox 1171 5665 1385 5729; x_wconf 71' lang='lat' dir='ltr'><strong>linqua’.</strong></span> 
     </span>
    </p>
   </div>
   <div class='ocr_carea' id='block_1_101' title="bbox 437 5727 2005 5845">
    <p class='ocr_par' dir='ltr' id='par_1_101' title="bbox 437 5727 2005 5845">
     <span class='ocr_line' id='line_1_101' title="bbox 437 5727 2005 5845; baseline 0.004 -68"><span class='ocrx_word' id='word_1_751' title='bbox 437 5794 455 5845; x_wconf 62' lang='grc' dir='ltr'><em>ι</em></span> <span class='ocrx_word' id='word_1_752' title='bbox 509 5727 622 5806; x_wconf 50' lang='lat'>(833&#39;)</span> <span class='ocrx_word' id='word_1_753' title='bbox 659 5727 754 5780; x_wconf 81' lang='lat' dir='ltr'><strong>Ms.</strong></span> <span class='ocrx_word' id='word_1_754' title='bbox 793 5732 1104 5795; x_wconf 71' lang='grc' dir='ltr'><strong>ρυειηάαηι,</strong></span> <span class='ocrx_word' id='word_1_755' title='bbox 1145 5727 1297 5800; x_wconf 80' lang='lat' dir='ltr'><strong>quem</strong></span> <span class='ocrx_word' id='word_1_756' title='bbox 1339 5750 1442 5784; x_wconf 83' lang='lat' dir='ltr'><strong>non</strong></span> <span class='ocrx_word' id='word_1_757' title='bbox 1475 5741 1714 5800; x_wconf 79' lang='lat' dir='ltr'><strong>poterant</strong></span> <span class='ocrx_word' id='word_1_758' title='bbox 1763 5743 1897 5784; x_wconf 78' lang='lat' dir='ltr'><strong>recte</strong></span> <span class='ocrx_word' id='word_1_759' title='bbox 1931 5731 2005 5784; x_wconf 82' lang='lat' dir='ltr'><strong>ita</strong></span> 
     </span>
     <span class='ocr_line' id='line_1_102' title="bbox 459 5812 601 5845; baseline 0 0"><span class='ocrx_word' id='word_1_760' title='bbox 459 5812 601 5845; x_wconf 75' lang='lat' dir='ltr'><strong>aaut.</strong></span> 
     </span>
    </p>
   </div>
   <div class='ocr_carea' id='block_1_102' title="bbox 459 5812 1522 5932">
    <p class='ocr_par' dir='ltr' id='par_1_102' title="bbox 459 5812 1522 5932">
     <span class='ocr_line' id='line_1_103' title="bbox 459 5812 1522 5932; baseline 0.008 -21"><span class='ocrx_word' id='word_1_761' title='bbox 459 5812 623 5932; x_wconf 40' lang='lat'><strong>01:16)</strong></span> <span class='ocrx_word' id='word_1_762' title='bbox 779 5863 1008 5916; x_wconf 67' lang='lat' dir='ltr'><strong>Judcris.</strong></span> <span class='ocrx_word' id='word_1_763' title='bbox 1037 5866 1198 5917; x_wconf 78' lang='lat' dir='ltr'><strong>Forte</strong></span> <span class='ocrx_word' id='word_1_764' title='bbox 1226 5879 1274 5918; x_wconf 85' lang='lat' dir='ltr'><strong>et</strong></span> <span class='ocrx_word' id='word_1_765' title='bbox 1297 5868 1522 5921; x_wconf 56' lang='lat' dir='ltr'><strong>Judazis.</strong></span> 
     </span>
    </p>
   </div>
   <div class='ocr_carea' id='block_1_103' title="bbox 513 5931 2007 5996">
    <p class='ocr_par' dir='ltr' id='par_1_103' title="bbox 513 5931 2007 5996">
     <span class='ocr_line' id='line_1_104' title="bbox 513 5931 2007 5996; baseline 0.003 -10"><span class='ocrx_word' id='word_1_766' title='bbox 513 5933 626 5996; x_wconf 81' lang='lat'>(87)</span> <span class='ocrx_word' id='word_1_767' title='bbox 658 5931 938 5989; x_wconf 75' lang='lat' dir='ltr'><strong>Sus-citavit</strong></span> <span class='ocrx_word' id='word_1_768' title='bbox 977 5951 1086 5990; x_wconf 81' lang='lat' dir='ltr'><strong>nos.</strong></span> <span class='ocrx_word' id='word_1_769' title='bbox 1120 5937 1373 5991; x_wconf 64' lang='lat' dir='ltr'><strong>Fortasse</strong></span> <span class='ocrx_word' id='word_1_770' title='bbox 1421 5941 1619 5992; x_wconf 66' lang='lat' dir='ltr'><strong>dicebat</strong></span> <span class='ocrx_word' id='word_1_771' title='bbox 1676 5939 1800 5995; x_wconf 84' lang='lat' dir='ltr'><strong>auia</strong></span> <span class='ocrx_word' id='word_1_772' title='bbox 1846 5939 2007 5992; x_wconf 74' lang='lat' dir='ltr'><strong>susci-</strong></span> 
     </span>
    </p>
   </div>
   <div class='ocr_carea' id='block_1_104' title="bbox 2117 4716 3697 4790">
    <p class='ocr_par' dir='ltr' id='par_1_104' title="bbox 2117 4716 3697 4790">
     <span class='ocr_line' id='line_1_105' title="bbox 2117 4716 3697 4790; baseline -0.004 -14"><span class='ocrx_word' id='word_1_773' title='bbox 2117 4723 2408 4776; x_wconf 87' lang='lat' dir='ltr'><strong>admodum</strong></span> <span class='ocrx_word' id='word_1_774' title='bbox 2435 4721 2672 4790; x_wconf 86' lang='lat' dir='ltr'><strong>superati</strong></span> <span class='ocrx_word' id='word_1_775' title='bbox 2705 4720 2865 4774; x_wconf 85' lang='lat' dir='ltr'><strong>sunt?</strong></span> <span class='ocrx_word' id='word_1_776' title='bbox 2887 4719 2932 4772; x_wconf 93' lang='lat' dir='ltr'><strong>si</strong></span> <span class='ocrx_word' id='word_1_777' title='bbox 2964 4733 3068 4772; x_wconf 88' lang='lat' dir='ltr'><strong>non</strong></span> <span class='ocrx_word' id='word_1_778' title='bbox 3097 4726 3180 4772; x_wconf 89' lang='lat' dir='ltr'><strong>est</strong></span> <span class='ocrx_word' id='word_1_779' title='bbox 3215 4716 3355 4772; x_wconf 89' lang='lat' dir='ltr'><strong>facta</strong></span> <span class='ocrx_word' id='word_1_780' title='bbox 3386 4718 3697 4783; x_wconf 89' lang='lat' dir='ltr'><strong>admiratio,</strong></span> 
     </span>
    </p>
   </div>
   <div class='ocr_carea' id='block_1_105' title="bbox 2115 4809 3694 4884">
    <p class='ocr_par' dir='ltr' id='par_1_105' title="bbox 2115 4809 3694 4884">
     <span class='ocr_line' id='line_1_106' title="bbox 2115 4809 3694 4884; baseline -0.004 -17"><span class='ocrx_word' id='word_1_781' title='bbox 2115 4815 2390 4884; x_wconf 89' lang='lat' dir='ltr'><strong>quomodo</strong></span> <span class='ocrx_word' id='word_1_782' title='bbox 2427 4814 2653 4868; x_wconf 91' lang='lat' dir='ltr'><strong>vincunt</strong></span> <span class='ocrx_word' id='word_1_783' title='bbox 2676 4810 3014 4881; x_wconf 89' lang='lat' dir='ltr'><strong>piscatores?</strong></span> <span class='ocrx_word' id='word_1_784' title='bbox 3055 4809 3194 4865; x_wconf 86' lang='lat' dir='ltr'><strong>Ecce</strong></span> <span class='ocrx_word' id='word_1_785' title='bbox 3243 4810 3344 4862; x_wconf 90' lang='lat' dir='ltr'><strong>alia</strong></span> <span class='ocrx_word' id='word_1_786' title='bbox 3382 4809 3694 4873; x_wconf 90' lang='lat' dir='ltr'><strong>admiratio,</strong></span> 
     </span>
    </p>
   </div>
   <div class='ocr_carea' id='block_1_106' title="bbox 2111 4899 3699 4962">
    <p class='ocr_par' dir='ltr' id='par_1_106' title="bbox 2111 4899 3699 4962">
     <span class='ocr_line' id='line_1_107' title="bbox 2111 4899 3699 4962; baseline -0.006 0"><span class='ocrx_word' id='word_1_787' title='bbox 2111 4909 2154 4962; x_wconf 91' lang='lat' dir='ltr'><strong>si</strong></span> <span class='ocrx_word' id='word_1_788' title='bbox 2191 4906 2333 4961; x_wconf 89' lang='lat' dir='ltr'><strong>nulla</strong></span> <span class='ocrx_word' id='word_1_789' title='bbox 2357 4905 2715 4960; x_wconf 89' lang='lat' dir='ltr'><strong>admiratione</strong></span> <span class='ocrx_word' id='word_1_790' title='bbox 2746 4905 2987 4958; x_wconf 90' lang='lat' dir='ltr'><strong>vincunt.</strong></span> <span class='ocrx_word' id='word_1_791' title='bbox 3028 4903 3094 4956; x_wconf 87' lang='lat' dir='ltr'><strong>Et</strong></span> <span class='ocrx_word' id='word_1_792' title='bbox 3126 4912 3274 4956; x_wconf 89' lang='lat' dir='ltr'><strong>certe</strong></span> <span class='ocrx_word' id='word_1_793' title='bbox 3307 4901 3492 4954; x_wconf 89' lang='lat' dir='ltr'><strong>volunt</strong></span> <span class='ocrx_word' id='word_1_794' title='bbox 3525 4899 3699 4954; x_wconf 61' lang='lat' dir='ltr'><strong>Judaﬁ</strong></span> 
     </span>
    </p>
   </div>
   <div class='ocr_carea' id='block_1_107' title="bbox 2111 4991 3700 5060">
    <p class='ocr_par' dir='ltr' id='par_1_107' title="bbox 2111 4991 3700 5060">
     <span class='ocr_line' id='line_1_108' title="bbox 2111 4991 3700 5060; baseline -0.006 -6"><span class='ocrx_word' id='word_1_795' title='bbox 2111 4999 2381 5060; x_wconf 87' lang='lat' dir='ltr'><strong>occidere,</strong></span> <span class='ocrx_word' id='word_1_796' title='bbox 2421 5005 2476 5052; x_wconf 89' lang='lat' dir='ltr'><strong>et</strong></span> <span class='ocrx_word' id='word_1_797' title='bbox 2499 4997 2752 5052; x_wconf 85' lang='lat' dir='ltr'><strong>concedit</strong></span> <span class='ocrx_word' id='word_1_798' title='bbox 2783 4996 3037 5049; x_wconf 91' lang='lat' dir='ltr'><strong>Dominus</strong></span> <span class='ocrx_word' id='word_1_799' title='bbox 3057 4994 3137 5049; x_wconf 91' lang='lat' dir='ltr'><strong>eis</strong></span> <span class='ocrx_word' id='word_1_800' title='bbox 3168 5005 3226 5049; x_wconf 93' lang='lat' dir='ltr'><strong>ut</strong></span> <span class='ocrx_word' id='word_1_801' title='bbox 3249 4993 3518 5048; x_wconf 90' lang='lat' dir='ltr'><strong>occidant.</strong></span> <span class='ocrx_word' id='word_1_802' title='bbox 3550 4991 3700 5047; x_wconf 88' lang='lat' dir='ltr'><strong>Mar-</strong></span> 
     </span>
    </p>
   </div>
   <div class='ocr_carea' id='block_1_108' title="bbox 2112 5087 3699 5160">
    <p class='ocr_par' dir='ltr' id='par_1_108' title="bbox 2112 5087 3699 5160">
     <span class='ocr_line' id='line_1_109' title="bbox 2112 5087 3699 5160; baseline -0.002 -16"><span class='ocrx_word' id='word_1_803' title='bbox 2112 5089 2309 5160; x_wconf 91' lang='lat' dir='ltr'><strong>tyrium</strong></span> <span class='ocrx_word' id='word_1_804' title='bbox 2345 5089 2528 5158; x_wconf 85' lang='lat' dir='ltr'><strong>itaque</strong></span> <span class='ocrx_word' id='word_1_805' title='bbox 2563 5089 2684 5143; x_wconf 84' lang='lat' dir='ltr'><strong>tulit</strong></span> <span class='ocrx_word' id='word_1_806' title='bbox 2731 5089 3062 5157; x_wconf 85' lang='lat' dir='ltr'><strong>Stephanus.</strong></span> <span class='ocrx_word' id='word_1_807' title='bbox 3095 5087 3377 5154; x_wconf 91' lang='lat' dir='ltr'><strong>Quomodo</strong></span> <span class='ocrx_word' id='word_1_808' title='bbox 3405 5102 3536 5157; x_wconf 88' lang='lat' dir='ltr'><strong>ergo</strong></span> <span class='ocrx_word' id='word_1_809' title='bbox 3571 5087 3699 5141; x_wconf 84' lang='lat' dir='ltr'><strong>Ste-</strong></span> 
     </span>
    </p>
   </div>
   <div class='ocr_carea' id='block_1_109' title="bbox 2117 5176 3702 5250">
    <p class='ocr_par' dir='ltr' id='par_1_109' title="bbox 2117 5176 3702 5250">
     <span class='ocr_line' id='line_1_110' title="bbox 2117 5176 3702 5250; baseline -0.002 -18"><span class='ocrx_word' id='word_1_810' title='bbox 2117 5184 2330 5250; x_wconf 80' lang='lat' dir='ltr'><strong>phanus</strong></span> <span class='ocrx_word' id='word_1_811' title='bbox 2360 5179 2579 5249; x_wconf 89' lang='lat' dir='ltr'><strong>quidem</strong></span> <span class='ocrx_word' id='word_1_812' title='bbox 2615 5181 2682 5233; x_wconf 89' lang='lat' dir='ltr'><strong>ab</strong></span> <span class='ocrx_word' id='word_1_813' title='bbox 2725 5179 2844 5234; x_wconf 89' lang='lat' dir='ltr'><strong>istis</strong></span> <span class='ocrx_word' id='word_1_814' title='bbox 2881 5179 3180 5233; x_wconf 87' lang='lat' dir='ltr'><strong>occiditur?</strong></span> <span class='ocrx_word' id='word_1_815' title='bbox 3225 5176 3364 5232; x_wconf 89' lang='lat' dir='ltr'><strong>Utile</strong></span> <span class='ocrx_word' id='word_1_816' title='bbox 3399 5178 3544 5231; x_wconf 89' lang='lat' dir='ltr'><strong>enim</strong></span> <span class='ocrx_word' id='word_1_817' title='bbox 3575 5184 3702 5230; x_wconf 90' lang='lat' dir='ltr'><strong>erat</strong></span> 
     </span>
    </p>
   </div>
   <div class='ocr_carea' id='block_1_110' title="bbox 2113 5271 3702 5344">
    <p class='ocr_par' dir='ltr' id='par_1_110' title="bbox 2113 5271 3702 5344">
     <span class='ocr_line' id='line_1_111' title="bbox 2113 5271 3702 5344; baseline -0.003 -16"><span class='ocrx_word' id='word_1_818' title='bbox 2113 5275 2231 5341; x_wconf 79' lang='lat' dir='ltr'><strong>ejus</strong></span> <span class='ocrx_word' id='word_1_819' title='bbox 2261 5273 2605 5344; x_wconf 90' lang='lat' dir='ltr'><strong>martyrium,</strong></span> <span class='ocrx_word' id='word_1_820' title='bbox 2640 5282 2697 5326; x_wconf 92' lang='lat' dir='ltr'><strong>ut</strong></span> <span class='ocrx_word' id='word_1_821' title='bbox 2722 5271 3034 5326; x_wconf 81' lang='lat' dir='ltr'><strong>firmaretur</strong></span> <span class='ocrx_word' id='word_1_822' title='bbox 3063 5287 3159 5340; x_wconf 90' lang='lat' dir='ltr'><strong>per</strong></span> <span class='ocrx_word' id='word_1_823' title='bbox 3193 5280 3419 5325; x_wconf 92' lang='lat' dir='ltr'><strong>mortem</strong></span> <span class='ocrx_word' id='word_1_824' title='bbox 3454 5283 3702 5324; x_wconf 87' lang='lat' dir='ltr'><strong>resurre-</strong></span> 
     </span>
    </p>
   </div>
   <div class='ocr_carea' id='block_1_111' title="bbox 2113 5358 3695 5434">
    <p class='ocr_par' dir='ltr' id='par_1_111' title="bbox 2113 5358 3695 5434">
     <span class='ocr_line' id='line_1_112' title="bbox 2113 5358 3695 5434; baseline -0.003 -13"><span class='ocrx_word' id='word_1_825' title='bbox 2113 5371 2220 5422; x_wconf 92' lang='lat' dir='ltr'><strong>ctio</strong></span> <span class='ocrx_word' id='word_1_826' title='bbox 2251 5386 2264 5422; x_wconf 93' lang='lat'><strong>:</strong></span> <span class='ocrx_word' id='word_1_827' title='bbox 2295 5377 2352 5422; x_wconf 92' lang='lat' dir='ltr'><strong>et</strong></span> <span class='ocrx_word' id='word_1_828' title='bbox 2391 5370 2576 5422; x_wconf 67' lang='lat' dir='ltr'><strong>caeteri</strong></span> <span class='ocrx_word' id='word_1_829' title='bbox 2611 5381 2718 5420; x_wconf 89' lang='lat' dir='ltr'><strong>non</strong></span> <span class='ocrx_word' id='word_1_830' title='bbox 2751 5366 3112 5434; x_wconf 90' lang='lat' dir='ltr'><strong>occiduntur?</strong></span> <span class='ocrx_word' id='word_1_831' title='bbox 3147 5365 3252 5420; x_wconf 89' lang='lat' dir='ltr'><strong>Sed</strong></span> <span class='ocrx_word' id='word_1_832' title='bbox 3300 5365 3470 5419; x_wconf 90' lang='lat' dir='ltr'><strong>noluit</strong></span> <span class='ocrx_word' id='word_1_833' title='bbox 3509 5358 3695 5418; x_wconf 83' lang='lat' dir='ltr'><strong>lsrael.</strong></span> 
     </span>
    </p>
   </div>
   <div class='ocr_carea' id='block_1_112' title="bbox 2116 5664 2393 5717">
    <p class='ocr_par' dir='ltr' id='par_1_112' title="bbox 2116 5664 2393 5717">
     <span class='ocr_line' id='line_1_113' title="bbox 2116 5664 2393 5717; baseline 0.007 -4"><span class='ocrx_word' id='word_1_834' title='bbox 2116 5664 2242 5716; x_wconf 78' lang='lat' dir='ltr'><strong>tabi!</strong></span> <span class='ocrx_word' id='word_1_835' title='bbox 2281 5680 2393 5717; x_wconf 82' lang='lat' dir='ltr'><strong>nos.</strong></span> 
     </span>
    </p>
   </div>
   <div class='ocr_carea' id='block_1_113' title="bbox 2191 5725 3400 5801">
    <p class='ocr_par' dir='ltr' id='par_1_113' title="bbox 2191 5725 3400 5801">
     <span class='ocr_line' id='line_1_114' title="bbox 2191 5725 3400 5801; baseline -0.005 -17"><span class='ocrx_word' id='word_1_836' title='bbox 2191 5734 2306 5801; x_wconf 75' lang='lat'>(83)</span> <span class='ocrx_word' id='word_1_837' title='bbox 2340 5733 2435 5787; x_wconf 85' lang='lat' dir='ltr'><strong>Ms.</strong></span> <span class='ocrx_word' id='word_1_838' title='bbox 2475 5732 2662 5785; x_wconf 82' lang='lat' dir='ltr'><strong>Dicere</strong></span> <span class='ocrx_word' id='word_1_839' title='bbox 2686 5748 2746 5784; x_wconf 85' lang='lat' dir='ltr'><strong>ea</strong></span> <span class='ocrx_word' id='word_1_840' title='bbox 2778 5745 2896 5799; x_wconf 66' lang='lat' dir='ltr'><strong>quae</strong></span> <span class='ocrx_word' id='word_1_841' title='bbox 2929 5728 3168 5781; x_wconf 78' lang='lat' dir='ltr'><strong>dicebant</strong></span> <span class='ocrx_word' id='word_1_842' title='bbox 3201 5725 3400 5781; x_wconf 68' lang='lat' dir='ltr'><strong>Juda’i.</strong></span> 
     </span>
    </p>
   </div>
   <div class='ocr_carea' id='block_1_114' title="bbox 2193 5801 3260 5871">
    <p class='ocr_par' dir='ltr' id='par_1_114' title="bbox 2193 5801 3260 5871">
     <span class='ocr_line' id='line_1_115' title="bbox 2193 5801 3260 5871; baseline -0.003 -17"><span class='ocrx_word' id='word_1_843' title='bbox 2193 5804 2305 5870; x_wconf 84' lang='lat'>(89)</span> <span class='ocrx_word' id='word_1_844' title='bbox 2335 5801 2434 5858; x_wconf 90' lang='lat' dir='ltr'><strong>Ms.</strong></span> <span class='ocrx_word' id='word_1_845' title='bbox 2467 5803 2652 5871; x_wconf 81' lang='lat' dir='ltr'><strong>Arguit</strong></span> <span class='ocrx_word' id='word_1_846' title='bbox 2681 5817 2796 5853; x_wconf 82' lang='lat' dir='ltr'><strong>eum</strong></span> <span class='ocrx_word' id='word_1_847' title='bbox 2830 5801 3260 5865; x_wconf 71' lang='lat' dir='ltr'><strong>experimentum.</strong></span> 
     </span>
    </p>
   </div>
   <div class='ocr_carea' id='block_1_115' title="bbox 2189 5871 3020 5942">
    <p class='ocr_par' dir='ltr' id='par_1_115' title="bbox 2189 5871 3020 5942">
     <span class='ocr_line' id='line_1_116' title="bbox 2189 5871 3020 5942; baseline -0.001 -17"><span class='ocrx_word' id='word_1_848' title='bbox 2189 5871 2301 5941; x_wconf 88' lang='lat'>(90)</span> <span class='ocrx_word' id='word_1_849' title='bbox 2351 5872 2596 5942; x_wconf 82' lang='lat' dir='ltr'><strong>Jurgare.</strong></span> <span class='ocrx_word' id='word_1_850' title='bbox 2627 5871 2786 5927; x_wconf 79' lang='lat' dir='ltr'><strong>Forte</strong></span> <span class='ocrx_word' id='word_1_851' title='bbox 2822 5871 3020 5934; x_wconf 85' lang='lat' dir='ltr'><strong>iurare.</strong></span> 
     </span>
    </p>
   </div>
  </div>
