4134 6422
360 439 498 495 1109

1426 435 1514 489 DE
1569 429 2174 489 RESURRECTIONE.
2212 460 2278 470 —-
2316 428 2443 482 LlB.
2481 427 2544 482 11.

3464 430 3594 480 illi!

357 550 642 618 Quomodo
672 549 785 603 vult
818 548 1192 618 Stephanum?
1218 547 1291 602 De
1331 548 1433 603 hoc
1467 549 1715 603 concedit
1757 545 1937 600 Domi—
1965 552 2013 607 Α
2041 546 2273 598 decorum
2314 540 2555 611 primarii
2589 538 2906 611 Synagogaa,
2940 546 3033 594 aut
3060 539 3414 595 transferrent
3442 542 3595 593 corda

360 658 461 696 nus
498 659 511 694 :
544 637 734 696 sufﬁcit
778 641 878 695 hoc
924 640 989 693 ad
1019 640 1319 693 victoriam.
1378 640 1656 705 Quomodo
1690 636 1934 691 concedit

363 732 722 801 Stephanum,
754 740 807 785 et
838 746 943 784 non
975 730 1222 784 concedit
1264 738 1318 783 et
1366 728 1536 783 alios?
1564 728 1632 784 Ut
1677 741 1936 798 agnosce-

364 836 514 880 retur
543 825 668 894 quia
721 833 930 878 mortua
978 833 1063 878 est
1106 838 1270 890 mors,
1308 831 1361 877 et
1393 824 1515 891 quia
1563 835 1659 890 per
1706 829 1934 874 mortem

364 917 613 971 ﬁrmatur
645 915 999 978 resurrectio;
1034 924 1092 969 ut
1127 922 1513 983 agnosceretur
1538 912 1661 982 quia
1691 911 1821 965 vivit
1847 909 1936 976 qui

365 1008 626 1062 vivificat.
656 1006 855 1060 Volunt
883 1004 1052 1060 Judaei
1086 1015 1141 1059 et
1187 1021 1289 1059 non
1326 1013 1571 1074 possunt.
1612 1003 1829 1072 Moysen
1858 1001 1936 1054 fa-

370 1099 600 1154 cientem
634 1099 783 1169 signa
815 1098 982 1152 voluit
1033 1095 1198 1152 Israel
1242 1098 1506 1167 lapidare,
1555 1102 1611 1149 et
1653 1093 1941 1163 praphetas

370 1188 707 1249 occiderunt,
746 1194 799 1241 et
842 1186 942 1240 hoc
986 1186 1057 1240 ita
1094 1186 1414 1255 prohibente
1442 1185 1577 1253 lege.
1610 1182 1938 1244 Piscatores,

372 1285 664 1348 arguentes
700 1290 792 1330 eos
829 1284 881 1331 et
906 1275 1258 1345 praedicantes
1286 1272 1638 1337 Crucitixum,
1670 1285 1773 1323 non
1796 1268 1941 1324 occi-

374 1372 569 1425 derunt
604 1386 619 1423 :
657 1368 942 1431 Lazarum,
973 1368 1099 1437 quia
1148 1366 1445 1420 resurrexit
1494 1380 1523 1419 a
1575 1366 1823 1426 mortuis,
1846 1378 1941 1417 vo-

374 1460 592 1515 luerunt
632 1458 903 1522 occidere,
955 1466 1014 1511 ut
1063 1454 1455 1510 mortificarent
1492 1454 1942 1515 admirationem;

376 1559 433 1603 et
459 1564 552 1603 eos
582 1549 673 1617 qui
714 1548 1006 1611 pradicant
1042 1545 1488 1600 resurrectionem
1520 1541 1666 1595 afﬁxi
1700 1540 1843 1594 cruci
1881 1538 1947 1591 ab

378 1641 531 1710 ipsis,
590 1654 694 1693 non
734 1638 1069 1691 occiderunt.
1122 1635 1225 1690 Sed
1276 1644 1399 1704 puta
1450 1634 1574 1701 quia
1618 1630 1788 1685 Judaei
1821 1628 1946 1683 victi

378 1741 526 1787 sunt.
571 1730 955 1800 Cogitaverunt
1006 1736 1185 1781 autem
1240 1727 1534 1795 piscatores
1579 1723 1644 1776 ad
1690 1720 1945 1776 mundum

380 1824 553 1881 exire.
583 1823 625 1877 si
664 1821 909 1876 homines
938 1820 1002 1873 ad
1044 1817 1304 1873 terminos
1355 1814 1537 1869 mundi
1587 1813 1701 1868 sine
1731 1810 1946 1876 litteris,

382 1916 449 1969 ad
477 1914 717 1968 eruditos
748 1911 1009 1980 imperiti,
1037 1908 1297 1978 ignobiles
1327 1906 1394 1959 ad
1428 1908 1719 1973 ingenuos;
1750 1901 1949 1971 cogita-
1981 1894 2022 1948 Β

384 2015 577 2063 verunt
606 2014 659 2061 et
691 2014 841 2059 tanto
882 2004 1219 2057 donaverunt
1252 1997 1363 2067 (9i)
1416 1995 1671 2066 Magistro
1717 2001 1948 2056 mortuo,

384 2116 505 2156 cum
544 2112 649 2167 quo
680 2104 735 2151 et
768 2096 969 2150 fuere:
1028 2103 1155 2163 puta
1212 2091 1338 2160 quia
1403 2089 1501 2157 ipsi
1559 2087 1951 2155 cogitaverunt,

386 2201 513 2262 puta
548 2191 673 2260 quia
706 2189 879 2242 victus
905 2198 987 2241 est
1015 2204 1027 2239 :
1061 2182 1330 2253 quomodo
1364 2188 1550 2248 gentes
1577 2182 1952 2243 susceperunt,

386 2292 441 2339 et
494 2291 680 2354 gentes
732 2279 1021 2348 discipulos
1075 2273 1394 2330 audiebant?
1458 2268 1573 2324 Non
1628 2265 1957 2321 consuetudo

390 2386 509 2431 erat
545 2384 722 2436 vetus,
779 2389 885 2426 non
936 2369 1220 2426 simulacra
1274 2365 1555 2427 adornata,
1609 2375 1714 2414 non
1762 2356 1956 2425 templa

394 2467 634 2530 excelsa,
667 2480 769 2519 non
819 2462 1055 2519 sacraria
1109 2475 1230 2530 quae
1280 2456 1447 2511 multo
1501 2460 1783 2507 tenuerant
1823 2462 1960 2502 tem-

393 2576 547 2630 pore,
602 2574 706 2613 non
738 2570 927 2611 versus
961 2552 1267 2621 compositi,
1317 2563 1421 2603 non
1454 2545 1701 2614 superbia
1751 2542 1963 2611 sapien-

396 2655 552 2718 tium,
590 2667 694 2705 non
732 2647 1019 2704 multitudo
1051 2655 1350 2716 poetarum,
1390 2655 1494 2695 non
1526 2636 1772 2691 remissio
1805 2632 1963 2686 feria—

399 2762 541 2811 rum,
579 2760 686 2799 non
725 2741 945 2798 traditio
976 2746 1283 2808 parentum,
1327 2748 1434 2787 non
1483 2727 1746 2784 mirabilia
1790 2725 1875 2778 illa
1912 2724 1964 2777 in

404 2839 720 2901 ambitione,
750 2850 868 2905 qua:
899 2848 995 2903 per
1034 2840 1178 2884 artes
1217 2837 1271 2883 et
1302 2825 1583 2880 machinas
1611 2830 1665 2874 et
1701 2817 1968 2886 composi-

402 2934 578 2988 tiones
627 2939 808 2984 vatum
862 2926 978 2981 ﬁeri
1038 2916 1471 2978 consueverant?
1522 2912 1801 2982 Quomodo
1851 2909 1967 2963 ausi

408 3032 535 3078 sunt
570 3022 867 3092 piscatores
910 3033 976 3071 ne
1008 3017 1224 3084 quidem
1267 3026 1432 3083 panes
1460 3014 1735 3079 portantes
1764 3000 1970 3072 ingredi

409 3118 625 3171 domum
656 3109 921 3181 alicujus?
950 3110 1016 3165 ad
1053 3122 1213 3177 quam
1259 3097 1671 3174 cognationem?
1717 3095 1781 3148 ad
1811 3105 1971 3162 quam

2035 650 2127 689 sua
2162 635 2368 704 lapidea
2415 633 2479 687 ad
2532 634 2711 696 fidem,
2745 642 2837 684 aut
2864 639 3107 686 tacentes
3154 632 3340 699 utique
3369 629 3596 686 confun-

2036 730 2310 783 derentur.
2342 726 2660 782 Scribantur
2695 725 2811 779 ista:
2852 723 3133 778 suasiones
3164 723 3216 775 in
3265 720 3598 790 uniuscujus-

2035 837 2139 892 que
2194 823 2375 889 corde,
2424 837 2529 876 non
2570 826 2917 874 atramento:
2958 832 3063 872 non
3099 817 3243 871 enim
3297 825 3600 869 atramento

2038 923 2160 970 sunt
2190 915 2349 984 digna
2396 931 2409 967 :
2458 913 2501 969 si
2536 911 2663 981 quid
2715 920 2892 965 autem
2938 924 3060 964 cum
3092 909 3142 963 vi
3192 908 3449 977 loquitur,
3492 904 3601 959 noli

2039 1007 2147 1077 pati
2189 1007 2504 1060 mentientes
2524 1003 2636 1075 (95)
2672 1022 2685 1057 :
2719 1012 2771 1058 et
2799 1003 2842 1057 si
2871 1002 3134 1055 donamus
3174 999 3373 1068 aliquid
3399 1013 3602 1053 sermo-

2042 1098 2117 1162 ni,
2171 1096 2336 1151 nolite
2385 1096 2589 1151 seduci.
2646 1094 2700 1149 Si
2751 1104 2928 1148 autem
2975 1093 3088 1149 sole
3126 1093 3354 1148 clariora
3391 1090 3603 1159 negotia

2042 1201 2187 1253 sunt,
2235 1189 2401 1245 nolite
2455 1188 2569 1242 fieri
2620 1187 2767 1242 caeci.
2819 1187 3007 1242 Videte
3042 1186 3324 1240 Dominum
3354 1181 3531 1237 Jesum
3573 1197 3602 1235 a

2042 1282 2269 1338 mortuis
2295 1289 2685 1350 resurgentem.
2717 1279 2909 1335 Videte
2938 1294 3059 1332 eum
3097 1277 3161 1331 ad
3191 1276 3468 1330 dexteram
3506 1271 3607 1325 Pa-

2046 1376 2143 1430 tris
2178 1390 2296 1429 cum
2330 1374 2498 1443 gloria
2541 1373 2839 1427 sedentem.
2873 1370 3075 1438 Quibus
3103 1369 3273 1424 oculis
3294 1368 3316 1421 ?
3339 1365 3609 1436 apostolo-

2048 1481 2163 1519 rum
2205 1465 2400 1534 quippe
2432 1463 2641 1518 illorum
2684 1463 2901 1527 virtute,
2931 1462 3144 1516 illorum
3181 1459 3426 1515 scientia.
3461 1456 3607 1523 Quo-

2049 1558 2206 1611 modo
2236 1556 2467 1625 suscepti
2515 1555 2674 1609 sunt?
2700 1555 2966 1623 quomodo
3004 1552 3265 1607 creditum
3313 1549 3434 1605 est?
3475 1563 3611 1616 quo-

2051 1650 2207 1703 modo
2230 1650 2500 1703 destructa
2534 1656 2660 1702 sunt
2703 1646 2960 1701 veterna?
2998 1644 3267 1713 quomodo
3310 1639 3611 1695 introducta

2051 1756 2169 1810 qua:
2210 1741 2259 1795 in
2297 1741 2674 1809 prazdicatione
2718 1746 2876 1792 erant
2910 1746 3161 1805 tanquam
3196 1731 3512 1789 inhonesta?
3549 1729 3615 1783 Et

2054 1842 2197 1887 certe
2230 1837 2392 1886 multa
2449 1841 2603 1886 erant
2631 1830 3014 1900 impedimenta
3048 1828 3185 1897 apud
3229 1842 3354 1887 eos;
3388 1835 3615 1878 consue-

2054 1924 2179 1977 tudo
2202 1939 2319 1993 quae
2340 1925 2626 1991 putabatur
2648 1931 2822 1986 vetus,
2847 1922 3128 1991 imperium
3156 1918 3609 1979 adversariorum,

2055 2017 2301 2072 remissio
2334 2015 2691 2080 feriarum,et
2722 2030 2784 2071 ea
2822 2029 2941 2084 qua:
2965 2012 3328 2084 particulatim
3363 2008 3618 2080 praedicta

2055 2119 2178 2164 sunt
2205 2128 2216 2161 :
2244 2110 2312 2163 ab
2345 2122 2409 2162 eo
2442 2119 2622 2161 autem
2646 2106 2756 2176 ‘qui
2788 2105 3186 2177 praedicabatur
3211 2120 3365 2167 crux,
3392 2112 3446 2158 et
3478 2103 3621 2171 quod

2058 2202 2203 2255 ineo
2232 2210 2349 2256 erat
2403 2199 2720 2255 incredibile
2771 2208 2824 2255 et
2874 2200 2993 2253 sine
3034 2198 3256 2253 honore.
3305 2196 3619 2249 Prteconum

2058 2305 2235 2347 autem
2256 2290 2512 2359 abjectio,
2546 2291 2878 2359 ignobilitas,
2912 2290 3055 2344 nulla
3089 2288 3357 2349 doctrina,
3385 2295 3620 2356 egestas,

2060 2396 2317 2437 numerus
2345 2396 2560 2451 parvus.
2597 2382 2677 2436 Ab
2706 2381 2822 2451 ipsa
2862 2392 3043 2435 autem
3076 2378 3459 2449 praedicatione
3486 2374 3625 2444 jeju-

2063 2475 2208 2527 nium
2253 2488 2351 2543 pro
2382 2473 2668 2536 ebrietate,
2699 2472 2957 2540 pudicitia
3006 2486 3105 2541 pro
3146 2469 3385 2531 libidine,
3423 2466 3627 2519 donare

2063 2581 2158 2621 sua
2194 2581 2354 2635 quam
2405 2582 2615 2637 rapere.
2657 2566 2721 2620 Si
2758 2565 2922 2637 igitur
2973 2564 3063 2634 qui
3108 2561 3506 2633 prmdicabatur
3547 2558 3631 2610 iu-

2064 2658 2433 2713 credulitatem
2497 2658 2733 2713 habebat
2802 2665 3021 2725 propter
3082 2652 3451 2722 impotentiam
3512 2664 3633 2718 quae

2066 2751 2353 2820 putabatur
2378 2749 2575 2815 crucis,
2619 2758 2674 2803 et
2714 2747 2803 2817 qui
2837 2747 3205 2816 praedicabant
3237 2744 3415 2798 omnia
3451 2742 3631 2795 incre-

2068 2844 2284 2909 dibilia;
2316 2844 2450 2898 adde
2493 2852 2672 2896 autem
2708 2850 2761 2896 et
2781 2841 3212 2911 persecutionem
3245 2838 3479 2906 ipsorum
3507 2849 3632 2888 cum

2070 2933 2407 3001 vapularent,
2449 2948 2569 2992 cum
2622 2930 2845 3000 injurias
2902 2930 3248 2992 sustinerent,
3289 2942 3410 2981 cum
3465 2924 3638 2979 reclu-

2074 3022 2327 3078 derentur
2374 3033 2429 3077 et
2479 3020 2949 3083 interficerentur;
3015 3017 3059 3072 si
3104 3018 3193 3086 qui
3247 3016 3641 3085 prazdicabatur

2076 3114 2392 3169 interfectus
2432 3121 2534 3177 est,
2568 3113 2659 3182 qui
2691 3111 2984 3181 praedicant
3013 3108 3432 3169 interficiuntur,
3456 3114 3510 3158 et
3545 3104 3639 3172 qui

408 3208 640 3263 Similem
695 3202 971 3272 "98“3'“?
1016 3203 1081 3254 ad
1135 3214 1294 3268 ψιειιη
1330 3194 1604 3249 “ﬁnalem
1653 3198 1707 3243 εί
1757 3188 1973 3284 litim“?
2004 3226 2046 3284 (ς
2080 3207 2308 3261 credunt
2355 3204 2781 3274 persecutionem
2834 3202 3120 3256 sustinent.
3170 3199 3326 3254 Unde
3360 3194 3643 3250 creditur?

410 3295 836 3371 agnoscentum?
878 3294 980 3348 Sed
1022 3290 1331 3361 praedicatio
1360 3300 1479 3341 erat
1508 3285 1754 3340 honesta.
1793 3278 1978 3333 Cruci-

412 3394 553 3447 fixus
584 3387 1003 3459 prazdicabatur,
1035 3392 1089 3438 et
1120 3382 1209 3450 qui
1238 3379 1606 3448 praadicabant
1642 3373 1900 3434 humiles,
1926 3379 1981 3423 et

413 3483 611 3552 quibus
652 3477 1050 3550 pra’dicabatur
1090 3471 1346 3542 praeventi
1394 3477 1571 3523 erant.
1606 3466 1759 3520 Nunc
1791 3477 1979 3517 ascen-

414 3577 507 3632 dat
562 3574 680 3643 quis
728 3571 792 3624 ad
836 3566 1118 3635 templum,
1168 3564 1313 3617 dicat
1342 3560 1483 3630 quod
1528 3574 1711 3611 verum
1743 3564 1827 3609 est
1860 3553 1981 3622 quia

414 3683 521 3723 non
568 3672 694 3718 sunt
737 3662 809 3714 dii
847 3659 1098 3725 lapides:
1141 3656 1184 3709 si
1214 3653 1449 3723 potuerit
1501 3650 1844 3703 dinumerare
1890 3657 1984 3695 eos

419 3758 511 3828 qui
547 3756 830 3810 adversum
877 3766 933 3804 se
968 3748 1254 3817 iaciuntur.
1302 3745 1357 3798 Si
1406 3754 1582 3796 autem
1618 3754 1795 3806 reges,
1832 3749 1986 3790 exer-

421 3852 559 3906 citus
588 3857 642 3901 et
681 3845 825 3915 leges
862 3857 958 3910 pro
998 3840 1261 3908 religione
1295 3844 1442 3900 sunt,
1472 3842 1525 3887 et
1550 3831 1831 3886 multitudo
1860 3828 1990 3881 ﬁde-

421 3941 573 4005 lium,
602 3946 763 3991 tanta:
794 3935 951 3989 iniure
988 3933 1271 3987 adversum
1298 3945 1392 3985 eos
1417 3928 1507 3997 qui
1539 3928 1653 3981 haec
1686 3940 1789 3979 non
1820 3921 1994 3977 susci—

423 4036 596 4104 piunt,
640 4030 814 4085 nullus
843 4042 1009 4082 ausus
1043 4034 1127 4079 est
1164 4041 1178 4077 :
1235 4033 1289 4078 et
1335 4022 1383 4077 si
1438 4020 1599 4074 fuerit
1654 4032 1843 4079 ausus,
1886 4029 1991 4067 non

426 4131 589 4183 vivet.
654 4126 709 4179 Si
766 4122 983 4185 dixerit,
1038 4121 1124 4174 isti
1184 4119 1254 4173 dii
1322 4131 1426 4171 non
1471 4125 1596 4169 sunt
1636 4113 1731 4175 dii,
1797 4110 1891 4164 sed
1952 4107 1996 4162 si

432 4239 574 4279 nunc.
602 4221 712 4291 (9‘2)
744 4220 814 4272 ita
853 4223 1213 4285 repetentem,
1245 4214 1365 4267 vide
1396 4226 1513 4280 quae
1538 4216 1655 4263 erat
1684 4207 1855 4259 virtus
1884 4204 2000 4256 sine

432 4314 651 4386 his(93)
686 4312 775 4381 qui
814 4308 1116 4363 circuibant
1162 4305 1416 4359 mundum
1470 4320 1483 4355 :
1537 4310 1591 4355 et
1638 4299 1822 4353 dicunt
1874 4296 2001 4364 quia

433 4411 536 4466 ista
566 4424 670 4462 non
719 4415 842 4460 sunt
874 4419 993 4473 quae
1023 4408 1304 4470 apparent,
1339 4410 1513 4464 neque
1568 4394 1669 4447 ista
1724 4399 2000 4458 putantur,

435 4518 609 4573 neque
662 4500 748 4554 illa
780 4512 900 4568 quae
943 4495 1213 4564 sapientes
1245 4492 1430 4545 dicunt
1482 4494 1573 4540 aut
1602 4493 1771 4555 poetze
1800 4479 2003 4535 conlin-

2081 3298 2147 3350 ab
2177 3297 2325 3365 ipso.
2363 3310 2391 3347 a
2422 3294 2533 3348 suis
2564 3290 3045 3361 praedicatoribus?
3074 3289 3246 3342 abhis
3272 3288 3361 3356 qui
3393 3300 3646 3352 suscepe-

2082 3388 2246 3442 runt?
2273 3386 2378 3442 Sed
2409 3400 2474 3439 ex
2511 3383 2901 3439 consuetudine
2943 3397 3060 3449 quae
3086 3380 3357 3435 contraria
3390 3390 3643 3446 suggere-

2082 3479 2212 3532 bat?
2239 3479 2330 3532 sed
2357 3480 2426 3533 ab
2457 3476 2757 3533 acerbitate
2789 3474 3189 3543 praedicationis
3221 3471 3303 3527 cui
3331 3467 3647 3523 adversaba-

2086 3579 2172 3621 tur
2204 3569 2421 3636 requies
2445 3583 2562 3638 quaz
2591 3567 2641 3619 in
2676 3564 2855 3620 Veteri
2902 3572 3019 3618 erat
3053 3562 3398 3616 Testamento
3424 3558 3648 3628 permis-

2086 3677 2143 3715 sa
2178 3661 2326 3732 (96)?
2353 3661 2446 3715 sed
2479 3677 2506 3713 a
2534 3656 3022 3729 promissionibus?
3052 3659 3292 3709 Mortuus
3314 3662 3418 3714 est,
3452 3650 3648 3719 inquit,

2087 3754 2327 3823 quidam,
2362 3760 2417 3807 et
2462 3752 2755 3807 resurrexit
2776 3748 3095 3818 aliquando;
3129 3757 3182 3801 et
3209 3742 3507 3815 persecutio
3533 3740 3652 3809 qui-

2089 3846 2209 3901 dem
2255 3847 2463 3910 aderat,
2516 3842 2903 3911 promissiones
2950 3849 3126 3893 autem
3159 3837 3490 3891 dicebautur.
3544 3830 3652 3885 Sed

2091 3946 2249 4002 putas
2296 3940 2662 4002 provenerunt
2711 3931 2832 3995 ista,
2877 3938 2932 3983 et
2963 3937 3249 3983 suaserunt
3296 3922 3562 3992 discipuli,
3602 3932 3654 3975 et

2097 4025 2389 4079 translatus
2416 4031 2499 4079 est
2530 4023 2783 4089 mundus,
2824 4030 2877 4075 et
2907 4019 3073 4076 Judaei
3105 4014 3426 4073 cessarunt?
3456 4014 3657 4081 lmpos.

2097 4114 2272 4168 sibilia
2318 4114 2459 4167 facta
2492 4121 2618 4166 sunt
2659 4109 2961 4179 possibilia,
2993 4117 3046 4162 et
3090 4109 3282 4161 iterum
3314 4103 3530 4157 silentio
3559 4117 3572 4154 :
3607 4110 3657 4154 et

2097 4206 2144 4260 si
2178 4205 2400 4260 fortuitu
2447 4204 2578 4275 (97).
2613 4203 2668 4258 Si
2722 4212 2899 4256 autem
2946 4200 3194 4269 praedixit
3244 4213 3305 4251 ea
3352 4194 3510 4249 Jesus
3538 4203 3663 4245 ante

2099 4311 2336 4361 crucem,
2368 4296 2597 4367 perfecit
2633 4304 2811 4348 autem
2854 4303 2972 4361 post
3006 4305 3245 4353 crucem,
3279 4287 3409 4357 quid
3443 4302 3545 4340 non
3578 4285 3663 4337 vi-

2102 4390 2291 4444 demus
2321 4389 2386 4441 ad
2439 4388 2629 4451 solem,
2678 4385 2766 4439 ubi
2805 4396 2858 4437 et
2908 4382 3190 4454 praedixit?
3236 4379 3333 4435 Ubi
3365 4380 3508 4432 enim
3559 4393 3664 4432 non

2104 4478 2387 4547 praedixit?
2416 4478 2471 4532 Si
2518 4477 2640 4545 quis
2685 4484 2862 4528 autem
2896 4483 3168 4527 scrutatus
3205 4472 3365 4524 fuerit
3405 4469 3522 4537 ejus
3551 4482 3669 4521 ser-

436 4604 567 4667 gnnt
614 4606 669 4649 et
711 4607 829 4661 quae
861 4591 1175 4658 loquuntur.
1215 4582 1546 4638 Mentiuntur
1578 4574 1814 4632 sacraria
1847 4589 1861 4625 :
1895 4586 1999 4625 non
2031 4576 2076 4630 D
2110 4587 2313 4634 mones,
2343 4586 2447 4624 non
2487 4579 2571 4624 est
2620 4571 2735 4636 ejus
2781 4581 2982 4627 sermo,
3014 4567 3065 4619 in
3095 4581 3203 4634 quo
3238 4579 3339 4617 non
3374 4572 3454 4617 est
3488 4560 3670 4616 statim

438 4662 565 4744 vera
621 4686 874 4741 dicuntur
915 4679 1347 4735 vaticinationes.
1387 4669 1692 4727 Praemissio
1741 4664 1851 4734 (9.1)
1885 4662 2000 4730 ipsa

440 4794 640 4836 nocens
669 4791 722 4832 et
750 4792 840 4830 ars
883 4773 1103 4829 mentita
1135 4781 1238 4825 est.
1264 4764 1485 4835 Templa
1525 4760 1661 4815 male
1692 4763 2000 4814 constructa

440 4880 586 4936 sunt,
613 4868 846 4923 recedite
870 4880 899 4920 a
943 4863 1181 4935 paternis
1210 4870 1266 4914 et
1308 4858 1508 4913 credite
1549 4851 1838 4909 Crucilixo.
1871 4847 2002 4913 Quis

443 4974 600 5034 putas
630 4962 701 5016 ita
748 4960 1018 5029 lapideum
1049 4954 1212 5008 habet
1241 4951 1370 5005 cor?
1403 4951 1511 5010 Ego
1556 4955 1682 5016 puto
1713 4942 1833 5011 quia
1876 4949 1930 4992 et
1960 4939 2005 4991 si

446 5029 721 5126 gentilium
755 5053 992 5122 ipsorum
1031 5046 1245 5116 quidem
1285 5044 1533 5098 adessent
1561 5038 1786 5109 priores,
1818 5044 1872 5087 et
1911 5029 2005 5085 Ju-

514 5194 562 5227 ⁸⁶
585 5191 772 5248 Matth.
802 5207 878 5255 tv,
904 5190 988 5245 19.

525 5333 636 5402 (91)
677 5330 846 5385 Tanto
868 5327 1209 5402 donaverunt.
1234 5318 1505 5402 thrachia
1530 5328 1673 5369 tanta
1696 5316 2015 5402 donaperunt

454 5387 745 5471 magistro;
776 5410 835 5451 ut
856 5412 1014 5465 supra
1045 5396 1147 5450 col.
1170 5391 1303 5450 1106
1328 5389 1389 5456 Β,
1418 5387 1603 5441 Petrus
1627 5387 1799 5440 omnia
1817 5387 2018 5435 donans

453 5476 722 5539 magistro.

527 5524 656 5612 (732),
681 5538 781 5593 Sed
809 5538 1054 5612 tinnire:
1094 5532 1364 5593 Fortasse,
1400 5530 1491 5612 sed
1534 5528 1577 5581 si
1604 5541 1744 5612 nunc
1773 5524 1849 5576 ita
1878 5539 2023 5612 rape:

463 5597 582 5664 tat‘?
611 5597 660 5663 id
682 5619 765 5663 est
790 5608 916 5676 quid
952 5606 997 5658 si
1040 5605 1143 5657 ista
1168 5617 1271 5656 non
1308 5599 1496 5666 semel,
1524 5599 1617 5652 sed
1650 5597 1844 5649 iterum
1885 5602 2023 5660 apud

458 5676 944 5752 paganos_dixerit?

664 5731 814 5821 A‘Qua:
844 5755 954 5801 erat
980 5744 1142 5821 virtus
1168 5741 1407 5821 sine__his.
1436 5737 1597 5792 Forte
1624 5751 1737 5805 qua:
1765 5741 1876 5790 erat
1914 5731 2019 5785 vir-

464 5811 755 5881 tusin'hia,
786 5830 977 5881 nempe
1008 5814 1060 5866 in
1094 5811 1365 5880 apostolis.

538 5890 646 5953 (91)
692 5885 1007 5940 Pro-missio.
1042 5882 1200 5937 Forte
1235 5883 1527 5949 promissio.

2106 4674 2158 4720 et
2183 4664 2516 4733 praedicatio.
2543 4662 2848 4717 Piscatores
2876 4660 3018 4715 enim
3051 4658 3356 4712 nominavit
3384 4653 3674 4723 discipulos

2107 4772 2279 4812 suos:
2323 4756 2373 4809 in
2423 4770 2488 4810 eo
2537 4755 2663 4808 dum
2700 4763 2921 4808 vocaret
2958 4751 3271 4818 piscatores,
3320 4748 3672 4817 piscationem

2108 4846 2450 4901 annuntiavit
2508 4844 2683 4912 Ipsum
2716 4843 2859 4896 enim
2909 4855 3125 4905 nomen,
3164 4835 3559 4907 prmdicationis
3596 4841 3678 4886 est

2111 4938 2459 5006 nuncupatio.
2510 4936 2735 4989 Vocavit
2785 4947 2880 4987 eos
2936 4933 3231 5002 piscatores
3280 4928 3558 4983 hominum
3609 4924 3677 4975 ad

2110 5031 2338 5085 salutem
2364 5029 2432 5083 ⁸⁸.
2465 5027 2663 5083 Piscati
2691 5036 2817 5080 sunt
2846 5036 3048 5077 autem.
3076 5023 3135 5077 Si
3165 5037 3268 5076 non
3302 5028 3427 5075 sunt
3453 5015 3675 5088 .piscati,

2196 5305 2307 5377 (95)
2350 5304 2447 5377 Ms.
2480 5300 2793 5377 Nolite_Pati
2819 5296 3138 5376 mentientes.

2197 5368 2306 5445 (96)
2353 5372 2633 5445 ξενηιὶεδα.
2662 5368 3120 5445 Forte_promisso.

2198 5426 2421 5516 ξξὶῆσΕι
2451 5446 2638 5516 iteru_m
2668 5426 2874 5516 silentio
2910 5452 2939 5516 ί.
2962 5445 3008 5487 ει
3053 5434 3096 5486 si
3124 5428 3364 5516 fortuitu.
3400 5426 3680 5516 Sententia

2128 5496 2343 5572 videtdr
2372 5527 2490 5566 esse
2527 5530 2538 5563 :
2569 5512 2630 5564 Et
2668 5510 2863 5561 iterum
2892 5496 3200 5570 dices,quid
3231 5500 3273 5572 si
3300 5499 3411 5572 haec
3441 5496 3679 5572 silentio,

2131 5566 2465 5641 idwest—clatn
2497 5591 2549 5634 et
2585 5580 2814 5633 obscure
2853 5585 3065 5644 peracta
3081 5566 3260 5644 sunt?
3286 5567 3412 5644 quid
3446 5566 3487 5618 si
3516 5566 3681 5619 etiam

2135 5636 2355 5711 fortuito
2390 5662 2444 5706 et
2481 5662 2679 5703 temere
2722 5636 3097 5714 contigerunt?
3142 5636 3468 5714 Respondet,
3499 5650 3686 5714 _neque

2126 5728 2263 5779 clam
2294 5704 2415 5777 esse
2447 5728 2684 5788 peracta,
2736 5704 3166 5788 quia‘adsolem,
3202 5704 3387 5788 idest
3428 5704 3600 5788 palam
3633 5714 3688 5757 et

2128 5803 2308 5863 aperte
2340 5772 2876 5863 gestrasuntﬂteque
2929 5772 3167 5846 fortuito,
3203 5779 3325 5847 quia
3376 5776 3487 5829 lucc
3531 5772 3689 5828 Jesus

2127 5860 2291 5919 multo
2321 5860 2444 5915 ante
2472 5860 2812 5922 pranlixerat.
