4134 6468
467 455 588 508 1111

1076 521 1084 539 Ι
1131 451 1403 510 EUSEBll
1442 452 1921 512 CESARIENSIS
1958 457 2108 514 OPP.
2149 458 2330 516 PARS
2367 458 2456 518 iV.
2495 490 2567 502 —
2604 457 3026 516 DOGBIATICA.

3568 455 3704 510 1119

463 567 721 623 mentitus
743 575 828 627 est
847 574 903 622 et
933 574 1199 622 mortuus.
1231 566 1290 622 Si
1315 577 1497 622 autem
1524 576 1578 623 et
1613 569 1864 625 absentes
1885 585 2028 626 nunc
2056 579 2103 636 Α
2133 575 2517 640 prtedicabitur
2541 583 2590 628 et
2631 575 2727 627 hoc
2764 575 2906 638 quod
2935 570 3056 640 fecit
3079 575 3182 625 ista
3216 569 3283 624 ”.
3315 567 3382 623 Et
3409 581 3572 638 parva
3604 565 3690 620 illa

463 675 631 730 usque
656 659 934 730 piscamur
965 658 1234 723 homines,
1257 673 1434 740 nonne
1473 669 1697 729 apparet
1721 662 1846 731 quia
1878 662 2029 717 adest

462 752 553 821 qui
600 749 749 807 misit
779 751 1080 820 piscatores
1119 751 1184 804 ad
1232 749 1595 820 piscantium?
1645 751 1712 808 Et
1759 768 1881 808 cum
1925 755 2034 810 sint

463 847 734 908 absentes,
767 845 913 900 sales
943 858 1038 900 eos
1071 844 1360 914 appellavit
1385 846 1452 902 ⁸⁷.
1499 846 1555 900 Si
1591 861 1698 902 non
1727 855 2035 902 statuerunt

463 945 702 993 nostram
750 935 1125 1006 putredinem,
1170 935 1215 989 si
1281 952 1388 992 non
1433 937 1778 993 deterserunt
1823 947 2035 993 nostras

463 1029 670 1095 sordes,
702 1027 746 1082 si
782 1042 886 1082 non
929 1027 1359 1082 emundaverunt
1385 1037 1602 1082 nostras
1639 1028 1952 1098 spurcitias,
1989 1027 2034 1082 si

463 1135 570 1176 non
600 1121 944 1184 immiserunt
985 1118 1036 1174 in
1073 1120 1230 1185 nobis
1273 1133 1552 1190 saporem,
1587 1133 1696 1174 non
1742 1119 1851 1175 sint
1891 1119 2035 1190 quod

461 1212 590 1267 dicti
620 1221 765 1267 sunt.
805 1211 864 1267 Si
887 1220 1070 1268 autem
1094 1227 1124 1266 a
1154 1212 1432 1282 spurcitiis
1466 1226 1566 1267 nos
1597 1219 1654 1266 et
1683 1210 1878 1268 foetore
1902 1211 2036 1267 liheo

463 1312 671 1370 rarunt,
711 1312 1022 1360 statuerunt
1061 1313 1244 1360 autem
1277 1313 1495 1360 nostras
1541 1304 1893 1366 deﬂuxiones.
1945 1305 2038 1360 de.

462 1405 740 1452 terserunt
774 1404 996 1452 nostras
1029 1397 1242 1465 sordes,
1270 1398 1425 1452 suavi
1474 1407 1654 1454 autem
1691 1399 1860 1454 odore
1895 1396 2037 1468 pleni

461 1501 648 1542 sumus
681 1502 777 1556 per
807 1487 950 1551 illos,
982 1497 1039 1540 et
1064 1502 1259 1542 sumus
1281 1501 1406 1542 esca
1438 1486 1616 1542 divina
1652 1505 1666 1543 :
1700 1488 2037 1558 reprehende

463 1577 925 1648 prmdicationem,
962 1578 1006 1633 si
1049 1578 1316 1634 concedet
1359 1577 1453 1632 libi
1486 1576 1664 1634 exitus
1710 1593 1916 1633 rerum.
1951 1577 2038 1632 Pi—

461 1680 709 1726 scatores
759 1669 900 1726 sales
934 1685 1029 1726 eos
1063 1669 1201 1725 dixit
1237 1677 1292 1725 et
1321 1668 1587 1724 exhibuit.
1633 1669 1875 1738 Denique
1902 1677 1955 1724 et
1983 1668 2036 1722 in

465 1761 576 1816 alia
601 1760 988 1831 praedicatione
1010 1760 1190 1815 lumen
1213 1775 1310 1816 eos
1337 1759 1464 1814 facit
1487 1771 1543 1816 et
1564 1761 1692 1816 dicit
1728 1777 1743 1815 :
1789 1756 1891 1814 Vos
1915 1763 2040 1815 estis

462 1853 637 1907 lumen
667 1854 851 1907 mundi
867 1853 934 1908 ⁸⁸.
957 1851 1268 1908 Piscatores
1296 1852 1513 1921 privati.
1538 1851 1823 1923 ignobiles,
1855 1853 2034 1922 egeni,

465 1945 645 2001 lumen
699 1943 882 2000 mundi
931 1945 1201 1998 dicuntur.
1255 1942 1454 1997 Domus
1499 1943 1646 1998 enim
1697 1942 1743 1998 si
1790 1942 2036 2010 dixisset,

463 2053 572 2094 non
599 2045 743 2091 esset
772 2050 1047 2107 magnum,
1077 2035 1123 2088 si
1152 2033 1236 2088 via
1271 2032 1498 2101 alicujus
1521 2047 1628 2087 non
1650 2040 1818 2088 esset.
1848 2033 2038 2088 Adhuc

465 2129 660 2198 majus.
695 2128 948 2184 Civitatis
990 2128 1136 2182 enim
1167 2125 1324 2180 unius
1359 2125 1403 2181 si
1432 2125 1676 2181 dixisset.
1709 2125 1814 2181 Sed
1853 2125 2034 2180 lumen

464 2239 557 2280 eos
589 2238 710 2278 esse
741 2237 845 2278 non
873 2229 959 2277 est
997 2220 1315 2276 incredibile
1357 2219 1596 2274 nationis
1623 2217 1849 2290 integrae
1887 2235 1902 2272 :
1942 2218 2037 2274 sed

463 2315 672 2378 mundi,
725 2314 922 2386 inquit,
969 2313 1102 2369 estis
1135 2312 1338 2367 lumen.
1385 2309 1441 2367 Si
1491 2311 1629 2366 dixit
1673 2325 1948 2380 magnum,
1985 2317 2040 2364 et

465 2422 574 2462 non
619 2406 749 2462 fecit
778 2404 1098 2472 maximum,
1132 2418 1260 2458 num
1303 2403 1561 2458 mentitus
1591 2411 1678 2458 est
1709 2401 1948 2471 aliquid?
1979 2399 2037 2455 Si

465 2511 643 2554 autem
676 2497 808 2552 dicit
850 2511 1068 2566 magna,
1108 2502 1368 2564 operatur
1410 2506 1587 2548 autem
1631 2493 1860 2562 majora,
1907 2492 2038 2562 quid

463 2589 725 2646 faciemus
755 2587 823 2643 de
848 2586 936 2642 bis
961 2599 1082 2657 quae
1125 2572 1416 2639 videntur?
1455 2583 1602 2638 Dicit
1629 2583 1790 2637 Petro
1824 2599 1838 2636 :
1870 2581 1950 2642 Tu
1983 2598 2038 2637 es

467 2680 677 2744 Petrus,
709 2687 759 2734 et
789 2695 947 2748 super
976 2678 1134 2730 istaut
1176 2685 1380 2744 petram
1419 2675 1694 2744 adiﬁcnbo
1736 2671 2033 2728 Ecclesium

464 2788 632 2827 meam
661 2770 730 2824 ”.
761 2769 921 2825 Certe
947 2767 1342 2824 tediiicaturum
1379 2782 1436 2822 se
1467 2765 1815 2836 promittebat
1848 2766 2040 2820 Eccle-

463 2865 600 2918 siam
647 2877 826 2917 suam.
859 2860 920 2915 Si
954 2874 1058 2913 non
1089 2857 1397 2920 tediﬁcavit,
1435 2867 1684 2912 mortuus
1710 2866 1812 2912 est.
1851 2857 1907 2911 Si
1944 2871 2038 2910 au-

464 2963 570 3011 tem
601 2951 893 3007 mdilicavit
916 2949 1008 3019 qui
1046 2962 1149 3001 non
1189 2947 1342 3010 vivit,
1369 2946 1553 3001 dit-ant
1581 2947 1850 3016 quomodo
1872 2946 2040 3000 aedili-

463 3047 607 3100 cavit
655 3062 669 3100 :
722 3043 818 3099 sed
866 3039 1176 3106 aediﬁcavit,
1231 3038 1363 3094 nihil
1415 3049 1596 3093 autem
1640 3037 1884 3092 addidit?
1943 3037 2038 3093 sed

463 3137 626 3190 dicit:
646 3146 694 3190 et
715 3142 881 3201 portu:
902 3132 1061 3202 inferi
1085 3147 1186 3185 non
1202 3129 1552 3200 prtevalebunt
1570 3130 1818 3183 adversus
1839 3144 1951 3182 eam
1966 3127 2035 3182 ”.

465 3226 521 3282 Si
558 3241 664 3281 non
703 3226 834 3280 moti
859 3223 1022 3296 gladii
1051 3232 1198 3287 sunt,
1227 3231 1282 3276 et
1305 3220 1605 3286 exercitus,
1633 3232 1688 3274 et
1716 3221 1955 3293 tyranni,
1981 3228 2038 3275 et

465 3317 628 3389 leges,
679 3327 735 3372 et
767 3331 963 3385 putum,
1013 3323 1070 3370 et
1117 3328 1286 3377 mors,
1340 3323 1394 3367 et
1435 3312 1670 3367 varietas
1718 3312 1936 3380 horum,
1985 3321 2040 3368 et

465 3409 626 3479 ignis,
653 3419 708 3464 et
739 3422 908 3472 mare,
951 3416 1007 3461 et
1049 3404 1219 3471 ﬂuvii,
1252 3412 1306 3460 et
1350 3403 1531 3458 omnia
1579 3403 1740 3457 simul
1783 3403 2041 3458 adversus

465 3503 623 3557 istam
663 3500 1125 3570 praedicationem,
1160 3506 1214 3552 et
1257 3511 1352 3566 per
1391 3495 1572 3552 omnia
1610 3495 1877 3551 transiens
1904 3510 2041 3566 pra:-

464 3592 665 3647 dicatio
695 3591 926 3646 conflata
964 3600 1083 3656 est;
1110 3591 1253 3646 etde
1282 3597 1454 3652 terra,
1487 3598 1542 3644 et
1570 3588 1830 3658 castigata
1855 3601 2040 3643 osten-

466 3682 613 3738 ditur
645 3683 768 3751 quia
791 3683 951 3737 inferi
977 3691 1034 3739 et
1066 3693 1269 3738 mortes
1299 3682 1541 3753 plurimae
1563 3696 1668 3735 non
1703 3680 2042 3737 transferunt

468 3774 678 3830 Domini
715 3775 1175 3842 praedicationem.
1214 3774 1270 3830 Si
1317 3789 1424 3829 non
1469 3772 1613 3829 facta
1656 3772 1888 3828 fuissent
1916 3773 2039 3840 ista,

467 3867 606 3924 forte
656 3867 1053 3937 relinqueretur
1083 3867 1370 3923 dubitatio.
1414 3864 1469 3920 Si
1515 3874 1694 3920 autem
1730 3879 1827 3935 per
1860 3865 2040 3920 omnia

469 3969 577 4014 tota
613 3959 712 4014 ista
745 3959 1058 4029 praedicatio
1092 3968 1221 4025 stat,
1256 3959 1388 4014 vivit
1430 3958 1615 4028 utique
1646 3957 1802 4028 cujus
1845 3956 2043 4027 praedi-

466 4057 610 4111 catio
650 4070 757 4110 non
795 4055 1082 4110 evertitur.
1123 4055 1229 4110 Sed
1259 4071 1324 4112 ex
1359 4053 1589 4109 modicis
1615 4068 1821 4124 magna:
1851 4051 2044 4121 praedi-

466 4152 712 4207 nationes
744 4160 873 4207 sunt
907 4151 1082 4206 factm.
1123 4150 1494 4215 Recumbebat,
1533 4146 1730 4217 inquit,
1767 4145 2041 4212 Dominus,

466 4253 514 4298 et
545 4244 682 4299 venit
727 4244 796 4297 ad
830 4259 946 4296 eum
991 4243 1232 4313 quaedam
1271 4240 1461 4294 mulier
1487 4239 1553 4292 ⁹¹.
1593 4239 1658 4293 Ει
1689 4236 1832 4306 quod
1859 4245 2044 4304 porta-

467 4333 584 4388 vit?
616 4345 949 4404 unguentum
1003 4333 1193 4389 eﬂ‘udit
1238 4348 1404 4401 super
1448 4339 1610 4402 caput
1653 4330 1791 4399 ejus.
1835 4326 2043 4382 Irasce-

467 4426 664 4480 bautur
684 4437 862 4480 autem
890 4423 1160 4494 discipuli,
1192 4423 1427 4478 scientes
1456 4421 1598 4490 quod
1635 4426 1909 4488 unguento
1936 4431 2042 4470 non

468 4517 671 4588 indiget
707 4516 988 4588 Magister.
1023 4514 1363 4570 irascebatur
1397 4522 1574 4567 autem
1615 4520 1670 4566 et
1705 4510 1871 4564 Judas
1914 4521 2042 4578 pro-

2130 671 2346 724 occasio
2379 667 2640 738 unguenti
2691 675 2896 720 tantam
2944 663 3368 738 magnitpdinem
3405 659 3702 716 introduxit

2130 759 2536 830 praedicationis
2564 777 2578 814 :
2613 769 2666 812 et
2688 759 2890 813 dictum
2922 767 3004 813 est
3033 755 3160 826 quia
3189 765 3300 810 toto
3340 755 3538 809 mundo
3567 769 3702 823 prae-

2132 852 2399 907 dicabitur
2439 866 2638 906 nomen
2678 867 2879 916 meum,
2913 860 2968 906 et
3016 849 3162 904 illius
3206 845 3448 902 mulieris
3476 844 3624 900 lusus
3652 844 3707 898 in

2136 946 2458 1002 memoriam
2507 945 2633 1002 erit.
2661 943 2791 1012 Quae
2826 942 3125 999 auctoritas
3160 941 3315 996 istius
3350 937 3534 994 vocis?
3568 935 3708 1004 Quid

2134 1039 2280 1092 enim
2325 1038 2453 1093 dicit
2498 1038 2589 1108 qui
2627 1047 2871 1091 mortuus
2905 1045 2991 1091 est
3039 1043 3162 1105 post
3198 1042 3426 1090 mortem
3483 1033 3568 1087 his
3613 1029 3707 1099 qui

2133 1127 2536 1197 praedicarunt?
2568 1126 2725 1182 Exite
2757 1125 2828 1181 ad
2871 1126 3175 1180 universum
3220 1124 3497 1179 mundum.
3539 1121 3708 1187 Dixit,

2134 1229 2228 1274 aut
2271 1234 2378 1274 non
2424 1219 2598 1274 dixit?
2641 1218 2700 1274 Si
2757 1233 2865 1274 non
2921 1218 3077 1286 dixit,
3129 1217 3399 1288 quomodo
3450 1225 3710 1272 exeuntes

2137 1309 2483 1381 perfecerunt
2502 1325 2622 1380 quae
2645 1307 2842 1379 jussit?
2863 1310 3136 1380 quomodo
3152 1308 3387 1380 suspecti
3405 1317 3532 1363 sunt
3556 1307 3710 1378 (99)?

2136 1404 2408 1476 quomodo
2429 1405 2520 1474 qui
2550 1411 2795 1458 mortuus
2825 1410 2928 1469 est,
2959 1411 3204 1457 mortuus
3231 1401 3346 1456 est?
3373 1400 3476 1463 Ite,
3509 1401 3708 1464 docete,

2140 1494 2336 1565 inquit,
2367 1511 2547 1548 omnes
2577 1502 2752 1564 gentes
2774 1508 2793 1547 :
2827 1507 2861 1547 ο
2893 1493 3036 1563 regia
3067 1507 3194 1557 vox,
3228 1506 3262 1546 o
3290 1490 3524 1546 tenentis
3554 1506 3710 1544 mun-

2138 1587 2264 1643 dum
2316 1585 2636 1656 promissio!
2677 1583 2780 1652 Ite,
2825 1587 3004 1638 docete
3043 1598 3220 1637 omnes
3252 1591 3446 1652 gentes.
3481 1581 3712 1649 Quantis

2140 1678 2277 1733 dicis
2311 1677 2448 1740 haec,
2481 1691 2514 1732 ο
2552 1676 2815 1733 Domine?
2846 1674 3139 1730 Duodecim
3189 1673 3497 1728 hominibus
3528 1673 3594 1726 ad
3625 1671 3709 1726 in.

2140 1768 2531 1825 numerabilem
2559 1767 2813 1838 populum
2841 1782 2856 1821 :
2893 1775 2941 1821 et
2974 1766 3234 1832 baptisate
3269 1780 3356 1819 eos
3385 1764 3454 1828 “,
3492 1764 3709 1834 inquit;

2139 1869 2194 1915 et
2221 1857 2468 1914 fecerunt
2510 1875 2631 1928 qua:
2681 1858 2944 1914 videmus.
2991 1857 3188 1913 lterum
3218 1871 3352 1912 sane
3383 1869 3712 1925 comparans

2069 1933 2112 1990 Β
2140 1951 2423 2022 parabolas
2446 1951 2686 2021 praedicit
2713 1967 2727 2006 :
2757 1949 2947 2006 Simile
2965 1959 3042 2004 est
3070 1964 3286 2018 regnum
3312 1947 3583 2012 calorum,
3607 1945 3712 2002 hoc

2136 2054 2217 2099 est
2259 2041 2573 2112 praedicatio
2629 2043 2753 2108 ista,
2806 2045 3061 2108 fermento
3105 2043 3173 2096 ⁸³.
3218 2041 3528 2096 Secundum
3577 2040 3712 2110 quid

2135 2133 2500 2190 fermentum?
2548 2133 2673 2204 quia
2716 2142 2772 2189 et
2822 2133 3089 2189 fermento
3125 2132 3338 2188 modico
3389 2147 3420 2186 a
3485 2130 3712 2187 muliere

2136 2223 2191 2279 in
2225 2223 2392 2278 multa
2427 2222 2805 2292 conspersione
2863 2222 3212 2288 abscondito,
3268 2221 3444 2292 ipsum
3493 2220 3713 2291 quidem

2136 2331 2240 2370 non
2274 2317 2596 2370 obscuratur
2629 2331 2657 2369 a
2687 2316 3093 2384 conspersione,
3120 2315 3215 2370 sed
3247 2329 3370 2368 cum
3413 2316 3486 2369 sit
3517 2326 3711 2382 parum

2136 2416 2306 2461 totum
2355 2405 2666 2469 fermentat,
2705 2415 2761 2460 et
2810 2402 3103 2460 fermentat
3156 2403 3273 2458 sine
3318 2400 3570 2472 strepitu.
3609 2401 3712 2468 Ita,

2137 2497 2335 2566 inquit,
2384 2511 2503 2551 mea
2535 2495 2850 2567 praedicatio
2897 2494 3077 2550 brevis
3131 2508 3226 2564 per
3269 2493 3580 2560 duodecim,
3618 2506 3711 2561 per

2135 2591 2278 2646 istud
2331 2588 2690 2656 fermentum,
2744 2597 2882 2653 toto,
2951 2587 3165 2657 inquit,
3229 2585 3537 2656 insparsum
3602 2599 3714 2640 non

2139 2678 2615 2740 lransmutabitur,
2652 2677 2744 2732 sed
2773 2691 2987 2732 omnem
3015 2676 3272 2730 mundum
3314 2673 3608 2730 transferet
3643 2672 3714 2729 ad

2137 2772 2572 2842 religiositatem.
2635 2769 2749 2826 Hoc
2812 2770 3016 2824 dictum
3078 2777 3160 2824 est
3221 2782 3318 2836 per
3375 2765 3712 2837 parabolam.

2137 2861 2456 2917 Prazdicatio
2484 2872 2662 2916 autem
2693 2860 2835 2917 facta
2862 2869 2968 2924 est,
3014 2868 3107 2913 aut
3143 2857 3294 2912 non?
3337 2857 3394 2912 Si
3431 2856 3573 2912 facta
3601 2866 3712 2926 est,

2138 2953 2267 3023 quid
2295 2953 2544 3010 dubitas?
2577 2953 2621 3008 si
2652 2963 2828 3007 autem
2861 2968 2967 3007 non
2998 2962 3080 3007 est
3113 2951 3279 3016 facta,
3319 2964 3505 3020 argue.
3535 2947 3710 3003 Aliam

2138 3049 2334 3103 iterum
2385 3047 2695 3118 parabolam
2745 3047 2974 3101 similem
3025 3044 3154 3100 huic
3202 3043 3520 3098 introducit.
3571 3041 3708 3109 Quid

2139 3141 2282 3196 enim
2309 3138 2474 3194 dicit?
2501 3137 2690 3194 Simile
2722 3148 2797 3192 est
2835 3153 3051 3208 regnum
3091 3135 3339 3190 caelorum
3369 3149 3535 3205 grano
3564 3133 3713 3186 sinu-

2065 3270 2106 3329 C
2139 3235 2240 3302 pis,
2264 3231 2404 3304 quod
2433 3231 2633 3286 brevius
2665 3229 2873 3301 quidem
2904 3239 2978 3283 est
3009 3229 3074 3282 ab
3109 3229 3352 3283 omnibus
3379 3226 3662 3281 seminibus
3692 3239 3716 3280 :

2140 3339 2255 3377 cum
2290 3336 2466 3378 au'rm
2513 3324 2755 3388 creverit,
2788 3321 2961 3393 majus
2993 3319 3054 3390 ﬁt
3103 3321 3346 3374 omnibus
3386 3319 3614 3373 oleribus
3643 3317 3715 3372 ".

2141 3417 2206 3473 Et
2234 3415 2547 3486 przcdicatio
2573 3415 2623 3469 in
2660 3414 2941 3469 duodecim
2970 3421 3087 3467 erat
3110 3410 3390 3480 apostolis,
3419 3419 3473 3464 et
3496 3407 3720 3463 .ludais-

2142 3523 2262 3563 mus
2289 3516 2344 3562 et
2368 3506 2640 3578 gentilitas
2671 3516 2809 3561 erat.
2841 3503 2974 3559 Cum
3006 3513 3186 3558 autem
3226 3503 3417 3567 crevit,
3439 3498 3722 3570 superavit

2141 3611 2390 3671 utraque.
2436 3598 2526 3655 lsti
2577 3609 2703 3653 ante
2751 3611 2966 3653 crucem
3018 3608 3296 3650 sermones
3345 3600 3512 3658 sunt,
3592 3597 3721 3659 post

2142 3707 2362 3749 crucem
2401 3701 2581 3745 autem
2618 3705 2782 3759 Opera
2827 3703 2948 3758 quis
2990 3686 3252 3740 videmus.
3300 3683 3520 3738 Interim
3556 3697 3722 3736 vene-

2142 3794 2269 3840 runt
2293 3783 2510 3853 quidem
2545 3780 2800 3852 gentiles,
2830 3788 2885 3834 et
2912 3779 3102 3833 dicunt
3126 3774 3377 3846 Philippo
3412 3792 3425 3829 :
3466 3773 3719 3827 Volumus

2140 3875 2322 3932 Jesum
2351 3876 2525 3931 videre
2553 3873 2625 3941 “,
2676 3881 2731 3926 et
2773 3873 2902 3926 dicit
2937 3867 3136 3925 Jesus:
3171 3865 3325 3922 Venit
3352 3867 3506 3930 hora,
3539 3865 3720 3920 crucis

2146 3970 2329 4032 timor,
2373 3979 2428 4021 ut
2458 3966 2787 4036 gloriﬁcatur
2824 3961 2999 4016 Filius
3038 3961 3262 4016 hominis
3287 3960 3350 4014 ".
3389 3960 3549 4023 Dicit,
3589 3956 3718 4027 quia

2141 4076 2264 4117 cum
2315 4061 2608 4115 crucilixus
2664 4058 2822 4112 fuero
2873 4054 3234 4124 gloriﬁeabor.
3281 4051 3392 4107 Hoc
3421 4051 3577 4115 dixit,
3609 4065 3717 4103 non

2143 4154 2256 4218 fiat,
2298 4164 2354 4206 et
2385 4160 2632 4205 mortuus
2658 4159 2760 4203 est.
2799 4147 2856 4203 Si
2887 4154 3064 4200 autem
3097 4143 3344 4214 praedixit
3373 4153 3422 4196 et
3449 4157 3544 4211 per
3570 4155 3719 4194 mor-

2143 4252 2249 4300 tem
2299 4242 2549 4313 perfecit,
2598 4257 2632 4296 o
2679 4240 2915 4311 potentia
2966 4237 3182 4290 virtutis
3230 4250 3326 4305 per
3348 4249 3410 4288 ea
3443 4247 3562 4304 qua:
3608 4248 3715 4286 non

2142 4345 2270 4392 sunt
2313 4335 2513 4390 fortia!
2564 4334 2671 4388 Sed
2718 4331 2880 4386 nolite
2913 4327 3141 4397 fatigare
3181 4327 3247 4381 de
3289 4324 3716 4388 resurrectione,

2141 4429 2195 4485 in
2250 4428 2340 4484 die
2374 4425 2758 4496 assumptiouis
2805 4423 3012 4478 audire.
3063 4417 3355 4474 Festivitas
3400 4426 3484 4472 est
3533 4416 3712 4487 primo

2142 4521 2372 4585 animas,
2413 4531 2468 4574 et
2505 4520 2578 4574 ita
2618 4525 2832 4573 ventres
2865 4515 2964 4588 (1).
3000 4514 3186 4570 Primo
3215 4513 3376 4567 debes
3402 4510 3724 4566 condiscere

466 4618 589 4679 pler
621 4608 889 4672 ῖτυεῑυῐπς
923 4616 978 4662 ει
1018 4607 1144 4676 (Ιηῖδ
1192 4613 1246 4659 ei
1286 4603 1614 4675 Pauperi!”8
1642 4603 1810 4657 dom“
1855 4599 2040 4654 ίιιουτ·
2073 4612 2120 4682 D_
2143 4614 2227 4671 cui
2268 4613 2484 4668 feriaris
2515 4629 2530 4680 ;
2567 4612 2746 4682 primo
2793 4611 2956 4666 debes
2987 4618 3284 4680 agnoscere
3317 4605 3442 4674 quia
3486 4602 3618 4655 vivit
3663 4599 3720 4654 ir.

469 4699 666 4754 rentia.
700 4700 958 4755 Dominus
987 4709 1166 4753 autem
1215 4698 1281 4751 ad
1316 4699 1617 4752 irascentes
1666 4709 1682 4747 :
1727 4692 1923 4754 Nolite,
1961 4690 2044 4743 in-

467 4791 605 4859 quit,
646 4807 891 4860 quarere
916 4793 1044 4862 quid
1073 4806 1176 4863 ego
1207 4791 1392 4858 velim,
1437 4789 1531 4846 sed
1559 4788 1684 4859 quis
1723 4795 1777 4841 et
1813 4800 1933 4856 quae
1961 4792 2047 4837 est

469 4882 726 4940 voluntas
750 4888 870 4954 ejus
899 4884 989 4953 qui
1013 4883 1238 4940 immisit
1271 4883 1406 4955 (98).
1439 4881 1613 4937 Nolite
1641 4894 1761 4933 esse
1789 4876 1998 4932 molesti
2026 4892 2042 4930 :

468 4975 598 5031 fecit
639 4977 808 5035 enim.
860 4976 1014 5043 Quod
1064 4987 1244 5033 autem
1297 4975 1426 5032 fecit
1469 4975 1594 5038 ista,
1647 4987 1752 5027 non
1804 4970 2041 5040 ignorat.

466 5069 805 5126 Prtenuntiat
849 5071 955 5126 ista
1001 5085 1177 5126 meam
1225 5080 1478 5125 mortem.
1536 5067 1849 5124 immittitur
1892 5065 2037 5119 enim

468 5160 720 5231 gentibus
749 5161 839 5229 qui
879 5160 1186 5217 moriuntur
1207 5171 1559 5230 unguentum.
1593 5159 1659 5214 Et
1693 5173 1795 5213 una
1819 5155 2039 5228 quidem

469 5251 780 5319 praedicatio
825 5254 952 5322 quia
999 5253 1261 5307 morietur
1297 5269 1314 5307 :
1358 5253 1450 5307 sed
1497 5252 1600 5307 ista
1638 5265 1742 5304 non
1779 5249 1850 5303 sit
1880 5247 2042 5302 mira-

471 5342 611 5400 bilis.
647 5345 810 5399 Addit
838 5348 984 5401 enim
1018 5365 1032 5400 :
1065 5348 1228 5401 Amen
1257 5361 1410 5400 amen
1440 5344 1557 5398 dico
1591 5343 1749 5405 vobis,
1777 5341 1898 5411 quia
1922 5355 2040 5394 cum

470 5436 818 5502 prtedicalum
861 5437 1025 5507 fuerit
1081 5454 1267 5491 nomen
1313 5452 1486 5490 meum
1543 5437 1599 5490 in
1649 5435 1790 5490 omni
1821 5432 2039 5498 mundo,

2145 4721 2252 4775 quo
2300 4704 2532 4758 habetur
2577 4718 2722 4773 spes,
2771 4712 2831 4758 ut
2869 4717 3093 4758 securus
3125 4703 3442 4756 manduces.
3476 4693 3532 4748 Si
3578 4694 3724 4747 mor-

2146 4806 2270 4851 tuus
2317 4805 2395 4850 est
2444 4795 2534 4864 qui
2572 4795 2917 4858 adhortatur,
2965 4792 3132 4863 lugeri
3166 4796 3400 4860 Oportet.
3445 4783 3502 4840 Si
3538 4793 3719 4838 autem

2145 4886 2294 4944 suasi
2347 4886 2612 4942 fuerimus
2640 4887 2765 4956 quia
2801 4887 2934 4940 vivit
2975 4896 3028 4939 et
3057 4882 3314 4949 viviﬁcat,
3338 4887 3392 4934 et
3419 4877 3464 4934 si
3498 4876 3722 4930 mandu-

2146 4978 2459 5034 caverimus
2486 4987 2541 5033 et
2587 4978 2907 5041 biberimus,
2947 4986 3002 5031 et
3040 4987 3378 5045 quascunque
3426 4968 3530 5023 alia
3576 4965 3724 5020 fece-

2147 5067 2354 5132 rimus,
2409 5067 2461 5121 in
2511 5065 2736 5138 gloriam
2791 5064 3028 5120 viventis
3080 5062 3362 5118 faciemus.
3420 5057 3725 5113 Suademus

2146 5159 2311 5229 igitur
2343 5168 2399 5212 et
2445 5168 2496 5212 ut
2529 5160 2830 5228 gaudentes
2854 5157 3156 5228 epulemur.
3202 5155 3367 5211 Putas
3395 5152 3542 5207 enim
3589 5149 3720 5219 quia

2147 5251 2323 5306 adhuc
2355 5251 2692 5307 necessarius
2729 5266 2908 5305 sermo
2945 5258 3049 5305 est.
3101 5248 3290 5303 Adhuc
3331 5246 3478 5302 enim
3526 5242 3722 5298 suade-

2148 5358 2287 5396 mur.
2316 5339 2492 5396 Unum
2519 5342 2664 5396 enim
2713 5358 2778 5396 ex
2839 5341 2924 5394 bis
2950 5357 3070 5409 quae
3099 5339 3242 5394 dicta
3277 5347 3406 5393 sunt
3445 5351 3550 5391 non
3605 5332 3724 5389 suf-

2160 5434 2274 5489 ficit
2304 5442 2359 5488 et
2400 5435 2631 5505 lapidein
2661 5435 3030 5490 comminuere
3062 5449 3077 5488 :
3111 5442 3288 5486 tamen
3327 5445 3490 5484 unum
3522 5445 3590 5485 ex
3637 5426 3724 5481 his

540 5617 584 5650 ⁸⁷
612 5618 804 5674 Matth.
830 5633 884 5680 v,
924 5619 1008 5672 15.
1087 5617 1132 5650 ⁸⁸
1176 5617 1305 5672 ibid.
1339 5615 1427 5670 14.
1497 5614 1542 5646 ⁸⁸
1573 5613 1759 5668 Matth.
1783 5628 1895 5672 3m,
1924 5611 2011 5665 18.

2167 5613 2295 5668 ibid.
2375 5611 2418 5643 "
2451 5611 2640 5665 Matth.
2674 5626 2825 5673 xxvi,
2853 5611 2909 5676 6,
2934 5611 2985 5664 7.
3065 5611 3114 5642 "
3146 5609 3276 5664 ibid.
3312 5609 3400 5662 15.
3453 5606 3501 5639 ⁸³
3527 5602 3722 5661 Matth.

473 5704 666 5754 xxviii,
694 5687 780 5744 19.
880 5691 927 5723 ⁸⁸
952 5689 1139 5743 Matth.
1171 5703 1290 5752 xui,
1332 5687 1421 5742 55.
1501 5685 1544 5716 ’⁵
1579 5685 1707 5738 ibid.
1735 5684 1824 5741 5|.

547 5848 659 5916 (98)
705 5847 808 5912 Qui
843 5849 1077 5902 immisit.
1111 5847 1271 5916 Forte
1300 5846 1389 5915 qui
1421 5862 1497 5898 me
1525 5846 1684 5898 misit.

543 5915 652 5978 {99)
694 5917 929 5972 Susuecti
958 5929 1100 5970 sunt.
1129 5915 1232 5971 Pro
1263 5915 1484 5978 suscepti
1510 5926 1650 5968 sunt.

1899 5683 1943 5715 "
1970 5682 2126 5740 Juan.
2163 5701 2265 5748 xu,
2298 5682 2388 5736 2|.

2463 5682 2507 5714 ⁸⁷
2562 5682 2687 5736 ibid.
2719 5683 2811 5737 ‘23.

2222 5838 2297 5907 (Ι)
2340 5839 2403 5892 Et
2440 5841 2514 5892 ita
2550 5852 2765 5894 ventres.
2799 5841 3058 5901 Subaudi,
3112 5857 3318 5899 curare.
3362 5839 3426 5894 Et
3466 5841 3560 5907 ita,
3585 5837 3725 5896 forte

2147 5926 2213 5966 ex
2243 5909 2428 5966 Graeco
2459 5911 2548 5963 καὶ
2581 5907 2718 5974 εἶτα,
2756 5912 2806 5968 id
2835 5922 2920 5967 est
2954 5923 2997 5965 et
3022 5913 3227 5967 deinde.
