4134 6452
347 465 495 514 HL")

1352 461 1440 513 DE
1479 457 1941 514 INCORPORALI
1979 459 2066 514 ET
2107 459 2450 515 INVISIBILI
2492 458 2644 515 DEO.

3467 461 3600 516 HN

347 583 595 635 addam.
633 581 823 636 Omnia
853 582 996 635 enim
1041 592 1099 634 ιιι
1141 581 1340 644 dicam,
1388 597 1487 636 nec
1520 581 1772 636 saeculum
1824 583 1937 636 suf-
1968 597 2012 652 Α
2050 584 2173 649 quia
2202 583 2496 637 moriturus
2525 596 2664 647 sum,
2706 591 2760 636 et
2785 580 3066 638 exaltabor
3095 583 3147 636 in
3172 597 3408 647 crucem,
3435 594 3525 638 aut
3553 586 3603 638 in

347 669 489 724 ﬁcit.
554 672 882 727 Mensurabo
936 689 1067 727 sane
1115 682 1396 726 tractatum
1431 683 1648 742 pr0pter
1678 687 1926 739 corpora,

346 763 592 821 propter
638 756 1014 818 festivitatem,
1073 765 1288 824 propter
1346 755 1713 810 refectionem.
1787 756 1934 811 Dicit

347 844 564 898 iterum
617 847 872 900 Dominus
911 866 924 900 :
961 846 1194 902 Granum
1243 849 1407 902 tritici
1440 849 1541 900 nisi
1574 850 1763 902 cadens
1795 865 1938 902 mor-

348 946 511 990 tuum
550 939 739 1004 fuerit,
790 940 958 1007 ipsum
1005 939 1174 991 solum
1226 949 1398 993 manet
1434 940 1498 992 ³³.
1548 939 1616 995 Ut
1669 941 1831 994 habet
1877 955 1936 995 se

348 1038 563 1082 natura
604 1029 812 1084 locutus
854 1038 957 1084 est.
1001 1029 1055 1082 Si
1089 1030 1230 1083 enim
1263 1029 1583 1084 seminatum
1618 1045 1721 1082 non
1750 1030 1932 1096 fuerit,

348 1120 570 1172 nudum
610 1137 835 1190 granum
868 1122 1122 1175 manebit.
1164 1121 1220 1174 Si
1273 1131 1452 1176 autem
1481 1123 1700 1186 cadens,
1739 1124 1933 1192 inquit,

347 1208 530 1263 fuerit
588 1223 885 1276 mortuum,
917 1223 975 1266 ut
1013 1223 1237 1267 testatur
1265 1228 1293 1266 a
1336 1224 1524 1268 natura
1551 1256 1566 1280 ,
1599 1215 1792 1270 multos
1822 1218 1935 1270 fru-

345 1311 480 1355 ctus
532 1301 718 1358 atl‘ert.
763 1303 828 1358 Et
857 1319 977 1374 ego,
1016 1306 1206 1373 inquit,
1242 1309 1286 1360 si
1331 1323 1434 1360 non
1482 1307 1636 1363 fuero
1669 1318 1932 1374 mortuus,

348 1403 465 1441 non
498 1389 702 1458 colligo
746 1411 758 1446 :
798 1392 840 1445 si
897 1406 1074 1446 autem
1112 1397 1311 1450 cadens
1359 1397 1410 1449 in
1462 1406 1660 1451 terram
1694 1408 1935 1454 mortuus

348 1481 541 1545 fuero,
579 1484 778 1537 multos
810 1484 1015 1540 fructus
1041 1485 1207 1540 ati‘ero
1249 1489 1540 1542 secundum
1574 1504 1801 1558 granum
1834 1490 1934 1544 tri-

351 1572 473 1626 tici.
513 1572 583 1627 Et
619 1590 714 1644 per
753 1577 1023 1631 modicum
1054 1579 1266 1644 quidem
1299 1593 1523 1647 granum
1567 1580 1820 1648 parabola
1854 1581 1937 1635 di-

352 1674 442 1718 cta
485 1675 600 1729 est,
646 1682 939 1738 permagna
973 1679 1150 1724 autem
1199 1671 1554 1724 admiratione
1597 1686 1732 1740 Opus
1759 1680 1936 1726 osten-

351 1756 531 1810 ditur.
575 1757 634 1812 Si
687 1759 852 1824 enim,
908 1760 1104 1828 inquit,
1142 1771 1384 1815 mortuus
1436 1777 1541 1815 non
1606 1762 1776 1827 fuero,
1830 1778 1934 1817 non

352 1849 586 1918 colligo.
642 1851 942 1920 Antequam
1001 1853 1142 1907 enim
1193 1863 1514 1917 moreretur,
1563 1863 1618 1908 et
1670 1853 1934 1908 mirabilia

2040 672 2211 726 caelos
2243 673 2397 742 (nihil
2432 675 2577 727 enim
2612 673 2860 742 prohibet
2892 685 3118 744 utraque
3149 675 3220 728 ita
3253 675 3523 746 intelligi),
3551 687 3605 732 et

2040 761 2251 814 traham
2293 777 2482 816 onmes
2531 764 2595 816 ad
2637 778 2722 817 me
2759 781 2772 816 :
2810 765 2947 818 dixit
2989 766 3292 820 modicum?
3324 767 3605 822 miremur.

2037 852 2143 905 Sed
2176 866 2430 920 magnum
2463 853 2591 921 quid
2626 852 2780 917 dixit,
2815 863 2869 906 et
2896 854 3159 907 modicum
3203 855 3368 911 fecit?
3390 857 3604 910 minua-

2036 958 2157 997 mus
2200 943 2636 995 admirationem.
2695 941 2751 997 Si
2803 953 2981 997 autem
3020 960 3269 1013 magnum
3308 947 3462 1010 dixit,
3496 963 3604 1000 ma-

2035 1047 2198 1101 gnum
2232 1044 2283 1086 et
2314 1031 2464 1095 fecit,
2497 1043 2547 1087 et
2586 1035 2685 1087 hoc.
2713 1048 2808 1102 per
2838 1049 3072 1096 crucem,
3108 1046 3162 1089 et
3192 1045 3311 1103 post
3337 1047 3599 1102 mortem;

2036 1123 2296 1191 pellamus
2342 1123 2734 1176 dubitationem
2787 1135 2840 1176 et
2885 1125 3240 1193 suscipiamus
3300 1128 3476 1182 fidem.
3535 1127 3600 1181 Et

2035 1212 2229 1266 iterum
2265 1214 2330 1266 ad
2367 1211 2580 1267 Iudaeos
2606 1215 2736 1267 dicit
2764 1214 2951 1267 eadem
2986 1231 3001 1268 :
3032 1215 3182 1279 Cum,
3223 1217 3415 1286 inquit,
3456 1218 3602 1271 exal-

2035 1304 2263 1358 taveritis
2301 1302 2502 1357 Filium
2533 1305 2784 1367 hominis,
2814 1312 2935 1356 tunc
2959 1306 3127 1358 scietis
3160 1308 3282 1376 quia
3313 1324 3404 1376 ego
3433 1326 3548 1362 sum
3579 1325 3598 1362 :

2035 1405 2084 1448 et
2112 1413 2141 1447 a
2173 1411 2259 1448 me
2291 1397 2400 1462 ipso
2429 1412 2532 1448 non
2571 1398 2708 1460 veni,
2731 1398 2820 1450 sed
2846 1415 2877 1451 a
2911 1396 3039 1464 Deo,
3070 1414 3186 1452 cum
3226 1414 3380 1464 opera
3410 1410 3599 1454 testata

2035 1485 2225 1555 fuerint
2275 1487 2356 1540 Itis
2383 1503 2497 1556 quia
2529 1487 2646 1539 dico
2680 1489 2719 1540 ¹.
2768 1486 2831 1539 lli
2867 1498 2993 1541 sunt
3037 1498 3223 1557 gustus
3268 1489 3600 1556 praedicatio-

2037 1593 2161 1631 num
2206 1577 2413 1631 Domini
2458 1592 2474 1630 :
2511 1577 2664 1646 plena
2701 1587 2882 1631 autem
2921 1576 3209 1644 Evangelia
3258 1588 3382 1632 sunt
3420 1581 3600 1635 volen-

2038 1669 2182 1723 tibus
2214 1669 2347 1722 bene
2393 1669 2606 1738 degere,
2639 1667 2778 1736 pleni
2824 1667 2992 1724 Actus
3040 1671 3402 1738 apostolorum
3450 1681 3600 1737 sunt,

2037 1769 2090 1813 et
2120 1759 2372 1828 Epistula:
2402 1760 2573 1823 Pauli,
2615 1769 2669 1814 et
2708 1761 2948 1815 civitates
2995 1762 3259 1815 mirabilia
3294 1763 3395 1835 (3),
3432 1763 3600 1832 plena

2040 1860 2167 1905 sunt
2197 1851 2358 1906 urbes
2395 1852 2517 1906 (ide.
2560 1851 2703 1905 Laus
2749 1853 2838 1905 uni
2876 1869 2980 1906 nun
3012 1863 3140 1907 nato
3171 1853 3301 1915 Deo,
3331 1856 3421 1924 qui
3453 1857 3601 1913 misit

352 1937 594 2006 faceret,
631 1957 733 1996 nec
774 1943 1053 1998 duodecim
1081 1944 1338 2014 collegit;
1395 1959 1499 1996 non
1529 1954 1938 2012 permanserunt
1970 1943 2010 1997 Β
2041 1942 2194 1997 nobis
2241 1958 2404 1996 unum
2455 1942 2622 1997 Deum
2670 1945 2999 2015 unigenitum
3055 1960 3208 1999 suum
3239 1945 3454 2010 Filium,
3509 1961 3602 2014 per

351 2032 508 2086 enim
549 2049 674 2087 cum
721 2049 806 2092 eo.
859 2036 1000 2091 Dicit
1041 2037 1182 2090 enim
1218 2054 1231 2090 :
1262 2037 1394 2102 Quia
1428 2035 1472 2089 si
1516 2050 1620 2088 non
1664 2051 1758 2090 ero
1792 2051 1930 2088 mor-

353 2133 508 2189 tuus,
545 2140 651 2179 non
686 2126 929 2198 colligam
957 2129 1032 2198 (2)
1060 2141 1074 2180 :
1107 2126 1236 2181 Cum
1269 2137 1442 2180 autem
1475 2126 1740 2179 exaltant:
1781 2126 1931 2194 fuero

355 2230 386 2264 ι
429 2226 608 2280 terra,
640 2233 814 2270 omnes
863 2218 1071 2272 traham
1118 2221 1186 2271 ad
1220 2234 1300 2271 me
1327 2219 1395 2270 θ’.
1444 2217 1556 2272 Hoc
1601 2216 1742 2285 quod
1773 2215 1927 2278 dixit,

2041 2049 2197 2102 quem
2244 2043 2326 2089 est
2369 2035 2417 2088 ei
2453 2037 2644 2104 gloria,
2678 2041 2868 2102 honor,
2921 2039 3224 2107 imperium,
3264 2039 3515 2108 majestas
3547 2040 3598 2092 in

2038 2123 2242 2192 Spiritu
2290 2135 2500 2192 sancto,
2538 2137 2592 2181 et
2645 2145 2811 2193 nunc,
2845 2140 2900 2185 et
2948 2145 3164 2201 semper
3193 2140 3247 2186 et
3281 2145 3376 2200 per
3417 2146 3596 2185 omnia

2035 2216 2226 2269 saecula
2258 2219 2593 2273 saeculorum.
2638 2221 2828 2275 Amen.

1316 2515 1875 2632 EUSEBII
1960 2514 2639 2629 PAMPHILI

812 2756 959 2845 DE
1037 2751 1854 2847 INCORPORALI
1926 2753 2080 2841 ET
2155 2753 2798 2844 INVISIBILI
2879 2755 3158 2850 ΠΕΟ.

433 3106 835 3179 incorporalem
869 3121 988 3162 esse
1018 3106 1179 3161 Deum
1207 3119 1339 3161 voce
1369 3119 1562 3174 magna
1597 3104 1921 3171 clamemus,
1956 3106 2002 3170 c
2031 3102 2122 3174 qui
2165 3112 2218 3160 et
2259 3103 2456 3159 animis
2509 3103 2692 3158 tribuit
2734 3113 2791 3158 et
2851 3103 3357 3174 incorporalitatem.
3404 3104 3601 3162 Paulus
3639 3161 3646 3166 _

355 3213 412 3254 et
448 3203 504 3255 in
534 3216 760 3269 corpore
785 3201 1083 3264 constituti,
1109 3209 1163 3253 et
1188 3215 1217 3250 a
1247 3199 1564 3267 corporibus
1595 3201 1932 3254 recedentes.

359 3292 564 3347 Vivent
602 3293 744 3346 enim
779 3292 969 3344 animo:
1006 3291 1434 3358 incorporaliter,
1465 3299 1518 3344 et
1553 3300 1674 3358 post
1707 3300 1934 3346 mortem

358 3385 758 3453 incorporalem
787 3383 881 3453 (4),
912 3393 964 3436 et
993 3383 1218 3436 necdum
1253 3397 1370 3450 qua:
1397 3397 1426 3435 a
1460 3380 1570 3437 Deo
1599 3391 1779 3436 creata
1812 3391 1936 3437 sunt

361 3485 572 3528 tantam
612 3477 808 3529 habent
846 3474 1181 3544 dignitatem.
1214 3473 1328 3542 Ipse
1373 3481 1551 3529 autem
1595 3475 1683 3543 qui
1723 3489 1852 3544 pura
1885 3484 1937 3531 et

360 3567 650 3638 perspicua
677 3577 925 3636 operatus
947 3577 1058 3632 est;
1089 3567 1444 3635 incorporalia
1473 3575 1627 3636 putas
1661 3569 1935 3638 operietur

361 3668 552 3713 mente
597 3659 964 3728 insipientium
1013 3657 1277 3726 corpore?
1336 3657 1722 3727 Consignemus
1771 3657 1934 3726 igitur

360 3760 586 3806 nostros
633 3752 896 3822 cogitatus
942 3765 971 3804 a
1007 3751 1198 3805 divinis
1233 3749 1546 3820 Scripturis.
1600 3751 1734 3817 Quia
1790 3749 1931 3804 enim

363 3842 497 3897 inde
548 3852 830 3897 moventur
879 3843 1232 3911 quaestiones,
1281 3843 1401 3896 inde.
1428 3843 1641 3897 veniant
1690 3853 1745 3897 et
1785 3843 1933 3897 solu-

365 3938 563 3989 tiones.
594 3935 784 3989 Anima
817 3935 1132 3989 immortalis
1170 3944 1273 4000 est,
1300 3945 1354 3988 et
1385 3936 1660 3999 passiones
1696 3937 1935 4005 corporis

365 4044 478 4083 non
531 4031 750 4081 veniunt
793 4029 857 4081 ad
905 4042 1045 4081 eam.
1096 4025 1198 4081 Per
1245 4043 1365 4081 eum
1434 4028 1575 4081 enim
1627 4043 1725 4096 per
1775 4043 1933 4098 quem

363 4120 547 4174 omnia
585 4120 722 4173 facta
769 4129 913 4183 sunt,
950 4130 1004 4172 et
1033 4121 1223 4172 animae
1262 4128 1460 4172 creatae
1504 4129 1651 4172 sunt.
1685 4119 1800 4188 ipse
1837 4121 1936 4174 hoc

364 4212 733 4278 pronumiavit
781 4211 1034 4265 Dominus
1075 4220 1128 4264 et
1172 4211 1304 4263 dixit
1348 4228 1360 4264 :
1408 4208 1587 4263 Nolite
1632 4213 1809 4264 timere
1849 4229 1934 4265 eos

362 4304 457 4372 qui
512 4305 752 4357 occidunt
804 4319 1016 4366 coruus,
1069 4304 1298 4356 animam
1343 4314 1516 4357 autem
1574 4320 1676 4358 non
1719 4312 1935 4374 possunt

365 4398 602 4452 occidere
657 4400 698 4450 ¹.
748 4397 862 4451 Νοιι
911 4397 1044 4450 dixit
1096 4395 1220 4463 quia
1271 4394 1454 4449 nolunt
1501 4397 1784 4461 occidere,
1836 4396 1929 4452 sed

365 4492 492 4560 quia
539 4507 640 4543 non
679 4498 929 4559 possunt,
974 4489 1181 4557 inquit,
1216 4489 1481 4542 occidere.
1534 4486 1751 4543 Natura:
1789 4490 1931 4543 enim

365 4583 562 4636 anima!
601 4582 894 4652 potentiam
940 4582 1136 4648 posuit,
1176 4588 1229 4635 et
1273 4595 1374 4634 non
1413 4580 1742 4650 propositum
1793 4580 1933 4634 deci-

365 4675 648 4744 pientium.
695 4673 750 4727 Si
792 4673 951 4741 igitur
1000 4682 1195 4726 nostrae
1233 4673 1449 4735 animae,
1489 4687 1606 4740 quae
1647 4670 1696 4723 in
1739 4684 1932 4739 corpo-

367 4768 515 4820 ribus
565 4777 619 4820 et
659 4766 802 4820 circa
856 4779 1079 4832 corpora
1133 4765 1415 4830 habentur,
1465 4779 1749 4832 corporum
1810 4778 1934 4831 pas-

366 4861 547 4912 siones
577 4874 679 4911 non
719 4857 1029 4918 admittunt,
1066 4857 1226 4908 etiam
1263 4855 1390 4908 dum
1425 4855 1621 4909 adsunt
1658 4853 1710 4907 in
1741 4867 1932 4921 corpo-

367 4952 550 5013 ribus;
597 4958 797 5018 quanto
833 4949 1000 5016 magis
1033 4947 1108 5017 (5)
1142 4947 1225 5000 his
1265 4947 1356 5016 qui
1397 4946 1679 5000 honoravit
1722 4947 1929 5000 animas

369 5043 693 5111 incorporali
745 5051 957 5105 natura,
1006 5042 1116 5110 ipse
1152 5041 1322 5110 magis
1351 5047 1430 5093 est
1459 5038 1829 5107 incorporalis,
1874 5047 1929 5092 et

366 5151 470 5189 non
508 5136 580 5188 ita
623 5134 972 5204 incorporalis
1015 5142 1070 5187 ut
1109 5132 1334 5186 animae?
1370 5129 1503 5185 Cum
1549 5131 1690 5183 enim
1732 5131 1796 5184 de
1846 5129 1928 5183 his

367 5230 694 5281 moverimus
741 5242 1074 5292 sermonem,
1118 5223 1613 5294 et'inquisierimus
1659 5221 1926 5290 quomodo

370 5317 720 5384 incorporalis
755 5317 823 5369 ab
881 5315 1304 5385 incorporalibus
1363 5312 1579 5378 diﬂ'ert;
1628 5321 1750 5364 tunc
1805 5326 1923 5365 cum

369 5407 478 5476 ipse
506 5408 646 5463 Deus
677 5410 995 5478 impertierit
1021 5408 1085 5463 de
1115 5408 1200 5461 bis
1239 5407 1540 5476 loquemur.
1583 5403 1799 5457 interim
1831 5417 1928 5454 au-

368 5508 474 5556 tem
508 5515 682 5556 motus
720 5509 801 5555 est
846 5516 1057 5563 sermo,
1084 5500 1209 5568 quia
1254 5500 1390 5552 Deus
1441 5495 1793 5564 incorporalis
1822 5504 1929 5557 est,

435 5596 480 5626 ⁹⁸
502 5590 657 5646 Joan.
707 5605 802 5654 xu,
836 5589 926 5644 ‘24.
1041 5590 1085 5621 ⁹⁹
1125 5590 1253 5644 ibid.
1312 5588 1398 5645 51.

369 5662 391 5694 ⁸
431 5663 618 5716 Matth.
654 5676 706 5723 v,
745 5663 795 5715 8.

396 5823 405 5832 ο
439 5753 516 5822 (2)
557 5751 652 5805 Ms.
690 5749 852 5818 Dicit,
880 5751 1004 5820 quia
1056 5750 1100 5802 si
1135 5766 1235 5803 non
1267 5765 1356 5802 ero
1399 5758 1650 5812 mortuus,
1687 5764 1788 5801 non
1830 5747 1930 5800 col-

373 5823 544 5892 ﬁgam.

439 5893 514 5950 l5)
557 5890 844 5945 Mirabilia.
877 5890 979 5946 Pro
1009 5889 1351 5943 mirabilibus.

1489 5589 1504 5617 ⁸
1544 5585 1698 5640 Joan.
1732 5599 1859 5651 vttt,
1899 5583 1990 5641 ‘28.

2037 3207 2214 3252 autem
2245 3209 2299 3253 et
2349 3198 2401 3251 in
2451 3213 2674 3266 corpore
2726 3197 3070 3263 constitutus,
3112 3207 3166 3252 et
3219 3198 3273 3251 in
3321 3213 3482 3256 carne
3525 3201 3601 3254 7i-

2036 3305 2188 3355 vens,
2223 3306 2326 3344 non
2356 3289 2569 3344 volebat
2613 3290 2665 3343 in
2696 3304 2861 3343 carne
2901 3304 3038 3344 esse.
3083 3289 3217 3343 Dicit
3265 3290 3450 3344 enim:
3493 3290 3606 3343 Au-

2035 3383 2162 3436 dent
2188 3383 2406 3451 quidam
2438 3390 2687 3451 putantes
2722 3395 2820 3435 nos
2851 3381 2900 3433 in
2929 3395 3089 3434 carne
3125 3379 3344 3446 vivere;
3384 3389 3438 3434 et
3473 3382 3601 3449 quia

2034 3475 2248 3528 vivebat
2282 3473 2332 3527 in
2363 3488 2546 3537 carne,
2587 3473 2731 3527 addit
2765 3489 2778 3526 :
2815 3470 2870 3526 In
2911 3486 3071 3526 carne
3106 3472 3253 3525 enim
3294 3473 3601 3539 constituti,

2036 3582 2140 3622 non
2172 3582 2233 3621 ea
2276 3581 2396 3635 quae
2422 3565 2605 3620 carnis
2643 3573 2769 3618 sunt
2811 3579 3096 3633 operamur
3121 3566 3163 3619 ³.
3200 3564 3255 3619 Si
3303 3566 3465 3634 igitur
3506 3567 3598 3633 qui

2035 3670 2151 3714 erat
2187 3659 2240 3712 in
2278 3673 2440 3712 carne
2480 3656 2816 3710 alacritatem
2851 3656 3138 3711 refundens
3186 3657 3237 3710 in
3278 3656 3467 3726 Spiritu
3517 3670 3604 3709 re-

2035 3753 2177 3807 cedit
2212 3768 2240 3805 a
2278 3765 2527 3819 corpore,
2559 3758 2758 3818 quanto
2793 3749 2962 3815 magis
3001 3748 3342 3802 immaculata
3365 3757 3421 3802 et
3452 3747 3602 3800 inac-

2036 3844 2299 3900 cessibilis
2337 3852 2389 3898 et
2427 3857 2556 3912 pura
2605 3842 2689 3895 illa
2736 3851 2924 3895 natura
2959 3840 3062 3895 hoc
3094 3841 3198 3894 erit
3237 3848 3292 3893 et
3331 3854 3599 3906 sermone,

2035 3939 2175 4008 quod
2212 3947 2295 3992 est
2331 3938 2392 3990 let
2450 3935 2685 3989 natura?
2737 3933 3005 3988 Habemus
3051 3949 3178 3987 sane
3219 3943 3273 3987 et
3321 3933 3372 3986 in
3419 3931 3599 3985 Evan-

2036 4031 2188 4100 geliis
2214 4031 2494 4099 scriptum,
2524 4028 2639 4097 ipso
2668 4026 2946 4081 Salvatore
2976 4025 3186 4080 dicente
3212 4043 3224 4079 :
3257 4025 3420 4078 Deum
3450 4039 3600 4076 nemo

2036 4122 2160 4174 vidit
2218 4136 2447 4174 unauam
2480 4119 2524 4174 ‘.
2587 4118 2813 4184 Nullus,
2872 4119 3078 4188 inquit.
3132 4133 3366 4185 unquam
3420 4117 3598 4172 vidit:

2034 4230 2221 4268 omnes
2257 4228 2514 4282 personas
2547 4210 2992 4279 comprehendit:
3021 4209 3199 4263 omnia
3243 4223 3349 4261 non
3395 4207 3594 4273 simul,

2037 4322 2140 4360 non
2167 4307 2498 4374 separatim;
2533 4319 2768 4374 unquatn
2799 4302 3035 4372 potuisse
3064 4301 3246 4355 videre
3281 4299 3446 4354 Deum
3478 4314 3601 4368 pro-

2039 4398 2338 4452 nuntiavit?
2364 4399 2542 4452 omnia
2580 4398 2752 4466 spatia
2788 4396 3235 4465 comprehendit:
3271 4402 3329 4447 ut
3362 4409 3430 4448 ne
3480 4392 3600 4461 quis

2038 4489 2263 4556 diceret,
2299 4490 2572 4558 prophetis
2605 4487 2871 4557 apparuit,
2903 4496 2994 4538 aut
3025 4484 3458 4554 iegislatorihattt
3494 4483 3600 4535 alio

2036 4581 2216 4635 alicui.
2254 4579 2393 4647 Quid
2439 4580 2607 4650 ergo?
2658 4580 2984 4632 mentiuntur
3028 4576 3317 4644 Scriptura!
3349 4588 3469 4644 quae
3518 4575 3598 4627 di-

2034 4683 2200 4728 cunt:
2238 4673 2368 4727 Veni
2407 4681 2460 4726 et
2488 4672 2624 4736 vidi,
2654 4678 2708 4724 et
2737 4670 2947 4723 audivi?
2976 4667 3222 4722 Vultihus
3264 4681 3367 4720 non
3407 4675 3489 4721 est
3524 4668 3599 4720 vi-

2035 4765 2209 4818 sibilis
2243 4764 2401 4818 Deus.
2443 4763 2904 4829 Quemadmodum
2927 4775 3056 4830 ergo
3093 4758 3471 4830 agnoscibilis?
3500 4757 3598 4823 Qui

2033 4865 2210 4910 autem
2249 4857 2395 4911 solus
2432 4856 2578 4910 novit
2608 4871 2729 4908 eum
2774 4853 2865 4922 qui
2913 4868 2971 4907 se
3013 4853 3215 4919 genuit,
3248 4851 3415 4903 dicit:
3451 4847 3598 4900 Beati

2035 4950 2228 5001 mundo
2261 4950 2436 5014 corde,
2485 4949 2730 5014 quoniam
2785 4947 2884 5006 ipsi
2937 4945 3105 4998 Deum
3157 4945 3396 4996 videbunt
3442 4942 3483 4994 ⁵.
3541 4940 3596 4994 Si

2033 5043 2176 5096 enim
2225 5042 2475 5107 dixisset,
2521 5040 2665 5094 Beati
2710 5039 2801 5109 qui
2849 5038 2992 5091 acuti
3041 5045 3166 5089 sunt
3200 5034 3390 5092 oculis,
3431 5031 3579 5084 dice-

2034 5149 2215 5188 remus
2260 5133 2380 5201 quia
2430 5134 2602 5187 oculis
2665 5130 3001 5198 mancipavit
3052 5129 3248 5181 visum.
3307 5125 3361 5178 Si
3418 5132 3594 5175 autem

2036 5225 2175 5278 sicut
2203 5225 2386 5279 oculus
2417 5239 2581 5292 purus
2622 5225 2764 5278 videt
2791 5238 2912 5290 qua:
2942 5220 3107 5275 oculis
3152 5227 3277 5271 sunt
3309 5214 3596 5277 naturalia,

2036 5314 2107 5367 ita
2157 5325 2212 5384 et
2243 5315 2419 5368 anima
2479 5314 2673 5368 munda
2720 5315 2867 5369 videt
2938 5328 3054 5382 qua:
3101 5320 3225 5365 sunt
3268 5323 3427 5377 supra
3477 5308 3596 5359 ani-

2037 5421 2214 5469 mam;
2250 5406 2342 5474 qui
2374 5406 2537 5460 corde
2568 5407 2800 5471 videtur,
2842 5404 3011 5459 oculis
3043 5418 3144 5457 non
3190 5400 3442 5454 videtur:
3479 5413 3596 5467 qua:

2038 5507 2215 5551 autem
2250 5498 2419 5553 oculis
2449 5498 2722 5560 videntur,
2767 5495 3045 5564 subiacent
3079 5495 3402 5549 motionibus
3447 5507 3595 5544 men-

2083 5589 2103 5619 ³
2144 5588 2329 5642 Matth.
2367 5588 2513 5652 x,28.
2601 5588 2621 5620 ³
2661 5587 2702 5642 ll
2728 5588 2851 5644 Cor.
2897 5604 2947 5656 ι,
2996 5589 3050 5643 5.
3147 5586 3169 5617 ⁸
3204 5585 3356 5641 Joan.
3413 5600 3454 5650 ι,
3504 5582 3590 5638 18.

2107 5743 2185 5809 (αἱ)
2235 5741 2331 5796 Ms.
2372 5751 2424 5795 et
2459 5752 2570 5808 post
2621 5752 2837 5798 mortem
2883 5753 3091 5812 propter
3121 5738 3522 5808 incorporalem.

2107 5815 2177 5882 (Si)
2225 5812 2338 5868 llis.
2373 5813 2475 5867 Pro
2497 5814 2559 5865 is.
