4134 6484
467 481 608 538 1115

1141 474 1414 533 EUSEBll
1451 470 1926 532 CAESARIENSIS
1962 469 2111 527 OPP.
2154 469 2330 526 PARS
2369 468 2460 526 Ν.
2499 502 2570 514 -
2605 459 3024 527 DOGMATICA.

3574 465 3712 520 1116

467 605 559 656 tis.
607 602 803 655 lterum
844 598 990 654 enim
1039 597 1236 652 Paulus
1273 598 1405 652 dicit
1437 616 1450 651 :
1493 596 1658 662 Quem
1711 575 2034 649 nemo-vidit
2063 599 2110 654 Α
2135 593 2332 648 mundo
2363 600 2500 656 erat,
2541 592 2809 662 quomodo
2845 590 2990 644 venit
3024 588 3077 642 in
3135 586 3424 641 mundum?
3455 585 3586 641 Cum
3622 603 3715 642 au°

465 693 758 756 hominum,
791 707 880 744 nec
909 690 1082 745 videre
1113 700 1278 760 potest
1304 691 1346 746 °.
1383 689 1518 756 Quia
1548 688 1691 744 enim
1719 696 1894 758 potest
1923 685 2037 740 ﬁeri

467 801 592 840 eum
639 786 728 853 qui
785 784 934 839 audit
986 798 1050 838 ea
1087 798 1206 853 quae
1255 797 1360 837 non
1407 782 1554 837 videt
1599 783 1868 851 cogitare;
1915 779 2038 848 quia

471 893 576 930 non
619 878 902 946 pervenit,
948 887 1041 932 aut
1081 876 1380 945 prohibitus
1425 885 1525 935 est.
1576 885 1666 928 aut
1701 874 1897 928 caelum
1934 887 2038 926 non

466 969 744 1035 permisit;
793 976 1078 1036 amputans
1134 980 1348 1021 onmem
1400 965 1763 1035 suspicionem
1809 966 2040 1032 Aposto-

468 1060 579 1124 lus,
611 1072 666 1114 et
697 1061 1119 1114 invisibilitatem
1153 1059 1258 1114 Deo
1299 1059 1606 1113 custodiens
1646 1055 1785 1126 quod
1818 1055 2042 1125 conjun-

468 1164 612 1208 ctum
656 1164 737 1208 est
771 1152 1125 1222 incorporali,
1163 1168 1266 1207 non
1300 1153 1470 1207 solum
1499 1152 1659 1214 dixit,
1700 1166 1849 1204 nemo
1883 1150 2039 1212 vidit,

469 1247 564 1299 sed
605 1262 695 1298 nec
743 1247 942 1310 videre,
989 1245 1191 1313 inquit,
1242 1253 1428 1312 potest.
1470 1243 1536 1297 Et
1583 1243 1725 1298 sicut
1772 1243 2042 1308 animam,

473 1350 582 1390 non
617 1337 740 1405 quia
770 1337 1046 1399 nolebant,
1078 1335 1172 1390 sed
1212 1336 1334 1403 quia
1380 1350 1484 1389 non
1516 1345 1765 1403 poterant
1795 1333 2045 1387 occidere

471 1440 688 1500 propter
741 1440 1006 1493 naturam,
1058 1429 1126 1483 ita
1178 1438 1233 1483 et
1281 1429 1405 1483 istic
1441 1429 1644 1482 dictum
1692 1437 1810 1493 est,
1873 1440 2046 1495 neque

470 1519 655 1574 videre
702 1528 961 1590 possunt:
989 1520 1112 1588 quia
1149 1534 1253 1572 non
1294 1518 1487 1573 caelum
1529 1517 1816 1572 obumbrat
1855 1531 1922 1571 ne
1965 1518 2049 1570 vi-

472 1611 682 1675 deatur,
713 1612 806 1666 sed
849 1621 1043 1666 natura
1082 1627 1187 1666 non
1240 1610 1735 1680 comprehenditur.
1768 1609 1840 1665 Ut
1866 1617 2043 1663 autem

472 1704 613 1759 scias
661 1703 789 1772 quia
835 1702 1030 1757 coelum
1077 1718 1183 1756 non
1231 1703 1407 1770 operit
1461 1717 1553 1756 eos
1598 1716 1664 1756 ne
1695 1700 1913 1755 videant
1957 1699 2047 1768 qui

472 1796 654 1850 videre
698 1811 800 1849 non
845 1804 1095 1863 possunt;
1142 1795 1362 1848 adverte
1407 1794 1534 1863 quid
1570 1794 1645 1847 ait
1697 1794 1812 1861 ipse
1859 1793 2044 1846 Deus:

475 1884 666 1938 Nonne
693 1885 875 1938 calum
904 1894 951 1938 et
985 1893 1183 1936 terram
1223 1900 1315 1952 ego
1349 1883 1538 1950 impleo
1559 1883 1620 1935 7?
1670 1881 1880 1936 Intuere
1921 1881 2044 1950 quia

2141 692 2246 738 tem
2296 683 2532 738 audieris
2572 682 2697 750 quia
2731 679 2867 735 Deus
2913 678 3144 732 ambulat
3174 680 3231 732 in
3266 678 3518 747 paradiso
3543 678 3608 742 "',
3637 679 3714 732 ita

2139 777 2261 831 audi
2295 784 2348 830 et
2375 775 2441 830 de
2468 773 2606 829 Filio
2644 774 2772 844 quia
2802 774 2968 829 venit.
3009 772 3150 841 Ergo
3173 779 3228 826 et
3257 785 3380 824 cum
3412 769 3647 826 audieris
3680 786 3711 825 a

2139 868 2450 938 propheta:
2501 865 2632 932 Quis
2679 875 2756 920 est
2813 868 2903 937 qui
2947 866 3086 919 venit
3133 881 3196 919 ea:
3242 861 3412 917 Edam
3450 863 3525 917 “l
3574 865 3719 918 sicut

2141 957 2290 1011 venit
2330 959 2416 1026 qui
2450 961 2603 1012 adest
2646 957 2698 1011 in
2738 958 2967 1021 mundo,
3011 956 3084 1011 ita
3124 955 3270 1010 venit
3319 955 3411 1024 qui
3458 954 3608 1009 venit
3647 969 3720 1008 ex

2141 1050 2333 1105 Edom.
2359 1051 2549 1106 Vestes
2577 1060 2758 1104 autem
2791 1049 2840 1103 ei
2883 1049 3075 1104 rubras
3122 1047 3375 1118 imposuit
3407 1046 3718 1117 prophetia,

2143 1158 2266 1197 eum
2298 1142 2485 1197 Daniel
2519 1141 2718 1196 dixerit
2747 1141 2866 1196 alba
2894 1156 3015 1197 esse
3050 1140 3167 1210 ejus
3202 1139 3548 1194 vestimenta.
3575 1137 3720 1192 Mota

2144 1243 2323 1290 autem
2367 1235 2520 1289 nobis
2555 1234 2730 1290 fuerat
2762 1236 2865 1290 ista
2907 1234 3132 1304 quaestio
3159 1243 3214 1288 et
3247 1232 3313 1287 de
3346 1232 3585 1287 vestibus
3614 1248 3629 1285 :
3660 1239 3725 1284 et

2145 1329 2192 1384 si
2228 1345 2332 1383 non
2373 1328 2560 1385 luisset
2595 1338 2773 1394 mota,
2803 1328 3028 1384 rationis
3067 1335 3186 1382 erat
3223 1342 3328 1381 non
3369 1339 3490 1381 eam
3535 1333 3721 1380 trans-

2148 1421 2248 1476 ire.
2281 1421 2670 1476 Condiscamus
2707 1421 2832 1490 quid
2862 1428 2946 1475 est
2981 1419 3122 1490 quod
3164 1419 3362 1474 dicitur
3395 1426 3574 1472 vestes
3617 1417 3685 1471 ba
3707 1446 3725 1458 ο

2148 1511 2277 1565 bere
2322 1510 2519 1574 Deum,
2559 1518 2614 1564 et
2654 1511 2752 1565 has
2793 1511 2950 1564 modo
2991 1510 3205 1574 rubras,
3247 1507 3406 1562 modo
3438 1517 3618 1562 autem
3652 1507 3729 1561 al-

2147 1602 2265 1657 bas.
2308 1602 2422 1657 Non
2471 1604 2613 1656 enim
2643 1607 2904 1673 jactatum
2939 1601 3114 1656 dicam
3150 1601 3313 1655 Deum
3354 1599 3409 1653 in
3455 1599 3726 1664 vestibus,

2146 1701 2202 1746 et
2243 1707 2384 1747 nunc
2413 1693 2628 1762 quidem
2677 1691 2747 1746 ita
2789 1690 2993 1756 vestiri,
3031 1705 3176 1746 nunc
3217 1699 3396 1745 autem
3432 1691 3559 1756 alia,
3607 1701 3732 1745 tan-

2147 1797 2306 1852 quam
2355 1783 2668 1839 obsole‘tatis
2720 1784 3020 1853 prioribus.
3085 1793 3177 1837 aut
3225 1798 3329 1838 non
3390 1783 3729 1838 obsoletatis.

2151 1875 2378 1940 Quidam
2410 1875 2502 1929 sed
2533 1874 2716 1929 volunt
2747 1877 2913 1929 Deum
2938 1875 2991 1928 in
3027 1874 3268 1929 vestibus
3305 1873 3567 1939 jactatum
3596 1887 3726 1928 esse

474 1977 629 2030 adest
673 1979 910 2045 quidem,
945 1992 1047 2029 non
1077 1977 1288 2030 videtur
1317 1987 1494 2030 autem
1531 1977 1652 2043 quia
1687 1985 1739 2028 et
1775 1977 1944 2028 adest.
1973 1973 2046 2027 lla
2079 1962 2123 2021 Β
2149 1973 2203 2019 et
2230 1965 2433 2018 clarum
2467 1967 2664 2031 videri.
2710 1974 2964 2034 tanquam
3017 1979 3126 2019 non
3171 1962 3400 2019 sufﬁciat
3439 1963 3490 2019 ei
3536 1974 3736 2018 natura

474 2069 672 2122 iterum
705 2068 844 2122 idem
876 2068 1166 2136 Apostolus
1197 2069 1262 2122 de
1296 2069 1576 2139 unigenito
1601 2068 1738 2122 Filio
1763 2068 1839 2122 ait
1866 2091 1876 2123 :
1907 2067 2045 2133 Quia

474 2171 551 2215 est
589 2161 762 2229 imago
804 2161 1084 2214 invisibilis
1113 2160 1273 2214 Dei“.
1308 2159 1364 2214 Si
1393 2162 1537 2214 enim
1579 2161 1807 2214 dixisset
1857 2160 2048 2230 imagi-

476 2268 596 2305 nem
630 2259 853 2316 tantum,
883 2266 1248 2319 quaereremus
1294 2253 1588 2306 secundum
1621 2254 1746 2322 quid
1785 2267 1926 2306 nunc
1957 2266 2048 2305 ac-

472 2342 618 2412 cepit
669 2341 1094 2395 similitudinem.
1151 2343 1208 2397 Si
1261 2351 1441 2396 autem
1495 2343 1660 2397 addat
1714 2344 2046 2412 imaginem,

472 2435 767 2489 secundum
814 2434 941 2504 quid
985 2434 1192 2503 accepit
1250 2434 1706 2488 similitudinem?
1757 2432 2045 2488 manifeste

474 2523 706 2576 dicens:
756 2521 1050 2577 Invisibilis
1089 2533 1173 2578 est
1219 2522 1398 2589 Pater,
1448 2524 1735 2578 invisibilis
1783 2535 1837 2579 et
1880 2523 2048 2579 Filius

473 2614 672 2670 Patris.
723 2613 877 2668 Sicut
925 2615 1068 2669 enim
1118 2616 1172 2670 in
1222 2614 1409 2670 Genesi
1456 2599 1716 2684 scriptum
1763 2625 1890 2670 est:
1937 2614 2050 2669 Fa-

473 2707 674 2757 ciamus
707 2705 964 2760 hominem
998 2709 1066 2759 ad
1106 2707 1388 2775 imaginem
1423 2717 1470 2759 et
1505 2706 1909 2760 similitudinem
1957 2723 2051 2760 no-

474 2802 639 2847 stram
664 2794 706 2858 ⁹,
739 2803 792 2848 et
827 2797 876 2848 in
920 2795 1269 2863 sequentibus
1311 2795 1548 2850 ostendit
1589 2796 1884 2850 secundum
1923 2795 2054 2864 quid

475 2885 905 2938 similitudinem.
949 2886 1040 2938 Ait
1087 2885 1270 2938 enim:
1306 2884 1379 2937 Et
1411 2887 1712 2939 dominetur
1745 2903 1904 2952 supra
1945 2898 2050 2940 ter-

476 2992 589 3029 ram
633 2976 873 3030 omnibus
918 2977 1147 3042 piscibus
1197 2979 1380 3041 maris,
1413 2987 1462 3030 et
1499 2977 1794 3032 volatilibus
1826 2978 1972 3044 cuzli,
2005 2987 2055 3031 et

475 3066 794 3120 animalibus
828 3077 980 3119 terra:
1010 3065 1073 3118 ιο.
1122 3066 1189 3118 Ει
1228 3065 1490 3134 accipitur
1532 3065 1826 3119 secundum
1870 3064 2058 3135 imagi-

479 3173 600 3211 nem
641 3173 742 3211 nou
774 3157 916 3211 aliud
943 3157 1042 3210 nisi
1067 3158 1156 3226 qui
1188 3173 1216 3208 a
1242 3171 1365 3223 rege
1397 3157 1504 3210 Deo
1561 3156 1811 3210 omnibus
1849 3157 2054 3210 consti-

479 3259 596 3302 tuto
631 3264 723 3302 rex
769 3249 861 3304 liet
913 3258 968 3302 et
1015 3249 1176 3302 homo
1218 3261 1407 3301 eorum
1473 3261 1592 3316 qua:
1641 3259 1803 3316 supra
1855 3257 2054 3302 terram

477 3350 622 3394 sunt.
665 3339 730 3394 Et
768 3340 1082 3395 dominante
1120 3340 1226 3393 Deo
1265 3337 1514 3394 erunibus
1549 3339 1631 3394 liis
1666 3354 1786 3409 qua:
1827 3338 2055 3409 fecitjn

478 3431 619 3487 uelo
645 3440 700 3485 et
726 3433 778 3485 in
816 3441 982 3494 terra,
1009 3430 1374 3485 dominabitur
1402 3439 1458 3484 et
1497 3429 1658 3485 homo
1693 3431 1945 3484 omnibus
1972 3430 2058 3485 his

476 3538 613 3594 quos
645 3524 968 3593 susceperit.
1001 3521 1154 3577 Sicut
1200 3522 1344 3576 enim
1390 3521 1500 3577 illic
1539 3522 1836 3577 similitudo
1865 3537 2058 3577 secun-

479 3617 604 3668 dum
648 3614 939 3684 imaginem
999 3614 1242 3669 salvatur
1283 3613 1337 3666 in
1385 3613 1843 3679 dominationem;
1893 3614 1967 3668 ita
2005 3622 2060 3668 et

477 3705 600 3760 istic
644 3707 783 3775 quod
826 3706 1061 3769 dicitur,
1108 3705 1198 3776 qui
1237 3715 1320 3760 est
1370 3705 1544 3772 imago
1596 3705 1884 3761 invisibilis
1927 3705 2061 3774 Dei,

479 3798 766 3851 confitetur
811 3799 939 3866 quia
985 3797 1125 3852 sicut
1171 3795 1337 3854 Pater
1391 3796 1677 3852 invisibilis
1722 3807 1836 3863 est,
1891 3798 1962 3851 ita
2005 3807 2062 3852 et

481 3889 649 3945 Filius
685 3891 800 3956 Dei,
835 3893 924 3960 qui
970 3899 1054 3946 est
1097 3891 1276 3960 imago
1319 3890 1495 3946 Patris
1540 3892 1847 3956 invisibilis,
1880 3893 2051 3946 habe-

483 3992 589 4036 tur.
619 3982 798 4054 Imago
827 3984 969 4037 enim
1001 3984 1408 4038 similitudinem
1449 3984 1691 4040 exhibet.
1723 3984 1790 4038 Et
1825 3983 1966 4038 sicut
1993 3983 2060 4037 de

483 4075 643 4130 Patre
686 4077 884 4130 dictum
913 4085 1013 4139 est,
1053 4077 1160 4130 imo
1191 4079 1258 4132 ab
1287 4077 1390 4130 isto
1418 4077 1613 4133 Patre:
1647 4076 1843 4131 Catum
1877 4086 1921 4128 et
1960 4088 2059 4132 ter-

481 4183 594 4220 ram
625 4183 715 4236 ego
756 4168 942 4234 impleo
969 4168 1032 4232 “,
1068 4178 1122 4223 et
1154 4184 1276 4223 cum
1326 4169 1481 4224 adest
1518 4171 1768 4224 omnibus
1820 4187 1922 4225 non
1977 4172 2060 4224 vi-

481 4260 682 4313 detur:
721 4259 794 4312 ita
829 4268 882 4313 et
912 4258 978 4313 de
1015 4259 1151 4313 Filio
1183 4259 1386 4313 dictqu
1427 4268 1545 4314 est:
1582 4259 1650 4314 In
1688 4261 1886 4314 mundo
1926 4271 2058 4327 erat,

480 4358 532 4404 et
562 4351 783 4403 mundus
810 4367 925 4404 eum
955 4367 1057 4405 non
1084 4353 1324 4420 cognovit
1352 4352 1421 4406 ".
1448 4349 1516 4404 Et
1544 4361 1693 4406 certe
1725 4352 1858 4406 dicit
1892 4353 2064 4407 EYalt-

482 4442 678 4511 gelium
716 4461 730 4496 :
769 4443 893 4498 Erat
945 4445 1116 4497 lumen
1155 4459 1332 4496 verum
1362 4443 1423 4497 ¹³.
1473 4443 1680 4497 Lumen
1740 4453 1920 4498 autem
1983 4446 2063 4499 vi—

483 4538 640 4590 detur
683 4537 1022 4591 conducibile
1055 4552 1174 4592 esse
1224 4541 1414 4596 oculis.
1465 4537 1720 4592 Naturale
1772 4540 1917 4592 enim
1974 4549 2060 4594 est

2145 2073 2240 2113 sua
2271 2076 2284 2110 :
2319 2068 2372 2111 ut
2415 2073 2556 2111 nunc
2591 2059 2804 2127 quidem
2847 2057 2967 2111 aliis
3003 2057 3243 2113 vestibus
3289 2058 3541 2124 indutus,
3575 2059 3739 2113 nobis

2149 2149 2333 2204 sedeat
2381 2148 2675 2202 secundum
2729 2147 3025 2212 Danielem,
3077 2162 3219 2202 nunc
3263 2156 3444 2202 autem
3491 2147 3612 2202 aliis
3644 2148 3736 2201 in-

2148 2237 2308 2292 dutus
2337 2238 2518 2293 veniat
2554 2241 2848 2292 secundum
2896 2239 3110 2294 Isaiam.
3149 2239 3256 2293 Sed
3292 2239 3375 2292 ba:
3417 2239 3548 2307 ipsa:
3588 2254 3742 2308 quae-

2149 2331 2349 2386 stiones
2392 2331 2561 2402 magis
2603 2333 2755 2386 nobis
2807 2333 3232 2402 interpretantur
3283 2343 3553 2388 naturam.
3602 2331 3740 2399 Quis

2150 2423 2316 2486 enim,
2351 2421 2547 2491 inquit,
2579 2433 2652 2476 est
2685 2423 2775 2492 qui
2801 2424 2935 2477 venit
2964 2439 3029 2477 ea;
3060 2421 3252 2488 Edam,
3283 2425 3582 2494 interrogat
3614 2440 3742 2496 pro-

2150 2514 2342 2583 pheta,
2389 2515 2549 2566 rubra
2595 2516 2898 2569 vestimenta
2949 2515 3142 2570 habens
3194 2531 3260 2570 ea:
3311 2514 3590 2571 Bosor"?
3632 2517 3739 2570 Ista

2150 2605 2292 2659 enim
2331 2604 2470 2660 illius
2507 2607 2740 2660 nationis
2775 2605 3089 2676 metropolis
3127 2615 3265 2662 erat.
3297 2606 3595 2675 Respondit
3642 2621 3745 2678 per

2153 2703 2257 2758 hoc
2300 2703 2522 2772 spiritus
2573 2703 2848 2773 propheta:
2891 2703 2982 2772 qui
3039 2702 3474 2773 interrogaverat
3514 2721 3528 2757 :
3567 2703 3744 2772 magis

2153 2805 2332 2849 autem
2375 2796 2594 2864 spiritus
2629 2796 2768 2850 Deus
2801 2805 3029 2866 utraque
3067 2795 3197 2850 facit
3229 2810 3244 2859 ;
3281 2803 3336 2850 et
3377 2796 3737 2867 interrogavit

2155 2886 2436 2956 pr0pheta,
2479 2895 2531 2938 et
2563 2885 2851 2953 reSpondet
2893 2895 2951 2940 ut
2993 2885 3133 2940 Deus
3179 2901 3193 2938 :
3229 2883 3364 2955 Ego,
3400 2885 3608 2954 inquit,
3644 2886 3741 2956 qui

2155 2976 2339 3046 loquor
2372 2962 2640 3044 justitiam
2675 2975 2736 3031 ’⁸.
2781 2975 2910 3042 Cur,
2972 2976 3180 3044 inquit,
3227 2977 3405 3030 rubrae
3460 2985 3587 3030 sunt
3632 2985 3745 3030 tua:

2157 3066 2368 3121 vestes?
2406 3067 2570 3121 Dicit:
2593 3067 2848 3121 Torcular
2881 3067 3077 3122 calcavi
3105 3069 3250 3122 solus
3277 3069 3342 3120 ¹⁹.
3384 3068 3441 3123 Si
3481 3078 3740 3138 quantum

2158 3158 2223 3211 ad
2258 3157 2456 3211 dictum
2490 3167 2727 3226 spectat,
2773 3158 2897 3227 quia
2937 3171 3218 3212 sermones
3262 3159 3417 3213 nobis
3462 3159 3746 3228 proferunt

2161 3249 2362 3303 inimici
2415 3269 2430 3302 :
2475 3250 2828 3319 incorporalis
2865 3251 3120 3315 torcular,
3159 3250 3360 3319 inquit,
3407 3249 3648 3316 calcavi;
3691 3259 3752 3303 et

2161 3342 2303 3398 sicut
2347 3342 2638 3398 toreularia
2699 3359 2885 3412 sparsa
2933 3353 3057 3399 sunt
3107 3344 3441 3398 vestimenta
3496 3343 3646 3413 ejus,
3693 3354 3752 3397 et

2161 3433 2392 3490 rubredo
2443 3435 2722 3504 quaedam,
2763 3451 2868 3490 non
2917 3445 3096 3492 tamen
3145 3435 3368 3500 fucatio,
3409 3443 3530 3489 erat
3571 3434 3749 3488 vesti-

2161 3535 2460 3581 mentorum
2505 3528 2806 3594 naturalis,
2855 3542 3032 3598 neque
3085 3528 3175 3582 illa
3241 3542 3362 3598 qua:
3400 3541 3467 3582 ex
3514 3526 3753 3581 artificio

2162 3617 2278 3672 fieri
2327 3607 2629 3674 consuevit.
2679 3619 2785 3674 Sed
2835 3619 2964 3690 quid
3021 3619 3219 3674 erant?
3263 3619 3604 3688 aspersiones
3643 3619 3755 3672 uti-

2161 3724 2283 3778 que,
2314 3717 2426 3762 uta
2460 3709 2712 3764 torculari
2750 3709 2864 3766 fieri
2907 3711 3044 3766 solet
3077 3726 3463 3781 nonnunquam
3502 3711 3629 3765 vino
3653 3710 3749 3777 ja-

2162 3809 2388 3853 ctatum.
2421 3799 2558 3866 Quid
2604 3816 2734 3873 ergo
2776 3802 2828 3856 in
2873 3801 3042 3857 Edom
3090 3803 3251 3857 habet
3285 3803 3424 3858 Deus
3474 3802 3756 3858 torcular?

2163 3892 2219 3946 Si
2251 3893 2373 3962 quis
2405 3904 2583 3950 autem
2629 3895 2920 3951 calcaverit
2967 3897 3225 3964 torcular,
3258 3897 3523 3966 justitiam
3569 3897 3754 3967 loqui-

2164 3991 2268 4037 tur.
2299 3983 2358 4038 Si
2404 3994 2580 4040 autem
2623 3987 3027 4045 considerantes
3069 3990 3438 4046 invenerimus
3466 4005 3586 4059 quae
3629 3999 3754 4044 erat

2163 4075 2264 4130 ista
2296 4091 2449 4145 gens,
2477 4088 2532 4131 et
2561 4093 2664 4147 qua
2695 4079 3042 4136 damnatione
3073 4081 3301 4136 debiti-ix
3339 4083 3663 4149 habebatur,
3694 4094 3754 4138 et

2163 4183 2322 4236 quam
2363 4168 2655 4223 vindictam
2697 4169 2764 4225 de
2807 4171 2995 4226 eadem
3030 4173 3157 4227 fecit
3197 4173 3372 4238 Deus,
3417 4183 3472 4229 et
3511 4189 3619 4242 quo
3663 4174 3752 4227 in-

2167 4259 2768 4330 terficiunturjudicio:
2813 4277 3168 4335 agnoscemus
3196 4267 3319 4334 quia
3354 4267 3592 4320 torcular
3631 4281 3740 4320 non

2162 4361 2245 4408 est
2299 4353 2570 4419 torcular,
2617 4357 2710 4410 sed
2768 4356 3005 4411 vindicta
3056 4372 3152 4427 per
3223 4358 3562 4427 sanguinem.
3606 4359 3754 4413 Esau

2165 4453 2344 4499 autem
2392 4447 2461 4500 ob
2506 4447 2714 4501 ventris
2776 4448 3097 4502 edacitatem
3157 4449 3467 4503 distraheus
3523 4462 3753 4519 pr0pter

2164 4543 2409 4590 ventrem
2460 4544 2670 4589 natura:
2712 4537 3014 4604 primitias;
3056 4536 3180 4604 quia
3226 4536 3371 4590 enim
3433 4536 3536 4590 hoc
3575 4537 3751 4605 ipsum

483 4625 693 4691 lumini,
721 4638 776 4680 ut
807 4643 900 4696 per
937 4643 1059 4682 cum
1105 4629 1334 4684 visibilia
1373 4629 1679 4684 videantur.
1712 4629 1816 4684 Sed
1853 4632 1896 4684 si
1933 4629 2063 4684 sim-
2095 4649 2140 4704 ι)
2167 4626 2548 4682 incontinentia
2590 4635 2739 4694 erat,
2785 4643 2852 4683 ex
2893 4629 3024 4682 vitio
3069 4629 3256 4683 habuit
3295 4639 3349 4683 et
3387 4629 3750 4697 nuncupatio-

482 4719 694 4788 pliciter
733 4720 908 4775 lumen
948 4722 1207 4788 dixisset,
1252 4726 1536 4793 oportebat
1581 4739 1678 4778 nos
1725 4725 1792 4778 de
1837 4724 1938 4779 hoc
1982 4725 2057 4778 lu-

484 4809 631 4865 mine
663 4812 924 4881 suspicari
954 4815 1178 4878 dictum,
1221 4824 1273 4870 et
1313 4817 1380 4872 de
1410 4819 1526 4872 istis
1561 4818 1750 4872 oculis.
1796 4817 1900 4872 Sed
1940 4819 2065 4888 quia

484 4918 590 4956 non
625 4902 944 4970 simpliciter
976 4905 1108 4958 dicit
1158 4907 1336 4962 lumen
1367 4927 1380 4963 :
1416 4911 1512 4964 sed
1553 4921 1697 4977 erat,
1744 4911 1949 4981 inquit,
1982 4911 2065 4964 lu-

481 5014 599 5052 men
633 5013 809 5051 verum
836 4997 916 5050 ηε
960 4997 1112 5067 pellit
1145 5000 1285 5053 istud
1318 4999 1496 5056 lumen
1539 5003 1680 5071 quod
1725 5018 1910 5056 verum
1959 5019 2062 5057 non

482 5100 585 5144 est.
636 5087 768 5142 Erat
818 5088 992 5142 lunten
1030 5105 1204 5142 verum
1248 5092 1455 5145 ueniens
1502 5091 1557 5145 in
1607 5091 1742 5145 hunc
1786 5094 2061 5147 mundum.

483 5179 618 5245 Quia
661 5181 806 5234 enim
841 5181 977 5234 dixit
1005 5181 1241 5246 veniens,
1271 5183 1506 5252 suspicio
1535 5192 1651 5238 erat
1681 5184 1804 5253 quia
1842 5186 2063 5240 veniens

485 5271 719 5323 nondum
752 5270 1064 5325 advenerat.
1091 5269 1341 5325 lncidens
1385 5282 1563 5326 autem
1606 5275 1871 5328 sermonis
1911 5275 2061 5329 inﬁr-

484 5362 723 5417 mitatem
760 5365 1101 5420 confirmavit
1131 5365 1327 5418 mentis
1371 5365 1720 5420 intellectum.
1751 5367 1884 5435 Quia
1914 5371 2058 5422 enim

483 5453 651 5518 dixit,
703 5453 834 5507 Erat
883 5456 1057 5510 lumen
1111 5471 1299 5511 verum
1349 5457 1571 5511 veniens
1611 5459 1662 5510 in
1712 5459 1854 5511 hunc
1903 5474 2060 5512 mun-

485 5541 613 5595 dum
654 5559 668 5595 :
712 5553 770 5596 ut
812 5560 915 5598 non
965 5554 1211 5615 putares,
1259 5536 1394 5616 quia,
1432 5561 1535 5600 non
1586 5547 1772 5601 aderat
1819 5561 2056 5617 przesens

485 5643 773 5700 antequam
824 5638 1064 5702 veniret,
1109 5649 1168 5692 ut
1200 5639 1398 5693 dicitur
1433 5654 1462 5692 a
1509 5639 1858 5707 quibusdam,
1907 5641 2054 5697 addit

483 5723 762 5793 corrigens
809 5741 1150 5785 sermonem:
1181 5729 1248 5784 In
1295 5729 1492 5784 mundo
1531 5741 1662 5784 erat.
1699 5731 1755 5786 Si
1793 5732 1958 5802 igitur
1994 5734 2046 5787 in

557 5882 634 5936 ⁶Ι
683 5881 790 5936 Γίιῐι
845 5901 914 5945 vt,
951 5886 1036 5937 16.

490 5954 530 5992 t‘
570 5951 723 6006 Joan.
753 5969 790 6016 ι,
824 5955 907 6006 10.
987 5957 1028 5984 ¹³
1070 5955 1267 6010 ibid.9.
1347 5960 1387 5989 ”
1428 5951 1557 6012 ibid.
1639 5962 1679 5991 "
1721 5960 1854 6015 Gen.
1885 5976 1964 6026 ιιι,
2001 5964 2054 6016 8.

1123 5889 1142 5917 ⁷
1185 5887 1328 5942 llier.
1359 5905 1522 5952 xxiii,
1563 5889 1652 5944 24.
1729 5893 1749 5922 ⁸
1789 5892 1994 5945 Coloss.
2027 5907 2068 5957 ι,
2111 5892 2194 5945 15.

1127 5957 1267 6010 id.9.
1347 5960 1387 5989 ”
1428 5959 1557 6012 ibid.
1639 5962 1679 5991 "
1721 5960 1854 6015 Gen.
1885 5976 1964 6016 ιιι.
2001 5964 2054 6016 8.
2134 5962 2174 5992 ¹⁰
2216 5963 2234 6016 ι

2240 5978 2317 6016 sa.
2348 5979 2500 6030 mu,
2533 5966 2580 6016 1.

2173 4735 2315 4773 nem.
2348 4719 2415 4774 Et
2453 4730 2538 4775 est
2567 4719 2733 4773 Edom
2767 4719 2908 4789 quod
2954 4720 3338 4790 interpretatur
3380 4721 3629 4774 avaritia.
3673 4719 3750 4773 Ex

2173 4812 2277 4864 isto
2321 4810 2484 4880 igitur
2529 4810 2669 4864 Esau
2718 4810 2858 4866 facta
2916 4822 2998 4866 est
3051 4825 3180 4879 gens
3219 4812 3595 4867 ldumaaorum.
3643 4812 3749 4865 Ista

2172 4915 2336 4968 gens,
2373 4901 2496 4969 quia
2549 4909 2604 4955 et
2643 4901 2782 4955 Esau
2825 4911 2943 4955 erat
2992 4901 3158 4956 frater
3201 4900 3389 4968 Iacob,
3421 4901 3609 4971 utique
3659 4905 3754 4954 de-

2173 4992 2285 5044 buit
2323 4993 2582 5062 aequalem
2625 4992 2920 5047 fraternam
2952 4995 3238 5062 quamdam
3282 4993 3622 5049 aﬂ'ectionem
3653 4995 3756 5048 ha-

2171 5083 2298 5137 bere
2340 5085 2406 5137 ad
2453 5083 2728 5153 pupulum.
2777 5083 2877 5150 Qui
2928 5099 3052 5138 cum
3102 5101 3206 5140 non
3257 5085 3517 5151 haberet,
3567 5087 3754 5139 incre-

2170 5182 2331 5240 patur
2357 5172 2406 5225 ei
2447 5189 2476 5225 a
2512 5173 2620 5228 Deo
2650 5176 2776 5242 quia
2809 5189 2915 5228 non
2956 5175 3195 5229 servavit
3231 5185 3447 5244 pactum
3490 5174 3757 5229 fraterni-

2171 5266 2299 5319 tatis
2354 5269 2420 5320 ad
2473 5266 2752 5334 populum.
2810 5265 2949 5333 Quid
3007 5281 3136 5335 ergo
3185 5266 3561 5335 prmvaricavit
3616 5279 3751 5320 con-

2168 5358 2393 5412 scientia
2427 5359 2494 5412 ad
2528 5358 2771 5423 fratrem,
2799 5369 2852 5414 et
2879 5359 3056 5413 erexit
3082 5358 3316 5428 judicem
3357 5357 3616 5412 adversus
3648 5372 3709 5410 se
3731 5357 3758 5411 ?

2171 5449 2437 5518 Propheta
2474 5459 2651 5504 autem
2700 5451 2998 5520 praevidens
3034 5449 3271 5505 futurum
3313 5453 3379 5506 de
3418 5451 3622 5506 eisdem
3664 5450 3757 5521 ju-

2166 5548 2364 5603 dicium
2404 5556 2460 5602 et
2499 5547 2816 5613 vindictam,
2849 5558 2906 5601 ut
2951 5547 3208 5603 Israelita:
3246 5550 3312 5603 de
3340 5545 3590 5602 Idumazis
3634 5549 3757 5602 vin-

2163 5638 2496 5702 dicareutur,
2526 5646 2813 5706 antequam
2846 5637 3001 5694 fieret
3027 5638 3262 5693 vindicta
3289 5638 3752 5707 videtjudicium,

2155 5746 2213 5790 et
2249 5731 2378 5788 dicit
2421 5745 2438 5784 :
2499 5729 2632 5794 Quis
2666 5741 2740 5786 est
2795 5732 2885 5800 qui
2929 5732 3059 5787 venit
3112 5748 3176 5786 ea:
3222 5731 3442 5787 Edam?
3483 5731 3551 5786 Et
3604 5743 3754 5786 cert.-

2272 5893 2292 5922 ’
2331 5891 2470 5946 Gen.
2510 5908 2564 5957 ι,
2603 5894 2692 5947 26.
2783 5893 2825 5922 ¹⁰
2867 5892 2996 5947 ibid.

2272 5978 2317 6016 a.
2348 5979 2500 6018 mu.
2533 5966 2580 6016 1.
2662 5967 2701 6001 ⁸⁷
2746 5962 2873 6018 ibid.
2956 5965 2996 5994 ¹⁸

3077 5893 3115 5924 ¹¹
3159 5892 3264 5948 lor.
3310 5908 3486 5954 XXIII,
3532 5891 3625 5945 24.

2956 5965 2996 5994 ¹⁸
3038 5963 3161 6020 ibid.
3201 5964 3254 6020 ὖ.
3333 5963 3374 5994 ¹⁹
3413 5962 3544 6019 ibid.
