4134 6462
272 451 421 505 1117

1308 451 1395 503 DE
1436 449 1901 505 INCORPORALI
1939 445 2030 501 ET
2068 446 2411 504 lNVlSlBlLl
2441 447 2595 503 DEO.

3436 448 3575 504 1118

270 578 568 638 quantum
636 571 702 624 ad
748 584 860 625 rem
908 569 1137 623 necdum
1182 569 1285 624 hoc
1324 570 1547 624 scierat.
1595 569 1652 623 Si
1713 577 1894 622 autem
1922 567 1973 627 Α
2000 582 2195 637 capere
2249 569 2436 623 volunt
2482 566 2803 636 strepitibus
2847 566 3171 635 quibusdam
3220 559 3274 618 et
3318 568 3485 632 sonis,
3521 577 3577 623 et

271 662 530 716 necdum
569 661 724 718 facto
746 661 961 731 judicio
1004 672 1259 731 tanquam
1294 660 1405 727 jam
1448 661 1684 726 fecisset,
1713 669 1766 713 et
1808 673 1898 714 ve-

270 750 403 806 nire
439 753 684 809 videtur
724 768 846 806 cum
892 752 1091 805 dicitur
1132 766 1421 820 apparere,
1461 751 1687 804 necdum
1734 764 1898 817 appa-

272 851 387 909 ret,
426 858 551 897 non
605 843 732 912 quia
773 851 996 912 apparet
1037 851 1324 910 antequam
1367 842 1547 896 veniat
1578 854 1644 894 ex
1679 840 1845 893 Edom
1878 856 1893 906 ;

270 937 398 990 viso
439 937 609 989 enim
650 951 754 990 non
788 934 998 987 videtur
1026 932 1117 1002 qui
1164 933 1426 1001 praevenit
1459 932 1719 986 visionem
1742 970 1755 993 ,
1808 946 1901 983 ne-

273 1041 387 1095 que
421 1027 773 1081 vestimenta
808 1027 991 1091 habet,
1021 1024 1203 1094 qualia
1238 1023 1490 1093 apparuit
1521 1023 1723 1077 habens
1752 1041 1764 1077 :
1804 1022 1897 1076 sed

272 1120 409 1187 quia
452 1118 586 1171 vult
622 1119 786 1173 veluti
834 1119 1045 1188 aspergi
1093 1133 1185 1172 sua
1215 1116 1535 1170 vestimenta
1579 1129 1607 1167 a
1642 1114 1901 1182 sanguine

272 1226 476 1265 eorum
514 1214 619 1281 qui
657 1211 804 1281 digni
850 1222 975 1265 sunt
1017 1218 1213 1264 morte.
1249 1208 1364 1262 Non
1414 1207 1558 1261 enim
1596 1206 1661 1259 ad
1705 1206 1898 1260 malum

277 1302 702 1356 transmittitur
756 1300 1197 1355 interficientium
1254 1298 1513 1369 sanguis,
1555 1298 1648 1352 sed
1688 1312 1755 1349 ex
1801 1296 1903 1351 hoc

275 1391 539 1443 maxime
588 1391 901 1460 agnoscitur
933 1388 1058 1457 quia
1108 1384 1466 1455 incorporalis
1511 1392 1594 1437 est
1635 1380 1809 1445 Deus,
1847 1389 1904 1435 et

277 1481 656 1535 vesnimentis
700 1496 806 1535 non
857 1479 1080 1547 indiget.
1128 1478 1266 1543 Quia
1304 1489 1425 1546 quae
1473 1481 1697 1542 apparet
1740 1472 1900 1525 indu-

277 1582 396 1635 tus,
428 1570 774 1642 signiﬁcatio
807 1579 891 1624 est
924 1568 1091 1638 magis
1123 1566 1422 1623 efﬁcientia:
1452 1580 1612 1634 quam
1643 1563 1903 1618 exhibitio

277 1672 534 1721 naturae.
581 1664 719 1717 Cum
767 1662 975 1731 judicat
1008 1660 1170 1714 habet
1214 1667 1430 1721 sedem,
1471 1664 1525 1710 et
1569 1655 1659 1725 qui
1697 1653 1902 1725 judicat

278 1756 608 1821 mundum,
660 1753 810 1807 albas
853 1752 969 1819 ejus
1019 1765 1139 1804 esse
1190 1760 1368 1805 vestes
1420 1747 1697 1815 Scriptura
1750 1744 1900 1799 dicit.

278 1846 423 1905 Cum
487 1855 682 1901 autem
738 1847 936 1899 iterum
984 1843 1227 1897 vindicta
1276 1842 1598 1911 completur,
1637 1851 1892 1908 tanquam

2006 660 2363 731 thymiamate
2393 660 2642 714 volantes
2669 659 2951 714 detinent:
2979 659 3052 713 ita
3084 668 3137 712 et
3173 659 3432 712 immundi
3474 660 3579 729 spi-

2001 753 2142 807 ritus
2178 754 2323 808 circa
2356 753 2631 807 immunda
2673 761 2960 822 vagantur,
3000 762 3055 807 et
3082 762 3328 823 quierunt
3352 770 3457 808 non
3485 754 3576 809 ubi

2003 860 2171 914 purus
2207 854 2291 898 est
2338 843 2456 911 ﬂos,
2514 846 2607 899 sed
2656 844 2743 899 ubi
2797 845 3212 907 contaminatio,
3245 844 3334 899 ubi
3381 845 3578 900 fabula:

2002 936 2320 1001 mendaces,
2373 937 2467 990 ubi
2500 937 2675 1007 imago
2728 936 2859 990 false
2893 937 3139 1006 figurata,
3170 937 3259 991 ubi
3310 938 3576 991 sacrificia

2004 1028 2293 1094 malitiosa,
2339 1029 2428 1081 ubi
2470 1028 2724 1081 mulieres
2766 1028 3070 1097 impudicae,
3115 1029 3203 1082 ubi
3247 1030 3346 1082 viri
3397 1029 3574 1095 incisi,

2002 1117 2092 1171 ubi
2126 1117 2211 1171 dei
2244 1117 2475 1171 adulteri
2510 1118 2610 1187 (7),
2650 1118 2741 1171 ubi
2773 1119 2885 1172 dea:
2928 1117 3284 1182 fornicantes,
3321 1119 3409 1173 ubi
3453 1134 3580 1173 san-

2000 1207 2123 1277 guis
2168 1208 2480 1277 etpollutio,
2509 1209 2597 1262 ubi
2632 1210 2798 1275 tibiae,
2830 1208 2919 1262 ubi
2952 1208 3189 1273 saltatio,
3218 1210 3307 1263 ubi
3339 1210 3575 1274 nuditas,

2002 1299 2090 1353 ubi
2123 1300 2301 1354 omnis
2337 1301 2634 1369 turpitudo.
2664 1299 2724 1375 l‘n
2774 1301 3074 1356 istiusmodi
3120 1302 3383 1357 immundi
3418 1304 3577 1373 spiri-

2006 1400 2089 1445 tus
2118 1392 2483 1460 requiescunt.
2513 1392 2568 1447 Si
2602 1404 2789 1449 autem
2825 1395 3025 1449 viderit
3052 1394 3288 1464 aliquem
3320 1396 3370 1449 in
3389 1396 3576 1450 habitu

2002 1484 2197 1553 pudico
2240 1495 2297 1539 et
2336 1486 2589 1554 honesto,
2618 1487 2865 1541 indutum
2904 1501 3025 1541 esse
3056 1488 3339 1541 Dominum
3368 1486 3578 1551 Jesum,

2003 1574 2187 1628 Statim
2233 1573 2397 1640 dicit;
2446 1590 2569 1644 quae
2619 1575 2753 1630 dicit
2823 1577 3123 1645 permitte:
3156 1578 3285 1646 quid
3328 1577 3481 1631 nobis
3523 1585 3579 1632 et

2006 1665 2140 1719 tibi?
2182 1664 2297 1720 Non
2340 1677 2421 1721 est
2458 1676 2643 1737 aptum
2689 1667 2867 1721 lumen
2910 1669 2996 1723 his
3025 1669 3118 1738 qui
3154 1669 3264 1724 ltesi
3302 1681 3427 1724 sunt
3452 1687 3582 1725 ocu-

2004 1757 2104 1824 lis;
2153 1759 2219 1813 ad
2255 1759 2508 1813 tenebras
2537 1760 2683 1813 enim
2706 1769 3117 1824 convertentur,
3148 1762 3399 1816 tenebras
3436 1763 3579 1817 inse-

2006 1859 2259 1918 quentur,
2290 1851 2343 1903 in
2386 1850 2629 1904 tenebris
2675 1850 3047 1919 requiescunt.
3081 1851 3212 1906 Cum
3248 1861 3424 1906 autem
3468 1854 3579 1921 spi-

281 1939 625 2009 regrediens
657 1938 821 1992 rubra
863 1939 983 2009 ejus
1012 1938 1145 1993 dicit
1187 1951 1308 2005 quae
1356 1950 1461 1988 non
1511 1941 1669 1989 erant
1702 1934 1893 1996 rubra»
1925 1914 1967 1968 Β
1999 1942 2138 1995 ritus
2165 1941 2477 1995 immundus
2503 1942 2785 2009 quaesierit
2822 1944 2875 1994 in
2912 1943 3141 1997 desertis
3170 1953 3225 1997 et
3257 1945 3423 1998 aridis
3448 1944 3580 2000 locis

281 2043 340 2087 et
369 2034 720 2088 vestimenta
763 2046 883 2101 quae
929 2047 1035 2086 non
1071 2038 1227 2084 erant
1259 2027 1579 2081 vestimenta
1620 2043 1633 2079 :
1672 2034 1731 2078 ut
1774 2033 1900 2079 ante

281 2126 512 2179 audiret
566 2124 793 2195 populus
837 2124 963 2194 quia
1007 2122 1295 2177 vindictam
1354 2118 1505 2173 facit.
1560 2118 1671 2186 Ego
1718 2124 1899 2170 autem

286 2217 599 2271 audiebam
649 2216 971 2284 pr0phetam
1034 2213 1299 2267 dicentem
1350 2224 1453 2263 non
1502 2208 1567 2263 de
1605 2206 1715 2261 Deo
1760 2206 1897 2269 solo,

289 2309 388 2362 sed
436 2316 499 2362 et
548 2309 617 2361 de
655 2308 955 2371 sacerdote,
1002 2304 1185 2359 nescio
1231 2317 1357 2372 quo,
1390 2301 1481 2370 qui
1516 2300 1735 2353 indutus
1783 2304 1901 2352 erat

288 2403 631 2457 vestimenta
666 2401 804 2455 sicut
834 2400 1105 2453 induimur
1147 2406 1203 2451 et
1239 2411 1356 2448 nos.
1389 2394 1518 2460 Quae
1560 2401 1737 2444 autem
1768 2388 1901 2443 vidit

287 2494 580 2562 propheta
618 2490 963 2552 vestimenta,
999 2495 1053 2541 et
1090 2500 1209 2555 quae
1255 2481 1561 2538 immutavit
1601 2480 1898 2539 visionem,

290 2601 404 2638 non
459 2591 595 2638 sunt
642 2583 743 2637 ista
802 2580 1124 2634 vestimenta
1180 2593 1299 2645 qua:
1336 2590 1435 2630 nos
1493 2574 1787 2629 induimur.
1840 2570 1898 2623 Si

290 2688 483 2729 autem
536 2678 627 2743 qui
676 2673 913 2727 induitur
961 2671 1062 2725 ista
1117 2669 1436 2724 vestimenta
1480 2667 1643 2721 homo
1684 2663 1901 2732 conrepi-

291 2769 446 2823 citur
505 2768 729 2821 indutus
784 2775 838 2820 et
901 2774 1148 2828 mutans,
1199 2771 1254 2817 et
1310 2760 1616 2829 patiebatur
1681 2759 1898 2827 quidem

293 2863 392 2919 ille
437 2862 577 2917 nihil
619 2876 806 2916 eorum
848 2875 969 2928 quae
1012 2859 1147 2911 vidit
1192 2855 1485 2931 preplteta,
1537 2852 1678 2907 facta
1721 2862 1900 2905 autem

296 2967 469 3018 sunt,
512 2969 631 3023 quae
670 2951 814 3006 videt
851 2951 1109 3019 propheta
1158 2946 1233 3017 (6)
1269 2967 1281 3001 :
1329 2946 1372 3001 si
1416 2946 1481 2999 de
1527 2944 1745 2997 homine
1780 2943 1899 3005 ista,

296 3056 521 3116 quanto
553 3046 724 3114 magis
763 3045 828 3099 de
886 3041 1041 3096 Deo?
1106 3040 1310 3094 Dicitur
1359 3038 1412 3093 in
1475 3037 1738 3091 Zacharia
1778 3051 1903 3104 pro-

300 3141 516 3207 pheta:
557 3138 797 3192 Ostendit
831 3118 961 3190 milti
1007 3134 1149 3189 Deus
1192 3134 1378 3188 Jesum
1424 3147 1687 3185 summum
1726 3146 1900 3182 sacer-

299 3234 488 3285 dotem
525 3231 571 3262 ¹⁰
620 3249 632 3283 :
685 3228 865 3283 Jesum
918 3229 1103 3282 dicens
1165 3226 1536 3287 sacerdotem,
1588 3240 1696 3278 non
1754 3224 1899 3276 illum
1928 3260 1971 3319 c

299 3323 553 3378 ostendit
598 3321 876 3373 Dominum
935 3318 1116 3372 Jesum
1147 3319 1237 3385 qui
1275 3328 1357 3371 est
1388 3317 1629 3382 pontifex
1682 3314 1899 3383 pontifi-

301 3432 433 3469 cum
474 3422 528 3468 et
557 3412 807 3467 sacerdos
832 3410 1191 3463 sacerdotum.
1225 3407 1290 3459 Et
1316 3410 1428 3470 iste,
1463 3405 1898 3475 iuquit,‘vestitus

301 3510 421 3555 erat
460 3501 765 3552 vestimenta
810 3497 1060 3560 sordida,
1094 3505 1140 3549 et
1180 3496 1353 3549 stabat
1396 3494 1638 3548 diabolus
1681 3511 1713 3547 a
1766 3495 1898 3546 dea:-

303 3592 409 3646 tris
458 3590 573 3659 ejus
629 3590 841 3657 cupiens
878 3606 995 3643 eum
1050 3606 1231 3643 nocere
1252 3589 1322 3644 “.
1374 3588 1543 3643 Erant
1590 3587 1733 3643 enim
1786 3589 1901 3655 ejus

306 3683 538 3737 sordida
579 3683 919 3737 vestimenta.
964 3681 1117 3735 Sicut
1161 3681 1307 3737 enim
1342 3695 1524 3735 mures
1570 3681 1634 3734 ad
1684 3680 1899 3735 nidores

309 3783 653 3828 concurrunt
684 3791 696 3827 :
726 3774 797 3828 ita
827 3772 1074 3829 diabolus
1101 3783 1154 3826 et
1206 3772 1350 3827 illius
1381 3772 1653 3827 exercitus
1697 3772 1787 3825 illo
1814 3773 1903 3826 de-

312 3866 554 3921 lectatur
580 3866 790 3919 nidore.
826 3864 889 3919 Et
920 3866 1021 3920 hoc
1046 3866 1189 3937 quod
1220 3875 1339 3920 erat
1379 3860 1574 3921 lectum
1615 3874 1699 3919 est
1726 3884 1738 3917 :
1769 3866 1899 3918 Cum

307 3960 537 4027 spiritus
573 3973 795 4026 nequam
850 3957 1036 4010 exierit
1081 3958 1145 4009 ab
1185 3957 1414 4024 homine,
1447 3957 1630 4009 circuit
1672 3958 1899 4009 desertos

308 4046 484 4112 locos,
508 4057 553 4100 et
580 4047 767 4117 quierit
810 4047 1116 4116 requiem”.
1153 4047 1311 4100 Sicut
1338 4056 1393 4101 et
1428 4061 1591 4101 canes
1641 4046 1900 4115 coquina-

312 4156 440 4196 rum
472 4141 750 4210 requirunt
785 4139 876 4193 ubi
918 4139 1160 4211 sanguis,
1189 4139 1278 4194 ubi
1323 4150 1559 4203 stercus,
1589 4139 1679 4193 ubi
1722 4139 1901 4192 inlotze

312 4233 636 4299 interanete,
674 4242 728 4287 et
775 4233 884 4287 illic
932 4241 1281 4287 concurrunt.
1328 4232 1394 4286 Et
1439 4233 1580 4287 sicut
1616 4232 1709 4302 qui
1767 4231 1898 4288 foris

313 4335 566 4387 currunt,
624 4324 973 4379 adinveniunt
1011 4324 1154 4393 quod
1206 4333 1361 4393 turpe
1392 4335 1476 4379 est
1522 4323 1767 4388 verbum,
1807 4325 1897 4389 qui

314 4427 475 4473 actus
526 4416 743 4480 ftedos;
800 4415 872 4469 ita
920 4431 1042 4469 cum
1092 4414 1313 4484 spiritus
1356 4414 1665 4468 immundus
1707 4414 1900 4468 exierit

316 4508 386 4561 ab
417 4508 659 4570 homine,
691 4506 884 4561 circuit
930 4507 1139 4587 deserta
1195 4515 1249 4559 et
1297 4505 1445 4558 arida
1489 4504 1604 4559 loca
1648 4519 1898 4573 quaerens

318 4602 589 4667 requiem,
639 4599 764 4666 quia
814 4612 919 4652 non
964 4597 1261 4651 delectatur
1308 4612 1518 4667 pacem,
1570 4611 1744 4667 neque
1787 4597 1900 4652 vult
1931 4606 1974 4659 Ι)

320 4690 651 4754 habitacula,
676 4692 768 4744 sed
799 4692 1011 4744 deserta
1045 4690 1262 4758 quaerit,
1293 4702 1385 4744 aut
1426 4700 1624 4744 terram
1656 4700 1748 4743 aut
1777 4691 1895 4743 ani-

323 4798 470 4836 tnam
497 4782 708 4851 quaerit.
748 4780 858 4835 Nec
882 4782 968 4833 ubi
992 4796 1182 4834 aurum
1215 4782 1372 4837 malis
1415 4782 1621 4837 artibus
1654 4797 1895 4837 comma-

322 4874 604 4927 chinatum
645 4883 728 4927 est
767 4873 819 4925 in
864 4873 1171 4928 simulacris
1199 4874 1418 4941 quaerit,
1447 4889 1548 4928 nec
1574 4875 1662 4929 ubi
1708 4890 1899 4943 argen-

324 4973 438 5016 tum
486 4964 626 5017 male
671 4951 967 5017 conflatum'
1013 4971 1179 5017 estut
1224 4963 1563 5018 adoraretur.
1603 4965 1786 5020 Sicubi
1830 4965 1895 5018 li-

322 5068 487 5121 gnum
524 5070 612 5108 ars
643 5063 735 5108 aut
762 5054 957 5108 idolum
992 5053 1232 5123 sculpsit,
1284 5055 1455 5109 sicubi
1489 5056 1719 5125 lapidem
1775 5074 1894 5113 ere-

322 5155 523 5201 xerunt
554 5162 744 5202 manus
778 5148 844 5201 ad
877 5145 1200 5213 colendum;
1256 5147 1389 5202 tales
1438 5151 1631 5219 quaerit
1675 5153 1890 5221 requies

327 5239 549 5306 spiritus
593 5240 920 5293 immundus.
972 5237 1154 5293 Sicubi
1207 5240 1447 5309 sanguis,
1481 5242 1657 5297 sicubi
1710 5246 1891 5310 nidor,

329 5328 504 5391 sicubi
540 5333 889 5394 seducantur,
927 5330 1099 5385 sicubi
1127 5329 1362 5392 theatra,
1397 5330 1574 5385 sicubi
1608 5333 1735 5386 nudi
1768 5350 1897 5388 cur-

361 5432 534 5486 entes,
568 5422 737 5477 sicubi
772 5424 944 5490 turpia
972 5422 1280 5490 loquentes,
1330 5430 1388 5475 et
1419 5422 1657 5490 turpiora
1704 5425 1899 5481 admit-

348 5523 528 5581 «ntes,
570 5526 623 5568 et
662 5516 802 5569 sicut
845 5516 1023 5583 apium
1066 5516 1353 5584 progenies
1401 5518 1895 5587 acerrimiquidam

398 5700 444 5731 ⁸ο
481 5699 645 5759 Zach.
680 5715 762 5766 tu,
794 5703 845 5755 1.
920 5701 965 5733 ’ί
1006 5702 1133 5758 ibid.
1169 5703 1221 5759 8.
1333 5705 1376 5734 "
1402 5702 1589 5759 Matth.
1614 5718 1709 5768 xu,
1742 5704 1829 5759 45.

364 5817 479 5941 Ι(ῗξ
537 5818 633 5873 Ms.
688 5817 852 5874 Facta
896 5829 1067 5874 autem
1114 5830 1234 5877 sunt
1284 5821 1384 5878 ista
1419 5838 1535 5894 qum
1570 5820 1727 5886 vides,
1780 5838 1899 5893 pro-

380 5906 423 5941 ιε
449 5909 497 5941 ll.

333 5904 497 5947 Dltﬂlllo

1928 5708 1973 5741 ’³
1996 5707 2125 5764 ibid.
2156 5705 2247 5759 44.

2002 2033 2240 2100 requiem
2272 2042 2325 2087 et
2357 2047 2461 2086 non
2489 2033 2775 2098 invenerit,
2811 2035 3182 2090 exicratenim
3210 2037 3278 2090 ab
3316 2037 3530 2091 homine
3564 2054 3580 2091 :

2002 2122 2254 2188 Redeam,
2284 2124 2485 2193 inquit,
2509 2126 2577 2178 ad
2620 2127 2829 2179 domum
2862 2142 3028 2180 meum
3054 2128 3191 2181 unde
3215 2129 3351 2182 exivi
3372 2129 3435 2181 ’³.
3473 2128 3581 2182 Do-

2000 2230 2147 2270 mum
2203 2230 2357 2269 suam
2420 2226 2578 2270 vocat
2622 2231 2770 2279 eum,
2795 2218 2887 2284 qui
2924 2217 3158 2271 voluerit
3217 2222 3408 2272 domus
3461 2232 3584 2277 esse

1999 2306 2137 2376 ejus.
2178 2304 2235 2359 Si
2271 2314 2452 2360 autem
2488 2306 2728 2371 redierit,
2760 2306 2955 2375 inquit,
2984 2308 3207 2375 spiritus
3242 2308 3572 2374 innnundus,

1998 2407 2054 2452 et
2092 2398 2356 2451 invenerit
2410 2397 2684 2451 hominem
2748 2398 2897 2452 illum
2958 2411 3205 2467 paratum
3258 2400 3406 2453 sibi:
3451 2403 3579 2470 quia

1998 2490 2141 2543 enim
2177 2490 2311 2544 vidit
2348 2492 2582 2559 spatium
2638 2491 2690 2543 in
2750 2490 2915 2556 malo,
2961 2505 3067 2543 non
3117 2491 3234 2545 vult
3283 2492 3395 2560 jam
3434 2493 3583 2546 solus

2001 2583 2269 2648 habitare,
2300 2584 2393 2638 sed
2420 2585 2568 2639 vadit
2602 2592 2656 2638 et
2684 2583 2915 2638 assumit
2943 2583 3081 2639 alios
3107 2594 3315 2653 septem
3356 2585 3583 2655 spiritus

2001 2674 2103 2730 sibi
2151 2674 2463 2744 nequiores,
2500 2688 2553 2728 et
2604 2675 2820 2744 octuplo
2871 2684 3134 2746 quantum
3174 2676 3241 2729 ad
3291 2690 3580 2730 numerum

2002 2765 2127 2836 quia
2159 2766 2372 2836 pejores
2405 2767 2655 2822 assumit.
2694 2767 2809 2821 Non
2843 2769 2987 2822 enim
3015 2778 3278 2835 quantum
3323 2781 3583 2822 numerus

2002 2859 2348 2928 multiplicat,
2380 2868 2588 2913 tantum
2622 2859 2796 2914 solum
2830 2869 2883 2915 et
2912 2861 3118 2915 malitia
3153 2860 3319 2917 addit.
3352 2858 3427 2913 lta
3458 2873 3581 2913 cum

2003 2954 2232 3022 coeperit
2258 2954 2379 3022 quis
2405 2956 2609 3008 moveri
2644 2954 2710 3009 ad
2747 2970 2967 3009 cursum
3001 2957 3226 3020 malum,
3258 2965 3351 3009 aut
3376 2956 3442 3009 ad
3466 2964 3583 3009 tur-

2004 3058 2126 3113 pem
2155 3044 2423 3113 loquelam
2455 3059 2608 3097 suam
2636 3044 2911 3112 paraverit
2939 3046 3210 3114 linguam;
3246 3046 3449 3100 invenit
3472 3045 3581 3113 spi-

2007 3137 2145 3190 rittIs
2172 3136 2485 3190 immundus
2513 3148 2924 3205 operamentum
2953 3136 3062 3205 jam
3110 3138 3404 3206 incipiente
3436 3138 3578 3191 mala

2006 3228 2074 3281 ab
2109 3226 2353 3293 homine,
2407 3235 2461 3281 et
2508 3228 2753 3297 suggerit
2797 3227 3000 3294 pejora,
3040 3236 3095 3281 et
3130 3227 3295 3281 eilicit
3331 3228 3430 3282 ista
3459 3243 3582 3296 quae

2005 3327 2061 3373 et
2090 3319 2309 3372 videtis.
2346 3317 2463 3372 Non
2497 3318 2640 3371 enim
2674 3325 2758 3371 est
2789 3318 2934 3386 quod
2978 3318 3175 3371 videtis
3217 3325 3449 3382 tantum,
3487 3319 3583 3372 sed

2005 3409 2377 3477 unusquisque
2424 3422 2614 3460 eorum
2647 3416 2852 3477 septem
2889 3417 2942 3460 et
2973 3407 3155 3475 plures
3195 3419 3339 3461 sunt.
3372 3406 3504 3460 Nam
3531 3417 3587 3459 et

2006 3500 2187 3569 plures
2236 3498 2439 3553 habent
2468 3499 2760 3553 daamoncs.
2802 3498 2859 3551 Si
2886 3500 3012 3568 quis
3058 3508 3237 3552 autem
3276 3498 3577 3553 recedenti-

2003 3592 2103 3646 bus
2130 3591 2487 3653 dtrmonibus,
2523 3591 2664 3645 sicut
2715 3591 2977 3644 ebrietate
3008 3591 3314 3653 recedente,
3347 3590 3579 3644 voluerit

2008 3685 2375 3755 interrogare,
2418 3686 2460 3739 si
2504 3695 2683 3739 tamen
2717 3694 2771 3738 et
2807 3685 3093 3753 agnoverit
3122 3682 3353 3751 aliquem
3390 3696 3578 3735 eorum

2006 3776 2097 3844 qui
2137 3790 2281 3829 nunc
2312 3775 2622 3845 gloriantur
2650 3775 2703 3828 in
2738 3772 3165 3842 turpitudinibus
3197 3771 3332 3835 suis,
3368 3772 3480 3840 ipse
3507 3772 3581 3825 sit

2003 3868 2090 3935 qui
2136 3866 2367 3921 faciebat
2399 3869 2533 3928 hate.
2579 3877 2671 3919 aut
2714 3865 2860 3930 fecit,
2907 3874 3000 3918 aut
3035 3863 3246 3918 loculus
3278 3872 3401 3929 est;
3456 3876 3582 3917 vere

2003 3959 2232 4015 edicitur
2279 3960 2408 4025 illud
2461 3960 2815 4029 apostolicum
2867 3958 3067 4011 dictum
3103 3972 3116 4008 :
3148 3957 3300 4021 Quod
3352 3957 3581 4025 fructum

2008 4053 2277 4105 habebatis
2310 4062 2455 4116 tunc,
2485 4053 2537 4104 in
2562 4052 2747 4121 quibus
2776 4066 2910 4103 nunc
2936 4047 3420 4117 confundimini“?
3459 4045 3582 4100 Sic-

2003 4154 2060 4196 ut
2100 4144 2244 4197 enim
2311 4157 2451 4196 nunc
2500 4143 2745 4197 videmus
2806 4142 3111 4195 immundos
3160 4140 3385 4209 Spiritus
3438 4140 3582 4193 accio

2003 4237 2212 4306 pientes
2249 4235 2615 4296 occasionem,
2665 4234 2914 4302 persequi
2946 4248 3008 4286 ea
3053 4246 3172 4300 qua:
3217 4231 3413 4285 similia
3451 4239 3580 4285 sunt

2002 4329 2103 4382 sibi
2134 4328 2247 4381 :ita
2294 4335 2349 4381 et
2409 4335 2537 4379 tunc
2587 4326 2710 4393 quia
2763 4324 2983 4378 sordida
3055 4333 3210 4378 erant
3260 4323 3584 4377 vestimenta

2002 4419 2305 4473 sacerdotis
2344 4418 2463 4488 ejus
2514 4417 2606 4485 qui
2658 4415 2837 4471 fuerat
2894 4417 3061 4481 visus,
3104 4416 3283 4470 stabat
3341 4414 3585 4468 diabolus

2003 4512 2070 4564 ad
2130 4511 2408 4563 dexteram
2477 4508 2593 4574 ejus
2652 4507 2873 4577 cupiens
2942 4521 3064 4560 eum
3129 4519 3321 4559 nocere
3367 4513 3587 4572 propter

2006 4604 2219 4657 sordida
2262 4602 2613 4656 vestimenta.
2666 4600 2856 4654 Stabat
2911 4610 3091 4652 autem
3124 4607 3177 4651 et
3211 4596 3433 4666 angelus
3467 4594 3579 4647 Dei.

2006 4690 2074 4744 Et
2113 4692 2259 4756 dicit,
2306 4690 2503 4758 inquit,
2549 4689 2765 4758 angelus
2812 4687 2903 4740 Dei
2945 4684 3453 4754 diabolo:lncrepet
3491 4683 3583 4736 tibi

2004 4783 2285 4837 Dominus.
2337 4780 2478 4845 Hoc,
2528 4780 2722 4848 inquit,
2758 4780 2998 4833 relictum
3044 4788 3116 4831 est
3156 4779 3220 4830 ab
3260 4779 3396 4846 igne,
3422 4786 3468 4830 et
3509 4776 3584 4830 vis

2004 4892 2122 4929 eum
2164 4873 2564 4928 comburere"?
2612 4872 2678 4925 Et
2722 4881 2844 4940 post
2898 4870 3004 4924 hoc
3062 4869 3317 4939 przecepit
3364 4866 3585 4937 angelus

2005 4965 2204 5020 auferri
2241 4980 2270 5017 a
2320 4965 2607 5019 sacerdote
2646 4963 2861 5017 sordida
2906 4962 3246 5023 vestimenta,
3296 4970 3347 5013 et
3392 4959 3578 5014 vestiri

2004 5074 2127 5114 eum
2167 5058 2388 5112 munda.
2418 5057 2485 5111 Et
2512 5057 2765 5111 sacerdos
2787 5056 3003 5125 quidem
3034 5055 3123 5123 qui
3160 5053 3439 5107 videbatur
3471 5065 3575 5104 non

2012 5150 2237 5214 aderat;
2277 5148 2370 5203 sed
2412 5150 2708 5203 constituto
2751 5161 2817 5201 eo
2858 5145 3007 5211 alibi,
3055 5146 3336 5199 videbatur
3380 5158 3409 5196 a
3460 5157 3581 5210 pro-

2007 5243 2192 5312 pheta,
2222 5250 2276 5298 et
2299 5242 2517 5296 sordida
2548 5242 2775 5296 vestitus
2801 5249 2921 5294 erat
2957 5239 3297 5301 vestimenta,
3322 5236 3411 5290 illo
3440 5234 3583 5288 forte

2006 5333 2238 5387 candida
2275 5333 2496 5387 vestito.
2550 5330 2618 5385 Et
2665 5331 2862 5385 iterum
2913 5332 3231 5385 immutatur
3263 5328 3380 5396 ejus
3415 5325 3580 5379 vestis

2005 5429 2098 5498 qui
2141 5427 2425 5482 videbatur
2469 5443 2497 5479 a
2544 5427 2835 5496 propheta,
2860 5435 2914 5480 et
2954 5426 3040 5479 ille
3089 5440 3195 5478 non
3229 5421 3454 5477 mutavit
3487 5419 3579 5488 qui

2006 5539 2114 5577 non
2151 5531 2270 5575 erat
2300 5523 2352 5574 in
2386 5521 2612 5575 visione.
2649 5521 2714 5574 Et
2744 5521 2994 5590 provenit
3029 5529 3287 5588 quantum
3325 5519 3389 5572 ad
3419 5517 3579 5571 visio-

2348 5706 2393 5738 “
2431 5708 2584 5762 Rom.
2615 5704 2800 5770 vr,21.
2878 5705 2923 5735 ’⁸
2956 5703 3119 5761 Zach.
3155 5719 3236 5770 Ill,
3258 5701 3296 5756 Ξ).

2078 5822 2154 5897 (7)
2187 5822 2284 5879 Ms.
2316 5821 2419 5879 Ubi
2453 5825 2536 5878 dei
2564 5822 2943 5878 adulterantes.
