4134 6462
527 459 668 516 111⁵9

1204 453 1468 510 EUSEBII
1507 449 1989 510 CESARIENSIS
2027 449 2182 505 OPP.
2221 447 2402 504 PARS
2437 446 2527 504 IV.
2567 477 2640 490 —
2673 442 3096 502 DOGMA'I'ICA.

3641 441 3781 493 Ηἳο

532 593 679 643 nem,
721 575 994 645 duplicem
1031 586 1153 629 esse
1191 577 1528 629 sacerdotem
1568 573 1753 642 istum.
1790 571 1920 626 Erat
1957 571 2101 626 enim
2132 573 2180 628 Δ
2208 567 2426 624 videbat
2467 564 2607 622 Deus
2670 564 2888 620 athletae
2929 575 3204 618 coronam.
3258 559 3399 632 Ergo
3451 572 3575 614 eum
3627 557 3784 612 Scri-

529 679 581 720 et
610 668 768 721 homo
815 665 882 719 ad
923 665 1271 734 semetipsum
1312 662 1421 727 ille,
1452 675 1508 718 et
1540 663 1724 731 utique
1755 676 1857 717 nec
1884 660 2100 716 sordida

533 760 764 812 habebat
787 757 1132 822 vestimenta,
1165 770 1341 826 neque
1373 755 1682 810 immutavit
1714 769 1838 810 cum
1881 754 1987 808 isto
2008 753 2100 823 qui

533 850 584 900 in
615 846 825 902 visione
855 854 974 900 erat
1011 845 1177 901 visus.
1213 845 1424 917 Agente
1469 855 1648 900 autem
1685 859 1752 900 eo
1776 853 1829 898 et
1851 844 2022 908 salvo,
2045 852 2101 899 et

532 945 726 1005 agente
776 937 828 990 in
867 936 951 991 his
987 935 1122 990 locis
1163 935 1218 990 in
1254 936 1451 1006 quibus
1492 945 1611 991 erat
1643 935 1924 1005 propheta,
1967 934 2104 990 vidit

532 1044 679 1092 eum,
712 1044 816 1083 non
860 1028 1033 1098 ipsum
1065 1028 1232 1092 videt,
1265 1037 1319 1084 et
1347 1043 1469 1083 eum
1502 1037 1820 1098 praesentem
1851 1027 2102 1082 vestitum

533 1118 749 1172 sordida
774 1118 1118 1186 vestimenta,
1148 1134 1267 1188 quae
1299 1134 1404 1174 non
1433 1119 1665 1174 habebat
1694 1119 1802 1185 ille,
1828 1132 1927 1172 nec
1959 1118 2102 1173 enim

535 1218 692 1262 erant
724 1209 1047 1264 vestimenta
1096 1210 1188 1264 sed
1235 1219 1478 1279 peccata.
1515 1209 1840 1266 Vestimenta
1887 1211 2104 1281 quidem

535 1307 722 1366 utpote
765 1298 1000 1354 hominis
1039 1309 1198 1354 erant
1250 1299 1477 1354 candida
1531 1317 1545 1355 :
1583 1301 1673 1356 ubi
1726 1311 1905 1356 autem
1938 1302 2105 1357 vesti-

539 1398 720 1444 menta
756 1404 860 1443 non
878 1398 1058 1454 erant,
1081 1389 1404 1444 vestimenta
1437 1398 1658 1459 peccata
1683 1402 1840 1446 erant
1865 1391 2106 1446 sordida.

537 1480 672 1545 Quia
704 1480 848 1534 enim
883 1491 1108 1549 peccata
1140 1490 1318 1548 erant,
1355 1482 1572 1537 sordida
1605 1483 1929 1538 vestimenta
1954 1483 2108 1539 dicit.

538 1571 672 1639 Quia
703 1581 881 1627 autem
913 1574 1150 1643 peccatis
1170 1574 1475 1629 delectatur
1502 1574 1766 1640 diabolus,
1801 1576 1990 1630 adorat
2015 1591 2111 1647 per

539 1661 800 1718 visionem
830 1679 844 1716 :
874 1663 964 1718 ubi
994 1663 1138 1717 enim
1167 1673 1286 1718 erat
1315 1664 1492 1731 nidor,
1531 1664 1640 1720 illic
1665 1666 1880 1721 sordida
1901 1666 2112 1722 anima-

541 1749 611 1805 lia
643 1769 657 1807 :
687 1752 776 1806 ubi
813 1762 1111 1822 peccatum,
1160 1753 1270 1808 illic
1308 1754 1628 1810 adinventor
1668 1755 1736 1811 ab
1790 1755 1943 1812 initio
1984 1771 2111 1824 pec.

541 1842 670 1898 cati.
701 1842 964 1912 Obiurgat
1003 1843 1169 1914 igitur
1201 1845 1424 1915 angelus
1457 1857 1778 1915 prasentem
1811 1847 2110 1910 diabolum,

542 1945 593 1988 et
619 1936 866 2006 pmcipit
895 1950 1108 1991 mutare
1133 1914 1795 2004 vestintentaisacerdotis,
1825 1947 1880 1993 et
1911 1940 2114 1994 auferri
2145 1914 2186 1968 Β

543 2027 614 2081 ab
640 2042 706 2082 eo
734 2029 978 2092 sordida,
1013 2031 1201 2085 vestiri
1236 2040 1413 2085 autem
1457 2046 1578 2085 eum
1620 2032 1839 2097 munda,
1869 2039 1923 2087 et
1949 2032 2114 2086 inter-

542 2128 790 2186 pretatur
819 2120 1185 2186 eﬂicientiam,
1215 2133 1270 2177 et
1302 2123 1432 2178 dicit
1463 2145 1476 2180 :
1506 2123 1659 2188 Ecce,
1701 2124 1891 2193 inquit,
1921 2124 2117 2180 abstuli

542 2225 574 2262 α
610 2219 658 2264 te
693 2223 906 2278 peccata
956 2213 1137 2268 tua“.
1175 2215 1232 2269 Si
1269 2214 1386 2269 ista
1434 2215 1574 2270 circa
1627 2214 1897 2270 hominem
1941 2225 2117 2272 vestes

545 2314 649 2355 non
679 2311 834 2353 erant
868 2309 1069 2368 vestes,
1095 2303 1190 2358 sed
1221 2305 1379 2359 modo
1401 2304 1616 2375 quidem
1656 2315 2004 2375 peccatorum
2034 2305 2118 2360 in-

542 2391 738 2460 signia,
777 2394 937 2448 modo
968 2403 1147 2448 autem
1191 2395 1482 2463 puritatis:
1509 2411 1682 2466 quare
1721 2413 1783 2451 ea
1822 2412 1942 2468 quae
1970 2397 2116 2453 circa

546 2483 815 2539 hominem
856 2497 984 2541 sunt
1035 2487 1307 2556 descripta
1350 2489 1676 2544 vestimenta
1731 2505 1836 2544 non
1883 2491 2117 2561 suscipi-

544 2591 683 2638 mus,
720 2579 848 2647 quia
881 2579 1026 2633 circa
1062 2581 1336 2636 hominem
1369 2581 1582 2636 fuerant
1625 2597 1744 2651 quze
1777 2593 1830 2636 et
1861 2583 2118 2650 vestitur;

544 2683 665 2737 quae
692 2679 870 2725 autem
919 2671 1067 2726 circa
1110 2670 1279 2726 Deum
1315 2672 1569 2725 dicuntur
1600 2673 1952 2737 vestimenta,
1988 2687 2120 2727 con-

548 2761 819 2816 tendimus
839 2776 960 2818 esse
985 2764 1338 2818 vestimenta?
1361 2763 1542 2818 Multis
1571 2763 1784 2818 denndo
1815 2764 1970 2820 vobis
1996 2780 2116 2819 om-

545 2866 666 2906 nem
705 2863 916 2921 partem
965 2853 1121 2909 istam
1171 2853 1486 2924 Scriptum.
1530 2853 1642 2909 Nec
1671 2853 1826 2910 Jesus
1863 2856 2119 2912 sacerdos

545 2942 637 2998 ille
665 2944 851 2998 aderat
874 2944 1003 3010 illic,
1043 2961 1150 3001 non
1182 2947 1327 3000 enim
1359 2948 1546 3001 aderat
1573 2965 1588 3000 :
1617 2949 1710 3002 sed
1744 2962 1842 3004 nec
1872 2948 2119 3005 diabolus

546 3035 752 3101 aderat,
789 3051 966 3107 neque
993 3038 1216 3108 angelus
1238 3040 1450 3106 aderat,
1476 3041 1569 3095 sed
1605 3050 1776 3094 totum
1809 3049 1928 3095 erat
1959 3040 2116 3096 visio.

546 3125 615 3181 Et
636 3129 890 3184 sacerdos
919 3130 1136 3199 quidem
1172 3141 1392 3201 propter
1422 3142 1709 3200 peccatum
1751 3141 1976 3202 apparet
2002 3148 2118 3188 sor-

547 3219 689 3274 didis
719 3223 1055 3278 vestimentis
1099 3223 1464 3293 indutus;qoi
1519 3239 1623 3278 non
1675 3232 1729 3278 et
1779 3225 1986 3288 aderat,
2019 3239 2118 3280 nec

546 3322 666 3365 erat
690 3313 917 3368 vestitus
947 3316 1162 3370 sordida
1203 3316 1548 3371 vestimenta.
1584 3316 1650 3370 Et
1677 3316 1923 3371 diabolus
1951 3315 2115 3370 veluti

547 3405 782 3469 videtur,
813 3407 939 3476 quia
982 3408 1104 3462 istis
1148 3408 1344 3462 talibus
1373 3410 1591 3480 gaudet,
1628 3417 1683 3462 et
1714 3410 1780 3462 ad
1818 3411 1950 3464 istos
1985 3408 2119 3464 tales

545 3496 808 3566 exsurgit.
844 3497 914 3552 Et
935 3497 1157 3568 angelus
1188 3499 1349 3554 veluti
1401 3500 1549 3556 visus
1581 3509 1682 3566 est,
1717 3509 1777 3554 ut
1804 3499 2119 3556 ostendere-

547 3600 637 3642 tur
689 3589 814 3657 quia
860 3605 956 3659 per
997 3593 1218 3662 angelos
1260 3593 1423 3662 justis
1483 3593 1717 3648 ellicitur
1766 3592 2118 3661 adiutorium,

546 3681 719 3750 magis
765 3693 945 3737 autem
988 3698 1083 3751 pro
1121 3685 1495 3752 peccatoribus
1547 3685 1938 3755 pceuitentibus
1985 3700 2120 3756 gau-

549 3772 721 3828 dium.
777 3771 885 3828 Nec
929 3775 1074 3830 enim
1123 3775 1250 3829 illud
1299 3787 1548 3845 putemus
1572 3778 1714 3831 sicut
1751 3788 1803 3833 et
1849 3786 2121 3846 putamus,

547 3863 672 3932 quia
703 3873 756 3917 et
784 3864 834 3917 in
858 3863 956 3919 Job
985 3865 1121 3920 libro
1147 3866 1391 3922 diabolus
1415 3867 1602 3922 aderat
1620 3877 1745 3922 ante
1774 3879 2120 3938 conspectum

551 3955 677 4019 Dei,
724 3965 778 4008 et
828 3956 1024 4010 locutio
1078 3965 1197 4012 erat
1263 3957 1355 4013 Dei
1416 3974 1537 4012 cum
1579 3958 1791 4014 diabolo
1829 3975 1894 4015 ex
1946 3975 2124 4030 mqua-

546 4045 780 4101 litate".
835 4047 903 4103 Et
947 4049 1083 4104 dixit
1122 4051 1401 4114 Dominus,
1447 4059 1502 4104 et
1554 4051 1691 4106 dixit
1747 4051 2030 4118 diabolus,
2070 4061 2122 4106 et

551 4138 901 4209 interrogavit
967 4138 1222 4195 Dominus
1303 4141 1614 4208 diabolum,
1684 4142 1820 4196 unde
1881 4144 2117 4200 uenisti?

551 4226 658 4282 Sed
701 4229 812 4282 haec
856 4230 921 4282 ad
961 4229 1286 4284 auditionem
1332 4240 1566 4284 vestram
1617 4230 1758 4285 velut
1820 4233 2123 4302 composita

551 4322 900 4378 inducuntur.
951 4322 1144 4377 Totum
1197 4332 1376 4378 autem
1427 4323 1558 4378 illud
1600 4333 1684 4387 est
1725 4325 1991 4392 quomodo
2025 4322 2124 4380 Job

555 4411 770 4481 quidem
805 4423 924 4467 erat
965 4413 1050 4467 vir
1097 4413 1610 4484 irreprebensibilis,
1650 4414 1896 4469 diabolus
1945 4425 2122 4470 autem

549 4503 781 4560 invidus.
833 4505 914 4560 Ad
972 4507 1269 4561 istiusmodi
1321 4516 1374 4562 et
1429 4507 1571 4562 Deus
1635 4506 1886 4562 defensor
1932 4509 2123 4562 horum

2206 671 2370 733 ptura
2419 660 2620 730 aliquid
2673 666 2893 728 propter
2947 671 3046 712 nos
3091 654 3345 725 loquitur,
3390 667 3496 708 nou
3538 661 3784 709 nostram

2203 752 2576 809 inﬁrmitatem
2601 749 2712 807 Deo
2745 749 2868 805 furti
2901 747 3257 820 applicemus.
3293 744 3351 800 Si
3374 744 3519 800 enim
3568 743 3624 799 in
3661 758 3789 798 cor-

2201 861 2340 916 pore
2368 854 2421 898 et
2454 845 2506 899 in
2542 856 2710 898 carne
2756 850 2901 898 totus
2947 846 3249 897 conventus
3284 839 3588 895 daemonum
3635 835 3786 906 legio

2206 937 2260 992 in
2318 935 2612 1007 Evangelia
2659 936 2837 990 dictus
2875 943 2958 990 est
2978 933 3047 998 ”,
3095 941 3151 986 et
3193 947 3301 988 non
3352 928 3785 987 sustinuit~Filii

2204 1029 2298 1085 Dei
2347 1027 2725 1098 praesentiam;
2763 1040 2887 1081 nam
2915 1035 2973 1081 et
3000 1023 3246 1080 diabolus
3292 1022 3410 1095 ipse
3447 1023 3502 1079 in
3527 1035 3780 1091 corpore,

2205 1131 2402 1192 agente
2443 1118 2582 1174 Filio
2617 1119 2710 1175 Dei
2751 1134 2855 1173 non
2900 1117 3000 1173 fuit
3049 1132 3212 1173 ausus
3244 1115 3506 1170 accedere
3534 1114 3778 1184 quandiu

2207 1212 2458 1274 esuriret,
2497 1221 2552 1264 et
2587 1210 2905 1264 immitteret
2942 1209 2992 1264 ei
3018 1208 3272 1278 laqueum
3315 1221 3412 1276 per
3463 1203 3730 1274 ejusmodi
3760 1221 3777 1259 τ

2209 1303 2663 1375 quemadmodum
2723 1315 3013 1372 possumus
3055 1301 3165 1369 pati
3213 1309 3270 1354 et
3309 1298 3492 1353 dicere
3512 1297 3640 1367 quia
3674 1295 3793 1350 dia-

2209 1396 2364 1452 bolus
2397 1394 2507 1450 Deo
2548 1410 2614 1449 es
2651 1394 2963 1462 aequalitate
3015 1392 3227 1448 locutus
3260 1391 3382 1446 est?
3417 1390 3516 1446 Cui
3543 1398 3601 1444 et
3628 1401 3792 1457 ange-

2210 1487 2293 1542 lus
2337 1487 2430 1542 Dei
2471 1487 2601 1541 dicit
2633 1485 2913 1556 :lncrepet
2963 1485 3054 1538 tibi
3107 1483 3243 1538 Deus
3262 1483 3328 1538 ".
3372 1482 3438 1537 Et
3483 1481 3614 1552 quid
3659 1481 3784 1534 dico

2211 1577 2433 1649 angelus
2468 1577 2601 1631 Dei?
2645 1575 2906 1632 Vermes:
2939 1575 3030 1646 qui
3076 1589 3174 1630 nec
3219 1573 3422 1629 vermis
3465 1571 3780 1642 accepimus

2213 1672 2466 1725 virtutem
2505 1670 2558 1723 in
2589 1669 2806 1724 nomine
2831 1670 3036 1735 crucis,
3069 1678 3127 1722 ut
3160 1667 3490 1737 imperemus
3526 1665 3790 1720 daemoni-

2212 1763 2314 1817 bus
2345 1771 2401 1817 et
2424 1761 2658 1826 diabolo,
2692 1775 2896 1831 eosque
2938 1759 3205 1830 fugamus.
3254 1757 3310 1812 Si
3357 1756 3522 1826 igitur
3559 1769 3660 1811 nos
3704 1756 3794 1810 in-

2216 1869 2524 1922 crepamus,
2553 1853 2693 1907 Deus
2719 1853 2786 1908 ad
2817 1851 3229 1907 eollocutionem
3273 1849 3440 1903 venit.
3472 1848 3539 1902 Et
3560 1855 3713 1903 certe
3747 1845 3796 1901 si

2219 1956 2544 2016 acceperunt
2571 1953 2894 2014 potestatem
2943 1943 3194 1997 homines
3225 1938 3438 1994 Domini
3467 1937 3682 1994 calcare
3716 1937 3799 1993 vi-

2218 2053 2376 2107 peras
2415 2046 2470 2094 et
2518 2038 2834 2106 scorpiones
2881 2045 2935 2091 et
2976 2049 3191 2089 omnem
3231 2034 3490 2088 virtutem
3535 2031 3800 2086 adversa-

2219 2129 2374 2196 rii”;
2419 2129 2463 2183 si
2513 2127 2760 2184 homines
2808 2135 3137 2196 acceperunt
3182 2122 3796 2194 potestatem-calcare,

2217 2221 2361 2275 Deus
2383 2235 2448 2275 ex
2488 2219 2798 2288 aequalitate
2829 2218 3070 2286 loquitur
3111 2217 3160 2270 ei
3197 2216 3290 2287 qui
3323 2214 3609 2270 calcatur?
3634 2212 3800 2268 Venit

2222 2313 2435 2368 diabolo
2488 2312 2714 2377 fortior;
2764 2311 2989 2366 vincens
3027 2323 3153 2364 eum
3203 2308 3410 2378 ligavit.
3455 2305 3566 2362 Leo
3609 2317 3797 2360 autem

2220 2405 2442 2476 ligatus,
2501 2419 2601 2460 nec
2645 2414 2704 2459 ut
2747 2405 2901 2459 canis
2944 2411 3142 2472 potest.
3185 2399 3349 2456 Forte
3399 2410 3576 2454 autem
3619 2398 3798 2463 dices,

2218 2500 2345 2569 quia
2374 2497 2419 2553 si
2448 2498 2674 2552 veniens
2711 2495 2864 2561 vicit,
2903 2494 3127 2548 vincens
3165 2492 3376 2562 ligavit,
3405 2501 3460 2544 et
3499 2491 3677 2561 ligans
3709 2487 3805 2543 de-

2219 2590 2300 2642 dit
2326 2587 2547 2651 calcari,
2592 2601 2698 2641 non
2732 2585 2952 2654 quidem
2980 2585 3053 2637 sit
3085 2583 3213 2637 talis
3245 2598 3259 2633 :
3291 2591 3417 2635 tunc
3457 2589 3640 2634 autem
3671 2593 3800 2632 cum

2223 2689 2394 2743 esset,
2439 2677 2537 2732 sub
2577 2673 2678 2730 Job
2719 2682 2883 2729 erat:
2915 2673 3091 2726 adhuc
3148 2670 3237 2725 ille
3296 2677 3508 2740 poterat
3541 2655 3800 2721 ﬁduciam

2220 2772 2422 2828 habere
2450 2787 2464 2823 :
2492 2769 2728 2825 nondum
2772 2767 2916 2821 enim
2962 2775 3074 2820 erat
3105 2765 3298 2835 ligatus
3329 2761 3656 2817 hominibus.
3691 2757 3803 2814 Pu-

2231 2871 2316 2916 tas
2353 2861 2424 2915 sit
2465 2861 2623 2929 lupus
2664 2868 2854 2929 potens
2883 2855 3169 2910 adversum
3209 2867 3360 2915 Oves,
3398 2852 3444 2907 si
3485 2859 3665 2905 autem
3695 2866 3802 2920 po-

2221 2966 2340 3009 tens
2365 2961 2417 3008 et
2441 2954 2723 3007 adversum
2755 2947 3008 3004 leonem?
3048 2957 3105 3000 ut
3128 2947 3200 3000 ita
3225 2943 3621 3016 quodammodo
3641 2956 3800 2999 com-

2222 3045 2599 3118 parationibus
2643 3051 2860 3096 utamur
2908 3049 3126 3110 prapter
3161 3038 3467 3131 fortiorem.
3498 3034 3608 3088 Non
3643 3035 3800 3089 enim

2222 3137 2542 3208 ampliorem
2590 3134 2802 3204 accepit
2855 3131 3110 3186 virtutem
3162 3145 3192 3184 a
3231 3127 3478 3199 'corpore
3535 3127 3804 3182 Dominus

2222 3229 2398 3294 Jesus,
2429 3239 2488 3282 ut
2511 3234 2796 3297 superaret
2840 3224 3135 3279 diabolum.
3169 3221 3276 3277 Sed
3307 3236 3407 3276 cur
3438 3219 3553 3289 ipsa
3598 3229 3653 3273 et
3681 3217 3807 3272 col-

2226 3322 2449 3377 luctatio
2474 3319 2615 3374 lacta
2638 3317 2760 3372 est?
2791 3316 2928 3384 Quia
2954 3315 3100 3370 enim
3128 3313 3381 3385 produxit
3402 3327 3601 3383 agnum
3633 3310 3758 3380 lupo
3782 3327 3797 3364 :
3881 3363 3884 3366 .

2223 3411 2380 3481 lupus
2419 3418 2599 3464 autem
2642 3408 2831 3462 videns
2879 3419 3078 3474 agnum
3116 3403 3208 3473 qui
3247 3403 3532 3459 videbatur
3565 3416 3634 3456 ex
3662 3416 3804 3456 con-

2222 3502 2508 3559 suetudine
2541 3513 2849 3565 accurrere,
2875 3508 2925 3552 et
2959 3506 3108 3552 extra
3133 3494 3579 3551 consuetudinem
3611 3495 3805 3549 deten-

2223 3599 2312 3647 tus
2339 3599 2444 3645 est.
2486 3589 2542 3644 Si
2578 3589 2721 3643 enim
2753 3586 2990 3642 maxime
3032 3597 3088 3641 et
3131 3585 3384 3640 inimicus
3421 3593 3674 3646 vocatur,
3705 3584 3805 3636 ad-

2223 3683 2499 3738 versarius
2529 3679 2779 3735 diabolus
2809 3692 2824 3732 :
2849 3679 2974 3749 quia
2999 3677 3143 3734 enim
3179 3685 3232 3731 et
3259 3675 3462 3732 inimici
3492 3675 3671 3730 crucis
3697 3675 3786 3729 di-

2223 3783 2418 3830 cuntur
2462 3772 2710 3828 homines
2741 3770 2818 3841 (8)
2865 3787 2880 3824 :
2915 3786 3018 3825 non
3057 3770 3183 3840 quia
3236 3769 3490 3824 inimicus
3546 3769 3798 3823 nomina-

2226 3876 2334 3932 tur,
2373 3864 2487 3935 jam
2523 3863 2746 3933 aequalis
2775 3871 2881 3919 est.
2924 3861 3038 3917 Non
3074 3862 3218 3917 enim
3265 3861 3545 3932 aequaliter
3572 3861 3783 3915 habens

2224 3955 2480 4010 virtutem
2517 3955 2718 4008 dicitur
2774 3953 3145 4021 adversarius,
3209 3955 3303 4009 sed
3353 3953 3472 4007 ideo
3509 3953 3636 4022 quia
3693 3965 3806 4005 non

2226 4045 2401 4116 placet
2448 4046 2557 4100 Deo
2577 4046 2694 4116 ejus
2731 4044 3058 4115 malignitas.
3104 4043 3220 4099 Non
3267 4045 3406 4099 sicut
3440 4045 3677 4098 tenebrae
3719 4043 3806 4096 vi-

2227 4137 2421 4193 dentur
2471 4136 2660 4192 lumini
2713 4153 2782 4190 ex
2828 4138 3021 4204 aequali
3053 4137 3255 4191 virtute
3289 4135 3638 4199 adversariae,
3675 4136 3806 4205 quia

2228 4240 2379 4284 tanta
2401 4228 2644 4284 detinent
2675 4229 2849 4296 spatia
2883 4230 3139 4293 teuebrm,
3177 4236 3380 4297 quanta
3407 4238 3460 4282 et
3491 4227 3691 4281 lumen.
3747 4227 3808 4280 Si

2227 4329 2410 4374 autem
2435 4329 2491 4374 et
2520 4319 2624 4374 hoc
2656 4318 2787 4385 tale,
2815 4334 2919 4375 non
2953 4320 3025 4372 ita
3058 4318 3376 4373 adversatur
3399 4319 3646 4374 diabolus
3672 4319 3803 4382 Deo,

2229 4426 2334 4466 non
2381 4427 2447 4466 ex
2485 4411 2816 4480 aequalitate,
2844 4415 2939 4468 sed
2983 4412 3108 4482 quia
3135 4410 3276 4467 Deus
3307 4411 3545 4482 maligno
3569 4427 3676 4465 non
3708 4411 3807 4465 de-

2234 4503 2467 4558 lectatur
2492 4522 2507 4560 :
2537 4512 2593 4558 et
2631 4517 2696 4558 ex
2734 4517 2800 4558 eo
2843 4503 2989 4572 quod
3029 4505 3282 4580 vertitur,
3323 4511 3377 4557 et
3428 4518 3534 4558 non
3584 4502 3701 4556 vult
3750 4511 3808 4558 et

551 4597 794 4666 permisit
847 4597 1145 4652 diabolum.
1187 4609 1310 4654 ante
1375 4608 1722 4668 conspectum
1790 4615 1965 4653 suum.
2016 4599 2122 4654 Sed
2154 4621 2198 4678 υ
2237 4597 2377 4661 odit,
2408 4597 2452 4651 si
2486 4605 2664 4650 tamen
2699 4599 2774 4651 ita
2805 4595 2965 4652 debet
2991 4594 3118 4662 dici,
3151 4597 3376 4650 adversa
3410 4595 3660 4650 voluntas
3694 4611 3805 4659 .st,

551 4687 655 4742 hoc
711 4688 785 4741 ita
842 4700 946 4743 est.
995 4689 1139 4743 Vidit
1195 4689 1440 4745 diabolus
1505 4689 1906 4745 inunaculatum
1950 4705 1964 4742 :
2006 4705 2126 4759 pro-

549 4778 764 4848 peravit
798 4779 1072 4848 imponere
1115 4780 1405 4834 maculam.
1449 4781 1794 4850 Qumeunque
1841 4783 1983 4836 enim
2012 4799 2125 4836 nio-

552 4867 729 4923 tiones
772 4881 928 4922 erant
977 4869 1174 4924 diaboli
1224 4870 1513 4926 adversum
1547 4870 1684 4933 Job,
1727 4871 1841 4926 haec
1879 4888 1975 4942 per
2009 4887 2125 4926 ser-

550 4975 737 5014 mones
781 4971 1143 5015 contexuntur
1185 4962 1237 5016 in
1278 4963 1590 5032 Scriptura;
1636 4973 1828 5032 utpote
1875 4965 1921 5020 si
1972 4965 2123 5020 dice-

553 5052 644 5106 bat
692 5051 938 5108 diabolus
1001 5052 1070 5106 ad
1143 5055 1492 5122 semetipsum
1524 5073 1537 5109 :
1568 5056 1626 5110 Si
1701 5071 1807 5110 non
1876 5056 2119 5110 timerem

552 5141 740 5206 Deum,
790 5154 1063 5214 tangerem
1113 5145 1294 5198 omnia
1333 5161 1454 5213 quae
1504 5147 1663 5200 habet
1698 5145 1842 5212 Job;
1904 5146 2127 5201 abstulit

553 5234 616 5287 ab
657 5249 722 5288 eo
758 5234 898 5290 Deus
944 5235 1211 5302 timorem,
1252 5243 1309 5289 et
1355 5251 1460 5289 non
1513 5238 1805 5306 prohibuit.
1861 5237 2116 5292 Contexi-

556 5333 644 5378 tur
679 5324 789 5393 jam
841 5327 1163 5397 compositio
1209 5325 1357 5382 libri.
1398 5327 1544 5381 Dixit
1587 5329 1854 5392 diabolus,
1904 5338 1958 5384 et
1996 5329 2130 5383 dixit

555 5413 715 5471 Deus.
755 5418 864 5473 lloc
897 5428 1002 5485 est,
1039 5419 1207 5473 voluit
1267 5418 1534 5484 diabolus,
1579 5430 1634 5473 et
1695 5437 1798 5476 non
1857 5421 2132 5488 prohibuit

555 5509 714 5564 Deus.
769 5510 878 5566 Cur
927 5524 1106 5569 autem
1154 5529 1262 5570 non
1305 5515 1618 5585 prohibuit?
1672 5515 1804 5581 Quia
1865 5530 1970 5569 non
2044 5514 2127 5569 in-

627 5709 671 5741 ¹⁸
696 5708 947 5777 Zach,m,
981 5714 1033 5766 4.
1109 5712 1152 5743 "
1180 5711 1277 5767 Job
1308 5727 1369 5775 ιι,
1397 5713 1445 5770 l.
1510 5712 1555 5745 “
1583 5711 1746 5768 Marc.
1775 5727 1828 5777 v,
1861 5713 1921 5779 9;
1958 5713 2089 5771 Luc.

2237 5755 2250 5783 ,
2279 5713 2367 5769 50.
2445 5715 2487 5748 "
2520 5713 2746 5771 Zachar.
2791 5729 2875 5779 ιιι,
2901 5713 2959 5768 ‘2.

634 5863 713 5931 (8)
745 5860 842 5917 Ms.
883 5862 1018 5928 Quia
1047 5875 1088 5918 ct
1117 5865 1311 5920 inimici
1338 5869 1508 5922 crucis
1532 5868 1777 5923 dicuntur
1799 5869 2051 5923 homines.

2230 4706 2334 4745 non
2366 4699 2542 4745 tamen
2574 4690 2766 4744 virtus.
2793 4691 2849 4743 Si
2879 4689 3022 4744 enim
3070 4704 3244 4756 neque
3272 4689 3341 4742 ab
3375 4688 3687 4741 hominibus
3721 4695 3807 4742 est

2230 4779 2429 4835 melior
2462 4779 2710 4835 diabolus
2743 4793 2920 4847 neque
2962 4778 3175 4841 lortior,
3213 4794 3331 4848 quae
3363 4779 3556 4832 horum
3593 4779 3790 4846 proba-

2231 4873 2303 4926 tio
2328 4872 2350 4926 ?
2375 4871 2515 4938 Quid
2570 4871 2688 4924 vult
2739 4870 3023 4926 diabolus?
3057 4869 3416 4926 Perditionem
3467 4870 3747 4924 hominum
3784 4885 3800 4922 :

2227 4963 2272 5018 si
2301 4963 2538 5016 correxit
2562 4963 2746 5026 homo,
2782 4960 2976 5015 fortior
3010 4962 3099 5015 illo
3119 4972 3223 5016 est.
3268 4960 3325 5014 Si
3357 4975 3536 5014 autem
3559 4960 3807 5030 quotidie

2231 5056 2495 5125 spoliatur
2521 5064 2576 5110 et
2605 5054 2938 5118 denudatur.
2971 5063 3026 5108 et
3053 5062 3351 5107 evacuatur
3379 5051 3468 5120 qui
3498 5049 3810 5105 hominibus

2230 5163 2427 5203 nocere
2463 5147 2761 5209 contendit.
2791 5156 2846 5201 et
2887 5163 2992 5201 non
3031 5155 3230 5216 potest,
3257 5146 3352 5200 sed
3382 5143 3602 5198 nomine
3624 5143 3714 5198 Dei
3752 5152 3813 5198 et

2231 5241 2633 5311 nuncupatione
2673 5239 2806 5306 sola,
2834 5249 2890 5295 et
2947 5240 3015 5293 ab
3057 5237 3365 5293 hominibus
3401 5235 3638 5290 vincitur
3669 5252 3683 5288 :
3714 5235 3809 5302 qui

2230 5349 2364 5403 ergo
2401 5348 2507 5386 non
2538 5331 2723 5386 sulIert
2757 5331 3214 5399 nuncupationem
3245 5328 3363 5394 Dei,
3387 5325 3660 5397 quomodo
3694 5325 3810 5378 vir-

2233 5435 2400 5477 tutem
2426 5430 2608 5492 posset
2633 5420 2860 5476 sufferre
2888 5421 2980 5476 Dei
3002 5422 3023 5474 2
3047 5421 3111 5475 Et
3132 5430 3279 5476 certe
3307 5419 3598 5490 necipsum
3631 5417 3809 5471 Adam

2243 5530 2546 5586 provocans
2571 5515 2720 5578 vicit,
2759 5515 2853 5570 sed
2881 5513 3116 5570 suadens
3139 5524 3195 5570 et
3219 5513 3493 5584 decipiens
3510 5521 3564 5566 et
3589 5508 3809 5565 fallens.

3037 5713 3081 5745 ³⁸
3106 5712 3231 5767 Luc.
3267 5728 3320 5779 χ,
3358 5709 3443 5767 19.
