4134 6472
398 356 525 410 1191

1341 352 1427 405 DE
1468 351 1929 406 INCORPORALI
1971 353 2059 406 ET
2101 351 2436 407 INVISIBILI
2476 352 2628 406 DEO.

3486 361 3622 411 H1"!

397 471 508 524 lloc
543 479 717 523 autem
761 468 1091 523 inﬁrmitatis
1136 477 1218 524 est
1259 484 1412 538 opus.
1453 468 1723 534 Quantum
1760 468 1824 520 ad
1845 469 1960 522 dia-
1990 476 2034 531 Α
2064 469 2192 522 tiam
2239 470 2304 522 ad
2345 468 2626 522 Dominum
2681 467 3007 536 religiosam,
3039 470 3104 522 ad
3151 473 3621 540 conservosjusti-

396 562 574 615 bolum
605 571 835 629 spectat,
861 561 1000 612 nulla
1030 563 1119 627 sit,
1155 562 1344 630 inquit,
1375 564 1525 628 virgo
1552 577 1563 611 :
1602 562 1834 615 vincitur
1861 579 1960 614 att-

396 656 503 701 tem
535 661 563 698 a
602 646 786 699 tantis.
819 645 1088 711 Quantum
1118 646 1262 698 enim
1306 648 1372 698 ad
1404 645 1672 698 diabolum
1701 646 1957 714 pertinet,

395 752 462 789 ne
497 737 709 803 quidem
735 752 871 790 unus
899 737 1158 792 salvator.
1187 737 1256 790 At
1301 739 1500 807 ttuptitn
1540 739 1780 792 honestze
1810 746 1954 804 sunt,

393 837 449 881 ct
472 829 711 881 diabolus
750 844 777 881 a
813 829 977 882 tantis
1021 841 1103 884 est
1137 830 1384 885 obrutus.
1415 831 1687 897 Quantum
1717 830 1862 884 enim
1892 831 1958 884 ad

393 911 666 972 diabolum
692 921 942 988 pertinet,
975 921 1151 975 nullus
1180 937 1394 976 sursum
1423 922 1649 991 aspiciat
1681 938 1914 991 unquam
1940 939 1954 975 :

392 1010 749 1080 disrumpitur
778 1021 955 1064 autem
983 1022 1162 1067 tantos
1199 1014 1409 1068 videns.
1442 1016 1714 1080 Quantum
1753 1014 1817 1066 ad
1843 1013 1960 1067 dia-

393 1099 600 1159 bolum,
629 1115 696 1152 ne
727 1100 946 1168 quidem
979 1104 1261 1170 vestigium
1309 1105 1577 1173 pudicitiae
1608 1105 1723 1157 vult
1751 1119 1870 1158 esse
1903 1106 1955 1158 in

394 1198 561 1246 terra.
598 1192 823 1246 Feriunt
865 1201 1040 1247 autem
1075 1196 1164 1264 qui
1211 1197 1519 1264 percutiunt
1558 1212 1655 1250 cor
1703 1197 1956 1253 errantis.

398 1282 669 1349 Quantum
722 1285 787 1337 ad
833 1284 1145 1350 diabolum,
1186 1302 1284 1342 nec
1330 1303 1523 1343 nomen
1571 1288 1798 1358 justitiae
1839 1305 1959 1348 esse

395 1375 567 1443 cupit.
603 1373 703 1440 Qui
742 1386 920 1430 autem
962 1377 1148 1431 dicunt
1176 1380 1416 1446 peccavi,
1445 1379 1586 1434 illius
1608 1397 1768 1437 aures
1797 1386 1960 1439 casti-

393 1473 542 1532 gant.
568 1462 682 1516 Non
711 1465 824 1517 vult
860 1467 1230 1532 ptnnitentiam
1264 1483 1406 1530 esse,
1446 1479 1498 1520 et
1523 1468 1750 1524 efﬁcitur
1783 1476 1954 1540 νωιιὶ-

396 1557 584 1609 tentia.
633 1555 810 1609 Movet
856 1559 1314 1625 perseeutionem,
1373 1567 1428 1612 et
1476 1562 1607 1614 fiunt
1664 1572 1954 1633 martyres.

394 1647 604 1713 Quanta
635 1646 747 1714 ejus
779 1648 948 1714 capita
985 1648 1150 1702 incisa
1188 1649 1355 1702 sunt?
1400 1651 1499 1704 hoc
1527 1661 1610 1705 est
1636 1652 1800 1720 ipsius
1838 1654 1956 1707 dia-

394 1738 523 1792 boli.
550 1737 679 1805 Quae
701 1741 844 1793 enim
871 1742 1177 1794 inciduntur
1204 1757 1300 1810 pro
1323 1743 1538 1798 Christo
1567 1748 1763 1814 capita,
1787 1747 1953 1814 ipsius

2063 561 2215 626 tiam,
2248 561 2435 615 videns
2457 562 2581 630 quia
2610 576 2740 615 oves
2771 577 2904 630 quas
2946 563 3204 631 orpltanis
3234 564 3535 628 occidebat,
3569 577 3624 621 et

2064 659 2245 703 tauros
2286 664 2514 717 quorum
2548 663 2741 704 carnes
2767 651 2940 703 viduae
2969 659 3022 704 et
3065 650 3295 718 orphani
3332 654 3623 708 manduca-

2060 740 2214 805 bant,
2250 751 2305 796 et
2339 742 2514 796 omnis
2548 743 2819 810 possessio
2848 743 2999 810 cujus
3033 753 3148 797 erat
3179 745 3522 814 dispensator
3551 750 3620 801 ad

2060 845 2154 883 eos
2195 831 2285 898 qui
2321 830 2590 884 habebant
2623 832 2778 895 nihil,
2811 833 2860 884 in
2905 847 3012 885 uno
3055 845 3329 887 momento
3368 845 3620 904 tanquam

2061 933 2091 973 a
2120 919 2226 972 Deo
2254 919 2453 983 ablata,
2474 934 2650 974 nonne
2670 921 2956 975 doluisset?
2990 921 3093 975 Sed
3118 921 3218 975 Job
3255 923 3455 992 gratias
3486 924 3616 992 egit,

2061 1020 2185 1078 puta
2215 1011 2342 1078 quia
2376 1011 2560 1063 omnia
2592 1010 2768 1064 subito
2791 1013 3008 1081 abrepta
3038 1023 3158 1066 sunt
3187 1014 3321 1080 ejus,
3354 1015 3617 1081 siquidem

2059 1109 2112 1154 et
2139 1101 2256 1153 filii.
2285 1101 2338 1155 Si
2375 1111 2550 1154 autem
2577 1111 2632 1155 et
2659 1101 2778 1166 lilii,
2814 1112 2870 1156 ut
2901 1105 3028 1170 quid
3067 1104 3154 1155 tali
3197 1103 3402 1158 morte?
3431 1105 3538 1158 Cur
3565 1106 3618 1158 in

2062 1193 2189 1258 ipsis
2231 1193 2431 1245 mensis
2456 1192 2615 1245 simul
2639 1207 2824 1246 omnes
2854 1193 3039 1247 decem
3069 1195 3310 1260 oppressi
3352 1196 3517 1248 sunt?
3550 1194 3618 1248 Et

2062 1283 2161 1337 hoc
2193 1284 2384 1337 iterum
2423 1279 2715 1351 putabatur
2748 1285 2885 1338 Deus
2934 1284 3148 1338 fecisse.
3186 1285 3315 1339 Puta
3341 1287 3467 1354 quia
3500 1303 3617 1341 om-

2059 1374 2143 1426 nis
2170 1373 2400 1426 facultas
2426 1382 2480 1425 et
2519 1375 2785 1440 possessio
2837 1381 2889 1426 et
2937 1374 3055 1426 lilii.
3103 1374 3237 1438 Quid
3283 1386 3458 1428 autem
3491 1379 3615 1445 quia

2057 1473 2113 1517 et
2163 1478 2290 1516 caro
2323 1462 2489 1532 ipsius
2529 1459 2627 1514 Job
2671 1462 3038 1533 expugnatur?
3066 1465 3130 1517 Et
3165 1467 3277 1518 hate
3308 1466 3486 1518 omnia
3519 1481 3617 1534 pu-

2057 1563 2169 1607 tata
2207 1564 2336 1606 sunt
2379 1570 2496 1609 esse
2533 1571 2560 1608 a
2587 1555 2714 1619 Deo,
2741 1565 2794 1607 et
2833 1570 2926 1622 per
2949 1556 3058 1608 Ιιίιιίε
3085 1555 3329 1608 universa
3358 1552 3456 1608 Job
3496 1570 3618 1624 gra-

2062 1646 2162 1698 tias
2197 1647 2304 1714 egit
2355 1646 2482 1699 Deo.
2524 1646 2637 1700 Non
2689 1647 2850 1715 igitur
2879 1655 2929 1698 te
2957 1654 3156 1698 terreat
3195 1645 3478 1700 diabolus:
3507 1663 3614 1699 non

2059 1737 2129 1790 sit
2155 1737 2348 1790 domus
2388 1753 2576 1800 vacua,
2609 1753 2781 1806 neque
2806 1736 2876 1790 illi
2900 1747 3112 1806 parata,
3145 1745 3321 1790 etnon
3356 1737 3515 1790 habet
3542 1737 3612 1790 lt)-

392 1831 569 1898 capita
609 1831 868 1894 incidunt,
897 1832 1177 1899 quotiesin
1215 1833 1431 1887 ﬂamma
1474 1844 1560 1889 est
1592 1838 1792 1891 missus
1826 1847 1953 1891 ante

2059 1842 2203 1880 cum.
2251 1827 2333 1880 Sit
2364 1829 2458 1881 tibi
2513 1827 2842 1895 comparatio
2892 1823 2991 1879 Job
3038 1828 3103 1879 ad
3139 1826 3412 1879 vietoriam
3443 1843 3457 1880 :
3486 1841 3616 1879 eon-

393 1921 689 1990 gehennam
746 1923 797 1976 in
835 1925 1108 1992 gehenna!
1139 1926 1455 1993 Quicunque
1497 1927 1640 1980 enim
1677 1926 1802 1982 facti
1829 1940 1957 1985 sunt

395 2012 763 2066 holocaustum
794 2014 1028 2078 Christo,
1058 2017 1146 2070 isti
1196 2017 1464 2071 diabolum
1505 2031 1958 2087 consumpserunt

395 2103 522 2170 igni,
558 2113 610 2156 et
636 2105 726 2157 alii
753 2119 874 2158 eum
908 2107 1337 2176 pt'afocaverunt
1376 2111 1428 2162 in
1463 2110 1622 2174 mari,
1650 2112 1738 2166 alii
1771 2123 1951 2168 autem

393 2193 659 2246 dederunt
702 2195 818 2263 ejus
849 2210 1045 2264 corpus
1094 2201 1358 2253 meatibus
1403 2199 1708 2255 ﬂuviorum.
1757 2203 1952 2269 Quanti

391 2298 514 2336 eum
565 2288 877 2341 torserunt?
906 2288 1080 2342 Etiam
1117 2289 1151 2342 ii
1184 2291 1275 2358 qui
1311 2291 1410 2344 visi
1455 2302 1580 2345 sunt
1604 2295 1862 2361 superati.
1895 2297 1951 2350 Si

390 2374 538 2431 enim
564 2387 618 2429 et
643 2377 766 2430 vicit
792 2381 1145 2447 quorumdam
1190 2396 1435 2449 corpora,
1466 2384 1556 2437 sed
1587 2400 1689 2438 non
1718 2387 1952 2453 pruden-

392 2472 519 2524 tiam
555 2483 608 2525 et
631 2470 984 2527 intellectum.
1024 2472 1284 2540 Malignus
1313 2474 1514 2526 athleta
1546 2485 1648 2539 est,
1676 2483 1729 2528 et
1765 2477 1944 2531 incon-

390 2565 656 2620 sideratus
691 2577 946 2621 certator.
975 2566 1106 2622 Cum
1134 2566 1276 2618 enim
1308 2568 1522 2620 videtur
1561 2567 1723 2622 ferire
1754 2568 1945 2634 alium,

392 2658 738 2726 semetipsum
794 2660 1078 2727 percussit.
1139 2657 1289 2724 Quod
1346 2657 1512 2711 habes
1568 2660 1838 2728 negotium
1885 2660 1950 2714 ad

389 2745 508 2811 Job,
549 2762 580 2800 ο
609 2749 851 2803 diabole?
888 2750 952 2805 Ut
992 2751 1117 2819 quid
1163 2757 1334 2803 Victus
1375 2749 1472 2801 es?
1498 2751 1755 2816 peccasti,
1787 2761 1947 2817 tace;

391 2837 565 2890 victus
597 2852 677 2902 es,
704 2840 942 2902 quiesce.
975 2839 1078 2894 Sed
1113 2837 1369 2900 secundo,
1401 2840 1595 2906 inquit,
1628 2851 1839 2909 oportet
1866 2857 1951 2898 me

392 2930 532 2982 vinci
571 2950 581 2984 :
616 2946 720 2984 non
754 2933 877 2998 quia
915 2933 1028 2987 haec
1060 2934 1247 2997 voluit,
1293 2933 1388 2987 sed
1427 2935 1552 3001 quia
1595 2934 1708 2987 haec
1759 2949 1950 3004 passus

393 3030 494 3072 est.
550 3021 686 3086 Quid
741 3024 1105 3078 intremiscis?
1155 3023 1293 3089 Quid
1346 3024 1544 3077 times?
1581 3021 1682 3081 Job
1733 3040 1834 3080 non
1869 3037 1953 3080 est

389 3114 639 3179 angelus,
674 3116 766 3168 sed
801 3117 962 3170 homo
1011 3114 1273 3178 mortalis,
1303 3113 1390 3167 cui
1421 3115 1811 3170 colluctabatur
1835 3116 1950 3170 dia-

393 3203 545 3256 bolus
580 3204 940 3266 invisibiliter,
974 3205 1144 3259 victus
1187 3213 1363 3258 autem
1406 3216 1488 3259 est
1542 3206 1845 3260 visibiliter.
1877 3205 1946 3260 Et

389 3310 457 3347 ne
499 3295 662 3346 lateat
715 3305 764 3346 te
813 3295 954 3347 illius
995 3297 1279 3363 patiditas.
1314 3297 1637 3350 Certabatur
1668 3298 1814 3350 enim
1847 3312 1950 3349 non

389 3399 655 3451 apparens
685 3402 697 3436 :
729 3393 782 3438 et
811 3400 914 3438 nun
945 3386 1084 3439 sicut
1112 3387 1162 3438 in
1189 3386 1376 3440 stadiis
1402 3396 1454 3440 et
1485 3386 1952 3442 colluctationibus

391 3475 516 3527 ttudi
556 3476 621 3526 ad
666 3476 836 3529 nudos
879 3484 1175 3540 certantur,
1215 3477 1308 3531 sed
1359 3478 1532 3530 latens
1583 3479 1857 3540 mittebat,
1897 3489 1952 3532 et

388 3579 495 3617 non
525 3579 791 3633 apparens
815 3564 1060 3629 feriebat,
1092 3574 1146 3620 et
1173 3566 1484 3634 percutiens
1513 3567 1687 3621 victus
1717 3580 1816 3622 est.
1849 3567 1950 3623 Job

387 3655 529 3709 enim
584 3656 848 3724 ignoravit
900 3659 1020 3725 quis
1068 3667 1212 3710 esset
1255 3659 1345 3726 qui
1371 3657 1671 3712 luctaretur
1702 3659 1768 3713 ad
1801 3673 1944 3724 eum,

387 3747 482 3799 sed
525 3755 580 3800 et
623 3748 828 3816 putavit
859 3759 912 3801 et
947 3749 1105 3815 dixit,
1138 3750 1262 3819 quia
1295 3764 1325 3802 a
1375 3749 1486 3803 Deo
1533 3748 1696 3802 habet
1745 3748 1948 3818 plagas.

388 3840 539 3893 Alius
591 3849 708 3892 erat
764 3841 853 3908 qui
907 3844 1195 3909 pugnabat,
1249 3851 1304 3895 et
1347 3840 1484 3895 alius
1515 3841 1606 3908 qui
1658 3840 1953 3909 putabatur

389 3931 694 3984 emendare.
725 3929 836 3984 Hoc
862 3931 1058 3983 furtum
1090 3932 1260 3999 magis
1292 3947 1449 4000 quant
1475 3931 1619 3985 lucta
1648 3939 1750 3984 est.
1777 3932 1947 3984 Adam

390 4020 595 4072 seducit
625 4034 638 4070 :
671 4021 738 4074 ab
769 4020 866 4074 Job
895 4022 1215 4075 occultatur.
1239 4021 1340 4077 Job
1372 4024 1515 4076 enim
1550 4023 1839 4077 admiratio
1863 4033 1949 4078 est

391 4111 514 4176 ista,
568 4113 691 4182 quia
743 4123 936 4182 putans
989 4131 1017 4167 a
1063 4115 1170 4168 Deo
1213 4115 1315 4169 sibi
1355 4117 1544 4170 venire
1596 4115 1802 4184 plagas,
1840 4131 1950 4170 non

391 4206 640 4259 conscius
669 4217 845 4260 autem
881 4207 981 4260 sibi
1014 4219 1311 4275 peccatum,
1352 4207 1690 4262 cenvertitur
1726 4209 1793 4260 ad
1834 4207 1951 4260 dia-

391 4297 569 4350 bolum
613 4301 835 4368 sagittas
865 4314 984 4368 quu:
1022 4298 1188 4367 ipsius
1230 4307 1407 4353 erant.
1439 4297 1540 4353 Job
1578 4298 1722 4352 enim
1755 4309 1951 4365 putans

395 4388 558 4441 Deum
587 4405 706 4444 esse
732 4391 821 4459 qui
861 4389 1068 4454 feriret,
1097 4398 1152 4444 et
1201 4391 1504 4458 suapicatus
1531 4399 1614 4444 est
1646 4404 1766 4444 esse
1789 4405 1818 4442 a
1844 4390 1951 4442 Deo

393 4481 613 4549 plagas:
645 4493 699 4533 et
745 4493 939 4549 putans
991 4481 1155 4536 Deum
1202 4497 1318 4537 esse
1360 4484 1450 4553 qui
1498 4483 1706 4544 feriret,
1748 4482 1949 4551 gratias

391 4576 498 4644 egit
532 4576 581 4627 in
618 4575 800 4645 plagis.
843 4575 1154 4645 Magnitudo
1195 4586 1377 4629 autem
1431 4576 1778 4644 malignitatis
1839 4575 1951 4627 dia-

392 4664 498 4717 boli
522 4679 778 4717 conversa
804 4675 886 4718 est
923 4668 988 4719 ad
1029 4668 1447 4735 magnitudinem
1476 4681 1799 4721 coronarum
1823 4664 1947 4720 Job.

394 4755 449 4810 Si
479 4757 620 4810 enim
654 4758 818 4810 sciret
840 4760 964 4826 quia
989 4758 1274 4812 adversum
1307 4758 1382 4828 (9)
1416 4757 1655 4811 invidum
1687 4766 1742 4810 et
1776 4757 1955 4811 inimi-

392 4865 512 4904 cum
533 4848 779 4913 haberet,
805 4849 944 4904 forte
967 4851 1354 4905 contentiosius
1383 4850 1586 4920 egisset
1619 4858 1673 4902 et
1697 4848 1950 4912 alacrius,

391 4952 482 4994 aut
514 4952 568 4995 et
593 4941 1071 5010 contemptibilius.
1115 4939 1269 4995 Nunc
1299 4952 1476 4995 autem
1511 4941 1685 4996 malus
1716 4941 1869 4994 canis
1901 4949 1954 4994 et

392 5033 691 5088 malitiosus
729 5033 881 5102 lupus
917 5034 1264 5102 semetipsum
1295 5035 1556 5098 occultat,
1594 5043 1650 5088 et
1676 5046 1950 5104 pastorem

391 5125 657 5192 producit,
714 5135 768 5180 et
819 5123 917 5180 Job
961 5125 1376 5181 admirationem
1430 5127 1674 5180 adauxit.
1735 5126 1839 5180 Per
1889 5142 1953 5181 ea
1999 5127 2023 5180 .'

389 5217 532 5268 enim
564 5233 682 5285 quae
717 5219 919 5286 putavit
946 5219 1177 5272 maxime
1199 5232 1257 5272 se
1282 5218 1564 5287 instigare,
1601 5232 1696 5286 per
1723 5222 1840 5271 haec
1866 5218 1951 5271 in-

391 5307 617 5376 stigatus
634 5319 688 5362 et
717 5310 909 5375 victus,
941 5320 994 5366 et
1029 5325 1192 5380 supra
1225 5324 1438 5366 omnem
1479 5325 1630 5380 spem
1661 5319 1950 5379 superatus

389 5404 624 5458 ostendit
653 5407 935 5458 victorem.
981 5404 1111 5470 Quis
1159 5404 1301 5458 enim
1333 5411 1387 5456 et
1415 5401 1640 5456 suﬂerre
1683 5403 1949 5472 potuisset

392 5498 568 5552 sciens
600 5512 751 5550 suam
780 5497 943 5548 vitam
974 5495 1410 5550 immaculatatn?
1439 5492 1628 5550 Sciens
1656 5494 1943 5550 conscien-

462 5608 504 5639 ³¹
541 5607 620 5661 lsa
673 5624 764 5674 ιιι,
791 5610 901 5663 ll.‘

462 5698 541 5830 f9)
567 5699 869 5752 Adversum.
899 5698 999 5752 Pro
1030 5701 1407 5754 adversarium.

492 5770 571 5830 10)
605 5771 827 5824 Produ’t.
862 5769 1022 5824 Forte
1048 5771 1298 5822 prodidit.

492 5770 571 5830 10)
605 5771 827 5824 Produ’t.
862 5769 1022 5824 Forte
1048 5771 1298 5822 prodidit.

2058 1920 2207 1972 disce
2248 1935 2343 1987 per
2375 1934 2495 1970 eum
2530 1918 2732 1972 inimici
2765 1917 3150 1971 infirmitatem.
3175 1917 3279 1971 Sed
3309 1918 3439 1971 dicis
3467 1935 3481 1971 :
3511 1933 3614 1970 non

2058 2012 2202 2062 enim
2235 2010 2452 2063 abducit
2480 2020 2533 2063 et
2563 2009 2938 2070 adducitluca,
2968 2020 3175 2077 gentes,
3206 2007 3430 2074 populos
3452 2022 3619 2075 quan-

2059 2112 2142 2155 tos
2182 2111 2235 2155 et
2286 2099 2570 2154 videmus?
2597 2101 2828 2152 Adducit
2860 2117 2872 2153 :
2905 2101 2996 2152 sed
3037 2107 3091 2152 et
3127 2107 3372 2166 apportat
3403 2112 3496 2150 eos
3524 2097 3614 2164 qui

2058 2192 2263 2254 volunt,
2299 2190 2434 2258 fugit
2475 2200 2656 2242 autem
2701 2203 2791 2241 eos
2823 2188 2910 2254 qui
2953 2188 3247 2254 increpant.
3300 2184 3431 2237 Cum
3467 2187 3611 2238 enim

2057 2282 2201 2336 dedit
2229 2282 2276 2335 ei
2317 2281 2494 2334 locum
2536 2279 2729 2344 Judas,
2768 2279 3040 2344 ingressus
3085 2287 3166 2330 est
3203 2277 3253 2328 in
3283 2277 3399 2344 ejus
3428 2279 3611 2342 corde,

2054 2373 2264 2426 furatus
2291 2381 2395 2437 est,
2431 2371 2630 2439 prodiit
2659 2369 2789 2440 (lU).
2819 2367 3009 2422 Petrus
3041 2367 3087 2418 ei
3118 2366 3288 2419 factus
3314 2375 3396 2420 est
3420 2377 3568 2434 petra
3599 2387 3610 2420 :

2055 2465 2226 2531 magis
2248 2463 2390 2515 enim
2426 2461 2654 2529 plagavit
2685 2474 2841 2527 quam
2874 2457 3114 2525 plagatus
3146 2465 3249 2510 est.
3294 2455 3398 2509 Sed
3432 2457 3566 2509 dicis
3595 2475 3609 2509 :

2052 2571 2156 2608 non
2180 2553 2390 2622 negavit
2416 2551 2630 2605 PetrUs?
2651 2549 2850 2615 Quare?
2871 2557 3082 2616 quando
3107 2549 3328 2600 necdum
3349 2557 3466 2600 erat
3488 2562 3611 2599 cru-

2053 2645 2132 2697 cis
2175 2655 2426 2712 tropaeum
2467 2651 2726 2695 erectum.
2762 2639 2938 2693 Nolite
2967 2653 3086 2691 esse
3124 2637 3313 2699 timidi,
3337 2638 3500 2691 nolite
3531 2638 3616 2688 in-

2052 2735 2196 2805 digni
2233 2750 2260 2786 a
2297 2739 2529 2800 proavis.
2565 2733 2765 2784 Aurum
2805 2727 3020 2798 quidem
3070 2727 3163 2781 De't
3194 2739 3272 2781 est
3305 2743 3317 2779 :
3349 2727 3614 2791 dicamus,

2054 2827 2212 2881 affers
2242 2827 2443 2896 ignem,
2475 2824 2633 2878 affers
2668 2822 2924 2892 gladium,
2955 2821 3230 2884 addentes,
3277 2819 3453 2873 omnia
3493 2835 3616 2888 pos-

2055 2932 2175 2972 sum
2232 2926 2450 2986 propter
2511 2929 2634 2968 eum
2671 2912 2762 2982 qui
2794 2911 3047 2965 misertus
3094 2918 3175 2963 est
3212 2909 3363 2962 mihi.
3397 2909 3617 2964 Gladius

2055 3011 2238 3064 Jesum
2274 3022 2378 3062 non
2419 3005 2628 3071 incidit,
2666 3019 2837 3074 neque
2867 3003 3007 3072 ignis
3047 3016 3167 3057 eum
3205 3003 3491 3066 consumit,
3523 3003 3616 3055 sed

2057 3103 2261 3156 incisus
2316 3098 2604 3168 aliquando
2653 3107 2737 3151 est
2783 3111 2881 3165 per
2925 3094 3155 3149 clavum.
3185 3092 3321 3160 Quid
3356 3104 3438 3147 est
3477 3096 3619 3160 quod

2057 3196 2284 3248 incisum
2331 3191 2456 3246 est?
2495 3189 2612 3244 Noli
2668 3189 2932 3256 ignorare,
2981 3187 3104 3256 quia
3137 3202 3237 3241 nec
3288 3187 3340 3241 in
3381 3186 3617 3240 animam

2056 3285 2353 3355 ingreditur
2385 3283 2587 3336 clavus.
2621 3280 2903 3333 Passiones
2950 3280 3092 3333 enim
3149 3278 3456 3347 corporales
3500 3293 3621 3334 cor-

2053 3378 2273 3445 poribus
2297 3383 2422 3430 sunt
2447 3372 2828 3428 conducibiles.
2851 3370 3058 3436 Corpus
3077 3384 3105 3420 a
3129 3383 3355 3436 corpore
3370 3368 3571 3435 patitur
3600 3384 3614 3420 :

2055 3465 2387 3534 incorporale
2433 3478 2536 3517 non
2581 3462 2751 3523 ardet,
2778 3474 2881 3513 non
2933 3458 3201 3512 inciditur.
3245 3454 3392 3510 Talis
3429 3465 3616 3510 natura

2058 3571 2164 3610 non
2203 3554 2477 3620 dividitur,
2511 3568 2614 3607 non
2660 3550 2999 3620 pradocatur.
3044 3547 3098 3602 Si
3130 3547 3270 3602 enim
3297 3547 3616 3601 translatum

2055 3647 2219 3701 fuerit
2246 3660 2463 3715 corpus,
2492 3660 2598 3698 non
2634 3653 2716 3698 est
2747 3642 2835 3695 ubi
2863 3642 3064 3711 capiat.
3107 3640 3214 3694 Sed
3265 3639 3389 3695 nolo
3437 3639 3618 3694 dicere

2053 3739 2195 3808 quod
2244 3737 2505 3806 sequitur,
2529 3735 2653 3804 quia
2711 3747 2810 3786 nec
2840 3732 3063 3784 rationis
3093 3741 3177 3784 est
3229 3729 3617 3798 blasphemiam

2054 3829 2197 3898 loqui
2229 3829 2281 3881 itt
2308 3827 2570 3881 Ecclesia.
2610 3823 2683 3878 Ea
2713 3822 2877 3893 igitur
2907 3836 3025 3889 qua:
3052 3820 3116 3874 de
3146 3820 3358 3875 diabolo
3387 3833 3491 3874 non
3515 3820 3617 3872 im-

2055 3957 2281 4021 portune
2333 3952 2709 4008 occurrerunt,
2739 3942 2811 3996 ita
2859 3938 3254 4008 quodammodo
3300 3937 3440 3993 facta
3491 3943 3621 3992 sunt

2057 4039 2364 4094 manifesta.
2416 4037 2525 4092 Nos
2586 4045 2766 4090 autem
2822 4031 3158 4087 conﬁdamus
3213 4031 3266 4084 in
3307 4030 3540 4090 Cbristo.
3564 4037 3619 4082 et

2055 4130 2750 4197 conlidentesincrepetnus
2771 4131 2841 4194 ei,
2865 4137 2920 4183 et
2980 4127 3315 4193 increpantes
3357 4136 3618 4174 memores

2054 4224 2224 4279 simus
2251 4226 2368 4291 ejus
2422 4221 2513 4290 qui
2550 4221 2625 4274 ait
2655 4237 2671 4275 :
2702 4219 2858 4274 Exite
2890 4220 2955 4274 ab
2995 4221 3070 4271 eis
3118 4227 3165 4270 et
3205 4213 3542 4282 separamipu',
3569 4220 3616 4262 et

2055 4317 2378 4369 immundum
2419 4329 2482 4366 ne
2528 4314 2885 4382 tetigeritis".
2923 4311 3056 4379 Quid
3095 4308 3239 4363 enim
3277 4307 3358 4362 eis
3397 4314 3452 4358 et
3480 4302 3616 4358 difﬁ-

2055 4405 2185 4460 ciles
2208 4404 2428 4458 sumus?
2453 4403 2578 4473 quid
2605 4406 2682 4457 eis
2712 4413 2764 4456 et
2797 4400 3122 4455 irascimur?
3147 4413 3265 4466 quas
3290 4397 3432 4451 enim
3462 4409 3616 4464 paena

1983 4514 2026 4567 ι)
2057 4498 2160 4552 alia
2192 4498 2272 4553 eis
2301 4496 2562 4552 debetur?
2583 4496 2639 4550 Si
2683 4496 2805 4564 quis
2839 4495 2918 4548 eis
2949 4494 3296 4555 irasceretur,
3325 4490 3506 4558 utique
3533 4488 3616 4541 di-

2056 4599 2203 4644 ceret
2243 4607 2257 4642 :
2291 4588 2533 4658 Spoliare
2557 4631 2571 4653 ,
2606 4587 2875 4641 denudare
2899 4623 2915 4649 ,
2943 4585 3246 4651 deturpare,
3285 4579 3617 4650 infrigidare.

2060 4685 2250 4738 Statue
2283 4698 2403 4738 eum
2435 4683 2632 4735 nudum
2683 4681 2737 4736 in
2793 4681 3014 4749 frigore,
3042 4678 3206 4732 facito
3251 4690 3373 4731 eum
3400 4688 3619 4730 currere

2060 4782 2184 4827 ante
2212 4788 2450 4827 currum.
2473 4771 2704 4825 Laboret
2737 4770 3022 4824 ambulans
3043 4808 3058 4833 ,
3101 4769 3413 4836 deturpetur
3455 4765 3636 4825 denu-.

2062 4864 2236 4924 datus,
2262 4864 2405 4916 dicat
2439 4862 2631 4929 turpia.
2691 4860 2828 4926 Quid
2875 4859 3072 4928 quaeris
3113 4859 3307 4926 punire
3349 4869 3471 4910 eum
3529 4853 3618 4921 qui

2058 4953 2402 5022 semetipsum
2439 4951 2692 5005 damnat?
2720 4949 2916 5003 sufficit
2955 4950 3035 5004 eis
3063 4949 3189 5018 quia
3235 4961 3340 5001 non
3382 4952 3506 5000 sunt
3531 4959 3621 4995 no-

2058 5045 2262 5099 biscum
2302 5061 2317 5100 :
2347 5043 2539 5097 suﬁicit
2577 5042 2732 5096 nobis
2765 5041 2888 5106 quia
2920 5055 3024 5094 non
3076 5052 3263 5092 sumus
3297 5050 3418 5089 cum
3467 5034 3618 5100 ipsis.

2058 5134 2304 5189 [labeant
2330 5136 2471 5204 quod
2497 5134 2719 5198 habent,
2751 5132 2876 5200 quia
2906 5143 2961 5186 et
2996 5130 3200 5184 volunt.
3233 5126 3350 5183 Non
3377 5125 3488 5196 (ll)
3522 5125 3620 5178 ba-

2057 5227 2244 5281 bemus
2273 5242 2434 5296 quem
2464 5227 2743 5289 habemus,
2768 5227 2894 5294 quia
2926 5232 2980 5278 et
3007 5222 3273 5276 volumus.
3321 5219 3428 5272 Sed
3457 5217 3621 5286 fugiat

2055 5326 2110 5372 et
2148 5333 2299 5372 mens
2323 5319 2563 5383 insanos,
2596 5325 2650 5370 et
2671 5316 2825 5370 sileat
2859 5315 3037 5384 lingua
3063 5330 3077 5380 ;
3105 5312 3228 5366 inde
3255 5320 3310 5365 et
3341 5318 3607 5364 converta-

2057 5415 2144 5460 tur
2166 5407 2233 5461 ad
2269 5422 2459 5476 purum
2485 5419 2537 5462 et
2585 5406 2978 5476 incorporalem
3017 5403 3206 5467 Deum,
3232 5401 3300 5454 ad
3350 5404 3619 5459 sanct'mn,

2054 5510 2108 5551 et
2134 5498 2288 5554 istius
2320 5500 2469 5554 chori
2506 5497 2815 5555 Dominum.
2848 5496 2962 5553 Non
2993 5509 3117 5551 eum
3164 5494 3474 5563 operiamus
3498 5502 3618 5541 cor-

2125 5694 2237 5766 (ll)
2269 5695 2414 5751 Non.
2447 5697 2523 5750 An
2558 5698 2700 5752 nos?
