  <div class='ocr_page' id='page_1' title='image "/cluster/home/n/w/nwhite01/storage/ocr_20150623/24:no.6/coo.31924054873058/575.png"; bbox 0 0 4134 6474; ppageno 0'>
   <div class='ocr_carea' id='block_1_1' title="bbox 514 335 654 388">
    <p class='ocr_par' dir='ltr' id='par_1_1' title="bbox 514 335 654 388">
     <span class='ocr_line' id='line_1_1' title="bbox 514 335 654 388; baseline 0 -1"><span class='ocrx_word' id='word_1_1' title='bbox 514 335 654 388; x_wconf 67' lang='grc'><strong>1123</strong></span> 
     </span>
    </p>
   </div>
   <div class='ocr_carea' id='block_1_2' title="bbox 1217 329 3114 392">
    <p class='ocr_par' dir='ltr' id='par_1_2' title="bbox 1217 329 3114 392">
     <span class='ocr_line' id='line_1_2' title="bbox 1217 329 3114 392; baseline 0.001 -5"><span class='ocrx_word' id='word_1_2' title='bbox 1217 332 1486 389; x_wconf 83' lang='lat' dir='ltr'><strong>EUSEBII</strong></span> <span class='ocrx_word' id='word_1_3' title='bbox 1525 331 1998 390; x_wconf 68' lang='lat' dir='ltr'><strong>CESARIENSIS</strong></span> <span class='ocrx_word' id='word_1_4' title='bbox 2036 332 2185 389; x_wconf 83' lang='lat' dir='ltr'><strong>OPP.</strong></span> <span class='ocrx_word' id='word_1_5' title='bbox 2229 333 2412 389; x_wconf 78' lang='lat' dir='ltr'><strong>PARS</strong></span> <span class='ocrx_word' id='word_1_6' title='bbox 2449 332 2540 392; x_wconf 72' lang='lat' dir='ltr'><strong>IV.</strong></span> <span class='ocrx_word' id='word_1_7' title='bbox 2579 365 2650 378; x_wconf 92' lang='lat'><strong><em>—</em></strong></span> <span class='ocrx_word' id='word_1_8' title='bbox 2686 329 3114 388; x_wconf 81' lang='lat' dir='ltr'><strong>DOGMATICA.</strong></span> 
     </span>
    </p>
   </div>
   <div class='ocr_carea' id='block_1_3' title="bbox 3645 333 3788 386">
    <p class='ocr_par' dir='ltr' id='par_1_3' title="bbox 3645 333 3788 386">
     <span class='ocr_line' id='line_1_3' title="bbox 3645 333 3788 386; baseline 0.014 -1"><span class='ocrx_word' id='word_1_9' title='bbox 3645 333 3788 386; x_wconf 70' lang='grc'><strong>1124</strong></span> 
     </span>
    </p>
   </div>
   <div class='ocr_carea' id='block_1_4' title="bbox 514 445 3790 516">
    <p class='ocr_par' dir='ltr' id='par_1_4' title="bbox 514 445 3790 516">
     <span class='ocr_line' id='line_1_4' title="bbox 514 445 3790 516; baseline 0 -16"><span class='ocrx_word' id='word_1_10' title='bbox 514 461 665 516; x_wconf 89' lang='lat' dir='ltr'><strong>pore,</strong></span> <span class='ocrx_word' id='word_1_11' title='bbox 697 445 821 515; x_wconf 88' lang='lat' dir='ltr'><strong>quia</strong></span> <span class='ocrx_word' id='word_1_12' title='bbox 845 461 942 502; x_wconf 89' lang='lat' dir='ltr'><strong>nec</strong></span> <span class='ocrx_word' id='word_1_13' title='bbox 968 447 1170 515; x_wconf 89' lang='lat' dir='ltr'><strong>patitur</strong></span> <span class='ocrx_word' id='word_1_14' title='bbox 1204 464 1220 502; x_wconf 87' lang='lat'><strong>:</strong></span> <span class='ocrx_word' id='word_1_15' title='bbox 1251 465 1357 504; x_wconf 92' lang='lat' dir='ltr'><strong>non</strong></span> <span class='ocrx_word' id='word_1_16' title='bbox 1397 464 1518 504; x_wconf 91' lang='lat' dir='ltr'><strong>eum</strong></span> <span class='ocrx_word' id='word_1_17' title='bbox 1577 449 1879 505; x_wconf 85' lang='lat' dir='ltr'><strong>vestiamus</strong></span> <span class='ocrx_word' id='word_1_18' title='bbox 1941 452 2102 506; x_wconf 89' lang='lat' dir='ltr'><strong>vesti-</strong></span> <span class='ocrx_word' id='word_1_19' title='bbox 2132 455 2177 511; x_wconf 82' lang='grc' dir='ltr'>Α</span> <span class='ocrx_word' id='word_1_20' title='bbox 2208 459 2350 505; x_wconf 88' lang='lat' dir='ltr'><strong>terra</strong></span> <span class='ocrx_word' id='word_1_21' title='bbox 2401 461 2457 504; x_wconf 90' lang='lat' dir='ltr'><strong>ut</strong></span> <span class='ocrx_word' id='word_1_22' title='bbox 2517 449 2812 505; x_wconf 84' lang='lat' dir='ltr'><strong>scabellum</strong></span> <span class='ocrx_word' id='word_1_23' title='bbox 2876 458 3086 503; x_wconf 87' lang='lat' dir='ltr'><strong>tactum</strong></span> <span class='ocrx_word' id='word_1_24' title='bbox 3135 447 3328 516; x_wconf 91' lang='lat' dir='ltr'><strong>pedum</strong></span> <span class='ocrx_word' id='word_1_25' title='bbox 3380 455 3790 511; x_wconf 89' lang='lat' dir='ltr'><strong>mensuratum,</strong></span> 
     </span>
    </p>
   </div>
   <div class='ocr_carea' id='block_1_5' title="bbox 515 539 2090 609">
    <p class='ocr_par' dir='ltr' id='par_1_5' title="bbox 515 539 2090 609">
     <span class='ocr_line' id='line_1_5' title="bbox 515 539 2090 609; baseline 0.003 -17"><span class='ocrx_word' id='word_1_26' title='bbox 515 549 720 603; x_wconf 92' lang='lat' dir='ltr'><strong>mento,</strong></span> <span class='ocrx_word' id='word_1_27' title='bbox 740 539 861 608; x_wconf 88' lang='lat' dir='ltr'><strong>quia</strong></span> <span class='ocrx_word' id='word_1_28' title='bbox 897 555 998 594; x_wconf 84' lang='lat' dir='ltr'><strong>nec</strong></span> <span class='ocrx_word' id='word_1_29' title='bbox 1024 541 1229 609; x_wconf 90' lang='lat' dir='ltr'><strong>indiget</strong></span> <span class='ocrx_word' id='word_1_30' title='bbox 1267 559 1280 594; x_wconf 90' lang='lat'><strong>:</strong></span> <span class='ocrx_word' id='word_1_31' title='bbox 1317 557 1424 597; x_wconf 92' lang='lat' dir='ltr'><strong>non</strong></span> <span class='ocrx_word' id='word_1_32' title='bbox 1448 543 1496 596; x_wconf 91' lang='lat' dir='ltr'><strong>ei</strong></span> <span class='ocrx_word' id='word_1_33' title='bbox 1557 540 1855 597; x_wconf 74' lang='lat' dir='ltr'><strong>offeramus</strong></span> <span class='ocrx_word' id='word_1_34' title='bbox 1882 545 2090 598; x_wconf 89' lang='lat' dir='ltr'><strong>sacriﬁ-</strong></span> 
     </span>
    </p>
   </div>
   <div class='ocr_carea' id='block_1_6' title="bbox 513 627 2085 700">
    <p class='ocr_par' dir='ltr' id='par_1_6' title="bbox 513 627 2085 700">
     <span class='ocr_line' id='line_1_6' title="bbox 513 627 2085 700; baseline 0.005 -18"><span class='ocrx_word' id='word_1_35' title='bbox 513 627 620 694; x_wconf 88' lang='lat' dir='ltr'><strong>cia,</strong></span> <span class='ocrx_word' id='word_1_36' title='bbox 644 629 766 698; x_wconf 83' lang='lat' dir='ltr'><strong>quia</strong></span> <span class='ocrx_word' id='word_1_37' title='bbox 805 645 905 684; x_wconf 89' lang='lat' dir='ltr'><strong>nec</strong></span> <span class='ocrx_word' id='word_1_38' title='bbox 936 631 1091 699; x_wconf 90' lang='lat' dir='ltr'><strong>petit.</strong></span> <span class='ocrx_word' id='word_1_39' title='bbox 1121 629 1358 686; x_wconf 65' lang='lat' dir='ltr'><strong>Estima</strong></span> <span class='ocrx_word' id='word_1_40' title='bbox 1390 634 1518 700; x_wconf 92' lang='lat' dir='ltr'><strong>quid</strong></span> <span class='ocrx_word' id='word_1_41' title='bbox 1555 635 1708 688; x_wconf 85' lang='lat' dir='ltr'><strong>dicis.</strong></span> <span class='ocrx_word' id='word_1_42' title='bbox 1761 634 1817 688; x_wconf 92' lang='lat' dir='ltr'><strong>Si</strong></span> <span class='ocrx_word' id='word_1_43' title='bbox 1872 635 2085 690; x_wconf 85' lang='lat' dir='ltr'><strong>dederis</strong></span> 
     </span>
    </p>
   </div>
   <div class='ocr_carea' id='block_1_7' title="bbox 515 717 2096 792">
    <p class='ocr_par' dir='ltr' id='par_1_7' title="bbox 515 717 2096 792">
     <span class='ocr_line' id='line_1_7' title="bbox 515 717 2096 792; baseline 0.003 -20"><span class='ocrx_word' id='word_1_44' title='bbox 515 717 562 783; x_wconf 74' lang='lat' dir='ltr'><strong>ei</strong></span> <span class='ocrx_word' id='word_1_45' title='bbox 590 733 806 786; x_wconf 91' lang='lat' dir='ltr'><strong>corpus,</strong></span> <span class='ocrx_word' id='word_1_46' title='bbox 832 719 1094 787; x_wconf 89' lang='lat' dir='ltr'><strong>separasti</strong></span> <span class='ocrx_word' id='word_1_47' title='bbox 1119 721 1165 774; x_wconf 91' lang='lat' dir='ltr'><strong>ei</strong></span> <span class='ocrx_word' id='word_1_48' title='bbox 1189 721 1401 790; x_wconf 86' lang='lat' dir='ltr'><strong>locum;</strong></span> <span class='ocrx_word' id='word_1_49' title='bbox 1428 723 1776 792; x_wconf 90' lang='lat' dir='ltr'><strong>composuisti</strong></span> <span class='ocrx_word' id='word_1_50' title='bbox 1797 723 2096 792; x_wconf 88' lang='lat' dir='ltr'><strong>simplicem</strong></span> 
     </span>
    </p>
   </div>
   <div class='ocr_carea' id='block_1_8' title="bbox 513 809 2099 882">
    <p class='ocr_par' dir='ltr' id='par_1_8' title="bbox 513 809 2099 882">
     <span class='ocr_line' id='line_1_8' title="bbox 513 809 2099 882; baseline 0.005 -20"><span class='ocrx_word' id='word_1_51' title='bbox 513 817 787 873; x_wconf 86' lang='lat' dir='ltr'><strong>naturam,</strong></span> <span class='ocrx_word' id='word_1_52' title='bbox 840 809 1160 879; x_wconf 81' lang='lat' dir='ltr'><strong>placabilem</strong></span> <span class='ocrx_word' id='word_1_53' title='bbox 1199 810 1371 867; x_wconf 82' lang='lat' dir='ltr'><strong>fecisti</strong></span> <span class='ocrx_word' id='word_1_54' title='bbox 1436 814 1850 882; x_wconf 80' lang='lat' dir='ltr'><strong>implacabilem.</strong></span> <span class='ocrx_word' id='word_1_55' title='bbox 1885 814 1939 868; x_wconf 89' lang='lat' dir='ltr'><strong>In</strong></span> <span class='ocrx_word' id='word_1_56' title='bbox 1981 815 2099 871; x_wconf 91' lang='lat' dir='ltr'><strong>loco</strong></span> 
     </span>
    </p>
   </div>
   <div class='ocr_carea' id='block_1_9' title="bbox 513 900 2099 970">
    <p class='ocr_par' dir='ltr' id='par_1_9' title="bbox 513 900 2099 970">
     <span class='ocr_line' id='line_1_9' title="bbox 513 900 2099 970; baseline 0.005 -16"><span class='ocrx_word' id='word_1_57' title='bbox 513 915 632 954; x_wconf 87' lang='lat' dir='ltr'><strong>eum</strong></span> <span class='ocrx_word' id='word_1_58' title='bbox 656 901 744 970; x_wconf 90' lang='lat' dir='ltr'><strong>qui</strong></span> <span class='ocrx_word' id='word_1_59' title='bbox 771 910 828 955; x_wconf 93' lang='lat' dir='ltr'><strong>et</strong></span> <span class='ocrx_word' id='word_1_60' title='bbox 872 917 901 955; x_wconf 87' lang='lat' dir='ltr'><strong>a</strong></span> <span class='ocrx_word' id='word_1_61' title='bbox 927 900 1059 958; x_wconf 89' lang='lat' dir='ltr'><strong>locis</strong></span> <span class='ocrx_word' id='word_1_62' title='bbox 1091 902 1226 958; x_wconf 87' lang='lat' dir='ltr'><strong>liber</strong></span> <span class='ocrx_word' id='word_1_63' title='bbox 1267 913 1350 959; x_wconf 91' lang='lat' dir='ltr'><strong>est</strong></span> <span class='ocrx_word' id='word_1_64' title='bbox 1399 906 1753 961; x_wconf 74' lang='lat' dir='ltr'><strong>constituisti.</strong></span> <span class='ocrx_word' id='word_1_65' title='bbox 1796 906 1850 960; x_wconf 93' lang='lat' dir='ltr'><strong>Si</strong></span> <span class='ocrx_word' id='word_1_66' title='bbox 1894 907 2099 962; x_wconf 81' lang='lat' dir='ltr'><strong>dixeris</strong></span> 
     </span>
    </p>
   </div>
   <div class='ocr_carea' id='block_1_10' title="bbox 511 992 2096 1064">
    <p class='ocr_par' dir='ltr' id='par_1_10' title="bbox 511 992 2096 1064">
     <span class='ocr_line' id='line_1_10' title="bbox 511 992 2096 1064; baseline 0.004 -18"><span class='ocrx_word' id='word_1_67' title='bbox 511 1006 730 1062; x_wconf 92' lang='lat' dir='ltr'><strong>corpus,</strong></span> <span class='ocrx_word' id='word_1_68' title='bbox 759 992 912 1047; x_wconf 87' lang='lat' dir='ltr'><strong>dabis</strong></span> <span class='ocrx_word' id='word_1_69' title='bbox 963 993 1172 1058; x_wconf 85' lang='lat' dir='ltr'><strong>oculos,</strong></span> <span class='ocrx_word' id='word_1_70' title='bbox 1222 993 1374 1049; x_wconf 89' lang='lat' dir='ltr'><strong>dabis</strong></span> <span class='ocrx_word' id='word_1_71' title='bbox 1430 1009 1591 1050; x_wconf 84' lang='lat' dir='ltr'><strong>aures</strong></span> <span class='ocrx_word' id='word_1_72' title='bbox 1637 997 1782 1051; x_wconf 87' lang='lat' dir='ltr'><strong>circa</strong></span> <span class='ocrx_word' id='word_1_73' title='bbox 1818 997 2010 1064; x_wconf 90' lang='lat' dir='ltr'><strong>Deum,</strong></span> <span class='ocrx_word' id='word_1_74' title='bbox 2041 1007 2096 1053; x_wconf 88' lang='lat' dir='ltr'><strong>et</strong></span> 
     </span>
    </p>
   </div>
   <div class='ocr_carea' id='block_1_11' title="bbox 514 1083 2095 1154">
    <p class='ocr_par' dir='ltr' id='par_1_11' title="bbox 514 1083 2095 1154">
     <span class='ocr_line' id='line_1_11' title="bbox 514 1083 2095 1154; baseline 0.004 -17"><span class='ocrx_word' id='word_1_75' title='bbox 514 1083 779 1154; x_wconf 79' lang='lat' dir='ltr'><strong>linguam,</strong></span> <span class='ocrx_word' id='word_1_76' title='bbox 810 1093 865 1139; x_wconf 92' lang='lat' dir='ltr'><strong>et</strong></span> <span class='ocrx_word' id='word_1_77' title='bbox 894 1099 1138 1149; x_wconf 89' lang='lat' dir='ltr'><strong>sensum,</strong></span> <span class='ocrx_word' id='word_1_78' title='bbox 1166 1095 1220 1139; x_wconf 89' lang='lat' dir='ltr'><strong>et</strong></span> <span class='ocrx_word' id='word_1_79' title='bbox 1246 1101 1389 1153; x_wconf 90' lang='lat' dir='ltr'><strong>ossa,</strong></span> <span class='ocrx_word' id='word_1_80' title='bbox 1424 1095 1480 1140; x_wconf 92' lang='lat' dir='ltr'><strong>et</strong></span> <span class='ocrx_word' id='word_1_81' title='bbox 1525 1087 1760 1152; x_wconf 82' lang='lat' dir='ltr'><strong>viscera,</strong></span> <span class='ocrx_word' id='word_1_82' title='bbox 1786 1097 1839 1142; x_wconf 90' lang='lat' dir='ltr'><strong>et</strong></span> <span class='ocrx_word' id='word_1_83' title='bbox 1879 1104 2095 1152; x_wconf 86' lang='lat' dir='ltr'><strong>nervos,</strong></span> 
     </span>
    </p>
   </div>
   <div class='ocr_carea' id='block_1_12' title="bbox 511 1177 2099 1249">
    <p class='ocr_par' dir='ltr' id='par_1_12' title="bbox 511 1177 2099 1249">
     <span class='ocr_line' id='line_1_12' title="bbox 511 1177 2099 1249; baseline 0.003 -20"><span class='ocrx_word' id='word_1_84' title='bbox 511 1183 564 1230; x_wconf 88' lang='lat' dir='ltr'><strong>et</strong></span> <span class='ocrx_word' id='word_1_85' title='bbox 587 1190 752 1231; x_wconf 88' lang='lat' dir='ltr'><strong>venas</strong></span> <span class='ocrx_word' id='word_1_86' title='bbox 790 1191 805 1229; x_wconf 91' lang='lat'><strong>:</strong></span> <span class='ocrx_word' id='word_1_87' title='bbox 834 1185 890 1230; x_wconf 92' lang='lat' dir='ltr'><strong>et</strong></span> <span class='ocrx_word' id='word_1_88' title='bbox 920 1177 1134 1246; x_wconf 86' lang='lat' dir='ltr'><strong>ignoras</strong></span> <span class='ocrx_word' id='word_1_89' title='bbox 1164 1177 1233 1232; x_wconf 91' lang='lat' dir='ltr'><strong>de</strong></span> <span class='ocrx_word' id='word_1_90' title='bbox 1268 1192 1375 1246; x_wconf 91' lang='lat' dir='ltr'><strong>quo</strong></span> <span class='ocrx_word' id='word_1_91' title='bbox 1411 1177 1680 1247; x_wconf 89' lang='lat' dir='ltr'><strong>loqueris.</strong></span> <span class='ocrx_word' id='word_1_92' title='bbox 1712 1178 1854 1249; x_wconf 87' lang='lat' dir='ltr'><strong>Fuge</strong></span> <span class='ocrx_word' id='word_1_93' title='bbox 1878 1179 2099 1233; x_wconf 83' lang='lat' dir='ltr'><strong>demen-</strong></span> 
     </span>
    </p>
   </div>
   <div class='ocr_carea' id='block_1_13' title="bbox 511 1267 2097 1340">
    <p class='ocr_par' dir='ltr' id='par_1_13' title="bbox 511 1267 2097 1340">
     <span class='ocr_line' id='line_1_13' title="bbox 511 1267 2097 1340; baseline 0.005 -20"><span class='ocrx_word' id='word_1_94' title='bbox 511 1267 665 1333; x_wconf 90' lang='lat' dir='ltr'><strong>tiam,</strong></span> <span class='ocrx_word' id='word_1_95' title='bbox 704 1279 762 1322; x_wconf 94' lang='lat' dir='ltr'><strong>ut</strong></span> <span class='ocrx_word' id='word_1_96' title='bbox 792 1268 1218 1338; x_wconf 88' lang='lat' dir='ltr'><strong>comprehendas</strong></span> <span class='ocrx_word' id='word_1_97' title='bbox 1248 1286 1352 1324; x_wconf 94' lang='lat' dir='ltr'><strong>non</strong></span> <span class='ocrx_word' id='word_1_98' title='bbox 1385 1281 1619 1340; x_wconf 88' lang='lat' dir='ltr'><strong>quantus</strong></span> <span class='ocrx_word' id='word_1_99' title='bbox 1657 1281 1740 1325; x_wconf 89' lang='lat' dir='ltr'><strong>est</strong></span> <span class='ocrx_word' id='word_1_100' title='bbox 1763 1281 1978 1336; x_wconf 91' lang='lat' dir='ltr'><strong>natura,</strong></span> <span class='ocrx_word' id='word_1_101' title='bbox 2001 1273 2097 1328; x_wconf 92' lang='lat' dir='ltr'><strong>sed</strong></span> 
     </span>
    </p>
   </div>
   <div class='ocr_carea' id='block_1_14' title="bbox 510 1360 2094 1432">
    <p class='ocr_par' dir='ltr' id='par_1_14' title="bbox 510 1360 2094 1432">
     <span class='ocr_line' id='line_1_14' title="bbox 510 1360 2094 1432; baseline 0.003 -19"><span class='ocrx_word' id='word_1_102' title='bbox 510 1369 772 1430; x_wconf 90' lang='lat' dir='ltr'><strong>quantum</strong></span> <span class='ocrx_word' id='word_1_103' title='bbox 799 1360 891 1415; x_wconf 84' lang='lat' dir='ltr'><strong>tibi</strong></span> <span class='ocrx_word' id='word_1_104' title='bbox 921 1360 1176 1428; x_wconf 83' lang='lat' dir='ltr'><strong>possibile</strong></span> <span class='ocrx_word' id='word_1_105' title='bbox 1192 1371 1279 1415; x_wconf 90' lang='lat' dir='ltr'><strong>est</strong></span> <span class='ocrx_word' id='word_1_106' title='bbox 1304 1375 1482 1416; x_wconf 87' lang='lat' dir='ltr'><strong>nosse.</strong></span> <span class='ocrx_word' id='word_1_107' title='bbox 1507 1361 1563 1416; x_wconf 91' lang='lat' dir='ltr'><strong>Si</strong></span> <span class='ocrx_word' id='word_1_108' title='bbox 1593 1375 1789 1432; x_wconf 89' lang='lat' dir='ltr'><strong>corpus</strong></span> <span class='ocrx_word' id='word_1_109' title='bbox 1814 1371 1898 1417; x_wconf 90' lang='lat' dir='ltr'><strong>est</strong></span> <span class='ocrx_word' id='word_1_110' title='bbox 1917 1362 2094 1417; x_wconf 89' lang='lat' dir='ltr'><strong>Deus:</strong></span> 
     </span>
    </p>
   </div>
   <div class='ocr_carea' id='block_1_15' title="bbox 513 1451 2099 1521">
    <p class='ocr_par' dir='ltr' id='par_1_15' title="bbox 513 1451 2099 1521">
     <span class='ocr_line' id='line_1_15' title="bbox 513 1451 2099 1521; baseline 0.004 -18"><span class='ocrx_word' id='word_1_111' title='bbox 513 1452 634 1519; x_wconf 89' lang='lat' dir='ltr'><strong>quis</strong></span> <span class='ocrx_word' id='word_1_112' title='bbox 672 1459 755 1504; x_wconf 89' lang='lat' dir='ltr'><strong>est</strong></span> <span class='ocrx_word' id='word_1_113' title='bbox 779 1451 870 1521; x_wconf 93' lang='lat' dir='ltr'><strong>qui</strong></span> <span class='ocrx_word' id='word_1_114' title='bbox 913 1459 1213 1520; x_wconf 91' lang='lat' dir='ltr'><strong>supportat,</strong></span> <span class='ocrx_word' id='word_1_115' title='bbox 1239 1451 1331 1521; x_wconf 91' lang='lat' dir='ltr'><strong>qui</strong></span> <span class='ocrx_word' id='word_1_116' title='bbox 1357 1451 1664 1520; x_wconf 86' lang='lat' dir='ltr'><strong>subbajulat</strong></span> <span class='ocrx_word' id='word_1_117' title='bbox 1707 1453 1905 1508; x_wconf 75' lang='lat' dir='ltr'><strong>coelum</strong></span> <span class='ocrx_word' id='word_1_118' title='bbox 1933 1455 1956 1506; x_wconf 84' lang='lat'><strong>?</strong></span> <span class='ocrx_word' id='word_1_119' title='bbox 1985 1457 2099 1509; x_wconf 86' lang='lat' dir='ltr'><strong>An-</strong></span> 
     </span>
    </p>
   </div>
   <div class='ocr_carea' id='block_1_16' title="bbox 512 1541 2095 1611">
    <p class='ocr_par' dir='ltr' id='par_1_16' title="bbox 512 1541 2095 1611">
     <span class='ocr_line' id='line_1_16' title="bbox 512 1541 2095 1611; baseline 0.004 -17"><span class='ocrx_word' id='word_1_120' title='bbox 512 1552 728 1610; x_wconf 91' lang='lat' dir='ltr'><strong>tequam</strong></span> <span class='ocrx_word' id='word_1_121' title='bbox 759 1558 888 1611; x_wconf 89' lang='lat' dir='ltr'><strong>ergo</strong></span> <span class='ocrx_word' id='word_1_122' title='bbox 919 1541 1112 1596; x_wconf 76' lang='lat' dir='ltr'><strong>coelum</strong></span> <span class='ocrx_word' id='word_1_123' title='bbox 1144 1542 1322 1607; x_wconf 89' lang='lat' dir='ltr'><strong>ﬁeret,</strong></span> <span class='ocrx_word' id='word_1_124' title='bbox 1359 1543 1449 1596; x_wconf 92' lang='lat' dir='ltr'><strong>ubi</strong></span> <span class='ocrx_word' id='word_1_125' title='bbox 1477 1553 1596 1596; x_wconf 89' lang='lat' dir='ltr'><strong>erat</strong></span> <span class='ocrx_word' id='word_1_126' title='bbox 1623 1544 1804 1599; x_wconf 87' lang='lat' dir='ltr'><strong>Deus?</strong></span> <span class='ocrx_word' id='word_1_127' title='bbox 1836 1543 2002 1599; x_wconf 90' lang='lat' dir='ltr'><strong>Terra</strong></span> <span class='ocrx_word' id='word_1_128' title='bbox 2049 1547 2095 1600; x_wconf 90' lang='lat' dir='ltr'><strong>ei</strong></span> 
     </span>
    </p>
   </div>
   <div class='ocr_carea' id='block_1_17' title="bbox 508 1633 2098 1703">
    <p class='ocr_par' dir='ltr' id='par_1_17' title="bbox 508 1633 2098 1703">
     <span class='ocr_line' id='line_1_17' title="bbox 508 1633 2098 1703; baseline 0.004 -17"><span class='ocrx_word' id='word_1_129' title='bbox 508 1633 802 1688; x_wconf 90' lang='lat' dir='ltr'><strong>scabellum</strong></span> <span class='ocrx_word' id='word_1_130' title='bbox 830 1644 912 1688; x_wconf 92' lang='lat' dir='ltr'><strong>est</strong></span> <span class='ocrx_word' id='word_1_131' title='bbox 938 1653 950 1688; x_wconf 94' lang='lat'>:</span> <span class='ocrx_word' id='word_1_132' title='bbox 979 1644 1275 1703; x_wconf 87' lang='lat' dir='ltr'><strong>antequam</strong></span> <span class='ocrx_word' id='word_1_133' title='bbox 1304 1646 1588 1690; x_wconf 87' lang='lat' dir='ltr'><strong>crearetur</strong></span> <span class='ocrx_word' id='word_1_134' title='bbox 1609 1645 1773 1700; x_wconf 91' lang='lat' dir='ltr'><strong>terra,</strong></span> <span class='ocrx_word' id='word_1_135' title='bbox 1824 1637 1912 1692; x_wconf 92' lang='lat' dir='ltr'><strong>ubi</strong></span> <span class='ocrx_word' id='word_1_136' title='bbox 1942 1647 2098 1692; x_wconf 89' lang='lat' dir='ltr'><strong>erant</strong></span> 
     </span>
    </p>
   </div>
   <div class='ocr_carea' id='block_1_18' title="bbox 508 1722 2095 1794">
    <p class='ocr_par' dir='ltr' id='par_1_18' title="bbox 508 1722 2095 1794">
     <span class='ocr_line' id='line_1_18' title="bbox 508 1722 2095 1794; baseline 0.004 -18"><span class='ocrx_word' id='word_1_137' title='bbox 508 1724 704 1791; x_wconf 88' lang='lat' dir='ltr'><strong>pedes?</strong></span> <span class='ocrx_word' id='word_1_138' title='bbox 733 1722 839 1779; x_wconf 89' lang='lat' dir='ltr'><strong>Sed</strong></span> <span class='ocrx_word' id='word_1_139' title='bbox 866 1725 1082 1794; x_wconf 90' lang='lat' dir='ltr'><strong>quando</strong></span> <span class='ocrx_word' id='word_1_140' title='bbox 1129 1726 1332 1779; x_wconf 88' lang='lat' dir='ltr'><strong>dictum</strong></span> <span class='ocrx_word' id='word_1_141' title='bbox 1393 1735 1477 1780; x_wconf 91' lang='lat' dir='ltr'><strong>est</strong></span> <span class='ocrx_word' id='word_1_142' title='bbox 1521 1728 1666 1782; x_wconf 87' lang='lat' dir='ltr'><strong>hoc:</strong></span> <span class='ocrx_word' id='word_1_143' title='bbox 1710 1727 1910 1783; x_wconf 77' lang='lat' dir='ltr'><strong>Catum</strong></span> <span class='ocrx_word' id='word_1_144' title='bbox 1964 1730 2095 1783; x_wconf 85' lang='lat' dir='ltr'><strong>mihi</strong></span> 
     </span>
    </p>
   </div>
   <div class='ocr_carea' id='block_1_19' title="bbox 2203 539 3793 613">
    <p class='ocr_par' dir='ltr' id='par_1_19' title="bbox 2203 539 3793 613">
     <span class='ocr_line' id='line_1_19' title="bbox 2203 539 3793 613; baseline -0.001 -18"><span class='ocrx_word' id='word_1_145' title='bbox 2203 545 2476 612; x_wconf 86' lang='lat' dir='ltr'><strong>quomodo</strong></span> <span class='ocrx_word' id='word_1_146' title='bbox 2517 552 2698 613; x_wconf 85' lang='lat' dir='ltr'><strong>potest</strong></span> <span class='ocrx_word' id='word_1_147' title='bbox 2730 540 2964 596; x_wconf 85' lang='lat' dir='ltr'><strong>transire</strong></span> <span class='ocrx_word' id='word_1_148' title='bbox 2986 541 3278 596; x_wconf 89' lang='lat' dir='ltr'><strong>scabellum</strong></span> <span class='ocrx_word' id='word_1_149' title='bbox 3308 541 3498 609; x_wconf 89' lang='lat' dir='ltr'><strong>pedum</strong></span> <span class='ocrx_word' id='word_1_150' title='bbox 3532 539 3793 596; x_wconf 79' lang='lat' dir='ltr'><strong>suorum?</strong></span> 
     </span>
    </p>
   </div>
   <div class='ocr_carea' id='block_1_20' title="bbox 2199 632 3788 704">
    <p class='ocr_par' dir='ltr' id='par_1_20' title="bbox 2199 632 3788 704">
     <span class='ocr_line' id='line_1_20' title="bbox 2199 632 3788 704; baseline -0.003 -14"><span class='ocrx_word' id='word_1_151' title='bbox 2199 636 2476 704; x_wconf 89' lang='lat' dir='ltr'><strong>quomodo</strong></span> <span class='ocrx_word' id='word_1_152' title='bbox 2509 633 2842 690; x_wconf 81' lang='lat' dir='ltr'><strong>ambulavit?</strong></span> <span class='ocrx_word' id='word_1_153' title='bbox 2899 634 2996 687; x_wconf 91' lang='lat' dir='ltr'><strong>sed</strong></span> <span class='ocrx_word' id='word_1_154' title='bbox 3033 633 3239 687; x_wconf 89' lang='lat' dir='ltr'><strong>habitat</strong></span> <span class='ocrx_word' id='word_1_155' title='bbox 3283 633 3422 688; x_wconf 84' lang='lat' dir='ltr'><strong>Deus</strong></span> <span class='ocrx_word' id='word_1_156' title='bbox 3464 633 3516 687; x_wconf 95' lang='lat' dir='ltr'><strong>in</strong></span> <span class='ocrx_word' id='word_1_157' title='bbox 3561 632 3788 700; x_wconf 88' lang='lat' dir='ltr'><strong>animis,</strong></span> 
     </span>
    </p>
   </div>
   <div class='ocr_carea' id='block_1_21' title="bbox 2201 721 3789 788">
    <p class='ocr_par' dir='ltr' id='par_1_21' title="bbox 2201 721 3789 788">
     <span class='ocr_line' id='line_1_21' title="bbox 2201 721 3789 788; baseline -0.003 -8"><span class='ocrx_word' id='word_1_158' title='bbox 2201 725 2416 780; x_wconf 88' lang='lat' dir='ltr'><strong>habitat</strong></span> <span class='ocrx_word' id='word_1_159' title='bbox 2449 735 2504 778; x_wconf 91' lang='lat' dir='ltr'><strong>et</strong></span> <span class='ocrx_word' id='word_1_160' title='bbox 2535 724 2852 780; x_wconf 83' lang='lat' dir='ltr'><strong>inambulat.</strong></span> <span class='ocrx_word' id='word_1_161' title='bbox 2880 722 3067 778; x_wconf 88' lang='lat' dir='ltr'><strong>Latior</strong></span> <span class='ocrx_word' id='word_1_162' title='bbox 3095 723 3239 776; x_wconf 84' lang='lat' dir='ltr'><strong>enim</strong></span> <span class='ocrx_word' id='word_1_163' title='bbox 3269 722 3422 775; x_wconf 93' lang='lat' dir='ltr'><strong>sinus</strong></span> <span class='ocrx_word' id='word_1_164' title='bbox 3449 729 3535 774; x_wconf 88' lang='lat' dir='ltr'><strong>est</strong></span> <span class='ocrx_word' id='word_1_165' title='bbox 3564 721 3789 788; x_wconf 72' lang='lat' dir='ltr'><strong>animae,</strong></span> 
     </span>
    </p>
   </div>
   <div class='ocr_carea' id='block_1_22' title="bbox 2201 811 3788 882">
    <p class='ocr_par' dir='ltr' id='par_1_22' title="bbox 2201 811 3788 882">
     <span class='ocr_line' id='line_1_22' title="bbox 2201 811 3788 882; baseline 0 -16"><span class='ocrx_word' id='word_1_166' title='bbox 2201 829 2362 882; x_wconf 88' lang='lat' dir='ltr'><strong>quam</strong></span> <span class='ocrx_word' id='word_1_167' title='bbox 2397 814 2596 868; x_wconf 64' lang='lat' dir='ltr'><strong>caelum</strong></span> <span class='ocrx_word' id='word_1_168' title='bbox 2625 830 2639 866; x_wconf 93' lang='lat'><strong>:</strong></span> <span class='ocrx_word' id='word_1_169' title='bbox 2670 824 2889 869; x_wconf 88' lang='lat' dir='ltr'><strong>sanctus</strong></span> <span class='ocrx_word' id='word_1_170' title='bbox 2914 816 2967 868; x_wconf 94' lang='lat' dir='ltr'><strong>in</strong></span> <span class='ocrx_word' id='word_1_171' title='bbox 3010 811 3213 868; x_wconf 88' lang='lat' dir='ltr'><strong>sanctis</strong></span> <span class='ocrx_word' id='word_1_172' title='bbox 3252 813 3563 882; x_wconf 87' lang='lat' dir='ltr'><strong>requiescit.</strong></span> <span class='ocrx_word' id='word_1_173' title='bbox 3588 812 3788 866; x_wconf 85' lang='lat' dir='ltr'><strong>Indui—</strong></span> 
     </span>
    </p>
   </div>
   <div class='ocr_carea' id='block_1_23' title="bbox 2199 902 3779 974">
    <p class='ocr_par' dir='ltr' id='par_1_23' title="bbox 2199 902 3779 974">
     <span class='ocr_line' id='line_1_23' title="bbox 2199 902 3779 974; baseline -0.001 -17"><span class='ocrx_word' id='word_1_174' title='bbox 2199 904 2354 969; x_wconf 87' lang='lat' dir='ltr'><strong>mini,</strong></span> <span class='ocrx_word' id='word_1_175' title='bbox 2389 905 2583 974; x_wconf 89' lang='lat' dir='ltr'><strong>inquit,</strong></span> <span class='ocrx_word' id='word_1_176' title='bbox 2638 904 2904 959; x_wconf 74' lang='lat' dir='ltr'><strong>Christum</strong></span> <span class='ocrx_word' id='word_1_177' title='bbox 2955 902 3161 968; x_wconf 82' lang='lat' dir='ltr'><strong>Jesum,</strong></span> <span class='ocrx_word' id='word_1_178' title='bbox 3196 903 3325 958; x_wconf 89' lang='lat' dir='ltr'><strong>dicit</strong></span> <span class='ocrx_word' id='word_1_179' title='bbox 3378 904 3668 974; x_wconf 84' lang='lat' dir='ltr'><strong>Apostolus</strong></span> <span class='ocrx_word' id='word_1_180' title='bbox 3705 904 3779 956; x_wconf 77' lang='grc' dir='ltr'><strong>⁸ο.</strong></span> 
     </span>
    </p>
   </div>
   <div class='ocr_carea' id='block_1_24' title="bbox 2201 994 3794 1066">
    <p class='ocr_par' dir='ltr' id='par_1_24' title="bbox 2201 994 3794 1066">
     <span class='ocr_line' id='line_1_24' title="bbox 2201 994 3794 1066; baseline 0.001 -19"><span class='ocrx_word' id='word_1_181' title='bbox 2201 994 2395 1061; x_wconf 84' lang='lat' dir='ltr'><strong>Quanti</strong></span> <span class='ocrx_word' id='word_1_182' title='bbox 2429 997 2574 1050; x_wconf 91' lang='lat' dir='ltr'><strong>enim</strong></span> <span class='ocrx_word' id='word_1_183' title='bbox 2628 997 2968 1051; x_wconf 79' lang='lat' dir='ltr'><strong>induuntur?</strong></span> <span class='ocrx_word' id='word_1_184' title='bbox 3013 996 3199 1066; x_wconf 84' lang='lat' dir='ltr'><strong>quanti</strong></span> <span class='ocrx_word' id='word_1_185' title='bbox 3236 1005 3290 1049; x_wconf 90' lang='lat' dir='ltr'><strong>et</strong></span> <span class='ocrx_word' id='word_1_186' title='bbox 3325 996 3498 1050; x_wconf 82' lang='lat' dir='ltr'><strong>vocati</strong></span> <span class='ocrx_word' id='word_1_187' title='bbox 3555 1005 3706 1060; x_wconf 90' lang='lat' dir='ltr'><strong>sunt,</strong></span> <span class='ocrx_word' id='word_1_188' title='bbox 3736 1007 3794 1052; x_wconf 91' lang='lat' dir='ltr'><strong>et</strong></span> 
     </span>
    </p>
   </div>
   <div class='ocr_carea' id='block_1_25' title="bbox 2202 1087 3786 1157">
    <p class='ocr_par' dir='ltr' id='par_1_25' title="bbox 2202 1087 3786 1157">
     <span class='ocr_line' id='line_1_25' title="bbox 2202 1087 3786 1157; baseline 0.001 -19"><span class='ocrx_word' id='word_1_189' title='bbox 2202 1096 2487 1152; x_wconf 77' lang='lat' dir='ltr'><strong>vocantur,</strong></span> <span class='ocrx_word' id='word_1_190' title='bbox 2514 1098 2565 1141; x_wconf 92' lang='lat' dir='ltr'><strong>et</strong></span> <span class='ocrx_word' id='word_1_191' title='bbox 2591 1087 2964 1143; x_wconf 84' lang='lat' dir='ltr'><strong>vocabuntur?</strong></span> <span class='ocrx_word' id='word_1_192' title='bbox 2992 1097 3047 1142; x_wconf 89' lang='lat' dir='ltr'><strong>et</strong></span> <span class='ocrx_word' id='word_1_193' title='bbox 3095 1088 3467 1157; x_wconf 88' lang='lat' dir='ltr'><strong>unusquisque</strong></span> <span class='ocrx_word' id='word_1_194' title='bbox 3497 1097 3691 1154; x_wconf 90' lang='lat' dir='ltr'><strong>totum,</strong></span> <span class='ocrx_word' id='word_1_195' title='bbox 3727 1096 3786 1140; x_wconf 84' lang='lat' dir='ltr'><strong>et</strong></span> 
     </span>
    </p>
   </div>
   <div class='ocr_carea' id='block_1_26' title="bbox 2199 1175 3789 1246">
    <p class='ocr_par' dir='ltr' id='par_1_26' title="bbox 2199 1175 3789 1246">
     <span class='ocr_line' id='line_1_26' title="bbox 2199 1175 3789 1246; baseline 0 -17"><span class='ocrx_word' id='word_1_196' title='bbox 2199 1190 2388 1230; x_wconf 89' lang='lat' dir='ltr'><strong>omnes</strong></span> <span class='ocrx_word' id='word_1_197' title='bbox 2421 1185 2615 1241; x_wconf 91' lang='lat' dir='ltr'><strong>totum,</strong></span> <span class='ocrx_word' id='word_1_198' title='bbox 2654 1186 2710 1231; x_wconf 90' lang='lat' dir='ltr'><strong>et</strong></span> <span class='ocrx_word' id='word_1_199' title='bbox 2742 1191 2919 1246; x_wconf 89' lang='lat' dir='ltr'><strong>neque</strong></span> <span class='ocrx_word' id='word_1_200' title='bbox 2955 1175 3218 1230; x_wconf 89' lang='lat' dir='ltr'><strong>dividitur</strong></span> <span class='ocrx_word' id='word_1_201' title='bbox 3262 1176 3362 1239; x_wconf 89' lang='lat' dir='ltr'><strong>eis,</strong></span> <span class='ocrx_word' id='word_1_202' title='bbox 3415 1189 3591 1243; x_wconf 89' lang='lat' dir='ltr'><strong>neque</strong></span> <span class='ocrx_word' id='word_1_203' title='bbox 3648 1175 3789 1229; x_wconf 85' lang='lat' dir='ltr'><strong>inci-</strong></span> 
     </span>
    </p>
   </div>
   <div class='ocr_carea' id='block_1_27' title="bbox 2207 1263 3790 1333">
    <p class='ocr_par' dir='ltr' id='par_1_27' title="bbox 2207 1263 3790 1333">
     <span class='ocr_line' id='line_1_27' title="bbox 2207 1263 3790 1333; baseline 0.001 -16"><span class='ocrx_word' id='word_1_204' title='bbox 2207 1263 2374 1329; x_wconf 88' lang='lat' dir='ltr'><strong>ditur,</strong></span> <span class='ocrx_word' id='word_1_205' title='bbox 2429 1280 2606 1333; x_wconf 89' lang='lat' dir='ltr'><strong>neque</strong></span> <span class='ocrx_word' id='word_1_206' title='bbox 2664 1266 2952 1328; x_wconf 89' lang='lat' dir='ltr'><strong>scinditur,</strong></span> <span class='ocrx_word' id='word_1_207' title='bbox 3003 1273 3057 1318; x_wconf 87' lang='lat' dir='ltr'><strong>et</strong></span> <span class='ocrx_word' id='word_1_208' title='bbox 3108 1265 3362 1319; x_wconf 88' lang='lat' dir='ltr'><strong>omnibus</strong></span> <span class='ocrx_word' id='word_1_209' title='bbox 3408 1264 3580 1330; x_wconf 89' lang='lat' dir='ltr'><strong>adest,</strong></span> <span class='ocrx_word' id='word_1_210' title='bbox 3607 1272 3662 1318; x_wconf 92' lang='lat' dir='ltr'><strong>et</strong></span> <span class='ocrx_word' id='word_1_211' title='bbox 3718 1267 3790 1318; x_wconf 91' lang='lat' dir='ltr'><strong>ab</strong></span> 
     </span>
    </p>
   </div>
   <div class='ocr_carea' id='block_1_28' title="bbox 2202 1351 3786 1422">
    <p class='ocr_par' dir='ltr' id='par_1_28' title="bbox 2202 1351 3786 1422">
     <span class='ocr_line' id='line_1_28' title="bbox 2202 1351 3786 1422; baseline -0.004 -14"><span class='ocrx_word' id='word_1_212' title='bbox 2202 1353 2458 1408; x_wconf 91' lang='lat' dir='ltr'><strong>omnibus</strong></span> <span class='ocrx_word' id='word_1_213' title='bbox 2495 1364 2782 1422; x_wconf 89' lang='lat' dir='ltr'><strong>separatus</strong></span> <span class='ocrx_word' id='word_1_214' title='bbox 2815 1362 2917 1417; x_wconf 91' lang='lat' dir='ltr'><strong>est,</strong></span> <span class='ocrx_word' id='word_1_215' title='bbox 2945 1360 3000 1406; x_wconf 92' lang='lat' dir='ltr'><strong>et</strong></span> <span class='ocrx_word' id='word_1_216' title='bbox 3024 1366 3212 1406; x_wconf 87' lang='lat' dir='ltr'><strong>omnes</strong></span> <span class='ocrx_word' id='word_1_217' title='bbox 3251 1352 3423 1420; x_wconf 90' lang='lat' dir='ltr'><strong>replet</strong></span> <span class='ocrx_word' id='word_1_218' title='bbox 3454 1368 3468 1404; x_wconf 90' lang='lat'><strong>:</strong></span> <span class='ocrx_word' id='word_1_219' title='bbox 3499 1351 3626 1419; x_wconf 91' lang='lat' dir='ltr'><strong>quia</strong></span> <span class='ocrx_word' id='word_1_220' title='bbox 3678 1365 3786 1404; x_wconf 89' lang='lat' dir='ltr'><strong>n0n</strong></span> 
     </span>
    </p>
   </div>
   <div class='ocr_carea' id='block_1_29' title="bbox 2202 1443 3784 1512">
    <p class='ocr_par' dir='ltr' id='par_1_29' title="bbox 2202 1443 3784 1512">
     <span class='ocr_line' id='line_1_29' title="bbox 2202 1443 3784 1512; baseline -0.001 -15"><span class='ocrx_word' id='word_1_221' title='bbox 2202 1453 2292 1498; x_wconf 91' lang='lat' dir='ltr'><strong>est</strong></span> <span class='ocrx_word' id='word_1_222' title='bbox 2325 1459 2526 1512; x_wconf 90' lang='lat' dir='ltr'><strong>corpus</strong></span> <span class='ocrx_word' id='word_1_223' title='bbox 2557 1443 2724 1508; x_wconf 89' lang='lat' dir='ltr'><strong>Deus,</strong></span> <span class='ocrx_word' id='word_1_224' title='bbox 2758 1458 2934 1512; x_wconf 89' lang='lat' dir='ltr'><strong>neque</strong></span> <span class='ocrx_word' id='word_1_225' title='bbox 2960 1457 3158 1512; x_wconf 88' lang='lat' dir='ltr'><strong>corpus</strong></span> <span class='ocrx_word' id='word_1_226' title='bbox 3181 1443 3328 1498; x_wconf 88' lang='lat' dir='ltr'><strong>circa</strong></span> <span class='ocrx_word' id='word_1_227' title='bbox 3366 1444 3565 1511; x_wconf 91' lang='lat' dir='ltr'><strong>ipsum,</strong></span> <span class='ocrx_word' id='word_1_228' title='bbox 3605 1454 3784 1509; x_wconf 86' lang='lat' dir='ltr'><strong>neque</strong></span> 
     </span>
    </p>
   </div>
   <div class='ocr_carea' id='block_1_30' title="bbox 2205 1530 3785 1607">
    <p class='ocr_par' dir='ltr' id='par_1_30' title="bbox 2205 1530 3785 1607">
     <span class='ocr_line' id='line_1_30' title="bbox 2205 1530 3785 1607; baseline -0.003 -17"><span class='ocrx_word' id='word_1_229' title='bbox 2205 1537 2550 1591; x_wconf 80' lang='lat' dir='ltr'><strong>vestimenta.</strong></span> <span class='ocrx_word' id='word_1_230' title='bbox 2590 1534 2867 1607; x_wconf 89' lang='lat' dir='ltr'><strong>Siquidem</strong></span> <span class='ocrx_word' id='word_1_231' title='bbox 2893 1544 2947 1590; x_wconf 90' lang='lat' dir='ltr'><strong>et</strong></span> <span class='ocrx_word' id='word_1_232' title='bbox 2995 1551 3121 1590; x_wconf 91' lang='lat' dir='ltr'><strong>cum</strong></span> <span class='ocrx_word' id='word_1_233' title='bbox 3184 1533 3238 1588; x_wconf 92' lang='lat' dir='ltr'><strong>in</strong></span> <span class='ocrx_word' id='word_1_234' title='bbox 3293 1547 3527 1601; x_wconf 90' lang='lat' dir='ltr'><strong>corpore</strong></span> <span class='ocrx_word' id='word_1_235' title='bbox 3585 1530 3785 1596; x_wconf 89' lang='lat' dir='ltr'><strong>Filius,</strong></span> 
     </span>
    </p>
   </div>
   <div class='ocr_carea' id='block_1_31' title="bbox 2203 1623 3785 1697">
    <p class='ocr_par' dir='ltr' id='par_1_31' title="bbox 2203 1623 3785 1697">
     <span class='ocr_line' id='line_1_31' title="bbox 2203 1623 3785 1697; baseline -0.004 -14"><span class='ocrx_word' id='word_1_236' title='bbox 2203 1642 2302 1683; x_wconf 88' lang='lat' dir='ltr'><strong>nec</strong></span> <span class='ocrx_word' id='word_1_237' title='bbox 2331 1639 2458 1684; x_wconf 92' lang='lat' dir='ltr'><strong>tunc</strong></span> <span class='ocrx_word' id='word_1_238' title='bbox 2503 1629 2652 1684; x_wconf 88' lang='lat' dir='ltr'><strong>cadit</strong></span> <span class='ocrx_word' id='word_1_239' title='bbox 2709 1629 2761 1682; x_wconf 92' lang='lat' dir='ltr'><strong>in</strong></span> <span class='ocrx_word' id='word_1_240' title='bbox 2797 1643 3034 1697; x_wconf 90' lang='lat' dir='ltr'><strong>corpus:</strong></span> <span class='ocrx_word' id='word_1_241' title='bbox 3074 1627 3166 1682; x_wconf 89' lang='lat' dir='ltr'><strong>sed</strong></span> <span class='ocrx_word' id='word_1_242' title='bbox 3203 1624 3372 1695; x_wconf 88' lang='lat' dir='ltr'><strong>magis</strong></span> <span class='ocrx_word' id='word_1_243' title='bbox 3425 1623 3785 1694; x_wconf 78' lang='lat' dir='ltr'><strong>incorporalis</strong></span> 
     </span>
    </p>
   </div>
   <div class='ocr_carea' id='block_1_32' title="bbox 2202 1716 3784 1786">
    <p class='ocr_par' dir='ltr' id='par_1_32' title="bbox 2202 1716 3784 1786">
     <span class='ocr_line' id='line_1_32' title="bbox 2202 1716 3784 1786; baseline -0.003 -13"><span class='ocrx_word' id='word_1_244' title='bbox 2202 1731 2394 1773; x_wconf 90' lang='lat' dir='ltr'><strong>natura</strong></span> <span class='ocrx_word' id='word_1_245' title='bbox 2455 1717 2773 1774; x_wconf 79' lang='lat' dir='ltr'><strong>elﬁcientias</strong></span> <span class='ocrx_word' id='word_1_246' title='bbox 2831 1716 2960 1772; x_wconf 83' lang='lat' dir='ltr'><strong>fecit</strong></span> <span class='ocrx_word' id='word_1_247' title='bbox 2999 1731 3201 1786; x_wconf 89' lang='lat' dir='ltr'><strong>corpus</strong></span> <span class='ocrx_word' id='word_1_248' title='bbox 3260 1716 3490 1771; x_wconf 81' lang='lat' dir='ltr'><strong>suﬁ‘erre</strong></span> <span class='ocrx_word' id='word_1_249' title='bbox 3522 1755 3539 1780; x_wconf 92' lang='lat'><strong>,</strong></span> <span class='ocrx_word' id='word_1_250' title='bbox 3583 1729 3784 1784; x_wconf 90' lang='lat' dir='ltr'><strong>corpus</strong></span> 
     </span>
    </p>
   </div>
   <div class='ocr_carea' id='block_1_33' title="bbox 507 1805 3785 1886">
    <p class='ocr_par' dir='ltr' id='par_1_33' title="bbox 507 1805 3785 1886">
     <span class='ocr_line' id='line_1_33' title="bbox 507 1805 3785 1886; baseline -0.002 -22"><span class='ocrx_word' id='word_1_251' title='bbox 507 1815 652 1867; x_wconf 82' lang='lat' dir='ltr'><strong>sedes</strong></span> <span class='ocrx_word' id='word_1_252' title='bbox 676 1851 692 1878; x_wconf 90' lang='lat'><strong>,</strong></span> <span class='ocrx_word' id='word_1_253' title='bbox 734 1825 873 1868; x_wconf 80' lang='lat' dir='ltr'><strong>terra</strong></span> <span class='ocrx_word' id='word_1_254' title='bbox 933 1826 1106 1869; x_wconf 84' lang='lat' dir='ltr'><strong>autem</strong></span> <span class='ocrx_word' id='word_1_255' title='bbox 1161 1816 1450 1870; x_wconf 70' lang='lat' dir='ltr'><strong>scabellum</strong></span> <span class='ocrx_word' id='word_1_256' title='bbox 1515 1820 1705 1886; x_wconf 70' lang='lat' dir='ltr'><strong>pedum</strong></span> <span class='ocrx_word' id='word_1_257' title='bbox 1753 1821 2094 1874; x_wconf 64' lang='lat' dir='ltr'><strong>mem-um”?</strong></span> <span class='ocrx_word' id='word_1_258' title='bbox 2129 1806 2169 1860; x_wconf 82' lang='grc' dir='ltr'><strong><em>Β</em></strong></span> <span class='ocrx_word' id='word_1_259' title='bbox 2195 1810 2342 1865; x_wconf 89' lang='lat' dir='ltr'><strong>enim</strong></span> <span class='ocrx_word' id='word_1_260' title='bbox 2369 1823 2534 1878; x_wconf 87' lang='lat' dir='ltr'><strong>supra</strong></span> <span class='ocrx_word' id='word_1_261' title='bbox 2574 1808 2775 1865; x_wconf 84' lang='lat' dir='ltr'><strong>ﬂuctus</strong></span> <span class='ocrx_word' id='word_1_262' title='bbox 2819 1825 2927 1864; x_wconf 91' lang='lat' dir='ltr'><strong>non</strong></span> <span class='ocrx_word' id='word_1_263' title='bbox 2958 1809 3202 1864; x_wconf 86' lang='lat' dir='ltr'><strong>ambulat</strong></span> <span class='ocrx_word' id='word_1_264' title='bbox 3235 1807 3281 1848; x_wconf 69' lang='grc' dir='ltr'><strong>ιί</strong></span> <span class='ocrx_word' id='word_1_265' title='bbox 3317 1826 3332 1861; x_wconf 92' lang='lat'><strong>:</strong></span> <span class='ocrx_word' id='word_1_266' title='bbox 3371 1805 3669 1860; x_wconf 88' lang='lat' dir='ltr'><strong>ambulavit</strong></span> <span class='ocrx_word' id='word_1_267' title='bbox 3693 1821 3785 1860; x_wconf 82' lang='lat' dir='ltr'><strong>er-</strong></span> 
     </span>
    </p>
   </div>
   <div class='ocr_carea' id='block_1_34' title="bbox 507 1901 2090 1982">
    <p class='ocr_par' dir='ltr' id='par_1_34' title="bbox 507 1901 2090 1982">
     <span class='ocr_line' id='line_1_34' title="bbox 507 1901 2090 1982; baseline 0.007 -26"><span class='ocrx_word' id='word_1_268' title='bbox 507 1901 643 1956; x_wconf 88' lang='lat' dir='ltr'><strong>Cum</strong></span> <span class='ocrx_word' id='word_1_269' title='bbox 669 1903 829 1959; x_wconf 85' lang='lat' dir='ltr'><strong>Israel</strong></span> <span class='ocrx_word' id='word_1_270' title='bbox 866 1921 1118 1974; x_wconf 83' lang='lat' dir='ltr'><strong>magnum</strong></span> <span class='ocrx_word' id='word_1_271' title='bbox 1159 1907 1288 1975; x_wconf 93' lang='lat' dir='ltr'><strong>quid</strong></span> <span class='ocrx_word' id='word_1_272' title='bbox 1310 1918 1529 1976; x_wconf 87' lang='lat' dir='ltr'><strong>saperet</strong></span> <span class='ocrx_word' id='word_1_273' title='bbox 1561 1910 1627 1964; x_wconf 92' lang='lat' dir='ltr'><strong>de</strong></span> <span class='ocrx_word' id='word_1_274' title='bbox 1660 1911 1878 1982; x_wconf 87' lang='lat' dir='ltr'><strong>templo,</strong></span> <span class='ocrx_word' id='word_1_275' title='bbox 1937 1913 2090 1967; x_wconf 87' lang='lat' dir='ltr'><strong>adin-</strong></span> 
     </span>
    </p>
   </div>
   <div class='ocr_carea' id='block_1_35' title="bbox 507 1996 2093 2067">
    <p class='ocr_par' dir='ltr' id='par_1_35' title="bbox 507 1996 2093 2067">
     <span class='ocr_line' id='line_1_35' title="bbox 507 1996 2093 2067; baseline 0.008 -22"><span class='ocrx_word' id='word_1_276' title='bbox 507 1997 734 2050; x_wconf 90' lang='lat' dir='ltr'><strong>veniens</strong></span> <span class='ocrx_word' id='word_1_277' title='bbox 761 1997 862 2050; x_wconf 84' lang='lat' dir='ltr'><strong>sibi</strong></span> <span class='ocrx_word' id='word_1_278' title='bbox 891 1996 1171 2065; x_wconf 85' lang='lat' dir='ltr'><strong>templum.</strong></span> <span class='ocrx_word' id='word_1_279' title='bbox 1205 1998 1519 2067; x_wconf 84' lang='lat' dir='ltr'><strong>Corripiens</strong></span> <span class='ocrx_word' id='word_1_280' title='bbox 1571 2002 1716 2055; x_wconf 89' lang='lat' dir='ltr'><strong>enim</strong></span> <span class='ocrx_word' id='word_1_281' title='bbox 1769 2002 1999 2058; x_wconf 89' lang='lat' dir='ltr'><strong>humiles</strong></span> <span class='ocrx_word' id='word_1_282' title='bbox 2039 2010 2093 2058; x_wconf 88' lang='lat' dir='ltr'><strong>et</strong></span> 
     </span>
    </p>
   </div>
   <div class='ocr_carea' id='block_1_36' title="bbox 507 2085 2093 2160">
    <p class='ocr_par' dir='ltr' id='par_1_36' title="bbox 507 2085 2093 2160">
     <span class='ocr_line' id='line_1_36' title="bbox 507 2085 2093 2160; baseline 0.007 -22"><span class='ocrx_word' id='word_1_283' title='bbox 507 2085 828 2152; x_wconf 86' lang='lat' dir='ltr'><strong>admonens,</strong></span> <span class='ocrx_word' id='word_1_284' title='bbox 861 2089 985 2156; x_wconf 92' lang='lat' dir='ltr'><strong>quia</strong></span> <span class='ocrx_word' id='word_1_285' title='bbox 1016 2087 1157 2142; x_wconf 88' lang='lat' dir='ltr'><strong>Deus</strong></span> <span class='ocrx_word' id='word_1_286' title='bbox 1180 2089 1379 2158; x_wconf 91' lang='lat' dir='ltr'><strong>templo</strong></span> <span class='ocrx_word' id='word_1_287' title='bbox 1410 2106 1517 2146; x_wconf 90' lang='lat' dir='ltr'><strong>non</strong></span> <span class='ocrx_word' id='word_1_288' title='bbox 1543 2092 1936 2160; x_wconf 86' lang='lat' dir='ltr'><strong>circumdatur,</strong></span> <span class='ocrx_word' id='word_1_289' title='bbox 1967 2106 2093 2149; x_wconf 91' lang='lat' dir='ltr'><strong>tunc</strong></span> 
     </span>
    </p>
   </div>
   <div class='ocr_carea' id='block_1_37' title="bbox 506 2176 2093 2256">
    <p class='ocr_par' dir='ltr' id='par_1_37' title="bbox 506 2176 2093 2256">
     <span class='ocr_line' id='line_1_37' title="bbox 506 2176 2093 2256; baseline 0.007 -26"><span class='ocrx_word' id='word_1_290' title='bbox 506 2177 677 2231; x_wconf 88' lang='lat' dir='ltr'><strong>dicit:</strong></span> <span class='ocrx_word' id='word_1_291' title='bbox 706 2176 903 2232; x_wconf 69' lang='lat' dir='ltr'><strong>Cretum</strong></span> <span class='ocrx_word' id='word_1_292' title='bbox 925 2180 1053 2233; x_wconf 81' lang='lat' dir='ltr'><strong>mihi</strong></span> <span class='ocrx_word' id='word_1_293' title='bbox 1081 2181 1227 2235; x_wconf 85' lang='lat' dir='ltr'><strong>sedes</strong></span> <span class='ocrx_word' id='word_1_294' title='bbox 1254 2223 1269 2249; x_wconf 88' lang='lat'><strong>,</strong></span> <span class='ocrx_word' id='word_1_295' title='bbox 1298 2193 1433 2236; x_wconf 79' lang='lat' dir='ltr'><strong>terra</strong></span> <span class='ocrx_word' id='word_1_296' title='bbox 1474 2195 1649 2238; x_wconf 81' lang='lat' dir='ltr'><strong>autem</strong></span> <span class='ocrx_word' id='word_1_297' title='bbox 1684 2187 1966 2240; x_wconf 83' lang='lat' dir='ltr'><strong>scabellum</strong></span> <span class='ocrx_word' id='word_1_298' title='bbox 1999 2204 2093 2256; x_wconf 80' lang='lat' dir='ltr'><strong>pe-</strong></span> 
     </span>
    </p>
   </div>
   <div class='ocr_carea' id='block_1_38' title="bbox 505 2267 2093 2345">
    <p class='ocr_par' dir='ltr' id='par_1_38' title="bbox 505 2267 2093 2345">
     <span class='ocr_line' id='line_1_38' title="bbox 505 2267 2093 2345; baseline 0.009 -27"><span class='ocrx_word' id='word_1_299' title='bbox 505 2267 632 2319; x_wconf 88' lang='lat' dir='ltr'><strong>dum</strong></span> <span class='ocrx_word' id='word_1_300' title='bbox 657 2284 910 2321; x_wconf 84' lang='lat' dir='ltr'><strong>meorum.</strong></span> <span class='ocrx_word' id='word_1_301' title='bbox 940 2268 1049 2324; x_wconf 86' lang='lat' dir='ltr'><strong>Hoc</strong></span> <span class='ocrx_word' id='word_1_302' title='bbox 1077 2281 1134 2323; x_wconf 90' lang='lat' dir='ltr'><strong>ut</strong></span> <span class='ocrx_word' id='word_1_303' title='bbox 1161 2273 1345 2338; x_wconf 86' lang='lat' dir='ltr'><strong>parvis</strong></span> <span class='ocrx_word' id='word_1_304' title='bbox 1386 2271 1647 2340; x_wconf 86' lang='lat' dir='ltr'><strong>loquitur.</strong></span> <span class='ocrx_word' id='word_1_305' title='bbox 1683 2275 1750 2329; x_wconf 88' lang='lat' dir='ltr'><strong>Et</strong></span> <span class='ocrx_word' id='word_1_306' title='bbox 1775 2277 1904 2345; x_wconf 90' lang='lat' dir='ltr'><strong>quid</strong></span> <span class='ocrx_word' id='word_1_307' title='bbox 1945 2278 2093 2333; x_wconf 82' lang='lat' dir='ltr'><strong>addit</strong></span> 
     </span>
    </p>
   </div>
   <div class='ocr_carea' id='block_1_39' title="bbox 507 2355 2092 2436">
    <p class='ocr_par' dir='ltr' id='par_1_39' title="bbox 507 2355 2092 2436">
     <span class='ocr_line' id='line_1_39' title="bbox 507 2355 2092 2436; baseline 0.008 -28"><span class='ocrx_word' id='word_1_308' title='bbox 507 2355 870 2427; x_wconf 87' lang='lat' dir='ltr'><strong>interpretans</strong></span> <span class='ocrx_word' id='word_1_309' title='bbox 891 2373 954 2413; x_wconf 87' lang='lat' dir='ltr'><strong>ea</strong></span> <span class='ocrx_word' id='word_1_310' title='bbox 988 2375 1107 2428; x_wconf 70' lang='lat' dir='ltr'><strong>quae</strong></span> <span class='ocrx_word' id='word_1_311' title='bbox 1130 2361 1308 2416; x_wconf 83' lang='lat' dir='ltr'><strong>dixit:</strong></span> <span class='ocrx_word' id='word_1_312' title='bbox 1340 2362 1511 2428; x_wconf 84' lang='lat' dir='ltr'><strong>Quam</strong></span> <span class='ocrx_word' id='word_1_313' title='bbox 1553 2366 1767 2419; x_wconf 86' lang='lat' dir='ltr'><strong>domum</strong></span> <span class='ocrx_word' id='word_1_314' title='bbox 1802 2367 2092 2436; x_wconf 68' lang='lat' dir='ltr'><strong>aedi/icabi-</strong></span> 
     </span>
    </p>
   </div>
   <div class='ocr_carea' id='block_1_40' title="bbox 506 2448 2093 2524">
    <p class='ocr_par' dir='ltr' id='par_1_40' title="bbox 506 2448 2093 2524">
     <span class='ocr_line' id='line_1_40' title="bbox 506 2448 2093 2524; baseline 0.011 -25"><span class='ocrx_word' id='word_1_315' title='bbox 506 2448 573 2501; x_wconf 87' lang='lat' dir='ltr'><strong>tis</strong></span> <span class='ocrx_word' id='word_1_316' title='bbox 594 2450 742 2510; x_wconf 69' lang='lat' dir='ltr'><strong>mihi,</strong></span> <span class='ocrx_word' id='word_1_317' title='bbox 770 2460 818 2504; x_wconf 86' lang='lat' dir='ltr'><strong>et</strong></span> <span class='ocrx_word' id='word_1_318' title='bbox 851 2452 966 2516; x_wconf 78' lang='lat' dir='ltr'><strong>quis</strong></span> <span class='ocrx_word' id='word_1_319' title='bbox 1001 2451 1145 2506; x_wconf 86' lang='lat' dir='ltr'><strong>locus</strong></span> <span class='ocrx_word' id='word_1_320' title='bbox 1197 2456 1533 2524; x_wconf 82' lang='lat' dir='ltr'><strong>requietionis</strong></span> <span class='ocrx_word' id='word_1_321' title='bbox 1596 2475 1726 2512; x_wconf 72' lang='lat' dir='ltr'><strong>mete</strong></span> <span class='ocrx_word' id='word_1_322' title='bbox 1746 2458 1831 2514; x_wconf 79' lang='lat'><strong>”?</strong></span> <span class='ocrx_word' id='word_1_323' title='bbox 1856 2461 1934 2514; x_wconf 85' lang='lat' dir='ltr'><strong>Ad</strong></span> <span class='ocrx_word' id='word_1_324' title='bbox 1991 2460 2093 2516; x_wconf 91' lang='lat' dir='ltr'><strong>hoc</strong></span> 
     </span>
    </p>
   </div>
   <div class='ocr_carea' id='block_1_41' title="bbox 506 2534 2091 2616">
    <p class='ocr_par' dir='ltr' id='par_1_41' title="bbox 506 2534 2091 2616">
     <span class='ocr_line' id='line_1_41' title="bbox 506 2534 2091 2616; baseline 0.012 -28"><span class='ocrx_word' id='word_1_325' title='bbox 506 2534 633 2589; x_wconf 84' lang='lat' dir='ltr'><strong>illud</strong></span> <span class='ocrx_word' id='word_1_326' title='bbox 659 2539 789 2592; x_wconf 89' lang='lat' dir='ltr'><strong>utile</strong></span> <span class='ocrx_word' id='word_1_327' title='bbox 817 2557 830 2593; x_wconf 91' lang='lat'><strong>:</strong></span> <span class='ocrx_word' id='word_1_328' title='bbox 859 2539 924 2593; x_wconf 84' lang='lat' dir='ltr'><strong>ad</strong></span> <span class='ocrx_word' id='word_1_329' title='bbox 954 2552 1204 2595; x_wconf 88' lang='lat' dir='ltr'><strong>naturam</strong></span> <span class='ocrx_word' id='word_1_330' title='bbox 1229 2556 1408 2599; x_wconf 91' lang='lat' dir='ltr'><strong>autem</strong></span> <span class='ocrx_word' id='word_1_331' title='bbox 1438 2561 1506 2600; x_wconf 93' lang='lat' dir='ltr'><strong>ne</strong></span> <span class='ocrx_word' id='word_1_332' title='bbox 1523 2547 1738 2616; x_wconf 90' lang='lat' dir='ltr'><strong>quidem</strong></span> <span class='ocrx_word' id='word_1_333' title='bbox 1764 2548 1918 2604; x_wconf 91' lang='lat' dir='ltr'><strong>illud.</strong></span> <span class='ocrx_word' id='word_1_334' title='bbox 1949 2551 2091 2607; x_wconf 85' lang='lat' dir='ltr'><strong>Audi</strong></span> 
     </span>
    </p>
   </div>
   <div class='ocr_carea' id='block_1_42' title="bbox 504 2628 2094 2701">
    <p class='ocr_par' dir='ltr' id='par_1_42' title="bbox 504 2628 2094 2701">
     <span class='ocr_line' id='line_1_42' title="bbox 504 2628 2094 2701; baseline 0.01 -23"><span class='ocrx_word' id='word_1_335' title='bbox 504 2628 648 2680; x_wconf 90' lang='lat' dir='ltr'><strong>enim</strong></span> <span class='ocrx_word' id='word_1_336' title='bbox 679 2628 820 2684; x_wconf 83' lang='lat' dir='ltr'><strong>illius</strong></span> <span class='ocrx_word' id='word_1_337' title='bbox 857 2632 1151 2701; x_wconf 67' lang='lat' dir='ltr'><strong>magniﬁca:</strong></span> <span class='ocrx_word' id='word_1_338' title='bbox 1183 2636 1329 2690; x_wconf 84' lang='lat' dir='ltr'><strong>vocis</strong></span> <span class='ocrx_word' id='word_1_339' title='bbox 1359 2636 1766 2693; x_wconf 79' lang='lat' dir='ltr'><strong>admirationem</strong></span> <span class='ocrx_word' id='word_1_340' title='bbox 1795 2655 1809 2692; x_wconf 92' lang='lat'>:</span> <span class='ocrx_word' id='word_1_341' title='bbox 1837 2639 1902 2693; x_wconf 89' lang='lat' dir='ltr'><strong>In</strong></span> <span class='ocrx_word' id='word_1_342' title='bbox 1938 2657 2094 2694; x_wconf 82' lang='lat' dir='ltr'><strong>mun-</strong></span> 
     </span>
    </p>
   </div>
   <div class='ocr_carea' id='block_1_43' title="bbox 508 2716 2092 2800">
    <p class='ocr_par' dir='ltr' id='par_1_43' title="bbox 508 2716 2092 2800">
     <span class='ocr_line' id='line_1_43' title="bbox 508 2716 2092 2800; baseline 0.011 -32"><span class='ocrx_word' id='word_1_343' title='bbox 508 2716 577 2770; x_wconf 86' lang='lat' dir='ltr'><strong>do</strong></span> <span class='ocrx_word' id='word_1_344' title='bbox 612 2730 748 2786; x_wconf 86' lang='lat' dir='ltr'><strong>erat,</strong></span> <span class='ocrx_word' id='word_1_345' title='bbox 782 2731 874 2786; x_wconf 87' lang='lat' dir='ltr'><strong>et,</strong></span> <span class='ocrx_word' id='word_1_346' title='bbox 929 2726 1062 2776; x_wconf 70' lang='lat' dir='ltr'><strong>venit</strong></span> <span class='ocrx_word' id='word_1_347' title='bbox 1107 2726 1176 2778; x_wconf 85' lang='lat' dir='ltr'><strong>ad</strong></span> <span class='ocrx_word' id='word_1_348' title='bbox 1214 2728 1548 2781; x_wconf 78' lang='lat' dir='ltr'><strong>mundum“.</strong></span> <span class='ocrx_word' id='word_1_349' title='bbox 1603 2731 1903 2800; x_wconf 82' lang='lat' dir='ltr'><strong>Antequam</strong></span> <span class='ocrx_word' id='word_1_350' title='bbox 1949 2733 2092 2787; x_wconf 88' lang='lat' dir='ltr'><strong>enim</strong></span> 
     </span>
    </p>
   </div>
   <div class='ocr_carea' id='block_1_44' title="bbox 512 2817 2096 2896">
    <p class='ocr_par' dir='ltr' id='par_1_44' title="bbox 512 2817 2096 2896">
     <span class='ocr_line' id='line_1_44' title="bbox 512 2817 2096 2896; baseline 0.011 -33"><span class='ocrx_word' id='word_1_351' title='bbox 512 2821 793 2896; x_wconf 82' lang='lat' dir='ltr'><strong>putaretur</strong></span> <span class='ocrx_word' id='word_1_352' title='bbox 841 2817 1056 2882; x_wconf 89' lang='lat' dir='ltr'><strong>adesse,</strong></span> <span class='ocrx_word' id='word_1_353' title='bbox 1107 2819 1317 2874; x_wconf 90' lang='lat' dir='ltr'><strong>aderat.</strong></span> <span class='ocrx_word' id='word_1_354' title='bbox 1355 2821 1471 2876; x_wconf 75' lang='lat' dir='ltr'><strong>Non</strong></span> <span class='ocrx_word' id='word_1_355' title='bbox 1509 2832 1591 2876; x_wconf 92' lang='lat' dir='ltr'><strong>est</strong></span> <span class='ocrx_word' id='word_1_356' title='bbox 1619 2825 1708 2878; x_wconf 91' lang='lat' dir='ltr'><strong>ubi</strong></span> <span class='ocrx_word' id='word_1_357' title='bbox 1740 2841 1846 2879; x_wconf 92' lang='lat' dir='ltr'><strong>non</strong></span> <span class='ocrx_word' id='word_1_358' title='bbox 1873 2834 1958 2880; x_wconf 89' lang='lat' dir='ltr'><strong>est</strong></span> <span class='ocrx_word' id='word_1_359' title='bbox 1988 2842 2002 2878; x_wconf 89' lang='lat'><strong>:</strong></span> <span class='ocrx_word' id='word_1_360' title='bbox 2038 2834 2096 2880; x_wconf 91' lang='lat' dir='ltr'><strong>et</strong></span> 
     </span>
    </p>
   </div>
   <div class='ocr_carea' id='block_1_45' title="bbox 503 2901 2086 2974">
    <p class='ocr_par' dir='ltr' id='par_1_45' title="bbox 503 2901 2086 2974">
     <span class='ocr_line' id='line_1_45' title="bbox 503 2901 2086 2974; baseline 0.011 -20"><span class='ocrx_word' id='word_1_361' title='bbox 503 2901 629 2970; x_wconf 89' lang='lat' dir='ltr'><strong>quia</strong></span> <span class='ocrx_word' id='word_1_362' title='bbox 661 2905 863 2974; x_wconf 92' lang='lat' dir='ltr'><strong>ubique</strong></span> <span class='ocrx_word' id='word_1_363' title='bbox 910 2918 1011 2974; x_wconf 89' lang='lat' dir='ltr'><strong>est,</strong></span> <span class='ocrx_word' id='word_1_364' title='bbox 1044 2925 1149 2964; x_wconf 93' lang='lat' dir='ltr'><strong>non</strong></span> <span class='ocrx_word' id='word_1_365' title='bbox 1185 2912 1552 2967; x_wconf 86' lang='lat' dir='ltr'><strong>circumdatur</strong></span> <span class='ocrx_word' id='word_1_366' title='bbox 1580 2929 1609 2967; x_wconf 92' lang='lat' dir='ltr'><strong>a</strong></span> <span class='ocrx_word' id='word_1_367' title='bbox 1647 2914 1784 2969; x_wconf 92' lang='lat' dir='ltr'><strong>loco.</strong></span> <span class='ocrx_word' id='word_1_368' title='bbox 1845 2916 1900 2971; x_wconf 91' lang='lat' dir='ltr'><strong>Si</strong></span> <span class='ocrx_word' id='word_1_369' title='bbox 1938 2918 2086 2972; x_wconf 75' lang='lat' dir='ltr'><strong>enim</strong></span> 
     </span>
    </p>
   </div>
   <div class='ocr_carea' id='block_1_46' title="bbox 505 2995 2090 3073">
    <p class='ocr_par' dir='ltr' id='par_1_46' title="bbox 505 2995 2090 3073">
     <span class='ocr_line' id='line_1_46' title="bbox 505 2995 2090 3073; baseline 0.011 -25"><span class='ocrx_word' id='word_1_370' title='bbox 505 2995 561 3050; x_wconf 89' lang='lat' dir='ltr'><strong>in</strong></span> <span class='ocrx_word' id='word_1_371' title='bbox 594 2995 714 3052; x_wconf 90' lang='lat' dir='ltr'><strong>loco</strong></span> <span class='ocrx_word' id='word_1_372' title='bbox 742 3008 878 3060; x_wconf 85' lang='lat' dir='ltr'><strong>erat.</strong></span> <span class='ocrx_word' id='word_1_373' title='bbox 898 2999 950 3053; x_wconf 90' lang='lat' dir='ltr'><strong>in</strong></span> <span class='ocrx_word' id='word_1_374' title='bbox 981 3001 1091 3057; x_wconf 90' lang='lat' dir='ltr'><strong>alio</strong></span> <span class='ocrx_word' id='word_1_375' title='bbox 1121 3003 1237 3058; x_wconf 93' lang='lat' dir='ltr'><strong>loco</strong></span> <span class='ocrx_word' id='word_1_376' title='bbox 1263 3020 1368 3070; x_wconf 88' lang='lat' dir='ltr'><strong>non</strong></span> <span class='ocrx_word' id='word_1_377' title='bbox 1395 3015 1533 3061; x_wconf 89' lang='lat' dir='ltr'><strong>erat.</strong></span> <span class='ocrx_word' id='word_1_378' title='bbox 1560 3006 1696 3073; x_wconf 87' lang='lat' dir='ltr'><strong>Quia</strong></span> <span class='ocrx_word' id='word_1_379' title='bbox 1735 3009 1878 3063; x_wconf 91' lang='lat' dir='ltr'><strong>enim</strong></span> <span class='ocrx_word' id='word_1_380' title='bbox 1906 3013 2090 3067; x_wconf 87' lang='lat' dir='ltr'><strong>omnia</strong></span> 
     </span>
    </p>
   </div>
   <div class='ocr_carea' id='block_1_47' title="bbox 503 3086 2089 3167">
    <p class='ocr_par' dir='ltr' id='par_1_47' title="bbox 503 3086 2089 3167">
     <span class='ocr_line' id='line_1_47' title="bbox 503 3086 2089 3167; baseline 0.011 -27"><span class='ocrx_word' id='word_1_381' title='bbox 503 3086 694 3158; x_wconf 88' lang='lat' dir='ltr'><strong>implet</strong></span> <span class='ocrx_word' id='word_1_382' title='bbox 720 3089 836 3144; x_wconf 92' lang='lat' dir='ltr'><strong>loca</strong></span> <span class='ocrx_word' id='word_1_383' title='bbox 858 3130 873 3156; x_wconf 93' lang='lat'><strong>,</strong></span> <span class='ocrx_word' id='word_1_384' title='bbox 904 3102 958 3146; x_wconf 90' lang='lat' dir='ltr'><strong>et</strong></span> <span class='ocrx_word' id='word_1_385' title='bbox 995 3096 1247 3150; x_wconf 90' lang='lat' dir='ltr'><strong>omnibus</strong></span> <span class='ocrx_word' id='word_1_386' title='bbox 1307 3110 1593 3167; x_wconf 89' lang='lat' dir='ltr'><strong>separatus</strong></span> <span class='ocrx_word' id='word_1_387' title='bbox 1620 3108 1722 3166; x_wconf 89' lang='lat' dir='ltr'><strong>est,</strong></span> <span class='ocrx_word' id='word_1_388' title='bbox 1756 3104 1935 3167; x_wconf 90' lang='lat' dir='ltr'><strong>adest,</strong></span> <span class='ocrx_word' id='word_1_389' title='bbox 1985 3119 2089 3159; x_wconf 90' lang='lat' dir='ltr'><strong>non</strong></span> 
     </span>
    </p>
   </div>
   <div class='ocr_carea' id='block_1_48' title="bbox 505 3180 2089 3262">
    <p class='ocr_par' dir='ltr' id='par_1_48' title="bbox 505 3180 2089 3262">
     <span class='ocr_line' id='line_1_48' title="bbox 505 3180 2089 3262; baseline 0.011 -30"><span class='ocrx_word' id='word_1_390' title='bbox 505 3180 660 3234; x_wconf 90' lang='lat' dir='ltr'><strong>adest</strong></span> <span class='ocrx_word' id='word_1_391' title='bbox 694 3197 708 3234; x_wconf 90' lang='lat'><strong>:</strong></span> <span class='ocrx_word' id='word_1_392' title='bbox 747 3197 852 3236; x_wconf 91' lang='lat' dir='ltr'><strong>non</strong></span> <span class='ocrx_word' id='word_1_393' title='bbox 888 3191 1042 3254; x_wconf 90' lang='lat' dir='ltr'><strong>potes</strong></span> <span class='ocrx_word' id='word_1_394' title='bbox 1081 3186 1386 3257; x_wconf 78' lang='lat' dir='ltr'><strong>intelligere</strong></span> <span class='ocrx_word' id='word_1_395' title='bbox 1422 3197 1500 3244; x_wconf 91' lang='lat' dir='ltr'><strong>tu.</strong></span> <span class='ocrx_word' id='word_1_396' title='bbox 1533 3189 1644 3244; x_wconf 86' lang='lat' dir='ltr'><strong>Hoc</strong></span> <span class='ocrx_word' id='word_1_397' title='bbox 1663 3193 1807 3245; x_wconf 90' lang='lat' dir='ltr'><strong>enim</strong></span> <span class='ocrx_word' id='word_1_398' title='bbox 1837 3201 1922 3248; x_wconf 88' lang='lat' dir='ltr'><strong>est</strong></span> <span class='ocrx_word' id='word_1_399' title='bbox 1945 3196 2089 3262; x_wconf 91' lang='lat' dir='ltr'><strong>quod</strong></span> 
     </span>
    </p>
   </div>
   <div class='ocr_carea' id='block_1_49' title="bbox 503 3273 2087 3350">
    <p class='ocr_par' dir='ltr' id='par_1_49' title="bbox 503 3273 2087 3350">
     <span class='ocr_line' id='line_1_49' title="bbox 503 3273 2087 3350; baseline 0.009 -26"><span class='ocrx_word' id='word_1_400' title='bbox 503 3273 770 3341; x_wconf 68' lang='lat' dir='ltr'><strong>quarritur</strong></span> <span class='ocrx_word' id='word_1_401' title='bbox 819 3291 833 3328; x_wconf 90' lang='lat'><strong>:</strong></span> <span class='ocrx_word' id='word_1_402' title='bbox 898 3275 1034 3329; x_wconf 87' lang='lat' dir='ltr'><strong>nihil</strong></span> <span class='ocrx_word' id='word_1_403' title='bbox 1086 3276 1531 3346; x_wconf 90' lang='lat' dir='ltr'><strong>Samaritanum,</strong></span> <span class='ocrx_word' id='word_1_404' title='bbox 1587 3281 1720 3336; x_wconf 86' lang='lat' dir='ltr'><strong>nihil</strong></span> <span class='ocrx_word' id='word_1_405' title='bbox 1783 3281 2087 3350; x_wconf 76' lang='lat' dir='ltr'><strong>Judaicum.</strong></span> 
     </span>
    </p>
   </div>
   <div class='ocr_carea' id='block_1_50' title="bbox 504 3361 2087 3427">
    <p class='ocr_par' dir='ltr' id='par_1_50' title="bbox 504 3361 2087 3427">
     <span class='ocr_line' id='line_1_50' title="bbox 504 3361 2087 3427; baseline 0.009 -14"><span class='ocrx_word' id='word_1_406' title='bbox 504 3361 635 3414; x_wconf 91' lang='lat' dir='ltr'><strong>nihil</strong></span> <span class='ocrx_word' id='word_1_407' title='bbox 665 3363 766 3416; x_wconf 89' lang='lat' dir='ltr'><strong>tale</strong></span> <span class='ocrx_word' id='word_1_408' title='bbox 793 3371 850 3416; x_wconf 92' lang='lat' dir='ltr'><strong>ut</strong></span> <span class='ocrx_word' id='word_1_409' title='bbox 879 3364 1032 3420; x_wconf 82' lang='lat' dir='ltr'><strong>dicas</strong></span> <span class='ocrx_word' id='word_1_410' title='bbox 1063 3383 1077 3421; x_wconf 92' lang='lat'><strong>:</strong></span> <span class='ocrx_word' id='word_1_411' title='bbox 1118 3366 1306 3422; x_wconf 79' lang='lat' dir='ltr'><strong>Patres</strong></span> <span class='ocrx_word' id='word_1_412' title='bbox 1337 3371 1502 3424; x_wconf 85' lang='lat' dir='ltr'><strong>nostri</strong></span> <span class='ocrx_word' id='word_1_413' title='bbox 1548 3371 1602 3424; x_wconf 86' lang='lat' dir='ltr'><strong>in</strong></span> <span class='ocrx_word' id='word_1_414' title='bbox 1628 3381 1804 3426; x_wconf 86' lang='lat' dir='ltr'><strong>monte</strong></span> <span class='ocrx_word' id='word_1_415' title='bbox 1825 3373 1924 3426; x_wconf 79' lang='lat' dir='ltr'><strong>hoc</strong></span> <span class='ocrx_word' id='word_1_416' title='bbox 1956 3376 2087 3427; x_wconf 88' lang='lat' dir='ltr'><strong>ado-</strong></span> 
     </span>
    </p>
   </div>
   <div class='ocr_carea' id='block_1_51' title="bbox 501 3453 2088 3518">
    <p class='ocr_par' dir='ltr' id='par_1_51' title="bbox 501 3453 2088 3518">
     <span class='ocr_line' id='line_1_51' title="bbox 501 3453 2088 3518; baseline 0.009 -15"><span class='ocrx_word' id='word_1_417' title='bbox 501 3464 749 3508; x_wconf 74' lang='lat' dir='ltr'><strong>raverunt</strong></span> <span class='ocrx_word' id='word_1_418' title='bbox 795 3453 860 3506; x_wconf 81' lang='lat'><strong>&quot;.</strong></span> <span class='ocrx_word' id='word_1_419' title='bbox 916 3453 1030 3510; x_wconf 80' lang='lat' dir='ltr'><strong>Hoc</strong></span> <span class='ocrx_word' id='word_1_420' title='bbox 1084 3458 1229 3512; x_wconf 89' lang='lat' dir='ltr'><strong>enim</strong></span> <span class='ocrx_word' id='word_1_421' title='bbox 1294 3458 1757 3516; x_wconf 89' lang='lat' dir='ltr'><strong>Samaritanorum</strong></span> <span class='ocrx_word' id='word_1_422' title='bbox 1793 3473 1927 3517; x_wconf 90' lang='lat' dir='ltr'><strong>est:</strong></span> <span class='ocrx_word' id='word_1_423' title='bbox 1984 3463 2088 3518; x_wconf 85' lang='lat' dir='ltr'><strong>Vos</strong></span> 
     </span>
    </p>
   </div>
   <div class='ocr_carea' id='block_1_52' title="bbox 502 3545 2086 3621">
    <p class='ocr_par' dir='ltr' id='par_1_52' title="bbox 502 3545 2086 3621">
     <span class='ocr_line' id='line_1_52' title="bbox 502 3545 2086 3621; baseline 0.01 -27"><span class='ocrx_word' id='word_1_424' title='bbox 502 3553 676 3596; x_wconf 80' lang='lat' dir='ltr'><strong>autem</strong></span> <span class='ocrx_word' id='word_1_425' title='bbox 729 3545 904 3600; x_wconf 81' lang='lat' dir='ltr'><strong>dicitis</strong></span> <span class='ocrx_word' id='word_1_426' title='bbox 961 3548 1017 3600; x_wconf 88' lang='lat' dir='ltr'><strong>in</strong></span> <span class='ocrx_word' id='word_1_427' title='bbox 1074 3547 1447 3621; x_wconf 82' lang='lat' dir='ltr'><strong>Hierosolyma</strong></span> <span class='ocrx_word' id='word_1_428' title='bbox 1516 3568 1626 3606; x_wconf 84' lang='lat' dir='ltr'><strong>esse</strong></span> <span class='ocrx_word' id='word_1_429' title='bbox 1672 3552 1921 3609; x_wconf 80' lang='lat' dir='ltr'><strong>locum&quot;.</strong></span> <span class='ocrx_word' id='word_1_430' title='bbox 1969 3554 2086 3610; x_wconf 84' lang='lat' dir='ltr'><strong>Non</strong></span> 
     </span>
    </p>
   </div>
   <div class='ocr_carea' id='block_1_53' title="bbox 504 3633 2087 3711">
    <p class='ocr_par' dir='ltr' id='par_1_53' title="bbox 504 3633 2087 3711">
     <span class='ocr_line' id='line_1_53' title="bbox 504 3633 2087 3711; baseline 0.01 -26"><span class='ocrx_word' id='word_1_431' title='bbox 504 3633 636 3688; x_wconf 91' lang='lat' dir='ltr'><strong>mihi</strong></span> <span class='ocrx_word' id='word_1_432' title='bbox 687 3646 921 3702; x_wconf 89' lang='lat' dir='ltr'><strong>montes,</strong></span> <span class='ocrx_word' id='word_1_433' title='bbox 960 3653 1076 3692; x_wconf 80' lang='lat' dir='ltr'><strong>non‘</strong></span> <span class='ocrx_word' id='word_1_434' title='bbox 1129 3640 1350 3710; x_wconf 89' lang='lat' dir='ltr'><strong>templa,</strong></span> <span class='ocrx_word' id='word_1_435' title='bbox 1380 3657 1484 3696; x_wconf 93' lang='lat' dir='ltr'><strong>non</strong></span> <span class='ocrx_word' id='word_1_436' title='bbox 1520 3643 1818 3711; x_wconf 89' lang='lat' dir='ltr'><strong>civitatem,</strong></span> <span class='ocrx_word' id='word_1_437' title='bbox 1850 3661 1959 3700; x_wconf 92' lang='lat' dir='ltr'><strong>non</strong></span> <span class='ocrx_word' id='word_1_438' title='bbox 1998 3660 2087 3702; x_wconf 88' lang='lat' dir='ltr'><strong>re-</strong></span> 
     </span>
    </p>
   </div>
   <div class='ocr_carea' id='block_1_54' title="bbox 503 3728 2086 3804">
    <p class='ocr_par' dir='ltr' id='par_1_54' title="bbox 503 3728 2086 3804">
     <span class='ocr_line' id='line_1_54' title="bbox 503 3728 2086 3804; baseline 0.009 -25"><span class='ocrx_word' id='word_1_439' title='bbox 503 3728 742 3796; x_wconf 87' lang='lat' dir='ltr'><strong>gionem,</strong></span> <span class='ocrx_word' id='word_1_440' title='bbox 795 3744 903 3784; x_wconf 91' lang='lat' dir='ltr'><strong>non</strong></span> <span class='ocrx_word' id='word_1_441' title='bbox 970 3730 1170 3796; x_wconf 87' lang='lat' dir='ltr'><strong>locum,</strong></span> <span class='ocrx_word' id='word_1_442' title='bbox 1231 3748 1332 3788; x_wconf 91' lang='lat' dir='ltr'><strong>nec</strong></span> <span class='ocrx_word' id='word_1_443' title='bbox 1385 3745 1748 3801; x_wconf 91' lang='lat' dir='ltr'><strong>terram,nec</strong></span> <span class='ocrx_word' id='word_1_444' title='bbox 1780 3752 1953 3804; x_wconf 87' lang='lat' dir='ltr'><strong>mare,</strong></span> <span class='ocrx_word' id='word_1_445' title='bbox 1988 3753 2086 3794; x_wconf 92' lang='lat' dir='ltr'><strong>nec</strong></span> 
     </span>
    </p>
   </div>
   <div class='ocr_carea' id='block_1_55' title="bbox 501 3822 2082 3888">
    <p class='ocr_par' dir='ltr' id='par_1_55' title="bbox 501 3822 2082 3888">
     <span class='ocr_line' id='line_1_55' title="bbox 501 3822 2082 3888; baseline 0.009 -16"><span class='ocrx_word' id='word_1_446' title='bbox 501 3832 729 3885; x_wconf 89' lang='lat' dir='ltr'><strong>aerem;</strong></span> <span class='ocrx_word' id='word_1_447' title='bbox 775 3835 895 3874; x_wconf 88' lang='lat' dir='ltr'><strong>cum</strong></span> <span class='ocrx_word' id='word_1_448' title='bbox 958 3822 1095 3878; x_wconf 65' lang='lat' dir='ltr'><strong>caalo</strong></span> <span class='ocrx_word' id='word_1_449' title='bbox 1149 3823 1280 3878; x_wconf 89' lang='lat' dir='ltr'><strong>nihil</strong></span> <span class='ocrx_word' id='word_1_450' title='bbox 1327 3824 1632 3882; x_wconf 89' lang='lat' dir='ltr'><strong>Judaicum.</strong></span> <span class='ocrx_word' id='word_1_451' title='bbox 1665 3827 1811 3884; x_wconf 88' lang='lat' dir='ltr'><strong>Bona</strong></span> <span class='ocrx_word' id='word_1_452' title='bbox 1838 3829 1924 3884; x_wconf 84' lang='lat' dir='ltr'><strong>lex</strong></span> <span class='ocrx_word' id='word_1_453' title='bbox 1952 3842 2082 3888; x_wconf 84' lang='lat' dir='ltr'><strong>est:</strong></span> 
     </span>
    </p>
   </div>
   <div class='ocr_carea' id='block_1_56' title="bbox 505 3909 2084 3989">
    <p class='ocr_par' dir='ltr' id='par_1_56' title="bbox 505 3909 2084 3989">
     <span class='ocr_line' id='line_1_56' title="bbox 505 3909 2084 3989; baseline 0.007 -25"><span class='ocrx_word' id='word_1_454' title='bbox 505 3909 590 3966; x_wconf 90' lang='lat' dir='ltr'><strong>lac</strong></span> <span class='ocrx_word' id='word_1_455' title='bbox 619 3915 801 3980; x_wconf 89' lang='lat' dir='ltr'><strong>parvis</strong></span> <span class='ocrx_word' id='word_1_456' title='bbox 826 3914 958 3969; x_wconf 86' lang='lat' dir='ltr'><strong>utile</strong></span> <span class='ocrx_word' id='word_1_457' title='bbox 988 3924 1092 3970; x_wconf 90' lang='lat' dir='ltr'><strong>est.</strong></span> <span class='ocrx_word' id='word_1_458' title='bbox 1128 3915 1329 3972; x_wconf 85' lang='lat' dir='ltr'><strong>Factus</strong></span> <span class='ocrx_word' id='word_1_459' title='bbox 1382 3932 1442 3972; x_wconf 90' lang='lat' dir='ltr'><strong>es</strong></span> <span class='ocrx_word' id='word_1_460' title='bbox 1491 3919 1781 3989; x_wconf 78' lang='lat' dir='ltr'><strong>perfectus,</strong></span> <span class='ocrx_word' id='word_1_461' title='bbox 1822 3921 2084 3977; x_wconf 82' lang='lat' dir='ltr'><strong>formatus</strong></span> 
     </span>
    </p>
   </div>
   <div class='ocr_carea' id='block_1_57' title="bbox 498 4008 2083 4080">
    <p class='ocr_par' dir='ltr' id='par_1_57' title="bbox 498 4008 2083 4080">
     <span class='ocr_line' id='line_1_57' title="bbox 498 4008 2083 4080; baseline 0.006 -20"><span class='ocrx_word' id='word_1_462' title='bbox 498 4017 580 4072; x_wconf 88' lang='lat' dir='ltr'><strong>es,</strong></span> <span class='ocrx_word' id='word_1_463' title='bbox 630 4021 830 4062; x_wconf 79' lang='lat' dir='ltr'><strong>excusa</strong></span> <span class='ocrx_word' id='word_1_464' title='bbox 855 4008 1006 4073; x_wconf 93' lang='lat' dir='ltr'><strong>illud,</strong></span> <span class='ocrx_word' id='word_1_465' title='bbox 1035 4010 1178 4078; x_wconf 88' lang='lat' dir='ltr'><strong>quod</strong></span> <span class='ocrx_word' id='word_1_466' title='bbox 1212 4009 1508 4080; x_wconf 87' lang='lat' dir='ltr'><strong>aliquando</strong></span> <span class='ocrx_word' id='word_1_467' title='bbox 1561 4011 1655 4066; x_wconf 90' lang='lat' dir='ltr'><strong>tibi</strong></span> <span class='ocrx_word' id='word_1_468' title='bbox 1684 4013 1973 4069; x_wconf 84' lang='lat' dir='ltr'><strong>videbatur</strong></span> <span class='ocrx_word' id='word_1_469' title='bbox 2004 4015 2083 4069; x_wconf 92' lang='lat' dir='ltr'><strong>ci-</strong></span> 
     </span>
    </p>
   </div>
   <div class='ocr_carea' id='block_1_58' title="bbox 499 4099 2082 4173">
    <p class='ocr_par' dir='ltr' id='par_1_58' title="bbox 499 4099 2082 4173">
     <span class='ocr_line' id='line_1_58' title="bbox 499 4099 2082 4173; baseline 0.006 -20"><span class='ocrx_word' id='word_1_470' title='bbox 499 4099 640 4154; x_wconf 81' lang='lat' dir='ltr'><strong>vitas</strong></span> <span class='ocrx_word' id='word_1_471' title='bbox 694 4101 810 4167; x_wconf 86' lang='lat' dir='ltr'><strong>Dei,</strong></span> <span class='ocrx_word' id='word_1_472' title='bbox 869 4101 1128 4172; x_wconf 89' lang='lat' dir='ltr'><strong>templnm</strong></span> <span class='ocrx_word' id='word_1_473' title='bbox 1181 4101 1297 4170; x_wconf 88' lang='lat' dir='ltr'><strong>Dei,</strong></span> <span class='ocrx_word' id='word_1_474' title='bbox 1354 4104 1611 4173; x_wconf 88' lang='lat' dir='ltr'><strong>templum</strong></span> <span class='ocrx_word' id='word_1_475' title='bbox 1660 4104 1900 4161; x_wconf 90' lang='lat' dir='ltr'><strong>Domini.</strong></span> <span class='ocrx_word' id='word_1_476' title='bbox 1940 4106 2082 4162; x_wconf 88' lang='lat' dir='ltr'><strong>Dicit</strong></span> 
     </span>
    </p>
   </div>
   <div class='ocr_carea' id='block_1_59' title="bbox 496 4189 2075 4261">
    <p class='ocr_par' dir='ltr' id='par_1_59' title="bbox 496 4189 2075 4261">
     <span class='ocr_line' id='line_1_59' title="bbox 496 4189 2075 4261; baseline 0.004 -17"><span class='ocrx_word' id='word_1_477' title='bbox 496 4191 640 4244; x_wconf 85' lang='lat' dir='ltr'><strong>enim</strong></span> <span class='ocrx_word' id='word_1_478' title='bbox 675 4189 974 4244; x_wconf 83' lang='lat' dir='ltr'><strong>Jeremias:</strong></span> <span class='ocrx_word' id='word_1_479' title='bbox 1027 4189 1302 4260; x_wconf 78' lang='lat' dir='ltr'><strong>Templum</strong></span> <span class='ocrx_word' id='word_1_480' title='bbox 1352 4191 1587 4257; x_wconf 82' lang='lat' dir='ltr'><strong>Domini,</strong></span> <span class='ocrx_word' id='word_1_481' title='bbox 1639 4196 1684 4248; x_wconf 89' lang='lat' dir='ltr'><strong>si</strong></span> <span class='ocrx_word' id='word_1_482' title='bbox 1731 4196 2075 4261; x_wconf 81' lang='lat' dir='ltr'><strong>servaveritis,</strong></span> 
     </span>
    </p>
   </div>
   <div class='ocr_carea' id='block_1_60' title="bbox 497 4279 2075 4355">
    <p class='ocr_par' dir='ltr' id='par_1_60' title="bbox 497 4279 2075 4355">
     <span class='ocr_line' id='line_1_60' title="bbox 497 4279 2075 4355; baseline 0.006 -23"><span class='ocrx_word' id='word_1_483' title='bbox 497 4279 691 4348; x_wconf 86' lang='lat' dir='ltr'><strong>inquit,</strong></span> <span class='ocrx_word' id='word_1_484' title='bbox 719 4281 970 4334; x_wconf 83' lang='lat' dir='ltr'><strong>mandata</strong></span> <span class='ocrx_word' id='word_1_485' title='bbox 995 4280 1203 4335; x_wconf 85' lang='lat' dir='ltr'><strong>Domini</strong></span> <span class='ocrx_word' id='word_1_486' title='bbox 1227 4281 1293 4334; x_wconf 87' lang='grc'><strong>³⁷.</strong></span> <span class='ocrx_word' id='word_1_487' title='bbox 1344 4281 1550 4340; x_wconf 84' lang='lat' dir='ltr'><strong>Decora</strong></span> <span class='ocrx_word' id='word_1_488' title='bbox 1591 4300 1691 4340; x_wconf 82' lang='lat' dir='ltr'><strong>vox</strong></span> <span class='ocrx_word' id='word_1_489' title='bbox 1719 4289 1892 4355; x_wconf 89' lang='lat' dir='ltr'><strong>primo</strong></span> <span class='ocrx_word' id='word_1_490' title='bbox 1931 4288 2075 4342; x_wconf 90' lang='lat' dir='ltr'><strong>testi.</strong></span> 
     </span>
    </p>
   </div>
   <div class='ocr_carea' id='block_1_61' title="bbox 498 4365 2078 4439">
    <p class='ocr_par' dir='ltr' id='par_1_61' title="bbox 498 4365 2078 4439">
     <span class='ocr_line' id='line_1_61' title="bbox 498 4365 2078 4439; baseline 0.008 -19"><span class='ocrx_word' id='word_1_491' title='bbox 498 4365 751 4420; x_wconf 87' lang='lat' dir='ltr'><strong>Salomon</strong></span> <span class='ocrx_word' id='word_1_492' title='bbox 806 4378 986 4422; x_wconf 88' lang='lat' dir='ltr'><strong>autem</strong></span> <span class='ocrx_word' id='word_1_493' title='bbox 1042 4369 1327 4424; x_wconf 81' lang='lat' dir='ltr'><strong>aediﬁcavit</strong></span> <span class='ocrx_word' id='word_1_494' title='bbox 1361 4371 1464 4426; x_wconf 92' lang='lat' dir='ltr'><strong>sibi</strong></span> <span class='ocrx_word' id='word_1_495' title='bbox 1508 4373 1747 4439; x_wconf 92' lang='lat' dir='ltr'><strong>domum,</strong></span> <span class='ocrx_word' id='word_1_496' title='bbox 1800 4377 1877 4430; x_wconf 87' lang='lat' dir='ltr'><strong>ait</strong></span> <span class='ocrx_word' id='word_1_497' title='bbox 1917 4392 1934 4430; x_wconf 92' lang='lat'><strong>:</strong></span> <span class='ocrx_word' id='word_1_498' title='bbox 1983 4379 2078 4434; x_wconf 90' lang='lat' dir='ltr'><strong>sed</strong></span> 
     </span>
    </p>
   </div>
   <div class='ocr_carea' id='block_1_62' title="bbox 493 4455 2071 4533">
    <p class='ocr_par' dir='ltr' id='par_1_62' title="bbox 493 4455 2071 4533">
     <span class='ocr_line' id='line_1_62' title="bbox 493 4455 2071 4533; baseline 0.009 -24"><span class='ocrx_word' id='word_1_499' title='bbox 493 4455 815 4520; x_wconf 83' lang='lat' dir='ltr'><strong>Altissimus,</strong></span> <span class='ocrx_word' id='word_1_500' title='bbox 847 4457 1038 4527; x_wconf 91' lang='lat' dir='ltr'><strong>inquit,</strong></span> <span class='ocrx_word' id='word_1_501' title='bbox 1069 4474 1170 4512; x_wconf 84' lang='lat' dir='ltr'><strong>non</strong></span> <span class='ocrx_word' id='word_1_502' title='bbox 1203 4458 1406 4514; x_wconf 82' lang='lat' dir='ltr'><strong>habitat</strong></span> <span class='ocrx_word' id='word_1_503' title='bbox 1436 4462 1491 4515; x_wconf 88' lang='lat' dir='ltr'><strong>in</strong></span> <span class='ocrx_word' id='word_1_504' title='bbox 1540 4465 1859 4533; x_wconf 79' lang='lat' dir='ltr'><strong>manufactis</strong></span> <span class='ocrx_word' id='word_1_505' title='bbox 1893 4469 2071 4522; x_wconf 78' lang='lat' dir='ltr'><strong>Itami-</strong></span> 
     </span>
    </p>
   </div>
   <div class='ocr_carea' id='block_1_63' title="bbox 494 4546 2068 4618">
    <p class='ocr_par' dir='ltr' id='par_1_63' title="bbox 494 4546 2068 4618">
     <span class='ocr_line' id='line_1_63' title="bbox 494 4546 2068 4618; baseline 0.011 -20"><span class='ocrx_word' id='word_1_506' title='bbox 494 4561 619 4600; x_wconf 83' lang='lat' dir='ltr'><strong>num</strong></span> <span class='ocrx_word' id='word_1_507' title='bbox 638 4546 704 4598; x_wconf 81' lang='grc'><strong>³⁸.</strong></span> <span class='ocrx_word' id='word_1_508' title='bbox 734 4547 1046 4604; x_wconf 86' lang='lat' dir='ltr'><strong>Altissimus</strong></span> <span class='ocrx_word' id='word_1_509' title='bbox 1077 4559 1132 4604; x_wconf 90' lang='lat' dir='ltr'><strong>et</strong></span> <span class='ocrx_word' id='word_1_510' title='bbox 1161 4567 1266 4605; x_wconf 89' lang='lat' dir='ltr'><strong>non</strong></span> <span class='ocrx_word' id='word_1_511' title='bbox 1298 4552 1349 4606; x_wconf 92' lang='lat' dir='ltr'><strong>in</strong></span> <span class='ocrx_word' id='word_1_512' title='bbox 1375 4554 1601 4609; x_wconf 86' lang='lat' dir='ltr'><strong>civitate</strong></span> <span class='ocrx_word' id='word_1_513' title='bbox 1630 4573 1642 4609; x_wconf 93' lang='lat'>:</span> <span class='ocrx_word' id='word_1_514' title='bbox 1671 4556 1988 4615; x_wconf 85' lang='lat' dir='ltr'><strong>Altissimus</strong></span> <span class='ocrx_word' id='word_1_515' title='bbox 2019 4571 2068 4618; x_wconf 80' lang='lat' dir='ltr'><strong>et</strong></span> 
     </span>
    </p>
   </div>
   <div class='ocr_carea' id='block_1_64' title="bbox 493 4639 2069 4720">
    <p class='ocr_par' dir='ltr' id='par_1_64' title="bbox 493 4639 2069 4720">
     <span class='ocr_line' id='line_1_64' title="bbox 493 4639 2069 4720; baseline 0.013 -31"><span class='ocrx_word' id='word_1_516' title='bbox 493 4651 598 4692; x_wconf 90' lang='lat' dir='ltr'><strong>non</strong></span> <span class='ocrx_word' id='word_1_517' title='bbox 669 4639 721 4692; x_wconf 95' lang='lat' dir='ltr'><strong>in</strong></span> <span class='ocrx_word' id='word_1_518' title='bbox 785 4643 1004 4710; x_wconf 89' lang='lat' dir='ltr'><strong>templo.</strong></span> <span class='ocrx_word' id='word_1_519' title='bbox 1057 4643 1124 4697; x_wconf 89' lang='lat' dir='ltr'><strong>Et</strong></span> <span class='ocrx_word' id='word_1_520' title='bbox 1188 4643 1325 4700; x_wconf 89' lang='lat' dir='ltr'><strong>dicit</strong></span> <span class='ocrx_word' id='word_1_521' title='bbox 1371 4661 1468 4716; x_wconf 90' lang='lat' dir='ltr'><strong>per</strong></span> <span class='ocrx_word' id='word_1_522' title='bbox 1501 4649 1668 4702; x_wconf 91' lang='lat' dir='ltr'><strong>alium</strong></span> <span class='ocrx_word' id='word_1_523' title='bbox 1697 4653 2069 4720; x_wconf 87' lang='lat' dir='ltr'><strong>prophetam:</strong></span> 
     </span>
    </p>
   </div>
   <div class='ocr_carea' id='block_1_65' title="bbox 493 4725 2069 4804">
    <p class='ocr_par' dir='ltr' id='par_1_65' title="bbox 493 4725 2069 4804">
     <span class='ocr_line' id='line_1_65' title="bbox 493 4725 2069 4804; baseline 0.014 -24"><span class='ocrx_word' id='word_1_524' title='bbox 493 4725 722 4782; x_wconf 85' lang='lat' dir='ltr'><strong>Sanctus</strong></span> <span class='ocrx_word' id='word_1_525' title='bbox 753 4747 890 4798; x_wconf 81' lang='lat' dir='ltr'><strong>sum,</strong></span> <span class='ocrx_word' id='word_1_526' title='bbox 919 4743 969 4786; x_wconf 90' lang='lat' dir='ltr'><strong>et</strong></span> <span class='ocrx_word' id='word_1_527' title='bbox 997 4749 1100 4788; x_wconf 87' lang='lat' dir='ltr'><strong>non</strong></span> <span class='ocrx_word' id='word_1_528' title='bbox 1130 4737 1397 4804; x_wconf 82' lang='lat' dir='ltr'><strong>ingrediar</strong></span> <span class='ocrx_word' id='word_1_529' title='bbox 1431 4740 1697 4795; x_wconf 84' lang='lat' dir='ltr'><strong>civitatem</strong></span> <span class='ocrx_word' id='word_1_530' title='bbox 1712 4741 1778 4796; x_wconf 83' lang='grc'><strong>³⁹.</strong></span> <span class='ocrx_word' id='word_1_531' title='bbox 1806 4743 1862 4798; x_wconf 83' lang='lat' dir='ltr'><strong>Si</strong></span> <span class='ocrx_word' id='word_1_532' title='bbox 1890 4756 2069 4802; x_wconf 88' lang='lat' dir='ltr'><strong>autem</strong></span> 
     </span>
    </p>
   </div>
   <div class='ocr_carea' id='block_1_66' title="bbox 491 4818 2070 4905">
    <p class='ocr_par' dir='ltr' id='par_1_66' title="bbox 491 4818 2070 4905">
     <span class='ocr_line' id='line_1_66' title="bbox 491 4818 2070 4905; baseline 0.015 -33"><span class='ocrx_word' id='word_1_533' title='bbox 491 4818 546 4872; x_wconf 92' lang='lat' dir='ltr'><strong>in</strong></span> <span class='ocrx_word' id='word_1_534' title='bbox 595 4821 870 4878; x_wconf 84' lang='lat' dir='ltr'><strong>civitatem</strong></span> <span class='ocrx_word' id='word_1_535' title='bbox 934 4840 1039 4880; x_wconf 93' lang='lat' dir='ltr'><strong>non</strong></span> <span class='ocrx_word' id='word_1_536' title='bbox 1097 4828 1423 4896; x_wconf 79' lang='lat' dir='ltr'><strong>ingreditur,</strong></span> <span class='ocrx_word' id='word_1_537' title='bbox 1471 4832 1524 4886; x_wconf 92' lang='lat' dir='ltr'><strong>in</strong></span> <span class='ocrx_word' id='word_1_538' title='bbox 1559 4834 1759 4904; x_wconf 88' lang='lat' dir='ltr'><strong>templo</strong></span> <span class='ocrx_word' id='word_1_539' title='bbox 1796 4841 2070 4905; x_wconf 90' lang='lat' dir='ltr'><strong>quomodo</strong></span> 
     </span>
    </p>
   </div>
   <div class='ocr_carea' id='block_1_67' title="bbox 490 4905 2068 4993">
    <p class='ocr_par' dir='ltr' id='par_1_67' title="bbox 490 4905 2068 4993">
     <span class='ocr_line' id='line_1_67' title="bbox 490 4905 2068 4993; baseline 0.012 -34"><span class='ocrx_word' id='word_1_540' title='bbox 490 4905 736 4961; x_wconf 81' lang='lat' dir='ltr'><strong>habitat?</strong></span> <span class='ocrx_word' id='word_1_541' title='bbox 761 4915 812 4962; x_wconf 92' lang='lat' dir='ltr'><strong>ut</strong></span> <span class='ocrx_word' id='word_1_542' title='bbox 846 4909 1056 4965; x_wconf 90' lang='lat' dir='ltr'><strong>dicatur</strong></span> <span class='ocrx_word' id='word_1_543' title='bbox 1081 4914 1278 4968; x_wconf 77' lang='lat' dir='ltr'><strong>ccelum</strong></span> <span class='ocrx_word' id='word_1_544' title='bbox 1303 4915 1485 4984; x_wconf 84' lang='lat' dir='ltr'><strong>sedes,</strong></span> <span class='ocrx_word' id='word_1_545' title='bbox 1521 4927 1580 4972; x_wconf 93' lang='lat' dir='ltr'><strong>ut</strong></span> <span class='ocrx_word' id='word_1_546' title='bbox 1603 4934 1709 4973; x_wconf 92' lang='lat' dir='ltr'><strong>non</strong></span> <span class='ocrx_word' id='word_1_547' title='bbox 1738 4919 1932 4976; x_wconf 91' lang='lat' dir='ltr'><strong>domus</strong></span> <span class='ocrx_word' id='word_1_548' title='bbox 1966 4938 2068 4993; x_wconf 87' lang='lat' dir='ltr'><strong>pu-</strong></span> 
     </span>
    </p>
   </div>
   <div class='ocr_carea' id='block_1_68' title="bbox 489 5003 2067 5084">
    <p class='ocr_par' dir='ltr' id='par_1_68' title="bbox 489 5003 2067 5084">
     <span class='ocr_line' id='line_1_68' title="bbox 489 5003 2067 5084; baseline 0.01 -31"><span class='ocrx_word' id='word_1_549' title='bbox 489 5005 634 5053; x_wconf 84' lang='lat' dir='ltr'><strong>tetur</strong></span> <span class='ocrx_word' id='word_1_550' title='bbox 662 5008 715 5054; x_wconf 93' lang='lat' dir='ltr'><strong>et</strong></span> <span class='ocrx_word' id='word_1_551' title='bbox 747 5009 893 5056; x_wconf 90' lang='lat' dir='ltr'><strong>terra</strong></span> <span class='ocrx_word' id='word_1_552' title='bbox 927 5003 1266 5060; x_wconf 84' lang='lat' dir='ltr'><strong>scabellum?</strong></span> <span class='ocrx_word' id='word_1_553' title='bbox 1299 5007 1399 5073; x_wconf 85' lang='lat' dir='ltr'><strong>Qui</strong></span> <span class='ocrx_word' id='word_1_554' title='bbox 1424 5018 1603 5063; x_wconf 90' lang='lat' dir='ltr'><strong>autem</strong></span> <span class='ocrx_word' id='word_1_555' title='bbox 1646 5012 1799 5065; x_wconf 88' lang='lat' dir='ltr'><strong>novit</strong></span> <span class='ocrx_word' id='word_1_556' title='bbox 1826 5029 1949 5068; x_wconf 90' lang='lat' dir='ltr'><strong>eum</strong></span> <span class='ocrx_word' id='word_1_557' title='bbox 1975 5015 2067 5084; x_wconf 91' lang='lat' dir='ltr'><strong>qui</strong></span> 
     </span>
    </p>
   </div>
   <div class='ocr_carea' id='block_1_69' title="bbox 486 5090 2068 5168">
    <p class='ocr_par' dir='ltr' id='par_1_69' title="bbox 486 5090 2068 5168">
     <span class='ocr_line' id='line_1_69' title="bbox 486 5090 2068 5168; baseline 0.011 -27"><span class='ocrx_word' id='word_1_558' title='bbox 486 5101 546 5142; x_wconf 91' lang='lat' dir='ltr'><strong>se</strong></span> <span class='ocrx_word' id='word_1_559' title='bbox 577 5090 784 5158; x_wconf 88' lang='lat' dir='ltr'><strong>genuit,</strong></span> <span class='ocrx_word' id='word_1_560' title='bbox 810 5092 926 5159; x_wconf 93' lang='lat' dir='ltr'><strong>ipse</strong></span> <span class='ocrx_word' id='word_1_561' title='bbox 957 5095 1061 5148; x_wconf 90' lang='lat' dir='ltr'><strong>scit</strong></span> <span class='ocrx_word' id='word_1_562' title='bbox 1107 5105 1163 5148; x_wconf 93' lang='lat' dir='ltr'><strong>et</strong></span> <span class='ocrx_word' id='word_1_563' title='bbox 1200 5097 1405 5151; x_wconf 84' lang='lat' dir='ltr'><strong>revelat</strong></span> <span class='ocrx_word' id='word_1_564' title='bbox 1437 5100 1563 5168; x_wconf 93' lang='lat' dir='ltr'><strong>quia</strong></span> <span class='ocrx_word' id='word_1_565' title='bbox 1618 5101 1797 5157; x_wconf 93' lang='lat' dir='ltr'><strong>nullus</strong></span> <span class='ocrx_word' id='word_1_566' title='bbox 1834 5119 1958 5158; x_wconf 93' lang='lat' dir='ltr'><strong>eum</strong></span> <span class='ocrx_word' id='word_1_567' title='bbox 1987 5106 2068 5159; x_wconf 89' lang='lat' dir='ltr'><strong>vi-</strong></span> 
     </span>
    </p>
   </div>
   <div class='ocr_carea' id='block_1_70' title="bbox 487 5178 2064 5253">
    <p class='ocr_par' dir='ltr' id='par_1_70' title="bbox 487 5178 2064 5253">
     <span class='ocr_line' id='line_1_70' title="bbox 487 5178 2064 5253; baseline 0.012 -21"><span class='ocrx_word' id='word_1_568' title='bbox 487 5178 586 5237; x_wconf 87' lang='lat' dir='ltr'><strong>dit.</strong></span> <span class='ocrx_word' id='word_1_569' title='bbox 623 5181 690 5236; x_wconf 89' lang='lat' dir='ltr'><strong>Et</strong></span> <span class='ocrx_word' id='word_1_570' title='bbox 734 5194 883 5240; x_wconf 91' lang='lat' dir='ltr'><strong>certe</strong></span> <span class='ocrx_word' id='word_1_571' title='bbox 917 5185 1066 5240; x_wconf 89' lang='lat' dir='ltr'><strong>venit</strong></span> <span class='ocrx_word' id='word_1_572' title='bbox 1113 5186 1300 5253; x_wconf 90' lang='lat' dir='ltr'><strong>Pater,</strong></span> <span class='ocrx_word' id='word_1_573' title='bbox 1328 5199 1384 5243; x_wconf 91' lang='lat' dir='ltr'><strong>et</strong></span> <span class='ocrx_word' id='word_1_574' title='bbox 1417 5191 1621 5246; x_wconf 90' lang='lat' dir='ltr'><strong>habitat</strong></span> <span class='ocrx_word' id='word_1_575' title='bbox 1658 5203 1710 5248; x_wconf 91' lang='lat' dir='ltr'><strong>et</strong></span> <span class='ocrx_word' id='word_1_576' title='bbox 1745 5194 2064 5252; x_wconf 89' lang='lat' dir='ltr'><strong>inambulat.</strong></span> 
     </span>
    </p>
   </div>
   <div class='ocr_carea' id='block_1_71' title="bbox 488 5271 2066 5359">
    <p class='ocr_par' dir='ltr' id='par_1_71' title="bbox 488 5271 2066 5359">
     <span class='ocr_line' id='line_1_71' title="bbox 488 5271 2066 5359; baseline 0.012 -34"><span class='ocrx_word' id='word_1_577' title='bbox 488 5271 556 5359; x_wconf 77' lang='lat' dir='ltr'><strong>Et</strong></span> <span class='ocrx_word' id='word_1_578' title='bbox 581 5285 730 5330; x_wconf 90' lang='lat' dir='ltr'><strong>certe</strong></span> <span class='ocrx_word' id='word_1_579' title='bbox 755 5277 844 5332; x_wconf 89' lang='lat' dir='ltr'><strong>illa</strong></span> <span class='ocrx_word' id='word_1_580' title='bbox 891 5281 1283 5349; x_wconf 86' lang='lat' dir='ltr'><strong>consequentia</strong></span> <span class='ocrx_word' id='word_1_581' title='bbox 1320 5297 1430 5336; x_wconf 90' lang='lat' dir='ltr'><strong>non</strong></span> <span class='ocrx_word' id='word_1_582' title='bbox 1458 5287 1702 5341; x_wconf 84' lang='lat' dir='ltr'><strong>consedit</strong></span> <span class='ocrx_word' id='word_1_583' title='bbox 1732 5288 1846 5359; x_wconf 72' lang='lat'><strong>(1‘2)</strong></span> <span class='ocrx_word' id='word_1_584' title='bbox 1878 5289 2066 5344; x_wconf 89' lang='lat' dir='ltr'><strong>ambu-</strong></span> 
     </span>
    </p>
   </div>
   <div class='ocr_carea' id='block_1_72' title="bbox 485 5358 2064 5444">
    <p class='ocr_par' dir='ltr' id='par_1_72' title="bbox 485 5358 2064 5444">
     <span class='ocr_line' id='line_1_72' title="bbox 485 5358 2064 5444; baseline 0.01 -26"><span class='ocrx_word' id='word_1_585' title='bbox 485 5358 761 5424; x_wconf 79' lang='lat' dir='ltr'><strong>lationem.</strong></span> <span class='ocrx_word' id='word_1_586' title='bbox 792 5366 851 5421; x_wconf 88' lang='lat' dir='ltr'><strong>Si</strong></span> <span class='ocrx_word' id='word_1_587' title='bbox 881 5369 1025 5424; x_wconf 91' lang='lat' dir='ltr'><strong>enim</strong></span> <span class='ocrx_word' id='word_1_588' title='bbox 1066 5378 1236 5424; x_wconf 88' lang='lat' dir='ltr'><strong>totum</strong></span> <span class='ocrx_word' id='word_1_589' title='bbox 1267 5371 1470 5425; x_wconf 88' lang='lat' dir='ltr'><strong>coelum</strong></span> <span class='ocrx_word' id='word_1_590' title='bbox 1503 5377 1658 5430; x_wconf 90' lang='lat' dir='ltr'><strong>sedes</strong></span> <span class='ocrx_word' id='word_1_591' title='bbox 1689 5358 1834 5444; x_wconf 78' lang='lat' dir='ltr'><strong>ejus,</strong></span> <span class='ocrx_word' id='word_1_592' title='bbox 1860 5386 1916 5433; x_wconf 90' lang='lat' dir='ltr'><strong>et</strong></span> <span class='ocrx_word' id='word_1_593' title='bbox 1955 5389 2064 5433; x_wconf 89' lang='lat' dir='ltr'><strong>tota</strong></span> 
     </span>
    </p>
   </div>
   <div class='ocr_carea' id='block_1_73' title="bbox 575 5544 1012 5614">
    <p class='ocr_par' dir='ltr' id='par_1_73' title="bbox 575 5544 1012 5614">
     <span class='ocr_line' id='line_1_73' title="bbox 575 5544 1012 5614; baseline 0.014 -16"><span class='ocrx_word' id='word_1_594' title='bbox 575 5544 618 5576; x_wconf 82' lang='grc'><strong>³¹</strong></span> <span class='ocrx_word' id='word_1_595' title='bbox 652 5544 753 5604; x_wconf 90' lang='lat' dir='ltr'><strong>Isa.</strong></span> <span class='ocrx_word' id='word_1_596' title='bbox 782 5564 923 5614; x_wconf 78' lang='lat' dir='ltr'><strong>Lm,</strong></span> <span class='ocrx_word' id='word_1_597' title='bbox 960 5551 1012 5604; x_wconf 78' lang='lat' dir='ltr'><strong>l.</strong></span> 
     </span>
    </p>
   </div>
   <div class='ocr_carea' id='block_1_74' title="bbox 487 5613 1042 5685">
    <p class='ocr_par' dir='ltr' id='par_1_74' title="bbox 487 5613 1042 5685">
     <span class='ocr_line' id='line_1_74' title="bbox 487 5613 1042 5685; baseline 0.016 -18"><span class='ocrx_word' id='word_1_598' title='bbox 487 5613 575 5668; x_wconf 72' lang='grc'><strong>24.</strong></span> <span class='ocrx_word' id='word_1_599' title='bbox 654 5616 696 5647; x_wconf 76' lang='grc'><strong><em>³⁵</em></strong></span> <span class='ocrx_word' id='word_1_600' title='bbox 729 5617 852 5673; x_wconf 90' lang='lat' dir='ltr'><strong>Ose.</strong></span> <span class='ocrx_word' id='word_1_601' title='bbox 887 5613 962 5685; x_wconf 77' lang='lat' dir='ltr'><strong>xi,</strong></span> <span class='ocrx_word' id='word_1_602' title='bbox 990 5621 1042 5676; x_wconf 90' lang='lat'><strong>9.</strong></span> 
     </span>
    </p>
   </div>
   <div class='ocr_carea' id='block_1_75' title="bbox 560 5705 1433 5775">
    <p class='ocr_par' dir='ltr' id='par_1_75' title="bbox 560 5705 1433 5775">
     <span class='ocr_line' id='line_1_75' title="bbox 560 5705 1433 5775; baseline 0.022 -20"><span class='ocrx_word' id='word_1_603' title='bbox 560 5705 670 5775; x_wconf 72' lang='grc'><strong>(12)</strong></span> <span class='ocrx_word' id='word_1_604' title='bbox 701 5705 969 5762; x_wconf 74' lang='lat' dir='ltr'><strong>Consedit.</strong></span> <span class='ocrx_word' id='word_1_605' title='bbox 992 5709 1149 5765; x_wconf 84' lang='lat' dir='ltr'><strong>Forte</strong></span> <span class='ocrx_word' id='word_1_606' title='bbox 1176 5716 1433 5775; x_wconf 80' lang='lat' dir='ltr'><strong>concedit.</strong></span> 
     </span>
    </p>
   </div>
   <div class='ocr_carea' id='block_1_76' title="bbox 559 5774 1189 5840">
    <p class='ocr_par' dir='ltr' id='par_1_76' title="bbox 559 5774 1189 5840">
     <span class='ocr_line' id='line_1_76' title="bbox 559 5774 1189 5840; baseline 0.014 -14"><span class='ocrx_word' id='word_1_607' title='bbox 559 5774 671 5840; x_wconf 79' lang='grc' dir='ltr'><strong>(ιὸ)</strong></span> <span class='ocrx_word' id='word_1_608' title='bbox 703 5775 838 5832; x_wconf 77' lang='lat' dir='ltr'><strong>Nos.</strong></span> <span class='ocrx_word' id='word_1_609' title='bbox 877 5778 1043 5835; x_wconf 85' lang='lat' dir='ltr'><strong>Forte</strong></span> <span class='ocrx_word' id='word_1_610' title='bbox 1067 5797 1189 5835; x_wconf 82' lang='lat' dir='ltr'><strong>non.</strong></span> 
     </span>
    </p>
   </div>
   <div class='ocr_carea' id='block_1_77' title="bbox 2193 1899 3784 1974">
    <p class='ocr_par' dir='ltr' id='par_1_77' title="bbox 2193 1899 3784 1974">
     <span class='ocr_line' id='line_1_77' title="bbox 2193 1899 3784 1974; baseline -0.006 -16"><span class='ocrx_word' id='word_1_611' title='bbox 2193 1919 2261 1974; x_wconf 87' lang='lat' dir='ltr'><strong>go</strong></span> <span class='ocrx_word' id='word_1_612' title='bbox 2300 1901 2460 1958; x_wconf 81' lang='lat' dir='ltr'><strong>Jesus</strong></span> <span class='ocrx_word' id='word_1_613' title='bbox 2483 1917 2580 1973; x_wconf 91' lang='lat' dir='ltr'><strong>per</strong></span> <span class='ocrx_word' id='word_1_614' title='bbox 2611 1917 2828 1971; x_wconf 89' lang='lat' dir='ltr'><strong>corpus.</strong></span> <span class='ocrx_word' id='word_1_615' title='bbox 2866 1901 2982 1958; x_wconf 82' lang='lat' dir='ltr'><strong>Non</strong></span> <span class='ocrx_word' id='word_1_616' title='bbox 3007 1916 3137 1972; x_wconf 91' lang='lat' dir='ltr'><strong>ergo</strong></span> <span class='ocrx_word' id='word_1_617' title='bbox 3173 1899 3347 1956; x_wconf 90' lang='lat' dir='ltr'><strong>deitas</strong></span> <span class='ocrx_word' id='word_1_618' title='bbox 3376 1900 3602 1954; x_wconf 89' lang='lat' dir='ltr'><strong>deducta</strong></span> <span class='ocrx_word' id='word_1_619' title='bbox 3633 1907 3718 1952; x_wconf 89' lang='lat' dir='ltr'><strong>est</strong></span> <span class='ocrx_word' id='word_1_620' title='bbox 3753 1911 3784 1949; x_wconf 87' lang='lat' dir='ltr'><strong>a</strong></span> 
     </span>
    </p>
   </div>
   <div class='ocr_carea' id='block_1_78' title="bbox 2194 1989 3784 2064">
    <p class='ocr_par' dir='ltr' id='par_1_78' title="bbox 2194 1989 3784 2064">
     <span class='ocr_line' id='line_1_78' title="bbox 2194 1989 3784 2064; baseline -0.004 -15"><span class='ocrx_word' id='word_1_621' title='bbox 2194 2009 2446 2064; x_wconf 87' lang='lat' dir='ltr'><strong>corpore,</strong></span> <span class='ocrx_word' id='word_1_622' title='bbox 2499 1995 2595 2050; x_wconf 87' lang='lat' dir='ltr'><strong>sed</strong></span> <span class='ocrx_word' id='word_1_623' title='bbox 2626 2009 2827 2064; x_wconf 92' lang='lat' dir='ltr'><strong>corpus</strong></span> <span class='ocrx_word' id='word_1_624' title='bbox 2862 1993 3130 2049; x_wconf 83' lang='lat' dir='ltr'><strong>elevatum</strong></span> <span class='ocrx_word' id='word_1_625' title='bbox 3169 2001 3253 2046; x_wconf 92' lang='lat' dir='ltr'><strong>est</strong></span> <span class='ocrx_word' id='word_1_626' title='bbox 3282 2007 3312 2045; x_wconf 92' lang='lat' dir='ltr'><strong>a</strong></span> <span class='ocrx_word' id='word_1_627' title='bbox 3345 1991 3588 2046; x_wconf 88' lang='lat' dir='ltr'><strong>deitate:</strong></span> <span class='ocrx_word' id='word_1_628' title='bbox 3633 1989 3784 2059; x_wconf 92' lang='lat' dir='ltr'><strong>spuit</strong></span> 
     </span>
    </p>
   </div>
   <div class='ocr_carea' id='block_1_79' title="bbox 2194 2082 3783 2158">
    <p class='ocr_par' dir='ltr' id='par_1_79' title="bbox 2194 2082 3783 2158">
     <span class='ocr_line' id='line_1_79' title="bbox 2194 2082 3783 2158; baseline -0.003 -18"><span class='ocrx_word' id='word_1_629' title='bbox 2194 2101 2412 2158; x_wconf 90' lang='lat' dir='ltr'><strong>corpus,</strong></span> <span class='ocrx_word' id='word_1_630' title='bbox 2438 2087 2558 2158; x_wconf 85' lang='lat' dir='ltr'><strong>ejus</strong></span> <span class='ocrx_word' id='word_1_631' title='bbox 2587 2087 2734 2142; x_wconf 90' lang='lat' dir='ltr'><strong>enim</strong></span> <span class='ocrx_word' id='word_1_632' title='bbox 2759 2094 2952 2140; x_wconf 89' lang='lat' dir='ltr'><strong>natura</strong></span> <span class='ocrx_word' id='word_1_633' title='bbox 2992 2093 3098 2139; x_wconf 90' lang='lat' dir='ltr'><strong>est.</strong></span> <span class='ocrx_word' id='word_1_634' title='bbox 3130 2083 3232 2151; x_wconf 93' lang='lat' dir='ltr'><strong>Qui</strong></span> <span class='ocrx_word' id='word_1_635' title='bbox 3257 2094 3437 2138; x_wconf 89' lang='lat' dir='ltr'><strong>autem</strong></span> <span class='ocrx_word' id='word_1_636' title='bbox 3465 2082 3518 2136; x_wconf 95' lang='lat' dir='ltr'><strong>in</strong></span> <span class='ocrx_word' id='word_1_637' title='bbox 3551 2097 3783 2150; x_wconf 83' lang='lat' dir='ltr'><strong>corpore</strong></span> 
     </span>
    </p>
   </div>
   <div class='ocr_carea' id='block_1_80' title="bbox 2193 2172 3780 2247">
    <p class='ocr_par' dir='ltr' id='par_1_80' title="bbox 2193 2172 3780 2247">
     <span class='ocr_line' id='line_1_80' title="bbox 2193 2172 3780 2247; baseline -0.004 -17"><span class='ocrx_word' id='word_1_638' title='bbox 2193 2181 2382 2232; x_wconf 85' lang='lat' dir='ltr'><strong>adesse</strong></span> <span class='ocrx_word' id='word_1_639' title='bbox 2412 2177 2664 2247; x_wconf 88' lang='lat' dir='ltr'><strong>dignatus</strong></span> <span class='ocrx_word' id='word_1_640' title='bbox 2708 2186 2812 2242; x_wconf 84' lang='lat' dir='ltr'><strong>est,</strong></span> <span class='ocrx_word' id='word_1_641' title='bbox 2840 2175 2999 2231; x_wconf 91' lang='lat' dir='ltr'><strong>simul</strong></span> <span class='ocrx_word' id='word_1_642' title='bbox 3049 2190 3174 2230; x_wconf 90' lang='lat' dir='ltr'><strong>cum</strong></span> <span class='ocrx_word' id='word_1_643' title='bbox 3197 2183 3354 2242; x_wconf 91' lang='lat' dir='ltr'><strong>sputo</strong></span> <span class='ocrx_word' id='word_1_644' title='bbox 3392 2173 3574 2228; x_wconf 91' lang='lat' dir='ltr'><strong>emisit</strong></span> <span class='ocrx_word' id='word_1_645' title='bbox 3602 2172 3780 2226; x_wconf 86' lang='lat' dir='ltr'><strong>virtu-</strong></span> 
     </span>
    </p>
   </div>
   <div class='ocr_carea' id='block_1_81' title="bbox 2195 2266 3781 2337">
    <p class='ocr_par' dir='ltr' id='par_1_81' title="bbox 2195 2266 3781 2337">
     <span class='ocr_line' id='line_1_81' title="bbox 2195 2266 3781 2337; baseline -0.001 -16"><span class='ocrx_word' id='word_1_646' title='bbox 2195 2277 2300 2323; x_wconf 91' lang='lat' dir='ltr'><strong>tem</strong></span> <span class='ocrx_word' id='word_1_647' title='bbox 2327 2283 2431 2322; x_wconf 85' lang='lat' dir='ltr'><strong>non</strong></span> <span class='ocrx_word' id='word_1_648' title='bbox 2463 2268 2707 2323; x_wconf 87' lang='lat' dir='ltr'><strong>incidens</strong></span> <span class='ocrx_word' id='word_1_649' title='bbox 2738 2283 2766 2320; x_wconf 93' lang='lat' dir='ltr'><strong>a</strong></span> <span class='ocrx_word' id='word_1_650' title='bbox 2796 2282 2878 2334; x_wconf 90' lang='lat' dir='ltr'><strong>se,</strong></span> <span class='ocrx_word' id='word_1_651' title='bbox 2912 2276 2964 2322; x_wconf 87' lang='lat' dir='ltr'><strong>et</strong></span> <span class='ocrx_word' id='word_1_652' title='bbox 2991 2266 3162 2321; x_wconf 91' lang='lat' dir='ltr'><strong>lutum</strong></span> <span class='ocrx_word' id='word_1_653' title='bbox 3186 2266 3345 2321; x_wconf 89' lang='lat' dir='ltr'><strong>ﬁebat</strong></span> <span class='ocrx_word' id='word_1_654' title='bbox 3372 2281 3439 2321; x_wconf 79' lang='lat' dir='ltr'><strong>ex</strong></span> <span class='ocrx_word' id='word_1_655' title='bbox 3471 2276 3632 2337; x_wconf 90' lang='lat' dir='ltr'><strong>sputo</strong></span> <span class='ocrx_word' id='word_1_656' title='bbox 3665 2282 3681 2323; x_wconf 86' lang='lat'><strong>:</strong></span> <span class='ocrx_word' id='word_1_657' title='bbox 3713 2280 3781 2320; x_wconf 79' lang='lat' dir='ltr'><strong>ex</strong></span> 
     </span>
    </p>
   </div>
   <div class='ocr_carea' id='block_1_82' title="bbox 2193 2358 3780 2428">
    <p class='ocr_par' dir='ltr' id='par_1_82' title="bbox 2193 2358 3780 2428">
     <span class='ocr_line' id='line_1_82' title="bbox 2193 2358 3780 2428; baseline -0.003 -14"><span class='ocrx_word' id='word_1_658' title='bbox 2193 2369 2353 2427; x_wconf 89' lang='lat' dir='ltr'><strong>sputo</strong></span> <span class='ocrx_word' id='word_1_659' title='bbox 2387 2370 2568 2413; x_wconf 89' lang='lat' dir='ltr'><strong>autem</strong></span> <span class='ocrx_word' id='word_1_660' title='bbox 2615 2369 2669 2412; x_wconf 90' lang='lat' dir='ltr'><strong>et</strong></span> <span class='ocrx_word' id='word_1_661' title='bbox 2719 2358 2832 2413; x_wconf 93' lang='lat' dir='ltr'><strong>luto</strong></span> <span class='ocrx_word' id='word_1_662' title='bbox 2883 2358 3072 2413; x_wconf 92' lang='lat' dir='ltr'><strong>oculos</strong></span> <span class='ocrx_word' id='word_1_663' title='bbox 3129 2358 3222 2428; x_wconf 92' lang='lat' dir='ltr'><strong>qui</strong></span> <span class='ocrx_word' id='word_1_664' title='bbox 3286 2368 3495 2412; x_wconf 74' lang='lat' dir='ltr'><strong>natura:</strong></span> <span class='ocrx_word' id='word_1_665' title='bbox 3544 2358 3780 2412; x_wconf 87' lang='lat' dir='ltr'><strong>deerant</strong></span> 
     </span>
    </p>
   </div>
   <div class='ocr_carea' id='block_1_83' title="bbox 2194 2449 3784 2520">
    <p class='ocr_par' dir='ltr' id='par_1_83' title="bbox 2194 2449 3784 2520">
     <span class='ocr_line' id='line_1_83' title="bbox 2194 2449 3784 2520; baseline -0.001 -16"><span class='ocrx_word' id='word_1_666' title='bbox 2194 2451 2448 2520; x_wconf 83' lang='lat' dir='ltr'><strong>ﬁguravit</strong></span> <span class='ocrx_word' id='word_1_667' title='bbox 2475 2466 2489 2502; x_wconf 91' lang='lat'><strong>:</strong></span> <span class='ocrx_word' id='word_1_668' title='bbox 2521 2459 2579 2504; x_wconf 93' lang='lat' dir='ltr'><strong>ut</strong></span> <span class='ocrx_word' id='word_1_669' title='bbox 2607 2451 2674 2504; x_wconf 90' lang='lat' dir='ltr'><strong>ab</strong></span> <span class='ocrx_word' id='word_1_670' title='bbox 2697 2451 2851 2504; x_wconf 89' lang='lat' dir='ltr'><strong>initio</strong></span> <span class='ocrx_word' id='word_1_671' title='bbox 2882 2449 3114 2505; x_wconf 90' lang='lat' dir='ltr'><strong>intueris</strong></span> <span class='ocrx_word' id='word_1_672' title='bbox 3149 2458 3316 2504; x_wconf 91' lang='lat' dir='ltr'><strong>totum</strong></span> <span class='ocrx_word' id='word_1_673' title='bbox 3377 2449 3597 2520; x_wconf 87' lang='lat' dir='ltr'><strong>quidem</strong></span> <span class='ocrx_word' id='word_1_674' title='bbox 3654 2463 3784 2504; x_wconf 90' lang='lat' dir='ltr'><strong>cor-</strong></span> 
     </span>
    </p>
   </div>
   <div class='ocr_carea' id='block_1_84' title="bbox 2194 2541 3778 2614">
    <p class='ocr_par' dir='ltr' id='par_1_84' title="bbox 2194 2541 3778 2614">
     <span class='ocr_line' id='line_1_84' title="bbox 2194 2541 3778 2614; baseline -0.003 -18"><span class='ocrx_word' id='word_1_675' title='bbox 2194 2559 2294 2614; x_wconf 89' lang='lat' dir='ltr'><strong>pus</strong></span> <span class='ocrx_word' id='word_1_676' title='bbox 2319 2543 2652 2604; x_wconf 88' lang='lat' dir='ltr'><strong>alleviatum.</strong></span> <span class='ocrx_word' id='word_1_677' title='bbox 2679 2551 2734 2596; x_wconf 94' lang='lat' dir='ltr'><strong>et</strong></span> <span class='ocrx_word' id='word_1_678' title='bbox 2779 2543 3101 2599; x_wconf 88' lang='lat' dir='ltr'><strong>vestimenta</strong></span> <span class='ocrx_word' id='word_1_679' title='bbox 3153 2543 3398 2612; x_wconf 90' lang='lat' dir='ltr'><strong>corporis</strong></span> <span class='ocrx_word' id='word_1_680' title='bbox 3439 2541 3724 2596; x_wconf 84' lang='lat' dir='ltr'><strong>cﬁicientia</strong></span> <span class='ocrx_word' id='word_1_681' title='bbox 3762 2556 3778 2592; x_wconf 88' lang='lat'><strong>:</strong></span> 
     </span>
    </p>
   </div>
   <div class='ocr_carea' id='block_1_85' title="bbox 2193 2634 3782 2704">
    <p class='ocr_par' dir='ltr' id='par_1_85' title="bbox 2193 2634 3782 2704">
     <span class='ocr_line' id='line_1_85' title="bbox 2193 2634 3782 2704; baseline -0.001 -16"><span class='ocrx_word' id='word_1_682' title='bbox 2193 2644 2250 2689; x_wconf 86' lang='lat' dir='ltr'><strong>et</strong></span> <span class='ocrx_word' id='word_1_683' title='bbox 2294 2635 2362 2688; x_wconf 90' lang='lat' dir='ltr'><strong>ad</strong></span> <span class='ocrx_word' id='word_1_684' title='bbox 2416 2635 2770 2700; x_wconf 79' lang='lat' dir='ltr'><strong>vestimenta,</strong></span> <span class='ocrx_word' id='word_1_685' title='bbox 2809 2643 2867 2688; x_wconf 90' lang='lat' dir='ltr'><strong>ut</strong></span> <span class='ocrx_word' id='word_1_686' title='bbox 2912 2635 3096 2690; x_wconf 87' lang='lat' dir='ltr'><strong>videas</strong></span> <span class='ocrx_word' id='word_1_687' title='bbox 3114 2635 3239 2704; x_wconf 90' lang='lat' dir='ltr'><strong>quia</strong></span> <span class='ocrx_word' id='word_1_688' title='bbox 3264 2635 3452 2689; x_wconf 89' lang='lat' dir='ltr'><strong>divina</strong></span> <span class='ocrx_word' id='word_1_689' title='bbox 3483 2634 3656 2688; x_wconf 91' lang='lat' dir='ltr'><strong>virtus</strong></span> <span class='ocrx_word' id='word_1_690' title='bbox 3679 2649 3782 2702; x_wconf 84' lang='lat' dir='ltr'><strong>per</strong></span> 
     </span>
    </p>
   </div>
   <div class='ocr_carea' id='block_1_86' title="bbox 2193 2713 3782 2797">
    <p class='ocr_par' dir='ltr' id='par_1_86' title="bbox 2193 2713 3782 2797">
     <span class='ocr_line' id='line_1_86' title="bbox 2193 2713 3782 2797; baseline -0.003 -15"><span class='ocrx_word' id='word_1_691' title='bbox 2193 2742 2388 2782; x_wconf 86' lang='lat' dir='ltr'><strong>omnes</strong></span> <span class='ocrx_word' id='word_1_692' title='bbox 2441 2737 2695 2797; x_wconf 87' lang='lat' dir='ltr'><strong>penetrat</strong></span> <span class='ocrx_word' id='word_1_693' title='bbox 2727 2728 2820 2796; x_wconf 93' lang='lat' dir='ltr'><strong>qui</strong></span> <span class='ocrx_word' id='word_1_694' title='bbox 2882 2713 3197 2797; x_wconf 86' lang='lat' dir='ltr'><strong>tetigerunt.</strong></span> <span class='ocrx_word' id='word_1_695' title='bbox 3255 2726 3412 2780; x_wconf 90' lang='lat' dir='ltr'><strong>Sicut</strong></span> <span class='ocrx_word' id='word_1_696' title='bbox 3457 2726 3602 2779; x_wconf 89' lang='lat' dir='ltr'><strong>enim</strong></span> <span class='ocrx_word' id='word_1_697' title='bbox 3637 2725 3782 2794; x_wconf 86' lang='lat' dir='ltr'><strong>ignis</strong></span> 
     </span>
    </p>
   </div>
   <div class='ocr_carea' id='block_1_87' title="bbox 2193 2816 3781 2888">
    <p class='ocr_par' dir='ltr' id='par_1_87' title="bbox 2193 2816 3781 2888">
     <span class='ocr_line' id='line_1_87' title="bbox 2193 2816 3781 2888; baseline -0.004 -14"><span class='ocrx_word' id='word_1_698' title='bbox 2193 2818 2446 2874; x_wconf 80' lang='lat' dir='ltr'><strong>calefacit</strong></span> <span class='ocrx_word' id='word_1_699' title='bbox 2479 2818 2728 2888; x_wconf 77' lang='lat' dir='ltr'><strong>proxima</strong></span> <span class='ocrx_word' id='word_1_700' title='bbox 2770 2818 2912 2881; x_wconf 90' lang='lat' dir='ltr'><strong>sibi,</strong></span> <span class='ocrx_word' id='word_1_701' title='bbox 2961 2828 3017 2873; x_wconf 93' lang='lat' dir='ltr'><strong>et</strong></span> <span class='ocrx_word' id='word_1_702' title='bbox 3057 2833 3152 2886; x_wconf 88' lang='lat' dir='ltr'><strong>per</strong></span> <span class='ocrx_word' id='word_1_703' title='bbox 3201 2816 3460 2872; x_wconf 81' lang='lat' dir='ltr'><strong>calefacta</strong></span> <span class='ocrx_word' id='word_1_704' title='bbox 3514 2817 3597 2870; x_wconf 92' lang='lat' dir='ltr'><strong>his</strong></span> <span class='ocrx_word' id='word_1_705' title='bbox 3657 2831 3781 2885; x_wconf 66' lang='lat' dir='ltr'><strong>quae</strong></span> 
     </span>
    </p>
   </div>
   <div class='ocr_carea' id='block_1_88' title="bbox 2193 2901 3779 2981">
    <p class='ocr_par' dir='ltr' id='par_1_88' title="bbox 2193 2901 3779 2981">
     <span class='ocr_line' id='line_1_88' title="bbox 2193 2901 3779 2981; baseline -0.004 -15"><span class='ocrx_word' id='word_1_706' title='bbox 2193 2911 2562 2981; x_wconf 64' lang='lat' dir='ltr'><strong>adiunguntur</strong></span> <span class='ocrx_word' id='word_1_707' title='bbox 2640 2909 2914 2965; x_wconf 79' lang='lat' dir='ltr'><strong>calefactis</strong></span> <span class='ocrx_word' id='word_1_708' title='bbox 2994 2909 3228 2964; x_wconf 87' lang='lat' dir='ltr'><strong>calorem</strong></span> <span class='ocrx_word' id='word_1_709' title='bbox 3309 2907 3548 2977; x_wconf 90' lang='lat' dir='ltr'><strong>impertit</strong></span> <span class='ocrx_word' id='word_1_710' title='bbox 3613 2901 3632 2959; x_wconf 72' lang='grc' dir='ltr'>ξ</span> <span class='ocrx_word' id='word_1_711' title='bbox 3702 2905 3779 2960; x_wconf 80' lang='lat' dir='ltr'><strong>ita</strong></span> 
     </span>
    </p>
   </div>
   <div class='ocr_carea' id='block_1_89' title="bbox 2192 2999 3781 3072">
    <p class='ocr_par' dir='ltr' id='par_1_89' title="bbox 2192 2999 3781 3072">
     <span class='ocr_line' id='line_1_89' title="bbox 2192 2999 3781 3072; baseline -0.004 -15"><span class='ocrx_word' id='word_1_712' title='bbox 2192 3001 2553 3057; x_wconf 90' lang='lat' dir='ltr'><strong>sanctiﬁcavit</strong></span> <span class='ocrx_word' id='word_1_713' title='bbox 2588 3001 2850 3058; x_wconf 91' lang='lat' dir='ltr'><strong>Dominus</strong></span> <span class='ocrx_word' id='word_1_714' title='bbox 2880 3015 3077 3072; x_wconf 91' lang='lat' dir='ltr'><strong>corpus</strong></span> <span class='ocrx_word' id='word_1_715' title='bbox 3114 3001 3256 3071; x_wconf 90' lang='lat' dir='ltr'><strong>quod</strong></span> <span class='ocrx_word' id='word_1_716' title='bbox 3315 2999 3547 3070; x_wconf 84' lang='lat' dir='ltr'><strong>accepit,</strong></span> <span class='ocrx_word' id='word_1_717' title='bbox 3571 3006 3624 3053; x_wconf 91' lang='lat' dir='ltr'><strong>et</strong></span> <span class='ocrx_word' id='word_1_718' title='bbox 3677 3013 3781 3067; x_wconf 88' lang='lat' dir='ltr'><strong>per</strong></span> 
     </span>
    </p>
   </div>
   <div class='ocr_carea' id='block_1_90' title="bbox 2193 3091 3780 3164">
    <p class='ocr_par' dir='ltr' id='par_1_90' title="bbox 2193 3091 3780 3164">
     <span class='ocr_line' id='line_1_90' title="bbox 2193 3091 3780 3164; baseline -0.001 -16"><span class='ocrx_word' id='word_1_719' title='bbox 2193 3108 2394 3162; x_wconf 92' lang='lat' dir='ltr'><strong>corpus</strong></span> <span class='ocrx_word' id='word_1_720' title='bbox 2421 3101 2665 3162; x_wconf 91' lang='lat' dir='ltr'><strong>sputum,</strong></span> <span class='ocrx_word' id='word_1_721' title='bbox 2696 3104 2752 3148; x_wconf 91' lang='lat' dir='ltr'><strong>et</strong></span> <span class='ocrx_word' id='word_1_722' title='bbox 2785 3109 2881 3164; x_wconf 89' lang='lat' dir='ltr'><strong>per</strong></span> <span class='ocrx_word' id='word_1_723' title='bbox 2903 3109 3106 3163; x_wconf 89' lang='lat' dir='ltr'><strong>corpus</strong></span> <span class='ocrx_word' id='word_1_724' title='bbox 3133 3093 3476 3149; x_wconf 86' lang='lat' dir='ltr'><strong>vestimenta.</strong></span> <span class='ocrx_word' id='word_1_725' title='bbox 3504 3091 3592 3145; x_wconf 88' lang='lat' dir='ltr'><strong>llla</strong></span> <span class='ocrx_word' id='word_1_726' title='bbox 3623 3092 3780 3146; x_wconf 90' lang='lat' dir='ltr'><strong>enim</strong></span> 
     </span>
    </p>
   </div>
   <div class='ocr_carea' id='block_1_91' title="bbox 2118 3161 3781 3254">
    <p class='ocr_par' dir='ltr' id='par_1_91' title="bbox 2118 3161 3781 3254">
     <span class='ocr_line' id='line_1_91' title="bbox 2118 3161 3781 3254; baseline -0.002 -16"><span class='ocrx_word' id='word_1_727' title='bbox 2118 3161 2161 3219; x_wconf 75' lang='lat' dir='ltr'><strong>C</strong></span> <span class='ocrx_word' id='word_1_728' title='bbox 2201 3161 2397 3239; x_wconf 87' lang='lat' dir='ltr'><strong>mulier</strong></span> <span class='ocrx_word' id='word_1_729' title='bbox 2418 3161 2540 3254; x_wconf 68' lang='lat' dir='ltr'><strong>quae</strong></span> <span class='ocrx_word' id='word_1_730' title='bbox 2567 3161 2936 3239; x_wconf 76' lang='lat' dir='ltr'><strong>summitatem</strong></span> <span class='ocrx_word' id='word_1_731' title='bbox 2987 3161 3213 3238; x_wconf 63' lang='lat' dir='ltr'><strong>ﬁmbriae</strong></span> <span class='ocrx_word' id='word_1_732' title='bbox 3259 3184 3430 3254; x_wconf 88' lang='lat' dir='ltr'><strong>tetigit</strong></span> <span class='ocrx_word' id='word_1_733' title='bbox 3488 3183 3781 3236; x_wconf 74' lang='lat' dir='ltr'><strong>veStimen-</strong></span> 
     </span>
    </p>
   </div>
   <div class='ocr_carea' id='block_1_92' title="bbox 2199 3274 3749 3344">
    <p class='ocr_par' dir='ltr' id='par_1_92' title="bbox 2199 3274 3749 3344">
     <span class='ocr_line' id='line_1_92' title="bbox 2199 3274 3749 3344; baseline -0.002 -14"><span class='ocrx_word' id='word_1_734' title='bbox 2199 3285 2397 3341; x_wconf 82' lang='lat' dir='ltr'><strong>torum,</strong></span> <span class='ocrx_word' id='word_1_735' title='bbox 2433 3276 2632 3332; x_wconf 80' lang='lat' dir='ltr'><strong>fontem</strong></span> <span class='ocrx_word' id='word_1_736' title='bbox 2659 3276 3016 3331; x_wconf 87' lang='lat' dir='ltr'><strong>insanabilem</strong></span> <span class='ocrx_word' id='word_1_737' title='bbox 3045 3276 3322 3344; x_wconf 81' lang='lat' dir='ltr'><strong>sanguinis</strong></span> <span class='ocrx_word' id='word_1_738' title='bbox 3386 3275 3608 3336; x_wconf 90' lang='lat' dir='ltr'><strong>habens,</strong></span> <span class='ocrx_word' id='word_1_739' title='bbox 3639 3274 3749 3328; x_wconf 89' lang='lat' dir='ltr'><strong>hau</strong></span> 
     </span>
    </p>
   </div>
   <div class='ocr_carea' id='block_1_93' title="bbox 2198 3364 3779 3437">
    <p class='ocr_par' dir='ltr' id='par_1_93' title="bbox 2198 3364 3779 3437">
     <span class='ocr_line' id='line_1_93' title="bbox 2198 3364 3779 3437; baseline -0.001 -15"><span class='ocrx_word' id='word_1_740' title='bbox 2198 3367 2288 3422; x_wconf 81' lang='lat' dir='ltr'><strong>riit</strong></span> <span class='ocrx_word' id='word_1_741' title='bbox 2314 3382 2409 3437; x_wconf 91' lang='lat' dir='ltr'><strong>per</strong></span> <span class='ocrx_word' id='word_1_742' title='bbox 2456 3368 2723 3422; x_wconf 90' lang='lat' dir='ltr'><strong>ﬁmbriam</strong></span> <span class='ocrx_word' id='word_1_743' title='bbox 2758 3370 3010 3424; x_wconf 88' lang='lat' dir='ltr'><strong>sanitatis</strong></span> <span class='ocrx_word' id='word_1_744' title='bbox 3050 3367 3316 3423; x_wconf 85' lang='lat' dir='ltr'><strong>medelam</strong></span> <span class='ocrx_word' id='word_1_745' title='bbox 3344 3366 3389 3398; x_wconf 61' lang='grc' dir='ltr'><strong>δ’</strong></span> <span class='ocrx_word' id='word_1_746' title='bbox 3432 3383 3448 3422; x_wconf 89' lang='lat'>:</span> <span class='ocrx_word' id='word_1_747' title='bbox 3486 3381 3516 3419; x_wconf 89' lang='lat' dir='ltr'><strong>a</strong></span> <span class='ocrx_word' id='word_1_748' title='bbox 3570 3364 3779 3420; x_wconf 88' lang='lat' dir='ltr'><strong>deitate</strong></span> 
     </span>
    </p>
   </div>
   <div class='ocr_carea' id='block_1_94' title="bbox 2195 3457 3780 3531">
    <p class='ocr_par' dir='ltr' id='par_1_94' title="bbox 2195 3457 3780 3531">
     <span class='ocr_line' id='line_1_94' title="bbox 2195 3457 3780 3531; baseline -0.001 -17"><span class='ocrx_word' id='word_1_749' title='bbox 2195 3459 2403 3515; x_wconf 71' lang='lat' dir='ltr'><strong>sciticet</strong></span> <span class='ocrx_word' id='word_1_750' title='bbox 2433 3476 2555 3531; x_wconf 72' lang='lat' dir='ltr'><strong>quae</strong></span> <span class='ocrx_word' id='word_1_751' title='bbox 2591 3460 2777 3515; x_wconf 86' lang='lat' dir='ltr'><strong>aderat</strong></span> <span class='ocrx_word' id='word_1_752' title='bbox 2811 3461 2864 3515; x_wconf 91' lang='lat' dir='ltr'><strong>in</strong></span> <span class='ocrx_word' id='word_1_753' title='bbox 2887 3474 3114 3530; x_wconf 88' lang='lat' dir='ltr'><strong>corpore</strong></span> <span class='ocrx_word' id='word_1_754' title='bbox 3146 3459 3276 3513; x_wconf 88' lang='lat' dir='ltr'><strong>:sed</strong></span> <span class='ocrx_word' id='word_1_755' title='bbox 3309 3457 3633 3512; x_wconf 88' lang='lat' dir='ltr'><strong>vestimenta</strong></span> <span class='ocrx_word' id='word_1_756' title='bbox 3658 3458 3780 3526; x_wconf 88' lang='lat' dir='ltr'><strong>ejus</strong></span> 
     </span>
    </p>
   </div>
   <div class='ocr_carea' id='block_1_95' title="bbox 2195 3549 3777 3624">
    <p class='ocr_par' dir='ltr' id='par_1_95' title="bbox 2195 3549 3777 3624">
     <span class='ocr_line' id='line_1_95' title="bbox 2195 3549 3777 3624; baseline -0.001 -20"><span class='ocrx_word' id='word_1_757' title='bbox 2195 3555 2563 3622; x_wconf 62' lang='lat' dir='ltr'><strong>praesentiam.</strong></span> <span class='ocrx_word' id='word_1_758' title='bbox 2594 3551 2782 3622; x_wconf 88' lang='lat' dir='ltr'><strong>Neque</strong></span> <span class='ocrx_word' id='word_1_759' title='bbox 2816 3553 2980 3624; x_wconf 89' lang='lat' dir='ltr'><strong>igitur</strong></span> <span class='ocrx_word' id='word_1_760' title='bbox 3011 3553 3127 3621; x_wconf 88' lang='lat' dir='ltr'><strong>ipse</strong></span> <span class='ocrx_word' id='word_1_761' title='bbox 3159 3565 3359 3621; x_wconf 89' lang='lat' dir='ltr'><strong>corpus</strong></span> <span class='ocrx_word' id='word_1_762' title='bbox 3403 3549 3777 3604; x_wconf 87' lang='lat' dir='ltr'><strong>necessarium</strong></span> 
     </span>
    </p>
   </div>
   <div class='ocr_carea' id='block_1_96' title="bbox 2195 3643 3778 3715">
    <p class='ocr_par' dir='ltr' id='par_1_96' title="bbox 2195 3643 3778 3715">
     <span class='ocr_line' id='line_1_96' title="bbox 2195 3643 3778 3715; baseline -0.002 -17"><span class='ocrx_word' id='word_1_763' title='bbox 2195 3643 2424 3698; x_wconf 86' lang='lat' dir='ltr'><strong>habuit:</strong></span> <span class='ocrx_word' id='word_1_764' title='bbox 2457 3645 2549 3699; x_wconf 90' lang='lat' dir='ltr'><strong>sed</strong></span> <span class='ocrx_word' id='word_1_765' title='bbox 2571 3645 2770 3715; x_wconf 88' lang='lat' dir='ltr'><strong>quibus</strong></span> <span class='ocrx_word' id='word_1_766' title='bbox 2807 3655 2926 3701; x_wconf 89' lang='lat' dir='ltr'><strong>erat</strong></span> <span class='ocrx_word' id='word_1_767' title='bbox 2950 3644 3079 3700; x_wconf 88' lang='lat' dir='ltr'><strong>utile</strong></span> <span class='ocrx_word' id='word_1_768' title='bbox 3107 3644 3422 3713; x_wconf 90' lang='lat' dir='ltr'><strong>contingere</strong></span> <span class='ocrx_word' id='word_1_769' title='bbox 3443 3654 3498 3699; x_wconf 94' lang='lat' dir='ltr'><strong>et</strong></span> <span class='ocrx_word' id='word_1_770' title='bbox 3532 3644 3778 3698; x_wconf 88' lang='lat' dir='ltr'><strong>tunicam</strong></span> 
     </span>
    </p>
   </div>
   <div class='ocr_carea' id='block_1_97' title="bbox 2192 3735 3776 3808">
    <p class='ocr_par' dir='ltr' id='par_1_97' title="bbox 2192 3735 3776 3808">
     <span class='ocr_line' id='line_1_97' title="bbox 2192 3735 3776 3808; baseline -0.001 -19"><span class='ocrx_word' id='word_1_771' title='bbox 2192 3742 2249 3789; x_wconf 90' lang='lat' dir='ltr'><strong>et</strong></span> <span class='ocrx_word' id='word_1_772' title='bbox 2306 3749 2522 3803; x_wconf 90' lang='lat' dir='ltr'><strong>corpus,</strong></span> <span class='ocrx_word' id='word_1_773' title='bbox 2552 3745 2607 3790; x_wconf 92' lang='lat' dir='ltr'><strong>et</strong></span> <span class='ocrx_word' id='word_1_774' title='bbox 2665 3752 2761 3806; x_wconf 91' lang='lat' dir='ltr'><strong>per</strong></span> <span class='ocrx_word' id='word_1_775' title='bbox 2813 3738 3066 3808; x_wconf 88' lang='lat' dir='ltr'><strong>spiritum</strong></span> <span class='ocrx_word' id='word_1_776' title='bbox 3121 3736 3308 3792; x_wconf 87' lang='lat' dir='ltr'><strong>videre</strong></span> <span class='ocrx_word' id='word_1_777' title='bbox 3375 3735 3776 3805; x_wconf 84' lang='lat' dir='ltr'><strong>incorporalem</strong></span> 
     </span>
    </p>
   </div>
   <div class='ocr_carea' id='block_1_98' title="bbox 2192 3823 3774 3896">
    <p class='ocr_par' dir='ltr' id='par_1_98' title="bbox 2192 3823 3774 3896">
     <span class='ocr_line' id='line_1_98' title="bbox 2192 3823 3774 3896; baseline 0 -18"><span class='ocrx_word' id='word_1_778' title='bbox 2192 3823 2383 3890; x_wconf 90' lang='lat' dir='ltr'><strong>Deum,</strong></span> <span class='ocrx_word' id='word_1_779' title='bbox 2405 3824 2496 3893; x_wconf 90' lang='lat' dir='ltr'><strong>qui</strong></span> <span class='ocrx_word' id='word_1_780' title='bbox 2532 3825 2836 3881; x_wconf 88' lang='lat' dir='ltr'><strong>ministerio</strong></span> <span class='ocrx_word' id='word_1_781' title='bbox 2866 3826 3284 3896; x_wconf 90' lang='lat' dir='ltr'><strong>incorporalium</strong></span> <span class='ocrx_word' id='word_1_782' title='bbox 3317 3827 3465 3880; x_wconf 91' lang='lat' dir='ltr'><strong>dives</strong></span> <span class='ocrx_word' id='word_1_783' title='bbox 3499 3836 3636 3882; x_wconf 90' lang='lat' dir='ltr'><strong>erat.</strong></span> <span class='ocrx_word' id='word_1_784' title='bbox 3668 3825 3774 3878; x_wconf 60' lang='lat' dir='ltr'><strong>Mi.</strong></span> 
     </span>
    </p>
   </div>
   <div class='ocr_carea' id='block_1_99' title="bbox 2190 3914 3773 3974">
    <p class='ocr_par' dir='ltr' id='par_1_99' title="bbox 2190 3914 3773 3974">
     <span class='ocr_line' id='line_1_99' title="bbox 2190 3914 3773 3974; baseline 0.002 -6"><span class='ocrx_word' id='word_1_785' title='bbox 2190 3914 2471 3970; x_wconf 88' lang='lat' dir='ltr'><strong>nisterium</strong></span> <span class='ocrx_word' id='word_1_786' title='bbox 2513 3926 2694 3971; x_wconf 91' lang='lat' dir='ltr'><strong>autem</strong></span> <span class='ocrx_word' id='word_1_787' title='bbox 2720 3919 2947 3974; x_wconf 88' lang='lat' dir='ltr'><strong>audiens</strong></span> <span class='ocrx_word' id='word_1_788' title='bbox 2982 3933 3088 3972; x_wconf 92' lang='lat' dir='ltr'><strong>non</strong></span> <span class='ocrx_word' id='word_1_789' title='bbox 3143 3917 3524 3973; x_wconf 86' lang='lat' dir='ltr'><strong>necessitatem</strong></span> <span class='ocrx_word' id='word_1_790' title='bbox 3579 3916 3773 3971; x_wconf 89' lang='lat' dir='ltr'><strong>audire</strong></span> 
     </span>
    </p>
   </div>
   <div class='ocr_carea' id='block_1_100' title="bbox 2190 4006 3769 4076">
    <p class='ocr_par' dir='ltr' id='par_1_100' title="bbox 2190 4006 3769 4076">
     <span class='ocr_line' id='line_1_100' title="bbox 2190 4006 3769 4076; baseline 0.002 -15"><span class='ocrx_word' id='word_1_791' title='bbox 2190 4006 2373 4072; x_wconf 82' lang='lat' dir='ltr'><strong>debes,</strong></span> <span class='ocrx_word' id='word_1_792' title='bbox 2408 4009 2501 4062; x_wconf 91' lang='lat' dir='ltr'><strong>sed</strong></span> <span class='ocrx_word' id='word_1_793' title='bbox 2540 4008 2866 4064; x_wconf 90' lang='lat' dir='ltr'><strong>beneﬁcium</strong></span> <span class='ocrx_word' id='word_1_794' title='bbox 2911 4025 3100 4064; x_wconf 91' lang='lat' dir='ltr'><strong>eorum</strong></span> <span class='ocrx_word' id='word_1_795' title='bbox 3135 4010 3229 4076; x_wconf 91' lang='lat' dir='ltr'><strong>qui</strong></span> <span class='ocrx_word' id='word_1_796' title='bbox 3279 4009 3613 4076; x_wconf 88' lang='lat' dir='ltr'><strong>ministrant,</strong></span> <span class='ocrx_word' id='word_1_797' title='bbox 3653 4024 3769 4064; x_wconf 88' lang='lat' dir='ltr'><strong>non</strong></span> 
     </span>
    </p>
   </div>
   <div class='ocr_carea' id='block_1_101' title="bbox 2189 4098 3760 4170">
    <p class='ocr_par' dir='ltr' id='par_1_101' title="bbox 2189 4098 3760 4170">
     <span class='ocr_line' id='line_1_101' title="bbox 2189 4098 3760 4170; baseline 0.001 -19"><span class='ocrx_word' id='word_1_798' title='bbox 2189 4113 2344 4152; x_wconf 90' lang='lat' dir='ltr'><strong>usum</strong></span> <span class='ocrx_word' id='word_1_799' title='bbox 2396 4106 2578 4155; x_wconf 90' lang='lat' dir='ltr'><strong>tamen</strong></span> <span class='ocrx_word' id='word_1_800' title='bbox 2633 4098 2751 4169; x_wconf 84' lang='lat' dir='ltr'><strong>ejus</strong></span> <span class='ocrx_word' id='word_1_801' title='bbox 2803 4101 2897 4170; x_wconf 93' lang='lat' dir='ltr'><strong>qui</strong></span> <span class='ocrx_word' id='word_1_802' title='bbox 2930 4101 3314 4156; x_wconf 86' lang='lat' dir='ltr'><strong>ministratur:</strong></span> <span class='ocrx_word' id='word_1_803' title='bbox 3350 4100 3573 4154; x_wconf 90' lang='lat' dir='ltr'><strong>multum</strong></span> <span class='ocrx_word' id='word_1_804' title='bbox 3614 4100 3760 4154; x_wconf 89' lang='lat' dir='ltr'><strong>enim</strong></span> 
     </span>
    </p>
   </div>
   <div class='ocr_carea' id='block_1_102' title="bbox 2187 4194 3768 4266">
    <p class='ocr_par' dir='ltr' id='par_1_102' title="bbox 2187 4194 3768 4266">
     <span class='ocr_line' id='line_1_102' title="bbox 2187 4194 3768 4266; baseline 0.001 -19"><span class='ocrx_word' id='word_1_805' title='bbox 2187 4209 2286 4250; x_wconf 89' lang='lat' dir='ltr'><strong>nos</strong></span> <span class='ocrx_word' id='word_1_806' title='bbox 2325 4194 2435 4265; x_wconf 75' lang='lat' dir='ltr'><strong>(l3)</strong></span> <span class='ocrx_word' id='word_1_807' title='bbox 2463 4210 2748 4264; x_wconf 91' lang='lat' dir='ltr'><strong>prosumus</strong></span> <span class='ocrx_word' id='word_1_808' title='bbox 2777 4195 2907 4258; x_wconf 88' lang='lat' dir='ltr'><strong>Deo,</strong></span> <span class='ocrx_word' id='word_1_809' title='bbox 2931 4195 3060 4266; x_wconf 88' lang='lat' dir='ltr'><strong>quia</strong></span> <span class='ocrx_word' id='word_1_810' title='bbox 3086 4196 3329 4249; x_wconf 87' lang='lat' dir='ltr'><strong>videmur</strong></span> <span class='ocrx_word' id='word_1_811' title='bbox 3367 4210 3463 4263; x_wconf 92' lang='lat' dir='ltr'><strong>pro</strong></span> <span class='ocrx_word' id='word_1_812' title='bbox 3497 4195 3606 4250; x_wconf 90' lang='lat' dir='ltr'><strong>Deo</strong></span> <span class='ocrx_word' id='word_1_813' title='bbox 3631 4209 3768 4250; x_wconf 79' lang='lat' dir='ltr'><strong>con-</strong></span> 
     </span>
    </p>
   </div>
   <div class='ocr_carea' id='block_1_103' title="bbox 2190 4284 3762 4355">
    <p class='ocr_par' dir='ltr' id='par_1_103' title="bbox 2190 4284 3762 4355">
     <span class='ocr_line' id='line_1_103' title="bbox 2190 4284 3762 4355; baseline 0.001 -17"><span class='ocrx_word' id='word_1_814' title='bbox 2190 4285 2428 4340; x_wconf 84' lang='lat' dir='ltr'><strong>tendere.</strong></span> <span class='ocrx_word' id='word_1_815' title='bbox 2459 4285 2627 4342; x_wconf 87' lang='lat' dir='ltr'><strong>Nobis</strong></span> <span class='ocrx_word' id='word_1_816' title='bbox 2653 4286 2797 4340; x_wconf 92' lang='lat' dir='ltr'><strong>enim</strong></span> <span class='ocrx_word' id='word_1_817' title='bbox 2827 4284 3034 4341; x_wconf 90' lang='lat' dir='ltr'><strong>lucrum</strong></span> <span class='ocrx_word' id='word_1_818' title='bbox 3064 4295 3167 4350; x_wconf 91' lang='lat' dir='ltr'><strong>est,</strong></span> <span class='ocrx_word' id='word_1_819' title='bbox 3197 4293 3256 4339; x_wconf 88' lang='lat' dir='ltr'><strong>ut</strong></span> <span class='ocrx_word' id='word_1_820' title='bbox 3287 4285 3523 4355; x_wconf 85' lang='lat' dir='ltr'><strong>religiosi</strong></span> <span class='ocrx_word' id='word_1_821' title='bbox 3544 4285 3716 4338; x_wconf 88' lang='lat' dir='ltr'><strong>simus</strong></span> <span class='ocrx_word' id='word_1_822' title='bbox 3747 4303 3762 4340; x_wconf 90' lang='lat'><strong>:</strong></span> 
     </span>
    </p>
   </div>
   <div class='ocr_carea' id='block_1_104' title="bbox 2185 4376 3766 4447">
    <p class='ocr_par' dir='ltr' id='par_1_104' title="bbox 2185 4376 3766 4447">
     <span class='ocr_line' id='line_1_104' title="bbox 2185 4376 3766 4447; baseline 0.001 -17"><span class='ocrx_word' id='word_1_823' title='bbox 2185 4377 2341 4432; x_wconf 90' lang='lat' dir='ltr'><strong>nobis</strong></span> <span class='ocrx_word' id='word_1_824' title='bbox 2367 4376 2575 4432; x_wconf 89' lang='lat' dir='ltr'><strong>lucrum</strong></span> <span class='ocrx_word' id='word_1_825' title='bbox 2610 4387 2695 4432; x_wconf 91' lang='lat' dir='ltr'><strong>est</strong></span> <span class='ocrx_word' id='word_1_826' title='bbox 2729 4378 2774 4432; x_wconf 93' lang='lat' dir='ltr'><strong>si</strong></span> <span class='ocrx_word' id='word_1_827' title='bbox 2817 4392 2922 4432; x_wconf 91' lang='lat' dir='ltr'><strong>non</strong></span> <span class='ocrx_word' id='word_1_828' title='bbox 2954 4391 3239 4447; x_wconf 88' lang='lat' dir='ltr'><strong>perversas</strong></span> <span class='ocrx_word' id='word_1_829' title='bbox 3291 4377 3640 4431; x_wconf 89' lang='lat' dir='ltr'><strong>habuerimus</strong></span> <span class='ocrx_word' id='word_1_830' title='bbox 3694 4378 3766 4432; x_wconf 90' lang='lat' dir='ltr'><strong>de</strong></span> 
     </span>
    </p>
   </div>
   <div class='ocr_carea' id='block_1_105' title="bbox 2187 4467 3760 4535">
    <p class='ocr_par' dir='ltr' id='par_1_105' title="bbox 2187 4467 3760 4535">
     <span class='ocr_line' id='line_1_105' title="bbox 2187 4467 3760 4535; baseline -0.001 -12"><span class='ocrx_word' id='word_1_831' title='bbox 2187 4469 2294 4524; x_wconf 90' lang='lat' dir='ltr'><strong>Deo</strong></span> <span class='ocrx_word' id='word_1_832' title='bbox 2321 4479 2548 4535; x_wconf 87' lang='lat' dir='ltr'><strong>mentes,</strong></span> <span class='ocrx_word' id='word_1_833' title='bbox 2583 4483 2650 4523; x_wconf 92' lang='lat' dir='ltr'><strong>ne</strong></span> <span class='ocrx_word' id='word_1_834' title='bbox 2671 4478 2726 4524; x_wconf 91' lang='lat' dir='ltr'><strong>et</strong></span> <span class='ocrx_word' id='word_1_835' title='bbox 2753 4469 3067 4524; x_wconf 88' lang='lat' dir='ltr'><strong>decidamus</strong></span> <span class='ocrx_word' id='word_1_836' title='bbox 3113 4483 3143 4523; x_wconf 92' lang='lat' dir='ltr'><strong>a</strong></span> <span class='ocrx_word' id='word_1_837' title='bbox 3173 4469 3303 4524; x_wconf 91' lang='lat' dir='ltr'><strong>Deo.</strong></span> <span class='ocrx_word' id='word_1_838' title='bbox 3338 4467 3545 4522; x_wconf 89' lang='lat' dir='ltr'><strong>Decidit</strong></span> <span class='ocrx_word' id='word_1_839' title='bbox 3579 4477 3760 4522; x_wconf 90' lang='lat' dir='ltr'><strong>autem</strong></span> 
     </span>
    </p>
   </div>
   <div class='ocr_carea' id='block_1_106' title="bbox 2179 4559 3856 4630">
    <p class='ocr_par' dir='ltr' id='par_1_106' title="bbox 2179 4559 3856 4630">
     <span class='ocr_line' id='line_1_106' title="bbox 2179 4559 3856 4630; baseline -0.003 -15"><span class='ocrx_word' id='word_1_840' title='bbox 2179 4561 2361 4615; x_wconf 83' lang='lat' dir='ltr'><strong>omnis</strong></span> <span class='ocrx_word' id='word_1_841' title='bbox 2394 4575 2423 4614; x_wconf 95' lang='lat' dir='ltr'><strong>a</strong></span> <span class='ocrx_word' id='word_1_842' title='bbox 2454 4559 2589 4626; x_wconf 87' lang='lat' dir='ltr'><strong>Deo,</strong></span> <span class='ocrx_word' id='word_1_843' title='bbox 2620 4561 2709 4630; x_wconf 87' lang='lat' dir='ltr'><strong>qui</strong></span> <span class='ocrx_word' id='word_1_844' title='bbox 2748 4560 2922 4614; x_wconf 90' lang='lat' dir='ltr'><strong>aliena</strong></span> <span class='ocrx_word' id='word_1_845' title='bbox 2960 4560 3121 4630; x_wconf 87' lang='lat' dir='ltr'><strong>sapit.</strong></span> <span class='ocrx_word' id='word_1_846' title='bbox 3151 4563 3224 4614; x_wconf 92' lang='lat' dir='ltr'><strong>De</strong></span> <span class='ocrx_word' id='word_1_847' title='bbox 3274 4574 3381 4629; x_wconf 92' lang='lat' dir='ltr'><strong>quo</strong></span> <span class='ocrx_word' id='word_1_848' title='bbox 3419 4559 3464 4614; x_wconf 88' lang='lat' dir='ltr'><strong>si</strong></span> <span class='ocrx_word' id='word_1_849' title='bbox 3505 4559 3760 4614; x_wconf 86' lang='lat' dir='ltr'><strong>didiceris</strong></span> <span class='ocrx_word' id='word_1_850' title='bbox 3845 4616 3856 4624; x_wconf 55' lang='grc'><em>,</em></span> 
     </span>
    </p>
   </div>
   <div class='ocr_carea' id='block_1_107' title="bbox 2179 4649 3757 4718">
    <p class='ocr_par' dir='ltr' id='par_1_107' title="bbox 2179 4649 3757 4718">
     <span class='ocr_line' id='line_1_107' title="bbox 2179 4649 3757 4718; baseline -0.003 -13"><span class='ocrx_word' id='word_1_851' title='bbox 2179 4651 2251 4705; x_wconf 91' lang='lat' dir='ltr'><strong>ita</strong></span> <span class='ocrx_word' id='word_1_852' title='bbox 2286 4660 2468 4715; x_wconf 90' lang='lat' dir='ltr'><strong>utest,</strong></span> <span class='ocrx_word' id='word_1_853' title='bbox 2507 4651 2674 4705; x_wconf 88' lang='lat' dir='ltr'><strong>habes</strong></span> <span class='ocrx_word' id='word_1_854' title='bbox 2711 4665 2832 4705; x_wconf 90' lang='lat' dir='ltr'><strong>eum</strong></span> <span class='ocrx_word' id='word_1_855' title='bbox 2867 4668 2883 4705; x_wconf 89' lang='lat'><strong>:</strong></span> <span class='ocrx_word' id='word_1_856' title='bbox 2922 4650 2968 4706; x_wconf 91' lang='lat' dir='ltr'><strong>si</strong></span> <span class='ocrx_word' id='word_1_857' title='bbox 3001 4658 3181 4704; x_wconf 83' lang='lat' dir='ltr'><strong>autem</strong></span> <span class='ocrx_word' id='word_1_858' title='bbox 3206 4649 3370 4704; x_wconf 92' lang='lat' dir='ltr'><strong>alium</strong></span> <span class='ocrx_word' id='word_1_859' title='bbox 3404 4664 3501 4718; x_wconf 88' lang='lat' dir='ltr'><strong>pro</strong></span> <span class='ocrx_word' id='word_1_860' title='bbox 3525 4649 3630 4704; x_wconf 88' lang='lat' dir='ltr'><strong>alio</strong></span> <span class='ocrx_word' id='word_1_861' title='bbox 3660 4663 3757 4717; x_wconf 87' lang='lat' dir='ltr'><strong>pu-</strong></span> 
     </span>
    </p>
   </div>
   <div class='ocr_carea' id='block_1_108' title="bbox 2179 4741 3754 4812">
    <p class='ocr_par' dir='ltr' id='par_1_108' title="bbox 2179 4741 3754 4812">
     <span class='ocr_line' id='line_1_108' title="bbox 2179 4741 3754 4812; baseline -0.003 -14"><span class='ocrx_word' id='word_1_862' title='bbox 2179 4744 2397 4808; x_wconf 79' lang='lat' dir='ltr'><strong>taVeris,</strong></span> <span class='ocrx_word' id='word_1_863' title='bbox 2435 4758 2556 4797; x_wconf 90' lang='lat' dir='ltr'><strong>eum</strong></span> <span class='ocrx_word' id='word_1_864' title='bbox 2585 4743 2676 4812; x_wconf 88' lang='lat' dir='ltr'><strong>qui</strong></span> <span class='ocrx_word' id='word_1_865' title='bbox 2722 4751 2806 4798; x_wconf 91' lang='lat' dir='ltr'><strong>est</strong></span> <span class='ocrx_word' id='word_1_866' title='bbox 2839 4759 2946 4798; x_wconf 93' lang='lat' dir='ltr'><strong>non</strong></span> <span class='ocrx_word' id='word_1_867' title='bbox 2979 4742 3225 4798; x_wconf 89' lang='lat' dir='ltr'><strong>habebis.</strong></span> <span class='ocrx_word' id='word_1_868' title='bbox 3270 4741 3405 4808; x_wconf 92' lang='lat' dir='ltr'><strong>Quia</strong></span> <span class='ocrx_word' id='word_1_869' title='bbox 3457 4757 3561 4796; x_wconf 90' lang='lat' dir='ltr'><strong>non</strong></span> <span class='ocrx_word' id='word_1_870' title='bbox 3593 4756 3754 4810; x_wconf 89' lang='lat' dir='ltr'><strong>agno-</strong></span> 
     </span>
    </p>
   </div>
   <div class='ocr_carea' id='block_1_109' title="bbox 2177 4833 3751 4905">
    <p class='ocr_par' dir='ltr' id='par_1_109' title="bbox 2177 4833 3751 4905">
     <span class='ocr_line' id='line_1_109' title="bbox 2177 4833 3751 4905; baseline -0.001 -19"><span class='ocrx_word' id='word_1_871' title='bbox 2177 4833 2302 4889; x_wconf 89' lang='lat' dir='ltr'><strong>visti</strong></span> <span class='ocrx_word' id='word_1_872' title='bbox 2325 4848 2486 4903; x_wconf 90' lang='lat' dir='ltr'><strong>quem</strong></span> <span class='ocrx_word' id='word_1_873' title='bbox 2519 4846 2696 4904; x_wconf 85' lang='lat' dir='ltr'><strong>putas,</strong></span> <span class='ocrx_word' id='word_1_874' title='bbox 2732 4851 2838 4888; x_wconf 93' lang='lat' dir='ltr'><strong>non</strong></span> <span class='ocrx_word' id='word_1_875' title='bbox 2866 4835 3032 4890; x_wconf 90' lang='lat' dir='ltr'><strong>habes</strong></span> <span class='ocrx_word' id='word_1_876' title='bbox 3054 4850 3177 4890; x_wconf 89' lang='lat' dir='ltr'><strong>eum</strong></span> <span class='ocrx_word' id='word_1_877' title='bbox 3207 4835 3367 4905; x_wconf 88' lang='lat' dir='ltr'><strong>:quia</strong></span> <span class='ocrx_word' id='word_1_878' title='bbox 3410 4848 3518 4887; x_wconf 92' lang='lat' dir='ltr'><strong>non</strong></span> <span class='ocrx_word' id='word_1_879' title='bbox 3556 4842 3639 4886; x_wconf 92' lang='lat' dir='ltr'><strong>est</strong></span> <span class='ocrx_word' id='word_1_880' title='bbox 3671 4842 3751 4884; x_wconf 81' lang='lat' dir='ltr'><strong>ta—</strong></span> 
     </span>
    </p>
   </div>
   <div class='ocr_carea' id='block_1_110' title="bbox 2174 4915 3750 4996">
    <p class='ocr_par' dir='ltr' id='par_1_110' title="bbox 2174 4915 3750 4996">
     <span class='ocr_line' id='line_1_110' title="bbox 2174 4915 3750 4996; baseline -0.003 -18"><span class='ocrx_word' id='word_1_881' title='bbox 2174 4923 2242 4980; x_wconf 89' lang='lat' dir='ltr'><strong>lis</strong></span> <span class='ocrx_word' id='word_1_882' title='bbox 2267 4925 2476 4994; x_wconf 89' lang='lat' dir='ltr'><strong>qualem</strong></span> <span class='ocrx_word' id='word_1_883' title='bbox 2507 4915 2688 4994; x_wconf 75' lang='lat' dir='ltr'><strong>putas.</strong></span> <span class='ocrx_word' id='word_1_884' title='bbox 2748 4925 2865 4980; x_wconf 86' lang='lat' dir='ltr'><strong>Non</strong></span> <span class='ocrx_word' id='word_1_885' title='bbox 2918 4927 2984 4981; x_wconf 92' lang='lat' dir='ltr'><strong>de</strong></span> <span class='ocrx_word' id='word_1_886' title='bbox 3026 4925 3266 4996; x_wconf 88' lang='lat' dir='ltr'><strong>quolibet</strong></span> <span class='ocrx_word' id='word_1_887' title='bbox 3321 4933 3595 4979; x_wconf 90' lang='lat' dir='ltr'><strong>certamen</strong></span> <span class='ocrx_word' id='word_1_888' title='bbox 3646 4930 3750 4976; x_wconf 90' lang='lat' dir='ltr'><strong>est.</strong></span> 
     </span>
    </p>
   </div>
   <div class='ocr_carea' id='block_1_111' title="bbox 2174 5013 3754 5086">
    <p class='ocr_par' dir='ltr' id='par_1_111' title="bbox 2174 5013 3754 5086">
     <span class='ocr_line' id='line_1_111' title="bbox 2174 5013 3754 5086; baseline -0.001 -18"><span class='ocrx_word' id='word_1_889' title='bbox 2174 5013 2468 5070; x_wconf 85' lang='lat' dir='ltr'><strong>lrridemus</strong></span> <span class='ocrx_word' id='word_1_890' title='bbox 2497 5031 2591 5071; x_wconf 91' lang='lat' dir='ltr'><strong>eos</strong></span> <span class='ocrx_word' id='word_1_891' title='bbox 2636 5025 2692 5072; x_wconf 91' lang='lat' dir='ltr'><strong>et</strong></span> <span class='ocrx_word' id='word_1_892' title='bbox 2717 5018 2842 5086; x_wconf 91' lang='lat' dir='ltr'><strong>quia</strong></span> <span class='ocrx_word' id='word_1_893' title='bbox 2898 5017 3001 5072; x_wconf 90' lang='lat' dir='ltr'><strong>ista</strong></span> <span class='ocrx_word' id='word_1_894' title='bbox 3065 5032 3232 5086; x_wconf 88' lang='lat' dir='ltr'><strong>parva</strong></span> <span class='ocrx_word' id='word_1_895' title='bbox 3291 5015 3610 5084; x_wconf 88' lang='lat' dir='ltr'><strong>delinquunt</strong></span> <span class='ocrx_word' id='word_1_896' title='bbox 3657 5013 3754 5082; x_wconf 91' lang='lat' dir='ltr'><strong>qui</strong></span> 
     </span>
    </p>
   </div>
   <div class='ocr_carea' id='block_1_112' title="bbox 2173 5106 3754 5178">
    <p class='ocr_par' dir='ltr' id='par_1_112' title="bbox 2173 5106 3754 5178">
     <span class='ocr_line' id='line_1_112' title="bbox 2173 5106 3754 5178; baseline -0.003 -16"><span class='ocrx_word' id='word_1_897' title='bbox 2173 5111 2426 5178; x_wconf 85' lang='lat' dir='ltr'><strong>ignorant</strong></span> <span class='ocrx_word' id='word_1_898' title='bbox 2457 5118 2601 5163; x_wconf 89' lang='lat' dir='ltr'><strong>artes</strong></span> <span class='ocrx_word' id='word_1_899' title='bbox 2630 5123 2644 5160; x_wconf 87' lang='lat'><strong>:</strong></span> <span class='ocrx_word' id='word_1_900' title='bbox 2672 5108 2764 5162; x_wconf 91' lang='lat' dir='ltr'><strong>ubi</strong></span> <span class='ocrx_word' id='word_1_901' title='bbox 2795 5123 2889 5163; x_wconf 89' lang='lat' dir='ltr'><strong>ars</strong></span> <span class='ocrx_word' id='word_1_902' title='bbox 2917 5118 3000 5164; x_wconf 89' lang='lat' dir='ltr'><strong>est</strong></span> <span class='ocrx_word' id='word_1_903' title='bbox 3028 5107 3358 5173; x_wconf 86' lang='lat' dir='ltr'><strong>necessaria,</strong></span> <span class='ocrx_word' id='word_1_904' title='bbox 3405 5121 3499 5161; x_wconf 86' lang='lat' dir='ltr'><strong>eos</strong></span> <span class='ocrx_word' id='word_1_905' title='bbox 3520 5106 3608 5175; x_wconf 92' lang='lat' dir='ltr'><strong>qui</strong></span> <span class='ocrx_word' id='word_1_906' title='bbox 3643 5120 3754 5158; x_wconf 89' lang='lat' dir='ltr'><strong>non</strong></span> 
     </span>
    </p>
   </div>
   <div class='ocr_carea' id='block_1_113' title="bbox 2175 5197 3754 5270">
    <p class='ocr_par' dir='ltr' id='par_1_113' title="bbox 2175 5197 3754 5270">
     <span class='ocr_line' id='line_1_113' title="bbox 2175 5197 3754 5270; baseline -0.003 -17"><span class='ocrx_word' id='word_1_907' title='bbox 2175 5209 2535 5270; x_wconf 89' lang='lat' dir='ltr'><strong>assequuntur</strong></span> <span class='ocrx_word' id='word_1_908' title='bbox 2602 5215 2667 5255; x_wconf 93' lang='lat' dir='ltr'><strong>ea</strong></span> <span class='ocrx_word' id='word_1_909' title='bbox 2725 5215 2845 5269; x_wconf 73' lang='lat' dir='ltr'><strong>quae</strong></span> <span class='ocrx_word' id='word_1_910' title='bbox 2894 5202 3142 5264; x_wconf 88' lang='lat' dir='ltr'><strong>audiunt,</strong></span> <span class='ocrx_word' id='word_1_911' title='bbox 3205 5200 3519 5269; x_wconf 77' lang='lat' dir='ltr'><strong>frequenter</strong></span> <span class='ocrx_word' id='word_1_912' title='bbox 3562 5197 3754 5251; x_wconf 90' lang='lat' dir='ltr'><strong>dicen-</strong></span> 
     </span>
    </p>
   </div>
   <div class='ocr_carea' id='block_1_114' title="bbox 2173 5288 3802 5362">
    <p class='ocr_par' dir='ltr' id='par_1_114' title="bbox 2173 5288 3802 5362">
     <span class='ocr_line' id='line_1_114' title="bbox 2173 5288 3802 5362; baseline -0.003 -17"><span class='ocrx_word' id='word_1_913' title='bbox 2173 5301 2280 5346; x_wconf 90' lang='lat' dir='ltr'><strong>tem</strong></span> <span class='ocrx_word' id='word_1_914' title='bbox 2306 5293 2417 5362; x_wconf 76' lang='grc' dir='ltr'><strong>(Μ)</strong></span> <span class='ocrx_word' id='word_1_915' title='bbox 2449 5293 2617 5358; x_wconf 90' lang='lat' dir='ltr'><strong>vides,</strong></span> <span class='ocrx_word' id='word_1_916' title='bbox 2651 5294 2903 5356; x_wconf 90' lang='lat' dir='ltr'><strong>dicimus,</strong></span> <span class='ocrx_word' id='word_1_917' title='bbox 2938 5309 3042 5346; x_wconf 92' lang='lat' dir='ltr'><strong>non</strong></span> <span class='ocrx_word' id='word_1_918' title='bbox 3083 5292 3262 5358; x_wconf 90' lang='lat' dir='ltr'><strong>audis,</strong></span> <span class='ocrx_word' id='word_1_919' title='bbox 3307 5306 3411 5345; x_wconf 92' lang='lat' dir='ltr'><strong>non</strong></span> <span class='ocrx_word' id='word_1_920' title='bbox 3467 5288 3750 5358; x_wconf 86' lang='lat' dir='ltr'><strong>intelligis.</strong></span> <span class='ocrx_word' id='word_1_921' title='bbox 3793 5343 3802 5348; x_wconf 82' lang='lat'><strong><em>_</em></strong></span> 
     </span>
    </p>
   </div>
   <div class='ocr_carea' id='block_1_115' title="bbox 2172 5380 3752 5454">
    <p class='ocr_par' dir='ltr' id='par_1_115' title="bbox 2172 5380 3752 5454">
     <span class='ocr_line' id='line_1_115' title="bbox 2172 5380 3752 5454; baseline -0.003 -19"><span class='ocrx_word' id='word_1_922' title='bbox 2172 5380 2338 5451; x_wconf 81' lang='lat' dir='ltr'><strong>Igitur</strong></span> <span class='ocrx_word' id='word_1_923' title='bbox 2363 5385 2431 5438; x_wconf 89' lang='lat' dir='ltr'><strong>de</strong></span> <span class='ocrx_word' id='word_1_924' title='bbox 2459 5384 2542 5438; x_wconf 86' lang='lat' dir='ltr'><strong>his</strong></span> <span class='ocrx_word' id='word_1_925' title='bbox 2575 5399 2694 5454; x_wconf 69' lang='lat' dir='ltr'><strong>qua:</strong></span> <span class='ocrx_word' id='word_1_926' title='bbox 2725 5385 3003 5440; x_wconf 89' lang='lat' dir='ltr'><strong>hominum</strong></span> <span class='ocrx_word' id='word_1_927' title='bbox 3035 5393 3183 5449; x_wconf 89' lang='lat' dir='ltr'><strong>sunt,</strong></span> <span class='ocrx_word' id='word_1_928' title='bbox 3232 5382 3387 5453; x_wconf 84' lang='lat' dir='ltr'><strong>culpa</strong></span> <span class='ocrx_word' id='word_1_929' title='bbox 3435 5392 3520 5437; x_wconf 89' lang='lat' dir='ltr'><strong>est</strong></span> <span class='ocrx_word' id='word_1_930' title='bbox 3550 5382 3594 5434; x_wconf 90' lang='lat' dir='ltr'><strong>si</strong></span> <span class='ocrx_word' id='word_1_931' title='bbox 3640 5395 3752 5433; x_wconf 88' lang='lat' dir='ltr'><strong>non</strong></span> 
     </span>
    </p>
   </div>
   <div class='ocr_carea' id='block_1_116' title="bbox 1087 5549 2085 5654">
    <p class='ocr_par' dir='ltr' id='par_1_116' title="bbox 1087 5549 2071 5654">
     <span class='ocr_line' id='line_1_116' title="bbox 1087 5549 2071 5654; baseline 0 0"><span class='ocrx_word' id='word_1_932' title='bbox 1087 5549 1134 5585; x_wconf 74' lang='grc'><em>’³</em></span> <span class='ocrx_word' id='word_1_933' title='bbox 1154 5554 1586 5654; x_wconf 48' lang='grc' dir='ltr'><strong>ιίοδίέιέδέὲῗτξ</strong></span> <span class='ocrx_word' id='word_1_934' title='bbox 1605 5575 1661 5654; x_wconf 78' lang='grc'><strong>.¹’</strong></span> <span class='ocrx_word' id='word_1_935' title='bbox 1683 5554 1772 5654; x_wconf 60' lang='lat'><strong>‘9:</strong></span> <span class='ocrx_word' id='word_1_936' title='bbox 1813 5562 1894 5654; x_wconf 70' lang='grc' dir='ltr'>,Ϊῖ</span> <span class='ocrx_word' id='word_1_937' title='bbox 1912 5562 2071 5654; x_wconf 62' lang='lat'><strong>1&#39;0“!!-</strong></span> 
     </span>
    </p>
   </div>
   <div class='ocr_carea' id='block_1_117' title="bbox 2190 5549 3749 5654">
    <p class='ocr_par' dir='ltr' id='par_1_117' title="bbox 2199 5563 3749 5654">
     <span class='ocr_line' id='line_1_117' title="bbox 2199 5563 3749 5654; baseline 0.003 -33"><span class='ocrx_word' id='word_1_938' title='bbox 2199 5565 2290 5621; x_wconf 73' lang='grc'><strong>20.</strong></span> <span class='ocrx_word' id='word_1_939' title='bbox 2318 5566 2582 5654; x_wconf 60' lang='lat' dir='ltr'><strong>“&quot;uibid.</strong></span> <span class='ocrx_word' id='word_1_940' title='bbox 2658 5566 2702 5601; x_wconf 87' lang='grc'><strong>³⁷</strong></span> <span class='ocrx_word' id='word_1_941' title='bbox 2729 5567 2947 5654; x_wconf 26' lang='lat' dir='ltr'><strong>{exvit</strong></span> <span class='ocrx_word' id='word_1_942' title='bbox 2968 5609 2983 5634; x_wconf 95' lang='lat'><strong>,</strong></span> <span class='ocrx_word' id='word_1_943' title='bbox 3015 5569 3070 5623; x_wconf 73' lang='grc'><strong>4.</strong></span> <span class='ocrx_word' id='word_1_944' title='bbox 3147 5568 3315 5624; x_wconf 77' lang='lat' dir='ltr'><strong>“Act.</strong></span> <span class='ocrx_word' id='word_1_945' title='bbox 3348 5581 3446 5636; x_wconf 89' lang='lat' dir='ltr'><strong>vn,</strong></span> <span class='ocrx_word' id='word_1_946' title='bbox 3477 5563 3546 5618; x_wconf 67' lang='lat'><strong>48</strong></span> <span class='ocrx_word' id='word_1_947' title='bbox 3567 5583 3582 5631; x_wconf 89' lang='lat'><strong>;</strong></span> <span class='ocrx_word' id='word_1_948' title='bbox 3605 5577 3749 5639; x_wconf 76' lang='lat' dir='ltr'><strong>xm,</strong></span> 
     </span>
    </p>
   </div>
   <div class='ocr_carea' id='block_1_118' title="bbox 1236 5628 2210 5704">
    <p class='ocr_par' dir='ltr' id='par_1_118' title="bbox 1236 5628 2210 5704">
     <span class='ocr_line' id='line_1_118' title="bbox 1236 5628 2210 5704; baseline 0.011 -22"><span class='ocrx_word' id='word_1_949' title='bbox 1236 5628 1391 5682; x_wconf 75' lang='lat' dir='ltr'><strong>Rom.</strong></span> <span class='ocrx_word' id='word_1_950' title='bbox 1418 5643 1539 5697; x_wconf 79' lang='lat' dir='ltr'><strong>xm,</strong></span> <span class='ocrx_word' id='word_1_951' title='bbox 1565 5629 1652 5685; x_wconf 77' lang='lat' dir='ltr'><strong>M.</strong></span> <span class='ocrx_word' id='word_1_952' title='bbox 1729 5631 1773 5663; x_wconf 78' lang='lat'>“</span> <span class='ocrx_word' id='word_1_953' title='bbox 1805 5632 1964 5693; x_wconf 82' lang='lat' dir='ltr'><strong>Joan.</strong></span> <span class='ocrx_word' id='word_1_954' title='bbox 2003 5649 2078 5704; x_wconf 85' lang='lat' dir='ltr'><strong>vt,</strong></span> <span class='ocrx_word' id='word_1_955' title='bbox 2124 5637 2210 5692; x_wconf 75' lang='lat' dir='ltr'><strong>t9.</strong></span> 
     </span>
    </p>
   </div>
   <div class='ocr_carea' id='block_1_119' title="bbox 2317 5638 2924 5702">
    <p class='ocr_par' dir='ltr' id='par_1_119' title="bbox 2317 5638 2924 5702">
     <span class='ocr_line' id='line_1_119' title="bbox 2317 5638 2924 5702; baseline 0.003 -10"><span class='ocrx_word' id='word_1_956' title='bbox 2317 5638 2361 5669; x_wconf 71' lang='lat'>”</span> <span class='ocrx_word' id='word_1_957' title='bbox 2398 5639 2586 5692; x_wconf 82' lang='lat' dir='ltr'><strong>Matth.</strong></span> <span class='ocrx_word' id='word_1_958' title='bbox 2623 5655 2701 5702; x_wconf 81' lang='lat' dir='ltr'><strong>Ix,</strong></span> <span class='ocrx_word' id='word_1_959' title='bbox 2733 5639 2924 5694; x_wconf 68' lang='lat'><strong>20-22.</strong></span> 
     </span>
    </p>
   </div>
   <div class='ocr_carea' id='block_1_120' title="bbox 2243 5726 3140 5796">
    <p class='ocr_par' dir='ltr' id='par_1_120' title="bbox 2243 5726 3140 5796">
     <span class='ocr_line' id='line_1_120' title="bbox 2243 5726 3140 5796; baseline 0.003 -17"><span class='ocrx_word' id='word_1_960' title='bbox 2243 5726 2358 5796; x_wconf 72' lang='lat' dir='ltr'><strong>(li)</strong></span> <span class='ocrx_word' id='word_1_961' title='bbox 2385 5727 2673 5784; x_wconf 75' lang='lat' dir='ltr'><strong>Dicentem.</strong></span> <span class='ocrx_word' id='word_1_962' title='bbox 2703 5727 2862 5786; x_wconf 83' lang='lat' dir='ltr'><strong>Forte</strong></span> <span class='ocrx_word' id='word_1_963' title='bbox 2891 5731 3140 5786; x_wconf 71' lang='lat' dir='ltr'><strong>dicentes.</strong></span> 
     </span>
    </p>
   </div>
  </div>
