4134 6474
453 346 594 401 1125

1404 343 1492 399 DE
1525 342 1987 401 INCORPORALI
2027 342 2114 397 ET
2152 343 2495 400 INVISIBILI
2535 343 2691 401 DEO.

3572 348 3713 404 “26

450 465 801 521 habuerimus
859 464 926 519 de
956 463 1212 519 invisibili
1266 464 1395 520 Deo.
1422 466 1555 520 Cum
1584 476 1761 519 autem
1792 466 1916 535 quis
1942 472 2034 518 aut
2063 469 2109 525 Α
2137 464 2402 517 inteuecta
2436 463 2913 533 conspiciuntur“.
2962 462 3099 530 Quid
3140 470 3245 530 est,
3278 464 3549 521 intellecta
3575 482 3711 522 con-

450 559 780 627 dcspexerit,
812 567 905 612 aut
960 559 1147 613 audire
1204 558 1458 623 noluerit,
1486 569 1579 613 aut
1602 560 1902 628 intelligere
1929 560 2029 612 mi-

449 666 551 705 nus
598 650 858 720 poluerit,
888 652 1015 719 quid
1061 660 1216 721 putas
1243 650 1387 706 erit?
1439 650 1555 705 Noli
1592 666 1777 706 errare
1815 667 1844 704 a
1894 652 2023 704 Deo.

446 742 591 797 Laus
620 744 733 807 Dei,
757 744 961 812 agnitio
986 754 1070 798 est
1104 744 1219 799 Dei.
1250 742 1558 799 Secundum
1598 744 1741 812 quod
1765 753 1848 797 est
1873 745 2028 799 nobis

446 834 705 903 possibile
745 834 999 889 recedere
1047 850 1076 889 a
1132 835 1552 890 consuetudine.
1598 833 1713 888 Non
1749 834 2024 889 hominem

447 929 645 995 quaeris
696 936 755 981 ut
786 928 997 996 aperias
1044 926 1092 981 ei
1145 926 1328 981 oculos
1355 927 1466 999 (15)
1493 936 1546 981 et
1586 942 1767 991 aures,
1799 939 1854 981 et
1886 942 1946 981 os
1972 934 2027 981 et

446 1019 709 1088 linguam,
761 1032 814 1073 et
848 1006 1062 1083 manus,
1100 1027 1152 1072 et
1178 1027 1387 1088 pectus,
1419 1029 1473 1073 et
1520 1018 1706 1088 pedes,
1740 1026 1795 1072 et
1857 1034 2026 1087 ponas

444 1113 544 1165 sub
568 1124 630 1165 eo
658 1111 880 1176 sedem,
915 1121 968 1164 et
1000 1110 1260 1180 subjicias
1290 1108 1605 1170 scabellum,
1636 1117 1691 1163 et
1751 1124 2024 1179 supponas

451 1212 677 1256 terram.
724 1200 840 1257 Non
896 1211 979 1256 est
1027 1218 1094 1255 ex
1149 1202 1304 1256 nobis
1336 1201 1620 1265 Dominus,
1656 1201 1748 1256 sed
1796 1217 1893 1256 nos
1929 1217 2025 1270 per

443 1296 618 1364 ipsum
661 1311 868 1349 sumus.
898 1295 991 1349 Vis
1032 1305 1211 1348 autem
1261 1294 1502 1349 ediscere
1528 1294 1651 1362 quia
1701 1308 1805 1348 non
1828 1304 1925 1348 .est
1956 1310 2022 1348 ex

442 1387 640 1442 nobis?
670 1386 743 1442 De
770 1386 907 1442 Filio
937 1388 1053 1455 ejus
1074 1402 1196 1440 cum
1232 1387 1435 1441 dictum
1462 1395 1633 1449 esset,
1685 1384 2021 1450 Emmanuel,

441 1477 711 1531 nobiscum
772 1477 1002 1543 Deus”;
1055 1491 1160 1531 non
1227 1475 1545 1545 simpliciter
1602 1477 1880 1531 nobiscum
1938 1486 2023 1531 est

441 1569 665 1633 dictum,
696 1569 790 1622 sed
826 1585 947 1623 cum
990 1570 1041 1623 iu
1098 1584 1328 1637 corpore
1375 1571 1523 1624 venit
1569 1568 1857 1633 Dominus,
1894 1579 2021 1624 tunc

441 1662 721 1716 nobiscum
751 1679 766 1716 :
792 1677 913 1716 cum
943 1661 1103 1732 Virgo
1130 1662 1182 1715 in
1217 1671 1370 1717 utero
1420 1662 1673 1731 concepit
1706 1703 1720 1729 ,
1752 1671 1876 1716 tunc
1925 1676 2020 1715 no-

442 1757 654 1810 biscum
703 1756 866 1811 Deus.
905 1756 1045 1812 Ante
1092 1757 1249 1811 istam
1308 1766 1488 1810 autem
1536 1757 2017 1827 dispensationem,

440 1848 604 1901 etiam
640 1848 763 1902 dum
794 1859 940 1903 esset
970 1864 1225 1917 praesens,
1280 1863 1387 1903 non
1436 1857 1553 1902 erat
1604 1850 1907 1905 nobiscum.
1963 1847 2021 1903 Si

439 1939 583 1991 enim
613 1952 810 2005 corpus
845 1937 1040 1993 feceris
1072 1939 1235 1992 Deum
1262 1976 1277 2003 ,
1302 1949 1357 1991 et
1385 1952 1581 2007 corpus
1624 1938 2019 2009 plenitudinem

439 2030 561 2085 caeli
594 2038 649 2084 et
681 2040 862 2094 terrae,
896 2039 991 2084 aut
1020 2032 1165 2101 quod
1203 2043 1425 2100 superat
1452 2047 1615 2103 supra
1641 2034 1785 2100 haec;
1816 2034 1867 2087 in
1905 2033 2023 2103 ipso

438 2136 607 2191 pones
636 2120 855 2189 cmlum,
881 2131 935 2176 et
967 2130 1126 2177 terrae
1152 2122 1379 2192 lapides,
1408 2132 1463 2178 et
1506 2128 1684 2179 omnia
1722 2140 1840 2194 quae
1874 2133 2017 2180 sunt.

438 2212 494 2265 Si
514 2212 655 2266 enim
688 2222 747 2267 ut
769 2228 966 2281 corpus
989 2222 1340 2267 coexteusum
1370 2225 1453 2267 est
1475 2215 1819 2283 corporibus,
1845 2218 2021 2285 primo

437 2303 655 2371 quidem
677 2305 931 2360 abstrahe
970 2306 1151 2360 omnia
1179 2346 1194 2371 ,
1237 2316 1294 2360 ut
1325 2306 1498 2362 locum
1531 2307 1727 2362 habeat
1760 2309 1922 2363 Deus.
1961 2308 2018 2363 Si

436 2394 581 2449 enim
630 2411 826 2466 corpus
865 2406 1271 2467 estmagnum:
1304 2405 1598 2465 egestatem
1656 2398 1777 2452 dico
1818 2413 2019 2468 paupe-

438 2504 586 2555 rum,
619 2503 724 2542 non
755 2488 944 2557 implet
964 2489 1142 2543 omnia
1179 2504 1191 2539 :
1220 2488 1400 2542 nullus
1423 2490 1563 2543 alius
1590 2490 1785 2544 habeat
1816 2490 2015 2544 locum.

437 2577 634 2634 Omnia
669 2578 813 2634 enim
842 2579 1101 2649 prmvenit
1137 2578 1299 2637 Deus.
1332 2578 1398 2633 Et
1431 2580 1575 2634 sicut
1610 2580 1873 2648 repletum
1921 2596 2015 2636 vas

442 2670 628 2733 fuerit,
653 2685 719 2724 eo
746 2672 835 2739 qui
868 2680 1223 2740 prascesscrat
1262 2671 1523 2739 replente,
1568 2688 1673 2727 non
1724 2683 1808 2726 est
1869 2673 2017 2729 locus

436 2774 496 2815 ut
518 2763 933 2831 supermittatur
974 2763 1172 2832 aliquid
1221 2762 1366 2817 aliud
1398 2780 1412 2817 :
1448 2764 1518 2818 ita
1566 2765 1610 2818 si
1646 2764 1788 2819 Deus
1822 2780 2018 2833 corpus

435 2862 536 2916 est,
582 2856 856 2922 praecessit
916 2864 1095 2909 autem
1153 2857 1377 2922 omnia,
1416 2871 1522 2910 non
1572 2857 1766 2911 habeat
1820 2858 2015 2913 coelum

436 2946 613 3001 locum
663 2956 722 3003 ut
777 2947 963 3014 faciat,
1026 2962 1202 3018 neque
1264 2957 1405 3003 terra
1461 2948 1677 3014 locum;
1741 2952 2019 3017 praecessit

436 3040 580 3093 enim
607 3040 765 3096 Deus.
801 3041 857 3095 Si
897 3050 1076 3094 autem
1110 3050 1191 3094 est
1219 3039 1412 3094 caelum
1442 3051 1498 3094 et
1524 3048 1688 3103 terra,
1733 3050 1787 3096 et
1824 3057 1974 3096 mare
2000 3083 2015 3107 ,

443 3142 494 3185 et
532 3149 658 3197 aer,
692 3132 1045 3188 nulluslocus
1083 3142 1169 3187 est
1197 3147 1435 3187 vacuus:
1482 3148 1658 3202 neque
1708 3148 1774 3188 ex
1825 3146 2014 3187 natura
2043 3155 2086 3213 ο

432 3239 621 3277 eorum
679 3240 967 3291 corporum
1026 3241 1147 3293 qua:
1195 3226 1397 3288 insunt,
1432 3238 1609 3292 neque
1632 3239 1698 3279 ex
1730 3228 2015 3293 praesentia

439 3315 532 3368 Dei
563 3332 577 3380 ;
612 3317 737 3384 quia
772 3330 866 3382 per
895 3330 1120 3383 corpora
1149 3306 1442 3385 penetrans
1466 3316 1641 3379 adest,
1680 3331 1784 3370 non
1817 3333 2016 3387 corpus

434 3409 548 3475 ipse
575 3418 676 3461 est.
710 3406 987 3476 Siquidem
1018 3422 1116 3461 nec
1165 3409 1210 3461 si
1237 3409 1414 3461 anima
1461 3420 1643 3463 nostra
1696 3420 1844 3464 esset
1891 3426 2013 3464 cor-

435 3517 554 3568 pus,
584 3512 800 3570 poterat
834 3517 953 3556 esse
981 3501 1033 3555 in
1066 3516 1314 3571 corpore.
1335 3500 1492 3557 Sicut
1522 3504 1666 3557 enim
1707 3505 2013 3573 suscipiens

434 3589 625 3663 aquam
649 3612 757 3649 non
794 3604 975 3649 manet
1007 3605 1267 3665 quantum
1294 3604 1434 3658 erat,
1467 3596 1560 3650 sed
1588 3596 2013 3652 additamentum

434 3696 594 3755 auget
636 3686 1062 3756 magnitudinem
1095 3700 1403 3740 mensurae:
1437 3686 1507 3740 ita
1561 3702 1756 3756 corpus
1791 3688 2010 3756 corpori

433 3781 814 3847 compositum.
844 3778 909 3832 Et
944 3779 1081 3832 sicut
1125 3779 1391 3844 aediﬁciis,
1423 3788 1475 3833 et
1507 3780 1756 3843 navibus,
1789 3792 1845 3833 et
1882 3781 2013 3835 cho-

435 3869 534 3936 ris,
564 3876 617 3923 et
651 3869 883 3938 populis,
908 3876 963 3921 et
982 3866 1312 3932 civitatibus,
1338 3876 1393 3922 et
1436 3869 1601 3938 agris,
1630 3876 1682 3922 et
1709 3866 2011 3932 arboribus,

432 3960 574 4014 aliud
595 3959 700 4014 alio
732 3959 974 4013 additum
1020 3968 1183 4028 auget
1219 3958 1689 4028 magnitudinem:
1742 3959 1785 4013 si
1832 3968 2010 4011 autem

431 4061 693 4121 angustus
724 4049 890 4103 fuerit
920 4048 1090 4114 locus,
1124 4062 1244 4117 quae
1286 4056 1721 4116 praecesserunt,
1754 4062 1874 4117 quae
1912 4063 2005 4100 an.

430 4153 537 4196 tem
591 4141 1151 4205 subintroducuntur,
1216 4157 1320 4195 non
1367 4140 1644 4194 habebunt
1709 4140 1909 4195 locum.
1953 4140 2011 4195 Si

429 4230 592 4300 igitur
642 4244 871 4299 corpora
933 4230 1207 4283 adduntur
1262 4231 1477 4299 corpori
1529 4231 1825 4286 constituto
1877 4231 2009 4300 Dec,

428 4322 739 4392 angelisque
773 4323 933 4385 Deus,
966 4331 1123 4389 putas
1147 4338 1251 4377 non
1274 4333 1394 4377 erat
1421 4322 1696 4391 perfectus
1716 4334 2009 4395 antequam

427 4417 716 4470 adderetur
746 4414 980 4470 cmlum?
1015 4414 1071 4469 Si
1102 4425 1283 4469 autem
1326 4415 1444 4484 ipse
1472 4427 1589 4470 erat
1624 4417 1898 4485 perlectus
1955 4429 2011 4472 et

2131 556 2470 620 spiciuntur?
2504 556 2667 621 Deus,
2719 556 2917 625 inquit,
2977 556 3247 611 intellecta
3288 556 3540 613 visibilis.
3568 556 3714 613 Visi-

2130 647 2253 701 bilis
2311 656 2488 701 autem
2538 648 2735 702 dicitur
2776 648 2849 701 ita
2892 647 3033 701 sicut
3060 647 3318 716 scriptum
3355 659 3458 716 est,
3508 648 3576 704 Et
3602 650 3713 704 vidi

2129 738 2391 793 visionem
2424 739 2514 794 Dei
2553 758 2566 793 :
2605 739 2899 803 intellecta,
2930 748 3119 808 utpote
3148 750 3475 811 suggerente
3510 740 3709 805 oculis,

2128 844 2247 898 quae
2269 830 2397 884 vidit
2422 844 2543 885 esse
2572 830 2830 899 inscripta
2856 831 2906 883 in
2936 831 3194 899 operibus
3224 830 3359 898 ejus.
3397 830 3527 898 Quae
3565 834 3710 887 enim

2129 918 2390 989 inscripta
2418 931 2565 987 sunt,
2611 922 2765 976 nobis
2808 921 3115 975 necessaria
3151 922 3422 976 videntur.
3457 923 3569 978 Cur
3611 938 3709 978 au-

2127 1019 2234 1064 tem
2265 1010 2357 1064 illa
2384 1011 2539 1065 audis
2565 1026 2683 1080 quae
2713 1011 3000 1066 visibiliter
3024 1012 3168 1066 dicta
3215 1023 3360 1079 sunt,
3387 1026 3578 1068 natura
3610 1030 3708 1069 au-

2131 1113 2234 1157 tem
2286 1118 2415 1158 vere
2447 1115 2502 1159 et
2536 1104 2910 1174 principaliter
2957 1119 3064 1158 non
3103 1104 3381 1159 admittis?
3425 1105 3542 1160 Vidi
3598 1107 3705 1161 Do-

2128 1197 2354 1261 minum,
2388 1197 2585 1251 audisti
2620 1212 2634 1248 ς
2675 1196 2967 1251 invisibilia
2993 1195 3108 1262 ejus
3132 1210 3237 1249 non
3272 1196 3509 1251 audisti?
3534 1196 3704 1250 Audi-

2127 1290 2192 1343 sti
2221 1291 2348 1359 quia
2380 1291 2470 1345 ille
2498 1291 2686 1346 nescio
2720 1292 2809 1360 qui
2834 1292 2971 1344 vidit
3006 1290 3317 1357 Dominum,
3356 1292 3526 1346 Deum
3550 1308 3708 1348 nemo

2125 1382 2257 1435 vidit
2296 1399 2530 1451 unquam
2565 1400 2669 1438 non
2698 1384 2940 1439 audisti?
2969 1384 3183 1439 Audisti
3216 1385 3340 1453 quia
3387 1386 3477 1440 ille
3531 1387 3704 1451 novit,

2125 1488 2300 1544 neque
2336 1475 2489 1539 vidit,
2517 1491 2698 1546 neque
2728 1477 2914 1531 videre
2940 1477 3142 1547 poterit
3170 1494 3183 1529 :
3220 1492 3325 1531 non
3363 1478 3581 1546 audisti,
3609 1478 3707 1533 sed

2125 1567 2332 1620 audivit
2366 1582 2487 1622 eum
2514 1568 2683 1624 Filius
2708 1584 2843 1624 suus
2872 1571 3089 1640 magis?
3132 1583 3392 1641 quantum
3421 1573 3534 1641 ipse
3558 1570 3704 1626 enim

2126 1660 2275 1713 novit
2318 1659 2533 1714 Patrem
2575 1677 2735 1716 suum
2784 1664 2875 1733 qui
2910 1664 2988 1716 ait
3018 1684 3030 1718 :
3070 1662 3253 1733 Neque
3274 1680 3445 1717 vocem
3474 1663 3588 1733 ejus
3614 1678 3708 1717 un-

2123 1769 2279 1821 quam
2302 1755 2549 1820 audistis,
2579 1772 2741 1825 neque
2787 1756 2977 1824 faciem
3002 1754 3114 1824 ejus
3153 1757 3353 1809 vidistis
3380 1754 3448 1809 ⁸⁵.
3507 1753 3564 1808 Si
3610 1769 3708 1808 au-

2127 1856 2234 1901 tem
2260 1847 2496 1902 volueris
2524 1862 2591 1901 ex
2621 1849 2729 1903 tuis
2757 1863 3053 1919 agnoscere
3084 1848 3274 1913 Deum,
3299 1859 3355 1904 et
3378 1860 3427 1902 te
3455 1858 3509 1903 et
3533 1848 3703 1903 Deum

2125 1938 2444 2007 ignorabis':
2481 1938 2578 1994 sed
2618 1954 2846 2008 sequere
2882 1941 3121 2005 humilis,
3151 1943 3434 1996 considera
3471 1940 3567 1995 ubi
3604 1941 3701 1995 sis.

2124 2031 2168 2085 0
2208 2043 2467 2095 quantum
2508 2032 2652 2086 inter
2708 2042 2760 2087 te
2818 2040 2873 2086 et
2911 2033 3110 2088 calum
3168 2034 3428 2087 interest!
3472 2031 3705 2100 amplius

2122 2131 2302 2175 autem
2332 2124 2730 2193 derelinquitur
2758 2125 2954 2178 ccelum
2981 2140 3008 2178 a
3032 2125 3158 2179 Deo.
3181 2125 3294 2180 Non
3328 2125 3518 2194 spatiis
3543 2124 3700 2183 dico:

2124 2213 2255 2266 nihil
2289 2216 2433 2267 enim
2466 2215 2740 2268 desertum
2771 2214 2880 2269 Deo
2911 2224 2992 2269 est
3029 2234 3040 2268 :
3074 2216 3125 2268 in
3169 2215 3315 2268 nullo
3348 2223 3528 2269 autem
3568 2214 3701 2271 reti-

2123 2313 2280 2357 netur
2304 2303 2464 2358 Deus.
2502 2304 2665 2359 Forte
2702 2305 2791 2359 isti
2822 2320 3103 2361 sermones
3145 2306 3302 2359 aliam
3340 2306 3575 2375 linguam
3603 2320 3701 2358 ne-

2120 2394 2410 2448 cessariam
2451 2395 2673 2462 habent,
2695 2398 2821 2463 quia
2868 2398 3008 2452 etde
3033 2398 3137 2450 alia
3176 2406 3367 2449 natura
3429 2398 3699 2450 dicuntur.

2119 2485 2250 2539 Cum
2307 2486 2470 2555 igitur
2520 2502 2800 2542 sermones
2867 2488 2995 2541 moti
3075 2488 3277 2541 iuerint
3334 2487 3384 2541 in
3446 2487 3701 2550 ecclesia,

2119 2576 2382 2645 siquidem
2411 2577 2475 2631 de
2508 2578 2758 2632 humanis
2790 2580 3020 2648 negotiis
3047 2619 3061 2643 ,
3109 2580 3478 2649 unusquisque
3507 2589 3704 2634 acutus

2119 2677 2172 2722 et
2198 2682 2321 2722 acer
2350 2670 2584 2734 auditor,
2615 2680 2668 2724 et
2698 2688 2764 2725 ex
2810 2674 3009 2741 quibus
3043 2673 3272 2739 patitur,
3317 2684 3370 2725 et
3408 2686 3474 2724 ex
3504 2673 3702 2739 quibus

2118 2760 2353 2813 admittit
2384 2763 2678 2829 respiciens
2710 2764 2775 2817 ad
2811 2764 3106 2828 dicentem,
3137 2772 3192 2818 et
3231 2778 3553 2832 comparans
3578 2779 3699 2834 quae

2119 2850 2369 2904 dicantur
2399 2852 2481 2905 his
2513 2867 2633 2921 quae
2671 2856 2807 2923 agit,
2834 2864 2890 2910 et
2915 2872 3035 2924 quae
3062 2856 3413 2925 proferuntur
3463 2857 3544 2911 his
3583 2872 3702 2927 qua:

2119 2944 2355 3011 patitur;
2383 2946 2565 2999 statim
2616 2949 2853 3015 prudens
2896 2958 2951 3001 et
2994 2950 3346 3018 scrupulosus
3374 2950 3587 3005 auditor
3644 2961 3699 3003 et

2120 3040 2338 3105 agnovit
2365 3048 2417 3092 et
2446 3042 2742 3094 consensit.
2770 3040 2903 3095 Cum
2947 3054 3129 3096 autem
3156 3046 3703 3099 transmutaverimus

2120 3143 2447 3197 sermonem,
2481 3134 2620 3186 etab
2650 3133 2900 3187 humanis
2935 3137 3343 3200 recesserimus,
3369 3145 3423 3190 et
3448 3136 3514 3190 ad
3534 3136 3699 3189 Deum

2120 3229 2356 3273 mentem
2406 3225 2808 3278 ostenderimus
2846 3224 2960 3295 (17)
3014 3236 3255 3280 nostram
3299 3245 3311 3280 :
3373 3227 3495 3281 istic
3545 3226 3697 3280 multi

2119 3313 2335 3381 quidem
2378 3315 2739 3378 suscitantur,
2787 3315 3004 3384 quidam
3061 3328 3356 3383 gravantur
3401 3331 3433 3371 a
3485 3331 3700 3382 somno,

2119 3402 2465 3457 aliidelirare
2507 3406 3024 3472 putantdicentem.
3063 3407 3130 3462 Ut
3182 3418 3363 3463 autem
3414 3410 3699 3464 condiseas

2117 3492 2222 3547 hoc
2249 3494 2439 3547 vitium
2469 3495 2540 3548 ita
2575 3511 2715 3559 esse,
2759 3497 2959 3551 audeat
3009 3500 3133 3568 quis
3170 3500 3428 3554 bonesuts
3486 3501 3700 3570 ingres-

2117 3597 2210 3639 sus
2241 3586 2507 3641 theatrum
2536 3588 2717 3643 dicere
2746 3603 2873 3643 vera
2925 3592 3008 3645 his
3050 3593 3139 3661 qui
3188 3593 3441 3648 mendose
3481 3595 3698 3649 conﬁn-

2115 3687 2268 3746 gunt,
2294 3688 2347 3732 et
2377 3693 2658 3736 assumere
2691 3684 3053 3737 constantiam
3083 3685 3371 3751 decoram;
3410 3686 3453 3739 si
3509 3696 3693 3741 autem

2116 3781 2169 3826 et
2200 3771 2251 3825 in
2279 3771 2369 3826 illo
2400 3774 2655 3827 decorum
2680 3786 2761 3829 est
2787 3777 2993 3847 ingredi
3024 3776 3177 3843 loco;
3211 3787 3265 3831 et
3297 3779 3517 3847 incipiat
3543 3780 3691 3834 dice-

2116 3876 2175 3919 re
2203 3882 2215 3916 :
2246 3864 2519 3929 Insanitis,
2544 3881 2576 3920 o
2601 3865 2849 3920 homines
2881 3883 2897 3923 :
2935 3883 3042 3923 non
3081 3870 3273 3923 videtis
3316 3869 3487 3923 oculis
3520 3889 3533 3925 :
3567 3885 3693 3923 sur-

2116 3956 2197 4010 dae
2220 3957 2371 4011 vobis
2392 3969 2519 4013 sunt
2548 3974 2727 4014 aures.
2762 3960 2866 4016 Iste
2909 3962 3052 4017 enim
3081 3962 3172 4031 qui
3206 3962 3385 4029 saltat,
3420 3962 3559 4015 ludit
3598 3978 3692 4016 ve-

2117 4064 2282 4106 SIram
2302 4053 2614 4118 eultionem,
2638 4054 2886 4122 deturpat
2913 4070 2977 4109 ea
3021 4070 3140 4124 qua:
3177 4054 3389 4122 colitis,
3428 4053 3690 4108 mentitur

2116 4148 2240 4212 iste,
2269 4155 2324 4201 et
2353 4162 2451 4202 vos
2475 4146 2816 4203 consentitis.
2848 4147 3013 4203 Putas
3042 4149 3318 4218 patientur
3339 4188 3354 4211 ,
3387 4158 3443 4200 ut
3478 4147 3697 4217 impleat

2115 4239 2520 4294 accusationem
2549 4250 2603 4293 et
2632 4240 3029 4295 convictionem
3048 4281 3061 4304 ,
3086 4250 3140 4294 et
3168 4256 3273 4294 non
3301 4240 3469 4309 ipsius
3496 4238 3697 4294 theatri

2117 4327 2447 4395 accipientes
2483 4327 2687 4396 lapides
2724 4329 2901 4383 mittet
2947 4338 3040 4383 aut
3075 4329 3257 4383 volvet
3297 4329 3696 4399 unusquisque,

2115 4427 2175 4471 ut
2204 4420 2249 4473 ei
2294 4418 2457 4473 fuerit
2482 4420 2676 4485 virtus,
2708 4432 2964 4490 tanquam
3018 4422 3082 4476 ad
3124 4424 3467 4492 deceptorem
3510 4432 3565 4477 et
3615 4424 3697 4477 in-

427 4517 763 4578 praavenerat
795 4506 998 4571 omnia,
1023 4522 1129 4561 non
1163 4507 1436 4561 habebant
1463 4498 1649 4561 locum
1676 4523 1849 4575 mare,
1895 4519 2006 4563 ter-
2041 4496 2085 4551 Ῑ)
2116 4513 2473 4569 terﬁcientem
2514 4514 2605 4585 qui
2656 4515 2980 4569 beneﬁcium
3027 4515 3337 4569 tribuebat?
3398 4515 3453 4570 Si
3516 4526 3695 4570 autem

426 4617 485 4655 ra
508 4609 563 4656 et
594 4599 813 4655 ctelum.
847 4598 904 4654 Si
941 4608 1122 4652 autem
1164 4600 1383 4668 quidem
1414 4599 1515 4654 ista
1546 4610 1695 4667 sunt,
1733 4600 1873 4657 Deus
1910 4617 2009 4655 au-

427 4702 534 4746 tem
558 4706 620 4745 ea
675 4690 822 4754 fecit,
853 4698 909 4742 et
941 4690 1228 4758 gubernat,
1254 4699 1310 4745 et
1349 4679 1524 4760 regit;
1584 4692 1872 4749 invisibilis
1925 4704 2009 4747 est

424 4792 605 4835 rector
640 4777 998 4833 invisibilihus
1046 4780 1202 4847 aquis
1248 4791 1585 4849 superstans.
1631 4782 1688 4837 Si
1720 4783 1862 4836 enim
1893 4783 2007 4853 ipse

424 4888 531 4927 non
605 4879 845 4939 regeret,
900 4885 1173 4940 nunquam
1217 4886 1375 4940 passa
1425 4875 1614 4928 fuisset
1662 4884 1803 4929 terra
1833 4891 2005 4941 mare,

422 4974 476 5016 et
503 4975 677 5031 neque
701 4976 848 5015 mare
873 4969 1096 5028 terram,
1143 4962 1370 5018 adversa
1423 4976 1479 5018 et
1520 4965 1747 5034 iurgans
1808 4979 2001 5021 natura

421 5065 476 5109 et
497 5058 713 5126 erigens
755 5034 847 5118 se,
878 5066 932 5108 et
980 5056 1270 5123 extollens,
1326 5066 1381 5111 et
1432 5058 1667 5125 minans,
1698 5060 1893 5115 indens
1947 5069 2000 5116 et

422 5149 755 5202 contendens
788 5147 897 5217 (16)
925 5163 939 5210 ;
970 5147 1224 5201 invisibili
1255 5157 1435 5203 autem
1465 5165 1625 5204 manu
1651 5167 1745 5205 sua
1782 5154 2005 5209 statutis

421 5240 525 5294 sibi
554 5240 799 5317 terminis
826 5242 892 5295 lis
914 5255 1016 5294 non
1051 5240 1467 5309 transgreditur.
1514 5241 1657 5309 Ergo
1685 5257 1781 5311 per
1814 5245 2004 5299 visibi-

422 5332 491 5387 lia
534 5333 819 5388 invisibilis
886 5334 1241 5403 conspicitur,
1270 5334 1415 5388 sicut
1440 5335 1706 5405 scriptum
1733 5346 1814 5390 est
1848 5356 1862 5391 :
1899 5337 2001 5392 In-

425 5426 647 5480 risibilia
670 5436 845 5480 autent
870 5428 985 5482 eius
1018 5443 1110 5498 per
1136 5437 1435 5480 creaturam
1458 5428 1643 5482 mundi
1669 5444 1733 5483 ea:
1757 5431 1999 5498 operibus

490 5578 537 5611 ’⁵³
564 5571 753 5637 Matth.
773 5596 813 5647 ι,
843 5580 933 5635 25.
1010 5581 1056 5611 ⁸⁸
1080 5580 1236 5636 Rom.
1258 5598 1295 5647 l,
1325 5580 1414 5635 20.
1494 5582 1537 5612 ⁸⁸
1563 5580 1721 5637 Joan.
1748 5598 1803 5651 ν,
1831 5583 1927 5639 57.

493 5742 602 5813 (l5)
628 5742 723 5796 Ms.
763 5741 833 5796 Ut
869 5759 1099 5810 apponas
1120 5744 1167 5797 ei
1190 5743 1387 5801 oculos.

498 5813 607 5870 lib‘l
634 5813 731 5870 bis.
752 5814 818 5869 Et
854 5815 1023 5869 minus
1049 5816 1232 5891 indens
1255 5824 1302 5869 et
1328 5814 1662 5871 contendens.

2116 4618 2171 4661 et
2199 4622 2484 4676 personam
2518 4608 2779 4672 comoedi,
2803 4609 3132 4663 autillorum
3159 4609 3248 4679 qui
3287 4607 3361 4662 illi
3402 4608 3695 4677 plurimum

2114 4700 2354 4755 clamore
2384 4710 2737 4765 consuerunt,
2792 4701 3056 4756 inducens
3097 4701 3220 4769 quis
3263 4699 3426 4755 fuerit
3490 4699 3694 4769 ingres-

2116 4806 2211 4846 sus
2240 4792 2292 4845 in
2332 4792 2515 4847 habitu
2550 4794 2768 4862 quidem
2811 4792 2942 4863 lupi,
2987 4794 3209 4863 incipiat
3254 4804 3434 4848 autem
3478 4794 3692 4847 dicere:

2116 4883 2213 4938 Est
2240 4882 2402 4949 Deus,
2436 4895 2490 4939 et
2522 4885 2625 4939 iste
2649 4902 2754 4939 non
2792 4886 2843 4939 in
2883 4886 3119 4954 templis,
3144 4902 3249 4941 non
3280 4887 3332 4940 in
3360 4886 3692 4947 simulacris,

2115 4992 2222 5030 non
2256 4978 2308 5031 in
2340 4978 2587 5047 picturis,
2615 4994 2723 5033 non
2745 4978 2797 5032 in
2831 4980 3081 5034 manibus
3125 4978 3435 5033 artiﬁcum:
3469 4978 3511 5033 si
3539 4978 3691 5031 dixe-

2106 5070 2186 5124 rit
2212 5085 2336 5125 vera
2368 5072 2507 5139 apud
2534 5085 2628 5125 eos
2656 5070 2746 5140 qui
2778 5071 3109 5127 meditantur
3134 5072 3325 5124 merula
3356 5070 3493 5141 (l8),
3534 5080 3691 5139 putas

2112 5160 2413 5213 concedent
2462 5160 2684 5228 implere
2737 5160 2982 5213 veritatis
3045 5175 3346 5224 sermones,
3392 5176 3496 5213 non
3565 5170 3690 5213 ante

2113 5266 2390 5307 sermones
2451 5253 2677 5307 obruent
2716 5266 2836 5306 eum
2881 5251 3149 5319 lapidibus
3197 5251 3508 5305 dicentem?
3557 5250 3689 5307 Nam

2113 5343 2215 5396 etsi
2242 5343 2365 5396 talia
2399 5359 2502 5397 non
2538 5345 2676 5398 ﬁunt
2718 5346 2768 5398 in
2829 5345 3093 5408 ecclesiis,
3134 5353 3310 5397 tamen
3350 5359 3473 5398 cum
3521 5360 3689 5414 supra

2112 5434 2525 5491 sensibilitatem
2591 5438 2923 5493 moverimus
2976 5451 3286 5493 sermonem
3321 5473 3339 5503 ,
3389 5436 3542 5492 multi
3588 5452 3688 5494 nos

2184 5742 2296 5817 (l7)
2338 5744 2734 5817 ostenderimus
2779 5746 2944 5802 Forte
2972 5747 3374 5806 extenderimus.

2181 5815 2294 5877 “8)
2331 5816 2546 5874 Menda.
2574 5817 2737 5877 Forte
2772 5820 3072 5875 mendacia.
