4134 6454
452 306 594 360 1127

1161 302 1429 360 EUSEBII
1466 301 1954 359 CIESARIENSIS
1991 302 2140 358 OPP.
2186 302 2366 357 PARS
2401 301 2496 358 IV.
2537 332 2607 346 --
2644 299 3063 359 DOGMATICA.

3567 304 3700 356 “28

451 420 877 490 derelinquunt:
915 427 970 473 et
999 432 1224 488 corpore
1245 418 1459 486 quidem
1509 417 1837 473 erubescunt
1880 433 2027 472 rece—
2053 427 2101 484 Α
2127 432 2321 472 carnes
2359 415 2474 489 (20)
2520 417 2703 472 vivent
2735 433 2751 480 ;
2800 417 2896 473 sed
2949 418 3129 470 anima
3153 453 3172 482 ,
3223 425 3279 471 et
3321 416 3623 487 cogitatus,
3651 423 3701 472 e'

451 515 603 576 dere,
632 521 815 565 mente
841 517 1023 563 autem
1049 508 1178 562 olim
1208 507 1615 575 dereliquerunt
1654 522 1668 559 :
1708 518 2027 578 reputantes

450 605 595 674 apud
623 618 702 666 se,
739 601 909 670 magis
935 612 1116 653 autem
1144 597 1460 652 fraudantcs
1493 609 1548 652 et
1578 613 1686 653 non
1732 599 2028 652 admitten-

451 704 556 752 tes.
610 693 705 750 Est
751 707 881 762 ergo
933 690 1138 759 aliquid
1181 689 1324 756 quod
1355 705 1461 743 non
1501 699 1679 758 potest
1726 705 1917 744 manus
1957 699 2028 744 te-

451 801 582 841 nere
615 803 630 839 :
661 793 746 838 est
799 781 1002 851 aliquid
1030 779 1176 850 quod
1201 793 1309 834 non
1341 788 1520 849 potest
1560 781 1753 836 oculus
1798 780 2024 836 videre:

452 885 538 933 est
567 874 769 945 aliquid
801 873 944 944 quod
1007 887 1114 928 non
1176 881 1261 926 est
1301 871 1658 928 sensibilitas.
1711 870 1829 927 Non
1861 872 2028 927 habes

452 973 691 1028 animam
713 971 736 1025 ‘l
761 968 940 1025 vidisti
975 969 1072 1024 ista
1097 964 1252 1038 (l9)?
1279 977 1438 1036 putas
1456 982 1608 1036 ergo,
1636 965 1761 1035 quia
1789 965 2024 1019 animam

454 1082 558 1120 non
589 1063 771 1117 vidisti
799 1072 968 1123 tuam,
999 1077 1102 1116 non
1133 1070 1219 1115 est
1250 1059 1394 1129 quod
1434 1058 1640 1113 habes?
1680 1067 1736 1113 et
1781 1070 1931 1112 certe
1959 1057 2025 1111 de

450 1157 631 1212 anima
663 1155 860 1210 dubius
892 1169 1012 1208 esse
1039 1169 1143 1208 non
1174 1153 1337 1207 debes
1361 1151 1404 1206 si
1435 1159 1539 1214 est,
1564 1151 1656 1205 sed
1682 1150 1749 1204 de
1777 1165 2021 1220 corpore.

449 1246 676 1314 Corpori
715 1245 857 1299 enim
896 1255 957 1299 ut
989 1245 1084 1309 sit,
1121 1245 1410 1312 praesentia
1437 1241 1568 1296 facit
1603 1241 1798 1296 animae
1839 1260 1852 1295 :
1895 1256 2022 1294 num

450 1342 616 1394 debes
643 1337 926 1393 dubitare?
961 1338 1017 1391 Si
1051 1337 1200 1390 videt
1224 1335 1413 1390 oculus
1451 1345 1594 1399 tuus,
1620 1334 1664 1389 si
1707 1341 1887 1404 gustat
1923 1331 2025 1385 lin-

449 1448 550 1502 gna
579 1441 631 1486 et
678 1432 939 1502 loquitur,
967 1440 1024 1486 et
1064 1430 1106 1484 si
1151 1430 1323 1500 tangit
1381 1442 1612 1493 manus;
1642 1441 1740 1481 cur
1787 1425 2022 1489 dubitas,

449 1535 507 1578 et
537 1541 646 1581 non
679 1526 853 1595 magis
886 1522 1169 1579 edoceris?
1222 1519 1464 1576 Ostendo
1508 1518 1605 1573 tibi
1646 1532 1843 1589 corpus
1889 1531 2026 1572 mor-

451 1617 570 1670 tui:
605 1616 790 1673 oculus
818 1615 867 1671 ei
919 1632 1025 1670 non
1081 1614 1252 1678 deest,
1301 1620 1354 1667 et
1388 1628 1495 1668 non
1558 1609 1746 1675 videt;
1785 1609 2020 1678 linguam

449 1709 634 1774 habet,
686 1721 743 1764 et
807 1721 1110 1763 sermonem
1143 1721 1246 1762 non
1291 1705 1488 1772 habet;
1559 1717 1720 1758 aures
1748 1700 1927 1766 habet,
1969 1708 2024 1754 et

2126 521 2338 570 sensus,
2373 509 2429 563 Si
2467 519 2647 563 autem
2669 518 2726 564 et
2755 509 3084 566 contenditis
3112 522 3235 563 esse
3259 524 3484 580 corpora
3513 521 3694 565 etear-

2126 615 2222 655 nes
2259 599 2392 660 Deo,
2423 613 2528 653 non
2558 613 2898 669 Opponamus
2936 598 2988 654 ei
3029 599 3122 668 qui
3169 615 3272 655 non
3304 600 3568 670 suscipit,
3609 603 3702 656 sed

2126 692 2196 746 sit
2222 700 2502 760 separatus
2529 699 2584 743 ut
2632 699 2736 758 est,
2784 691 2856 746 sit
2901 705 3084 760 purus,
3128 691 3200 745 sit
3243 691 3378 746 liber
3432 693 3702 761 corporali

2126 780 2319 836 affectu
2353 781 2420 836 ab
2453 782 2601 837 onmi
2636 780 2774 846 loco,
2801 781 2871 836 ab
2895 781 3044 836 omni
3073 783 3310 849 regione,
3339 783 3408 838 ab
3436 784 3582 838 omni
3605 800 3702 838 na-

2127 881 2267 926 tura.
2299 871 2458 927 Suhts
2483 875 2629 926 enim
2659 881 2748 928 est
2781 873 2833 928 in
2878 873 3204 944 semetipso,
3239 872 3385 928 solus
3431 875 3568 942 apud
3611 888 3702 928 se-

2125 964 2455 1034 metipsum,
2497 964 2642 1019 solus
2693 974 2970 1033 reparatus
3009 967 3076 1020 ad
3116 982 3204 1033 se,
3254 975 3307 1021 et
3347 980 3468 1020 cum
3506 965 3577 1020 sit
3618 981 3702 1020 re-

2125 1065 2347 1125 paratus
2375 1056 2440 1110 ad
2466 1070 2544 1121 se,
2578 1057 2807 1126 complet
2830 1057 3038 1126 omnia,
3073 1058 3167 1114 Sed
3193 1073 3298 1112 non
3323 1059 3697 1127 corporaliter.

2127 1143 2276 1200 Tuba
2306 1161 2442 1216 opus
2467 1155 2580 1213 est;
2640 1161 2744 1201 vox
2771 1147 3006 1202 maxima
3041 1148 3350 1202 necessaria
3387 1157 3470 1202 est
3515 1163 3530 1201 :
3587 1164 3702 1201 ma-

2124 1239 2208 1310 gis
2235 1248 2541 1295 autemnec
2586 1256 2708 1306 vox,
2747 1256 2845 1296 nec
2895 1241 3044 1306 tuba,
3098 1241 3195 1295 sed
3251 1254 3404 1295 mens
3454 1255 3610 1312 pura,
3641 1249 3704 1294 ut

2123 1332 2372 1386 videatur
2401 1332 2492 1401 qui
2527 1347 2634 1386 non
2661 1331 2896 1397 videtur,
2943 1332 3278 1386 utaudiatnr
3329 1332 3419 1402 qui
3466 1348 3570 1386 non
3611 1346 3702 1384 au-

2128 1421 2294 1491 ditur,
2327 1432 2385 1477 nt
2425 1423 2756 1493 intelligatur
2783 1424 2872 1493 qui
2910 1439 3015 1478 non
3069 1423 3482 1494 interpretatur,
3529 1432 3584 1477 et
3611 1422 3700 1478 di-

2125 1525 2277 1568 catur
2303 1513 2392 1584 qui
2425 1527 2528 1568 non
2559 1513 2790 1579 dicitur,
2820 1523 2877 1568 ut
2901 1526 3225 1586 agnoscatur
3264 1514 3357 1585 qui
3408 1530 3514 1570 non
3549 1529 3701 1570 com-

2125 1606 2511 1678 prehenditur,
2570 1615 2624 1662 et
2693 1607 2766 1661 sit
2821 1606 2910 1662 isti
2970 1607 3061 1661 tali
3130 1607 3239 1661 Deo
3292 1622 3388 1677 per
3441 1605 3700 1677 eumqui

2124 1698 2285 1753 talem
2314 1697 2470 1754 nobis
2518 1699 2798 1774 annuntiat
2841 1709 2893 1755 et
2942 1698 3330 1769 interpretatur
3370 1699 3538 1754 Deum
3586 1700 3701 1770 glo-

449 1800 690 1855 auditum
726 1816 830 1857 non
859 1799 1020 1854 habet
1051 1816 1066 1864 ;
1106 1814 1212 1852 non
1239 1807 1428 1866 gustus
1461 1797 1533 1862 ei,
1569 1811 1674 1850 non
1717 1802 1912 1850 tactus.
1944 1791 2027 1845 ln-
2054 1779 2098 1836 Β
2128 1791 2228 1856 ria,
2265 1791 2459 1854 honor,
2493 1791 2777 1862 imperium
2803 1829 2819 1858 ,
2853 1791 3108 1859 maiestas
3161 1791 3215 1846 in
3263 1791 3469 1861 Spiritu
3503 1801 3699 1846 sancto

448 1891 613 1946 tueris
650 1890 770 1959 quia
810 1891 1072 1945 abscessit
1104 1889 1299 1942 artifex
1349 1887 1678 1953 invisibilis,
1725 1893 1782 1940 et
1835 1897 2022 1940 cessa-

450 1990 578 2036 runt
633 1981 866 2038 visibilia
918 1979 1503 2052 operamentalNunc
1557 1991 1754 2048 corpus
1803 1991 1820 2031 :

2123 1891 2179 1937 et
2209 1898 2351 1938 nunc
2383 1893 2440 1938 et
2466 1896 2678 1954 semper
2694 1921 2712 1948 ,
2737 1891 2792 1938 et
2822 1895 2918 1953 per
2934 1881 3115 1939 omnia
3133 1880 3328 1938 saecula
3349 1881 3695 1939 saeculorum.

1873 1989 2017 2032 nunc
2117 1975 2314 2034 Amen.

2539 2148 3691 2175 Μ

2497 2154 2526 2176 ιτ

1416 2367 1976 2486 EUSEBll
2051 2369 2742 2485 PAMPHILI

1273 2628 2902 2759 DEINCORPORALu

1771 2848 2004 2912 LIBER
2048 2849 2364 2913 PRIMUS.

519 3259 801 3317 Multitudo
823 3259 1180 3331 qumstionum
1209 3260 1266 3316 in
1298 3260 1384 3316 his
1410 3275 1529 3330 quae
1559 3261 1694 3318 lecta
1744 3270 1870 3320 sunt
1904 3263 2022 3319 haec
2047 3271 2094 3334 ο
2123 3265 2304 3320 omnia
2335 3278 2619 3334 corporum
2657 3272 2782 3320 sunt
2812 3263 2943 3321 vitia
2968 3273 3024 3322 et
3055 3265 3362 3338 passiones,
3392 3275 3449 3322 et
3476 3267 3703 3323 divisio-

447 3354 776 3409 continetur.
816 3351 881 3409 Et
928 3351 1068 3409 forte
1115 3368 1238 3408 cum
1295 3353 1502 3425 jejunio
1553 3356 1800 3424 poteritis
1835 3356 2026 3411 audire

444 3457 497 3500 et
531 3462 649 3517 quae
682 3455 804 3500 sunt
830 3460 951 3516 qua:
982 3457 1299 3516 qumruutur
1321 3487 1337 3513 ,
1381 3455 1436 3501 et
1477 3462 1599 3517 quae
1627 3463 1814 3502 eorum
1857 3448 2028 3504 inter-

445 3539 681 3610 pretatio
709 3537 993 3593 habeatur.
1027 3537 1300 3605 Quaeritur
1329 3539 1474 3593 enim
1509 3539 1560 3593 in
1604 3539 1688 3594 his
1729 3553 1851 3609 quae
1885 3539 2024 3595 lecta

447 3641 595 3698 sunt,
650 3631 696 3686 si
756 3631 898 3687 Deus
947 3633 1001 3687 in
1059 3641 1298 3687 montem
1342 3632 1622 3688 descendit
1656 3632 1811 3698 Sina,
1870 3642 1927 3688 et
1979 3633 2023 3688 si

447 3723 815 3778 circumdatur
861 3724 1002 3780 Deus
1063 3724 1114 3778 in
1165 3733 1349 3780 monte
1397 3735 1492 3779 aut
1555 3725 1694 3779 loco.
1748 3725 2025 3792 Quaeritur

446 3816 611 3870 etiam
639 3832 762 3886 qua:
808 3827 927 3872 erat
975 3818 1137 3884 tuba,
1185 3832 1308 3888 quas
1351 3832 1446 3874 ore
1487 3817 1862 3888 proferebatur
1909 3817 2023 3874 Dei.

451 3905 744 3976 Quaaritur,
792 3923 890 3963 cur
935 3909 1432 3979 appropinquantes
1481 3909 1547 3964 ad
1596 3920 1807 3964 montes
1829 3909 1940 3982 (21)
1973 3911 2024 3964 in

451 4013 557 4071 quo
613 4010 734 4055 erat
781 3999 944 4067 heus,
987 4001 1489 4068 interﬁciebantur,
1543 4010 1600 4058 et
1642 4002 2028 4073 prohibebatur

449 4093 678 4163 populus
707 4092 1157 4162 appropinquare.
1200 4091 1338 4161 Quid
1366 4091 1470 4148 sibi
1505 4093 1618 4148 vult
1647 4095 1902 4149 columna
1926 4109 2028 4149 nu-

448 4183 532 4239 bis
565 4183 655 4240 ubi
687 4194 769 4238 est
799 4183 978 4238 Deus?
1012 4183 1142 4253 quid
1169 4183 1332 4239 etiam
1365 4197 1521 4238 mons
1555 4184 1814 4241 futnans?
1841 4184 2026 4240 Adda-

448 4286 536 4331 tur
568 4288 748 4330 autem
781 4275 895 4341 his,
927 4289 1027 4330 cur
1053 4276 1098 4330 si
1150 4276 1270 4346 quis
1296 4276 1522 4332 vidisset
1557 4277 1721 4333 Deum
1756 4276 2027 4332 morieba-

449 4377 560 4442 tur,
591 4377 777 4423 etnon
809 4368 980 4440 magis
1025 4368 1264 4424 vivebat.
1313 4367 1422 4424 Has
1468 4371 2026 4440 omnesqusestiones

446 4459 614 4514 ambit
631 4459 779 4515 locus
791 4460 882 4529 qui
909 4460 1084 4516 lectus
1098 4462 1441 4516 est.0rantes
1460 4462 1625 4530 igitur
1642 4462 1815 4532 ipsum
1835 4462 2026 4529 Deum,

445 4551 536 4619 qui
568 4549 716 4604 solus
742 4557 922 4618 potest
949 4564 1048 4605 sua
1075 4550 1308 4616 edicere,
1339 4551 1410 4605 ita
1439 4553 1503 4605 ad
1522 4551 1819 4607 solutiones
1846 4552 2027 4606 istius-

2126 3372 2224 3412 nes
2251 3365 2306 3411 et
2335 3357 2677 3420 partitiones.
2719 3354 2813 3412 Illa
2847 3370 3028 3414 autem
3081 3371 3273 3414 natura
3321 3359 3491 3416 libera
3538 3370 3622 3415 est
3675 3375 3706 3414 a

2126 3448 2466 3517 corporibus,
2503 3463 2608 3502 non
2635 3449 2810 3504 solum
2846 3459 2906 3505 ut
2945 3465 3054 3505 non
3082 3451 3156 3506 sit
3181 3465 3378 3522 corpus
3400 3494 3415 3516 ,
3444 3453 3538 3507 sed
3561 3463 3615 3507 et
3649 3465 3711 3508 ut

2126 3558 2233 3598 non
2265 3543 2462 3597 habeat
2484 3557 2702 3613 corpus.
2737 3541 2847 3600 Nec
2869 3544 3014 3598 enim
3061 3553 3119 3598 ut
3168 3545 3346 3600 anima
3379 3544 3709 3616 incorpora-

2126 3634 2194 3688 lis
2239 3633 2459 3704 quidem
2511 3644 2614 3702 est,
2653 3635 2797 3690 circa
2839 3649 3034 3705 corpus
3082 3646 3260 3692 autem
3303 3637 3709 3706 quodammodo

2126 3735 2230 3788 est,
2270 3734 2364 3779 aut
2389 3739 2587 3796 corpus
2615 3726 2760 3781 circa
2789 3727 2959 3795 ipsam
2980 3765 2998 3794 ,
3027 3737 3121 3781 aut
3152 3729 3421 3798 quomodo
3453 3730 3573 3798 quis
3601 3745 3707 3785 vo—

2126 3815 2290 3871 luerit
2323 3816 2504 3872 dicere
2537 3831 2552 3869 :
2588 3831 2764 3886 neque
2808 3818 2910 3873 hoc
2941 3819 3310 3889 accipiendum
3352 3821 3418 3876 de
3454 3822 3563 3876 Deo
3590 3833 3704 3888 est,

2126 3910 2251 3978 quia
2283 3925 2460 3979 neque
2508 3925 2705 3981 corpus
2747 3919 2830 3966 est
2876 3911 3051 3977 Deus,
3102 3928 3275 3982 neque
3320 3929 3518 3982 corpus
3555 3916 3704 3971 circa

2127 3999 2327 4070 ipsum,
2350 4016 2524 4071 neque
2553 4002 2606 4057 in
2634 4017 2861 4072 corpore
2883 4012 2965 4057 est
2988 4001 3122 4072 ipse.
3156 4001 3224 4058 Et
3242 4004 3364 4076 quis
3385 4006 3709 4074 corporibus

2128 4091 2424 4146 innutritus
2471 4091 2613 4148 forte
2657 4092 3042 4161 suspicabitur,
3103 4093 3239 4150 nihil
3275 4109 3396 4154 esse
3437 4112 3586 4160 eum,
3611 4099 3707 4167 qui

2128 4195 2238 4236 non
2268 4190 2503 4248 tenetur,
2528 4197 2629 4238 nec
2653 4181 2886 4247 videtur,
2912 4197 3011 4238 nec
3033 4193 3298 4252 arctatur,
3315 4200 3412 4241 nec
3444 4190 3706 4258 tangitur.

2129 4274 2234 4330 Sed
2289 4288 2587 4330 conversus
2635 4275 2922 4329 edoceatur
2969 4287 3220 4330 naturam
3281 4278 3516 4349 negotii,
3579 4281 3708 4349 quia

2125 4382 2248 4438 quae
2284 4367 2557 4430 videntur,
2590 4376 2646 4421 et
2677 4366 2908 4422 tactibus
2936 4366 3237 4432 incurrunt,
3276 4375 3332 4421 et
3377 4368 3710 4438 cogitatibus

2129 4457 2548 4527 amplectuntur,
2597 4473 2723 4514 vere
2779 4474 3056 4528 nunquam
3113 4469 3258 4514 sunt.
3308 4461 3368 4514 Si
3422 4469 3603 4517 autem
3656 4475 3712 4519 et

2131 4549 2458 4606 transfertur
2488 4560 2544 4606 et
2571 4561 2990 4616 transmutatur,
3022 4561 3077 4607 et
3106 4554 3391 4622 scinditur,
3423 4565 3480 4610 et
3507 4558 3710 4612 dividi-

448 4641 594 4696 modi
642 4643 940 4695 veniemus.
1001 4641 1166 4696 Deum
1227 4644 1450 4712 quidem
1496 4644 1800 4699 circumdat
1858 4645 2023 4712 nihil;
2055 4637 2237 4706 Dtur,
2262 4651 2320 4696 et
2365 4643 2646 4712 putrescit,
2695 4652 2752 4698 et
2805 4658 3080 4714 nunquam
3129 4645 3302 4715 ipsum
3345 4645 3458 4717 (22)
3509 4649 3710 4718 accipit

447 4731 751 4789 circumdat
787 4743 968 4788 autem
1005 4733 1146 4790 Deus
1190 4737 1374 4790 omnia
1400 4777 1416 4804 ,
1475 4751 1581 4791 non
1648 4736 2024 4808 corporaliter.

449 4821 661 4878 Virtute
703 4825 848 4879 enim
898 4825 1224 4895 incorporali
1276 4827 1431 4883 adest
1496 4829 1787 4892 omnibus,
1830 4827 2027 4897 ubique

448 4931 687 4987 praesens
713 4927 816 4984 est,
848 4926 904 4973 et
927 4919 995 4972 ab
1021 4921 1272 4974 omnibus
1298 4929 1579 4990 separatus
1608 4933 1710 4976 est.
1738 4920 1854 4975 Non
1882 4921 2024 4976 enim

449 5020 506 5062 ut
537 5010 928 5080 permisceatur
957 5011 1130 5073 adest,
1159 5021 1252 5066 aut
1280 5023 1338 5066 ut
1367 5013 1672 5083 copuletur,
1710 5023 1803 5068 aut
1829 5023 1885 5068 ut
1906 5013 2029 5084 jun-

449 5111 632 5170 gatur;
683 5103 775 5159 sed
807 5102 946 5158 liber
980 5111 1036 5158 et
1079 5114 1361 5174 separatus
1401 5105 1575 5160 adest.
1628 5105 1796 5160 Adest
1844 5115 2023 5159 autem

451 5207 555 5248 non
578 5194 806 5261 divisus,
835 5206 929 5250 aut
955 5195 1181 5260 scissus,
1211 5204 1304 5250 aut
1330 5207 1662 5268 segregatus.
1691 5196 1877 5267 Neque
1900 5211 2026 5266 pars

451 5287 666 5355 quidem
699 5287 816 5356 ejus
869 5287 1057 5352 adest,
1087 5302 1212 5356 pars
1264 5296 1443 5342 autem
1474 5289 1666 5356 abest;
1713 5303 1887 5358 neque
1937 5287 2026 5343 hic

451 5379 666 5448 quidem
698 5395 824 5450 pars
848 5379 985 5446 alia,
1019 5379 1122 5434 alia
1149 5389 1330 5436 autem
1379 5393 1506 5450 pars
1541 5380 1692 5435 alibi.
1730 5379 1835 5436 [Sta
1878 5380 2025 5436 enim

524 5596 637 5664 (i9)
669 5595 804 5664 Ista.
832 5597 995 5653 Forte
1017 5599 1193 5652 istam.

523 5663 636 5736 (20)
669 5663 825 5720 Nunc
850 5684 1055 5735 corpus,
1086 5685 1221 5722 nunc
1252 5683 1454 5723 carnes.
1481 5665 1660 5732 Forte,
1686 5681 1785 5722 non
1818 5681 2028 5737 corpus,

457 5751 559 5788 non
585 5749 790 5788 €07,185.

2126 4744 2350 4790 statum.
2382 4733 2590 4800 Quibus
2626 4733 2774 4788 enim
2807 4733 3110 4804 proprietas
3135 4745 3256 4800 est,
3281 4737 3572 4794 mit-oratio
3605 4745 3707 4794 ista

2126 4824 2341 4879 videtur
2359 4839 2372 4875 :
2391 4823 2516 4894 quid
2537 4823 2678 4878 enim
2709 4823 2984 4893 proprium
3005 4832 3091 4878 est
3115 4826 3435 4893 corporibus
3460 4827 3561 4882 nisi
3590 4829 3704 4902 (23)

2127 4918 2513 4973 veterascant?
2543 4917 2600 4973 Si
2626 4918 2770 4972 enim
2800 4924 2946 4971 esset
2970 4930 3258 4986 corporum
3296 4928 3486 4974 natura
3520 4921 3704 4992 perfe-

2129 5017 2249 5074 cta,
2285 5024 2391 5064 non
2445 5009 2710 5080 indigeret
2755 5010 2913 5064 istam
2967 5009 3324 5065 additamenti
3367 5026 3705 5071 mensuram.

2130 5103 2204 5156 Ita
2232 5102 2375 5156 enim
2402 5117 2629 5172 corpora
2656 5101 2870 5157 inﬁrma
2893 5110 3054 5170 sunt,
3090 5113 3146 5158 et
3178 5104 3265 5158 illa
3309 5105 3546 5160 maxime
3582 5124 3708 5176 quae

2134 5194 2384 5248 videntur
2418 5193 2715 5249 fortissima
2750 5210 2892 5256 esse,
2938 5197 3064 5266 quia
3089 5196 3342 5266 adjuvare
3365 5211 3424 5250 se
3447 5213 3550 5251 non
3580 5214 3709 5266 pos-

2131 5293 2274 5342 sunt.
2303 5285 2358 5339 Si
2395 5284 2538 5339 enim
2567 5285 2753 5354 pulsus
2776 5283 2939 5340 fuerit
2965 5285 3098 5354 lapis
3117 5325 3135 5352 ,
3161 5295 3216 5338 et
3242 5284 3410 5339 semel
3437 5289 3711 5357 acceperit

2133 5377 2343 5432 initium
2373 5377 2642 5443 utcadat,
2677 5386 2733 5433 et
2755 5378 2985 5449 cceperit
3007 5375 3336 5444 comminui,
3373 5392 3480 5432 non
3531 5389 3709 5447 potes"-

2226 5592 2318 5655 21)
2344 5593 2566 5647 Montes.
2597 5592 2698 5648 Pro
2725 5605 2970 5649 montem.

2231 5662 2324 5793 22%
2348 5663 2548 5729 Ipsum.
2573 5664 2764 5725 Αὐτόν,
2795 5668 3054 5722 eumdem.

2233 5733 2302 5785 23
2355 5731 2493 5789 Nisi.
2518 5733 2698 5793 Forte.
2730 5735 2831 5790 nisi
2853 5745 2932 5791 ut.

2208 5731 2324 5800 (23)
2355 5731 2493 5789 Nisi.
2518 5733 2698 5793 Forte.
2730 5735 2831 5790 nisi
2853 5745 2932 5791 ut.
