4134 6414
442 397 581 453 1129

1733 399 1822 454 DE
1857 398 2339 456 INCORPORALI.

3537 403 3676 456 1130

432 530 685 569 revocare
742 530 893 567 suam
952 517 1200 581 ruinam;
1242 529 1293 572 et
1342 520 1384 574 si
1442 521 1641 576 scissus
1690 524 1851 577 fuerit
1891 540 1995 577 non
2025 528 2069 582 Α
2100 520 2177 589 git
2205 521 2348 572 enim
2383 518 2595 572 flamma
2630 532 2776 573 eum.
2805 518 2861 572 Si
2893 528 3073 574 autem
3115 520 3256 590 ignis
3300 520 3674 580 confabulatu:

422 608 783 678 coniungitur,
820 616 873 659 et
899 609 1103 663 divisus
1144 610 1312 664 distat
1339 628 1366 665 a
1400 615 1712 682 semetipso.
1744 613 1819 668 lta
1850 618 1996 670 etde

422 699 691 767 montibus
718 699 1023 753 efﬁciuntur
1052 701 1344 756 incisiones
1374 714 1425 756 et
1471 705 1667 769 ruinae;
1701 715 1754 760 et
1793 719 1992 775 quanto

421 789 625 857 majora
666 801 793 843 sunt
828 807 946 858 qua:
975 792 1327 861 scinduntur,
1359 804 1508 848 tanto
1540 812 1743 867 magna:
1787 808 1914 852 sunt
1942 808 1996 861 et

420 880 611 933 ruinae.
645 879 710 933 Et
736 894 841 932 nou
872 879 923 933 in
970 882 1334 949 crassitudine
1375 885 1549 938 virtus
1581 894 1682 939 est.
1707 884 1761 939 Si
1814 897 1992 941 autem

418 980 629 1038 oportet
667 980 722 1025 et
761 972 998 1041 ipsorum
1030 987 1319 1043 corporum
1352 978 1584 1030 scrutari
1618 986 1872 1043 naturas,
1906 994 1991 1033 se-

417 1061 651 1135 cundum
682 1065 1008 1131 propositam
1038 1066 1391 1133 quaestionem
1423 1078 1819 1137 consequenter
1844 1071 1993 1126 vide-

416 1151 611 1212 bimus,
662 1152 784 1220 quia
821 1163 875 1207 et
928 1154 1166 1224 ipsorum
1223 1172 1510 1226 corporum
1561 1162 1831 1217 subtilitas
1874 1177 1991 1231 quae

386 1308 389 1315 ί
417 1252 675 1310 putantur
697 1258 819 1298 esse
842 1234 1075 1310 infirma,
1121 1247 1349 1303 fortiora
1380 1250 1778 1317 quodammodo
1825 1268 1991 1323 appa-

380 1322 383 1325 λ
418 1341 533 1413 rent
573 1347 587 1382 :
625 1342 682 1386 ut
710 1342 845 1400 puta
874 1334 1013 1402 quod
1043 1334 1199 1411 dico,
1230 1344 1372 1391 terra
1402 1341 1559 1409 aquis
1591 1350 1676 1396 est
1729 1322 1986 1411 crassior,

417 1437 571 1501 aqua:
626 1439 655 1478 a
708 1435 848 1478 terra
904 1426 1079 1479 minus
1126 1441 1320 1482 crassae
1371 1430 1663 1487 habentur.
1716 1434 1818 1489 Sed
1858 1451 1986 1490 cum

417 1521 558 1566 terra
614 1514 899 1585 incurrerit
940 1530 1158 1583 aquam,
1220 1517 1582 1574 dissolvitur:
1632 1538 1752 1576 cum
1807 1534 1986 1579 autem

414 1590 554 1671 aqua
579 1590 994 1675 appreltenderit
1028 1614 1250 1670 terram,
1280 1618 1524 1677 penetrat
1572 1626 1712 1667 eam.
1752 1613 1816 1667 Et
1845 1618 1987 1683 quod

414 1694 617 1767 patitur
664 1702 803 1747 terra
850 1695 917 1748 ab
971 1710 1130 1765 aqua,
1166 1698 1265 1752 hoc
1325 1700 1527 1765 patitur
1571 1692 1711 1771 aqua
1748 1705 1813 1757 ab
1843 1719 1983 1757 aere.

414 1782 555 1852 Quid
606 1786 749 1840 enim
802 1787 1254 1857 improvectiones
1307 1792 1418 1863 (24)
1480 1794 1599 1850 istze
1662 1798 1986 1851 ostendunt?

2098 612 2258 667 fuerit
2285 611 2469 680 lapidi,
2508 624 2605 679 per
2632 621 2798 665 totum
2850 611 3081 681 lapidem
3121 621 3384 682 penetrat.
3418 614 3493 667 ita
3540 624 3594 668 et
3629 615 3674 669 si

2096 701 2449 755 :ieramentum
2472 700 2767 755 immissum
2796 700 2958 755 fuerit
2981 704 3032 755 in
3059 703 3199 771 igne,
3226 714 3317 757 aut
3338 702 3568 767 ferrum,
3586 714 3678 756 aut

2097 790 2267 858 ipsum
2296 805 2518 851 aurum,
2555 792 2912 844 immutantur
2954 792 3165 846 colores
3191 793 3431 847 omnium
3454 834 3469 858 ,
3511 802 3566 847 et
3606 794 3675 846 ad

2097 880 2241 950 ignis
2299 880 2702 935 transferuntur
2759 882 2992 937 colorem
3042 892 3096 945 et
3140 884 3463 952 magistrum
3507 883 3669 953 (27):

2094 975 2346 1041 quodque
2374 988 2562 1027 eorum
2594 973 2753 1043 ignis,
2782 984 2876 1028 aut
2912 976 3013 1028 hoc
3043 989 3148 1042 qua
3183 975 3381 1029 dicitur
3409 985 3463 1029 et
3492 974 3671 1028 calore

2092 1073 2147 1117 et
2185 1062 2392 1132 fulgore
2434 1071 2489 1117 et
2540 1064 2793 1118 omnibus
2840 1066 3257 1133 proprietatibus
3314 1066 3473 1135 ignis.
3534 1065 3669 1133 Quia

2091 1163 2269 1206 autem
2296 1154 2436 1221 ignis
2464 1155 2533 1208 ad
2572 1169 2763 1209 aurum
2799 1171 2904 1209 non
2933 1156 3096 1222 cadit,
3125 1171 3313 1210 aurum
3353 1166 3531 1210 autem
3577 1172 3669 1210 ca-

2094 1243 2314 1310 lefacit;
2349 1245 2639 1302 manifesta
2670 1256 2753 1301 est
2785 1248 3096 1301 eminentia.
3143 1247 3207 1300 Et
3235 1248 3361 1317 quia
3398 1247 3534 1316 ignis
3560 1262 3665 1313 non

2092 1334 2407 1390 dissolvitur
2434 1352 2465 1389 a
2501 1336 2703 1404 petris,
2737 1338 2981 1393 dissolvit
3024 1347 3201 1393 autem
3230 1349 3445 1406 petras;
3478 1350 3665 1408 aperta

2091 1437 2177 1482 est
2229 1428 2424 1484 virtus.
2471 1429 2537 1484 Et
2576 1431 2700 1498 quia
2746 1427 2887 1500 ignis
2929 1445 3032 1486 non
3081 1431 3352 1485 detinetur
3401 1428 3489 1499 ab,
3520 1444 3667 1496 aere,

2091 1519 2287 1573 scindit
2326 1530 2507 1576 autem
2544 1531 2599 1575 et
2625 1537 2837 1576 sursum
2867 1523 3076 1589 currit;
3103 1531 3345 1592 apertum
3382 1522 3665 1591 imperium

2091 1619 2195 1663 est.
2226 1610 2293 1663 Et
2318 1612 2441 1679 quia
2471 1622 2629 1681 urget
2660 1627 2872 1666 sursum
2916 1614 3055 1676 fieri,
3090 1624 3145 1667 et
3195 1614 3460 1683 positione
3501 1622 3669 1668 estet

2092 1702 2290 1759 virtute
2313 1714 2367 1758 et
2400 1703 2581 1758 colore
2611 1703 2826 1759 fortior.
2867 1705 2972 1760 Sed
3006 1705 3146 1760 forte
3187 1707 3405 1776 quidam
3432 1705 3666 1777 jurgium

2098 1807 2358 1861 aquarum
2386 1795 2671 1849 adversum
2702 1797 2879 1866 ignem
2919 1797 3094 1861 videt,
3131 1799 3256 1864 quia
3285 1797 3353 1851 ab
3387 1797 3541 1866 aquis
3572 1812 3668 1849 ex-

414 1873 518 1929 ltoc
544 1890 706 1930 unum
738 1879 972 1933 maxime
995 1920 1019 1949 ,η
1046 1882 1171 1951 quia
1213 1883 1279 1938 ad
1312 1883 1805 1955 incorporalitatem
1835 1900 1889 1945 et
1919 1894 1981 1945 ad
2016 1871 2057 1925 Β
2096 1884 2389 1952 stinguitur
2430 1885 2569 1954 ignis
2596 1902 2609 1937 :
2638 1887 2779 1956 quod
2812 1886 3030 1955 quidem
3065 1887 3296 1955 recessio
3323 1889 3493 1957 magis
3530 1888 3668 1958 ignis

413 1963 585 2021 levius
610 1982 827 2043 corpus,
858 1971 1119 2040 majorem
1149 1973 1431 2043 imponunt
1459 1966 1708 2033 virtutem
1738 1982 1987 2037 subtilio-

413 2057 581 2113 ribus.
631 2059 738 2113 Aer
778 2062 919 2139 enim
951 2078 1048 2133 per
1084 2079 1254 2135 aquas
1292 2077 1580 2135 penetrat;
1614 2081 1858 2139 penetrat
1889 2089 1985 2126 au-

416 2156 522 2201 tem
555 2148 627 2201 ita
659 2158 716 2202 ut
755 2150 857 2225 vim
887 2149 1055 2206 faciat
1102 2168 1270 2225 aquas
1299 2159 1473 2213 emitti
1508 2175 1603 2229 per
1648 2176 1706 2216 se
1739 2164 1803 2216 ad
1831 2179 1985 2232 supe-

411 2239 585 2294 riores
613 2250 793 2311 partes
815 2281 829 2306 ,
862 2244 1005 2314 quod
1045 2244 1161 2313 ejus
1189 2264 1293 2303 non
1324 2260 1407 2304 est
1435 2261 1659 2308 naturae.
1695 2254 1758 2308 Et
1783 2258 1827 2310 si
1861 2259 1983 2325 quis

408 2328 641 2413 voluerit
671 2333 773 2390 hoc
805 2352 983 2405 nosse,
1013 2338 1138 2407 quia
1174 2354 1279 2393 non
1313 2341 1622 2398 detinentur
1654 2361 1886 2415 superna
1917 2351 1983 2415 ab

410 2423 495 2478 his
522 2440 638 2494 quae
662 2426 906 2495 deorsum
931 2439 1075 2493 sunt,
1105 2428 1150 2483 si
1175 2431 1295 2500 quis
1320 2426 1603 2500 repleverit
1634 2414 1759 2491 aere
1785 2414 1979 2501 utrem,

410 2529 642 2585 eumque
686 2517 1006 2593 demerserit
1054 2519 1108 2573 in
1155 2536 1383 2589 aquam;
1435 2532 1487 2576 ct
1554 2537 1700 2580 certe
1743 2544 1864 2581 cum
1914 2531 1981 2583 sit

411 2606 626 2675 pellium
661 2616 850 2661 natura
880 2612 1114 2664 crassior
1142 2623 1196 2665 et
1225 2614 1443 2682 gravior
1483 2604 1651 2685 magis
1690 2634 1851 2687 quam
1890 2636 1983 2675 aer

411 2697 658 2773 habetur,
692 2714 786 2754 aer
810 2714 1059 2769 qurerens
1100 2717 1253 2757 suum
1291 2701 1524 2757 ofﬁcium
1577 2716 1630 2761 et
1681 2711 1978 2778 regionem,

410 2801 583 2857 neque
612 2803 733 2841 cum
764 2791 1095 2859 gravissimis
1126 2794 1335 2850 utribus
1368 2796 1640 2851 detinetur
1662 2839 1677 2865 ,
1719 2800 1810 2852 sed
1842 2801 1980 2855 scin-

408 2879 541 2932 dens
580 2894 745 2950 aquas
771 2896 984 2935 sursum
1010 2884 1260 2939 educitur
1282 2901 1402 2940 cum
1430 2888 1688 2957 gravibus
1709 2906 1804 2959 per
1828 2908 1978 2947 aera.

408 2968 569 3024 Istam
604 2972 767 3041 igitur
794 2974 1094 3043 passionem
1122 2992 1284 3047 quam
1320 2994 1473 3049 aquae
1505 2980 1573 3033 ab
1602 2997 1726 3036 aere
1768 2984 1981 3052 patiun-

408 3069 516 3141 tur,
547 3071 605 3116 et
627 3078 721 3118 aer
749 3064 816 3117 ab
849 3056 969 3136 igne
1002 3069 1269 3134 sustinet,
1291 3080 1345 3123 et
1374 3072 1523 3124 testis
1556 3072 1668 3142 (9.5)
1715 3076 1981 3130 sermonis

408 3151 638 3207 ﬂamma:
659 3163 783 3208 sunt
811 3142 865 3209 et
890 3158 1140 3213 lucernae.
1178 3156 1300 3213 Ideo
1329 3162 1471 3214 enim
1496 3172 1802 3218 atlenuatur
1825 3164 1975 3219 flam-

406 3259 507 3297 ma:
535 3245 841 3308 summitas,
865 3247 990 3314 quia
1023 3247 1209 3302 incidit
1235 3251 1397 3304 istum
1425 3254 1749 3310 ambientem
1772 3272 1970 3313 aerem.

406 3333 474 3387 Et
506 3334 717 3389 videtur
744 3337 956 3404 quidem
1010 3337 1146 3408 ignis
1206 3355 1236 3393 a
1282 3341 1610 3406 videntibus,
1662 3348 1974 3413 agnoscitur

404 3437 582 3503 autem
618 3428 683 3482 ab
713 3428 795 3481 his
818 3429 907 3497 qui
944 3439 1165 3498 possunt
1192 3432 1305 3499 ejus
1329 3420 1575 3487 naturam
1601 3437 1814 3501 videre,
1848 3440 1971 3508 quia

405 3519 472 3571 ad
503 3533 656 3572 suam
705 3518 923 3575 festinat
960 3522 1229 3589 regionem
1257 3563 1271 3585 ,
1321 3525 1387 3576 ad
1424 3527 1701 3594 superiora
1746 3527 1969 3582 scilicet.

405 3606 511 3662 Iste
542 3608 702 3677 igitur
732 3608 1108 3662 subtilissimus
1144 3608 1283 3676 ignis
1321 3625 1442 3663 cum
1493 3612 1563 3664 sit
1610 3628 1745 3665 unus
1795 3628 1825 3666 e
1851 3628 1973 3667 cor-

405 3698 644 3767 poribus,
676 3700 951 3769 proximus
980 3711 1059 3754 est
1097 3700 1543 3769 incorporalibus.
1583 3700 1797 3757 Intuere
1826 3703 1970 3757 enim

402 3798 635 3857 quantas
665 3791 1241 3864 habeatproprietates
1280 3791 1564 3845 adversum
1617 3802 1809 3848 caetera
1846 3809 1969 3848 cor-

403 3894 554 3949 pora.
592 3879 647 3934 lu
681 3882 845 3935 certis
883 3885 1027 3935 enim
1079 3882 1396 3952 corporibus
1439 3884 1819 3939 coudiscamus
1868 3887 1971 3939 im-

403 3970 609 4041 perium
659 3956 780 4024 esse
831 3971 1105 4025 subtilium
1158 3985 1227 4024 ne
1277 3958 1494 4026 craSsus
1540 3972 1763 4027 effecws
1812 3974 1971 4028 cadat

402 4061 539 4139 sicut
565 4070 618 4115 et
642 4076 864 4130 corpora
896 4054 1074 4116 crassa
1113 4077 1125 4113 :
1166 4062 1263 4115 sed
1309 4073 1540 4118 mentem
1586 4065 1653 4118 ad
1683 4064 1920 4119 laetitiam
1952 4084 1966 4120 :

399 4154 725 4229 corporibus
753 4154 968 4224 quidem
1018 4154 1093 4209 sis
1124 4155 1258 4209 liber
1281 4195 1296 4220 ,
1333 4156 1400 4208 ad
1436 4156 1750 4226 incorporea
1786 4166 1967 4212 autem

400 4244 639 4301 festines.
694 4246 836 4315 ignis
889 4247 1052 4315 igitur
1096 4247 1272 4317 primo
1323 4247 1541 4317 quidem
1591 4249 1769 4304 dicam
1826 4250 1968 4303 idem

402 4335 582 4403 gloriae
606 4345 688 4389 est
712 4352 871 4404 supra
896 4336 1074 4390 omnia
1104 4352 1331 4407 corpora
1352 4377 1368 4403 ,
1400 4348 1455 4391 et
1497 4338 1772 4393 illuminat
1806 4339 1910 4393 alia
1952 4356 1966 4392 :

401 4443 460 4482 se
487 4438 662 4481 autem
699 4443 801 4482 non
830 4428 982 4483 facile
1012 4429 1078 4483 ad
1109 4428 1210 4482 alia
1246 4427 1508 4483 tenebrat.
1540 4427 1799 4483 Penetrat
1819 4430 1965 4483 enim

2003 3210 2043 3267 C

2088 1984 2171 2027 est
2223 1989 2384 2043 quam
2436 1976 2763 2043 corruptela.
2814 1977 2966 2031 Sicut
3014 1976 3158 2031 enim
3202 1992 3233 2029 a
3288 1976 3522 2031 tenebris
3562 1993 3665 2030 non

2088 2065 2462 2129 consumitur,
2511 2068 2604 2119 sed
2669 2066 2979 2121 cohabitare
3036 2066 3224 2120 iisdem
3274 2082 3386 2143 non
3442 2066 3662 2136 patitur.

2086 2151 2438 2210 lmmutemus
2471 2166 2676 2220 autem,
2704 2166 2760 2211 et
2787 2157 3064 2211 videamus
3114 2170 3234 2210 cum
3266 2172 3405 2225 aqua
3462 2157 3515 2210 in
3567 2172 3667 2217 vas

2086 2243 2251 2297 fuerit
2306 2245 2573 2313 immissa,
2630 2257 2686 2300 et
2730 2247 2966 2300 oblatum
2997 2260 3088 2300 vas
3130 2245 3291 2299 fuerit
3318 2245 3448 2317 igni,
3479 2246 3601 2316 quis
3634 2261 3663 2297 a

2085 2348 2190 2403 quo
2220 2334 2340 2388 istic
2366 2336 2724 2399 consumitur,
2754 2337 2884 2406 quid
2930 2343 3106 2389 autem
3140 2335 3300 2389 veluti
3325 2351 3512 2405 positas
3548 2350 3663 2390 sus-

2086 2426 2256 2491 tinet,
2299 2438 2353 2480 et
2392 2437 2549 2482 sonat
2598 2438 2653 2481 et
2696 2428 2867 2481 bullit.
2923 2427 3066 2495 Ignis
3113 2427 3256 2481 enim
3311 2442 3585 2496 nunquam
3631 2442 3661 2481 a

2084 2516 2275 2586 frigida
2308 2533 2444 2585 aqua
2495 2518 2676 2572 factus
2710 2529 2791 2571 est
2832 2517 3056 2585 frigidus
3088 2539 3106 2587 γε
3150 2502 3293 2586 aqua
3327 2526 3505 2571 autem
3558 2519 3667 2572 fro~

2082 2617 2310 2677 quenter
2332 2619 2385 2662 et
2410 2623 2643 2677 semper,
2678 2618 2735 2662 ut
2763 2610 2835 2663 ita
2861 2610 3059 2669 dicam,
3080 2608 3145 2661 ab
3169 2609 3290 2677 igne
3319 2607 3549 2662 efilcitur
3576 2625 3667 2663 ca.

2083 2698 2379 2766 lida.Ergo
2423 2708 2477 2753 et
2528 2700 2685 2765 istic,
2733 2700 2860 2770 quia
2922 2714 3058 2768 aqua
3117 2697 3347 2751 assumit
3402 2696 3662 2761 calorem,

2086 2788 2224 2863 ignis
2263 2804 2442 2846 autem
2500 2792 2796 2861 frigdorem
2854 2807 2961 2846 non
3014 2790 3246 2845 admittit
3280 2807 3293 2841 :
3327 2790 3663 2844 consumitur

2083 2894 2260 2938 autem
2291 2899 2429 2952 aqua
2459 2885 2692 2952 amplius
2738 2882 3032 2948 calefacta,
3064 2882 3131 2937 ab
3174 2883 3316 2951 igne,
3363 2891 3417 2936 et
3452 2881 3663 2935 fervens

2083 2983 2269 3043 utpote
2304 2983 2359 3029 et
2392 2976 2587 3029 emissa
2617 2985 2672 3030 et
2700 2974 2962 3031 ebulliens
2982 3014 2997 3040 ,
3035 2973 3169 3042 fugit
3198 2983 3379 3042 partes
3408 2988 3659 3028 vasorum

2084 3065 2149 3117 ad
2177 3080 2311 3134 quas
2338 3065 2785 3134 propinquaverit
2812 3063 2952 3135 ignis
2974 3103 2990 3129 ,
3013 3073 3069 3118 et
3111 3073 3334 3131 urgetur
3362 3061 3594 3134 effugere
3634 3080 3664 3116 θ

2083 3157 2226 3209 vasis
2253 3164 2308 3209 et
2332 3153 2555 3227 effundi.
2600 3154 2713 3209 Non
2738 3155 2880 3209 enim
2906 3163 3086 3224 potest
3112 3153 3251 3222 ignis
3288 3151 3516 3209 sufferre
3547 3172 3665 3208 cru.

2079 3246 2276 3302 ciatus.
2330 3245 2471 3315 Ergo
2525 3245 2576 3298 in
2627 3246 2746 3301 istis
2801 3244 3055 3298 omnibus
3099 3244 3381 3297 subtiliora
3434 3259 3661 3312 corpora

2078 3335 2300 3390 fortiora
2336 3318 2466 3389 sunt
2498 3336 2712 3388 caeteris
2747 3350 2760 3386 :
2804 3333 3037 3387 secunda
3070 3344 3247 3386 autem
3285 3348 3347 3386 ea
3388 3348 3506 3411 esse
3548 3336 3660 3387 vir-

2074 3439 2218 3503 tute,
2248 3445 2367 3497 qua:
2400 3429 2578 3482 minus
2605 3427 2872 3483 habentur
2916 3428 2969 3480 in
2998 3427 3298 3480 subtilitate
3320 3465 3336 3493 ,
3385 3434 3439 3479 et
3468 3441 3662 3481 secun-

2075 3521 2201 3576 dum
2234 3520 2647 3587 competentiam
2696 3518 3125 3587 uniuscujusque
3175 3531 3346 3587 usque
3397 3516 3463 3571 ad
3503 3532 3662 3586 quar-

2078 3618 2208 3662 tum.
2247 3608 2316 3663 Ut
2345 3619 2523 3661 autem
2551 3617 2607 3662 et
2637 3608 2734 3661 ista
2766 3607 3068 3671 addantur,
3109 3606 3323 3660 flamma
3351 3606 3521 3660 incisa
3550 3623 3656 3660 non

2076 3698 2349 3753 inciditur.
2388 3698 2492 3752 Sed
2521 3706 2576 3751 et
2601 3698 2645 3752 si
2687 3696 2923 3752 volueris
2958 3711 3245 3751 assumens
3289 3696 3493 3752 ferrum
3516 3736 3531 3760 ,
3562 3710 3658 3750 aut

2074 3790 2215 3845 aliud
2240 3790 2445 3859 aliquid
2470 3792 2614 3858 quod
2661 3790 2875 3865 videtur
2916 3789 3191 3853 incidere,
3218 3796 3273 3843 et
3310 3789 3379 3843 ad
3423 3789 3654 3844 alteram

2072 3882 2388 3954 perduxeris
2418 3892 2625 3950 partem
2651 3897 2746 3951 per
2771 3874 3067 3943 flammam,
3095 3890 3279 3933 manet
3304 3887 3437 3945 tota,
3476 3888 3529 3934 et
3572 3879 3655 3932 in-

2075 3976 2335 4031 cisionem
2365 3990 2475 4030 non
2526 3973 2774 4044 suscipit.
2835 3973 2890 4027 Si
2944 3982 3126 4027 autem
3172 3986 3277 4026 non
3312 3970 3656 4028 intellexistis

2072 4066 2213 4135 quod
2240 4063 2443 4119 dictum
2471 4058 2574 4129 eSt,
2610 4075 2949 4118 transeamus
2976 4062 3044 4116 ad
3089 4060 3273 4115 radios
3307 4060 3438 4116 solis
3476 4079 3490 4116 :
3523 4062 3653 4116 istos

2073 4156 2117 4211 si
2142 4154 2374 4209 voluerit
2402 4156 2523 4227 quis
2574 4154 2812 4208 incidere
2844 4153 3056 4222 gladio,
3100 4152 3152 4206 in
3209 4151 3451 4207 inferiori
3501 4161 3655 4222 parte

2074 4262 2179 4301 non
2214 4247 2558 4301 invenientur
2600 4265 2614 4300 :
2658 4261 2870 4299 sursum
2918 4245 3060 4298 enim
3099 4253 3383 4298 remanent
3426 4260 3529 4298 non
3571 4246 3655 4298 in-

2072 4341 2192 4395 cisi.
2222 4340 2301 4394 lta
2341 4350 2394 4392 et
2428 4337 2667 4402 flamma,
2698 4338 2788 4392 ubi
2812 4338 2931 4405 ejus
2970 4336 3132 4390 fuerit
3162 4335 3350 4399 radix,
3397 4336 3507 4390 illic
3543 4343 3649 4391 tota

2073 4430 2364 4499 colligitur.
2401 4427 2515 4483 Non
2545 4437 2628 4481 est
2658 4428 2800 4481 enim
2834 4427 3015 4479 videre
3061 4434 3269 4494 partem
3314 4422 3541 4478 flammre
3569 4439 3652 4477 su-

400 4534 493 4589 per
520 4534 730 4583 omnes,
762 4529 816 4574 et
862 4520 1105 4575 dissolvit
1144 4522 1322 4575 omnia
1365 4536 1611 4590 corpora.
1645 4520 1961 4590 Quanquam
2074 4522 2257 4593 perius
2280 4516 2460 4591 gladio
2491 4520 2714 4574 incisam
2742 4531 3044 4578 remanere,
3080 4526 3287 4583 partem
3341 4524 3523 4568 autem
3569 4517 3651 4567 in-

398 4609 541 4662 enim
573 4624 722 4677 petra
760 4611 832 4662 ita
872 4619 954 4664 est
980 4611 1141 4678 dura,
1178 4620 1272 4665 aut
1321 4626 1441 4681 qua:
1474 4620 1649 4682 potest
1700 4612 1964 4666 confabu-

399 4690 503 4777 lata
553 4688 665 4777 (26)
710 4688 938 4756 ﬂamma:
985 4718 1092 4758 non
1167 4704 1454 4759 ostendere
1514 4702 1793 4757 fortiorem
1846 4718 1967 4758 esse

395 4780 622 4871 ﬂammae
653 4791 905 4871 virtutem
934 4786 963 4847 a
993 4794 1075 4869 sui
1126 4805 1316 4848 natura
1359 4813 1371 4849 :
1410 4784 1682 4849 emollitur
1722 4794 1865 4849 enim
1914 4805 1968 4849 et

395 4868 597 4959 ferrum
632 4896 725 4952 per
759 4860 953 4953 ignem.
987 4866 1244 4953 probatur
1287 4895 1341 4939 et
1373 4874 1584 4952 aurum,
1613 4889 1825 4942 colatur
1878 4904 1967 4941 ar-

395 4966 929 5053 gentum,_confiatur
951 4974 1247 5041 plumbum,
1278 4984 1331 5028 et
1354 4976 1534 5029 omnia
1567 4992 1685 5044 qua
1713 4987 1967 5047 putantur

392 5050 612 5118 fortiora
643 5056 761 5119 esse
786 5079 1037 5134 corpora,
1070 5065 1177 5136 igui
1221 5066 1417 5121 cedunt
1457 5078 1681 5138 prapter
1712 5067 1961 5122 subtilem

394 5158 531 5232 ignis
584 5166 851 5223 naturam.
892 5158 1149 5233 Denique
1193 5158 1237 5212 si
1290 5160 1582 5228 proieceris
1630 5160 1861 5231 lapidem
1907 5162 1959 5214 in

391 5240 624 5314 ﬂamma,
661 5249 849 5302 transit
875 5249 1111 5317 Quidem,
1149 5251 1239 5303 sed
1267 5266 1369 5304 non
1400 5266 1491 5318 per
1522 5250 1813 5304 flammam.
1852 5250 1960 5304 Fu-

463 5448 573 5519 βλ)
604 5447 1081 5519 Improvectioncs,
1111 5446 1267 5502 Forte
1302 5448 1515 5519 in-voce
1548 5448 1646 5519 hac
1672 5463 1953 5517 perperam

389 5518 626 5586 additum
654 5518 747 5579 im,
771 5518 1119 5586 exrvocabulo
1150 5518 1467 5586 praecedenti
1494 5518 1843 5585 geminatum.

461 5582 574 5652 (25)
600 5586 784 5641 Testis.
819 5585 997 5649 Forte,
1025 5582 1196 5640 testes.

461 5658 569 5729 ('26)
597 5660 699 5708 Aut
724 5674 838 5726 qua:
871 5667 1055 5729 potest.
1089 5657 1261 5729 Forte
1309 5670 1403 5729 per
1448 5657 1951 5729 interrogationem,

388 5724 487 5778 Aut
517 5724 631 5793 qua’
659 5724 819 5789 potest
854 5724 1185 5791 confabulatu
1205 5726 1532 5796 (ὁμιλήσασει
1559 5727 1777 5794 sociata)
1796 5728 1953 5794 ﬂam-

366 5813 505 5864 gma',
536 5796 772 5853 θειωδὶο
800 5806 916 5864 post
948 5811 1133 5860 pauca,
1167 5814 1208 5847 si
1242 5797 1375 5863 ignis
1402 5796 1761 5865 confabulatu:
1792 5796 1950 5863 fuerit

666 5892 935 5953 Pa’raDL.
973 5891 1091 5951 Gn.
1127 5890 1357 5953 XXIV.

2072 4614 2264 4678 ferius,
2288 4614 2381 4667 sed
2417 4621 2528 4665 tota
2561 4611 2627 4664 ad
2651 4609 2997 4677 semetipsam
3026 4602 3390 4675 coniungitur.
3418 4604 3645 4675 Lignum

2065 4716 2242 4759 autem
2277 4714 2330 4758 et
2360 4688 2564 4758 terram
2590 4743 2605 4767 ,
2642 4709 2696 4755 et
2747 4715 2877 4755 saxa
2924 4697 3231 4754 incidentes
3281 4697 3571 4752 dividimus
3615 4714 3645 4751 a

2064 4796 2389 4867 semetipsis,
2441 4805 2497 4848 et
2552 4792 2912 4862 disjungimus
2952 4798 3159 4860 partem
3206 4803 3235 4841 a
3275 4799 3469 4857 parte:
3506 4789 3646 4842 forte

2064 4880 2243 4943 autem
2276 4886 2567 4941 incidimus
2606 4880 2660 4939 et
2693 4898 2898 4946 aerem,
2943 4875 3036 4936 sed
3072 4880 3261 4948 ejecto,
3292 4895 3357 4934 eo
3382 4879 3520 4949 quod
3561 4879 3645 4934 in-

2062 4985 2209 5048 cidit,
2252 4983 2433 5038 statim
2480 4982 2551 5036 ob
2595 4980 2946 5036 subtilitatem
2999 4978 3081 5031 sui
3131 4976 3479 5043 semetipsum
3514 4985 3644 5025 cou-

2066 5074 2260 5144 jungit.
2291 5071 2482 5127 Gladio
2516 5074 2684 5137 enim,
2713 5084 2804 5125 aut
2830 5070 3003 5141 ligno,
3033 5077 3125 5122 aut
3157 5068 3335 5137 lapide
3355 5108 3370 5133 ,
3400 5078 3495 5136 per
3522 5078 3642 5132 qum

2072 5164 2260 5217 incisio
2291 5162 2517 5217 efficitur
2556 5163 2676 5231 (per
2707 5164 2870 5216 multa
2909 5162 3051 5215 enim
3086 5159 3321 5215 admittit
3356 5156 3492 5210 ratio
3524 5155 3640 5211 fieri

2072 5240 2690 5320 incisi‘ouemisublato,
2743 5270 2837 5309 aer
2880 5262 3104 5323 propter
3149 5249 3503 5305 subtilitatem
3554 5248 3640 5333 sui

2061 5450 2248 5521 lapidi,
2280 5463 2330 5505 et
2361 5454 2497 5506 infra
2531 5450 2594 5507 de
2626 5454 2881 5519 incorpor.
2913 5451 3007 5505 lib.
3028 5466 3064 5505 tt
3088 5451 3185 5506 sub
3204 5449 3297 5504 fin.
3324 5448 3369 5503 si
3385 5445 3711 5517 confabuug"

2061 5522 2373 5597 fatu_s_t¢r_'_rce
2410 5524 2591 5597 fuisset
2623 5523 2828 5597 (igniti).
2955 5592 2965 5597 _
3040 5590 3052 5597 _
3215 5591 3228 5597 _
3430 5596 3435 5597 ν
3597 5586 3609 5597 .

2131 5592 2242 5661 (27)
2268 5589 2334 5644 Et
2362 5589 2691 5662 magistrum:
2720 5589 2883 5645 Ferte
2926 5592 3000 5644 sic
3040 5590 3322 5662 legendum
3341 5626 3365 5662 ,Α
3387 5596 3438 5642 et
3460 5589 3638 5662 βαρὺ

2058 5654 2490 5741 ιιγὶιρίτίιιοέίμῖε
2527 5678 2702 5717 eorum
2741 5663 2874 5732 ignis
2897 5673 3000 5717 etc.
3031 5654 3125 5714 καῖ
3164 5658 3426 5723 δέσποζω
3448 5654 3639 5737 {datur

2061 5731 2209 5795 nam)
2234 5732 2291 5783 τὸ
2321 5731 2432 5805 πῦρ

3201 5886 3281 5951 38
