4134 6484
439 369 567 424 1151

1105 353 1370 413 susse"
1404 312 1888 409 CESARIENSIS
1925 346 2074 403 OPP.
2114 346 2294 402 rans
2330 344 2417 401 tv.
2456 375 2524 385 —
2563 338 2989 398 oocumca.

3552 330 3695 386 “32

437 485 717 560 coniungit
745 490 925 556 partes
951 479 1169 534 incisas.
1203 478 1259 530 Si
1309 485 1487 529 autem
1521 473 1625 526 hoc
1669 479 1886 542 propter
1934 469 2017 522 in-
2047 472 2091 528 Α
2119 483 2273 523 ramo
2300 466 2500 535 potitus
2533 461 2667 532 ('50)‘.
2693 459 3024 528 Quibusdam
3050 463 3231 508 autem
3259 448 3579 520 compositio
3610 454 3698 500 est

437 581 808 637 visibilitatem
841 575 1020 629 minus
1059 571 1374 640 agnoscitur
1396 608 1410 632 ,
1441 567 1495 620 in
1528 567 1680 635 aquis
1704 562 2016 632 agnoscitur

437 673 582 743 quod
610 670 827 726 dicitur.
857 666 990 722 Cum
1039 663 1208 718 incisa
1258 660 1423 714 fuerit
1483 671 1644 725 aqua,
1701 665 1794 710 aut
1846 655 2015 708 scissa

437 754 536 833 per
585 761 810 830 lignum,
861 765 954 810 aut
995 769 1090 825 per
1136 750 1283 805 aliud
1340 749 1559 817 aliquod
1619 748 2016 816 operimentum

437 855 578 927 (ΞΒ),
615 856 736 922 pest
768 859 946 904 autem
979 848 1024 900 si
1060 843 1351 899 abstuleris
1383 842 1435 896 id
1471 839 1613 909 quod
1664 837 1875 902 incidit,
1925 852 2019 889 ur-

444 960 598 1021 getur
630 960 770 1016 aqua
826 943 892 996 ad
930 937 1364 1009 coniunctionem
1399 932 1484 987 sui
1524 946 1535 980 :
1581 938 1664 984 est
1696 931 1838 984 enim
1882 943 2019 995 aqua

445 1063 472 1100 a
509 1053 653 1098 terra
683 1037 953 1093 subtilior.
993 1033 1164 1087 Terra
1209 1030 1351 1083 enim
1399 1027 1473 1080 ita
1517 1023 1620 1078 sibi
1655 1031 1714 1076 ut
1745 1037 1882 1091 aqua
1923 1022 2022 1073 ad--

440 1139 633 1209 iuvare
663 1149 769 1187 non
826 1137 1003 1200 potest
1032 1143 1047 1178 :
1084 1134 1143 1178 ut
1174 1139 1239 1176 ex
1283 1121 1389 1176 hoc
1419 1124 1714 1188 appareat,
1745 1113 1869 1183 quia
1906 1127 2025 1182 quae

446 1233 701 1287 dicuntur
741 1224 964 1279 fortiora
1016 1230 1269 1285 corpora,
1304 1213 1409 1266 ista
1464 1209 1635 1264 multo
1697 1205 1870 1276 magis
1902 1211 2028 1258 sunt

447 1322 770 1383 inﬁrmiora,
831 1326 886 1370 et
929 1327 1034 1367 non
1089 1311 1140 1365 in
1196 1303 1568 1375 magnitudine
1628 1307 1711 1353 est
1765 1295 2024 1367 potentia.

444 1415 586 1484 Quid
617 1413 761 1468 enim
792 1417 999 1462 tantum
1031 1404 1194 1458 habet
1218 1412 1395 1462 mons,
1424 1402 1681 1464 quantum
1709 1390 1865 1444 habet
1888 1401 2029 1441 mar-

449 1479 623 1580 garita
667 1505 735 1560 ad
774 1491 1272 1573 pulchritudinem?
1321 1485 1636 1556 magnitudo
1676 1481 1821 1538 enim
1855 1479 2031 1533 calca-

452 1615 560 1667 tur,
609 1600 661 1654 in
712 1572 860 1651 brevi
911 1602 1087 1647 autem
1142 1582 1488 1655 pulchritudo
1540 1576 1857 1646 requiritur.
1925 1572 2031 1627 Sed

451 1702 793 1748 transeamus
813 1702 844 1738 a
864 1683 1053 1754 primis
1078 1697 1197 1744 qua:
1231 1679 1484 1733 dicuntur
1515 1673 1852 1746 corporibus,
1871 1680 2032 1724 terrae

449 1785 576 1840 dico
629 1794 684 1835 et.
725 1779 863 1850 ignis
902 1785 957 1830 et
990 1788 1141 1844 aqua:
1193 1780 1248 1826 et
1275 1770 1452 1833 aeris,
1489 1769 1553 1821 ad
1587 1781 1648 1821 ea
1675 1780 1795 1834 quae
1827 1779 1892 1817 ex
1949 1762 2032 1815 his

2123 561 2175 614 in
2206 558 2532 612 butronibus
2565 555 2678 624 (51)
2704 548 2993 620 conjungi,
3027 557 3080 601 et
3109 545 3411 601 immutatio
3455 542 3697 596 colorum

2123 655 2176 707 in
2206 653 2394 706 iisdem
2423 659 2527 714 est,
2581 657 2634 701 et
2661 645 2826 715 ipsius
2852 639 2966 712 (5‘2)
2992 638 3239 710 generis,
3273 646 3328 690 et
3366 635 3535 706 ipsius
3577 648 3703 701 spe-

2127 748 2226 802 ciei
2263 763 2276 799 :
2328 743 2687 814 quorumdam
2739 737 2954 808 quidem
3000 733 3397 787 .manducantur
3421 743 3482 782 ea
3514 741 3632 796 qute
3671 740 3702 777 a

2127 840 2261 895 foris
2307 837 2593 899 habentur,
2643 829 3001 902 quorumdam
3050 834 3228 879 autem
3283 822 3350 876 ab
3404 820 3547 874 intus
3580 825 3708 871 sunt

2127 950 2249 1005 quae
2278 930 2652 988 comeiluntur.
2692 925 2757 978 Et
2786 923 2952 977 multa
2985 929 3070 974 est
3110 917 3346 971 varietas
3381 911 3708 967 annuntians

2130 1042 2226 1097 per
2254 1025 2432 1078 omnia
2471 1020 2733 1091 sapientis
2758 1015 3104 1087 sapientiam,
3132 1021 3188 1065 et
3219 1008 3391 1080 ipsius
3412 1003 3596 1076 operis
3625 1001 3709 1055 di-

2133 1119 2440 1189 sciplinam.
2478 1115 2684 1168 Tamen
2743 1110 2796 1164 in
2853 1107 2972 1162 istis
3001 1104 3315 1173 corporibus
3350 1099 3475 1169 quia
3534 1093 3711 1152 ofﬁcia

2135 1210 2380 1280 quaedam
2410 1217 2466 1261 et
2494 1206 2713 1259 ordines
2744 1199 3178 1267 conspiciuntur,
3221 1203 3276 1248 et
3335 1204 3624 1250 mensurae,
3655 1196 3714 1240 et

2137 1310 2398 1369 tempora,
2416 1305 2471 1349 et
2491 1293 2818 1365 aguitiones,
2843 1298 2901 1343 ut
2920 1287 3267 1342 emolliantur
3294 1297 3416 1338 cum
3441 1278 3713 1347 incipiunt

2136 1392 2374 1446 fructum
2417 1386 2652 1449 afferre;
2685 1384 2977 1454 projiciunt
3007 1379 3152 1434 enim
3200 1374 3410 1430 etiamsi
3470 1368 3718 1426 ﬂoruerit

2139 1486 2205 1539 ad
2229 1483 2489 1547 fructum,
2518 1489 2574 1534 et
2603 1479 2928 1538 educantur,
2964 1483 3019 1528 et
3053 1471 3253 1526 sensim
3294 1465 3599 1528 accedunt,
3659 1468 3719 1516 et

2141 1579 2208 1633 ad
2238 1587 2447 1645 tempus
2475 1579 2806 1633 occurrunt;
2841 1581 3118 1635 nunquam
3155 1571 3332 1617 autem
3377 1566 3565 1614 essent
3606 1555 3714 1609 ista

2139 1686 2260 1741 qua;
2289 1676 2435 1735 sunt,
2471 1665 2574 1721 nisi
2603 1679 2665 1719 ea
2696 1659 3059 1731 incorporalis
3091 1655 3337 1726 quzedam
3364 1651 3539 1706 virtus
3580 1647 3722 1717 ﬁgu-

2143 1772 2326 1817 raret:
2373 1759 2448 1814 ita
2481 1757 2619 1813 etin
2653 1752 2979 1815 animalibus
3021 1750 3170 1818 leges
3228 1752 3510 1816 praeceptae
3565 1749 3720 1804 sunt,

455 1883 580 1930 sunt
607 1869 903 1940 composita
957 1877 1012 1921 ct
1053 1865 1308 1919 videntur
1345 1859 1528 1914 omnia
1578 1873 1644 1913 ex
1691 1857 1776 1911 his
1817 1855 2037 1915 habere,
2076 1838 2116 1892 Β
2143 1863 2202 1910 ιιι
2233 1853 2300 1910 ab
2324 1851 2482 1923 equis
2504 1851 2652 1921 equi,
2681 1857 2735 1904 et
2781 1849 2848 1900 ab
2907 1853 3235 1912 unoquoque
3293 1848 3494 1908 genere
3551 1845 3724 1904 genus

454 1965 690 2021 calorem
715 1962 834 2015 dico
860 1969 916 2014 et
941 1958 1222 2012 humorem
1251 1963 1308 2008 et
1335 1949 1756 2008 crassitudinem
1789 1957 1842 2002 et
1869 1946 2041 2001 subti-

455 2061 664 2113 litatem
697 2065 751 2109 et
778 2052 917 2116 alia;
953 2060 1010 2104 et
1039 2051 1318 2102 videamus
1349 2045 1394 2099 si
1421 2054 1507 2098 est
1539 2044 1591 2096 in
1627 2042 1709 2096 his
1751 2039 2040 2101 stabilitas,

456 2154 503 2207 si
539 2158 622 2204 est
655 2145 885 2202 mansio.
934 2143 1000 2198 Et
1056 2157 1123 2196 ne
1173 2141 1294 2210 quis
1349 2146 1502 2208 putet
1549 2134 1838 2189 materiam
1871 2133 2043 2185 intro-

456 2245 578 2298 duci
602 2253 872 2303 sermone,
898 2245 991 2290 aut
1010 2233 1280 2304 quomodo
1303 2231 1728 2285 introducuntur
1748 2225 2042 2285 elementa,

458 2335 652 2404 quibus
676 2341 731 2386 et
762 2329 1108 2385 inducuntur.
1145 2324 1252 2379 Sed
1279 2323 1411 2377 illud
1438 2321 1582 2385 dico,
1613 2320 1738 2389 quia
1769 2319 1820 2371 in
1851 2330 2046 2385 corpo-

460 2431 612 2483 ribus
635 2441 752 2496 quae
780 2431 1066 2477 moventur
1099 2433 1114 2471 :
1157 2418 1448 2471 motionem
1484 2422 1663 2468 autem
1699 2410 1820 2465 dico
1850 2409 2040 2473 istam,

459 2536 578 2589 qua:
601 2516 865 2574 naturalis
897 2522 982 2569 est
1019 2527 1209 2567 eorum
1259 2509 1350 2578 qui
1405 2506 1610 2561 habent
1668 2511 1726 2556 ut
1773 2508 2047 2562 crescant,

461 2615 551 2682 qui
586 2612 784 2666 habent
814 2617 871 2662 ut
897 2606 1246 2668 minuantur;
1295 2615 1480 2656 eorum
1512 2597 1603 2668 qui
1641 2595 1873 2649 fructum
1916 2593 2048 2647 affe-

461 2714 610 2770 runt,
638 2717 823 2759 eorum
861 2701 951 2769 qui
979 2706 1268 2753 moventur
1296 2710 1324 2748 a
1359 2692 1494 2746 locis
1539 2689 1605 2744 ad
1657 2689 1793 2752 loca,
1839 2686 2050 2740 anima-

462 2799 590 2855 lium
618 2805 804 2866 utpote
829 2804 883 2848 et
923 2791 1182 2845 arborum
1237 2797 1292 2840 et
1341 2783 1644 2839 homimun.
1695 2779 2048 2835 Variﬁcatum

462 2891 608 2947 enim
638 2898 722 2945 est
748 2899 946 2954 corpus
986 2891 1042 2937 ct
1084 2879 1463 2948 compositum.
1504 2872 1875 2943 Compositum
1908 2871 2052 2924 enim

464 2998 548 3041 est
571 2998 625 3039 et
659 2983 908 3038 Salvator
944 2975 1054 3046 (29)
1101 2989 1194 3043 per
1246 2967 1618 3038 incorporales
1670 2965 1918 3018 virtutes.
1946 2961 2054 3034 Ne:

467 3094 572 3147 que
599 3076 744 3131 enim
769 3072 990 3126 arbores
1024 3067 1242 3121 sibimet
1271 3063 1395 3131 ipsa:
1431 3063 1675 3114 statuunt
1734 3063 1947 3122 tempus
1997 3030 2058 3105 ut

467 3172 718 3252 floreant,
749 3180 853 3218 non
910 3158 1333 3230 magnitudinem
1373 3153 1625 3206 foliorum
1651 3188 1665 3212 ,
1697 3163 1801 3202 non
1850 3156 2058 3213 tempus

471 3238 705 3330 frug'um,
737 3272 840 3312 non
870 3245 1318 3323 compositionem
1347 3259 1533 3299 eorum
1569 3255 1687 3310 qure
1734 3238 2057 3306 ﬁgurantur,

471 3372 577 3412 non
606 3369 667 3409 ea
696 3367 816 3423 quae
846 3353 992 3404 intus
1025 3353 1155 3401 sunt
1183 3343 1249 3397 ad
1290 3337 1703 3395 custodiendum
1725 3373 1741 3398 ,
1783 3346 1891 3386 non
1942 3343 2063 3399 qua:

474 3451 620 3506 foras
651 3454 779 3503 sunt
814 3444 881 3498 ad
916 3439 1154 3495 tutelam.
1203 3435 1318 3489 Non
1372 3431 1523 3486 enim
1572 3428 1625 3481 in
1672 3425 1925 3479 arborum
1979 3431 2064 3475 est

474 3549 758 3614 putestate,
791 3536 860 3592 de
889 3534 974 3589 his
1002 3547 1123 3602 quae
1151 3537 1279 3584 sunt
1304 3525 1359 3580 in
1391 3519 1701 3578 arboribus.
1744 3515 1801 3569 Si
1832 3513 1976 3568 enim
2009 3521 2066 3565 et

476 3637 528 3689 in
553 3632 708 3688 nobis
738 3625 1155 3684 rationabilibus
1204 3635 1310 3674 non
1363 3626 1448 3672 est
1491 3619 1740 3684 potestas
1793 3618 2069 3661 mensura-

477 3743 620 3792 rum,
650 3738 758 3778 non
791 3730 1010 3776 :etatum
1031 3757 1047 3782 ,
1085 3729 1192 3770 non
1225 3712 1619 3770 membrorum,
1652 3714 1825 3769 neque
1851 3696 2068 3768 quando

479 3821 672 3876 debeat
723 3827 1032 3885 procreare,
1090 3817 1184 3862 aut
1231 3804 1400 3867 nasci,
1440 3809 1536 3854 aut
1580 3808 1862 3855 crescere,
1894 3803 2070 3858 neque

481 3926 652 3984 usque
685 3911 752 3964 ad
783 3906 1008 3976 capillos
1043 3921 1056 3954 :
1092 3915 1198 3956 non
1252 3897 1426 3951 solum
1477 3902 1535 3946 ut
1575 3885 1788 3958 quando
1820 3881 2069 3942 ﬂoreant,

482 4017 536 4062 ct
565 3971 800 4076 Iquando
838 3971 1107 4060 debeant,
1151 3991 1243 4061 qui
1286 3987 1516 4043 necdum
1569 3987 1834 4037 venerunt
1865 3975 1931 4029 ad
1960 3971 2068 4059 llu-

484 4051 536 4062 υ-
584 4051 685 4076 τ--
737 4051 793 4056 -ν
845 4051 931 4054 ν-η
1090 4051 1106 4060 .
1171 4051 1184 4061 .

483 4114 637 4165 rem;
673 4096 768 4151 sed
821 4105 995 4162 neque
1029 4089 1096 4142 de
1128 4101 1194 4141 eo
1241 4091 1298 4136 ut
1335 4075 1633 4136 transferat
1673 4070 1937 4130 colorem,
1960 4051 2016 4118 et
2045 4080 2072 4116 a

485 4193 645 4262 nigro
675 4187 861 4244 veniat
889 4155 955 4238 ad
987 4180 1194 4244 album,
1221 4183 1306 4230 est
1338 4175 1394 4255 in
1426 4179 1614 4224 nostra
1643 4170 1944 4234 potestate,
1983 4155 2075 4224 qui

487 4287 782 4356 cogitatum
811 4275 1150 4349 possidemus
1181 4281 1236 4324 et
1269 4250 1490 4322 sensum
1521 4280 1537 4318 :
1563 4261 1610 4314 si
1647 4257 1812 4328 igitur
1842 4260 1898 4308 et
1925 4265 2076 4319 qua:-

488 4391 702 4446 cunque
735 4373 787 4427 in
829 4369 985 4425 nobis
1014 4373 1141 4421 sunt
1183 4358 1453 4416 naturalia
1478 4395 1494 4420 ,
1554 4367 1659 4406 non
1713 4357 1838 4404 sunt
1882 4351 2080 4398 nostra:

489 4437 800 4539 potestatis,
829 4469 1035 4534 quanto
1067 4455 1243 4528 magis
1269 4454 1325 4507 in
1372 4442 1839 4504 irrationabilibus
1870 4437 2082 4492 anima—

2141 1946 2446 2016 proprium,
2499 1941 2700 1998 similia
2731 1954 2761 1993 a
2797 1936 3106 2001 similibus;
3162 1939 3218 1986 et
3261 1937 3578 1984 mensurata
3637 1932 3726 1979 est

2143 2036 2582 2112 concupiscentia
2607 2029 2956 2086 animalibus.
2983 2025 3099 2079 Non
3133 2022 3278 2078 enim
3324 2021 3377 2075 in
3407 2017 3554 2074 omni
3588 2027 3730 2070 tem-

2144 2151 2274 2208 pore
2306 2129 2633 2187 animalibus
2659 2133 2742 2179 est
2773 2115 3220 2179 communicatio,
3238 2113 3333 2168 sed
3370 2121 3586 2178 tempus
3617 2117 3732 2161 sta-

2147 2205 2318 2284 tutum
2370 2234 2457 2281 est
2501 2231 2557 2277 et
2589 2217 2926 2288 agnoscitur.
2981 2211 3044 2266 Et
3083 2205 3308 2264 masculi
3345 2211 3475 2258 tunc
3506 2215 3731 2256 moven-

2151 2333 2264 2385 tur,
2297 2328 2354 2372 et
2380 2315 2594 2370 femina:
2630 2323 2759 2364 tunc
2787 2306 3087 2376 patiuntur,
3126 2307 3182 2354 et
3225 2296 3443 2352 transiit
3489 2305 3728 2362 tempus,

2147 2420 2202 2465 et
2229 2415 2478 2464 emortua
2507 2402 2678 2459 estin
2738 2391 3204 2453 irrationabilibus
3259 2381 3728 2455 concupiscentia.

2153 2504 2223 2559 Et
2241 2503 2330 2558 ubi
2363 2509 2510 2555 tanta
2536 2495 2771 2550 varietas
2793 2499 2899 2552 εει,
2925 2500 3103 2542 nonne
3134 2479 3481 2539 confessibile
3509 2477 3624 2547 (33)
3648 2485 3733 2530 est

2159 2593 2397 2668 ignorari
2450 2590 2518 2646 ab
2567 2582 3036 2642 irrationabilibus
3101 2591 3226 2646 quae
3302 2572 3471 2627 ﬁunt?
3525 2567 3733 2623 Tamen

2153 2658 2451 2760 agnoscunt
2471 2677 2743 2753 quomodo
2796 2680 3058 2742 reguntur
3083 2677 3140 2722 et
3163 2666 3529 2726 adducuntur,
3557 2669 3612 2714 et
3640 2658 3734 2712 ubi

2152 2786 2370 2852 oportet
2401 2772 2684 2835 seminari,
2718 2776 2774 2822 et
2800 2766 2893 2821 ubi
2918 2758 3208 2820 conveniat
3237 2750 3606 2812 commendari
3633 2767 3649 2804 :
3677 2757 3736 2803 et

2156 2849 2468 2946 ignorantes
2503 2865 2646 2936 quod
2686 2862 2922 2916 futurum
2993 2864 3097 2918 est,
3157 2849 3511 2907 nihilominus
3550 2855 3735 2900 tamen

2157 2936 2363 3035 lcgibus
2392 2959 2710 3016 suadentur.
2750 2951 2806 3005 lu
2851 2947 3171 3004 matricibus
3212 2953 3390 2997 autem
3423 2954 3522 2995 nec
3563 2936 3737 2992 ratio-

2159 3029 2367 3114 utibiles
2394 3051 2648 3108 mulieres
2677 3052 2879 3100 norunt
2915 3039 3044 3110 quid
3071 3035 3365 3092 efﬁciatur.
3421 3029 3626 3085 Tamen
3683 3038 3742 3080 et

2087 3179 2131 3240 Ο
2162 3143 2624 3204 irrationabilibus
2656 3138 2978 3208 ﬁgurantur,
3002 3140 3057 3185 et
3089 3128 3265 3182 nullus
3305 3133 3520 3180 emovet
3548 3131 3606 3175 ut
3629 3135 3740 3174 non

2990 3239 2997 3240 ί
3108 3234 3233 3240 λ-·-Α
3265 3228 3316 3240 --ι
3354 3215 3482 3240 =||--.I
3510 3213 3740 3240 .-.μηδ-πῖ

2165 3246 2487 3297 moveantur
2508 3242 2666 3288 extra
2697 3239 3028 3289 mensuram,
3065 3234 3239 3288 neque
3265 3228 3322 3272 ut
3354 3215 3483 3272 illud
3510 3213 3744 3267 mandu-

2165 3343 2270 3399 cet,
2299 3341 2352 3387 et
2405 3328 2472 3381 ab
2518 3325 2611 3379 illo
2670 3337 2730 3376 se
2764 3317 3058 3374 abstineat.
3087 3311 3482 3378 Nonnunquam
3513 3303 3657 3359 enim
3689 3308 3748 3355 et

2166 3425 2440 3481 minantur
2481 3417 2795 3488 plurimum,
2821 3421 2876 3466 et
2905 3414 3138 3462 currunt
3185 3417 3304 3472 quae
3347 3403 3746 3467 conceperunt,

2165 3528 2223 3576 et
2256 3487 2500 3572 custodit
2524 3525 2587 3564 ea
2615 3521 2735 3578 qua:
2757 3501 3016 3559 custodit.
3068 3497 3220 3565 Apud
3276 3508 3372 3548 nos
3429 3491 3574 3546 enim
3614 3487 3751 3558 quia

2169 3611 2388 3678 adjuvat
2422 3617 2512 3656 ars
2541 3611 2766 3661 naturae,
2816 3594 3159 3648 immutatum
3190 3596 3272 3641 est
3299 3601 3326 3638 a
3371 3593 3566 3638 natura
3595 3579 3756 3645 adju-

2169 3707 2433 3756 mentum.
2453 3692 2556 3748 Ubi
2585 3681 2765 3744 autem
2796 3683 2928 3740 nihil
2955 3679 3186 3737 coefﬁcit
3211 3692 3301 3731 ars
3319 3684 3544 3734 natura),
3567 3679 3748 3724 totum

2172 3791 2542 3862 adiumentum
2584 3776 2910 3835 custoditur.
2944 3769 3111 3826 Multa
3143 3766 3286 3821 enim
3316 3771 3442 3819 sunt
3491 3775 3612 3830 quae
3658 3759 3748 3813 vi-

2173 3883 2368 3937 dentur
2401 3878 2454 3930 in
2487 3873 2609 3928 aliis
2640 3865 2989 3928 animalibus,
3016 3874 3144 3932 quae
3177 3871 3275 3912 nos
3306 3870 3412 3909 non
3459 3851 3748 3906 habemus.

2176 3973 2342 4030 Nobis
2368 3969 2514 4024 enim
2550 3977 2730 4034 neque
2758 3958 2892 4014 tales
2918 3964 3105 4018 cutes,
3162 3961 3339 4018 neque
3395 3943 3532 3998 tanti
3565 3939 3756 4010 capilli

2177 4073 2323 4130 sunt,
2357 4058 2541 4132 quanti
2576 4065 2633 4111 et
2666 4053 2796 4110 illis.
2827 4051 2932 4105 Ars
2962 4046 3106 4102 enim
3144 4041 3384 4098 vestiens
3405 4052 3494 4101 ea,
3520 4034 3762 4103 complet

2178 4156 2320 4228 quod
2351 4130 2565 4206 videtur
2588 4149 2776 4202 deesse
2820 4152 3048 4196 naturae.
3103 4134 3218 4190 Non
3253 4130 3589 4201 operimenta
3627 4134 3763 4180 sunt

2182 4215 2372 4303 iisdem
2402 4259 2417 4308 ;
2482 4237 2762 4295 sufﬁciunt
2793 4232 2936 4286 enim
2967 4229 3084 4298 pili.
3118 4225 3235 4279 Non
3264 4217 3536 4290 opertoria
3568 4232 3584 4280 ;
3617 4215 3762 4268 ami-

2182 4351 2269 4398 cta
2317 4305 2413 4392 est:
2447 4333 2591 4388 enim
2650 4341 2777 4398 pars
2832 4337 2952 4392 quae
3001 4321 3087 4375 his
3117 4312 3410 4384 indigebat.
3463 4305 3766 4362 Sufficiunt

492 4486 800 4539 νοιθειειιιδ,
829 4486 1035 4534 quanto
1067 4486 1243 4528 ιιιδδιδ
1272 4486 1325 4507 nu
1374 4486 1837 4504 unumunum"---
1871 4486 2047 4492 ..-η---π
2202 4486 2218 4496 ,
2283 4486 2296 4494 _
2319 4486 2332 4494 _

492 4564 657 4626 libus,
684 4575 792 4614 non
818 4563 944 4613 sunt
969 4553 1026 4608 in
1061 4551 1302 4620 ipsorum
1332 4545 1605 4613 potestate
1632 4547 1752 4604 qua:
1789 4544 1885 4586 sua
1917 4525 2081 4581 sunt?
2112 4543 2156 4598 Ι)
2186 4519 2265 4575 eis
2294 4526 2350 4570 et
2381 4511 2556 4583 palliis
2581 4515 2638 4564 et
2663 4502 3017 4576 operimentis
3049 4517 3065 4567 ;
3115 4505 3166 4552 et
3217 4493 3507 4560 unicuique
3539 4486 3767 4542 animali

1898 4624 1906 4626 ’
2009 4618 2021 4626 ³
2264 4625 2273 4626 ί
2322 4606 2396 4626 ⁴-·⁹
2439 4613 2628 4626 --“··-·-
2680 4607 2731 4626 Αο
2788 4591 3059 4626 Anni-Inrita
3105 4591 3228 4626 Aula
3287 4592 3432 4626 nllnl-
3615 4580 3767 4626 ΩΙΙῘΙΙΙ

493 4654 662 4724 Magis
685 4661 865 4706 autem
902 4649 1006 4702 hoc
1055 4618 1112 4699 in
1145 4637 1436 4696 arboribus
1481 4645 1588 4686 non
1620 4635 1704 4682 est
1755 4632 1811 4678 et
1859 4618 2076 4692 plantis.

494 4746 565 4803 Et
593 4743 851 4800 tamenin
881 4741 967 4794 his
1001 4750 1125 4808 qua;
1155 4733 1277 4788 sine
1327 4729 1510 4783 anima
1554 4730 1704 4784 sunt,
1757 4717 1859 4772 huc
1899 4721 1983 4769 est
2022 4711 2076 4766 in

497 4837 786 4896 arboribus
815 4835 934 4888 istis
971 4841 1026 4885 et
1070 4825 1292 4899 plantis,
1333 4830 1632 4878 mensura,
1679 4805 2080 4878 magnitudines

424 4988 426 4990 ,
500 4929 767 5004 partibus,
801 4933 856 4979 et
879 4923 980 4992 ipsi
1011 4893 1190 4975 omnia
1241 4911 1426 4969 arbori
1471 4917 1526 4964 et
1557 4907 1782 4974 plantae,
1833 4907 1888 4952 et
1931 4893 2078 4949 foliis

500 4989 618 5096 ejus
670 5029 726 5075 et
775 4989 1066 5076 fructibus,
1128 5018 1183 5066 et
1245 4997 1730 5074 compositionibus
1790 4989 2080 5045 habentur.

505 5111 870 5183 Quorumdam
890 5107 1032 5162 enim
1058 5103 1268 5158 fructus
1298 5095 1471 5168 sparsi
1507 5098 1637 5147 sunt
1664 5129 1680 5155 ,
1725 5084 1866 5140 alius
1897 5082 1952 5136 in
1978 5077 2086 5132 alio

581 5289 691 5358 (ἓὸ)
741 5276 1316 5358 Οριτὶηιεηιιιιηειμθεθ
1364 5272 1752 5358 operantium?
1767 5270 1962 5358 ἔπειιέςῖ
1971 5267 2081 5358 1th

512 5327 1001 5425 ἰιιιὶνιίτειινιιοειῐο
1034 5327 1317 5402 familiaris
1345 5327 1442 5407 pro
1494 5353 1558 5388 eo
1586 5331 1726 5425 qgod
1767 5337 1848 5407 est
1882 5327 2085 5425 instru-

1225 5416 1234 5425 .
1322 5408 1450 5425 mm.
1510 5408 1582 5425 ._
1667 5408 1856 5425 mm“,
1913 5407 2080 5425 mum

1317 5398 1451 5464 1099
1499 5408 1538 5460 Α
1572 5398 1884 5488 εΡτρυιξιιὶιΔ
1902 5402 2084 5488 frg-tegi

510 5459 758 5484 ῐκσηιιυη.
797 5459 888 5478 υιυ
932 5459 990 5475 au
1015 5459 1046 5473 ιι
1063 5459 1091 5471 n
1157 5459 1170 5468 κ
1189 5459 1258 5466 π.-
1323 5459 1339 5464 -
1359 5459 1373 5462 ν
1390 5459 1404 5462 -
1430 5459 1439 5461 ε

510 5499 666 5553 istum
685 5506 891 5564 portare
909 5459 1238 5543 madirimilia
1263 5487 1621 5564 operumque;
1648 5479 1701 5523 et
1729 5461 1998 5546 col..llﬁ7
2023 5459 2082 5511 B:

934 5563 937 5564 ν
986 5563 1009 5564 Π
1357 5562 1364 5564 ”
1430 5563 1435 5564 ⁷
1468 5548 1477 5564 Ξ
1546 5561 1589 5564 --ε
1611 5557 1695 5564 -----
1717 5551 1912 5564 -ιι-ιουιηι
1953 5544 2082 5564 rnllﬂ.

511 5536 797 5621 Cassarum
824 5563 1049 5617 visibdia
1072 5536 1437 5623 aperumenta:
1468 5546 1697 5612 idupsunt
1717 5536 1914 5606 passim
1951 5544 2097 5597 repe-

514 5651 696 5774 nagil)
726 5663 1221 5774 Saluator._l“orte,
1261 5692 1518 5774 solvatur.

587 5768 698 5842 (30)
728 5772 958 5842 Potitus.
996 5771 1175 5842 Forte,
1202 5768 1417 5842 positus.

589 5812 700 5916 im;
726 5812 1067 5895 Butrouibus.
1109 5812 1480 5890 Deductavox
1511 5843 1574 5883 ea
1613 5825 1822 5881 videtur
1850 5830 1878 5868 a
1901 5812 2092 5867 Grreca

2185 4625 2286 4682 pro
2316 4580 2398 4663 sui
2439 4613 2631 4659 natura
2679 4607 2736 4652 et
2788 4591 3060 4664 opertoria
3105 4591 3228 4644 data
3287 4592 3432 4640 sunt.
3468 4581 3564 4636 llis
3615 4580 3767 4634 eniut

2185 4671 2278 4772 qui
2321 4698 2498 4753 minus
2518 4697 2771 4765 poterant
2806 4688 3076 4741 sustinere
3109 4680 3425 4750 fridgorem,
3474 4671 3771 4742 spissiores

2184 4792 2278 4863 pili
2302 4798 2359 4844 et
2391 4761 2663 4856 longiores
2698 4778 2889 4836 indulti
2917 4783 3066 4832 sunt.
3105 4771 3226 4825 aliis
3257 4768 3434 4821 Ialm:
3469 4775 3524 4820 et
3550 4761 3770 4816 unicui-

2185 4898 2291 4955 que
2327 4889 2572 4950 separata
2625 4885 2709 4931 est
2747 4887 2870 4928 esca
2905 4880 2961 4923 et
3012 4864 3252 4919 itnmissa
3279 4901 3294 4928 ,
3329 4867 3385 4927 et
3418 4856 3563 4911 circa
3618 4851 3768 4905 illam

2190 4991 2368 5034 escam
2404 4973 2492 5027 illa
2521 4968 2793 5037 alacritas.
2821 4964 2953 5031 Quae
2978 4959 3123 5015 enim
3147 4965 3373 5011 excusat
3400 4947 3516 5021 (54)
3548 4959 3772 5005 cervus,

2197 5073 2310 5127 hac
2347 5065 2692 5139 persequitur
2716 5034 2800 5113 leo
2829 5075 2842 5110 :
2869 5063 2924 5108 et
2951 5051 3102 5106 varia
3134 5044 3412 5119 proposita
3449 5047 3536 5096 est
3584 5034 3772 5105 magni

2191 5249 2369 5320 βότρις
2419 5235 2868 5320 raremus._§erte
2912 5229 3183 5320 sententia
3211 5221 3372 5320 huius
3405 5219 3508 5274 loci
3557 5215 3776 5320 εἱειειει-

2192 5286 2368 5320 νυκτί-δ
2420 5286 2675 5297 ’κη-π-
3076 5301 3085 5309 .
3136 5298 3145 5308 .

2190 5325 2378 5375 eadem
2401 5328 2520 5369 esse
2543 5324 2662 5377 quae
2689 5307 2831 5363 illius
2852 5302 2990 5377 apud
3011 5298 3265 5377 Plinium,
3294 5293 3388 5377 lib.
3414 5306 3503 5352 xv,
3529 5302 3648 5367 cap.
3666 5286 3773 5377 Σἰεί

2194 5357 2932 5456 ἵῶΐιὶὶιὲἷπῖάὶιᾏήρέἐιιευιιὲ,
2969 5381 3023 5423 ut
3068 5368 3222 5429 pira;
3254 5357 3365 5415 alia
3407 5357 3626 5412 racemis
3655 5395 3670 5419 ,
3716 5366 3776 5408 ut

2194 5474 2326 5521 urw,
2357 5455 2562 5524 palatur.

2270 5512 2383 5590 (32')
2412 5524 2607 5591 Ipsius.
2647 5513 2850 5591 Atiam"),
2867 5512 3121 5591 cjttsdem.
3205 5590 3244 5591 η
3271 5577 3525 5591 ῌῌ-ΜΜ
3582 5564 3650 5591 m
3683 5551 3745 5591 ﬂ;

2271 5564 2386 5667 i353
2422 5564 3158 5667 JoufessibilenCdinfissurn,
3192 5577 3564 5667 compertum.r
3582 5564 3779 5645 Utsu-

2203 5634 2294 5742 pra
2323 5634 2436 5720 mit.
2465 5634 2554 5720 47'.
2605 5657 2799 5715 inimici
2860 5634 3179 5718 confessiles,
3215 5634 3404 5712 aperti,
3441 5634 3689 5705 professi.

2298 5737 2374 5742 βα
2421 5735 2453 5742 ··
2634 5741 2640 5742 ί
2698 5729 2712 5742 ι
2741 5730 2750 5742 -
2810 5741 2817 5742 κ
2863 5735 2873 5742 -
2919 5721 3104 5742 7.--.--“
3137 5717 3271 5742 ..ιω-ι
3325 5711 3634 5742 “Annam...
3665 5719 3689 5742 ,ι

2275 5699 3104 5809 esi—rapiat
3136 5699 3278 5772 sicut
3324 5699 3636 5766 notavimus
3665 5699 3784 5760 col.

2206 5803 2375 5872 1101(
2403 5815 2515 5859 ιιοῐ.
2553 5803 2640 5856 138.
