4134 6412
368 344 503 401 4135

1698 326 1784 379 DE
1820 314 2302 381 INCORPllliALl.

3469 319 3606 375 H34

369 459 457 515 Dei
490 466 694 515 mensa,
729 449 881 518 plena
911 439 1126 515 quidem
1167 444 1437 507 omnibus,
1471 442 1801 497 conveniens
1834 456 1930 494 au—
1964 445 2008 498 Α
2040 437 2322 495 mamillas,
2350 424 2769 502 qnadripedihus
2800 436 2979 486 autem
3008 432 3058 484 in
3090 432 3212 487 aliis
3247 434 3418 487 infixit
3446 426 3599 489 locis.

368 560 471 603 tem
536 541 823 608 unicuique
884 548 1103 590 naturae.
1144 535 1211 588 Et
1239 543 1321 588 est
1366 530 1671 585 admiratio.
1705 529 1920 581 Numeri

364 632 506 687 enim
542 626 807 680 mensium
844 624 1158 677 matricibus
1191 632 1245 673 ct
1272 619 1737 675 irrationabilibus
1766 618 1925 687 positi

364 730 505 779 sunt.
542 717 606 771 Et
646 718 766 786 quis
803 732 905 768 non
948 724 1184 783 stnpeat,
1244 714 1367 782 quia
1421 714 1473 767 in
1530 721 1768 780 tempore
1827 712 1932 764 isto

330 818 716 871 rconcurrunt,
772 807 923 874 cujus
957 807 1133 859 exitus
1175 804 1409 857 fructum
1463 812 1753 872 apportat,
1808 817 1928 855 cum

366 902 627 972 asperitas
665 900 869 953 hiberni
926 898 1237 951 transierit?
1285 905 1343 948 ut
1381 910 1483 949 non
1537 903 1722 947 tenera
1758 894 1932 947 adhuc

367 994 658 1050 constituta
686 1007 806 1059 quae
831 1000 955 1043 nata
978 998 1102 1042 sunt
1128 990 1180 1041 in
1205 989 1365 1042 domo
1391 1001 1494 1040 non
1511 984 1748 1047 confota,
1778 999 1932 1051 aspc-

368 1088 584 1140 ritatem
618 1093 795 1135 autem
829 1081 1024 1134 hiemis
1051 1078 1379 1133 incurrentia
1421 1077 1683 1143 perirent,
1714 1083 1767 1127 et
1802 1075 1933 1127 deli-

365 1180 513 1225 ceret
540 1185 729 1238 genus,
767 1169 809 1221 si
843 1170 912 1220 ita
954 1168 1201 1237 frigdore
1227 1167 1412 1235 gelida:
1440 1165 1631 1220 hiemis
1659 1164 1933 1217 interfice-

365 1269 531 1312 retur.
558 1258 661 1311 Sed
697 1257 839 1325 leges
867 1267 1098 1320 statutae,
1126 1266 1179 1309 et
1210 1257 1343 1311 lines
1365 1265 1490 1309 sunt
1512 1254 1695 1324 positi,
1720 1252 1934 1321 quando

367 1350 640 1404 seminare
672 1350 952 1414 deberent,
983 1359 1038 1403 et
1071 1348 1285 1416 quando
1331 1347 1568 1400 fructum
1624 1345 1838 1398 aﬂ'crre.
1872 1346 1934 1397 Et

366 1455 543 1509 neque
579 1440 682 1493 illis
707 1453 842 1508 opus
896 1450 978 1493 cst
1026 1439 1341 1501 obstetrice,
1375 1451 1550 1506 neque
1582 1447 1698 1491 arte
1750 1436 1935 1489 istius-

368 1536 533 1596 modi,
570 1550 742 1603 neque
763 1544 820 1588 ut
848 1536 1004 1589 cadat
1028 1545 1081 1586 et
1108 1533 1284 1602 jaceat
1313 1550 1327 1584 :
1361 1532 1453 1585 sed
1486 1531 1666 1584 statim
1692 1538 1750 1582 ut
1777 1528 1936 1582 enixa

368 1628 531 1681 fuerit
556 1636 686 1690 stat,
720 1626 902 1681 statim
935 1636 993 1677 ut
1022 1634 1206 1676 natum
1238 1622 1399 1676 fuerit
1454 1636 1620 1689 pecus
1672 1618 1934 1686 exsurgit,

365 1731 418 1773 et
444 1721 688 1789 agnoscit
726 1718 1096 1773 irrationabile
1140 1715 1340 1769 animal
1376 1714 1519 1784 quod
1571 1712 1732 1781 ejecit
1758 1728 1787 1766 e
1826 1727 1941 1763 ma-

2033 528 2170 593 Quid
2199 537 2376 580 autem
2404 526 2537 579 dicis
2562 524 2686 592 quia
2713 523 3128 592 unumquodque
3162 524 3385 589 animal,
3420 528 3606 579 statim

2030 631 2089 673 ut
2124 628 2303 672 natmn
2331 617 2510 683 fuerit,
2546 625 2803 684 quantum
2840 626 2922 670 est
2951 627 3157 671 tantum
3194 629 3295 680 est,
3326 620 3600 689 magnitu-

2035 710 2159 763 dine
2186 710 2329 772 dico,
2363 711 2455 763 scd
2485 709 2629 778 quod
2659 709 2794 763 nihil
2831 710 3063 777 amplius
3096 710 3326 766 assumit
3358 712 3423 765 ad
3454 726 3607 765 men-

2036 812 2163 854 tem.
2193 800 2528 854 Habetenim
2559 800 2946 854 sensibilitates
2979 816 3125 865 suas,
3159 802 3319 856 habet
3355 803 3604 872 capillos;

2035 904 2089 946 et
2120 894 2243 960 quia
2286 892 2417 946 nihil
2449 893 2589 957 apud
2636 908 2730 946 eos
2784 893 3077 961 pretiosum
3115 902 3218 956 est,
3278 894 3397 948 ideo
3433 903 3602 948 totum

2036 986 2219 1039 statim
2245 985 2297 1037 in
2322 985 2400 1038 eis
2422 984 2647 1037 effusum
2680 993 2806 1038 cst':
2840 985 2981 1038 sicut
3036 994 3089 1037 et
3138 985 3488 1038 infructuosis
3513 994 3606 1037 ar—

2036 1079 2257 1132 boribus
2292 1078 2471 1131 statim
2494 1078 2843 1132 concurritet
2870 1077 3163 1132 effunditur
3193 1078 3520 1146 magnitudo.
3550 1078 3609 1130 in

2037 1168 2333 1223 fructiferis
2358 1178 2538 1222 autem
2591 1169 2788 1222 sensim
2843 1169 3060 1237 proficit
3114 1179 3481 1239 augmentum.
3526 1168 3606 1223 Ita

2036 1270 2091 1313 et
2133 1257 2561 1313 rationabilibus
2592 1272 2696 1311 non
2726 1261 2908 1312 statim
2937 1258 3173 1315 efﬁcitur
3203 1270 3258 1313 ut
3312 1242 3601 1328 crescztnt,

2039 1365 2143 1404 non
2172 1352 2353 1403 statim
2377 1359 2579 1413 Status,
2625 1365 2729 1403 non
2767 1350 2950 1404 statim
3001 1365 3148 1407 esca.
3183 1350 3458 1420 Siqui-dem
3506 1364 3613 1407 nec

2040 1442 2345 1511 margaritae
2369 1443 2419 1496 in
2454 1444 2592 1497 facie
2621 1444 2965 1513 reperiuntur
2990 1451 3183 1495 terrae:
3220 1442 3312 1495 sed
3344 1451 3462 1509 post
3486 1452 3611 1495 tan-

2042 1545 2124 1587 tas
2149 1534 2498 1588 difficultates
2520 1535 2662 1603 quod
2705 1534 3007 1601 pretiosum
3051 1542 3133 1586 est
3177 1533 3471 1586 invenitur.
3500 1529 3613 1587 Ta—'

2041 1641 2162 1680 men
2196 1627 2333 1694 quod
2364 1635 2621 1695 properat
2650 1640 2830 1680 sermo
2856 1626 2921 1679 ad
2975 1625 3321 1696 semetipsum
3373 1625 3605 1680 dicimus

2042 1716 2165 1783 quia
2199 1730 2374 1784 neque
2399 1716 2881 1770 irrationabilibus.
2907 1716 2964 1770 Si
3003 1718 3145 1770 enim
3184 1727 3429 1781 nossent,
3469 1716 3613 1771 forte

367 1812 521 1874 Hice.
554 1811 767 1879 etquod
794 1824 897 1862 ιιοιι
925 1809 1134 1860 "idem!
1162 1816 1223 1859 υι
1256 1807 1434 1860 SCienS
1464 1814 1636 1858 male?
1669 1801 1937 1872 agnoscil.
1972 1797 2013 1850 Β
2042 1808 2258 1874 quidam
2292 1822 2455 1860 ausus
2480 1807 2690 1872 fuisset,
2725 1818 2779 1862 et
2801 1808 3007 1861 diceret
3037 1808 3277 1875 ipsorum
3311 1822 3431 1863 esse
3452 1824 3605 1877 opus.

365 1914 419 1957 et
442 1904 725 1972 progenies
750 1903 814 1955 ad
849 1912 1072 1954 matrem
1092 1900 1428 1953 convertitur
1450 1912 1609 1965 quam
1640 1895 1933 1949 nesciebat.

365 1995 429 2048 Et
472 2011 594 2047 cum
620 1994 800 2047 adsint
832 1992 942 2067 (55)
978 1993 1142 2061 ipsius
1178 1992 1403 2058 generis.
1421 1992 1531 2055 alii,
1567 2004 1675 2043 non
1705 1997 1822 2041 erat
1862 1987 1935 2039 ir—

367 2088 705 2142 rationabilis
727 2087 791 2139 ad
818 2086 1107 2150 modicum,
1131 2095 1182 2138 et
1207 2085 1388 2139 statim
1417 2084 1663 2154 agnoscit
1686 2090 1935 2134 matrem.

365 2179 629 2248 Agnoscit
657 2188 836 2232 autem
870 2189 923 2231 et
958 2177 1038 2231 sui
1073 2178 1287 2246 generis
1323 2194 1335 2229 :
1372 2191 1479 2229 non
1515 2176 1728 2245 ignorat
1773 2171 1936 2223 etiam

367 2277 421 2323 et
447 2285 569 2338 qum
599 2269 698 2322 sibi
732 2268 955 2321 adversa
991 2278 1135 2320 sunt.
1192 2267 1538 2334 Accipiamns
1584 2262 1728 2316 enim
1764 2259 1937 2327 gratia

366 2359 789 2429 comparationis
818 2372 980 2410 unum
1006 2370 1072 2409 ex
1107 2356 1216 2421 his,
1241 2366 1295 2408 et
1324 2356 1625 2409 videamus.
1662 2349 1818 2405 Cervi
1846 2364 1939 2403 ca-

370 2454 592 2523 preolus
626 2452 805 2507 statim
838 2461 894 2505 ut
927 2459 1081 2504 natus
1113 2450 1276 2502 fuerit
1302 2448 1473 2503 currit
1502 2446 1571 2498 ad
1602 2454 1853 2506 matrem,
1885 2450 1941 2494 et

371 2545 566 2611 anerit
592 2559 695 2597 non
747 2544 883 2596 unde
908 2542 1254 2612 processerit,
1310 2539 1405 2594 sed
1464 2538 1605 2592 unde
1660 2544 1936 2604 pascatur.

370 2632 463 2686 llla
496 2644 672 2687 autem
715 2649 830 2700 quae
864 2644 1018 2686 antea
1045 2646 1150 2684 non
1190 2625 1744 2690 dederatmamillam,
1775 2637 1939 2693 agno-

374 2726 480 2781 scit
509 2726 624 2793 ejus
648 2726 737 2794 qui
780 2735 938 2779 natus
969 2735 1048 2779 est
1077 2724 1412 2777 alacritatem
1436 2761 1450 2786 ,
1501 2729 1556 2773 et
1610 2726 1761 2786 aptat
1812 2723 1942 2768 nato

374 2830 683 2871 mensuram
706 2815 899 2869 volenti
928 2816 1240 2885 contingere
1264 2822 1321 2866 ut
1348 2812 1644 2881 pertingat,
1671 2808 1827 2861 matri
1850 2816 1945 2859 au-

377 2917 482 2962 tem
516 2924 633 2977 qua:
664 2907 863 2976 praebet
894 2916 950 2959 ut
978 2906 1237 2974 suscipiat
1267 2915 1320 2957 et
1356 2912 1562 2974 pasent.
1614 2902 1723 2956 Cur
1766 2911 1943 2954 autem

375 3013 483 3051 non
514 2998 643 3051 abiit
678 2998 743 3050 ad
782 2998 944 3050 aliam
973 2990 1241 3050 similem?
1267 2994 1377 3049 Cur
1412 2994 1580 3064 ipsius
1606 3004 1815 3046 natura:
1840 2992 1943 3044 alia

377 3104 484 3141 non
524 3088 791 3157 suscepit?
822 3089 928 3143 Cur
960 3104 1064 3142 non
1097 3090 1163 3142 ad
1189 3104 1250 3143 os
1286 3088 1457 3158 patris
1517 3084 1808 3155 perrexit?
1848 3096 1947 3137 cur

379 3193 484 3231 non
515 3179 735 3233 oll'endit
789 3180 855 3234 ad
905 3180 1071 3242 latus.
1120 3182 1211 3233 sed
1253 3177 1543 3231 mamillam
1575 3172 1808 3245 quaerit?
1843 3188 1950 3242 quo
1977 3158 2020 3216 Ο

376 3270 678 3324 edocente?
699 3284 804 3340 quo
835 3268 1200 3338 suggerente?
1236 3269 1383 3323 Unde
1416 3276 1593 3322 autem
1627 3276 1682 3321 et
1707 3266 1951 3336 agnoscit

377 3359 507 3428 quid
547 3359 743 3413 habeat
779 3361 1057 3413 mamilla?
1119 3360 1259 3413 unde
1306 3360 1462 3413 novit
1520 3358 1649 3427 quid
1687 3364 1946 3427 operetur

378 3452 505 3509 fons
530 3452 882 3507 mamillarum
907 3453 930 3505 ‘2
958 3453 1081 3521 quis
1119 3453 1166 3506 ei
1196 3452 1352 3516 dixit,
1378 3450 1505 3518 quia
1530 3449 1712 3503 fontes
1740 3446 1952 3501 mamil-

380 3546 446 3599 ιω
476 3547 639 3601 sunt?
665 3544 799 3599 Nam
855 3557 909 3597 ct
956 3560 1075 3597 cum
1126 3544 1390 3597 ceciderit
1442 3542 1493 3594 in
1538 3549 1704 3602 terra,
1763 3538 1949 3591 statim

386 3648 516 3703 stat,
543 3651 597 3692 ct
627 3653 797 3707 neque
826 3652 1027 3691 cornua
1054 3634 1394 3706 pertimescit
1421 3646 1708 3687 cervorum
1743 3629 1876 3684 talia
1900 3640 1954 3683 et

383 3730 460 3783 ita
490 3731 770 3795 terribilia,
799 3743 973 3797 neque
1001 3726 1284 3797 perturbat
1333 3739 1454 3779 eum
1485 3722 1793 3777 immutatio
1827 3736 1950 3791 gre-

384 3824 487 3894 gis.
518 3822 572 3877 Si
598 3834 774 3877 autem
809 3820 1118 3890 apparuerit
1139 3817 1351 3873 catulus
1379 3816 1557 3879 canis,
1585 3815 1770 3869 statim
1804 3813 1954 3867 abeo

385 3917 477 3985 qui
513 3925 669 3969 natus
694 3923 777 3967 est
802 3913 1130 3982 agnoscitur,
1160 3910 1284 3979 quia
1318 3909 1670 3977 impugnator
1702 3916 1786 3960 est
1810 3904 1949 3972 ejus.

385 4007 452 4061 Et
482 4009 526 4061 si
553 4007 815 4061 simulans
860 4006 1020 4059 homo
1072 4004 1312 4057 imitatus
1348 4000 1511 4055 fuerit
1561 4014 1750 4053 vocem
1782 4002 1951 4063 canis,

384 4102 569 4155 statim
601 4108 655 4153 et
688 4110 972 4168 antequam
1014 4099 1235 4161 videat,
1292 4096 1653 4151 imitationem
1687 4093 1912 4146 audiens
1940 4129 1956 4154 ,

384 4208 571 4245 vocem
597 4192 749 4261 fugit.
788 4190 916 4256 Quis
942 4204 1068 4258 ergo
1114 4188 1167 4242 in
1206 4184 1669 4241 irrationabilibus
1702 4180 1958 4251 sapiens?

386 4295 440 4338 ct
464 4296 609 4339 certe
643 4300 740 4338 nos
770 4284 859 4351 qui
912 4282 1157 4335 videntur
1204 4291 1259 4334 et
1292 4294 1482 4333 sumus
1542 4273 1903 4330 rationabiles
1942 4311 1958 4339 ,

386 4379 566 4431 statim
600 4379 707 4431 nati
741 4377 874 4431 nihil
903 4378 1094 4431 horum
1122 4375 1407 4432 habemus.
1439 4370 1582 4439 quod
1606 4377 1689 4423 est
1714 4366 1958 4421 admira-

2045 1900 2177 1966 Quia
2200 1908 2376 1952 autem
2411 1899 2663 1969 ignorant
2692 1900 2929 1967 quidem,
2962 1898 3200 1953 eflicitur
3232 1914 3397 1964 vero;
3428 1908 3610 1951 tamen

2045 1992 2167 2059 quia
2200 1990 2335 2044 ﬁant
2359 2004 2609 2057 corpora,
2638 1998 2693 2043 et
2738 1990 3038 2059 figurantur
3091 1990 3145 2043 in
3180 1990 3524 2051 matricibus,
3557 2000 3613 2043 et

2045 2094 2297 2137 crescunt
2320 2094 2443 2152 post
2471 2084 2757 2146 matrices;
2813 2091 3121 2153 quaerentes
3152 2084 3459 2137 invenimus
3485 2086 3611 2153 quia

2046 2173 2335 2243 praesentia
2362 2172 2662 2242 corporalis
2688 2173 2883 2227 animae
2926 2188 2989 2227 ex
3042 2174 3360 2228 matricibus
3393 2186 3613 2240 exeunt,

2045 2275 2098 2317 et
2128 2272 2245 2332 post
2274 2278 2552 2332 egressum
2584 2274 2899 2334 pascuntur,
2937 2274 2991 2318 et
3028 2276 3281 2319 crescunt
3302 2275 3358 2319 et
3387 2280 3611 2319 moven-

2051 2366 2154 2409 tur.
2184 2355 2239 2409 Si
2270 2364 2447 2409 autem
2478 2356 2599 2424 quis
2625 2354 2852 2419 dubitet,
2885 2356 3194 2410 consideret
3228 2371 3424 2425 corpus
3472 2358 3615 2412 unde

2048 2447 2276 2501 recessit
2312 2446 2513 2512 anima,
2542 2456 2595 2500 et
2619 2446 2754 2501 sciet
2790 2446 2942 2515 cujus
2985 2449 3266 2516 praesentia
3292 2457 3422 2502 sunt
3445 2463 3613 2517 opera

2049 2540 2166 2593 ista.
2194 2538 2333 2609 Ergo
2362 2547 2413 2593 et
2448 2539 2767 2608 corporibus
2802 2550 2862 2593 ut
2894 2539 3003 2593 sint
3028 2548 3082 2594 et
3114 2551 3389 2603 crescant,
3418 2550 3473 2595 et
3502 2557 3619 2593 mae

2048 2641 2215 2685 neant
2243 2640 2416 2686 etnon
2444 2630 2833 2695 dissolvantur,
2859 2633 3140 2701 praesentia
3164 2633 3357 2689 anima:
3389 2633 3615 2702 praebet,

2050 2724 2363 2792 impertiens
2394 2739 2515 2793 qua:
2543 2739 2649 2778 non
2680 2723 2843 2778 habet
2895 2739 3113 2794 corpus.
3143 2724 3277 2779 Cum
3329 2726 3472 2778 enim
3507 2741 3613 2778 non

2050 2824 2303 2883 pascatur
2331 2816 2547 2883 pascit;
2579 2831 2700 2869 cum
2734 2831 2838 2868 non
2881 2825 3115 2880 crescat,
3164 2815 3378 2883 corpori
3416 2814 3617 2884 praebet

2052 2914 2109 2957 ut
2134 2915 2383 2959 crescat:
2421 2920 2541 2959 cum
2564 2906 2798 2959 colorem
2834 2920 2942 2959 non
2997 2905 3214 2969 habeat,
3240 2905 3446 2975 praebet
3469 2906 3616 2960 colo-

2052 3010 2209 3050 rem:
2239 3010 2358 3050 cum
2393 3011 2497 3051 non
2531 3006 2770 3052 transeat
2799 3011 2829 3050 a
2870 2995 2990 3050 loco
3025 2996 3092 3050 ad
3146 2995 3345 3061 locum,
3380 3011 3445 3050 ex
3497 2996 3616 3049 loco

2054 3087 2122 3140 ad
2158 3086 2333 3141 locum
2370 3097 2717 3143 transmutat.
2748 3087 2815 3140 Et
2846 3086 2951 3141 hoc
2995 3086 3169 3156 ipsum
3214 3089 3366 3156 quod.
3408 3087 3620 3141 videtur
3648 3095 3661 3102 ‘

2052 3195 2171 3234 esse
2194 3195 2412 3249 corpus,
2438 3195 2533 3250 per
2573 3182 2808 3235 animam
2843 3188 2926 3233 est
2968 3178 3109 3248 quod
3159 3185 3260 3233 est.
3314 3178 3622 3233 Recedente

2053 3279 2231 3324 autem
2263 3271 2463 3335 anima,
2500 3274 2683 3324 statim
2708 3269 3050 3324 convincitur
3072 3283 3289 3337 corpus.
3317 3270 3496 3323 statim
3515 3271 3637 3344 dis-_

2053 3361 2307 3423 solvitur,
2326 3362 2507 3417 statim
2545 3362 2750 3425 deﬂuit,
2775 3360 3067 3431 spargitur,
3089 3361 3441 3429 obputrescit,
3471 3372 3637 3416 emoa‘

2056 3453 2210 3515 ritur,
2250 3452 2599 3522 infrigdatur,
2631 3453 2880 3507 immutat
2912 3451 3169 3505 colorem.
3212 3451 3329 3506 Non
3354 3453 3472 3521 ejus
3492 3469 3621 3508 ocu—

2056 3544 2141 3599 lus
2171 3546 2339 3608 videt,
2368 3553 2553 3599 etnon
2596 3556 2846 3599 movetur
2877 3560 3097 3608 manus,
3141 3560 3246 3597 non
3304 3561 3419 3615 pes,
3471 3545 3639 3613 auria,

2056 3650 2165 3689 non
2189 3634 2356 3696 audit,
2384 3634 2561 3703 lingua
2592 3648 2702 3688 non
2724 3620 2902 3703 gustat
2934 3652 2947 3687 :
2978 3644 3034 3689 et
3059 3632 3105 3687 si
3130 3632 3421 3710 immiseris
3441 3648 3623 3690 escam

2055 3727 2165 3781 vim
2195 3725 2426 3793 faciens,
2460 3742 2568 3780 non
2623 3725 2867 3780 efficiunt
2914 3736 3260 3794 operamenta
3298 3741 3433 3796 quae
3482 3726 3626 3779 intus

2057 3832 2181 3876 sunt
2213 3838 2229 3876 :
2260 3821 2545 3874 recedente
2568 3820 2709 3873 enim
2738 3818 2951 3873 artifice
2974 3826 3140 3872 stant.
3160 3817 3228 3870 Et
3253 3816 3432 3886 capilli
3460 3816 3625 3871 etiam

2060 3926 2165 3965 non
2197 3911 2564 3974 adducuntur,
2597 3920 2650 3963 et
2693 3910 3024 3975 moriuntur,
3056 3917 3111 3964 et
3144 3923 3352 3978 ungues
3375 3906 3487 3975 jam
3516 3925 3625 3963 non

2059 4014 2390 4066 crescentes,
2428 4011 2481 4055 et
2509 4001 2689 4055 omnia
2737 4001 2909 4055 otiosa
2944 4010 3110 4054 sunt:
3172 4000 3314 4054 sicut
3357 3999 3495 4054 fabri
3536 4010 3630 4053 aut

2061 4096 2291 4151 alterius
2316 4094 2568 4156 artiﬁcis.
2592 4095 2639 4149 si
2678 4094 2967 4148 recesserit
3007 4091 3228 4156 artifex,
3274 4103 3625 4163 operamenta

2058 4189 2238 4258 jacent
2267 4188 2508 4257 quidem,
2543 4186 2787 4254 indigent
2830 4194 3012 4239 autem
3047 4184 3334 4239 habentem
3371 4184 3629 4237 animam.

2064 4275 2259 4329 Statim
2292 4275 2437 4328 enim
2478 4283 2561 4328 est
2609 4273 2793 4327 videre
2839 4271 2984 4326 foeda
3026 4287 3254 4340 corpora
3287 4272 3632 4327 morientium

2064 4365 2377 4420 animalium
2413 4365 2653 4434 putrida,
2686 4379 2861 4433 neque
2909 4372 2967 4417 ut
3021 4365 3408 4432 contingantur
3454 4371 3579 4432 apta
3612 4378 3629 4416 :

388 4474 535 4524 tione
565 4470 780 4540 dignmn
813 4487 826 4522 :
861 4484 957 4523 cur
981 4467 1156 4520 infans
1184 4475 1408 4518 matrem
1443 4463 1660 4532 ignorat
1690 4500 1704 4522 ,
1758 4468 1812 4512 et
1856 4474 1957 4527 pa-
1989 4491 2033 4545 Β
2066 4471 2162 4510 nec
2189 4456 2332 4509 enim
2363 4464 2417 4507 et
2450 4454 2516 4508 ad
2549 4468 2727 4508 escam
2762 4461 2891 4507 sunt
2907 4453 3268 4507 conducibilia
3304 4469 3319 4505 ε
3351 4452 3422 4505 ita
3453 4451 3634 4504 anima

389 4571 525 4615 trem
558 4576 661 4614 non
696 4558 971 4630 agnoscit?
1008 4555 1191 4625 Neque
1223 4570 1252 4608 a
1284 4568 1343 4608 se
1384 4553 1560 4622 pergit
1604 4550 1716 4621 (56)
1753 4549 1816 4603 ad
1843 4565 1959 4602 ma-

389 4653 612 4715 millam,
639 4667 811 4719 neque
839 4649 1041 4718 aliquid
1072 4644 1378 4702 istiusmodi
1410 4643 1567 4698 facit.
1614 4642 1752 4708 Quia
1807 4640 1953 4694 enim

387 4755 469 4797 est
499 4759 690 4797 sensus
722 4744 773 4796 in
802 4751 996 4805 matre,
1032 4751 1087 4793 et
1121 4739 1285 4792 tutela
1322 4738 1372 4790 in
1418 4746 1611 4805 patre,
1651 4744 1706 4787 et
1755 4746 1843 4784 ars
1900 4731 1956 4783 in

387 4836 677 4891 obstetrice
706 4853 720 4885 ι
746 4844 802 4886 ut
828 4840 1081 4902 appareat
1104 4830 1452 4900 providentia:
1483 4824 1836 4895 dispensatio,
1867 4821 1954 4874 ubi

390 4926 491 4979 ista
520 4925 732 4986 desunt,
759 4932 952 4976 natura
978 4921 1213 4988 complet
1245 4938 1258 4973 :
1293 4921 1381 4971 ubi
1412 4928 1593 4970 autem
1632 4917 1731 4969 ista
1778 4912 1955 4966 abun-

391 5024 544 5082 dant,
574 5028 765 5069 natura
792 5015 953 5068 cedit.
982 5012 1096 5066 Non
1130 5013 1272 5063 enim
1302 5012 1482 5065 statim
1523 5010 1694 5077 surgit
1726 5006 1906 5061 infans
1942 5023 1962 5058 ε.

392 5111 553 5164 habet
596 5110 738 5162 enim
775 5124 963 5162 manus
994 5122 1114 5174 quae
1158 5111 1377 5174 porta-nt
1407 5121 1421 5155 :
1485 5100 1829 5155 necessarios
1865 5114 1959 5152 ca-

390 5202 545 5271 pillos
575 5217 680 5254 non
707 5200 891 5253 habuit
917 5216 929 5248 :
962 5197 1054 5266 pili
1080 5198 1222 5251 enim
1259 5196 1437 5249 ovium
1468 5192 1776 5247 necessaria
1805 5205 1957 5244 com-

391 5293 555 5361 plent.
597 5290 830 5356 Qu:erito
879 5296 1143 5342 autemet
1178 5287 1347 5354 ipsam
1405 5286 1732 5355 positionem
1790 5281 1962 5335 fontis

393 5400 635 5439 escarum
667 5380 840 5451 qualis
876 5380 1016 5449 apud
1050 5394 1167 5445 nos,
1208 5387 1262 5432 et
1300 5378 1478 5446 qualis
1506 5376 1644 5445 apud
1672 5374 1962 5427 irrationa-

396 5477 528 5529 biles
554 5478 835 5529 habeatur.
862 5473 997 5538 Quia
1028 5474 1169 5525 enim
1195 5481 1407 5525 erectus
1438 5481 1624 5524 noster
1654 5478 1739 5521 est
1760 5476 1965 5529 status,

396 5570 517 5638 quia
542 5570 591 5619 in
626 5568 768 5620 inani
814 5581 873 5619 os
925 5576 1231 5633 portamus,
1267 5562 1515 5632 superius
1575 5560 1855 5615 constituit
1907 5567 1962 5612 et

466 5750 576 5822 (55)
609 5750 803 5821 Ipsius.
831 5748 1026 5817 Αὑτοῦ,
1056 5749 1313 5819 ejusdem.

2067 4548 2353 4602 recedente
2386 4562 2491 4600 non
2531 4546 2642 4600 sint
2686 4545 2834 4598 utilia
2872 4545 2938 4599 ad
2987 4559 3050 4599 ea
3082 4560 3201 4614 quze
3256 4558 3369 4598 sum
3428 4552 3635 4597 natura

2064 4649 2212 4694 sunt.
2238 4638 2422 4692 Mirari
2450 4637 2594 4691 enim
2620 4637 2899 4702 estetilla,
2917 4653 3143 4706 quorum
3171 4636 3347 4691 anima
3379 4634 3637 4705 languore

2067 4740 2158 4783 aut
2190 4728 2550 4783 dissolutione
2577 4727 2880 4782 istiusmodi
2913 4729 3141 4784 recedit.
3171 4727 3228 4781 Si
3254 4734 3433 4781 autem
3470 4734 3524 4779 et
3555 4740 3639 4779 re-

2064 4821 2260 4876 cedere
2284 4827 2500 4889 oportet
2528 4817 2634 4871 dici
2662 4820 2898 4872 animam
2929 4817 3411 4879 irrationabilium,
3442 4815 3634 4869 horum

2066 4910 2411 4965 mortificatio
2445 4910 2726 4962 immutata
2755 4917 2838 4963 est
2862 4924 2893 4962 a
2926 4917 3072 4962 statu
3110 4908 3321 4962 illorum
3352 4922 3469 4975 qua:
3493 4904 3629 4957 occi-

2066 5000 2285 5053 duntur.
2311 4998 2439 5065 Qua:
2457 4996 2785 5052 occiduntur
2810 4998 2955 5053 enim
2985 4996 3091 5051 alia
3144 5004 3271 5050 sunt
3298 5002 3354 5047 et
3406 4992 3590 5046 calore
3620 5035 3635 5059 ,

2062 5095 2165 5149 alia
2193 5109 2405 5164 sapore.
2438 5096 2541 5149 alia
2581 5102 2637 5149 et
2669 5093 2860 5157 odore,
2890 5090 2997 5144 alia
3045 5086 3491 5144 manducatione.
3541 5085 3641 5139 ilia

2067 5198 2244 5242 autem
2270 5204 2388 5257 qua:
2414 5188 2716 5243 moriuntur
2743 5195 2800 5239 et
2825 5200 2931 5239 non
2968 5183 3310 5245 occiduntur,
3350 5189 3406 5234 et
3437 5179 3490 5232 in
3521 5178 3640 5245 ipsa

2070 5292 2244 5334 morte
2268 5280 2469 5335 habent
2500 5278 2938 5333 immutationem
2987 5275 3097 5330 sui.
3150 5273 3203 5326 In
3242 5282 3450 5327 tantum
3496 5270 3640 5323 cnim

2070 5373 2476 5427 demonstratur
2511 5380 2770 5438 quantum
2832 5378 3010 5435 potest
3064 5367 3347 5436 praesentia
3397 5362 3592 5416 anima:
3623 5403 3639 5427 ,

2071 5463 2196 5533 quia
2230 5473 2278 5515 et
2313 5478 2415 5516 vox
2469 5462 2648 5517 subito
2703 5460 2925 5522 recedit,
2959 5468 3015 5513 et
3061 5468 3323 5527 tanquam
3357 5454 3642 5524 vestigium

2074 5571 2192 5625 qua:
2221 5557 2270 5608 in
2308 5556 2497 5608 iisdem
2527 5552 2754 5608 estvita:
2786 5549 3059 5621 relinquit.
3091 5548 3229 5617 Quid
3283 5557 3462 5603 autem
3493 5545 3645 5603 dicas

2145 5738 2255 5811 (56)
2287 5737 2331 5791 Α
2359 5754 2430 5792 se.
2466 5733 2729 5791 Δῦτόθεν.
