4134 6460
490 401 631 457 H35

1161 394 1425 452 EUSEBII
1462 390 1940 449 CESARIENSIS
1978 390 2135 446 OPP.
2179 390 2356 444 PARS
2395 388 2484 442 Ν.
2528 418 2593 426 -
2629 382 3051 441 DOGMATICA.

3584 372 3727 431 “38

483 519 557 574 de
580 524 766 574 nostra
794 514 1015 571 anima?
1045 512 1139 569 sed
1163 527 1271 567 non
1305 520 1389 567 est
1417 510 1645 565 rationis
1680 509 1752 564 ita
1781 522 1881 563 nos
1908 507 2052 576 inju~
2081 513 2127 570 Α
2156 507 2357 562 decens
2376 504 2569 559 honor.
2605 502 2664 557 Ei
2694 512 2873 557 autem
2901 500 2992 570 qui
3019 495 3223 552 creavit
3251 508 3482 564 corpora
3523 502 3579 548 et
3607 494 3729 547 ani-

487 608 626 665 riam
659 607 839 663 facere
861 605 1110 679 pretiosae
1129 604 1344 658 animae.
1379 601 1435 656 Si
1463 601 1609 657 enim
1638 598 1969 655 voluerimus
1999 598 2052 657 iu

488 699 596 756 isto
616 697 764 755 brevi
797 697 973 767 spatio
1005 697 1151 751 horae
1174 710 1394 751 movere
1426 695 1493 750 de
1539 708 1601 749 ea
1636 706 1968 755 sermonem,
1999 697 2054 746 et

489 789 803 848 transitorie
846 787 964 857 ejus
1021 787 1337 842 memoriam
1386 786 1594 852 facere,
1638 783 1843 839 inimici
1883 781 2054 852 magis

488 879 794 936 videbimur
818 886 1019 934 nostra
1046 876 1242 933 anima:
1271 892 1435 947 quam
1468 875 1651 931 amici.
1681 873 1788 929 Sed
1835 873 1906 928 sit
1937 888 2051 928 ser-

483 971 632 1025 moni
679 971 897 1040 quidem
953 983 1233 1032 mensura,
1294 968 1489 1021 animm
1518 977 1699 1020 autem
1738 964 2048 1018 rationabili

2158 611 2298 660 mas,
2328 604 2384 649 et
2437 592 2789 648 rationabiles
2819 602 2875 645 et
2900 586 3324 651 irrationabiles,
3370 586 3439 640 ab
3471 584 3726 639 omnibus

2158 687 2338 753 simul,
2370 695 2426 740 et
2455 687 2546 755 qui
2571 700 2674 739 non
2697 684 3012 753 loquuntur,
3064 694 3161 750 per
3212 692 3401 746 unum,
3434 690 3531 745 per
3560 689 3727 746 quem

2157 790 2212 834 et
2237 779 2415 832 omnia
2444 775 2751 840 constituit,
2778 775 2850 830 sit
2891 772 3086 844 gloria,
3139 770 3335 833 honor,
3392 766 3679 836 imperium
3706 803 3729 828 .

2160 871 2432 938 maiestas,
2465 884 2587 924 cum
2620 867 2824 937 Spiritu
2854 874 3064 929 sancto,
3089 872 3143 917 et
3167 875 3311 916 nunc
3328 866 3384 914 et
3405 872 3641 929 semper,
3669 868 3729 910 et

2160 979 2255 1032 per
2279 962 2454 1013 omnia
2487 959 2678 1014 smcnla
2718 957 3056 1013 saeculorum.
3087 954 3255 1008 Amen

490 1098 3723 1146 ____________________________________._.____.__.__

1437 1290 1997 1415 EUSEBII
2087 1278 2769 1401 PAMPHILI

1301 1534 1447 1623 DE
1545 1524 2369 1621 INCORPORALI
2471 1520 2925 1619 ANiMA,

1761 1720 1995 1782 LIBER
2039 1716 2458 1778 SECUNDUS.

558 2028 835 2101 Reliquiae,
859 2040 980 2099 qua:
1017 2027 1082 2082 de
1132 2022 1453 2095 incorporali
1482 2020 1777 2078 refectione
1806 2020 2060 2074 hesterno
2094 2026 2132 2081 Β
2163 2021 2440 2085 agnoscat.
2484 2008 2845 2079 incongruum
2908 2018 2995 2064 est
3032 2007 3176 2063 enim
3201 2046 3218 2073 ,
3253 2015 3313 2099 ut
3343 2003 3412 2061 de
3441 2004 3729 2101 aliisuquio

483 2120 644 2176 nobis
672 2119 986 2174 resederant
1017 2116 1124 2183 die,
1151 2115 1312 2171 hodie
1360 2112 1655 2168 secundum
1709 2124 2053 2178 consequen-

486 2212 619 2266 tiam
647 2209 913 2266 sermonis
970 2208 1068 2261 iter
1095 2206 1432 2275 perfruamur
1472 2201 1612 2274 (57).
1647 2198 1878 2256 Solitum
1911 2200 2054 2255 enim

482 2311 542 2357 et
570 2301 656 2356 liis
684 2309 790 2367 est,
816 2298 907 2369 qui
940 2310 1166 2368 corpora
1191 2305 1419 2367 pascunt
1449 2310 1571 2358 stta,
1606 2308 1726 2349 cum
1759 2307 1865 2345 non
1890 2288 2056 2345 suffe-

477 2389 659 2444 cerint
687 2388 754 2442 ad
782 2386 1102 2442 sumendum
1130 2384 1380 2455 plurimis
1404 2383 1471 2439 ad
1501 2382 1849 2438 refectionem
1884 2395 2054 2451 appo-

486 2484 651 2538 sitis:
682 2479 1125 2551 manducantque
1155 2479 1296 2535 diem
1332 2487 1595 2549 quantum
1637 2482 1866 2545 possunt
1910 2470 2049 2544 (38),

483 2570 787 2628 recondunt
831 2578 1012 2625 autem
1068 2569 1170 2626 sibi
1207 2568 1478 2639 superﬂua
1534 2568 1588 2622 in
1637 2567 1866 2622 alterum
1912 2564 2048 2620 refe.

474 2664 682 2720 ctionis
701 2661 866 2718 diem.
891 2650 1055 2717 Forte
1083 2671 1262 2717 autem
1290 2677 1394 2715 non
1425 2660 1615 2715 eadem
1652 2658 1835 2728 imago
1848 2668 2053 2711 conve-

476 2755 569 2810 ait
614 2753 795 2811 nobis.
836 2752 953 2809 Non
977 2753 1121 2809 enim
1171 2768 1233 2808 ea
1271 2766 1392 2823 qua
1419 2750 1737 2808 resederunt
1782 2747 2055 2818 proposita

484 2860 629 2902 nunc
659 2854 806 2911 sunt,
839 2845 934 2901 sed
975 2844 1085 2899 sint
1112 2856 1173 2899 ea
1226 2844 1444 2911 quidem
1490 2856 1610 2912 qua:
1656 2848 2051 2911 praecesserunt

479 2952 592 2992 non
620 2935 880 3002 esca,sed
908 2946 1129 3006 gustus:
1152 2948 1293 2989 nunc
1307 2943 1507 2999 autem,
1530 2942 1589 2986 ut
1610 2933 1681 2985 ita
1706 2932 1901 2994 dicam,
1934 2931 2049 2999 ipsa

485 3028 738 3083 refectio.
774 3026 952 3083 Motus
1008 3026 1155 3080 enim
1206 3024 1363 3079 nobis
1395 3033 1477 3079 est
1531 3024 1711 3078 sermo
1764 3023 1831 3078 de
1878 3032 2057 3077 monte

486 3117 646 3183 Sina,
684 3117 742 3171 in
776 3131 885 3187 quo
920 3116 1206 3172 dicebatur
1232 3115 1412 3170 fumus
1466 3110 1635 3169 fuisse
1695 3121 1749 3167 et
1804 3109 1944 3183 ignis
2002 3116 2055 3165 et

483 3207 724 3278 procella
760 3198 820 3261 et
874 3209 1014 3263 tubae
1061 3219 1117 3261 et
1143 3210 1303 3261 voces
1346 3218 1376 3259 a
1430 3192 1540 3259 Deo
1568 3204 1613 3236 “
1650 3220 1665 3259 :
1715 3218 1834 3274 qua:
1877 3204 2052 3257 omnia

489 3297 662 3370 magis
684 3296 1011 3368 quaestiunes
1032 3296 1340 3352 movebant.
1368 3294 1630 3351 Videntur
1651 3296 1799 3351 enim
1830 3294 1929 3350 ista
1949 3310 2052 3349 non

2157 2106 2275 2161 dem
2299 2102 2565 2160 curiosius
2592 2101 2851 2171 requirat,
2880 2100 3230 2169 ‘semetipsatn
3264 2096 3444 2153 autem
3468 2094 3729 2168 negligat,

2156 2199 2240 2252 cui
2267 2195 2544 2266 proprium
2580 2194 2778 2264 corpus
2812 2204 2915 2248 est.
2954 2191 3088 2259 Quia
3139 2192 3282 2247 enim
3312 2192 3487 2263 posita
3527 2184 3729 2271 "estve-

2158 2285 2234 2342 lut
2258 2287 2313 2342 in
2343 2285 2536 2341 mediis
2561 2283 2838 2354 gradibus,
2865 2282 2989 2337 aliis
3040 2280 3255 2352 quidem
3289 2280 3626 2351 prwceliens,
3661 2285 3729 2333 ab

2156 2378 2278 2434 aliis
2306 2387 2487 2432 autem
2523 2376 2805 2440 deficiens,
2844 2374 2985 2429 forte
3022 2386 3326 2445 agnoscens
3358 2368 3729 2444 semetipsam,

2160 2469 2422 2539 despiciet
2441 2468 2661 2538 quidem
2694 2467 2924 2530 minora,
2964 2466 3322 2536 protendetur
3360 2470 3541 2519 autem
3573 2464 3639 2518 ad
3661 2477 3726 2519 ea

2155 2576 2275 2633 quae
2305 2578 2465 2632 supra
2501 2577 2559 2616 se
2594 2569 2741 2615 sunt.
2772 2558 3120 2628 Accipiamus
3146 2557 3311 2630 igitur
3341 2556 3512 2629 ipsius
3537 2557 3732 2612 animm

2158 2655 2502 2724 dignitatem,
2535 2663 2591 2707 et
2621 2650 2923 2706 efficientes
2944 2649 3081 2718 ejus,
3117 2665 3181 2705 ex
3207 2635 3402 2721 quibus
3436 2650 3637 2721 cogitat
3673 2657 3732 2707 et

2157 2752 2629 2817 agitat,.operatur
2678 2753 2735 2799 et
2777 2743 2945 2798 donat
2994 2741 3231 2812 corpori,
3270 2751 3322 2798 et
3349 2758 3415 2798 ex
3442 2743 3639 2813 quibus
3674 2743 3724 2797 ei

2157 2843 2479 2896 adversatur
2498 2838 2809 2900 utilissime,
2834 2846 2889 2894 et
2918 2852 2983 2893 ex
3009 2839 3205 2907 quibus
3237 2840 3305 2893 de
3363 2840 3471 2894 Deo
3526 2840 3729 2909 cogitat

2156 2942 2210 2989 et
2243 2933 2401 3002 sapit.
2451 2924 2793 3001 Accipiamus
2849 2940 3031 2985 autem
3080 2939 3136 2984 et
3190 2931 3500 2985 testimonia
3535 2945 3596 2983 ex
3641 2929 3727 2983 his

2157 3040 2276 3097 quae
2307 3026 2581 3090 videntur,
2602 3032 2660 3078 et
2688 3039 2718 3077 a
2742 3021 3068 3092 Scripturis.
3099 3019 3166 3076 Et
3201 3023 3399 3092 primo,
3433 3022 3553 3091 quia
3603 3022 3724 3089 qui-

2157 3116 2279 3171 dam
2297 3125 2485 3188 putant
2505 3114 2739 3169 animam
2761 3122 2999 3169 nostram
3023 3129 3129 3170 non
3150 3114 3325 3169 solum
3348 3130 3470 3169 cum
3500 3128 3727 3184 corpore

2158 3223 2299 3275 esse,
2330 3208 2423 3263 sed
2449 3216 2541 3261 attt
2563 3206 2921 3277 corporalem,
2949 3214 3044 3261 aut
3067 3204 3265 3277 corpus
3291 3225 3306 3260 :
3338 3207 3519 3260 multis
3540 3217 3722 3260 autem

2159 3299 2378 3369 sanguis
2410 3308 2633 3368 putatur
2666 3308 2721 3354 et
2746 3306 2929 3352 nostra
2958 3298 3138 3353 anima
3165 3312 3321 3367 esse;
3373 3294 3604 3354 dicimus
3654 3296 3729 3353 de

480 3364 802 3445 consentire
838 3382 1169 3456 incorporali
1218 3395 1448 3442 naturae.
1499 3385 1636 3454 Quia
1672 3385 1838 3456 igitur
1867 3384 2051 3441 dome-
2082 3364 2124 3420 δ
2161 3364 2544 3461 Ιιὶεῷνίιη-υηις
2583 3399 2636 3443 et
2666 3389 2791 3458 Quia
2831 3404 2896 3445 ex
2953 3387 3236 3459 Scriptura
3289 3364 3733 3444 circumveniunt

493 3480 635 3536 stica
666 3479 905 3535 efficitur
964 3468 1297 3543 satisfactio,
1339 3492 1464 3533 cum
1503 3493 1533 3531 a
1566 3476 1948 3531 communibus
2003 3482 2057 3529 et

485 3571 688 3641 apertis
713 3569 876 3625 fuerit
903 3578 1069 3633 motu,
1102 3569 1226 3624 ideo
1253 3569 1307 3622 in
1334 3577 1621 3624 commune
1654 3568 1722 3623 de
1745 3568 2057 3636 incorpora-

488 3661 628 3717 libus
655 3660 920 3716 movimus
949 3661 1325 3729 quastionem.
1379 3659 1726 3728 Accipien‘tes
1754 3659 1898 3713 enim
1929 3662 2055 3713 cur-

486 3769 681 3827 porum
738 3762 963 3808 naturas
1011 3752 1400 3817 discrevimus,
1435 3760 1491 3805 et
1533 3750 1871 3807 ostendimus
1928 3751 2052 3819 quia

485 3860 592 3901 non
622 3854 681 3899 ut
704 3838 933 3914 putatur
960 3844 1231 3899 crassiora
1267 3841 1493 3900 fortiora
1517 3853 1665 3909 sunt,
1720 3843 1815 3899 sed
1861 3857 2054 3897 secun-

486 3937 611 3991 dum
643 3933 1061 4005 competentiam
1098 3934 1524 4005 uniuscujusque
1566 3934 1832 4004 corporis,
1889 3948 2054 4003 quan-

487 4034 599 4078 tum
626 4023 1318 4094 unumquodquesubti‘lius
1356 4032 1460 4089 est,
1500 4032 1712 4077 tantum
1747 4031 1803 4078 et
1834 4021 2049 4076 fortius.

484 4113 652 4171 Istinc
681 4122 1065 4186 promoventes
1090 4114 1334 4170 venimus
1377 4115 1443 4169 ad
1476 4125 1746 4181 naturam,
1785 4126 1813 4166 τι
1856 4120 2047 4168 natura

485 4207 555 4262 ad
585 4206 1034 4263 irrationabilium
1097 4208 1355 4262 animam.
1403 4206 1459 4260 In
1497 4218 1605 4276 quo
1640 4206 1761 4260 loco
1801 4208 2049 4274 compre-

490 4299 677 4354 hendit
704 4311 802 4355 nos
852 4310 1101 4369 vespera,
1151 4312 1209 4355 et
1252 4296 1640 4356 collocavimus
1691 4295 2049 4353 mansionem.

486 4390 622 4457 Quia
656 4398 787 4462 ergo
804 4390 1069 4445 successit
1092 4391 1204 4459 jam
1231 4392 1434 4456 lumen,
1473 4396 1831 4460 exsurgentes
1871 4399 2054 4445 tenea-

485 4494 605 4534 mus
630 4479 1072 4549 consequentiam
1103 4490 1288 4534 eOrum
1316 4488 1437 4550 qua:
1467 4492 1680 4534 rursum
1706 4477 2053 4535 ambulantes

484 4570 855 4624 transivimus.
915 4566 1222 4624 Secundum
1286 4570 1730 4638 consequentiam
1770 4569 1936 4639 igitur
1997 4576 2053 4624 ‘et

484 4659 730 4713 ordinem
761 4657 972 4714 initium
1005 4660 1077 4713 sit
1098 4660 1358 4727 sermoni,
1384 4670 1507 4729 qua:
1538 4660 1697 4716 hodie
1732 4662 1799 4713 de
1849 4670 2049 4715 nostra:

485 4750 683 4806 animae
706 4751 966 4821 dignitate
989 4751 1252 4807 dicemus.
1278 4750 1432 4806 Sicut
1464 4753 1608 4806 enim
1653 4766 1683 4805 a
1728 4751 2049 4820 'cbrporibus

480 4844 548 4899 ad
573 4855 844 4908 naturam,
875 4858 907 4897 a
949 4852 1139 4898 natura
1171 4856 1352 4899 autem
1381 4847 1449 4897 ad
1489 4843 1915 4899 irrationabilem
1938 4846 2048 4899 ani-

482 4935 696 4990 malium
718 4934 967 4990 venimus
994 4934 1253 5001 animam,
1278 4937 1348 4988 ita
1375 4947 1759 5003 promoventes
1798 4945 2050 4990 ettraus-

478 5028 772 5082 cendentes
792 5069 807 5094 ,
846 5027 914 5081 ab
936 5016 1385 5081 irrationabilium
1417 5029 1598 5080 anima
1631 5025 1696 5080 ad
1731 5026 2038 5081 rationabi-

479 5115 583 5171 iem
622 5118 989 5187 pervenimus,
1014 5127 1073 5171 ut
1092 5117 1319 5172 exerciti
1350 5117 1399 5169 iu
1425 5118 1743 5186 corporibus
1781 5118 2041 5185 primum,

480 5210 553 5263 ita
586 5210 867 5266 veniamus
891 5210 958 5266 ad
979 5210 1372 5279 incorporalem
1404 5210 1659 5264 animam:
1686 5220 1743 5265 et
1773 5211 1842 5265 ab
1865 5209 2045 5263 anima

479 5301 545 5355 ad
577 5302 953 5372 inccrporalia.
983 5301 1049 5358 Et
1076 5304 1149 5356 ita
1178 5314 1285 5356 non
1310 5303 1489 5357 subito
1525 5304 1591 5356 ad
1624 5306 1915 5372 puritatem
1951 5300 2046 5354 Dei

481 5391 820 5455 accedentes,
854 5405 921 5444 ex
951 5389 1248 5461 fulgoribus
1271 5392 1365 5459 qui
1399 5392 1522 5446 inde
1562 5402 1689 5445 sunt
1719 5392 2046 5447 obtenebre-

480 5492 619 5533 tnttr.
648 5480 810 5535 Decet
831 5480 976 5535 enim
1001 5481 1201 5545 taliter,
1233 5492 1290 5535 ut
1312 5484 1491 5536 anima
1514 5478 1665 5551 prius
1692 5486 2040 5554 sentetipsam

548 5597 595 5630 “
617 5598 787 5653 Exod.
820 5610 935 5664 XIX,
961 5601 1043 5656 16.
1150 5601 1192 5632 ⁸⁷
1229 5601 1364 5655 Gen.
1396 5618 1433 5668 t,
1458 5603 1549 5656 2i.
1625 5602 1669 5633 ⁸⁸
1694 5602 1830 5658 Ibid.
1867 5605 1955 5658 ΞΟ.

524 5712 663 5791 ’(57)
702 5714 816 5791 _lter
836 5715 1188 5791 perfruamur.
1210 5714 1368 5770 θοι-ιε
1399 5719 1494 5771 iter
1518 5730 1616 5772 vox
1648 5718 1748 5772 fuit
1789 5734 2037 5791 compen-

482 5783 571 5838 diu
609 5783 808 5853 scripta
844 5784 897 5836 in
925 5801 1025 5837 tus.
1052 5801 1148 5854 pro
1179 5798 1382 5840 imum.

2158 3481 2392 3536 animam
2424 3489 2679 3549 tanquam
2709 3480 2933 3550 sanguis
2968 3480 3259 3545 habeatur,
3288 3488 3354 3535 ex
3400 3481 3515 3550 ip‘sa
3575 3480 3733 3534 Scri-

2158 3584 2314 3645 ptura
2347 3573 2464 3643 eius
2515 3562 2832 3642 separemus
2890 3572 3231 3642 dignitatem.
3269 3571 3732 3626 lrrationabiiium

2157 3662 2300 3719 enim
2328 3664 2643 3718 animalium
2678 3661 2875 3716 anima:
2897 3676 3004 3716 uno
3031 3671 3301 3732 prata-pte
3334 3676 3455 3716 cum
3484 3664 3737 3730 corpori-

2156 3756 2256 3811 bus
2281 3757 2383 3826 iigu
2394 3765 2521 3809 ratu:
2547 3762 2693 3808 sunt.
2715 3750 2889 3818 Dixit,
2908 3754 3106 3823 inquit,
3128 3752 3563 3824 Deus,producat
3587 3762 3734 3809 terra

2156 3845 2412 3898 animalia
2464 3843 2811 3913 quadripedis
2869 3841 2940 3907 ‘7,
2976 3851 3029 3896 et
3061 3858 3181 3912 qua:
3236 3854 3557 3914 sequuntur.
3613 3844 3737 3901 Uno

2155 3924 2406 3991 sermone
2441 3950 2639 4005 genera
2675 3934 2992 3989 animalium
3023 3937 3275 3991 universa
3314 3947 3369 3992 et
3410 3952 3639 4005 corpora
3678 3946 3737 3991 et

2155 4027 2363 4081 animas
2395 4025 2543 4090 fecit,
2568 4035 2623 4082 et
2654 4042 2758 4082 non
2792 4028 3073 4082 discrevit.
3109 4027 3175 4082 Et
3198 4030 3417 4096 iterum,
3456 4026 3733 4084 Producat

2155 4132 2311 4186 aqua.
2376 4114 2550 4171 Etiam
2601 4118 2646 4172 si
2712 4119 2819 4174 hoc
2870 4120 3111 4189 primum
3183 4122 3417 4191 positum
3476 4131 3561 4178 est
3609 4122 3732 4176 ait:

2156 4201 2424 4261 Producat
2460 4225 2596 4278 aqua
2628 4212 2863 4264 natantia
2906 4226 3023 4282 quw
3048 4214 3101 4266 in
3134 4214 3286 4284 aquis
3314 4224 3459 4277 sunt,
3492 4226 3539 4268 et
3573 4215 3739 4270 uota-

2154 4299 2271 4354 tilia
2295 4300 2410 4355 cali
2446 4318 2564 4370 qua:
2589 4302 2643 4355 in
2676 4316 2796 4357 aere
2848 4303 2916 4359 "'.
2950 4302 3311 4374 Propinquior
3345 4307 3489 4361 enim
3534 4317 3737 4375 genere

2154 4398 2294 4461 aqua
2326 4392 2438 4447 aeri
2461 4403 2566 4448 est.
2596 4389 2856 4460 Repletur
2892 4395 3034 4449 enitu
3069 4410 3162 4449 aer
3187 4397 3343 4466 aquis
3379 4412 3475 4466 per
3531 4396 3732 4452 nubes.

2153 4484 2339 4539 Colata
2376 4494 2553 4540 autem
2586 4496 2726 4555 aqua
2763 4487 3155 4541 transmittitur
3185 4490 3252 4542 ad
3276 4502 3458 4543 aerem
3478 4498 3535 4543 et
3562 4489 3739 4545 nubes

2152 4572 2440 4641 adunat‘,et
2452 4577 2597 4632 velut
2613 4576 2919 4631 immutatio
2931 4577 3176 4647 quaedam
3195 4586 3277 4634 est
3290 4588 3447 4651 aqua
3462 4581 3526 4635 ad
3546 4590 3734 4636 aerem

2153 4676 2207 4720 et
2239 4670 2431 4722 iterum
2462 4669 2750 4726 restitutio.
2777 4669 2925 4726 Unde
2952 4681 3005 4726 et
3028 4674 3146 4742 Quae
3172 4674 3311 4727 faeta
3346 4682 3474 4728 Sunt
3492 4664 3561 4729 es
3592 4686 3735 4744 aqua

2155 4758 2318 4811 veluti
2349 4774 2413 4812 ex
2459 4759 2719 4814 crassiori
2743 4771 2951 4827 natura,
3000 4765 3241 4833 quadam
3272 4760 3490 4834 quidem
3519 4776 3738 4820 reman-

2152 4859 2340 4903 serunt
2370 4850 2425 4903 in
2453 4851 2608 4920 aquis
2634 4890 2651 4916 ,
2709 4851 2811 4907 alia
2863 4853 3012 4908 velut
3048 4853 3115 4908 ad
3165 4860 3521 4925 cohgen‘ere'm
3552 4870 3737 4911 aerem

2155 4941 2468 4995 transmissa
2521 4944 2669 4997 sunt.
2706 4943 2814 4997 Sed
2862 4958 2968 4999 non
2999 4944 3066 5000 de
3112 4946 3197 5001 his
3240 4954 3386 5002 nuu'c
3420 4950 3603 5001 sermo
3650 4957 3739 5003 est

2153 5030 2329 5088 nobis.
2364 5033 2471 5088 Sed
2502 5035 2626 5104 quia
2658 5035 2889 5091 aliorum
2922 5031 3139 5107 quidem
3169 5031 3484 5094 animalium
3537 5042 3735 5096 animae

2189 5123 2418 5177 niversae
2442 5138 2551 5181 uno
2579 5138 2849 5197 praecepto
2886 5142 3007 5183 cum
3038 5129 3358 5199 corporibus
3385 5126 3540 5184 facta
3568 5136 3695 5183 sunt
3715 5150 3733 5186 :

2158 5216 2316 5270 homo
2366 5227 2546 5273 autem
2582 5220 2754 5289 neque
2801 5218 2921 5276 cum
2962 5220 3086 5278 aliis
3138 5224 3466 5279 animalibus
3495 5264 3511 5289 ,
3544 5228 3729 5294 nitique

2155 5316 2280 5361 ante
2313 5309 2415 5363 alia
2471 5311 2644 5367 factus
2689 5314 2901 5368 videtur
2931 5331 2944 5368 :
2978 5323 3031 5368 et
3063 5328 3184 5369 cum
3227 5314 3348 5369 aliis
3377 5312 3594 5386 quidem
3624 5325 3737 5370 neu

2154 5407 2236 5451 est
2290 5397 2463 5456 factus
2506 5415 2726 5473 propter
2778 5406 3214 5477 pretiositalcm;
3249 5417 3375 5462 ante
3415 5407 3518 5460 alia
3548 5419 3733 5461 autem

2156 5502 2259 5544 non
2318 5502 2404 5548 est
2452 5504 2669 5549 creatus
2708 5506 2928 5567 propter
2974 5497 3195 5552 tutelam
3256 5498 3371 5552 Dei.
3411 5499 3543 5564 Quia
3584 5500 3733 5552 enim

2222 5722 2333 5791 (38)
2365 5721 2463 5778 Ms.
2502 5726 2823 5782 munducant
2858 5725 3066 5797 quidem
3095 5737 3344 5798 quamam
3371 5737 3613 5793 pessum.
