4134 6400
377 418 514 475 H37

1590 416 1676 471 DE
1718 412 2177 471 leORPOi‘tAH
2220 411 2451 465 ΑΝΙΜΛ.

3482 406 3612 459 H38

378 537 711 604 incipiebant
753 534 800 589 ei
836 534 1027 605 subjici
1056 535 1235 588 omnia
1277 549 1395 603 qua!
1422 534 1560 588 facta
1595 550 1621 587 a
1650 535 1756 588 Deo
1786 543 1945 594 sunt;
1980 537 2021 590 Α
2052 548 2117 599 gn
2152 539 2331 583 autem
2361 527 2588 581 necdum
2622 522 2811 576 vivens
2839 560 2854 584 ,
2909 528 2963 573 et
3006 518 3218 584 jacebat
3249 516 3386 586 quod
3418 516 3613 570 factum

373 638 430 679 ut
466 642 573 681 non
608 628 774 694 ipsius
804 636 1125 694 putarentur
1155 641 1315 696 opera
1350 642 1468 697 quae
1502 626 1645 682 facta
1672 627 1941 690 videnlur,

374 720 703 773 novissimus
754 720 1015 789 liguratur
1068 720 1227 774 homo
1258 760 1272 784 ,
1336 728 1390 773 et
1440 734 1542 773 non
1598 720 1824 787 primus.
1886 718 1943 771 Si

372 811 516 864 enim
548 819 604 863 et
633 811 704 863 ita
730 810 1023 863 novissimo
1060 811 1199 864 facto
1246 810 1481 870 homine,
1512 810 1630 865 ausi
1672 820 1797 862 sunt
1826 809 1945 878 qui—

374 900 497 954 dam
550 915 644 968 per
679 902 886 955 fabulas
938 902 1314 966 introducere;
1358 902 1483 970 quid
1519 917 1621 955 non
1659 901 1771 955 ausi
1812 899 1943 952 fuis-

376 999 495 1047 sent
528 992 570 1045 si
613 1008 719 1045 non
755 994 853 1046 ista
892 994 1255 1061 przecessisset
1296 993 1456 1045 tutela
1491 992 1513 1045 ?
1566 992 1736 1045 Aliter
1766 1000 1943 1043 autem

374 1092 430 1134 et
463 1081 690 1134 decebat
738 1092 1024 1149 antequam
1070 1090 1353 1136 crearetur
1397 1098 1489 1135 rex
1523 1096 1682 1150 super
1718 1090 1944 1139 terram.

381 1170 672 1239 praeparari
711 1172 1018 1223 necessaria
1048 1170 1277 1239 primum
1304 1211 1321 1235 ,
1360 1179 1417 1224 ut
1455 1172 1521 1225 ita
1553 1172 1827 1225 adveniret
1856 1172 1946 1239 qui

375 1276 437 1316 ea
473 1261 673 1331 perfrui
725 1262 962 1315 deberet.
1008 1261 1269 1316 Servatur
1307 1272 1483 1315 autem
1539 1270 1593 1315 et
1651 1263 1699 1314 in
1736 1261 1949 1314 irratio-

381 1353 653 1406 nabilibns
710 1354 864 1417 ordo,
905 1354 1197 1408 secundum
1249 1353 1609 1424 Scripturam.
1645 1352 1758 1408 Non
1806 1356 1947 1407 enim

380 1446 533 1515 prius
560 1446 699 1499 facta
731 1456 858 1499 sunt
887 1447 1136 1499 animalia
1159 1488 1174 1510 ,
1214 1462 1374 1517 quam
1410 1446 1599 1501 lierent
1626 1463 1685 1500 ea
1721 1462 1839 1515 qua:
1863 1462 1949 1515 pa-

380 1545 594 1591 scerent
646 1536 918 1599 animalia.
969 1535 1100 1602 Quia
1155 1536 1296 1589 enim
1340 1535 1538 1589 factum
1568 1538 1784 1603 quidem
1841 1537 1951 1606 jam

378 1623 554 1679 fuerat
583 1625 798 1688 ccelum,
827 1624 1041 1679 fundata
1072 1636 1246 1679 autem
1268 1625 1378 1694 jam
1411 1636 1527 1678 erat
1560 1635 1722 1689 terra,
1757 1637 1810 1681 et
1842 1643 1951 1678 nia—

382 1730 442 1768 re
473 1714 647 1767 fuerat
670 1723 977 1781 separatum
1005 1714 1071 1767 ab
1099 1715 1271 1779 arida,
1302 1711 1506 1767 eﬂusus
1533 1724 1713 1769 autem
1752 1724 1867 1768 erat
1900 1724 1953 1768 et

384 1819 496 1869 aer,
524 1814 780 1858 coronata
809 1813 985 1856 autem
1023 1812 1176 1857 erant
1217 1817 1338 1871 quae
1384 1804 1523 1857 facta
1574 1813 1726 1869 sunt,
1760 1819 1953 1857 unum-

380 1896 633 1964 quodque
670 1894 721 1949 in
754 1904 1071 1948 ornamento
1105 1908 1202 1949 suo
1247 1912 1260 1949 :
1305 1904 1446 1947 terra
1485 1894 1700 1963 quidem
1757 1892 1952 1949 ﬂorens

382 1985 665 2038 arboribus
710 1993 764 2038 et
814 1983 1009 2052 plantis
1047 1997 1181 2036 :aer
1231 1999 1327 2053 per
1382 1984 1559 2037 avium
1612 1984 1713 2036 iter
1764 1984 1953 2037 avibus

383 2075 626 2141 prmbens
661 2092 674 2127 :
714 2089 863 2128 mare
907 2084 963 2129 et
1002 2073 1218 2127 ﬂumina
1251 2082 1304 2127 et
1346 2074 1518 2128 fontes
1549 2075 1783 2144 piscibus
1811 2069 1954 2129 laeta-

384 2166 605 2227 bantur,
634 2165 724 2233 qui
750 2166 801 2218 in
850 2180 909 2218 se
938 2165 1152 2219 fuerant
1183 2164 1315 2216 nati.
1364 2165 1569 2220 Caelum
1602 2176 1780 2218 autem
1817 2165 1955 2218 vari-

389 2266 569 2311 catum
618 2258 729 2326 (59)
765 2259 877 2313 suis
923 2259 1146 2312 fioribus
1176 2267 1332 2324 erat,
1381 2267 1434 2311 et
1473 2268 1595 2311 tunc
1644 2257 1816 2311 factus
1871 2266 1955 2311 est

396 2349 579 2401 homo.
606 2347 834 2402 Creatus
865 2359 1043 2402 autem
1079 2358 1163 2403 est
1202 2348 1361 2403 homo
1400 2362 1501 2400 non
1534 2363 1636 2401 uno
1666 2356 1951 2417 prtecepto,

387 2438 484 2491 sed
513 2453 709 2507 corpus
733 2438 944 2508 quidem
975 2439 1171 2493 dicitur
1228 2440 1473 2497 manibus
1510 2439 1816 2510 ﬁguratum.
1847 2438 1952 2490 Ex-

392 2530 519 2584 hinc
546 2538 725 2584 autem
767 2528 879 2597 jam
921 2541 1236 2599 argumenta
1280 2530 1387 2584 sint
1419 2531 1483 2585 de
1534 2530 1771 2585 incertis.
1811 2528 1955 2582 Scri-

396 2630 541 2689 ptum
567 2632 650 2675 est
678 2622 822 2674 enim
875 2622 939 2687 ",
972 2622 1095 2691 quia
1121 2621 1326 2690 accepit
1356 2620 1495 2676 Deus
1516 2637 1547 2675 e
1571 2629 1712 2675 terra
1745 2621 1951 2674 limum.

394 2710 556 2767 Putas
586 2712 709 2783 quia
763 2713 1001 2781 accepit,
1034 2714 1208 2778 dixit,
1267 2713 1525 2768 addemus
1552 2712 1601 2766 ei
1636 2721 1689 2766 et
1716 2726 1901 2765 manus
1932 2711 1955 2763 ?

396 2803 665 2873 Scriptum
689 2814 771 2861 est
801 2806 925 2875 quia
956 2814 1011 2860 et
1062 2806 1311 2875 ﬁguravit
1337 2804 1634 2860 hominem.
1671 2803 1736 2857 Et
1759 2805 1955 2873 figura.

391 2896 469 2949 tio
499 2896 715 2964 quidem
752 2896 994 2964 corporis
1026 2896 1260 2963 jacebat,
1294 2896 1471 2951 anima
1500 2905 1679 2949 autem
1712 2910 1815 2948 non
1840 2902 1958 2947 erat

390 2988 553 3039 simnt
588 2998 791 3042 creata.
826 2987 931 3042 Sed
964 2987 1149 3042 volens
1180 2988 1317 3042 Deus
1364 3002 1460 3057 per
1492 3000 1654 3057 Opera
1683 2992 1958 3054 separatas

398 3090 687 3146 segregare
718 3085 941 3130 naturas
970 3078 1262 3147 separatim
1297 3076 1545 3147 ﬁguravit
1577 3090 1774 3145 corpus
1801 3114 1814 3138 ,
1872 3088 1956 3128 se-

389 3168 620 3233 paratim
648 3169 882 3220 animam
908 3166 1058 3221 fecit.
1088 3167 1152 3221 Et
1183 3166 1382 3221 factum
1414 3176 1497 3221 est
1528 3167 1674 3220 velut
1704 3167 1952 3220 taberna-

392 3258 573 3311 culum
601 3272 796 3325 corpus
832 3275 845 3310 :
880 3258 1183 3313 introducta
1216 3268 1300 3313 est
1342 3269 1521 3312 autem
1548 3259 1751 3320 anima,
1774 3266 1827 3311 et
1858 3259 1953 3310 lia-

398 3348 607 3401 bitavit.
658 3346 720 3401 Et
748 3363 810 3399 ne
841 3358 994 3414 putes
1026 3348 1149 3415 quia
1182 3348 1454 3415 pnecessit
1481 3362 1680 3417 corpus
1722 3350 1771 3401 in
1802 3363 1955 3401 erra-

398 3440 543 3490 tione
572 3478 587 3501 ,
624 3438 734 3507 jam
780 3450 833 3491 et
886 3439 936 3490 in
986 3438 1188 3492 honore
1216 3438 1489 3508 praecellit.
1538 3439 1643 3492 Sed
1692 3446 1959 3491 memento

392 3544 512 3597 qua:
541 3530 787 3596 superius
819 3528 1038 3593 audisti,
1066 3529 1189 3597 quia
1218 3536 1269 3583 et
1294 3528 1680 3582 irrationabilia
1704 3528 1956 3580 animalia

392 3627 519 3673 ante
554 3618 825 3673 hominem
857 3622 997 3672 iacta
1028 3628 1154 3672 sunt
1190 3636 1204 3672 ι
1232 3625 1287 3673 et
1314 3634 1417 3674 non
1437 3618 1559 3688 quia
1589 3626 1960 3687 praevenerunt

392 3712 447 3767 in
484 3712 796 3780 operatione
825 3752 839 3773 ,
868 3710 978 3780 jam
1015 3719 1068 3763 et
1099 3710 1271 3777 prima
1311 3719 1436 3765 sunt
1478 3710 1529 3763 in
1561 3710 1782 3765 honore.
1814 3709 1961 3777 ipso-

397 3818 515 3856 rum
542 3809 721 3856 autem
756 3801 1203 3855 irrationabilium
1241 3816 1303 3856 ea
1330 3817 1449 3871 qua:
1483 3802 1549 3855 ad
1579 3816 1759 3857 escam
1783 3816 1960 3855 neces-

394 3895 537 3948 saria
560 3900 704 3957 sunt,
736 3893 912 3962 priora
943 3903 1121 3947 creata
1158 3904 1319 3947 sunt:
1347 3902 1399 3947 et
1432 3910 1533 3947 non
1561 3895 1683 3963 quia
1720 3909 1837 3961 qua:
1868 3892 1962 3945 uti-

396 3985 467 4038 lia
496 3992 622 4038 sunt
647 3982 991 4047 animalibus,
1023 3992 1077 4035 et
1120 3980 1232 4049 jam
1262 3983 1375 4051 (40)
1403 3982 1804 4036 lionorabiliora
1834 3992 1960 4037 sunt

393 4074 612 4129 iisdem.
646 4073 785 4141 Ergo
810 4088 913 4127 non
949 4086 979 4126 a
1016 4073 1348 4141 temporibus
1374 4073 1719 4141 accipiamus,
1758 4073 1958 4142 pretio-

397 4166 541 4221 siora
573 4181 636 4221 ea
675 4180 795 4220 esse
825 4179 944 4234 quae
985 4167 1161 4235 priora
1198 4176 1360 4221 sunt:
1404 4167 1667 4235 siquidem
1721 4176 1774 4221 et
1820 4179 1958 4221 terra

393 4267 520 4313 ante
571 4258 730 4313 istum
784 4257 876 4326 qui
934 4257 1147 4311 videtur
1178 4258 1373 4313 cmluni
1414 4268 1496 4313 est
1532 4258 1690 4313 facta.
1746 4258 1801 4313 Si
1840 4258 1961 4327 quis

394 4349 542 4404 enim
576 4348 704 4417 legit
736 4350 1097 4415 Scripturam,
1122 4360 1213 4402 aut
1242 4350 1506 4419 legentem
1534 4351 1760 4411 audivit,
1813 4352 1961 4404 inve-

398 4442 511 4495 niet
534 4441 656 4509 quia
694 4441 950 4509 scriptum
977 4450 1060 4495 est
1091 4459 1101 4493 :
1134 4439 1197 4494 In
1224 4442 1480 4508 principio
1523 4442 1643 4509 fecit
1695 4440 1829 4495 Deus
1862 4458 1959 4494 ca:-

2048 634 2219 679 estut
2251 630 2656 691 Operamentum
2696 636 2708 671 :
2757 614 3063 683 requirebat
3102 622 3281 667 autem
3330 610 3615 676 artificem,

2049 730 2151 767 non
2187 712 2460 767 intellectu
2492 720 2584 763 aut
2610 709 2801 764 ell'ectu
2826 746 2841 769 ,
2874 705 2966 760 sed
2994 704 3315 759 necessitate
3340 701 3615 772 poscebat.

2051 805 2323 873 Scriptum
2378 802 2522 856 enim
2552 810 2672 863 est,
2710 800 2833 868 quia
2887 806 3007 866 post
3052 796 3151 849 hoc
3183 813 3196 848 :
3230 793 3514 862 Inspiravit
3558 794 3617 845 in

2052 913 2169 948 eum
2204 895 2452 947 Dominus
2490 893 2866 959 spiramentum
2900 888 3055 951 vitm;
3089 896 3137 939 et
3171 886 3339 954 [actus
3366 895 3438 939 est
3464 886 3616 937 homo

2054 989 2103 1038 in
2138 987 2368 1037 animum
2399 985 2649 1037 virentem
2678 981 2743 1034 ".
2770 980 2833 1034 Et
2860 980 3073 1042 iterum,
3101 976 3161 1030 In
3191 976 3431 1045 spiritum
3454 974 3622 1041 viviﬁ-

2051 1088 2255 1130 cantem
2288 1076 2356 1129 ⁵³.
2414 1074 2554 1143 Ergo
2602 1075 2668 1127 ab
2704 1072 2854 1127 initio
2901 1068 3191 1140 separatim
3240 1067 3455 1136 quidem
3498 1079 3617 1118 cor-

2051 1183 2147 1235 pus
2177 1207 2190 1229 ,
2226 1164 2520 1234 separatim
2556 1172 2734 1217 autem
2764 1161 2941 1217 anima
2991 1159 3132 1212 facta
3182 1166 3285 1211 est.
3329 1156 3393 1210 Et
3420 1169 3617 1224 corpus

2051 1256 2267 1327 quidem
2296 1255 2412 1309 sine
2442 1253 2624 1307 anima
2652 1268 2758 1307 non
2800 1250 2929 1304 vivit
2964 1266 2977 1301 :
3012 1262 3132 1302 cum
3171 1256 3347 1301 autem
3374 1245 3618 1313 ingressa

2053 1349 2217 1404 fuerit
2244 1348 2449 1408 anima,
2484 1356 2615 1399 tunc
2647 1342 2875 1397 efﬁcitur
2900 1343 3061 1397 homo
3097 1340 3147 1393 in
3181 1340 3416 1393 animam
3442 1340 3620 1393 viven-

2055 1450 2185 1494 tem.
2219 1438 2286 1493 Et
2324 1439 2444 1506 quis
2479 1434 2811 1505 comparabit
2835 1442 3136 1502 opportune
3181 1444 3373 1499 corpus
3402 1429 3619 1498 quidem

2055 1532 2204 1595 nubi,
2234 1530 2470 1585 animam
2507 1537 2685 1583 autem
2713 1525 2968 1581 immissis
2999 1541 3029 1579 a
3057 1523 3169 1579 sole
3200 1519 3620 1593 splendoribus?

2056 1623 2304 1675 immutat
2332 1622 2474 1673 enim
2536 1618 2692 1671 nubis
2742 1617 3014 1680 colorem,
3052 1616 3297 1668 immutat
3347 1612 3462 1680 eius
3514 1609 3621 1666 em-

2055 1715 2217 1782 giem,
2250 1713 2344 1766 sed
2378 1727 2481 1764 non
2508 1709 2768 1763 vivificat.
2820 1708 3012 1774 Qnaire
3040 1722 3167 1776 ergo
3212 1705 3482 1774 quomodo
3531 1718 3622 1758 ac-

2055 1805 2195 1875 cepit
2252 1806 2392 1858 Deus
2426 1804 2611 1855 limum
2667 1810 2824 1855 terra:
2854 1841 2871 1867 ,
2918 1808 2972 1854 et
3020 1797 3289 1869 quomodo
3338 1794 3624 1866 inspiravit

1987 1866 2027 1920 Β
2057 1866 2218 1951 Deus.
2250 1896 2462 1964 Accipit
2491 1892 2634 1947 enim
2670 1893 2785 1946 sine
2828 1866 3076 1946 manibus
3104 1929 3120 1954 ,
3149 1899 3205 1943 et
3242 1886 3471 1957 inspirat
3502 1886 3623 1941 sine

2053 2002 2169 2041 ore.
2204 1987 2315 2041 Cur
2350 2002 2477 2056 ergo
2512 1982 2771 2053 accepit?
2820 1992 2878 2037 ut
2925 1988 3206 2051 appareret
3234 1978 3359 2049 quia
3397 1991 3505 2032 non
3554 1974 3627 2030 ab

2055 2076 2155 2130 alia
2186 2086 2431 2131 creatura
2461 2086 2542 2131 est
2568 2077 2753 2137 homo,
2785 2074 2879 2128 sed
2914 2090 2941 2125 a
2972 2070 3358 2140 conspersione
3392 2068 3624 2123 fermen-

2058 2180 2193 2223 tum.
2216 2168 2325 2223 Cur
2355 2178 2531 2222 autem
2558 2176 2611 2221 et
2640 2165 2921 2235 inspiravit
2948 2165 2973 2217 '.'
3004 2162 3107 2217 Pro
3129 2177 3193 2217 eo
3217 2170 3276 2216 ut
3296 2162 3464 2227 dicat,
3494 2158 3625 2230 quia

2058 2260 2303 2315 immisit.
2336 2259 2391 2313 Si
2422 2260 2562 2313 enim
2589 2254 2941 2326 corporaliter
2980 2254 3350 2321 acceperimus
3374 2250 3515 2321 quod
3543 2250 3629 2305 in—

2054 2351 2281 2422 spiravit
2335 2350 2495 2416 Deus,
2529 2360 2641 2404 uta
2680 2348 2787 2404 Deo
2818 2362 2943 2417 pars
2968 2346 3230 2400 efﬁcimur
3266 2343 3356 2401 Dei
3387 2341 3625 2419 inspira-

2058 2445 2199 2496 tiOne
2232 2443 2333 2497 ista
2362 2482 2376 2506 ,
2402 2451 2457 2495 et
2499 2440 2787 2496 dividimus
2818 2439 3129 2494 indivisnm.
3169 2436 3233 2490 Et
3266 2434 3619 2504 quemadmo-

2054 2533 2182 2586 dum
2238 2531 2493 2600 possibile
2523 2540 2641 2584 erat
2663 2544 2890 2599 peccare
2917 2543 3032 2594 eos,
3060 2527 3150 2596 qui
3180 2542 3207 2580 a
3250 2524 3358 2580 Deo
3392 2534 3449 2579 ut
3483 2538 3612 2595 pars

2053 2622 2171 2688 ejus
2215 2631 2368 2673 erant
2400 2621 2628 2689 separati
2656 2620 2679 2671 ?
2729 2618 2808 2672 Ita
2842 2633 2975 2688 ergo
3027 2633 3093 2671 ex
3126 2624 3376 2691 creatura
3405 2614 3623 2683 quidem

2057 2713 2167 2782 ipsa
2191 2716 2370 2766 statim
2398 2723 2708 2780 separatum
2738 2719 2820 2764 est
2855 2719 3095 2762 nostrum
3132 2721 3329 2775 corpus
3350 2706 3415 2759 ab
3442 2703 3625 2757 anima

2054 2814 2263 2857 nostra.
2293 2802 2487 2855 Anima
2524 2811 2707 2855 autem
2741 2800 2983 2854 omnium
3019 2798 3328 2852 animalium
3379 2809 3497 2863 qua:
3552 2793 3622 2847 ab

2057 2894 2363 2949 hominibus
2408 2893 2833 2954 manducantur,
2884 2890 3063 2944 dictus
3099 2899 3180 2943 est
3216 2888 3475 2956 sanguis,
3516 2898 3625 2938 non

2059 2998 2238 3042 tamen
2273 2987 2529 3042 hominis.
2564 2985 2671 3040 Sed
2701 3000 2822 3038 cum
2873 2983 3075 3039 diceret
3125 2980 3327 3037 homini
3362 2981 3499 3035 Deus
3523 3017 3539 3043 ,
3568 2987 3628 3031 ut

2057 3082 2203 3149 prius
2250 3078 2547 3133 effunderet
2596 3077 2951 3147 sanguinem,
3009 3084 3064 3131 et
3116 3074 3189 3129 ita
3242 3072 3625 3130 manducaret;

2060 3172 2123 3225 de
2158 3171 2481 3225 animalibus
2507 3172 2608 3226 iste
2640 3170 2754 3235 eius
2785 3177 2905 3225 erat
2946 3180 3145 3222 sermo.
3190 3164 3270 3219 Ab
3305 3162 3459 3217 initio
3493 3176 3627 3230 ergo

2060 3272 2359 3328 creaturae,
2384 3262 2458 3315 ita
2494 3262 2689 3315 melior
2728 3268 2808 3313 est
2854 3269 3043 3313 nostra
3087 3256 3264 3309 anima
3297 3270 3327 3309 a
3376 3268 3626 3324 corpore.

2058 3364 2112 3409 et
2146 3362 2392 3424 separata
2424 3362 2525 3408 est.
2567 3352 2634 3409 Ut
2680 3362 2858 3405 autem
2902 3350 3180 3405 veniamus
3210 3346 3277 3402 ad
3305 3346 3420 3413 ejus
3448 3346 3627 3416 digni-

2062 3452 2247 3505 tatem,
2274 3449 2575 3496 scrutantes
2608 3453 2912 3493 scrutemur
2946 3440 3069 3508 quia
3106 3450 3335 3506 corpora
3370 3451 3473 3490 non
3499 3451 3625 3505 ger-

2061 3534 2288 3597 minant,
2330 3534 2422 3587 sed
2454 3533 2679 3586 arbores
2715 3538 2769 3585 et
2798 3529 3003 3600 plantae
3021 3536 3346 3597 acceperunt
3379 3540 3623 3595 germen,

2059 3632 2503 3694 etaugmentum,
2536 3630 2591 3677 et
2611 3635 2817 3684 escam,
2849 3633 3012 3689 quam
3057 3631 3165 3673 non
3198 3616 3470 3673 habebant
3497 3632 3627 3671 saxa

2060 3732 2177 3784 quae
2203 3729 2328 3775 vere
2374 3723 2498 3770 sunt
2548 3729 2701 3777 saxa.
2730 3712 3050 3768 Germinare
3077 3708 3220 3765 enim
3249 3718 3303 3765 et
3334 3724 3585 3765 crescere
3608 3748 3626 3774 ,

2060 3817 2114 3862 et
2166 3807 2425 3863 imbribus
2458 3806 2653 3860 nutriri
2685 3820 2801 3867 non
2846 3804 3083 3869 habent,
3132 3803 3226 3858 sed
3258 3801 3375 3857 bzec
3406 3815 3628 3872 accepeo

2066 3908 2188 3952 runt
2213 3897 2409 3968 planta
2437 3906 2490 3951 et
2515 3899 2755 3951 arbores.
2783 3894 2849 3950 Et
2874 3908 2940 3950 ne
2959 3894 3081 3964 quis
3118 3894 3382 3963 produCat
3411 3901 3631 3948 centra-

2062 3990 2349 4045 dictionem
2375 4031 2389 4055 ,
2420 3989 2463 4043 si
2496 3988 2663 4058 aliqui
2709 3987 2915 4059 lapides
2957 3994 3211 4042 crescunt
3238 3986 3292 4040 in
3320 3984 3479 4050 mari,
3513 3984 3631 4039 sive

2063 4081 2241 4150 nigri,
2277 4080 2391 4135 sive
2442 4080 2633 4135 rubri:
2662 4078 2739 4133 illi
2784 4077 2928 4133 enim
2980 4075 3176 4145 plantis
3208 4076 3376 4145 magis
3427 4074 3628 4132 similes

2061 4180 2187 4225 sunt
2210 4186 2369 4240 quam
2400 4170 2667 4239 lapidibus
2693 4168 2893 4229 :,incisi
2928 4168 3072 4221 enim
3100 4182 3221 4222 cum
3249 4166 3472 4229 fuerint,
3503 4174 3631 4219 tunc

2064 4261 2269 4330 lapides
2297 4258 2607 4314 eﬂiciuntnr
2636 4277 2651 4313 :
2680 4259 2732 4313 in
2763 4270 3020 4330 quantum
3061 4266 3238 4312 autem
3260 4263 3406 4309 stant
3427 4261 3631 4308 natura:

2063 4353 2288 4423 legibus,
2315 4361 2374 4405 'et
2412 4352 2623 4406 radices
2653 4351 2940 4415 etnittunt,
2973 4358 3027 4403 et.
3071 4346 3471 4418 pullulationem
3501 4358 3633 4414 ope-

2064 4455 2270 4507 rantur,
2308 4453 2361 4497 et
2398 4444 2791 4498 incrementum
2819 4441 3114 4511 accipiunt,
3149 4448 3203 4494 et
3234 4438 3397 4491 rantis
3419 4450 3629 4490 annun-

393 4531 502 4585 Ium
540 4541 587 4586 et
624 4542 815 4585 terram
850 4533 918 4585 '°.
964 4532 1174 4587 leum
1225 4534 1367 4585 enim
1402 4548 1519 4586 cum
1573 4544 1711 4587 terra
1763 4533 1957 4598 factum
1996 4552 2037 4607 ι)
2070 4538 2202 4590 tiant
2233 4534 2567 4589 aﬂinitatetu.
2604 4536 2744 4605 Ergo
2774 4535 2973 4605 plantis
3011 4542 3066 4587 et
3093 4530 3377 4586 arboribus
3407 4529 3507 4582 ista
3531 4528 3631 4582 ad-

394 4625 566 4688 dicit,
607 4641 709 4677 non
744 4625 905 4677 istum
949 4614 1039 4693 qui
1092 4623 1323 4687 videtur,
1363 4624 1455 4677 sed
1506 4624 1668 4677 alium
1717 4626 1961 4694 superio-

395 4728 532 4767 rem.
566 4711 816 4768 Secundo
845 4714 987 4767 enim
1037 4714 1125 4767 die
1175 4713 1405 4767 ellicilur
1452 4714 1551 4769 iste
1597 4716 1685 4784 qui
1725 4718 1959 4783 videtur,

395 4817 451 4860 et
480 4806 791 4860 nominatur
827 4806 1239 4860 firmamentum.
1282 4806 1514 4862 Tantum
1561 4812 1701 4863 enini
1732 4811 1961 4864 honora-

394 4898 555 4952 biliur
579 4907 635 4952 et
686 4897 788 4952 istc
815 4914 840 4949 a
873 4908 1011 4953 terra
1054 4908 1175 4961 est,
1212 4911 1468 4967 quantum
1497 4910 1552 4955 et
1595 4903 1768 4971 spatio
1799 4902 1961 4956 distat

392 4990 783 5059 superpositus.
814 4991 876 5043 Et
904 5005 1009 5044 non
1041 4992 1163 5058 quia
1206 5001 1316 5045 toto
1360 4992 1445 5046 die
1476 4994 1756 5061 przccessit
1816 5006 1957 5048 terra

394 5083 558 5139 istum
599 5084 690 5151 qui
723 5084 928 5137 videtur
953 5084 1170 5146 coelum,
1198 5084 1307 5151 jam
1338 5092 1390 5137 et
1432 5085 1632 5139 honore
1668 5087 1837 5153 prima
1867 5104 1964 5156 pu-

395 5176 617 5231 tabitur.
648 5176 723 5229 Ita
759 5177 1017 5245 ligaretur
1063 5175 1211 5241 prius
1245 5192 1463 5245 corpus,
1492 5186 1544 5231 ct
1574 5189 1692 5246 post
1729 5183 1819 5231 tiat
1844 5181 1959 5234 ani-

394 5285 502 5332 ma,
535 5277 585 5320 et
616 5266 770 5321 nobis
802 5278 1049 5321 servetur
1075 5267 1329 5335 dignitas.
1368 5266 1564 5323 Factus
1595 5271 1757 5338 igitur
1800 5273 1962 5327 homo

389 5371 473 5413 est
498 5402 511 5423 ,
547 5360 621 5412 ita
654 5360 797 5412 enim
826 5359 1065 5411 nominat
1099 5356 1236 5412 Deus
1262 5360 1385 5411 dum
1423 5358 1569 5411 dicit.
1608 5358 1673 5411 Et
1717 5359 1960 5429 ﬁgurat-it

392 5451 532 5507 Deus
565 5453 849 5514 hominem,
885 5451 1071 5505 limum
1098 5470 1129 5505 a
1165 5461 1304 5504 terra
1328 5452 1583 5519 accipiens
1607 5451 1673 5502 ⁸¹.
1726 5451 1959 5507 Necdum

388 5552 509 5598 erat
539 5552 682 5598 totus
716 5544 875 5598 homo
908 5562 921 5596 :
954 5544 1045 5597 sed
1080 5544 1124 5597 si
1161 5543 1297 5597 forte
1339 5541 1513 5613 imago
1545 5543 1795 5609 hominis,
1826 5545 1961 5598 ima-

464 5658 507 5690 "
545 5659 681 5714 Gen.
738 5674 795 5720 ll,
840 5658 889 5710 7.
967 5657 1013 5688 ⁸⁰
1061 5656 1195 5713 Gen.
1249 5674 1285 5723 t,
1343 5660 1390 5712 l.
1468 5657 1510 5689 ³³
1541 5658 1675 5713 Gen.
1704 5674 1764 5723 ιι,
1794 5658 1845 5711 7.

464 5813 573 5886 t39)
606 5816 786 5883 Forte,
820 5814 1181 5877 Vari/iculum.
1210 5827 1261 5871 ut
1288 5833 1447 5885 supra
1480 5818 1579 5875 col.
1623 5817 1748 5876 “51
1792 5816 1853 5871 Β.

1923 5660 1967 5690 ⁵⁸
1994 5658 2122 5715 ibid.

2068 4630 2288 4694 duntur,
2325 4630 2447 4697 quia
2483 4627 2682 4681 habent
2726 4637 2782 4680 ut
2813 4625 3152 4697 germinent,
3190 4633 3248 4676 ut
3296 4620 3631 4690 procedant,

2069 4732 2127 4773 ut
2166 4728 2458 4783 crescant,
2511 4728 2569 4772 ut
2618 4727 2929 4785 pascantur.
2965 4713 3297 4769 Animalibus
3347 4719 3525 4766 autem
3580 4709 3633 4763 id

2067 4814 2209 4869 inest
2230 4812 2372 4881 quod
2405 4814 2564 4872 incst,
2593 4811 2692 4865 hoc
2720 4821 2804 4864 est
2842 4822 2899 4863 ut
2948 4816 3252 4871 nascantur,
3284 4813 3337 4860 et
3360 4813 3634 4867 crescant,

2064 4917 2118 4963 et
2148 4916 2455 4976 pascantur.
2490 4905 2680 4959 Iuncta
2709 4914 2886 4959 autem
2914 4903 3105 4957 iisdem
3132 4909 3214 4956 est
3248 4909 3299 4953 et
3333 4898 3633 4967 proprieta-

2070 5002 2136 5054 tis
2164 5000 2580 5055 additamentum
2604 4996 2949 5052 scusibilitas.
2972 4994 3067 5049 Est
3086 5003 3262 5047 autem
3289 4993 3390 5046 hoc
3415 4989 3469 5044 in
3499 4988 3635 5058 lapi-

2069 5089 2224 5144 dibus
2268 5098 2323 5143 ut
2351 5092 2475 5154 sint,
2509 5089 2599 5142 sed
2634 5104 2735 5140 non
2776 5087 2915 5140 inest
2955 5086 3033 5139 eis
3062 5093 3120 5137 ut
3153 5090 3420 5145 crescant,
3456 5088 3509 5133 et
3540 5077 3635 5133 ad-

2071 5182 2364 5235 ditamenta
2399 5189 2634 5242 sumant,
2667 5179 2806 5247 quod
2832 5186 2910 5232 est
2944 5178 2994 5231 in
3021 5174 3339 5229 animalibus
3363 5171 3631 5225 omnibus.

2069 5271 2199 5327 Esse
2234 5281 2411 5325 autem
2451 5272 2590 5324 inest
2613 5272 2758 5325 saxis
2788 5279 2843 5323 et
2890 5278 3086 5323 terrm:
3124 5266 3425 5336 germinare
3448 5269 3631 5315 autem

2067 5372 2123 5416 et
2155 5377 2423 5428 crescere,
2462 5372 2516 5415 et
2548 5363 2753 5433 augeri,
2795 5360 2935 5429 quod
2963 5370 3081 5413 erat
3116 5358 3391 5417 arborum,
3426 5368 3528 5407 non
3552 5358 3637 5406 est

2066 5454 2119 5507 in
2150 5453 2249 5519 eis.
2286 5454 2723 5508 Additamentuin
2760 5462 2938 5505 autem
2979 5464 3165 5504 eorum
3194 5454 3513 5529 separatum.
3554 5451 3637 5497 est

2071 5543 2405 5599 sensibilitas
2430 5584 2445 5609 ,
2473 5553 2655 5614 utpote
2681 5559 2821 5599 una:
2853 5544 2904 5598 in
2936 5542 3256 5599 animalibus
3294 5536 3539 5593 habetur.
3578 5532 3637 5587 in

2204 5659 2248 5689 ⁸³
2279 5659 2407 5714 ibid.

2147 5816 2258 5886 (-10)
2287 5813 2351 5870 Et
2384 5816 2521 5884 jam.
2563 5813 2645 5869 An
2683 5818 2837 5868 etiam
2868 5814 2891 5867 .’
