4134 6448
453 457 511 512 1-1
524 459 593 513 59

1127 455 1396 519 EUSEBII
1433 458 1908 514 CIESARIENSIS
1945 457 2096 513 OPP.
2139 459 2316 513 PARS
2357 459 2442 514 IV.
2482 491 2551 500 —
2590 457 3014 514 DOGBIATICA.

3550 460 3690 514 Ηιιο

456 574 613 629 nobis
662 581 836 627 autem
884 573 1062 626 omnia
1111 587 1232 642 qua:
1278 576 1531 644 praedicta
1565 586 1689 630 sunt
1736 577 2021 631 habemur.
2057 579 2098 634 Α
2129 576 2326 643 perﬁua
2355 593 2368 640 ;
2405 579 2497 630 sed
2527 586 2729 631 tantum
2753 578 2933 630 anima
2969 591 3193 645 corpore
3227 576 3417 636 fortior
3446 579 3690 647 cst,quia

453 667 708 718 Additum
764 673 941 717 autem
977 665 1132 718 nobis
1164 676 1247 720 est
1287 667 1429 735 quod
1478 677 1720 721 nostrum
1771 677 1854 722 est
1900 683 2026 737 pro-

463 757 658 822 prium,
683 764 737 809 et
757 756 897 825 quod
927 755 1079 810 nobis
1116 759 1362 822 provenit
1390 797 1404 822 ,
1452 767 1508 811 ut
1537 760 1784 817 deorsum
1809 759 2024 828 quidem

459 850 756 902 habeamus
786 847 964 900 omnia
1000 862 1118 916 quae
1145 849 1339 902 habent
1368 864 1429 903 ea
1457 864 1576 918 quae
1608 851 1708 903 sub
1745 866 1839 904 nos
1862 861 2022 914 sunt;

460 940 796 993 extrinsecus
816 949 990 994 autem
1017 949 1258 994 nostrum
1307 942 1447 1009 quod
1481 952 1564 996 est
1596 941 1870 1014 proprium
1897 982 1911 1006 ,
1957 943 2028 997 sit

462 1033 514 1083 in
551 1029 704 1084 nobis
734 1031 1000 1100 cogitatus
1047 1039 1100 1082 et
1134 1045 1347 1085 sensus.
1392 1031 1589 1085 lterum
1641 1048 1701 1087 ea
1739 1048 1859 1102 qua:
1909 1042 2028 1101 post

461 1135 558 1174 nos
587 1129 744 1186 sunt,
785 1121 965 1174 statim
1006 1119 1398 1174 irrationabilia
1430 1121 1682 1175 animalia
1727 1123 1962 1192 cogitatu
1995 1139 2024 1175 a

460 1214 614 1268 nobis
647 1213 1025 1282 relinquuntur
1052 1223 1106 1266 et
1149 1227 1334 1267 sensu.
1371 1211 1582 1268 Habent
1616 1221 1792 1267 autem
1824 1216 2023 1282 omnia,

459 1320 793 1375 quaecunque
823 1307 1038 1372 habent,
1073 1306 1305 1359 minora.
1328 1305 1436 1358 Illis
1457 1308 1599 1359 enim
1630 1318 1683 1360 et
1708 1308 1848 1375 quod
1872 1324 2025 1362 suum

461 1406 545 1451 est
583 1399 762 1462 inest,
800 1399 1135 1454 sensibilitas
1188 1399 1414 1452 scilicet.
1445 1397 1642 1451 lterum
1696 1399 1917 1452 arbores
1975 1409 2029 1453 et

459 1487 656 1554 plantat
685 1489 1065 1557 relinquuntur
1106 1489 1320 1558 quidem
1354 1504 1383 1542 a
1430 1491 1665 1559 cogitatu
1701 1500 1907 1554 nostro,
1944 1506 2028 1544 re-

461 1577 776 1646 linquuntur
821 1589 1000 1634 autem
1032 1589 1087 1633 et
1118 1595 1146 1632 a
1178 1579 1536 1634 sensibilitate
1563 1581 1893 1634 animalium.
1924 1580 2030 1634 lla-

459 1670 589 1724 hent
633 1679 808 1725 autem
857 1686 953 1724 sua
1011 1672 1400 1741 proprietatem
1451 1671 1734 1726 adversum
1794 1688 1923 1726 saxa
1976 1683 2030 1726 et

463 1768 684 1822 terram,
725 1760 1175 1830 germinationem
1223 1762 1436 1816 scilicet
1457 1771 1505 1815 et
1546 1770 1892 1830 augmentum
1925 1801 1939 1825 ,
1976 1771 2030 1816 et

461 1851 896 1912 crescibilitatem
939 1862 995 1907 et
1027 1867 1232 1907 escam.
1277 1855 1387 1909 Fex
1427 1867 1630 1920 autem,
1668 1864 1718 1909 et
1761 1871 1879 1924 quze
1932 1871 2026 1926 pu-

463 1952 649 1996 tantur
689 1940 1002 2007 fortissima,
1049 1954 1238 2022 petrae,
1288 1946 1534 2016 inquam,
1586 1958 1641 2000 et
1670 1957 1825 2001 terrae
1854 1988 1870 2009 ,
1929 1946 2029 2001 hoc

463 2035 638 2103 ipsum
663 2043 787 2089 sunt
808 2049 1037 2102 corpus;
1066 2051 1172 2090 non
1199 2037 1586 2106 producuntur,
1604 2054 1706 2091 non
1743 2045 2026 2092 crescunt:

461 2126 510 2180 si
534 2124 679 2180 enim
709 2135 762 2180 et
791 2136 1062 2190 crescunt,
1087 2128 1158 2180 ita
1187 2140 1436 2182 crescunt
1465 2138 1521 2181 ut
1556 2143 1654 2182 nec
1682 2129 1883 2183 sciatur
1907 2127 2031 2196 quia

465 2224 735 2272 crescunt.
765 2214 860 2272 His
885 2218 956 2271 ita
984 2233 1014 2271 a
1045 2219 1294 2274 deorsum
1322 2233 1491 2286 usque
1519 2235 1752 2285 sursum,
1775 2231 1827 2274 et
1866 2234 1893 2272 a
1921 2234 2035 2273 sur-

464 2323 584 2362 sum
634 2321 806 2378 usque
837 2310 1088 2363 deorsum
1147 2309 1456 2378 separatis,
1501 2325 1856 2378 agnoscamus
1907 2310 2031 2379 quia

465 2415 566 2455 nos
588 2401 801 2470 quidem
835 2415 1020 2456 sumus
1059 2401 1114 2454 in
1148 2387 1435 2456 coinmune
1457 2441 1471 2464 .
1503 2402 1644 2455 sicut
1689 2411 1744 2456 et
1781 2411 1923 2454 terra
1981 2411 2036 2455 et

467 2491 669 2562 lapides
699 2494 1143 2549 :coextendimur
1191 2503 1369 2547 autem
1404 2501 1458 2547 et
1491 2493 1690 2571 plantis
1738 2502 1794 2546 et
1823 2493 2033 2548 arbori-

467 2586 588 2640 bus.
623 2585 894 2641 Habemus
933 2587 1075 2641 enim
1121 2596 1181 2640 ut
1225 2595 1278 2640 et
1314 2600 1599 2639 nascamur
1628 2594 1683 2639 et
1726 2595 2052 2642 crescamus

469 2688 527 2730 et
571 2691 879 2747 pascamur.
911 2676 1367 2732 Transcendimus
1391 2687 1570 2731 autem
1605 2685 1656 2730 et
1689 2675 2034 2732 irratiOnabi—

465 2769 536 2822 lia
571 2769 823 2824 animalia
868 2785 992 2824 cum
1023 2769 1400 2824 sensibilitate.
1449 2768 1802 2822 Transilimus
1870 2767 2030 2820 etiam

465 2871 520 2914 et
549 2861 615 2916 ab
644 2862 731 2916 bis
761 2878 778 2917 :
813 2861 1077 2916 habentes
1112 2861 1252 2930 qupd
1297 2870 1382 2914 est
1414 2859 1764 2929 praecipuum,
1796 2860 2034 2913 rationa-

466 2951 592 3006 bilis
617 2951 816 3020 quippe
841 2951 966 3006 vitae
997 2935 1309 3021 cogitatum.
1340 2950 1485 3004 Nihil
1521 2960 1697 3004 autem
1731 2949 2036 3018 praescribi-

467 3052 558 3096 tur
580 3056 610 3095 a
638 3027 1013 3096 communibus
1035 3081 1050 3106 ,
1079 3051 1139 3095 ut
1177 3050 1324 3111 puta,
1357 3042 1401 3096 si
1438 3041 1560 3109 quis
1604 3041 1832 3095 voluerit
1858 3040 2033 3093 homi-

468 3149 592 3189 nem
642 3134 873 3204 aliquem
913 3147 1167 3204 separare
1204 3137 1271 3188 ab
1307 3134 1480 3188 altero
1509 3173 1524 3198 ,
1569 3149 1671 3187 non
1702 3134 1859 3187 debet
1889 3134 2034 3187 dice-

470 3240 573 3280 ret
605 3225 698 3281 llle
731 3225 821 3294 qui
862 3226 997 3280 duos
1022 3225 1206 3279 oculos
1236 3226 1398 3279 habet
1420 3235 1516 3277 aut
1542 3226 1675 3278 duas
1705 3239 1896 3286 aures;
1944 3241 2034 3278 ne-

471 3332 574 3384 que
608 3317 697 3370 illa
729 3331 849 3387 quae
893 3317 947 3371 in
979 3331 1262 3372 commune
1293 3326 1419 3371 sunt
1460 3327 1512 3371 et
1559 3317 1680 3371 aliis
1707 3358 1721 3379 ,
1769 3319 1861 3371 sed
1896 3317 2036 3372 illius

469 3407 704 3462 hominis
744 3408 884 3478 quod
923 3417 1004 3462 est
1036 3411 1363 3479 praecipUum
1401 3409 1466 3462 ad
1504 3409 1854 3475 agnitionem.
1906 3407 2038 3462 Esse

468 3501 612 3554 enim
643 3514 746 3562 non
778 3499 931 3554 nobis
960 3500 1087 3554 solis
1114 3509 1195 3554 est
1221 3540 1236 3564 ,
1287 3511 1341 3554 et
1381 3500 1685 3568 germinare
1715 3515 1817 3552 non
1859 3501 1911 3552 in
1940 3513 2040 3552 no-

469 3589 557 3644 bis
584 3599 666 3644 est
715 3597 923 3643 tantum
951 3631 966 3653 ,
1001 3599 1054 3644 et
1107 3591 1436 3653 manducare
1483 3605 1588 3644 non
1629 3590 1909 3644 hominum
1952 3604 2041 3644 so-

470 3675 767 3741 lummodo,
813 3687 867 3732 et
896 3693 1145 3734 crescere
1173 3695 1276 3733 non
1308 3690 1554 3734 nostrum
1583 3689 1667 3734 est
1704 3689 1937 3745 tantum,
1986 3689 2042 3734 et

473 3766 926 3822 sensibilitatibus
968 3767 1043 3822 uti
1091 3783 1197 3822 non
1253 3777 1496 3821 nostrum
1549 3777 1632 3821 est
1683 3766 1888 3833 solum;
1945 3766 2038 3820 sed

477 3859 694 3926 quando
725 3875 822 3914 nos
855 3868 909 3915 et
939 3859 1048 3923 ubi,
1086 3859 1140 3912 in
1172 3873 1442 3921 sermone,
1477 3859 1530 3913 in
1571 3858 1835 3926 cogitatu,
1865 3857 1914 3910 in
1948 3871 2039 3910 ra-

471 3948 717 4004 tionabili
749 3951 855 4003 vita
881 3989 898 4017 ,
952 3951 1052 4004 hoc
1085 3949 1244 4003 homo
1273 3957 1376 4013 est,
1430 3949 1544 4003 hinc
1571 3948 1750 4017 imago
1771 3988 1786 4013 ,
1816 3950 1917 4002 hoc
1961 3955 2043 4001 est

475 4041 771 4096 secundum
804 4040 1095 4113 imaginem
1121 4081 1135 4104 .
1177 4041 1278 4096 hoc
1306 4050 1389 4095 est
1438 4040 1731 4116 pretiosum
1764 4079 1777 4102 ,
1813 4041 1917 4093 hoc
1950 4040 2046 4092 im-

476 4131 717 4200 periale,
743 4133 848 4188 hoc
872 4143 956 4188 est
986 4132 1128 4203 quod
1177 4141 1320 4187 tenet
1364 4147 1461 4196 per
1500 4131 1758 4185 animam.
1789 4129 1891 4184 Per
1936 4132 2047 4185 btet:

477 4226 790 4295 agnoscitur
843 4237 895 4281 et
947 4226 1217 4296 pudicitiae
1275 4227 1552 4281 honestas.
1607 4224 1674 4278 Et
1721 4233 1866 4284 certe
1919 4240 2049 4281 caro

475 4319 776 4373 contrarias
807 4318 1047 4389 suggerit
1099 4319 1367 4372 metiones
1407 4335 1420 4370 :
1460 4325 1654 4387 utpote
1701 4316 2050 4371 irrationabi-

481 4409 611 4462 liitm
642 4410 708 4463 ad
755 4410 1274 4464 communicationes
1332 4425 1345 4474 ;
1397 4408 1489 4463 sed
1541 4408 1736 4461 anima:
1787 4410 2050 4478 cogitatus

475 4500 778 4567 gubernans
814 4500 1085 4553 motiones
1116 4497 1682 4568 concupiscentiarum
1705 4536 1719 4558 ,
1761 4507 1815 4551 et
1843 4499 2049 4566 asperi-

2125 676 2180 719 et
2227 670 2438 737 corpori
2487 685 2773 723 mensuras
2823 670 2888 722 ad
2941 670 3168 729 salutem
3204 671 3370 739 ponit.
3411 671 3473 729 Et
3517 671 3694 738 primo

2126 757 2342 824 quidem
2375 760 2613 812 ostendit
2637 775 2755 828 qum
2785 761 2979 816 debeat
3000 777 3231 825 sumere,
3257 772 3310 816 et
3341 778 3370 815 a
3412 763 3607 831 quibus
3635 778 3696 816 se

2128 847 2425 908 abstinere,
2455 855 2508 900 et
2529 863 2588 901 ea
2613 864 2729 916 quze
2757 850 2898 904 licita
2925 862 3050 904 sunt
3083 851 3431 913 manducare,
3458 853 3693 920 quando,

2127 951 2181 994 et
2217 950 2516 1011 quantum,
2543 951 2596 995 et
2623 942 2821 1012 quibus
2870 941 3018 996 horis
3043 981 3058 1006 ,
3091 952 3146 995 et
3192 941 3317 1009 quid
3347 940 3542 997 debeat
3569 952 3697 994 ante

2127 1048 2306 1088 escam
2341 1035 2553 1102 operari
2587 1075 2602 1100 ,
2653 1043 2706 1086 et
2757 1033 3212 1102 quemadmodum
3252 1032 3453 1090 moveri
3488 1033 3698 1087 deside-

2129 1123 2264 1176 rium
2289 1137 2556 1186 escarum,
2579 1133 2634 1176 et
2673 1124 3124 1191 quemadmodum
3160 1137 3379 1177 servare
3400 1137 3579 1178 escam
3606 1124 3689 1176 in.—

2129 1229 2364 1284 gressam
2385 1259 2397 1275 ,
2429 1225 2480 1268 et
2507 1217 2776 1284 quomodo
2810 1215 3038 1270 reﬁcere
3067 1224 3413 1282 Operamenta
3447 1232 3460 1268 :
3494 1223 3550 1268 ut
3589 1229 3696 1268 non

2129 1319 2193 1358 ex
2237 1305 2531 1362 abundanti
2586 1305 2819 1358 motione
2852 1304 3095 1358 confusio
3126 1304 3216 1356 ﬁat
3245 1304 3361 1369 ejus
3383 1305 3471 1368 qui
3503 1305 3698 1371 pascit.

2131 1395 2196 1448 Et
2247 1397 2504 1464 potuisset
2547 1398 2730 1470 utique
2771 1411 2967 1466 corpus
3013 1395 3284 1463 corrumpi
3338 1395 3437 1448 nisi
3483 1396 3703 1448 adesset

2130 1490 2332 1554 anima,
2365 1491 2683 1557 permittens
2724 1499 2985 1557 quantum
3027 1487 3280 1552 deberet,
3311 1496 3366 1541 et
3413 1486 3700 1541 continens

2129 1585 2387 1646 quantum
2421 1587 2715 1650 oporteret,
2748 1587 2803 1631 et
2827 1592 3145 1631 mensurans
3171 1584 3224 1631 et
3267 1575 3618 1645 permiscens,
3642 1584 3699 1631 et

2129 1669 2378 1723 aetatibus
2428 1669 2774 1738 semetipsam
2826 1668 3148 1730 extendens,
3188 1675 3242 1720 et
3297 1667 3489 1719 iterum
3550 1665 3703 1720 colli.

2130 1772 2260 1829 gens
2296 1774 2402 1814 non
2437 1757 2808 1826 magnitudine
2834 1757 2953 1811 dico
2981 1797 2993 1822 ,
3019 1759 3110 1811 sed
3142 1757 3432 1812 mensuris.
3479 1756 3725 1823 Quoties.

2132 1853 2275 1904 enim
2313 1852 2567 1908 irascitur
2590 1864 2789 1918 corpus
2811 1850 2933 1918 quia
2962 1849 3220 1902 derelicta
3256 1859 3339 1902 est
3366 1864 3489 1903 esca
3536 1864 3700 1918 quam

2063 1923 2101 1976 Β
2134 1940 2361 1993 libenter
2393 1940 2657 2002 sumebat,
2701 1948 2754 1990 et
2787 1939 2976 1991 iterum
3016 1937 3252 2000 volebat,
3289 1948 3340 1990 et
3376 1953 3480 1990 non
3512 1937 3705 2006 permi-

2133 2031 2203 2084 sit
2233 2033 2424 2082 animtn
2457 2029 2722 2097 cogitatus
2749 2033 2771 2088 ἵ
2812 2028 3030 2098 Quoties
3066 2044 3291 2082 accensa
3322 2039 3405 2082 est
3434 2030 3695 2097 concupi-

2135 2121 2364 2182 scentia,
2389 2132 2442 2174 et
2468 2121 2632 2174 voluit
2661 2135 2779 2174 esse
2817 2136 2911 2173 sua
2947 2119 3148 2182 aliena,
3173 2129 3227 2171 et
3258 2135 3484 2173 accensa
3511 2132 3614 2181 est.
3649 2129 3708 2174 et

2136 2212 2266 2264 arsit
2299 2210 2564 2266 flamma?
2610 2213 2702 2266 sed
2750 2226 2941 2266 sensus
2972 2227 3162 2265 rorans
3203 2213 3464 2265 exstinxit
3511 2213 3707 2266 motio-

2136 2320 2281 2365 nem,
2307 2315 2360 2358 et
2387 2306 2676 2358 marcidam
2715 2304 2981 2358 ﬂammam
3026 2303 3226 2368 effecit,
3255 2315 3306 2358 et
3333 2306 3567 2359 ostendit
3605 2305 3707 2358 bo.-

2136 2397 2267 2449 mini
2314 2397 2522 2450 ratione
2571 2399 2696 2466 quia
2731 2398 2895 2460 homo
2927 2405 3032 2462 est,
3080 2407 3135 2451 et
3183 2413 3290 2452 non
3328 2397 3708 2450 irrationabile

2137 2501 2319 2555 pecus.
2343 2485 2459 2541 Non
2482 2502 2668 2541 sumus
2690 2489 2833 2543 inter
2855 2505 3046 2558 greges
3072 2488 3138 2543 ad
3165 2489 3705 2551 communicationes,

2137 2578 2230 2632 sed
2259 2578 2458 2645 nuptiae
2484 2578 2625 2646 apud
2673 2594 2790 2642 nos,
2828 2589 2881 2633 et
2916 2580 2966 2633 in
2992 2578 3242 2633 domibus
3271 2618 3286 2641 ,
3319 2589 3371 2633 et
3411 2579 3710 2632 successio.

2139 2684 2234 2722 nes
2258 2679 2310 2723 et
2331 2671 2676 2739 cognationes
2699 2671 2984 2724 habentur.
3010 2670 3380 2740 Compatimur
3400 2669 3544 2724 enim
3569 2669 3709 2726 alter

2144 2761 2320 2824 alteri,
2355 2773 2410 2814 et
2437 2763 2861 2832 congaudemus.
2902 2760 3180 2831 Cogitatus
3210 2763 3352 2818 enim
3405 2761 3705 2829 conjungil.

2139 2865 2191 2907 et
2223 2865 2485 2922 separata:
2515 2855 2712 2920 nuptiae
2741 2854 2879 2922 apud
2909 2869 3006 2908 nos
3051 2864 3199 2908 sunt.
3247 2854 3528 2921 Separavit
3555 2855 3702 2908 enim

2141 2944 2243 2998 hoc
2271 2944 2410 2998 ratio
2441 2959 2633 2998 sensus
2661 2962 2674 2997 :
2707 2955 2762 2999 et
2793 2946 2931 3013 quod
2969 2952 3051 3000 est
3073 2944 3411 3010 admirabile,
3439 2960 3559 3014 qua:
3597 2959 3707 2998 non

2139 3043 2224 3089 est
2261 3035 2379 3088 visa
2411 3035 2459 3089 ei
2507 3036 2598 3104 qui
2641 3049 2747 3090 non
2795 3044 2879 3090 est
2909 3036 3056 3090 visus
3081 3074 3096 3099 ,
3127 3045 3218 3088 aut
3249 3035 3374 3089 alibi
3410 3035 3604 3090 nutrita
3654 3035 3706 3090 ei

2156 3126 2246 3196 qui
2279 3125 2401 3181 alibi
2428 3136 2510 3182 est
2533 3128 2813 3193 educatus,
2846 3127 3028 3182 subito
3061 3128 3255 3186 tradita
3289 3127 3573 3194 conjuncta
3622 3137 3710 3182 est

2143 3220 2356 3273 ratione
2385 3229 2439 3272 et
2489 3233 2648 3272 sensu
2682 3228 2735 3273 et
2786 3219 3044 3288 cogitatu,
3075 3226 3130 3272 et
3180 3217 3585 3286 prtehonoratus
3625 3227 3713 3270 est

2075 3293 2106 3316 ³
2142 3313 2234 3382 qui
2283 3311 2493 3382 accepit
2541 3322 2592 3366 ct
2630 3312 2770 3380 patri
2822 3311 3059 3375 dilecto,
3108 3320 3161 3365 et
3224 3311 3381 3364 matri
3417 3309 3624 3374 amicae,
3653 3317 3710 3361 et

2140 3403 2288 3458 omni
2335 3402 2667 3472 cognationi.
2714 3401 2830 3456 Non
2885 3402 3027 3456 enim
3078 3401 3207 3456 mihi
3245 3416 3388 3456 nunc
3421 3401 3711 3453 inducatur

2142 3510 2327 3550 eorum
2377 3495 2470 3562 qui
2499 3494 2802 3548 adulterant
2845 3509 3124 3548 nummum
3171 3494 3325 3562 (ll):
3365 3494 3488 3561 quia
3526 3507 3629 3546 nec
3678 3509 3712 3548 a

2143 3586 2301 3640 caecis
2322 3584 2638 3655 agnoscitur
2672 3583 2812 3638 oculi
2861 3584 3051 3650 virtus,
3080 3600 3255 3656 neque
3284 3599 3312 3636 a
3337 3585 3544 3643 claudis
3590 3599 3712 3636 am-

2145 3676 2352 3730 bulatio
2383 3687 2526 3730 recta
2555 3715 2569 3740 ,
2625 3690 2800 3744 neque
2832 3677 2898 3729 ab
2939 3675 3195 3729 adulteris
3229 3677 3429 3730 nummi
3461 3676 3714 3746 ligttratio

2143 3782 2290 3820 vera.
2323 3766 2428 3818 Sed
2462 3766 2661 3837 nuptia:
2692 3766 3036 3836 sintnuptizc,
3065 3782 3184 3834 quae
3209 3766 3456 3824 terminis
3488 3765 3716 3821 rationis

2147 3874 2174 3910 a
2227 3857 2460 3924 cogitatu
2523 3869 2653 3910 sunt
2693 3857 2990 3910 honoratae.
3023 3857 3139 3911 Duo
3185 3858 3327 3912 enim
3365 3858 3715 3915 ﬁttntunum.

2149 3949 2272 4017 quia
2303 3965 2365 4002 ex
2397 3963 2502 4002 uno
2531 3947 2657 4002 facti
2691 3957 2820 4002 sunt
2853 3949 2921 4002 ab
2945 3947 3100 4002 initio
3127 3950 3252 4002 duo.
3282 3947 3347 4002 Et
3369 3949 3493 4017 quis
3517 3949 3720 4016 poterit

2150 4040 2409 4094 exhibere
2433 4055 2618 4094 eorum
2651 4041 2742 4108 qui
2765 4041 3046 4094 salvantur
3075 4040 3324 4110 ﬁguram,
3353 4039 3716 4109 pulchritudi-

2150 4148 2271 4186 nem
2303 4173 2317 4196 ,
2367 4133 2805 4204 spcciositatem,
2855 4133 3052 4205 quibus
3103 4135 3361 4191 tristities
3413 4134 3719 4192 consolatio

2151 4233 2234 4278 est
2263 4225 2284 4279 ?
2313 4226 2618 4293 partiuntur
2645 4226 2810 4286 enim,
2837 4236 2889 4279 et
2927 4225 3244 4281 alterutrum
3278 4243 3440 4282 onera
3478 4237 3716 4296 portant,

2150 4325 2206 4370 et
2230 4316 2365 4370 alius
2399 4331 2497 4386 pro
2529 4317 2632 4371 alio
2657 4317 2921 4372 sollicitus
2950 4328 3055 4380 est.
3104 4329 3164 4372 ut
3206 4335 3310 4373 non
3341 4319 3583 4373 tristetur
3617 4335 3722 4374 nec

2152 4409 2350 4474 doleat,
2394 4425 2480 4473 ne,
2517 4409 2560 4462 si
2609 4425 2713 4463 non
2745 4410 2926 4465 videat
2963 4411 3192 4477 tristem,
3223 4412 3416 4466 iterum
3453 4413 3716 4474 ιτὶειυιυτ,

2156 4503 2262 4556 Aut
2288 4503 2431 4557 enim
2458 4503 2721 4571 ﬁguratur
2744 4503 3039 4569 tristitiam,
3071 4513 3164 4556 aut
3191 4503 3356 4573 pellit.
3375 4505 3509 4559 Cum
3540 4514 3718 4558 autem

476 4601 640 4644 tatem
695 4591 993 4668 libidinum“
1037 4604 1266 4660 regens,
1313 4589 1558 4643 ostendit
1603 4589 1728 4658 quia
1785 4589 1961 4641 anima
2015 4604 2043 4641 a
2078 4600 2121 4654 ι)
2157 4596 2446 4648 incurrerit
2495 4594 2708 4664 aliquod
2756 4597 3011 4664 gaudium
3058 4605 3152 4650 aut
3197 4597 3475 4660 Imtitiam,
3515 4597 3725 4652 videbis

477 4696 702 4750 corpore
731 4693 978 4750 separata
1011 4691 1114 4738 est.
1141 4680 1197 4734 Si
1231 4680 1374 4734 enim
1405 4694 1602 4748 corpus
1643 4679 1912 4743 turbatur,
1940 4696 2045 4734 mo-

476 4786 662 4837 vetur,
692 4771 981 4827 ﬂuctuatur
1023 4787 1052 4824 a
1105 4756 1560 4840 concupiscentiis
1587 4811 1602 4834 ,
1638 4771 1816 4824 anima
1865 4783 2045 4826 autem

476 4866 740 4934 gubernat
773 4881 788 4918 :
817 4879 1012 4933 corpus
1044 4864 1284 4922 exsultat
1314 4865 1457 4919 escis
1485 4905 1501 4932 ,
1533 4865 1712 4918 anima
1745 4875 1922 4920 autem
1958 4882 2050 4921 co-

476 4958 645 5026 gitatu
683 4958 920 5011 refrenat
951 4970 1149 5025 corpus
1183 4975 1196 5010 :
1229 4973 1426 5036 corpus
1454 4957 1660 5026 expetit
1687 4972 1870 5012 escam
1893 4975 1908 5022 ;
1933 4975 2052 5014 eva-

477 5059 670 5104 cuatur
694 5051 862 5116 enim,
897 5059 949 5105 et
996 5050 1109 5104 vult
1144 5051 1336 5104 iterum
1370 5051 1647 5120 adimplcri
1680 5070 1693 5106 :
1731 5053 1909 5107 anima
1956 5069 2052 5108 au-

480 5151 584 5193 tem
608 5143 708 5196 sub
737 5158 832 5212 spe
880 5143 1248 5212 religiositatis
1281 5145 1478 5198 retinet
1523 5145 1852 5199 desiderium
1887 5163 1902 5198 :
1932 5162 2054 5200 cor-

484 5248 582 5295 pus
605 5233 759 5298 sitit;
786 5236 963 5288 anima
1019 5245 1300 5289 mensurat
1337 5239 1477 5302 quod
1511 5239 1560 5290 ei
1597 5247 1681 5292 cst
1710 5239 1840 5292 utile
1877 5256 1889 5292 :
1931 5254 2052 5292 cor-

487 5341 581 5387 pus
608 5336 784 5379 movet
821 5328 1038 5390 lluctus,
1065 5327 1244 5380 anima
1275 5340 1454 5379 autem
1491 5329 1939 5396 tranquillitatem
1970 5332 2056 5382 ad~

484 5419 650 5470 (lut'it.
683 5417 890 5486 Corpus
918 5419 1030 5471 sola
1055 5434 1172 5487 qua:
1203 5427 1328 5473 sunt
1363 5420 1579 5486 qua-rit,
1607 5426 1661 5473 et
1689 5435 1792 5472 non
1821 5435 1938 5488 quae
1960 5437 2053 5473 sua

483 5520 608 5558 sunt
636 5511 860 5567 tantum.
884 5512 978 5564 sed
1015 5519 1069 5562 et
1099 5526 1258 5578 supra
1289 5525 1350 5563 ea
1381 5525 1498 5578 qua:
1531 5526 1626 5563 sua
1652 5519 1796 5564 sunt.
1829 5511 1884 5564 Si
1910 5512 2054 5564 enim

489 5614 591 5646 mu
655 5603 868 5654 adesset
922 5586 1513 5666 anima'tnensuraus,
1567 5611 1749 5673 posset
1804 5603 2059 5657 aviditate

483 5707 556 5742 es:
580 5708 725 5743 arum
742 5708 938 5759 corpus
962 5695 1254 5762 corrumpi,
1279 5707 1332 5748 ct
1353 5709 1379 5746 a
1417 5695 1692 5762 potatione
1717 5709 1938 5766 crepare
1962 5711 2052 5750 su—

558 5871 666 5939 (Elr)
694 5872 790 5925 Ms.
823 5873 907 5940 qui
936 5874 1231 5925 adulteram
1277 5890 1536 5932 nummus.

2155 4685 2254 4738 ista
2288 4684 2546 4754 duplicia.
2579 4685 2734 4739 Sicut
2765 4687 2907 4742 enim
2939 4688 3342 4756 compatiuntur
3371 4687 3474 4743 sibi
3507 4689 3558 4741 in
3583 4687 3724 4742 mul-

2156 4779 2225 4832 tis
2247 4819 2261 4842 ,
2294 4779 2364 4831 ita
2401 4786 2455 4831 et
2484 4777 2836 4833 collaetantur.
2873 4777 3152 4848 Cogitatus
3203 4779 3383 4848 itaque
3409 4780 3571 4834 etiam
3606 4779 3721 4834 for-

2157 4870 2367 4930 tissima
2404 4869 2559 4923 nobis
2591 4870 2841 4924 animalia
2869 4871 3113 4941 subjecit.
3133 4871 3553 4940 Comprehendit
3577 4874 3723 4927 enim

2155 4971 2211 5016 et
2235 4961 2462 5024 velocia,
2501 4971 2553 5014 et
2589 4967 2742 5016 tarda
2774 4965 2981 5017 domuit
3011 4972 3066 5016 et
3095 4963 3345 5030 subjecit.
3379 4963 3727 5020 Descendens

2157 5062 2337 5107 autem
2377 5053 2428 5106 in
2455 5067 2628 5116 mare,
2657 5055 2960 5108 necessaria
2991 5055 3144 5110 nobis
3184 5057 3249 5108 ad
3283 5071 3439 5109 usum
3489 5056 3673 5110 eduxit
3708 5072 3726 5120 ;

2157 5153 2214 5198 et
2247 5147 2312 5198 ad
2364 5158 2545 5199 aerem
2597 5147 2915 5214 perveniens
2943 5185 2958 5208 ,
2992 5147 3112 5201 inde
3146 5162 3207 5200 ea
3239 5161 3357 5214 qua:
3386 5146 3628 5204 videmus
3673 5157 3732 5205 et

2161 5237 2550 5290 manducamus
2583 5237 2851 5307 deposuit.
2886 5238 3164 5306 Decerpsit
3194 5239 3356 5292 etiam
3405 5239 3472 5292 ab
3518 5238 3730 5292 arbori-

2158 5330 2259 5382 bus
2281 5339 2335 5382 ct
2361 5328 2577 5397 plantis,
2607 5339 2660 5382 et
2680 5347 2708 5383 a
2729 5339 2870 5384 terra
2889 5341 2941 5383 et
2969 5331 3036 5384 ab
3062 5330 3385 5386 animalibus
3403 5331 3730 5393 necessaria,

2163 5430 2218 5474 ct
2247 5423 2477 5490 partitus
2498 5433 2603 5487 est,
2624 5431 2676 5476 et
2701 5424 2878 5478 omnia
2901 5424 3054 5477 nobis
3078 5425 3146 5477 ob
3166 5439 3328 5477 unam
3354 5439 3547 5478 sensus
3561 5428 3731 5475 ratio-

2166 5528 2286 5568 nem
2308 5516 2534 5583 paravit.
2554 5515 2765 5569 Nullum
2790 5517 2933 5570 enim
2963 5517 3159 5570 animal
3188 5518 3259 5571 ita
3276 5527 3359 5570 est
3375 5517 3530 5579 forte,
3559 5524 3618 5566 ut
3639 5531 3735 5568 co-

2171 5607 2360 5672 gitatui
2405 5608 2474 5660 sit
2503 5609 2732 5662 fortior:
2767 5609 3035 5679 siquidem
3086 5625 3185 5663 nec
3226 5625 3396 5677 penna
3434 5609 3558 5662 huic
3584 5609 3734 5666 velo-

2167 5699 2283 5752 cior
2331 5699 2600 5754 invenitur
2631 5718 2646 5756 :
2680 5701 2773 5756 sed
2827 5713 3027 5777 quanta
3065 5704 3211 5756 carni
3249 5711 3444 5756 nostra:
3483 5702 3551 5756 ob
3583 5699 3737 5763 inﬁr-
