4134 6400
376 452 507 509 HM

1578 446 1667 499 DE
1708 398 2166 499 INCVORPORALI
2206 436 2442 491 ANIMA.

3475 428 3612 481 “4‘2

375 568 620 623 mitatem
674 565 861 621 deesse
898 565 1168 627 videntur,
1210 564 1321 617 brae
1371 563 1593 633 fortiora
1635 562 1936 617 eﬂiciuntur
1965 567 2009 622 Α
2042 561 2188 614 dives
2213 558 2304 627 qui
2334 554 2538 611 creavit
2560 554 2718 614 Deus,
2738 558 2792 604 et
2814 547 2902 616 qui
2934 548 3123 613 dignus
3153 553 3232 599 est
3257 543 3469 598 habitus
3489 558 3612 593 sen-

377 662 577 713 virtute
605 673 796 713 sensus
821 668 876 713 et
904 658 1190 723 cogitatus.
1224 655 1336 710 Non
1362 664 1541 726 potest
1584 665 1764 709 nostra
1793 656 1937 725 aspi-

380 754 519 807 ratio
545 752 831 821 plurimum
866 750 1105 805 contueri
1148 750 1199 803 in
1251 750 1408 802 mari.
1442 748 1578 814 Quid
1609 748 1783 815 ergo?
1815 762 1940 800 num

377 843 589 912 aufugit
611 858 708 897 nos
737 856 886 896 mare
913 841 933 893 i
981 839 1168 894 Nonne
1194 839 1241 894 ei
1278 839 1392 909 (42)
1422 840 1589 893 maris
1620 838 1940 909 profundum

383 936 652 1002 cogitatus
699 934 905 987 invenit
931 973 945 996 ,
975 943 1034 986 ιιι
1090 949 1231 986 nunc
1261 933 1476 1002 quidem
1515 930 1668 985 funes
1720 931 1772 983 in
1807 928 1940 982 mari

390 1030 703 1097 deponeret,
740 1043 881 1082 nunc
914 1028 1049 1080 retia
1077 1030 1425 1095 expanderet,
1457 1025 1561 1079 alio
1585 1034 1761 1079 autem
1806 1033 1943 1077 tem-

385 1132 516 1188 pore
563 1119 668 1170 alia
720 1116 1149 1171 machinamenta
1190 1116 1545 1171 immitteret?
1596 1113 1858 1181 siquidem
1891 1120 1946 1164 et

382 1224 481 1281 per
507 1224 708 1263 cannas
761 1209 825 1262 ad
859 1208 1183 1277 profundum
1234 1207 1523 1277 pervenit,
1572 1214 1627 1262 et
1675 1220 1771 1274 per
1800 1210 1947 1258 setas

383 1307 659 1370 operatur.
706 1295 825 1352 Jam
862 1306 1037 1352 autem
1068 1307 1123 1352 et
1152 1297 1475 1363 margaritas
1504 1302 1752 1351 scrutans
1799 1294 1947 1345 inve-

387 1392 486 1457 nit,
511 1401 564 1447 et
598 1390 880 1459 spirationi
930 1400 1126 1443 nosuze
1155 1389 1400 1458 deposuit
1432 1388 1701 1442 solatium.
1733 1385 1799 1438 Et
1835 1382 1946 1452 pri-

386 1498 478 1536 mo
506 1483 745 1550 quidem,
775 1480 1043 1551 quomodo
1081 1479 1342 1535 intellexit
1366 1494 1427 1534 ea
1467 1494 1583 1547 qua:
1610 1478 1660 1531 in
1685 1474 1949 1545 profundo

388 1573 552 1626 maris
583 1582 708 1626 sunt
742 1572 958 1641 posita?
982 1581 1034 1625 et
1058 1571 1178 1625 dein
1205 1572 1474 1638 quomodo
1503 1571 1668 1638 coepit
1695 1569 1829 1638 (4'5),
1855 1575 1950 1619 aut

390 1663 607 1733 agnovit
635 1678 788 1717 usum
824 1677 1031 1727 eorum,
1065 1673 1123 1717 ut
1152 1664 1395 1734 quamam
1428 1663 1643 1731 quidem
1670 1668 1951 1731 separaret

389 1755 457 1809 ad
479 1769 684 1819 escam,
716 1756 959 1825 quadam
990 1766 1168 1811 autem
1220 1758 1535 1810 reconderet
1569 1755 1634 1807 ad
1660 1752 1947 1814 medelam,

392 1845 497 1898 alia
527 1846 747 1914 eligeret
776 1847 842 1900 ad
881 1856 1129 1901 ornatum
1155 1848 1178 1900 ‘l
1218 1847 1429 1901 Invenit
1477 1856 1654 1899 autem
1684 1854 1738 1898 et
1766 1844 1867 1898 iter
1896 1843 1951 1896 in

390 1940 550 1991 mari.
580 1938 865 2007 Accipiens
898 1938 1041 1992 enim
1074 1954 1104 1993 e
1138 1950 1277 1992 terra
1326 1939 1577 2002 arbores,
1605 1933 1849 1989 vehicula
1901 1934 1953 1985 in

391 2028 642 2083 dorsibus
669 2038 929 2099 operatus
956 2039 1037 2082 est
1067 2029 1253 2083 maris.
1287 2028 1567 2083 Generans
1614 2026 1757 2080 enim
1810 2033 1953 2077 artes

391 2127 484 2171 aut
520 2116 819 2186 suscipiens
844 2157 858 2180 ,
892 2119 956 2170 ad
989 2133 1050 2171 ea
1087 2134 1219 2171 usus
1249 2127 1330 2171 est
1352 2132 1470 2184 qua:
1510 2115 1737 2181 accepit,
1775 2123 1833 2169 et
1881 2122 1958 2166 te-

394 2219 569 2261 statur
612 2217 859 2263 creatura
904 2209 1162 2276 sapientis
1186 2222 1279 2277 per
1312 2208 1490 2262 omnia
1520 2205 1635 2259 Dei.
1666 2204 1956 2273 Accipiens

392 2299 539 2353 enim
587 2314 778 2368 aquam
802 2307 856 2352 et
886 2299 1061 2367 ignem
1088 2307 1143 2353 et
1176 2307 1375 2353 terram
1414 2306 1469 2351 et
1500 2310 1679 2351 aerem
1709 2304 1763 2350 et
1796 2296 1958 2350 arbo-

396 2404 486 2444 res
536 2398 591 2443 et
636 2405 784 2443 mare
834 2399 888 2445 et
918 2390 1094 2445 fontes
1118 2400 1173 2444 et
1205 2398 1414 2444 montes
1438 2398 1491 2443 et
1527 2403 1748 2456 campos
1771 2428 1785 2453 ,
1824 2387 1959 2442 nihil

398 2483 589 2536 borum
631 2481 703 2535 ita
730 2493 785 2535 ut
811 2482 1016 2551 accepit
1041 2482 1272 2537 otiosum
1318 2495 1440 2536 esse
1479 2481 1745 2550 permisit.
1788 2480 1957 2533 Coac-

396 2582 616 2638 ceperat
647 2572 789 2627 enim
820 2574 1078 2627 virtutem
1127 2575 1392 2642 cogitatus
1442 2582 1498 2626 et
1548 2572 1846 2640 sapientiae.
1895 2570 1963 2623 Et

402 2666 522 2717 ideo
547 2664 898 2719 considerans
928 2680 987 2720 ea
1024 2680 1142 2733 qua:
1174 2665 1369 2718 inidem
1403 2674 1559 2719 erant
1584 2664 1793 2719 occulta
1816 2704 1831 2730 ,
1862 2664 1961 2716 lia-

402 2757 516 2811 buit
544 2772 785 2821 sensum,
814 2766 873 2811 ut
892 2757 940 2811 ei
978 2756 1255 2810 adveniret
1279 2764 1333 2810 et
1366 2764 1683 2825 operaretur
1704 2767 1757 2808 et
1785 2766 1963 2808 uterc-

404 2856 509 2898 tur.
544 2848 766 2918 Accepit
798 2850 942 2903 enim
971 2851 1143 2920 ignem
1163 2890 1178 2913 ,
1214 2860 1267 2905 et
1301 2851 1507 2903 invenit
1533 2850 1790 2904 solatium
1816 2858 1965 2904 tene-

404 2938 517 2994 bris
539 2947 592 2994 et
612 2940 784 2994 noctis
813 2941 1074 2995 obscurae.
1106 2940 1314 2996 invenit
1343 2941 1614 3011 quomodo
1657 2956 1725 2995 ex
1771 2940 1964 3010 lapidi-

404 3032 505 3087 bus
536 3030 765 3086 eﬂicitur
796 3034 995 3088 ferrum
1031 3052 1044 3087 :
1084 3034 1285 3089 invenit
1332 3033 1599 3102 quomodo
1642 3042 1784 3088 esset
1829 3047 1966 3086 rara-

410 3132 646 3177 mentum
673 3133 889 3180 eterra.
917 3125 1124 3180 Invenit
1155 3130 1426 3195 quomodo
1452 3140 1643 3179 aurum
1689 3133 1966 3193 purgatur,

407 3214 673 3277 quomodo
739 3230 1019 3284 argentum
1075 3218 1308 3281 colatur,
1365 3216 1635 3286 quomodo
1693 3217 1967 3285 plumbum

408 3302 669 3357 «oiiﬂatur
699 3313 754 3358 et
805 3306 1025 3370 ferrum,
1055 3316 1109 3359 et
1134 3306 1403 3375 quomodo
1426 3322 1494 3360 ex
1546 3307 1630 3361 bis
1660 3322 1786 3361 vasa
1830 3306 1969 3376 ﬁgu—

410 3403 617 3459 rantur,
652 3404 707 3448 et
751 3410 998 3449 vasorum
1054 3396 1290 3451 varietas
1316 3435 1330 3459 .
1372 3407 1427 3451 et
1467 3411 1585 3466 qua:
1630 3397 1697 3450 ad
1729 3397 1970 3461 tutelam,

411 3498 528 3550 quae
555 3484 619 3537 ad
650 3485 933 3551 medelam,
982 3501 1102 3555 qua:
1151 3488 1217 3541 ad
1245 3488 1613 3556 Operationem
1646 3496 1821 3553 terrae,
1854 3503 1974 3557 quae

412 3576 479 3626 ad
511 3577 928 3647 navigationem,
965 3593 1083 3647 quae
1128 3580 1193 3634 ad
1228 3590 1448 3645 terram,
1473 3595 1591 3649 quae
1616 3580 1684 3634 ad
1717 3580 1972 3647 lapidem,

412 3681 532 3733 qua:
562 3668 627 3720 ad
681 3666 844 3735 ligna,
885 3684 1002 3738 qua:
1042 3670 1107 3724 ad
1154 3685 1347 3740 aquam
1398 3679 1523 3724 sunt
1573 3669 1896 3733 necessaria,
1922 3678 1977 3723 et

412 3773 532 3826 quae
566 3760 817 3814 materies
848 3761 1017 3830 magis
1057 3763 1323 3830 quomodo
1347 3762 1625 3828 conﬂatur,
1649 3772 1703 3816 et
1728 3762 1858 3830 quid
1886 3763 1978 3816 de-

412 3847 534 3901 beat
567 3848 833 3916 accipere,
865 3859 917 3903 et
957 3853 1223 3918 quomodo
1260 3861 1507 3920 oporteat
1555 3850 1832 3907 coeﬂicere
1864 3853 1975 3922 spi-

414 3936 573 3988 ritum
606 3934 829 3991 ﬂammae
851 3953 916 3992 ex
949 3939 1069 4008 igne
1103 3957 1117 3993 :
1153 3950 1299 3996 tanta
1330 3952 1456 3997 sunt
1478 3942 1639 4005 bona,
1673 3943 1849 3996 lumen
1879 3958 1978 3997 no-

411 4026 604 4093 ctibus,
639 4028 840 4083 medela
864 4031 1263 4099 aegrotantibus,
1301 4044 1707 4101 operamentum
1750 4033 1977 4099 artibus,

413 4128 467 4170 et
496 4119 742 4188 agricolis
773 4122 1130 4190 pugnantibus
1151 4122 1451 4189 tuitionem,
1476 4124 1713 4193 paciﬁcis
1739 4125 1979 4180 tutelam.

415 4207 613 4261 lterum
634 4222 811 4263 autem
833 4214 1123 4267 secundum
1147 4214 1559 4283 unumquodque
1576 4224 1980 4282 Operamentnm

413 4307 469 4349 ct
518 4313 629 4363 vas,
668 4311 864 4368 quanta
906 4302 1042 4371 ignis
1085 4313 1337 4371 operatur
1374 4304 1801 4359 consideremus.
1833 4303 1985 4359 Fecit

416 4404 626 4453 aurum,
649 4402 705 4445 et
733 4407 797 4446 ex
826 4408 958 4448 auro
996 4403 1182 4461 tanta;
1212 4407 1487 4466 argentum
1510 4437 1525 4463 ,
1559 4406 1613 4450 et
1648 4412 1713 4449 ex
1760 4405 1984 4465 argento

418 4490 525 4533 tam
574 4481 781 4546 multa;
819 4493 874 4538 et
910 4497 1282 4551 :eramentum,
1317 4496 1372 4542 et
1418 4502 1485 4541 ex
1542 4487 1657 4555 ipso
1690 4488 1741 4541 in
1797 4487 1985 4555 primis

2047 666 2136 705 sus
2182 649 2273 702 tali
2314 646 2527 709 divitia,
2590 650 2649 695 ut
2690 642 2803 695 lucc
2846 636 3022 692 omnia
3075 643 3425 689 scrutaretur.
3477 630 3619 685 Vidit

2048 741 2189 795 enim
2221 737 2485 807 cogitatus
2516 735 2567 787 in
2597 730 2781 787 sabulo
2803 728 3018 782 vitrum.
3049 725 3260 779 Intuere
3288 737 3416 789 ergo
3444 734 3619 790 quan-

2051 841 2161 885 tum
2192 830 2356 884 distat
2388 827 2653 895 cogitatus
2681 836 2712 875 ιι
2745 833 2990 889 corpore.
3030 816 3170 884 Quid
3201 815 3342 869 videt
3379 815 3565 867 oculus
3595 810 3620 864 τ

2049 920 2290 977 sabulum
2322 936 2337 972 :
2370 917 2497 988 quid
2520 916 2663 969 videt
2680 927 2869 967 sensus
2894 911 2916 962 ?
2938 910 3152 963 vitrum.
3183 904 3415 960 Intueris
3452 902 3616 956 alium

2049 1021 2102 1065 et
2131 1010 2291 1064 alium
2325 1026 2339 1063 :
2367 1008 2457 1063 ille
2494 1008 2635 1061 enim
2663 1004 2809 1057 videt
2838 999 3107 1062 sabulum,
3132 998 3231 1051 iste
3266 1005 3442 1049 autem
3472 994 3619 1047 videt

2049 1105 2268 1165 vitrum,
2305 1100 2445 1169 quod
2474 1098 2700 1153 necdum
2734 1103 2834 1148 est.
2872 1091 3012 1159 Ergo
3054 1105 3157 1143 non
3199 1087 3387 1142 oculus
3422 1100 3615 1153 corpo-

2051 1192 2178 1247 raiis
2205 1192 2462 1252 intuetur.
2496 1187 2585 1255 qui
2614 1200 2712 1239 nec
2736 1183 2882 1237 videt
2908 1180 3005 1233 nisi
3028 1176 3263 1232 adfuerit
3286 1175 3484 1229 anima.
3512 1172 3618 1227 Sed

2051 1294 2105 1337 et
2134 1298 2255 1336 cum
2284 1280 2495 1334 videtur
2526 1276 2729 1340 videre,
2743 1273 2895 1327 aliter
2915 1271 3053 1325 videt
3094 1281 3289 1337 corpus
3320 1274 3374 1318 et
3398 1264 3619 1320 oculus:

2051 1383 2105 1426 et
2140 1379 2288 1426 certe
2321 1368 2499 1422 anima
2526 1366 2671 1420 videt
2720 1379 2814 1433 per
2851 1378 2972 1415 eum
3003 1376 3017 1412 :
3057 1359 3212 1413 aliter
3251 1357 3489 1411 intuetur
3529 1368 3621 1408 co-

2054 1466 2304 1535 gitatura
2342 1459 2651 1525 semetipso.
2693 1454 2809 1509 Non
2844 1452 2983 1507 vidit
3015 1464 3210 1519 corpus
3247 1455 3620 1507 ieramentum,

2056 1571 2158 1610 non
2180 1553 2312 1608 vidit
2340 1565 2535 1620 corpus
2559 1550 2756 1603 ferrum
2774 1584 2791 1609 ,
2822 1544 2913 1598 sed
2942 1541 3076 1611 lapis
3114 1548 3232 1595 erat
3261 1547 3313 1593 et
3334 1546 3497 1592 terra.
3519 1536 3622 1591 Co-

2056 1648 2253 1717 gitatus
2293 1651 2469 1698 autem
2506 1638 2693 1695 videns
2729 1650 2847 1706 quae
2871 1648 2974 1688 non
3004 1628 3624 1691 videbantur,a:stimaus

2057 1738 2184 1809 quid
2224 1737 2463 1790 facturus
2488 1739 2633 1787 esset
2660 1728 2820 1801 ignis,
2835 1727 2879 1782 si
2903 1723 3275 1781 confabulatus
3306 1731 3463 1773 terrm
3492 1717 3626 1771 fuis-

2058 1839 2140 1885 set
2172 1828 2273 1882 iste
2298 1824 2559 1896 (“Moon
2588 1832 2767 1875 tamen
2795 1816 2974 1882 omni;
3004 1821 3055 1869 et
3100 1812 3172 1866 illi
3211 1810 3392 1884 lapidi,
3436 1817 3490 1862 et
3524 1822 3628 1861 non

1986 1914 2029 1969 Β
2057 1919 2225 1977 omni.
2258 1918 2515 1985 Qurerens
2542 1912 2685 1967 enim
2725 1916 3073 1987 mrameptum
3104 1913 3301 1957 terram
3333 1901 3631 1967 accepit,et

2057 2024 2302 2081 quaerens
2338 2007 2540 2062 ferrum
2583 2004 2811 2072 lapidem
2861 1997 3128 2067 sumpsit;
3157 2002 3211 2049 et
3254 2008 3357 2047 non
3407 1990 3629 2054 erravit,

2056 2080 2149 2161 sed
2182 2100 2402 2170 agnovit
2439 2098 2490 2148 in
2522 2103 2780 2164 quantum
2812 2090 3032 2144 deberet
3073 2085 3178 2156 igni
3213 2082 3541 2154 permittere.
3575 2080 3630 2133 Si

2058 2190 2198 2246 enim
2231 2186 2507 2243 transierit
2537 2196 2841 2237 mensuram
2868 2194 2897 2232 a
2924 2180 3030 2232 Deo
3061 2186 3355 2244 acceptam,
3389 2173 3523 2241 ignis
3540 2171 3633 2239 qui

2057 2290 2247 2352 purgat
2278 2276 2569 2333 consumit.
2600 2276 2679 2327 lta
2719 2272 2771 2325 in
2804 2267 3105 2324 istiusmodi
3135 2266 3377 2320 materiis
3412 2263 3633 2317 immisit

2060 2370 2326 2438 cogitatus
2357 2381 2509 2421 suam
2541 2362 2978 2424 admirationem,
3014 2357 3067 2410 in
3109 2356 3253 2409 vasis
3284 2367 3434 2409 suam
3460 2352 3636 2407 varie—

2062 2466 2243 2521 tatem,
2269 2456 2319 2509 in
2342 2452 2741 2521 operationibus
2762 2464 2913 2505 suam
2938 2448 3211 2507 virtutem,
3243 2444 3293 2496 in
3318 2455 3637 2512 operamen-

2064 2551 2129 2603 tis
2154 2562 2302 2601 suam
2330 2543 2671 2614 sapientiam.
2708 2542 3007 2595 Procreans
3039 2538 3181 2591 enim
3223 2535 3414 2588 artium
3448 2540 3636 2602 gentes

2062 2651 2116 2695 et
2142 2636 2541 2707 disciplinarum
2567 2633 2816 2703 populos,
2851 2641 2906 2684 et
2953 2631 3200 2683 nationes
3234 2637 3288 2681 et
3331 2638 3551 2696 genera,
3584 2632 3638 2678 et

2064 2743 2322 2800 separans
2350 2728 2453 2780 alia
2490 2726 2670 2787 aliter,
2713 2731 2769 2778 et
2789 2724 2839 2775 in
2870 2723 2973 2776 alio
3003 2734 3164 2790 Opere
3204 2719 3359 2773 aliter
3384 2724 3640 2786 operatus

2065 2832 2149 2877 est
2170 2821 2458 2889 unicuique
2483 2826 2828 2889 operamenta
2854 2822 3120 2882 separata,
3145 2821 3197 2867 et
3226 2809 3491 2881 suggessit
3520 2822 3635 2862 ma-

2068 2913 2267 2978 terias;
2311 2921 2366 2966 et
2401 2911 2543 2964 illam
2571 2908 2786 2978 quidem
2817 2905 2995 2975 posuit
3021 2919 3172 2968 auro,
3194 2902 3351 2955 aliam
3373 2901 3641 2971 separavit

2068 3030 2134 3083 ad
2165 3037 2470 3097 argentum,
2490 3025 2717 3079 alteram
2752 3023 2816 3077 ad
2845 3029 3218 3085 mramentum,
3243 3028 3298 3074 et
3321 3018 3438 3073 alia:
3459 3025 3640 3071 osten—

2072 3119 2152 3172 dit
2180 3116 2404 3181 ferrum,
2435 3117 2551 3170 alia:
2576 3115 2963 3171 demonstravit
2984 3112 3251 3176 sabulum,
3280 3117 3333 3165 et
3362 3123 3428 3163 ex
3455 3106 3642 3162 sabulo

1997 3239 2042 3300 ε
2072 3209 2306 3264 fructum
2340 3207 2485 3262 vitri.
2520 3208 2652 3261 Alia:
2679 3207 2822 3261 dedit
2856 3204 3097 3260 invenire
3125 3209 3364 3255 naturam
3390 3200 3643 3253 arborum

2074 3310 2127 3353 et
2149 3299 2512 3368 Operationem
2534 3307 2586 3351 et
2615 3312 2768 3352 usum
2802 3304 2858 3349 et
2890 3304 3148 3362 tempora.
3174 3290 3301 3343 Alia:
3329 3288 3535 3342 fructus
3555 3300 3648 3340 eo-

2076 3402 2215 3453 rum,
2239 3388 2354 3441 alia:
2380 3386 2643 3441 culturam
2675 3400 2885 3446 eorum,
2922 3382 3040 3435 alia:
3093 3378 3518 3434 adinventionem
3551 3389 3647 3429 eo-

2076 3495 2217 3543 rum,
2250 3478 2368 3533 alite
2393 3478 2653 3533 medelam
2682 3491 2747 3531 ex
2774 3475 2923 3544 ipsis,
2942 3482 2997 3527 et
3023 3472 3120 3541 ipsi
3156 3469 3435 3525 medicinae
3460 3475 3645 3523 nostra

2076 3585 2300 3639 corpora
2327 3568 2484 3638 :quid
2517 3569 2739 3623 deberet
2762 3566 3069 3627 amburere,
3095 3563 3222 3632 quid
3248 3567 3525 3630 oporteret
3544 3572 3643 3613 co-

2078 3676 2264 3731 quere,
2287 3675 2409 3714 cum
2437 3674 2544 3729 quo
2574 3659 2793 3714 deberet
2819 3656 3075 3721 miscere;
3099 3652 3225 3722 quid
3246 3650 3465 3705 deberet
3491 3662 3649 3718 sepa-

2079 3753 2240 3807 ratim
2296 3752 2513 3817 oﬂerre,
2546 3750 2673 3821 quid
2719 3749 3034 3804 conveniret
3063 3761 3186 3801 cum
3225 3741 3494 3814 plurimis,
3519 3738 3649 3809 quid

2080 3845 2327 3908 crudum,
2359 3844 2485 3913 quid
2516 3840 2897 3911 incipientibus
2929 3836 3129 3893 morbis
3156 3842 3212 3891 et
3262 3833 3335 3889 illi
3385 3830 3647 3903 passioni,

2081 3938 2207 4007 quid
2232 3946 2408 3989 autem
2433 3935 2763 4005 promoventi
2797 3944 2850 3986 et
2879 3930 2988 4000 jam
3019 3928 3195 3999 posito
3228 3927 3280 3981 in
3320 3924 3649 3984 cessatione,

2081 4028 2207 4098 quid
2236 4028 2397 4081 etiam
2448 4027 2501 4080 in
2534 4024 2815 4080 insistendi
2846 4023 3018 4087 initio,
3049 4021 3177 4091 quid
3205 4032 3335 4073 vero
3373 4013 3652 4079 reddenti,

2083 4128 2138 4172 et
2169 4118 2432 4181 credenti,
2470 4128 2524 4171 et
2555 4115 2844 4172 recedenti.
2876 4113 2992 4167 Non
3025 4111 3270 4182 despexit
3304 4123 3403 4163 nec
3439 4106 3651 4161 anima-

2084 4211 2209 4264 lium
2241 4208 2467 4270 l'ructns,
2488 4209 2580 4263 sed
2613 4207 2839 4261 totondit
2855 4204 3006 4258 nobis
3022 4204 3330 4257 indumenta
3354 4213 3419 4254 ex
3441 4197 3654 4262 ovibus,

2087 4299 2316 4355 totondit
2347 4310 2401 4352 et
2431 4313 2462 4352 e
2492 4297 2671 4364 capris
2702 4295 2959 4365 plurimos
2984 4307 3131 4346 usus.
3162 4291 3230 4343 Et
3264 4302 3368 4343 non
3395 4298 3478 4343 est
3507 4286 3655 4340 dinuo

2086 4404 2296 4445 merare
2324 4400 2521 4459 quanta
2547 4404 2614 4442 ex
2649 4385 2969 4441 animalibus
2998 4394 3054 4437 et
3081 4380 3351 4435 alimoniis
3383 4378 3539 4432 nobis
3561 4375 3655 4431 de-

2087 4484 2225 4537 derit
2253 4484 2318 4536 ad
2344 4482 2701 4550 operimenta,
2729 4480 2793 4531 ad
2831 4491 3004 4537 usum,
3044 4474 3109 4527 ad
3132 4469 3504 4532 medelam,ad
3528 4482 3660 4535 ope-

416 4570 740 4635 necessaria;
765 4582 817 4626 et
846 4575 1260 4643 unumquodque
1290 4576 1429 4644 quod
1466 4576 1697 4629 colatum
1731 4584 1823 4629 aut
1852 4592 1982 4632 con-
2011 4568 2060 4626 D
2087 4590 2145 4627 ra
2174 4590 2190 4627 :
2220 4583 2421 4642 quanta
2459 4587 2523 4625 ex
2549 4571 2851 4634 arboribus,
2870 4576 3066 4637 quanta
3095 4579 3126 4619 e
3166 4564 3327 4623 saxis,
3355 4569 3554 4630 quanta
3588 4572 3656 4613 ex

416 4660 598 4717 ﬂatum
639 4670 741 4729 est,
792 4668 967 4735 primo
1012 4669 1226 4736 quidem
1268 4670 1544 4725 inventum
1579 4681 1683 4738 est,
1714 4672 1835 4727 dein
1866 4674 1977 4727 dis-

417 4763 660 4818 cretum,
711 4765 765 4810 et
801 4768 914 4827 post
963 4760 1286 4823 confectum,
1339 4771 1392 4816 et
1431 4764 1502 4816 ita
1556 4778 1729 4817 usum.
1789 4763 1982 4817 Didicit

417 4847 560 4899 enim
591 4847 852 4916 cogitatus
877 4851 1071 4917 quibus
1116 4853 1354 4919 pascitur
1401 4854 1574 4921 ignis:
1611 4864 1665 4908 et
1700 4864 1847 4908 certe
1881 4853 1979 4907 ali-

418 4937 625 5006 quoties
659 4935 813 4992 oﬂert
842 4938 981 5009 ligna
1004 4940 1070 4994 ad
1092 4943 1383 5008 coctiones,
1407 4942 1693 5013 aliquoties
1714 4955 1894 4998 autem
1926 4954 1984 5000 ut

419 5039 652 5097 maneat,
687 5041 741 5086 et
770 5046 862 5098 per
899 5046 1055 5100 quem
1105 5033 1248 5103 ligna
1292 5044 1683 5088 consumuntur
1734 5051 1985 5103 perman-

419 5120 570 5184 serit,
603 5135 699 5189 per
734 5122 892 5175 istum
924 5137 1138 5177 sensum
1176 5124 1372 5177 nutrita
1420 5135 1739 5194 arguuntur.
1769 5126 1822 5178 In
1862 5134 1981 5179 tan-

421 5221 531 5279 tum
560 5210 702 5264 enim
739 5212 886 5266 dives
917 5221 999 5265 est
1022 5213 1112 5280 qui
1139 5213 1348 5277 tribuit,
1375 5223 1427 5268 et
1458 5224 1662 5267 tantum
1686 5215 1883 5269 ditatus
1902 5225 1986 5270 est

418 5302 510 5370 qui
537 5302 769 5370 suscepit
793 5320 807 5368 ;
837 5303 980 5371 quia,
1011 5304 1053 5357 si
1086 5303 1408 5360 voluerimus
1427 5305 1770 5371 contendere,
1790 5314 1843 5359 et
1870 5316 1986 5359 tan-

424 5404 530 5466 tum
576 5405 643 5445 ex
668 5392 895 5461 apiﬂciis
926 5393 1101 5463 ignem
1138 5408 1425 5463 exponere,
1467 5403 1521 5447 et
1555 5394 1704 5448 utilia
1753 5411 1871 5464 quae
1915 5412 1979 5450 ex

423 5483 541 5550 igne
576 5491 702 5537 sunt
731 5483 1094 5550 manifestare,
1139 5487 1365 5541 transiet
1408 5501 1509 5541 nox
1545 5484 1827 5554 conjuncta
1857 5486 1982 5553 diei,

418 5580 475 5625 et
502 5574 792 5629 manebunt
820 5575 957 5644 ignis
986 5576 1151 5633 solius
1183 5592 1287 5635 non
1323 5578 1503 5649 plena.
1545 5577 1781 5648 Apparet
1806 5585 1983 5632 autem

491 5792 605 5859 (te)
639 5791 723 5845 Ei.
762 5792 942 5857 Forte.
973 5750 1039 5847 et.

492 5860 605 5934 (45)
636 5862 815 5933 Capit.
853 5862 1033 5931 Forte,
1071 5865 1224 5936 cepit.

2088 4667 2262 4734 aquis,
2303 4672 2501 4734 quanta
2542 4678 2610 4716 ex
2641 4662 2944 4715 natantibus
2978 4667 3031 4711 et.
3073 4655 3378 4711 volantibus
3406 4692 3423 4719 ,
3452 4658 3654 4721 quanta

2087 4772 2153 4812 ex
2179 4770 2310 4809 auro
2337 4765 2391 4809 et
2432 4763 2672 4823 argento,
2706 4763 2759 4806 et
2806 4752 2983 4821 lignis,
3016 4760 3069 4805 et
3109 4747 3398 4817 lapidibus,
3432 4753 3486 4799 et
3523 4758 3657 4796 aera-

2090 4855 2289 4910 mento,
2316 4856 2370 4900 et
2400 4845 2563 4909 ferro,
2589 4854 2642 4898 et
2674 4843 2909 4912 plumbo,
2938 4849 2992 4896 et
3022 4855 3139 4910 quae
3194 4838 3553 4893 amburuntur
3602 4840 3657 4886 et.

2091 4948 2195 4988 non
2224 4934 2598 4997 amburuntur,
2629 4942 2682 4987 et
2714 4941 3084 4993 atlenuantur,
3114 4939 3166 4984 et
3193 4935 3570 4983 contexuntur.
3594 4923 3660 4976 Ει

2090 5024 2220 5078 mihi
2249 5025 2462 5091 quidem
2491 5023 2703 5077 videtur
2736 5023 3002 5091 cogitatus
3028 5023 3099 5075 ita
3126 5035 3247 5076 esse
3270 5020 3408 5075 sicut
3429 5017 3511 5069 vir
3538 5015 3658 5083 qui-

2090 5118 2213 5170 dam
2246 5117 2414 5179 dives,
2439 5132 2534 5171 sua
2556 5116 2780 5185 cupiens
2805 5115 3161 5176 dinumerare,
3186 5123 3239 5166 et
3264 5110 3491 5166 scrutari
3517 5126 3530 5172 ;
3552 5122 3656 5161 non

2091 5207 2307 5272 suﬂicit,
2334 5208 2428 5262 sed
2477 5208 2548 5261 ob
2582 5207 2974 5260 multitudinem
3006 5202 3407 5273 possessionum
3433 5209 3487 5253 et
3533 5199 3658 5252 sub-

2092 5302 2325 5364 stantiae,
2355 5315 2528 5369 neque
2580 5300 2885 5354 rationibus
2931 5306 3024 5349 aut
3063 5294 3311 5349 sensibus
3340 5305 3532 5345 vacare
3561 5305 3659 5358 po-

2091 5402 2230 5457 tens,
2254 5394 2346 5447 sed
2364 5402 2645 5460 superatus
2676 5391 2843 5445 abhis
2863 5404 2981 5458 quae
3000 5387 3180 5451 habet,
3200 5393 3377 5437 manet
3394 5383 3601 5435 incertu
3617 5400 3658 5433 ς.

2092 5484 2223 5542 Tale
2250 5485 2431 5539 nescio
2447 5484 2574 5553 quid
2592 5494 2645 5536 et
2668 5498 2807 5535 nunc
2829 5494 3016 5551 passus
3037 5488 3117 5533 est
3145 5478 3434 5547 cogitatus.
3460 5472 3665 5528 Similis

2093 5575 2238 5628 enim
2267 5584 2352 5630 est
2378 5575 2427 5629 ei
2458 5575 2549 5644 qui
2584 5575 2776 5629 ﬂuctus
2812 5574 3135 5629 dinumerat.
3171 5569 3227 5623 ln
3257 5584 3321 5623 co
3366 5566 3508 5621 enim
3538 5567 3666 5620 dum

2092 5794 2445 5923 ηοξιξὲϐθιιιε.
2479 5798 2665 5866 Forte,
2696 5800 2801 5855 isti.
2823 5830 2845 5841 -
2876 5831 2891 5840 -
2912 5795 3310 5868 Confabulatus.
3349 5790 3469 5847 Vid.
3516 5804 3666 5861 supr.
