4134 6438
400 358 551 422 ’1143

1056 363 1328 421 EUSEBH
1363 361 1843 421 CESARIENSIS
1883 365 2028 420 OPP.
2079 366 2252 419 PARS
2291 365 2378 421 IV.
2421 398 2492 411 --
2530 367 2950 425 DOGMATICA.

3518 373 3652 427 HM

406 490 658 545 volumus
709 490 1095 560 proprietatem
1142 488 1258 554 ejus
1310 488 1364 541 in
1405 489 1513 558 igni
1555 490 1772 555 videre,
1806 503 1988 544 exsur-
2017 495 2062 552 Α
2093 504 2158 543 ex
2188 469 2342 543 bonis
2379 491 2656 558 angustari
2687 490 2799 562 (45)
2835 507 2932 545 nos
2975 506 3078 545 non
3112 491 3308 570 pigeat,
3340 493 3431 546 sed
3455 505 3657 562 quanto

409 581 550 633 rexit
569 591 635 634 ex
665 593 814 633 mare
842 578 944 631 alia
982 576 1148 638 unda,
1179 585 1234 630 et
1263 575 1401 629 alius
1431 571 1640 633 meatus
1671 591 1699 629 a
1742 576 1982 642 nomine,

408 679 464 723 et
488 685 518 723 a
548 670 801 735 fontibus,
835 680 890 725 et
920 670 986 723 ab
1017 667 1118 722 illis
1149 668 1513 738 irrigationes,
1537 679 1594 723 et
1640 657 1767 724 usus
1793 685 1858 723 ex
1893 685 1984 722 ar-

409 761 652 825 boribus,
686 778 714 814 a
769 760 1056 827 fructibus,
1107 776 1135 814 a
1191 761 1489 827 radicibus,
1523 777 1552 815 a
1588 749 1748 822 loliis,
1783 761 1851 815 ab
1901 760 1986 816 his

409 869 528 922 quae
556 845 582 906 ὁ
607 861 609 868 “
637 843 846 908 ΐοιίεέἐι
873 842 941 908 ab
977 845 1121 908 intus
1147 853 1440 917 habentur,
1473 855 1550 907 et’
1572 854 1623 908 in
1666 852 1984 908 animalibus

412 953 528 1013 quae
556 961 584 997 a
609 932 742 999 toris
766 953 821 999 et
845 945 912 998 ab
937 944 1084 998 intus
1103 952 1247 1006 sunt,
1269 949 1321 998 et
1345 932 1510 1013 pelles
1532 945 1597 999 ad
1619 945 1779 998 alium
1804 959 1982 1010 usum,

410 1047 462 1090 et
481 1025 600 1092 ossa
629 1037 692 1089 ad
707 1037 929 1090 alteram
951 1023 1346 1092 necessitatem.
1365 1036 1431 1090 Et
1454 1052 1522 1090 ne
1544 1034 1756 1105 quidem
1775 1045 1985 1091 stercus

411 1128 597 1183 inutile
632 1128 858 1192 exstitit,
896 1127 1226 1198 pretiositate
1287 1129 1554 1198 cogitatus
1602 1129 1980 1198 appretiatum.

411 1219 514 1273 Sed
545 1236 926 1289 nonnunquam
957 1230 1009 1274 et
1035 1237 1066 1275 e
1088 1222 1375 1278 messibus.
1395 1221 1516 1289 quia
1553 1221 1779 1274 multum
1805 1205 1984 1274 attulit

411 1320 575 1378 terra,
591 1312 816 1380 plurima
845 1313 1234 1382 relinquuntur,
1255 1315 1378 1382 quia
1395 1330 1497 1369 non
1514 1324 1690 1385 potest
1704 1309 1984 1382 possessor

407 1399 662 1469 colligere
693 1412 890 1469 quanta
917 1411 970 1454 et
997 1403 1315 1469 seminavit,
1347 1414 1400 1457 et
1447 1415 1586 1458 terra
1617 1405 1981 1472 multiplicans

409 1489 657 1559 praebuit.
677 1489 927 1545 Maneant
949 1485 1110 1560 igitur
1129 1491 1320 1545 ﬂuctus
1342 1505 1394 1546 et
1416 1495 1679 1546 undarum
1713 1492 1978 1562 procellae,

407 1591 465 1634 et
505 1595 712 1636 meatus
756 1579 1042 1637 ﬂuviorum
1069 1593 1121 1638 et
1153 1585 1348 1650 fontes,
1378 1595 1432 1640 et
1463 1600 1796 1656 quaecunque
1832 1586 1982 1639 dere-

407 1670 533 1726 licta
579 1684 704 1727 sunt
745 1675 810 1728 de
855 1674 1142 1741 fructibus,
1188 1677 1458 1748 cogitatus
1495 1689 1550 1732 et
1598 1675 1880 1747 pregenies
1925 1686 1978 1730 et

408 1779 570 1832 opera
604 1783 618 1818 :
651 1776 705 1820 et
725 1776 975 1836 putantes
1000 1783 1097 1822 nos
1131 1769 1287 1822 hodie
1312 1761 1534 1837 implere
1568 1765 1724 1837 posse
1757 1785 1820 1823 ea
1855 1784 1976 1837 quae

2086 580 2421 648 potuerimus
2469 581 2834 636 scrutabimur
2877 596 3142 646 coronas,
3177 591 3359 652 utpote
3409 593 3657 641 serentes

2083 671 2378 732 Altissimo,
2404 687 2469 726 ex
2503 672 2696 742 quibus
2727 673 2780 727 in
2827 682 2967 728 terra
3001 683 3054 727 et
3085 675 3220 728 mari
3266 660 3347 729 est
3376 686 3654 742 operatus.

2083 763 2425 832 Quaecunque
2473 753 2651 816 autem
2692 779 2790 818 nos
2844 763 3252 828 transcendunt,
3281 773 3334 820 et
3377 775 3658 834 superant,

2084 856 2138 908 in
2179 869 2244 909 eo
2270 855 2386 923 ipso
2431 856 2573 923 quod
2606 855 2892 922 vincimur,
2920 856 3114 910 victori
3155 853 3255 924 ipsi
3287 846 3354 911 ett
3401 840 3655 928 operibus

2083 933 2194 1001 suis
2217 948 2326 1001 sint
2361 957 2417 1001 et
2445 947 2560 1002 ista:
2589 931 2820 1002 coronae.
2842 941 3159 1003 Retinentes
3183 941 3343 1016 igitur
3375 937 3657 1020 quousque

2082 1053 2136 1094 et
2163 1039 2643 1110 per'venit'sertno,
2674 1035 3030 1095 recondantus
3070 1042 3336 1096 sermonis
3365 1043 3618 1111 reliquias
3638 1034 3658 1108 ;’

2083 1140 2142 1185 ιιι
2171 1132 2363 1185 iterum
2390 1132 2653 1200 ad’ipsam
2675 1144 2914 1185 mensam
2937 1133 3210 1198 sedentes,
3244 1133 3438 1186 iterum
3464 1133 3656 1208 iisdem

2084 1224 2212 1293 ipsis
2253 1223 2496 1276 fruamur
2532 1221 2701 1276 bonis.
2739 1221 2912 1278 Unum
2942 1233 3116 1277 autem
3146 1234 3228 1277 est
3250 1223 3389 1293 quod
3418 1224 3572 1279 decet
3601 1232 3660 1281 et

2083 1325 2245 1379 nunc,
2286 1323 2344 1370 ut
2384 1315 2640 1370 reddatur
2664 1317 2712 1371 ei
2742 1317 2826 1369 cui
2860 1309 3074 1386 semper
3105 1305 3418 1372 redditi-ret
3445 1316 3661 1389 semper

2081 1409 2328 1472 debetur,
2362 1409 2413 1461 in
2455 1408 2538 1461 his
2570 1425 2689 1477 quae
2722 1419 3110 1475 praccesserunt
3137 1397 3658 1477 ~gratiarum'actio,

2080 1507 2134 1552 et
2162 1497 2213 1550 in
2250 1499 2333 1552 his
2364 1514 2486 1567 quae
2527 1499 2784 1570 incipient
2809 1501 2977 1569 gloria
3007 1501 3116 1554 Deo
3137 1485 3321 1554 sancto
3349 1503 3435 1568 qui
3475 1503 3660 1555 omnia

2082 1589 2238 1643 nobis
2261 1590 2515 1659 subjecit,
2557 1604 2652 1661 per
2676 1589 2933 1660 Spiritum
2980 1592 3210 1662 cogitatu
3245 1607 3343 1646 nos
3377 1595 3662 1666 praehonof

2082 1681 2219 1732 ravit
2235 1694 2250 1732 :
2269 1681 2350 1734 cui
2376 1689 2455 1734 est
2476 1683 2912 1753 pernnigenitum
2935 1687 3086 1736 suum
3111 1680 3301 1736 Filium
3316 1667 3440 1736 cunt
3457 1663 3660 1752 Spiritu

2081 1779 2286 1834 sancto,
2330 1772 2521 1842 gloria,
2550 1770 2764 1840 honor,
2793 1775 3096 1843 imperium,
3129 1767 3410 1844 majestas,’
3438 1783 3492 1829 et
3514 1791 3658 1829 nunc

407 1857 746 1925 resederant,
781 1859 935 1926 plura
972 1857 1231 1914 habentes
1264 1861 1564 1916 recedimus
1589 1871 1643 1917 et
1678 1863 1836 1918 hodie
1864 1879 1878 1916 :
1905 1866 1978 1919 ita
2011 1850 2051 1903 Β
2080 1873 2134 1919 et
2165 1879 2395 1932 semper,
2426 1875 2479 1921 et
2506 1881 2598 1936 per
2624 1869 2804 1922 omnia
2838 1868 3029 1922 sarcula
3077 1863 3414 1923 saeculorum.
3463 1872 3661 1930 Amen.

1334 2086 1801 2099 ’.Ψ-ειη*
1822 2091 1854 2100 ⁵

1371 2253 1930 2402 EUSEBII
2023 2257 2706 2370 PAMPHILI

937 2489 1085 2581 DE
1160 2487 1772 2608 SPIRITALI
1855 2487 2471 2614 COGITATU
2545 2493 3126 2608 HOMINIS,

1728 2682 1962 2743 LIBER
2003 2681 2360 2745 TERTIUS.

1986 2883 2055 2894 .—

479 3030 596 3101 lpse
619 3026 966 3097 semetipsum
991 3023 1255 3095 cogitatus
1283 3023 1480 3092 reiicit,
1502 3025 1614 3094 ipse
1637 3026 1982 3094 semetipsum
2011 3030 2054 3087 C
2088 3027 2262 3083 obluit
2293 3027 2702 3088 festinantibus.
2745 3031 3080 3104 Frequenter
3111 3038 3255 3092 enim
3297 3039 3660 3108 tranquillitas

405 3123 616 3196 pascit,
643 3122 759 3190 ipse
786 3116 1131 3186 semetipsum
1168 3115 1449 3182 iortillcat,
1496 3116 1608 3185 ipse
1640 3116 1988 3184 semetipsum

403 3214 732 3270 considerat.
749 3209 867 3280 Ipse
883 3209 1026 3265 enim
1054 3209 1120 3263 ad
1137 3209 1479 3276 semetipsum
1499 3223 1557 3261 se
1573 3208 1797 3276 colligit,
1821 3217 1877 3262 et
1905 3222 1990 3264 se-

406 3305 692 3374 metipsum
743 3303 1012 3363 intuetur,
1045 3309 1098 3354 et
1148 3309 1390 3354 arctatur
1425 3299 1480 3353 in
1523 3298 1658 3354 suis.
1690 3297 1805 3352 Non
1843 3298 1986 3353 enim

407 3398 550 3453 sicut
587 3395 776 3451 oculos
825 3393 927 3446 alia
971 3391 1184 3460 quidem
1223 3391 1386 3456 videt,
1425 3390 1775 3460 semetipsum
1808 3399 1985 3444 autem

407 3488 605 3544 intueri
628 3502 731 3542 non
756 3495 970 3557 potest;
1001 3485 1124 3554 quia
1157 3499 1256 3540 nec
1273 3499 1384 3539 suae
1415 3495 1624 3540 naturae
1648 3491 1731 3538 est
1756 3494 1887 3538 utse
1911 3499 1988 3538 reo

406 3580 623 3652 spiciat.
647 3578 762 3642 Non
793 3579 863 3632 ita
897 3587 949 3632 et
979 3578 1264 3648 cogitatus.
1293 3577 1473 3646 Neque
1505 3578 1651 3631 enim
1700 3578 1842 3632 sicut
1872 3577 1987 3632 vui-

407 3675 494 3726 tus
531 3671 584 3726 in
621 3671 872 3739 speculo.
905 3671 956 3724 in
993 3671 1098 3725 alio
1155 3670 1372 3739 quidem
1415 3670 1658 3735 videtur,
1690 3671 1756 3724 ad
1792 3679 1988 3724 semet-

406 3767 581 3835 ipsum
617 3773 794 3819 autem
828 3765 1068 3820 converti
1109 3780 1212 3818 non
1257 3773 1450 3833 potest.
1493 3764 1608 3834 Non
1643 3765 1714 3818 ita
1756 3774 1811 3819 et
1838 3765 1986 3834 cogi-

406 3858 551 3912 tatus
583 3856 840 3923 habetur;
880 3857 972 3910 sed
999 3856 1345 3925 semetipsum
1385 3855 1551 3920 videt,
1577 3866 1630 3911 et
1663 3857 1777 3923 ipse
1803 3857 1867 3909 ad
1899 3871 1984 3910 se-

405 3949 692 4017 metipsum
719 3949 1055 4003 convertitur
1077 3958 1130 4002 et
1167 3955 1226 4001 se
1262 3948 1521 4012 intuetur,
1549 3957 1602 4002 et
1643 3949 1747 4002 alia
1795 3948 1979 4001 multa.

405 4036 474 4093 Et
497 4051 618 4094 non'
649 4039 790 4094 sicut
821 4053 920 4093 vox
959 4039 1166 4093 levibus
1205 4039 1525 4107 quibusdam
1549 4037 1663 4108 (46)
1706 4037 1984 4093 offendens

408 4139 645 4190 resonat.
674 4132 746 4185 ita
783 4139 839 4186 et
867 4130 1134 4200 cogitatus
1182 4132 1247 4184 ad
1282 4133 1629 4197 semetipsum
1679 4141 1896 4185 resonat
1925 4142 1982 4185 ιιι

405 4225 562 4280 echo.
600 4225 717 4280 Vox
743 4226 887 4278 enim
916 4224 1197 4279 oil‘emlens
1225 4225 1443 4279 aliunde
1485 4225 1792 4295 respondet.
1820 4225 1979 4294 Cogi-

409 4327 553 4372 tatus
581 4329 758 4372 autem
796 4317 912 4387 ipse
963 4318 1309 4386 semetipsum
1362 4326 1658 4382 scrutantur,
1685 4324 1738 4370 et
1774 4317 1884 4383 ipse
1914 4316 1978 4368 ad

407 4407 755 4476 semetipSntn
794 4411 1048 4474 tanquam
1083 4415 1375 4472 penetrans
1427 4407 1682 4468 recurrit,
1714 4415 1771 4460 et
1802 4405 1980 4459 revol-

404 4502 549 4556 vitur
576 4501 630 4554 in
671 4501 981 4569 semetipso.
1015 4498 1294 4553 Diversum
1321 4509 1500 4554 autem
1541 4498 1643 4551 scit
1674 4513 1687 4548 :
1726 4511 1867 4550 nunc
1893 4505 1985 4549 aut

407 4593 702 4660 desurgnnt
755 4593 1038 4656 libidines,
1077 4601 1124 4646 et
1175 4592 1383 4660 spirant
1439 4591 1910 4661 concupiscentia},
1931 4599 1986 4645 et

406 4683 676 4750 pelluntur
719 4696 917 4744 metus.
949 4695 1002 4737 et
1033 4700 1135 4738 non
1187 4685 1424 4739 salvator
1458 4687 1599 4754 quod
1631 4685 1792 4753 sapit.
1831 4683 1985 4738 lntlr-

406 4791 585 4834 matur
611 4780 754 4834 enim
774 4789 828 4835 et
861 4779 1189 4834 fortissimus
1217 4778 1503 4846 cogitatus.
1528 4776 1662 4831 Cum
1691 4784 1867 4829 autem
1887 4791 1986 4844 pu-

405 4875 584 4930 dicitia
619 4874 780 4929 fuerit
827 4873 1072 4943 ingressa
1103 4883 1194 4928 aut
1217 4875 1475 4936 excitata,
1506 4874 1687 4927 statim
1731 4871 1985 4940 concupi-

402 4968 624 5021 scentiae
656 4977 712 5022 et
738 4967 1008 5030 libidines,
1059 4976 1115 5021 ut
1142 4968 1351 5023 ancillae
1384 4983 1503 5036 quae
1529 4976 1656 5020 ante
1691 4966 1982 5019 surrectio’-

403 5070 529 5113 nent
552 5061 782 5115 dominae
815 5062 1162 5114 turbaverant
1193 5061 1431 5122 domum,
1453 5075 1574 5112 mox
1599 5071 1654 5112 ut
1690 5059 1798 5112 visa
1825 5059 1984 5111 fuerit

405 5152 644 5216 domina,
683 5155 785 5208 alia
835 5154 961 5209 alibi
1011 5153 1399 5219 absconditur,
1432 5154 1536 5207 alia
1583 5153 1705 5206 alibi
1746 5151 1898 5221 fugit,
1931 5165 1986 5205 et

409 5245 730 5312 negantjam
761 5247 1049 5313 motiones,
1078 5257 1134 5303 et
1165 5249 1424 5316 colligunt
1454 5230 1720 5312 luxurias,
1749 5262 1803 5304 et
1826 5263 1983 5302 revo-

405 5345 534 5390 cant
576 5348 788 5403 ventos,
813 5347 868 5393 et
917 5342 1207 5408 quiescunt
1237 5340 1431 5396 tinctus
1452 5383 1466 5405 ,
1492 5352 1546 5397 et
1589 5340 1818 5397 cilicitur
1839 5353 1985 5394 tran-

405 5426 649 5494 quillum.
681 5429 795 5485 Hoc
822 5432 965 5487 enim
995 5443 1080 5488 est
1099 5435 1352 5502 pudicitia
1387 5436 1439 5489 in
1475 5436 1676 5489 anima.
1708 5435 1846 5501 Quid
1880 5434 1984 5488 tale

403 5523 608 5586 praebet
637 5525 1002 5594 tranquillitas
1031 5525 1082 5582 in
1121 5530 1255 5584 mari
1301 5529 1324 5583 2
1356 5545 1476 5599 quae
1517 5543 1899 5600 nonnunquam
1931 5535 1984 5583 et

628 5699 927 5773 Augustart’.
970 5702 1152 5761 Forte.
1183 5708 1495 5773 angttsiinri.

496 5765 614 5840 (ιιι)
654 5765 750 5856 Ms.
786 5774 1097 5853 t'oa'lembus
1119 5765 1448 5844 quihusdam.

2092 3133 2146 3178 et
2171 3136 2502 3195 opportunos
2529 3139 2718 3186 ventos
2749 3140 3129 3202 exspectantes
3157 3123 3427 3191 fraudavit
3453 3147 3503 3192 et
3525 3153 3664 3194 non-

2092 3233 2374 3289 nunquam
2401 3232 2457 3276 et
2484 3223 2570 3276 siti
2619 3224 2890 3280 interemit
2917 3227 3174 3293 graviori,
3201 3239 3386 3297 utpote
3420 3229 3447 3284 a
3485 3239 3666 3285 tenta-

2092 3313 2330 3370 tionibus
2385 3325 2564 3371 motae.
2620 3317 2724 3371 Sed
2783 3333 2886 3373 non
2944 3320 3066 3374 talis
3119 3321 3389 3388 pudicitia:
3433 3323 3669 3378 habetur

2091 3407 2476 3476 tranquillitas,
2506 3411 2598 3464 sed
2620 3426 2738 3479 quae
2769 3413 3100 3480 compescuit
3133 3422 3342 3477 ventos,
3376 3421 3428 3467 et
3455 3415 3668 3468 confre-

2089 3499 2165 3568 git
2207 3499 2421 3566 ﬂuctus,
2462 3511 2515 3556 et
2567 3503 2753 3556 statim
2801 3503 3028 3558 adduxit
3063 3504 3128 3557 ad
3164 3514 3403 3573 portum,
3435 3514 3489 3559 et
3538 3521 3666 3560 mox

2087 3595 2262 3647 erexit
2289 3609 2356 3648 ex
2400 3595 2654 3664 pudicitia
2706 3595 2935 3650 fructus.
2981 3596 3285 3663 Cogitatum
3320 3597 3536 3667 quippe,
3572 3597 3667 3667 qui

2088 3683 2261 3752 sapiat
2305 3685 2497 3739 animae
2551 3685 2886 3756 dignitatem,
2947 3687 3296 3743 sanctimonii
3362 3689 3667 3754 honorem,

2084 3776 2376 3846 puritatem
2410 3778 2732 3838 honestatis.
2753 3787 2880 3833 tunc
2903 3779 3047 3832 videt
3082 3777 3269 3832 oculus
3304 3780 3516 3840 animae,
3537 3779 3665 3848 quia

2086 3869 2328 3923 excussit
2358 3868 2424 3920 ab
2453 3881 2518 3922 eo
2565 3867 3142 3937 pudicitia‘puiverem
3197 3867 3664 3935 concupiscentia-

2086 3974 2236 4022 rnm,
2293 3958 2645 4028 procellarum
2671 3956 2986 4013 libidinem.
3027 3957 3082 4011 Si
3121 3958 3241 4026 quis
3273 3966 3528 4026 expertus
3579 3965 3666 4010 est

2085 4058 2430 4118 tempestates
2452 4048 3302 4118 concupiscentiarttm,expertus
3330 4056 3412 4100 est
3433 4053 3487 4098 et
3517 4056 3668 4098 trano

2084 4142 2306 4209 quillnm
2348 4141 2664 4211 pudicitiae;
2711 4155 2777 4194 ex
2825 4139 2908 4194 his
2951 4153 3069 4207 quae
3102 4132 3307 4205 passus
3346 4129 3426 4189 est
3451 4175 3465 4198 ,
3502 4144 3557 4188 et
3598 4149 3668 4187 ex

2087 4231 2170 4281 his
2201 4229 2458 4295 aquibus
2500 4229 2739 4282 salvatus
2783 4226 3176 4297 est,'agnoscit
3219 4241 3338 4293 quae
3389 4224 3666 4276 dicuntur.

2087 4322 2364 4391 Cogitatns
2393 4319 2537 4374 enim
2563 4319 3128 4388 concupiscentiarnm
3154 4315 3453 4374 dormiunt,
3478 4314 3670 4368 motio.

2093 4431 2208 4478 nes,
2243 4412 2454 4476 ﬂuctus,
2486 4412 2867 4474 immissiones,
2915 4405 3135 4464 turbelae
3162 4405 3293 4480 (47).
3319 4403 3502 4477 Neque
3549 4405 3668 4459 dor-

2093 4507 2384 4560 mientibus
2406 4504 2932 4574 dormirepermittit.
2947 4499 3325 4557 Acceuduntur
3341 4501 3482 4554 enim
3502 4507 3553 4552 et
3573 4512 3669 4564 per

2093 4599 2436 4661 ambitiones,
2467 4607 2519 4651 et
2541 4596 2782 4666 jacentes
2806 4596 3145 4664 perturbant.
3167 4604 3220 4645 et
3247 4609 3368 4646 cum
3401 4589 3666 4644 dormieno

2093 4692 2234 4746 tibus
2257 4705 2360 4743 non
2389 4688 2686 4752 dormiunt,
2714 4687 2808 4742 sed
2835 4701 3047 4755 semper
3069 4693 3196 4737 sunt
3227 4684 3500 4752 inquietae.
3529 4681 3666 4735 Cum

2091 4793 2271 4837 autem
2305 4779 2565 4851 pudicitia
2604 4777 2766 4832 fuerit
2807 4776 3176 4846 subingressa,
3209 4790 3326 4828 cum
3373 4773 3462 4826 illa
3513 4771 3667 4826 habi-

2091 4878 2286 4932 taverit
2319 4884 2376 4929 ut
2429 4873 2644 4930 domina
2667 4913 2684 4937 ,
2714 4888 2834 4927 cum
2882 4871 3130 4926 detinens
3164 4867 3343 4931 fuerit,
3377 4865 3499 4920 cum
3553 4863 3670 4918 suis

2093 4967 2410 5024 retinaculis
2444 4965 2701 5020 tntaverit
2729 4965 2985 5024 domum;
3021 4971 3149 5015 tunc
3195 4960 3336 5014 sicut
3365 4956 3667 5026 praedomiti

2089 5063 2241 5132 equi,
2267 5068 2320 5114 et
2345 5058 2411 5112 ad
2439 5057 2703 5127 praesepia
2733 5054 2900 5126 quieti
2931 5064 3075 5118 sunt,
3107 5061 3160 5106 et
3187 5049 3239 5104 iti
3273 5049 3556 5103 itineribus
3579 5061 3668 5099 re-

2091 5131 2238 5211 ctum
2259 5141 2577 5223 agnoscunt
2622 5151 2747 5215 iter,
2781 5147 3004 5202 nutibus
3043 5152 3228 5215 utpote
3257 5131 3544 5212 digitorum
3573 5140 3672 5192 ad-

2091 5247 2235 5303 ducti
2273 5264 2287 5298 :
2319 5246 2395 5300 ita
2427 5258 2548 5298 cum
2598 5241 2764 5296 semel
2793 5250 2954 5295 tenax
2986 5237 3150 5292 fuerit
3181 5234 3468 5305 pudicitia,
3491 5243 3545 5286 et
3573 5229 3670 5285 do-

2095 5341 2294 5397 ntuerit
2347 5337 2851 5405 concupiscentias,
2905 5343 2959 5388 et
3005 5327 3329 5400 mitigaverit
3382 5326 3668 5387 libidines,

2078 5415 2485 5489 ‘manducamus
2525 5433 2771 5495 honeste,
2793 5439 2847 5482 et
2882 5427 3115 5480 bibimus
3144 5429 3450 5475 mensurate
3477 5437 3488 5471 :
3517 5409 3668 5501 mett-

2093 5538 2246 5583 surat
2275 5527 2418 5582 enim
2457 5540 2579 5595 quae
2613 5525 2763 5579 adest
2794 5505 3075 5590 pudicitia.
3101 5516 3341 5584 Denique
3370 5509 3423 5566 e't
3446 5511 3672 5564 honesto

2162 5707 2276 5779 (Π)
2313 5703 2413 5762 Ms.
2446 5703 2983 5779 concupiscentiam":
3028 5706 3297 5763 motiones,
3327 5699 3542 5768 ﬂuctus,
3569 5690 3665 5748 iiii-

2083 5773 2377 5840 missiones,
2410 5779 2659 5830 turbelas.
2690 5773 2884 5843 Neque.
