4134 6434
414 366 551 438 m3

1374 378 1462 431 DE
1507 376 1897 434 SPllilTUALl
1940 376 2292 435 COGITATU
2336 379 2634 434 llOillNlS.

3517 379 3650 431 1146

406 499 721 554 dormimus.
748 503 800 549 et
826 495 989 550 sobrii
1014 493 1335 560 excitamur,
1355 508 1407 550 et
1439 498 1684 550 videmus
1730 498 1963 564 pulchri-
2004 518 2048 572 Α
2079 500 2220 551 enim
2281 498 2453 549 adhuc
2485 496 2855 549 adulescentes
2890 504 3045 557 sunt,
3096 503 3148 547 et
3203 494 3427 548 uccdmn
3485 509 3648 560 opera

405 589 645 642 tudinem
670 587 865 651 vultus,
899 599 953 641 et
993 584 1463 654 pulchritudinem,
1498 598 1550 643 et
1581 603 1683 640 non
1713 599 1767 640 ut
1803 587 1971 641 clien-

403 682 630 734 sionem.
669 680 841 734 Aures
876 695 1091 749 quoque
1126 689 1338 734 nostras
1387 696 1489 734 non
1535 680 1771 748 perforat
1804 680 1972 734 melo-

402 772 509 824 dia.
534 771 647 825 Scit
671 772 812 824 enim
842 772 1095 840 pudicitia
1118 781 1171 825 et
1202 771 1411 825 solvere
1438 788 1616 826 ceram
1650 768 1968 835 in'auribus,

401 874 577 930 neque
613 870 806 916 noceat
844 861 1113 914 audientia
1154 860 1286 931 (48).
1320 859 1511 915 Nostra
1555 862 1697 913 enim
1733 860 1969 914 membra

400 961 749 1019 operamenta
780 954 1049 1021 pudicitiae
1080 954 1235 1008 limit.
1273 952 1472 1007 Oculus
1495 953 1637 1006 videt
1666 953 1857 1029 bonam
1895 953 1971 1004 la-

399 1046 559 1111 ciem,
585 1055 640 1099 et
670 1044 1109 1100 cumhonestate
1131 1062 1247 1099 eam
1284 1048 1545 1099 intuetur.
1577 1044 1690 1100 Non
1727 1028 1971 1097 mavetur

398 1138 465 1191 ad
510 1128 1035 1207 concupiscentiam,
1070 1140 1162 1193 sed
1208 1139 1353 1191 videt
1398 1138 1451 1191 in
1500 1138 1633 1191 facie
1673 1137 1972 1206 pulchritu-

398 1226 602 1291 dinem,
638 1238 691 1282 et
718 1230 920 1298 cogitat
953 1228 1129 1297 qualis
1170 1230 1237 1283 sit
1285 1230 1629 1299 pulchritudo
1658 1229 1709 1280 in
1755 1228 1966 1290 anima;

398 1328 452 1371 et
491 1334 610 1387 qua:
641 1335 669 1371 a
706 1318 834 1373 loris
866 1328 991 1373 sunt
1024 1319 1161 1374 bona
1194 1320 1257 1372 ad
1286 1322 1632 1387 semetipsum
1675 1320 1967 1384 adducens,

398 1419 454 1460 ct
503 1425 531 1461 a
570 1410 723 1463 bonis
772 1412 905 1464 bona
944 1412 1215 1480 decerpit.
1265 1420 1318 1464 ct
1369 1428 1472 1464 nun
1515 1413 1564 1463 in
1615 1411 1768 1463 malis
1806 1408 1970 1463 offen-

399 1499 495 1552 dit.
529 1497 687 1554 Sicut
715 1517 937 1570 corpora
978 1502 1262 1555 incolumia
1300 1503 1366 1555 ab
1392 1502 1639 1554 omnibus
1688 1500 1966 1553 utilitatem

399 1592 692 1658 accipiunt,
719 1604 772 1646 et
799 1610 825 1644 a
859 1604 1029 1653 motu.
1060 1603 1113 1645 et
1164 1594 1231 1645 ab
1276 1588 1624 1657 exercitio,et
1649 1608 1676 1645 a
1699 1607 1881 1651 cursu,
1914 1601 1968 1645 et

398 1681 466 1749 ab
502 1683 772 1741 unctione.
806 1690 859 1736 et
905 1699 932 1734 a
963 1697 1150 1734 somno
1172 1722 1185 1743 ,
1223 1694 1277 1734 et
1300 1684 1366 1735 ab
1404 1698 1548 1745 esca,
1580 1694 1631 1736 et
1658 1697 1684 1733 a
1714 1694 1838 1751 potu
1860 1698 1871 1732 :
1897 1682 1965 1734 ita

396 1782 641 1835 econtra,
667 1788 785 1840 qua:
830 1786 1091 1842 aegrotant
1122 1774 1187 1826 al)
1226 1776 1477 1828 omnibus
1528 1786 1807 1828 uocentur.
1847 1775 1962 1827 Vini

2080 589 2201 642 belli
2228 589 2549 653 didicerunt,
2566 603 2660 640 nec
2681 587 2745 638 ad
2769 588 2948 654 pra-lia
2968 595 3245 645 vocantur.
3270 600 3648 653 nonnunquam

2077 680 2344 750 pudicitia:
2379 679 2479 731 sibi
2511 678 2813 746 imposuere
2849 692 3102 729 coronas:
3129 676 3222 729 sed
3250 687 3303 729 et
3330 677 3398 728 ob
3424 675 3650 728 inlirml-

2077 781 2237 825 tatem
2280 770 2521 839 plurimis
2550 769 2728 837 quiete
2766 769 2981 822 donatis
3004 768 3258 836 pudicitia
3295 766 3469 820 adlmc
3503 766 3650 819 utilis

2078 866 2363 919 invenitur.
2389 861 2520 915 Nam
2549 863 2648 915 etsi
2682 862 2831 915 senio
2866 862 3207 930 deponuntur
3244 860 3515 921 libidines.
3552 862 3647 913 sed

2076 959 2252 1011 adhuc
2310 972 2481 1022 usque
2519 956 2785 1007 motiones
2836 952 3433 1029 concupiscentiarum,
3473 951 3649 1005 intus-

2076 1066 2179 1119 que
2206 1059 2257 1102 et
2291 1049 2675 1103 fornicationes
2698 1032 2978 1115 aegrotant
3004 1054 3060 1098 et
3089 1042 3492 1113 occidunt(51),
3528 1060 3647 1111 quae

2077 1141 2358 1194 libidinem
2392 1141 2671 1192 continere
2717 1155 2820 1189 non
2865 1146 3122 1206 possunt.
3168 1147 3221 1188 et
3274 1146 3452 1202 patres
3482 1136 3647 1188 deho-

2074 1243 2288 1285 nestant
2314 1274 2327 1297 ,
2357 1248 2475 1299 qua:
2513 1230 2835 1283 monitiones
2859 1229 3125 1297 pudicitia:
3155 1242 3255 1281 non
3296 1228 3523 1279 libenter
3558 1242 3646 1279 ac-

2073 1323 2295 1390 cipiunt.
2339 1322 2394 1375 Si
2424 1322 2567 1375 enim
2601 1320 2813 1372 adesset
2844 1319 3101 1387 pudicitia
3124 1359 3136 1380 ,
3176 1331 3347 1384 neque
3378 1316 3647 1369 iuraretur

2070 1415 2190 1483 quis
2216 1455 2230 1477 ,
2259 1429 2356 1479 neq
2370 1427 2437 1465 ue
2460 1411 2727 1466 occideret
2772 1411 2964 1479 aliquis
2986 1450 3001 1473 ,
3035 1417 3241 1461 amaret
3273 1418 3449 1460 autem
3473 1417 3527 1458 et
3548 1421 3645 1475 pa-

2073 1504 2173 1556 tris
2202 1503 2397 1555 monita
2427 1501 2585 1555 tilius.
2622 1501 2809 1553 Divina
2851 1498 3120 1568 possessio
3149 1496 3249 1551 ista
3271 1538 3287 1560 ,
3314 1496 3407 1550 sed
3432 1493 3646 1548 dilIicile

2070 1596 2368 1649 invenitur.
2403 1594 2505 1659 Qui
2542 1603 2721 1645 autem
2749 1591 2859 1658 jam
2905 1592 3102 1647 habent
3149 1588 3323 1649 illam,
3356 1602 3474 1657 qua:
3524 1595 3649 1655 post

2073 1686 2517 1740 resurrectionem
2551 1685 2729 1738 futura
2776 1695 2857 1736 est
2894 1682 3277 1737 conversatio?
3328 1678 3468 1734 Dicit
3500 1679 3645 1734 enim

2075 1781 2241 1848 ipsius
2276 1780 2419 1847 regni
2459 1780 2716 1832 Dominus
2752 1788 2805 1829 et
2842 1786 3196 1845 apportator:
3236 1776 3540 1845 Quicunque
3566 1789 3649 1825 re-

397 1863 539 1915 cnim
571 1864 732 1914 etiam
780 1863 999 1916 odorem
1034 1872 1297 1917 excusant
1327 1873 1381 1917 et
1424 1864 1675 1927 unguenti
1701 1865 1963 1927 nidorem,
2000 1867 2038 1919 Β
2073 1875 2413 1926 εαννεεεὶοηὶε
2456 1880 2779 1924 mortuorum
2821 1870 2963 1938 digni
2995 1870 3221 1937 fuerint,
3262 1884 3367 1920 non
3407 1867 3645 1929 nubunt,

394 1962 449 2005 et
493 1954 704 2008 itineris
759 1962 982 2016 motum.
1013 1962 1066 2008 et
1112 1969 1316 2019 escam,
1346 1962 1400 2008 et
1434 1954 1740 2024 lridgorem,
1764 1963 1816 2008 et
1837 1953 1973 2008 calo-

396 2059 535 2099 rem.
563 2044 752 2100 Omnia
784 2046 926 2100 enim
974 2044 1053 2099 eis
1092 2054 1285 2100 nocent
1345 2046 1435 2114 qui
1492 2046 1630 2099 male
1657 2060 1715 2098 se
1752 2044 1968 2100 habent.

395 2138 586 2195 Omnia
616 2147 792 2192 autem
812 2145 1035 2206 prosunt
1050 2138 1132 2192 his
1146 2138 1237 2207 qui
1270 2138 1567 2192 incolumes
1586 2138 1872 2191 habentur.
1897 2136 1971 2191 Ita

392 2241 449 2285 et
496 2230 832 2285 libidinosum
866 2231 1047 2285 omnia
1088 2240 1306 2285 movent
1342 2231 1407 2284 ad
1435 2246 1655 2292 noxam,
1691 2239 1745 2285 et
1774 2230 1968 2297 vultus,

393 2333 450 2376 'et
480 2322 843 2390 pulchritudo,
877 2333 932 2377 et
979 2323 1303 2390 compositio
1359 2323 1623 2387 melodiae,
1662 2332 1716 2378 et
1738 2324 1969 2377 vestium

398 2418 651 2482 ‘varietas,
679 2425 734 2471 et
780 2416 953 2470 honor
977 2416 1293 2484 quidam,et
1333 2414 1469 2469 bona
1505 2430 1666 2484 opera
1710 2415 1775 2468 ad
1832 2415 1969 2469 mala

400 2508 794 2563 transferuntur
816 2509 885 2562 ei.
908 2508 1008 2574 Qui
1045 2517 1221 2561 autem
1257 2508 1466 2562 sobrius
1491 2516 1593 2571 est,
1618 2523 1679 2562 ex
1712 2508 1965 2573 adverso;

396 2600 520 2671 quia
552 2610 607 2656 et
657 2602 927 2654 contraria
971 2601 1042 2654 illi
1076 2610 1220 2665 sunt,
1248 2615 1277 2653 a
1326 2601 1479 2655 boois
1519 2602 1661 2654 enim
1710 2601 1845 2655 bona
1878 2600 1970 2653 de-

398 2707 643 2762 cerpens.
668 2693 899 2748 dives-iu
926 2693 1077 2747 bonis
1106 2704 1206 2747 est.
1240 2692 1315 2747 lla
1345 2708 1473 2763 ergo
1500 2693 1733 2762 pretiosa
1760 2702 1844 2747 est
1873 2708 1969 2761 pu-

400 2785 605 2849 dicitia,
627 2786 773 2855 quia,
794 2788 919 2840 dum
951 2786 1121 2848 adest,
1150 2795 1202 2840 et
1220 2786 1444 2855 iustitia:
1471 2795 1738 2855 praeparat
1766 2785 1965 2851 locum,

399 2875 492 2930 dat
519 2876 679 2931 etiam
697 2879 924 2944 spatium
956 2888 1009 2930 et
1035 2878 1252 2932 virtuti:
1278 2879 1609 2933 intellectum
1627 2888 1803 2948 autem
1829 2878 1965 2948 (49),

400 2976 460 3020 ut
507 2968 887 3037 interpretetur
912 2985 1129 3037 nomen,
1165 2970 1355 3025 salvat.
1384 2971 1522 3041 Ergo
1548 2973 1891 3042 amplectitur
1917 2982 1970 3028 et

396 3060 696 3115 circumdat
724 3064 1078 3128 virtutem,et
1103 3066 1245 3119 sicut
1276 3074 1445 3119 mater
1481 3068 1723 3136 quwdam
1756 3068 1971 3137 pietatis

2075 1982 2234 2033 neque
2272 1966 2557 2029 nubentur,
2587 1964 2675 2017 sed
2698 1974 2752 2015 ut
2787 1962 2960 2031 angeli
2996 1970 3146 2015 erunt
3178 1959 3271 2013 Dei
3301 1959 3367 2024 “,
3394 1959 3519 2027 quia
3546 1971 3648 2011 nee

2075 2059 2215 2111 mori
2239 2058 2349 2127 jam
2378 2066 2621 2125 possunt.
2651 2056 2694 2112 0
2726 2057 3104 2111 immortalitas
3134 2051 3644 2125 pudicitiaejunctai

2074 2148 2175 2215 Qui
2208 2149 2260 2202 iu
2295 2150 2445 2203 bellis
2482 2148 2825 2201 vincuntnon
2861 2147 3166 2202 eﬂiciuntur
3203 2158 3259 2199 ut
3302 2146 3480 2214 angeli
3504 2188 3517 2210 ,
3551 2142 3646 2198 sed

2072 2239 2162 2306 qui
2194 2252 2365 2305 neque
2394 2237 2599 2292 nubunt
2644 2252 2817 2305 neque
2839 2238 3129 2291 nubentur.
3151 2236 3260 2289 lloc
3280 2235 3539 2304 judicium
3563 2241 3649 2288 est

2082 2326 2197 2394 ejus
2226 2329 2316 2396 qui
2371 2328 2498 2381 fecit
2552 2338 2821 2383 naturam.
2867 2327 2998 2381 Nam
3041 2336 3093 2380 et
3122 2328 3247 2382 alibi
3283 2329 3345 2380 ad
3394 2335 3644 2380 ornatum

2074 2416 2241 2485 ipsius
2276 2416 2549 2485 pudicilize
2578 2416 2787 2471 locutus
2811 2428 2895 2472 est
2930 2418 3184 2472 Dominus
3215 2434 3229 2469 :
3270 2417 3389 2470 Non
3428 2432 3643 2481 eomes,

2076 2507 2284 2575 inquit,
2322 2518 2441 2561 sunt
2470 2508 2652 2578 digni,
2694 2512 2783 2561 sed
2832 2507 3019 2578 quibus
3071 2514 3252 2560 datum
3287 2517 3358 2560 est
3388 2507 3455 2563 ⁸⁸.
3492 2506 3642 2573 Quod

2072 2600 2217 2671 enim
2254 2601 2413 2653 homo
2434 2615 2495 2653 ex
2524 2609 2716 2653 natura
2746 2615 2848 2653 non
2883 2600 3105 2665 habuit,
3148 2600 3247 2653 hoc
3293 2599 3364 2652 sit
3416 2598 3644 2665 desuper

2076 2693 2274 2747 donum
2314 2709 2328 2746 :
2362 2692 2455 2746 sed
2488 2691 2619 2746 mihi
2650 2692 2866 2761 quidem
2901 2691 3154 2761 pudicitia
3196 2692 3296 2744 ista
3336 2704 3490 2744 suam
3526 2686 3644 2756 pulo

2072 2785 2432 2851 chritudinem
2461 2784 2737 2851 ostendat,
2800 2792 2853 2837 et
2906 2784 3105 2837 sensim
3145 2783 3431 2845 trahat,et
3482 2778 3645 2833 relin-

2072 2890 2268 2951 quatur
2300 2896 2407 2935 non
2430 2879 2651 2944 cedens,
2687 2893 2860 2947 neque
2884 2878 3083 2948 repleta
3113 2886 3168 2932 et
3196 2884 3346 2945 capta
3380 2874 3509 2929 :sed
3539 2872 3645 2927 sic-

2072 2988 2131 3034 ut
2183 2979 2301 3032 avis
2364 2977 2607 3047 quaedam
2668 2975 2962 3037 adornata,
3019 2982 3399 3037 nonnunquam
3462 2964 3645 3019 ludere

2072 3070 2392 3124 desiderans
2422 3068 2622 3122 sensim
2674 3066 2916 3130 recedit,
2943 3073 2997 3119 et
3044 3064 3096 3117 in
3142 3078 3206 3118 eo
3232 3061 3359 3117 dum
3393 3058 3603 3112 videtur
3623 3094 3641 3121 ,

399 3151 628 3207 ellicitm-
682 3156 962 3210 fratribus.
1006 3156 1153 3211 Bona
1196 3156 1410 3226 quidem
1458 3168 1541 3213 est
1580 3159 1792 3233 virtutis
1822 3158 1970 3214 forti-
1993 3199 2037 3258 α
2073 3171 2251 3217 movet
2276 3161 2643 3226 desiderium;
2674 3159 2873 3213 sensim
2906 3168 3085 3212 autem
3129 3156 3253 3211 dum
3295 3149 3644 3216 niovetur,il-

401 3245 546 3308 tudo,
582 3246 673 3299 sed
714 3261 819 3299 non
854 3262 1066 3315 semper
1094 3263 1213 3302 eam
1258 3251 1617 3305 necessariam
1665 3252 1967 3315 habemus;

398 3331 538 3390 forte
560 3342 738 3388 autem
776 3336 984 3390 audebo
1004 3347 1059 3390 et
1084 3338 1265 3392 dicere
1295 3357 1306 3391 :
1337 3339 1550 3394 Utinam
1578 3357 1683 3394 non
1721 3346 1967 3404 eam.sed

397 3439 553 3493 opus.
584 3424 639 3479 Si
675 3426 796 3494 quis
832 3426 974 3480 enim
1005 3443 1124 3481 eam
1157 3431 1447 3498 acceperit,
1482 3440 1687 3485 tantum
1734 3432 1785 3487 in
1812 3434 1968 3488 bellis

397 3521 481 3567 est
509 3514 672 3568 utilis.
703 3512 760 3567 Si
785 3524 962 3568 autem
989 3524 1043 3568 et
1077 3516 1129 3569 in
1163 3530 1293 3584 pace
1316 3520 1621 3572 necessaria
1654 3530 1738 3575 est
1774 3521 1966 3586 virtus,

400 3604 536 3658 forte
556 3615 612 3657 ut
635 3604 901 3661 cocﬂiciat
932 3606 1202 3675 pudicitiae
1228 3624 1240 3661 :
1268 3606 1406 3663 forte
1432 3611 1572 3663 enim
1600 3625 1721 3665 cum
1746 3610 1969 3680 jurgan-

399 3706 486 3752 tnr
540 3700 1009 3770 concupiscentia,
1045 3711 1099 3755 et
1150 3703 1360 3758 illarum
1409 3703 1603 3761 fluctus
1652 3707 1965 3775 eriguntur,

398 3803 533 3855 opus
554 3802 635 3845 est
673 3802 731 3844 ut
755 3792 983 3848 viriliter
1015 3797 1235 3851 resistat
1269 3796 1546 3864 pudicitia.
1586 3797 1642 3851 Si
1674 3798 1839 3868 igitur
1869 3802 1966 3852 ad~

397 3881 617 3935 veniens
656 3883 775 3937 istic
803 3883 1040 3952 juverit,
1076 3897 1202 3941 tunc
1244 3889 1348 3940 erit
1382 3890 1612 3957 pretiosa
1640 3900 1697 3943 et
1738 3890 1791 3943 in
1839 3906 1969 3960 pace

402 3970 588 4025 virtus.
621 3971 733 4027 Non
774 3976 969 4045 quippe
994 3977 1336 4045 semetipsum
1363 3978 1660 4044 vindicans,
1694 3980 1787 4034 sed
1814 3982 1967 4050 pudi-

401 4062 540 4116 citia:
575 4066 917 4134 coadjuvaus.
954 4068 1009 4122 Si
1044 4080 1222 4123 autem
1254 4069 1381 4123 etin
1415 4070 1552 4124 bello
1597 4072 1768 4127 virtus
1801 4088 1970 4141 pona-

398 4166 505 4218 tur,
538 4158 875 4210 medietatem
912 4160 1124 4227 generis
1172 4161 1419 4230 despicit.
1450 4160 1704 4218 Mulieres
1735 4164 1876 4217 enim
1902 4164 1967 4218 ad

398 4247 743 4315 pmlimnlmn
794 4265 1065 4305 armemus
1122 4252 1233 4321 (50)
1262 4270 1278 4318 ;
1312 4254 1567 4323 pudicitia
1623 4266 1801 4309 autem
1829 4266 1881 4311 et
1914 4259 1965 4310 in

395 4338 527 4391 viris
573 4343 804 4407 pretiosa
830 4352 933 4408 est,
961 4344 1142 4397 utilior
1167 4352 1344 4397 autem
1386 4353 1441 4399 et
1472 4346 1807 4401 mulieribus.
1859 4348 1968 4401 Cur

395 4439 575 4484 autem
614 4447 719 4485 non
749 4433 978 4500 dicatur,
1017 4436 1156 4504 quod
1185 4452 1369 4491 verum
1393 4446 1495 4502 est,
1519 4440 1643 4506 quia
1678 4449 1731 4494 et
1754 4440 1966 4496 virtutis

2072 3255 2188 3310 licit
2232 3264 2289 3309 ut
2322 3269 2439 3307 eam
2471 3253 2592 3322 quis
2633 3252 2985 3319 insequatur;
3046 3264 3148 3302 non
3188 3247 3400 3316 capitur
3427 3252 3641 3308 autem,

2070 3347 2194 3416 quia
2230 3345 2395 3413 ipsius
2421 3352 2503 3398 est
2535 3352 2593 3397 ut
2619 3339 3156 3412 ell'ugiatzprotendit
3184 3348 3362 3393 autem
3401 3346 3645 3400 cursum,

2068 3448 2124 3493 et
2157 3453 2279 3492 cum
2307 3438 2427 3505 quis
2457 3435 2692 3489 maxime
2725 3432 2992 3504 putaverit
3034 3445 3094 3486 se
3136 3426 3640 3499 comprehendisse.

2071 3538 2249 3582 movet
2281 3542 2508 3593 pennam
2538 3534 2591 3579 et
2618 3524 2763 3579 volat
2790 3543 2802 3577 :
2834 3525 2903 3577 ita
2932 3530 2986 3577 et
3013 3521 3267 3592 pudicitia
3292 3533 3444 3575 suam
3467 3516 3643 3571 varie-

2074 3628 2235 3674 tatem
2272 3620 2323 3674 in
2353 3621 2631 3674 honestate
2654 3617 2967 3687 proferens,
2999 3615 3200 3670 sensim
3233 3620 3412 3667 autem
3443 3625 3501 3665 se
3534 3625 3644 3664 mo-

2072 3728 2199 3767 vens
2224 3722 2276 3767 et
2324 3726 2705 3776 commovens,
2752 3709 2805 3763 in
2838 3717 3040 3762 tantum
3077 3721 3163 3760 me
3200 3704 3363 3758 traxit
3391 3712 3451 3757 ut
3500 3702 3642 3756 inse-

2072 3819 2266 3875 querer
2300 3818 2314 3857 :
2349 3818 2469 3858 cum
2494 3812 2672 3856 autem
2700 3800 2811 3869 jam
2847 3806 3090 3869 putarem
3122 3811 3207 3850 me
3233 3808 3391 3864 posse
3421 3805 3642 3847 manum

2070 3895 2360 3949 extendere
2384 3910 2612 3961 eamque
2650 3888 3107 3960 comprehendere
3130 3930 3147 3955 ,
3173 3899 3390 3941 movens
3437 3894 3642 3952 pennas

2070 3987 2319 4056 superius
2349 4001 2409 4039 se
2435 3984 2574 4039 caelo
2608 3981 2882 4049 coniungit
2901 4020 2915 4046 ,
2951 3980 3019 4034 ad
3044 3977 3261 4049 angelos
3293 3975 3522 4037 scilicet,
3549 3972 3639 4027 ubi

2071 4079 2185 4144 ejus
2219 4085 2405 4129 natura
2438 4085 2521 4130 est
2544 4083 2601 4128 ut
2632 4082 2868 4128 maneat.
2892 4073 2954 4125 lit
2981 4070 3092 4141 ipsa
3119 4070 3333 4138 quidem
3367 4081 3470 4121 non
3492 4079 3643 4120 com-

2073 4168 2336 4237 prehensa
2366 4164 2594 4231 mansit,
2633 4182 2717 4220 me
2754 4176 2932 4218 autem
2983 4162 3201 4231 reliquit
3251 4165 3552 4227 stupentem
3586 4163 3645 4209 et

2069 4260 2466 4315 desiderantem
2496 4257 3063 4329 comprehensionem,
3104 4267 3263 4322 quam
3314 4260 3643 4319 persequens

2072 4371 2176 4406 nun
2216 4351 2570 4421 apprehendi.
2599 4350 2770 4404 Etiam
2815 4350 3031 4418 quidem
3084 4346 3397 4412 colligamus
3436 4352 3642 4395 sermo-

2072 4464 2225 4512 ncm;
2260 4456 2312 4500 et
2335 4446 2458 4513 quia
2490 4444 2743 4511 pudicitia
2772 4441 2934 4494 multa
2968 4452 3229 4508 superans
3257 4444 3308 4488 et
3334 4444 3640 4487 Sermonem

394 4520 564 4589 ipsius
598 4521 805 4579 fructus
831 4534 885 4579 et
924 4526 975 4579 in
1005 4527 1157 4581 bellis
1186 4528 1254 4581 ob
1291 4530 1600 4597 pudicitiam
1633 4534 1969 4587 necessarius
2002 4535 2045 4588 D
2077 4542 2253 4606 ipsum
2280 4538 2369 4601 qui
2404 4538 2471 4590 de
2498 4537 2684 4589 eadem
2726 4546 2805 4589 est
2834 4528 3311 4600 ininterpretabilis
3332 4566 3347 4589 ,
3382 4522 3637 4587 recessit,

394 4611 516 4663 est?
550 4610 672 4664 ideo
698 4615 841 4666 enim
869 4616 1189 4685 suscipimus
1219 4620 1424 4687 praelia,
1445 4630 1503 4673 ut
1533 4637 1635 4675 nun
1674 4623 1965 4679 adversarii

394 4711 736 4769 superantes,
772 4705 1026 4761 mulieres
1078 4718 1234 4761 extra
1290 4710 1461 4780 legem
1526 4714 1800 4782 pudicitia:
1845 4730 1966 4769 cor-

396 4802 667 4861 rumpant.
708 4793 763 4847 Si
794 4795 936 4848 enim
976 4796 1046 4851 ob
1075 4797 1176 4852 hoc
1201 4815 1521 4867 pugnamus,
1548 4812 1600 4855 et
1639 4819 1830 4873 pugnae
1871 4814 1969 4858 ter.

394 4897 544 4939 mres
578 4887 918 4953 suscipimus,
970 4889 1138 4941 virtus
1172 4891 1238 4942 ob
1295 4893 1608 4959 pudicitiam
1636 4904 1691 4948 et
1722 4897 1771 4948 in
1813 4897 1968 4950 bellis

393 4983 649 5029 certatur.
682 4976 832 5031 Sicut
858 4979 1000 5032 enim
1052 4980 1309 5050 naupegia
1346 4997 1437 5036 ars
1467 4986 1831 5050 gubernatrici
1866 4989 1967 5041 mi-

394 5067 610 5127 nistrat.
644 5069 714 5122 ita
742 5081 794 5124 et
826 5072 996 5125 virtus
1024 5072 1293 5139 pudicitia:
1320 5086 1578 5143 praeparat
1605 5079 1965 5149 tranquillita-

397 5165 524 5209 tem.
567 5157 743 5212 Divisa
787 5173 869 5216 est
902 5162 1066 5232 igitur
1110 5164 1281 5217 virtus
1306 5181 1371 5218 ex
1412 5178 1562 5234 parte
1604 5172 1834 5223 maxima
1871 5186 1965 5241 ge-

395 5247 508 5298 neri
546 5258 727 5323 nostro
753 5254 875 5305 :sed
905 5270 1002 5307 nec
1031 5256 1159 5311 viris
1208 5259 1461 5312 omnibus
1496 5260 1641 5314 utilis
1673 5263 1961 5316 invenitur.

395 5336 659 5394 Prievenit
703 5344 844 5397 enim
890 5363 1008 5401 eam
1055 5361 1109 5404 et
1162 5352 1494 5419 temporibus
1548 5354 1827 5421 pudicitia.
1860 5357 1961 5422 Qui

2078 4634 2387 4687 universam
2440 4631 2729 4683 humanam
2786 4623 3166 4681 transcendens
3208 4628 3641 4674 naturamzser-

2077 4742 2162 4778 uio
2190 4732 2370 4776 autem
2407 4721 2683 4775 inveniens
2713 4734 2830 4789 quae
2863 4718 3000 4773 Deus
3034 4712 3339 4770 hominibus
3379 4707 3639 4771 donavit,

2073 4827 2126 4869 et
2156 4816 2256 4870 hoc
2290 4814 2628 4877 mortalibus,
2650 4828 2745 4882 per
2768 4827 2888 4880 qua:
2928 4804 3382 4864 immortalitatem
3413 4803 3491 4857 eis
3518 4814 3642 4869 pro-

2072 4906 2313 4972 curavit,
2357 4907 2421 4958 ad
2455 4904 2753 4975 gratiarum
2790 4902 3058 4955 actionem
3091 4900 3287 4952 iterum
3324 4909 3381 4948 se
3407 4904 3637 4948 conver-

2074 5006 2181 5061 tat,
2208 5005 2263 5050 et
2287 4997 2351 5050 de
2388 5007 2574 5049 sancto
2597 5004 2648 5047 et
2674 4992 3043 5047 sanctiﬁcante
3060 5030 3074 5054 ,
3098 5004 3193 5058 per
3212 4986 3637 5054 quemsanctum

2075 5082 2173 5136 hoc
2208 5083 2410 5135 donum
2439 5082 2744 5135 hominibus
2781 5080 2968 5144 misit,
3013 5094 3106 5146 per
3139 5073 3468 5145 unigenitum
3495 5070 3639 5123 scili-

2074 5181 2157 5226 cet
2181 5189 2335 5226 suum
2362 5170 2578 5235 Filium,
2613 5172 2684 5226 sit
2706 5172 2751 5225 ei
2780 5171 2951 5240 gloria
2986 5179 3039 5223 et
3083 5168 3285 5229 honor",
3320 5154 3637 5232 imperium,

2076 5266 2328 5332 maiestas
2362 5283 2482 5321 cum
2516 5268 2718 5335 Spiritu
2746 5274 2936 5319 sancto
2968 5273 3021 5317 et
3052 5278 3189 5316 nunc
3221 5269 3274 5315 et
3309 5272 3555 5326 semper,
3585 5262 3643 5308 et

2071 5377 2164 5428 per
2186 5362 2362 5412 omnia
2395 5359 2587 5412 saecula
2622 5359 2959 5413 stcculornm.
2989 5356 3179 5409 Amen.

463 5496 509 5559 σέ
541 5496 729 5585 Matth.
773 5516 879 5555 xxii
906 5543 920 5565 ,
955 5503 1041 5558 30.
1072 5504 1232 5559 Mare.
1274 5523 1372 5571 xu,
1406 5506 1496 5561 9.5.
1530 5505 1660 5563 Luc.
1694 5526 1758 5562 xv
1832 5510 1920 5563 55.
1963 5516 2006 5544 ³⁵
2050 5514 2237 5568 Manli.
2270 5529 2381 5577 xrx,
2438 5515 2516 5567 li.

467 5660 580 5726 ΗΒ)
621 5661 716 5715 Ms.
754 5667 994 5729 auribus,
1027 5684 1087 5720 ne
1115 5681 1294 5723 noceat
1326 5670 1612 5723 audientin.

464 5730 575 5786 (49)
615 5730 1133 5813 ΙΙηιεΙΙεειιςηιᾳκιεῃξ
1175 5742 1371 5813 Auctor
1390 5740 1738 5813 Etymologici
1773 5743 1968 5813 magni,

361 5870 373 5882 .
396 5800 727 5873 Σωφροσύνη
754 5806 900 5877 παρὰ
931 5806 989 5858 τὸ
1026 5806 1215 5872 σώζειν
1246 5811 1303 5863 τὸ
1344 5800 1579 5881 φροκῖῑτν.

2149 5677 2264 5743 (50)
2308 5677 2386 5727 Ad
2443 5675 2808 5743 prmliaitdum.
2866 5671 2958 5725 Ms.
3002 5674 3069 5721 mi
3123 5670 3301 5733 prrelia
3347 5682 3633 5723 armemus.

2082 5744 2240 5799 Forte
2274 5747 2577 5811 legendum.
2607 5747 2673 5797 ad
2700 5745 2879 5809 prwliu
2915 5762 3013 5795 non
3045 5756 3328 5811 urmumus.

2154 5816 2263 5883 (5i)
2299 5810 2393 5869 Ms.
2434 5816 2807 5881 fornicationes
2830 5823 3042 5879 erogaut
3075 5822 3120 5863 et
3155 5810 3418 5869 orridunt.
