  <div class='ocr_page' id='page_1' title='image "/cluster/home/n/w/nwhite01/storage/ocr_20150623/24:no.6/coo.31924054873058/587.png"; bbox 0 0 4134 6470; ppageno 0'>
   <div class='ocr_carea' id='block_1_1' title="bbox 443 483 580 543">
    <p class='ocr_par' dir='ltr' id='par_1_1' title="bbox 443 483 580 543">
     <span class='ocr_line' id='line_1_1' title="bbox 443 483 580 543; baseline -0.029 0"><span class='ocrx_word' id='word_1_1' title='bbox 443 483 580 543; x_wconf 67' lang='grc'><strong>1147</strong></span> 
     </span>
    </p>
   </div>
   <div class='ocr_carea' id='block_1_2' title="bbox 1078 465 2034 540">
    <p class='ocr_par' dir='ltr' id='par_1_2' title="bbox 1078 465 2032 534">
     <span class='ocr_line' id='line_1_2' title="bbox 1078 465 2032 534; baseline -0.001 -1"><span class='ocrx_word' id='word_1_2' title='bbox 1078 465 1343 534; x_wconf 71' lang='grc' dir='ltr'>Ειτεευιι</span> <span class='ocrx_word' id='word_1_3' title='bbox 1385 477 1864 533; x_wconf 68' lang='grc' dir='ltr'><strong>(ΣΑΞΞΑΒΙΕΝΞῘΞ</strong></span> <span class='ocrx_word' id='word_1_4' title='bbox 1903 469 2032 533; x_wconf 76' lang='lat' dir='ltr'><strong>opp</strong></span> 
     </span>
    </p>
   </div>
   <div class='ocr_carea' id='block_1_3' title="bbox 2137 465 2970 540">
    <p class='ocr_par' dir='ltr' id='par_1_3' title="bbox 2140 471 2970 540">
     <span class='ocr_line' id='line_1_3' title="bbox 2140 471 2970 540; baseline -0.013 -7"><span class='ocrx_word' id='word_1_5' title='bbox 2140 477 2275 533; x_wconf 73' lang='lat' dir='ltr'><strong>ARS</strong></span> <span class='ocrx_word' id='word_1_6' title='bbox 2315 473 2404 532; x_wconf 73' lang='lat' dir='ltr'><strong>IV.</strong></span> <span class='ocrx_word' id='word_1_7' title='bbox 2443 506 2513 516; x_wconf 90' lang='lat'><strong><em>—</em></strong></span> <span class='ocrx_word' id='word_1_8' title='bbox 2552 471 2970 540; x_wconf 73' lang='lat' dir='ltr'><strong>DQGMATICA.</strong></span> 
     </span>
    </p>
   </div>
   <div class='ocr_carea' id='block_1_4' title="bbox 3548 463 3693 520">
    <p class='ocr_par' dir='ltr' id='par_1_4' title="bbox 3548 463 3693 520">
     <span class='ocr_line' id='line_1_4' title="bbox 3548 463 3693 520; baseline -0.007 0"><span class='ocrx_word' id='word_1_9' title='bbox 3548 463 3693 520; x_wconf 69' lang='lat' dir='ltr'><strong>{US</strong></span> 
     </span>
    </p>
   </div>
   <div class='ocr_carea' id='block_1_5' title="bbox 466 629 3674 657">
    <p class='ocr_par' dir='ltr' id='par_1_5' title="bbox 466 629 3674 657">
     <span class='ocr_line' id='line_1_5' title="bbox 466 629 3674 657; baseline -0.002 -13"><span class='ocrx_word' id='word_1_10' title='bbox 466 629 3674 657; x_wconf 77' lang='lat'><strong>______________________________________________________</strong></span> 
     </span>
    </p>
   </div>
   <div class='ocr_carea' id='block_1_6' title="bbox 1403 790 2730 909">
    <p class='ocr_par' dir='ltr' id='par_1_6' title="bbox 1403 790 2730 909">
     <span class='ocr_line' id='line_1_6' title="bbox 1403 790 2730 909; baseline -0.004 -4"><span class='ocrx_word' id='word_1_11' title='bbox 1403 793 1970 909; x_wconf 88' lang='lat' dir='ltr'><strong>EUSEBII</strong></span> <span class='ocrx_word' id='word_1_12' title='bbox 2053 790 2730 904; x_wconf 83' lang='lat' dir='ltr'><strong>PAMPHILI</strong></span> 
     </span>
    </p>
   </div>
   <div class='ocr_carea' id='block_1_7' title="bbox 667 1025 3467 1142">
    <p class='ocr_par' dir='ltr' id='par_1_7' title="bbox 667 1025 3467 1142">
     <span class='ocr_line' id='line_1_7' title="bbox 667 1025 3467 1142; baseline -0.005 -16"><span class='ocrx_word' id='word_1_13' title='bbox 667 1040 816 1126; x_wconf 87' lang='lat' dir='ltr'><strong>DE</strong></span> <span class='ocrx_word' id='word_1_14' title='bbox 867 1035 1020 1128; x_wconf 88' lang='grc' dir='ltr'>ΕΟ</span> <span class='ocrx_word' id='word_1_15' title='bbox 1073 1032 1408 1142; x_wconf 84' lang='lat' dir='ltr'>QUOD</span> <span class='ocrx_word' id='word_1_16' title='bbox 1467 1034 1770 1123; x_wconf 87' lang='lat' dir='ltr'><strong>DEUS</strong></span> <span class='ocrx_word' id='word_1_17' title='bbox 1827 1030 2215 1119; x_wconf 81' lang='lat' dir='ltr'>PATER</span> <span class='ocrx_word' id='word_1_18' title='bbox 2271 1025 3154 1120; x_wconf 77' lang='lat' dir='ltr'><strong>INCORPORALIS</strong></span> <span class='ocrx_word' id='word_1_19' title='bbox 3203 1025 3467 1133; x_wconf 83' lang='lat' dir='ltr'><strong>EST,</strong></span> 
     </span>
    </p>
   </div>
   <div class='ocr_carea' id='block_1_8' title="bbox 1735 1220 2399 1294">
    <p class='ocr_par' dir='ltr' id='par_1_8' title="bbox 1735 1220 2399 1294">
     <span class='ocr_line' id='line_1_8' title="bbox 1735 1220 2399 1294; baseline -0.008 -9"><span class='ocrx_word' id='word_1_20' title='bbox 1735 1223 1970 1285; x_wconf 80' lang='lat' dir='ltr'><strong>LIBER</strong></span> <span class='ocrx_word' id='word_1_21' title='bbox 2012 1220 2399 1294; x_wconf 79' lang='lat' dir='ltr'><strong>QUARTUS.</strong></span> 
     </span>
    </p>
   </div>
   <div class='ocr_carea' id='block_1_9' title="bbox 517 1508 3700 1596">
    <p class='ocr_par' dir='ltr' id='par_1_9' title="bbox 517 1508 3700 1596">
     <span class='ocr_line' id='line_1_9' title="bbox 517 1508 3700 1596; baseline -0.006 -14"><span class='ocrx_word' id='word_1_22' title='bbox 517 1529 596 1583; x_wconf 79' lang='lat' dir='ltr'><strong>Ad</strong></span> <span class='ocrx_word' id='word_1_23' title='bbox 647 1528 820 1596; x_wconf 87' lang='lat' dir='ltr'><strong>ipsum</strong></span> <span class='ocrx_word' id='word_1_24' title='bbox 870 1526 1037 1580; x_wconf 85' lang='lat' dir='ltr'><strong>Deum</strong></span> <span class='ocrx_word' id='word_1_25' title='bbox 1087 1536 1332 1581; x_wconf 89' lang='lat' dir='ltr'><strong>nostrum</strong></span> <span class='ocrx_word' id='word_1_26' title='bbox 1384 1524 1657 1592; x_wconf 78' lang='lat' dir='ltr'><strong>erigamus</strong></span> <span class='ocrx_word' id='word_1_27' title='bbox 1686 1523 1977 1594; x_wconf 87' lang='lat' dir='ltr'><strong>cogitatum</strong></span> <span class='ocrx_word' id='word_1_28' title='bbox 2004 1561 2020 1585; x_wconf 95' lang='lat'><strong>,</strong></span> <span class='ocrx_word' id='word_1_29' title='bbox 2049 1524 2096 1582; x_wconf 78' lang='grc' dir='ltr'><strong>Α</strong></span> <span class='ocrx_word' id='word_1_30' title='bbox 2125 1521 2244 1575; x_wconf 89' lang='lat' dir='ltr'><strong>dem</strong></span> <span class='ocrx_word' id='word_1_31' title='bbox 2274 1528 2329 1574; x_wconf 90' lang='lat' dir='ltr'><strong>et</strong></span> <span class='ocrx_word' id='word_1_32' title='bbox 2357 1519 2563 1587; x_wconf 83' lang='lat' dir='ltr'><strong>lapides</strong></span> <span class='ocrx_word' id='word_1_33' title='bbox 2599 1517 2701 1571; x_wconf 90' lang='lat' dir='ltr'><strong>hoc</strong></span> <span class='ocrx_word' id='word_1_34' title='bbox 2731 1516 2902 1583; x_wconf 88' lang='lat' dir='ltr'><strong>ipsum</strong></span> <span class='ocrx_word' id='word_1_35' title='bbox 2941 1521 2998 1566; x_wconf 91' lang='lat' dir='ltr'><strong>ut</strong></span> <span class='ocrx_word' id='word_1_36' title='bbox 3027 1522 3210 1568; x_wconf 89' lang='lat' dir='ltr'><strong>essent</strong></span> <span class='ocrx_word' id='word_1_37' title='bbox 3261 1513 3461 1567; x_wconf 77' lang='lat' dir='ltr'><strong>habent</strong></span> <span class='ocrx_word' id='word_1_38' title='bbox 3489 1528 3503 1565; x_wconf 91' lang='lat'><strong>:</strong></span> <span class='ocrx_word' id='word_1_39' title='bbox 3534 1508 3700 1566; x_wconf 82' lang='lat' dir='ltr'><strong>arbo-</strong></span> 
     </span>
    </p>
   </div>
   <div class='ocr_carea' id='block_1_10' title="bbox 439 1616 2017 1690">
    <p class='ocr_par' dir='ltr' id='par_1_10' title="bbox 439 1616 2017 1690">
     <span class='ocr_line' id='line_1_10' title="bbox 439 1616 2017 1690; baseline -0.005 -15"><span class='ocrx_word' id='word_1_40' title='bbox 439 1620 554 1690; x_wconf 83' lang='lat' dir='ltr'><strong>jam</strong></span> <span class='ocrx_word' id='word_1_41' title='bbox 607 1636 712 1676; x_wconf 89' lang='lat' dir='ltr'><strong>non</strong></span> <span class='ocrx_word' id='word_1_42' title='bbox 757 1619 1115 1675; x_wconf 69' lang='lat' dir='ltr'><strong>concedentes</strong></span> <span class='ocrx_word' id='word_1_43' title='bbox 1163 1618 1417 1688; x_wconf 75' lang='lat' dir='ltr'><strong>cogitatui</strong></span> <span class='ocrx_word' id='word_1_44' title='bbox 1475 1616 1664 1685; x_wconf 81' lang='lat' dir='ltr'><strong>fugere</strong></span> <span class='ocrx_word' id='word_1_45' title='bbox 1697 1626 1753 1670; x_wconf 82' lang='lat' dir='ltr'><strong>et</strong></span> <span class='ocrx_word' id='word_1_46' title='bbox 1808 1617 2017 1668; x_wconf 85' lang='lat' dir='ltr'><strong>vitare:</strong></span> 
     </span>
    </p>
   </div>
   <div class='ocr_carea' id='block_1_11' title="bbox 448 1711 2020 1781">
    <p class='ocr_par' dir='ltr' id='par_1_11' title="bbox 448 1711 2020 1781">
     <span class='ocr_line' id='line_1_11' title="bbox 448 1711 2020 1781; baseline -0.003 -16"><span class='ocrx_word' id='word_1_47' title='bbox 448 1713 717 1781; x_wconf 78' lang='lat' dir='ltr'><strong>parcimus</strong></span> <span class='ocrx_word' id='word_1_48' title='bbox 748 1711 891 1766; x_wconf 90' lang='lat' dir='ltr'><strong>enim</strong></span> <span class='ocrx_word' id='word_1_49' title='bbox 927 1711 1135 1766; x_wconf 90' lang='lat' dir='ltr'><strong>timenti</strong></span> <span class='ocrx_word' id='word_1_50' title='bbox 1162 1728 1178 1767; x_wconf 83' lang='lat'><strong>:</strong></span> <span class='ocrx_word' id='word_1_51' title='bbox 1217 1725 1469 1778; x_wconf 82' lang='lat' dir='ltr'><strong>urgemus</strong></span> <span class='ocrx_word' id='word_1_52' title='bbox 1499 1717 1678 1762; x_wconf 90' lang='lat' dir='ltr'><strong>autem</strong></span> <span class='ocrx_word' id='word_1_53' title='bbox 1719 1723 1821 1762; x_wconf 92' lang='lat' dir='ltr'><strong>non</strong></span> <span class='ocrx_word' id='word_1_54' title='bbox 1848 1722 2020 1776; x_wconf 88' lang='lat' dir='ltr'><strong>quan-</strong></span> 
     </span>
    </p>
   </div>
   <div class='ocr_carea' id='block_1_12' title="bbox 451 1799 2024 1872">
    <p class='ocr_par' dir='ltr' id='par_1_12' title="bbox 451 1799 2024 1872">
     <span class='ocr_line' id='line_1_12' title="bbox 451 1799 2024 1872; baseline -0.004 -15"><span class='ocrx_word' id='word_1_55' title='bbox 451 1814 538 1859; x_wconf 88' lang='lat' dir='ltr'><strong>tus</strong></span> <span class='ocrx_word' id='word_1_56' title='bbox 561 1813 642 1859; x_wconf 87' lang='lat' dir='ltr'><strong>est</strong></span> <span class='ocrx_word' id='word_1_57' title='bbox 669 1803 808 1858; x_wconf 86' lang='lat' dir='ltr'><strong>Deus</strong></span> <span class='ocrx_word' id='word_1_58' title='bbox 833 1819 955 1857; x_wconf 91' lang='lat' dir='ltr'><strong>eum</strong></span> <span class='ocrx_word' id='word_1_59' title='bbox 989 1818 1230 1872; x_wconf 60' lang='lat' dir='ltr'><strong>quaerere</strong></span> <span class='ocrx_word' id='word_1_60' title='bbox 1247 1843 1264 1870; x_wconf 90' lang='lat'><strong>,</strong></span> <span class='ocrx_word' id='word_1_61' title='bbox 1289 1802 1381 1857; x_wconf 85' lang='lat' dir='ltr'><strong>sed</strong></span> <span class='ocrx_word' id='word_1_62' title='bbox 1411 1811 1668 1871; x_wconf 87' lang='lat' dir='ltr'><strong>quantum</strong></span> <span class='ocrx_word' id='word_1_63' title='bbox 1699 1799 1799 1868; x_wconf 84' lang='lat' dir='ltr'><strong>ipsi</strong></span> <span class='ocrx_word' id='word_1_64' title='bbox 1822 1799 2024 1868; x_wconf 83' lang='lat' dir='ltr'><strong>cogita-</strong></span> 
     </span>
    </p>
   </div>
   <div class='ocr_carea' id='block_1_13' title="bbox 450 1892 2024 1966">
    <p class='ocr_par' dir='ltr' id='par_1_13' title="bbox 450 1892 2024 1966">
     <span class='ocr_line' id='line_1_13' title="bbox 450 1892 2024 1966; baseline -0.003 -16"><span class='ocrx_word' id='word_1_65' title='bbox 450 1899 522 1950; x_wconf 86' lang='lat' dir='ltr'><strong>tui</strong></span> <span class='ocrx_word' id='word_1_66' title='bbox 563 1897 818 1966; x_wconf 74' lang='lat' dir='ltr'><strong>possibile</strong></span> <span class='ocrx_word' id='word_1_67' title='bbox 865 1907 949 1952; x_wconf 88' lang='lat' dir='ltr'><strong>est</strong></span> <span class='ocrx_word' id='word_1_68' title='bbox 984 1897 1272 1952; x_wconf 70' lang='lat' dir='ltr'><strong>aestimare.</strong></span> <span class='ocrx_word' id='word_1_69' title='bbox 1317 1894 1510 1949; x_wconf 82' lang='lat' dir='ltr'><strong>Multas</strong></span> <span class='ocrx_word' id='word_1_70' title='bbox 1551 1895 1694 1949; x_wconf 93' lang='lat' dir='ltr'><strong>enim</strong></span> <span class='ocrx_word' id='word_1_71' title='bbox 1749 1892 2024 1948; x_wconf 89' lang='lat' dir='ltr'><strong>adinvenit</strong></span> 
     </span>
    </p>
   </div>
   <div class='ocr_carea' id='block_1_14' title="bbox 449 1987 2022 2059">
    <p class='ocr_par' dir='ltr' id='par_1_14' title="bbox 449 1987 2022 2059">
     <span class='ocr_line' id='line_1_14' title="bbox 449 1987 2022 2059; baseline -0.003 -15"><span class='ocrx_word' id='word_1_72' title='bbox 449 1990 549 2044; x_wconf 83' lang='lat' dir='ltr'><strong>sibi</strong></span> <span class='ocrx_word' id='word_1_73' title='bbox 581 1987 933 2059; x_wconf 86' lang='lat' dir='ltr'><strong>confugiones</strong></span> <span class='ocrx_word' id='word_1_74' title='bbox 954 2030 970 2056; x_wconf 91' lang='lat'><strong>,</strong></span> <span class='ocrx_word' id='word_1_75' title='bbox 999 1998 1054 2044; x_wconf 90' lang='lat' dir='ltr'><strong>et</strong></span> <span class='ocrx_word' id='word_1_76' title='bbox 1083 1988 1369 2043; x_wconf 84' lang='lat' dir='ltr'><strong>dilationes</strong></span> <span class='ocrx_word' id='word_1_77' title='bbox 1393 2029 1409 2054; x_wconf 95' lang='lat'><strong>,</strong></span> <span class='ocrx_word' id='word_1_78' title='bbox 1436 1997 1489 2041; x_wconf 88' lang='lat' dir='ltr'><strong>et</strong></span> <span class='ocrx_word' id='word_1_79' title='bbox 1513 1987 1861 2041; x_wconf 90' lang='lat' dir='ltr'><strong>circuitiones</strong></span> <span class='ocrx_word' id='word_1_80' title='bbox 1879 2025 1894 2050; x_wconf 85' lang='lat'><strong>,</strong></span> <span class='ocrx_word' id='word_1_81' title='bbox 1924 1987 2022 2040; x_wconf 90' lang='lat' dir='ltr'><strong>bo-</strong></span> 
     </span>
    </p>
   </div>
   <div class='ocr_carea' id='block_1_15' title="bbox 451 2079 2022 2151">
    <p class='ocr_par' dir='ltr' id='par_1_15' title="bbox 451 2079 2022 2151">
     <span class='ocr_line' id='line_1_15' title="bbox 451 2079 2022 2151; baseline -0.002 -16"><span class='ocrx_word' id='word_1_82' title='bbox 451 2097 576 2135; x_wconf 89' lang='lat' dir='ltr'><strong>mnu</strong></span> <span class='ocrx_word' id='word_1_83' title='bbox 615 2090 797 2149; x_wconf 88' lang='lat' dir='ltr'><strong>utpote</strong></span> <span class='ocrx_word' id='word_1_84' title='bbox 832 2081 1219 2151; x_wconf 85' lang='lat' dir='ltr'><strong>pertimescens</strong></span> <span class='ocrx_word' id='word_1_85' title='bbox 1254 2081 1528 2136; x_wconf 86' lang='lat' dir='ltr'><strong>timorem.</strong></span> <span class='ocrx_word' id='word_1_86' title='bbox 1573 2079 1678 2134; x_wconf 89' lang='lat' dir='ltr'><strong>Sed</strong></span> <span class='ocrx_word' id='word_1_87' title='bbox 1715 2080 1854 2134; x_wconf 88' lang='lat' dir='ltr'><strong>sicut</strong></span> <span class='ocrx_word' id='word_1_88' title='bbox 1885 2093 2022 2145; x_wconf 89' lang='lat' dir='ltr'><strong>equo</strong></span> 
     </span>
    </p>
   </div>
   <div class='ocr_carea' id='block_1_16' title="bbox 450 2157 2020 2242">
    <p class='ocr_par' dir='ltr' id='par_1_16' title="bbox 450 2157 2020 2242">
     <span class='ocr_line' id='line_1_16' title="bbox 450 2157 2020 2242; baseline 0 -16"><span class='ocrx_word' id='word_1_89' title='bbox 450 2188 832 2242; x_wconf 82' lang='lat' dir='ltr'><strong>nonnunquam</strong></span> <span class='ocrx_word' id='word_1_90' title='bbox 857 2173 1077 2239; x_wconf 88' lang='lat' dir='ltr'><strong>territo,</strong></span> <span class='ocrx_word' id='word_1_91' title='bbox 1099 2183 1154 2229; x_wconf 92' lang='lat' dir='ltr'><strong>et</strong></span> <span class='ocrx_word' id='word_1_92' title='bbox 1180 2157 1394 2228; x_wconf 87' lang='lat' dir='ltr'><strong>nolente</strong></span> <span class='ocrx_word' id='word_1_93' title='bbox 1429 2185 1631 2227; x_wconf 89' lang='lat' dir='ltr'><strong>rectum</strong></span> <span class='ocrx_word' id='word_1_94' title='bbox 1675 2173 1777 2226; x_wconf 90' lang='lat' dir='ltr'><strong>iter</strong></span> <span class='ocrx_word' id='word_1_95' title='bbox 1809 2181 2020 2240; x_wconf 90' lang='lat' dir='ltr'><strong>petere,</strong></span> 
     </span>
    </p>
   </div>
   <div class='ocr_carea' id='block_1_17' title="bbox 449 2266 2034 2337">
    <p class='ocr_par' dir='ltr' id='par_1_17' title="bbox 449 2266 2034 2337">
     <span class='ocr_line' id='line_1_17' title="bbox 449 2266 2034 2337; baseline -0.002 -16"><span class='ocrx_word' id='word_1_96' title='bbox 449 2278 505 2321; x_wconf 84' lang='lat' dir='ltr'><strong>et</strong></span> <span class='ocrx_word' id='word_1_97' title='bbox 540 2266 690 2321; x_wconf 88' lang='lat' dir='ltr'><strong>freno</strong></span> <span class='ocrx_word' id='word_1_98' title='bbox 717 2267 822 2320; x_wconf 91' lang='lat' dir='ltr'><strong>vim</strong></span> <span class='ocrx_word' id='word_1_99' title='bbox 849 2267 1076 2324; x_wconf 82' lang='lat' dir='ltr'><strong>facimus</strong></span> <span class='ocrx_word' id='word_1_100' title='bbox 1102 2310 1117 2335; x_wconf 94' lang='lat'><strong>,</strong></span> <span class='ocrx_word' id='word_1_101' title='bbox 1143 2278 1198 2324; x_wconf 90' lang='lat' dir='ltr'><strong>et</strong></span> <span class='ocrx_word' id='word_1_102' title='bbox 1225 2269 1493 2324; x_wconf 87' lang='lat' dir='ltr'><strong>calcaneis</strong></span> <span class='ocrx_word' id='word_1_103' title='bbox 1524 2277 1817 2337; x_wconf 76' lang='lat' dir='ltr'><strong>pinigentes</strong></span> <span class='ocrx_word' id='word_1_104' title='bbox 1847 2267 2034 2320; x_wconf 80' lang='lat' dir='ltr'><strong>carri--</strong></span> 
     </span>
    </p>
   </div>
   <div class='ocr_carea' id='block_1_18' title="bbox 452 2359 2021 2422">
    <p class='ocr_par' dir='ltr' id='par_1_18' title="bbox 452 2359 2021 2422">
     <span class='ocr_line' id='line_1_18' title="bbox 452 2359 2021 2422; baseline -0.002 -10"><span class='ocrx_word' id='word_1_105' title='bbox 452 2359 659 2422; x_wconf 64' lang='lat' dir='ltr'><strong>ximus,</strong></span> <span class='ocrx_word' id='word_1_106' title='bbox 687 2370 742 2414; x_wconf 94' lang='lat' dir='ltr'><strong>et</strong></span> <span class='ocrx_word' id='word_1_107' title='bbox 776 2361 1049 2415; x_wconf 78' lang='lat' dir='ltr'><strong>refrenare</strong></span> <span class='ocrx_word' id='word_1_108' title='bbox 1101 2369 1374 2416; x_wconf 90' lang='lat' dir='ltr'><strong>tentamus</strong></span> <span class='ocrx_word' id='word_1_109' title='bbox 1421 2362 1489 2415; x_wconf 91' lang='lat' dir='ltr'><strong>ab</strong></span> <span class='ocrx_word' id='word_1_110' title='bbox 1538 2360 1621 2414; x_wconf 85' lang='lat' dir='ltr'><strong>his</strong></span> <span class='ocrx_word' id='word_1_111' title='bbox 1649 2375 1766 2422; x_wconf 67' lang='lat' dir='ltr'><strong>quae</strong></span> <span class='ocrx_word' id='word_1_112' title='bbox 1815 2359 1862 2412; x_wconf 93' lang='lat' dir='ltr'><strong>ei</strong></span> <span class='ocrx_word' id='word_1_113' title='bbox 1918 2372 2021 2410; x_wconf 91' lang='lat' dir='ltr'><strong>non</strong></span> 
     </span>
    </p>
   </div>
   <div class='ocr_carea' id='block_1_19' title="bbox 452 2447 2022 2517">
    <p class='ocr_par' dir='ltr' id='par_1_19' title="bbox 452 2447 2022 2517">
     <span class='ocr_line' id='line_1_19' title="bbox 452 2447 2022 2517; baseline -0.003 -12"><span class='ocrx_word' id='word_1_114' title='bbox 452 2452 808 2506; x_wconf 80' lang='lat' dir='ltr'><strong>concedimus</strong></span> <span class='ocrx_word' id='word_1_115' title='bbox 841 2470 854 2506; x_wconf 90' lang='lat'><strong>:</strong></span> <span class='ocrx_word' id='word_1_116' title='bbox 888 2453 962 2505; x_wconf 91' lang='lat' dir='ltr'><strong>ita</strong></span> <span class='ocrx_word' id='word_1_117' title='bbox 1005 2461 1060 2507; x_wconf 92' lang='lat' dir='ltr'><strong>et</strong></span> <span class='ocrx_word' id='word_1_118' title='bbox 1097 2468 1241 2508; x_wconf 90' lang='lat' dir='ltr'><strong>nunc</strong></span> <span class='ocrx_word' id='word_1_119' title='bbox 1275 2452 1532 2507; x_wconf 80' lang='lat' dir='ltr'><strong>extollere</strong></span> <span class='ocrx_word' id='word_1_120' title='bbox 1562 2452 1627 2505; x_wconf 88' lang='lat' dir='ltr'><strong>ad</strong></span> <span class='ocrx_word' id='word_1_121' title='bbox 1675 2451 1838 2504; x_wconf 90' lang='lat' dir='ltr'><strong>Deum</strong></span> <span class='ocrx_word' id='word_1_122' title='bbox 1875 2447 2022 2517; x_wconf 80' lang='lat' dir='ltr'><strong>cogi-</strong></span> 
     </span>
    </p>
   </div>
   <div class='ocr_carea' id='block_1_20' title="bbox 454 2539 2025 2612">
    <p class='ocr_par' dir='ltr' id='par_1_20' title="bbox 454 2539 2025 2612">
     <span class='ocr_line' id='line_1_20' title="bbox 454 2539 2025 2612; baseline 0 -18"><span class='ocrx_word' id='word_1_123' title='bbox 454 2550 623 2594; x_wconf 88' lang='lat' dir='ltr'><strong>tatum</strong></span> <span class='ocrx_word' id='word_1_124' title='bbox 652 2542 947 2606; x_wconf 84' lang='lat' dir='ltr'><strong>debemus,</strong></span> <span class='ocrx_word' id='word_1_125' title='bbox 977 2555 1284 2611; x_wconf 74' lang='lat' dir='ltr'><strong>quzercutes</strong></span> <span class='ocrx_word' id='word_1_126' title='bbox 1313 2545 1402 2599; x_wconf 89' lang='lat' dir='ltr'><strong>illa</strong></span> <span class='ocrx_word' id='word_1_127' title='bbox 1440 2558 1561 2612; x_wconf 71' lang='lat' dir='ltr'><strong>quae</strong></span> <span class='ocrx_word' id='word_1_128' title='bbox 1582 2551 1635 2596; x_wconf 90' lang='lat' dir='ltr'><strong>et</strong></span> <span class='ocrx_word' id='word_1_129' title='bbox 1659 2539 1938 2610; x_wconf 89' lang='lat' dir='ltr'><strong>Scriptura</strong></span> <span class='ocrx_word' id='word_1_130' title='bbox 1959 2540 2025 2594; x_wconf 84' lang='lat' dir='ltr'><strong>de</strong></span> 
     </span>
    </p>
   </div>
   <div class='ocr_carea' id='block_1_21' title="bbox 453 2631 2020 2703">
    <p class='ocr_par' dir='ltr' id='par_1_21' title="bbox 453 2631 2020 2703">
     <span class='ocr_line' id='line_1_21' title="bbox 453 2631 2020 2703; baseline 0.005 -22"><span class='ocrx_word' id='word_1_131' title='bbox 453 2631 566 2682; x_wconf 87' lang='lat' dir='ltr'><strong>Deo</strong></span> <span class='ocrx_word' id='word_1_132' title='bbox 603 2631 769 2699; x_wconf 78' lang='lat' dir='ltr'><strong>quaeri</strong></span> <span class='ocrx_word' id='word_1_133' title='bbox 797 2633 1062 2701; x_wconf 90' lang='lat' dir='ltr'><strong>permittit</strong></span> <span class='ocrx_word' id='word_1_134' title='bbox 1091 2651 1104 2687; x_wconf 90' lang='lat'><strong>:</strong></span> <span class='ocrx_word' id='word_1_135' title='bbox 1135 2635 1258 2703; x_wconf 82' lang='lat' dir='ltr'><strong>quia</strong></span> <span class='ocrx_word' id='word_1_136' title='bbox 1313 2649 1488 2702; x_wconf 85' lang='lat' dir='ltr'><strong>neque</strong></span> <span class='ocrx_word' id='word_1_137' title='bbox 1535 2633 1587 2686; x_wconf 93' lang='lat' dir='ltr'><strong>in</strong></span> <span class='ocrx_word' id='word_1_138' title='bbox 1645 2632 1805 2685; x_wconf 93' lang='lat' dir='ltr'><strong>domo</strong></span> <span class='ocrx_word' id='word_1_139' title='bbox 1847 2631 2020 2689; x_wconf 88' lang='lat' dir='ltr'><strong>Deus.</strong></span> 
     </span>
    </p>
   </div>
   <div class='ocr_carea' id='block_1_22' title="bbox 455 2723 2022 2791">
    <p class='ocr_par' dir='ltr' id='par_1_22' title="bbox 455 2723 2022 2791">
     <span class='ocr_line' id='line_1_22' title="bbox 455 2723 2022 2791; baseline -0.001 -16"><span class='ocrx_word' id='word_1_140' title='bbox 455 2736 632 2791; x_wconf 81' lang='lat' dir='ltr'><strong>neque</strong></span> <span class='ocrx_word' id='word_1_141' title='bbox 659 2723 712 2776; x_wconf 92' lang='lat' dir='ltr'><strong>in</strong></span> <span class='ocrx_word' id='word_1_142' title='bbox 763 2723 1087 2789; x_wconf 80' lang='lat' dir='ltr'><strong>simulacro;</strong></span> <span class='ocrx_word' id='word_1_143' title='bbox 1115 2740 1220 2780; x_wconf 89' lang='lat' dir='ltr'><strong>non</strong></span> <span class='ocrx_word' id='word_1_144' title='bbox 1253 2725 1307 2779; x_wconf 90' lang='lat' dir='ltr'><strong>in</strong></span> <span class='ocrx_word' id='word_1_145' title='bbox 1343 2733 1524 2778; x_wconf 86' lang='lat' dir='ltr'><strong>monte</strong></span> <span class='ocrx_word' id='word_1_146' title='bbox 1563 2733 1654 2777; x_wconf 88' lang='lat' dir='ltr'><strong>aut</strong></span> <span class='ocrx_word' id='word_1_147' title='bbox 1699 2731 1878 2786; x_wconf 86' lang='lat' dir='ltr'><strong>terra;</strong></span> <span class='ocrx_word' id='word_1_148' title='bbox 1917 2736 2022 2774; x_wconf 93' lang='lat' dir='ltr'><strong>nou</strong></span> 
     </span>
    </p>
   </div>
   <div class='ocr_carea' id='block_1_23' title="bbox 457 2813 2025 2886">
    <p class='ocr_par' dir='ltr' id='par_1_23' title="bbox 457 2813 2025 2886">
     <span class='ocr_line' id='line_1_23' title="bbox 457 2813 2025 2886; baseline 0.003 -18"><span class='ocrx_word' id='word_1_149' title='bbox 457 2813 510 2868; x_wconf 88' lang='lat' dir='ltr'><strong>in</strong></span> <span class='ocrx_word' id='word_1_150' title='bbox 547 2829 673 2870; x_wconf 89' lang='lat' dir='ltr'><strong>aere</strong></span> <span class='ocrx_word' id='word_1_151' title='bbox 701 2815 836 2886; x_wconf 73' lang='lat'><strong>(52),</strong></span> <span class='ocrx_word' id='word_1_152' title='bbox 872 2831 968 2871; x_wconf 84' lang='lat' dir='ltr'><strong>nec</strong></span> <span class='ocrx_word' id='word_1_153' title='bbox 993 2817 1044 2870; x_wconf 92' lang='lat' dir='ltr'><strong>iu</strong></span> <span class='ocrx_word' id='word_1_154' title='bbox 1077 2818 1194 2886; x_wconf 88' lang='lat' dir='ltr'><strong>ipso</strong></span> <span class='ocrx_word' id='word_1_155' title='bbox 1215 2826 1328 2873; x_wconf 88' lang='lat' dir='ltr'><strong>toto</strong></span> <span class='ocrx_word' id='word_1_156' title='bbox 1360 2819 1534 2880; x_wconf 65' lang='lat' dir='ltr'><strong>caelo;</strong></span> <span class='ocrx_word' id='word_1_157' title='bbox 1576 2832 1750 2886; x_wconf 92' lang='lat' dir='ltr'><strong>neque</strong></span> <span class='ocrx_word' id='word_1_158' title='bbox 1783 2817 2025 2872; x_wconf 88' lang='lat' dir='ltr'><strong>reclusus</strong></span> 
     </span>
    </p>
   </div>
   <div class='ocr_carea' id='block_1_24' title="bbox 454 2907 2025 2979">
    <p class='ocr_par' dir='ltr' id='par_1_24' title="bbox 454 2907 2025 2979">
     <span class='ocr_line' id='line_1_24' title="bbox 454 2907 2025 2979; baseline 0.002 -19"><span class='ocrx_word' id='word_1_159' title='bbox 454 2915 536 2960; x_wconf 83' lang='lat' dir='ltr'><strong>est</strong></span> <span class='ocrx_word' id='word_1_160' title='bbox 559 2945 576 2972; x_wconf 91' lang='lat'><strong>,</strong></span> <span class='ocrx_word' id='word_1_161' title='bbox 605 2921 778 2976; x_wconf 90' lang='lat' dir='ltr'><strong>neque</strong></span> <span class='ocrx_word' id='word_1_162' title='bbox 805 2907 1106 2973; x_wconf 87' lang='lat' dir='ltr'><strong>retinetur,</strong></span> <span class='ocrx_word' id='word_1_163' title='bbox 1138 2923 1311 2979; x_wconf 90' lang='lat' dir='ltr'><strong>neque</strong></span> <span class='ocrx_word' id='word_1_164' title='bbox 1344 2909 1591 2963; x_wconf 78' lang='lat' dir='ltr'><strong>conﬁxus</strong></span> <span class='ocrx_word' id='word_1_165' title='bbox 1632 2920 1717 2963; x_wconf 89' lang='lat' dir='ltr'><strong>est</strong></span> <span class='ocrx_word' id='word_1_166' title='bbox 1745 2923 1760 2962; x_wconf 92' lang='lat'><strong>:</strong></span> <span class='ocrx_word' id='word_1_167' title='bbox 1790 2912 1882 2963; x_wconf 88' lang='lat' dir='ltr'><strong>sed</strong></span> <span class='ocrx_word' id='word_1_168' title='bbox 1908 2926 2025 2964; x_wconf 89' lang='lat' dir='ltr'><strong>om-</strong></span> 
     </span>
    </p>
   </div>
   <div class='ocr_carea' id='block_1_25' title="bbox 455 2997 2027 3071">
    <p class='ocr_par' dir='ltr' id='par_1_25' title="bbox 455 2997 2027 3071">
     <span class='ocr_line' id='line_1_25' title="bbox 455 2997 2027 3071; baseline 0.001 -19"><span class='ocrx_word' id='word_1_169' title='bbox 455 2997 543 3052; x_wconf 87' lang='lat' dir='ltr'><strong>nia</strong></span> <span class='ocrx_word' id='word_1_170' title='bbox 575 3000 790 3067; x_wconf 87' lang='lat' dir='ltr'><strong>quidem</strong></span> <span class='ocrx_word' id='word_1_171' title='bbox 815 3000 1224 3067; x_wconf 87' lang='lat' dir='ltr'><strong>incorporaliter</strong></span> <span class='ocrx_word' id='word_1_172' title='bbox 1250 3001 1484 3071; x_wconf 86' lang='lat' dir='ltr'><strong>complet</strong></span> <span class='ocrx_word' id='word_1_173' title='bbox 1509 3041 1525 3066; x_wconf 94' lang='lat'><strong>,</strong></span> <span class='ocrx_word' id='word_1_174' title='bbox 1552 3003 1619 3055; x_wconf 90' lang='lat' dir='ltr'><strong>ab</strong></span> <span class='ocrx_word' id='word_1_175' title='bbox 1643 3002 1895 3056; x_wconf 91' lang='lat' dir='ltr'><strong>omnibus</strong></span> <span class='ocrx_word' id='word_1_176' title='bbox 1928 3017 2027 3054; x_wconf 89' lang='lat' dir='ltr'><strong>au-</strong></span> 
     </span>
    </p>
   </div>
   <div class='ocr_carea' id='block_1_26' title="bbox 460 3089 2030 3160">
    <p class='ocr_par' dir='ltr' id='par_1_26' title="bbox 460 3089 2030 3160">
     <span class='ocr_line' id='line_1_26' title="bbox 460 3089 2030 3160; baseline 0.004 -19"><span class='ocrx_word' id='word_1_177' title='bbox 460 3096 566 3141; x_wconf 87' lang='lat' dir='ltr'><strong>tem</strong></span> <span class='ocrx_word' id='word_1_178' title='bbox 591 3089 1028 3143; x_wconf 88' lang='lat' dir='ltr'><strong>inenarrabiliter</strong></span> <span class='ocrx_word' id='word_1_179' title='bbox 1053 3100 1135 3145; x_wconf 92' lang='lat' dir='ltr'><strong>est</strong></span> <span class='ocrx_word' id='word_1_180' title='bbox 1158 3099 1460 3160; x_wconf 88' lang='lat' dir='ltr'><strong>separatus.</strong></span> <span class='ocrx_word' id='word_1_181' title='bbox 1497 3091 1607 3146; x_wconf 86' lang='lat' dir='ltr'><strong>Nos</strong></span> <span class='ocrx_word' id='word_1_182' title='bbox 1629 3101 1810 3146; x_wconf 85' lang='lat' dir='ltr'><strong>autem</strong></span> <span class='ocrx_word' id='word_1_183' title='bbox 1845 3103 1898 3145; x_wconf 85' lang='lat' dir='ltr'><strong>et</strong></span> <span class='ocrx_word' id='word_1_184' title='bbox 1921 3092 2030 3148; x_wconf 86' lang='lat' dir='ltr'><strong>late</strong></span> 
     </span>
    </p>
   </div>
   <div class='ocr_carea' id='block_1_27' title="bbox 447 3178 2027 3250">
    <p class='ocr_par' dir='ltr' id='par_1_27' title="bbox 447 3178 2027 3250">
     <span class='ocr_line' id='line_1_27' title="bbox 447 3178 2027 3250; baseline 0.004 -19"><span class='ocrx_word' id='word_1_185' title='bbox 447 3178 749 3232; x_wconf 12' lang='lat' dir='ltr'><strong>eirridemus</strong></span> <span class='ocrx_word' id='word_1_186' title='bbox 773 3195 908 3244; x_wconf 87' lang='lat' dir='ltr'><strong>eos,</strong></span> <span class='ocrx_word' id='word_1_187' title='bbox 947 3181 1035 3250; x_wconf 91' lang='lat' dir='ltr'><strong>qui</strong></span> <span class='ocrx_word' id='word_1_188' title='bbox 1081 3191 1269 3250; x_wconf 89' lang='lat' dir='ltr'><strong>putant</strong></span> <span class='ocrx_word' id='word_1_189' title='bbox 1320 3198 1442 3237; x_wconf 86' lang='lat' dir='ltr'><strong>esse</strong></span> <span class='ocrx_word' id='word_1_190' title='bbox 1472 3181 1668 3248; x_wconf 91' lang='lat' dir='ltr'><strong>Deum,</strong></span> <span class='ocrx_word' id='word_1_191' title='bbox 1723 3192 1815 3237; x_wconf 91' lang='lat' dir='ltr'><strong>aut</strong></span> <span class='ocrx_word' id='word_1_192' title='bbox 1864 3184 2027 3247; x_wconf 91' lang='lat' dir='ltr'><strong>deos,</strong></span> 
     </span>
    </p>
   </div>
   <div class='ocr_carea' id='block_1_28' title="bbox 447 3271 2045 3339">
    <p class='ocr_par' dir='ltr' id='par_1_28' title="bbox 447 3271 2045 3339">
     <span class='ocr_line' id='line_1_28' title="bbox 447 3271 2045 3339; baseline 0.004 -20"><span class='ocrx_word' id='word_1_193' title='bbox 447 3275 720 3336; x_wconf 64' lang='lat' dir='ltr'><strong>itanquam</strong></span> <span class='ocrx_word' id='word_1_194' title='bbox 754 3285 972 3338; x_wconf 86' lang='lat' dir='ltr'><strong>gregem</strong></span> <span class='ocrx_word' id='word_1_195' title='bbox 1023 3271 1308 3339; x_wconf 86' lang='lat' dir='ltr'><strong>quemdam</strong></span> <span class='ocrx_word' id='word_1_196' title='bbox 1357 3271 1625 3326; x_wconf 84' lang='lat' dir='ltr'><strong>reclusum</strong></span> <span class='ocrx_word' id='word_1_197' title='bbox 1669 3273 1720 3326; x_wconf 91' lang='lat' dir='ltr'><strong>iu</strong></span> <span class='ocrx_word' id='word_1_198' title='bbox 1759 3274 1979 3327; x_wconf 90' lang='lat' dir='ltr'><strong>mandra</strong></span> <span class='ocrx_word' id='word_1_199' title='bbox 2012 3290 2045 3326; x_wconf 89' lang='lat'><strong>:.</strong></span> 
     </span>
    </p>
   </div>
   <div class='ocr_carea' id='block_1_29' title="bbox 461 3358 2031 3430">
    <p class='ocr_par' dir='ltr' id='par_1_29' title="bbox 461 3358 2031 3430">
     <span class='ocr_line' id='line_1_29' title="bbox 461 3358 2031 3430; baseline 0.004 -20"><span class='ocrx_word' id='word_1_200' title='bbox 461 3358 660 3428; x_wconf 88' lang='lat' dir='ltr'><strong>quippe</strong></span> <span class='ocrx_word' id='word_1_201' title='bbox 687 3359 839 3412; x_wconf 83' lang='lat' dir='ltr'><strong>valde</strong></span> <span class='ocrx_word' id='word_1_202' title='bbox 879 3367 934 3414; x_wconf 91' lang='lat' dir='ltr'><strong>et</strong></span> <span class='ocrx_word' id='word_1_203' title='bbox 981 3361 1428 3428; x_wconf 83' lang='lat' dir='ltr'><strong>reprehendimus</strong></span> <span class='ocrx_word' id='word_1_204' title='bbox 1471 3375 1599 3427; x_wconf 89' lang='lat' dir='ltr'><strong>eos,</strong></span> <span class='ocrx_word' id='word_1_205' title='bbox 1639 3362 1730 3430; x_wconf 88' lang='lat' dir='ltr'><strong>qui</strong></span> <span class='ocrx_word' id='word_1_206' title='bbox 1760 3363 1942 3417; x_wconf 87' lang='lat' dir='ltr'><strong>volunt</strong></span> <span class='ocrx_word' id='word_1_207' title='bbox 1978 3362 2031 3416; x_wconf 91' lang='lat' dir='ltr'><strong>iu</strong></span> 
     </span>
    </p>
   </div>
   <div class='ocr_carea' id='block_1_30' title="bbox 447 3445 2032 3512">
    <p class='ocr_par' dir='ltr' id='par_1_30' title="bbox 447 3445 2032 3512">
     <span class='ocr_line' id='line_1_30' title="bbox 447 3445 2032 3512; baseline 0.003 -16"><span class='ocrx_word' id='word_1_208' title='bbox 447 3445 773 3502; x_wconf 75' lang='lat' dir='ltr'><strong>:simulaeris</strong></span> <span class='ocrx_word' id='word_1_209' title='bbox 811 3447 1040 3502; x_wconf 76' lang='lat' dir='ltr'><strong>virtutes</strong></span> <span class='ocrx_word' id='word_1_210' title='bbox 1078 3448 1290 3502; x_wconf 89' lang='lat' dir='ltr'><strong>divinas</strong></span> <span class='ocrx_word' id='word_1_211' title='bbox 1335 3447 1577 3502; x_wconf 88' lang='lat' dir='ltr'><strong>reclusas</strong></span> <span class='ocrx_word' id='word_1_212' title='bbox 1617 3447 1840 3512; x_wconf 87' lang='lat' dir='ltr'><strong>haberi,</strong></span> <span class='ocrx_word' id='word_1_213' title='bbox 1882 3463 1949 3504; x_wconf 81' lang='lat' dir='ltr'><strong>ex</strong></span> <span class='ocrx_word' id='word_1_214' title='bbox 1982 3447 2032 3500; x_wconf 90' lang='lat' dir='ltr'><strong>vi</strong></span> 
     </span>
    </p>
   </div>
   <div class='ocr_carea' id='block_1_31' title="bbox 447 3527 2036 3606">
    <p class='ocr_par' dir='ltr' id='par_1_31' title="bbox 447 3527 2036 3606">
     <span class='ocr_line' id='line_1_31' title="bbox 447 3527 2036 3606; baseline -0.002 -12"><span class='ocrx_word' id='word_1_215' title='bbox 447 3527 669 3594; x_wconf 80' lang='lat' dir='ltr'><strong>lscilicet</strong></span> <span class='ocrx_word' id='word_1_216' title='bbox 712 3539 987 3593; x_wconf 82' lang='lat' dir='ltr'><strong>hominum</strong></span> <span class='ocrx_word' id='word_1_217' title='bbox 1014 3539 1392 3606; x_wconf 83' lang='lat' dir='ltr'><strong>malignorum.</strong></span> <span class='ocrx_word' id='word_1_218' title='bbox 1437 3537 1727 3594; x_wconf 89' lang='lat' dir='ltr'><strong>lrridemus</strong></span> <span class='ocrx_word' id='word_1_219' title='bbox 1756 3539 1898 3593; x_wconf 90' lang='lat' dir='ltr'><strong>enim</strong></span> <span class='ocrx_word' id='word_1_220' title='bbox 1941 3552 2036 3592; x_wconf 89' lang='lat' dir='ltr'><strong>eos</strong></span> 
     </span>
    </p>
   </div>
   <div class='ocr_carea' id='block_1_32' title="bbox 448 3629 2036 3700">
    <p class='ocr_par' dir='ltr' id='par_1_32' title="bbox 448 3629 2036 3700">
     <span class='ocr_line' id='line_1_32' title="bbox 448 3629 2036 3700; baseline -0.001 -17"><span class='ocrx_word' id='word_1_221' title='bbox 448 3636 589 3685; x_wconf 82' lang='lat' dir='ltr'><strong>tcum</strong></span> <span class='ocrx_word' id='word_1_222' title='bbox 618 3629 832 3684; x_wconf 87' lang='lat' dir='ltr'><strong>habitus</strong></span> <span class='ocrx_word' id='word_1_223' title='bbox 859 3631 1087 3700; x_wconf 89' lang='lat' dir='ltr'><strong>appositi</strong></span> <span class='ocrx_word' id='word_1_224' title='bbox 1121 3631 1326 3685; x_wconf 82' lang='lat' dir='ltr'><strong>fuerint</strong></span> <span class='ocrx_word' id='word_1_225' title='bbox 1360 3631 1413 3685; x_wconf 86' lang='lat' dir='ltr'><strong>in</strong></span> <span class='ocrx_word' id='word_1_226' title='bbox 1456 3630 1789 3694; x_wconf 87' lang='lat' dir='ltr'><strong>simulacris,</strong></span> <span class='ocrx_word' id='word_1_227' title='bbox 1822 3629 2036 3698; x_wconf 90' lang='lat' dir='ltr'><strong>quidam</strong></span> 
     </span>
    </p>
   </div>
   <div class='ocr_carea' id='block_1_33' title="bbox 449 3721 2038 3791">
    <p class='ocr_par' dir='ltr' id='par_1_33' title="bbox 449 3721 2038 3791">
     <span class='ocr_line' id='line_1_33' title="bbox 449 3721 2038 3791; baseline -0.001 -16"><span class='ocrx_word' id='word_1_228' title='bbox 449 3721 686 3790; x_wconf 87' lang='lat' dir='ltr'><strong>lquidem</strong></span> <span class='ocrx_word' id='word_1_229' title='bbox 723 3722 1078 3786; x_wconf 88' lang='lat' dir='ltr'><strong>feminarum,</strong></span> <span class='ocrx_word' id='word_1_230' title='bbox 1139 3723 1356 3791; x_wconf 86' lang='lat' dir='ltr'><strong>quidam</strong></span> <span class='ocrx_word' id='word_1_231' title='bbox 1406 3733 1583 3776; x_wconf 89' lang='lat' dir='ltr'><strong>autem</strong></span> <span class='ocrx_word' id='word_1_232' title='bbox 1637 3723 2038 3787; x_wconf 81' lang='lat' dir='ltr'><strong>masculorum,</strong></span> 
     </span>
    </p>
   </div>
   <div class='ocr_carea' id='block_1_34' title="bbox 450 3812 2040 3882">
    <p class='ocr_par' dir='ltr' id='par_1_34' title="bbox 450 3812 2040 3882">
     <span class='ocr_line' id='line_1_34' title="bbox 450 3812 2040 3882; baseline 0 -16"><span class='ocrx_word' id='word_1_233' title='bbox 450 3815 520 3878; x_wconf 71' lang='lat' dir='ltr'><strong>{et</strong></span> <span class='ocrx_word' id='word_1_234' title='bbox 545 3812 986 3881; x_wconf 86' lang='lat' dir='ltr'><strong>quadrupedum.</strong></span> <span class='ocrx_word' id='word_1_235' title='bbox 1014 3824 1069 3868; x_wconf 92' lang='lat' dir='ltr'><strong>et</strong></span> <span class='ocrx_word' id='word_1_236' title='bbox 1109 3813 1464 3882; x_wconf 85' lang='lat' dir='ltr'><strong>serpentium.</strong></span> <span class='ocrx_word' id='word_1_237' title='bbox 1501 3813 1730 3867; x_wconf 86' lang='lat' dir='ltr'><strong>Tantum</strong></span> <span class='ocrx_word' id='word_1_238' title='bbox 1773 3813 1918 3867; x_wconf 90' lang='lat' dir='ltr'><strong>enim</strong></span> <span class='ocrx_word' id='word_1_239' title='bbox 1959 3812 2040 3866; x_wconf 89' lang='lat' dir='ltr'><strong>lu-</strong></span> 
     </span>
    </p>
   </div>
   <div class='ocr_carea' id='block_1_35' title="bbox 450 3896 2046 3987">
    <p class='ocr_par' dir='ltr' id='par_1_35' title="bbox 450 3896 2046 3987">
     <span class='ocr_line' id='line_1_35' title="bbox 450 3896 2046 3987; baseline -0.001 -31"><span class='ocrx_word' id='word_1_240' title='bbox 450 3896 618 3987; x_wconf 76' lang='lat' dir='ltr'><strong>[crum</strong></span> <span class='ocrx_word' id='word_1_241' title='bbox 641 3903 885 3971; x_wconf 85' lang='lat' dir='ltr'><strong>capimus</strong></span> <span class='ocrx_word' id='word_1_242' title='bbox 916 3919 979 3958; x_wconf 79' lang='lat' dir='ltr'><strong>ex</strong></span> <span class='ocrx_word' id='word_1_243' title='bbox 1015 3903 1223 3969; x_wconf 88' lang='lat' dir='ltr'><strong>iisdem,</strong></span> <span class='ocrx_word' id='word_1_244' title='bbox 1243 3903 1366 3971; x_wconf 90' lang='lat' dir='ltr'><strong>quia</strong></span> <span class='ocrx_word' id='word_1_245' title='bbox 1395 3918 1461 3956; x_wconf 84' lang='lat' dir='ltr'><strong>ex</strong></span> <span class='ocrx_word' id='word_1_246' title='bbox 1495 3902 1578 3956; x_wconf 90' lang='lat' dir='ltr'><strong>his</strong></span> <span class='ocrx_word' id='word_1_247' title='bbox 1607 3917 1728 3971; x_wconf 67' lang='lat' dir='ltr'><strong>quae</strong></span> <span class='ocrx_word' id='word_1_248' title='bbox 1759 3901 1848 3954; x_wconf 89' lang='lat' dir='ltr'><strong>alii</strong></span> <span class='ocrx_word' id='word_1_249' title='bbox 1887 3900 2046 3956; x_wconf 89' lang='lat' dir='ltr'><strong>aliter</strong></span> 
     </span>
    </p>
   </div>
   <div class='ocr_carea' id='block_1_36' title="bbox 452 3994 2047 4065">
    <p class='ocr_par' dir='ltr' id='par_1_36' title="bbox 452 3994 2047 4065">
     <span class='ocr_line' id='line_1_36' title="bbox 452 3994 2047 4065; baseline 0 -19"><span class='ocrx_word' id='word_1_250' title='bbox 452 4001 522 4063; x_wconf 62' lang='lat' dir='ltr'><strong>iet</strong></span> <span class='ocrx_word' id='word_1_251' title='bbox 550 3994 738 4050; x_wconf 88' lang='lat' dir='ltr'><strong>dicunt</strong></span> <span class='ocrx_word' id='word_1_252' title='bbox 759 4005 814 4050; x_wconf 88' lang='lat' dir='ltr'><strong>et</strong></span> <span class='ocrx_word' id='word_1_253' title='bbox 834 4005 1032 4065; x_wconf 88' lang='lat' dir='ltr'><strong>agunt,</strong></span> <span class='ocrx_word' id='word_1_254' title='bbox 1059 4005 1113 4049; x_wconf 92' lang='lat' dir='ltr'><strong>et</strong></span> <span class='ocrx_word' id='word_1_255' title='bbox 1144 3995 1378 4048; x_wconf 83' lang='lat' dir='ltr'><strong>conﬂant</strong></span> <span class='ocrx_word' id='word_1_256' title='bbox 1415 4003 1469 4048; x_wconf 89' lang='lat' dir='ltr'><strong>et</strong></span> <span class='ocrx_word' id='word_1_257' title='bbox 1513 3994 1875 4056; x_wconf 86' lang='lat' dir='ltr'><strong>dissentiunt,</strong></span> <span class='ocrx_word' id='word_1_258' title='bbox 1917 4009 2047 4048; x_wconf 84' lang='lat' dir='ltr'><strong>con-</strong></span> 
     </span>
    </p>
   </div>
   <div class='ocr_carea' id='block_1_37' title="bbox 455 4077 2049 4168">
    <p class='ocr_par' dir='ltr' id='par_1_37' title="bbox 455 4077 2049 4168">
     <span class='ocr_line' id='line_1_37' title="bbox 455 4077 2049 4168; baseline -0.003 -32"><span class='ocrx_word' id='word_1_259' title='bbox 455 4079 694 4168; x_wconf 44' lang='lat' dir='ltr'><strong>iﬁtentur</strong></span> <span class='ocrx_word' id='word_1_260' title='bbox 729 4084 855 4153; x_wconf 84' lang='lat' dir='ltr'><strong>quia</strong></span> <span class='ocrx_word' id='word_1_261' title='bbox 905 4099 1026 4137; x_wconf 90' lang='lat' dir='ltr'><strong>eum</strong></span> <span class='ocrx_word' id='word_1_262' title='bbox 1079 4083 1168 4152; x_wconf 90' lang='lat' dir='ltr'><strong>qui</strong></span> <span class='ocrx_word' id='word_1_263' title='bbox 1225 4081 1486 4150; x_wconf 63' lang='lat' dir='ltr'><strong>quaeritur</strong></span> <span class='ocrx_word' id='word_1_264' title='bbox 1543 4080 1812 4150; x_wconf 81' lang='lat' dir='ltr'><strong>ignorant.</strong></span> <span class='ocrx_word' id='word_1_265' title='bbox 1865 4077 2049 4147; x_wconf 90' lang='lat' dir='ltr'><strong>Neque</strong></span> 
     </span>
    </p>
   </div>
   <div class='ocr_carea' id='block_1_38' title="bbox 2126 1605 3700 1677">
    <p class='ocr_par' dir='ltr' id='par_1_38' title="bbox 2126 1605 3700 1677">
     <span class='ocr_line' id='line_1_38' title="bbox 2126 1605 3700 1677; baseline -0.006 -13"><span class='ocrx_word' id='word_1_266' title='bbox 2126 1626 2212 1665; x_wconf 88' lang='lat' dir='ltr'><strong>res</strong></span> <span class='ocrx_word' id='word_1_267' title='bbox 2244 1619 2423 1664; x_wconf 89' lang='lat' dir='ltr'><strong>autem</strong></span> <span class='ocrx_word' id='word_1_268' title='bbox 2459 1617 2514 1664; x_wconf 89' lang='lat' dir='ltr'><strong>et</strong></span> <span class='ocrx_word' id='word_1_269' title='bbox 2543 1608 2736 1677; x_wconf 74' lang='lat' dir='ltr'><strong>planta:</strong></span> <span class='ocrx_word' id='word_1_270' title='bbox 2762 1607 2828 1659; x_wconf 89' lang='lat' dir='ltr'><strong>ad</strong></span> <span class='ocrx_word' id='word_1_271' title='bbox 2866 1606 2916 1659; x_wconf 94' lang='lat' dir='ltr'><strong>id</strong></span> <span class='ocrx_word' id='word_1_272' title='bbox 2951 1605 3092 1673; x_wconf 92' lang='lat' dir='ltr'><strong>quod</strong></span> <span class='ocrx_word' id='word_1_273' title='bbox 3136 1613 3260 1656; x_wconf 89' lang='lat' dir='ltr'><strong>sunt</strong></span> <span class='ocrx_word' id='word_1_274' title='bbox 3287 1607 3700 1671; x_wconf 83' lang='lat' dir='ltr'><strong>assumpserunt</strong></span> 
     </span>
    </p>
   </div>
   <div class='ocr_carea' id='block_1_39' title="bbox 2125 1698 3697 1771">
    <p class='ocr_par' dir='ltr' id='par_1_39' title="bbox 2125 1698 3697 1771">
     <span class='ocr_line' id='line_1_39' title="bbox 2125 1698 3697 1771; baseline -0.008 -14"><span class='ocrx_word' id='word_1_275' title='bbox 2125 1712 2182 1757; x_wconf 93' lang='lat' dir='ltr'><strong>ut</strong></span> <span class='ocrx_word' id='word_1_276' title='bbox 2228 1711 2284 1758; x_wconf 90' lang='lat' dir='ltr'><strong>et</strong></span> <span class='ocrx_word' id='word_1_277' title='bbox 2311 1709 2692 1771; x_wconf 77' lang='lat' dir='ltr'><strong>exsurgerent,</strong></span> <span class='ocrx_word' id='word_1_278' title='bbox 2731 1710 2786 1753; x_wconf 89' lang='lat' dir='ltr'><strong>et</strong></span> <span class='ocrx_word' id='word_1_279' title='bbox 2829 1698 3231 1768; x_wconf 80' lang='lat' dir='ltr'><strong>gerininarent,</strong></span> <span class='ocrx_word' id='word_1_280' title='bbox 3259 1706 3315 1749; x_wconf 89' lang='lat' dir='ltr'><strong>et</strong></span> <span class='ocrx_word' id='word_1_281' title='bbox 3345 1701 3697 1757; x_wconf 88' lang='lat' dir='ltr'><strong>crescerent,</strong></span> 
     </span>
    </p>
   </div>
   <div class='ocr_carea' id='block_1_40' title="bbox 2123 1784 3698 1864">
    <p class='ocr_par' dir='ltr' id='par_1_40' title="bbox 2123 1784 3698 1864">
     <span class='ocr_line' id='line_1_40' title="bbox 2123 1784 3698 1864; baseline -0.007 -15"><span class='ocrx_word' id='word_1_282' title='bbox 2123 1804 2177 1848; x_wconf 88' lang='lat' dir='ltr'><strong>et</strong></span> <span class='ocrx_word' id='word_1_283' title='bbox 2230 1803 2626 1864; x_wconf 84' lang='lat' dir='ltr'><strong>pascerentur:</strong></span> <span class='ocrx_word' id='word_1_284' title='bbox 2665 1790 2917 1844; x_wconf 88' lang='lat' dir='ltr'><strong>animalia</strong></span> <span class='ocrx_word' id='word_1_285' title='bbox 2965 1799 3146 1843; x_wconf 89' lang='lat' dir='ltr'><strong>autem</strong></span> <span class='ocrx_word' id='word_1_286' title='bbox 3201 1785 3586 1840; x_wconf 85' lang='lat' dir='ltr'><strong>irrationabilia</strong></span> <span class='ocrx_word' id='word_1_287' title='bbox 3629 1784 3698 1838; x_wconf 89' lang='lat' dir='ltr'><strong>ad</strong></span> 
     </span>
    </p>
   </div>
   <div class='ocr_carea' id='block_1_41' title="bbox 2123 1881 3698 1955">
    <p class='ocr_par' dir='ltr' id='par_1_41' title="bbox 2123 1881 3698 1955">
     <span class='ocr_line' id='line_1_41' title="bbox 2123 1881 3698 1955; baseline -0.007 -14"><span class='ocrx_word' id='word_1_288' title='bbox 2123 1902 2185 1941; x_wconf 91' lang='lat' dir='ltr'><strong>ea</strong></span> <span class='ocrx_word' id='word_1_289' title='bbox 2212 1901 2333 1955; x_wconf 57' lang='lat' dir='ltr'><strong>quae</strong></span> <span class='ocrx_word' id='word_1_290' title='bbox 2361 1885 2502 1939; x_wconf 87' lang='lat' dir='ltr'><strong>dicta</strong></span> <span class='ocrx_word' id='word_1_291' title='bbox 2535 1893 2659 1938; x_wconf 93' lang='lat' dir='ltr'><strong>sunt</strong></span> <span class='ocrx_word' id='word_1_292' title='bbox 2689 1883 2851 1938; x_wconf 90' lang='lat' dir='ltr'><strong>etiam</strong></span> <span class='ocrx_word' id='word_1_293' title='bbox 2887 1881 2986 1936; x_wconf 89' lang='lat' dir='ltr'><strong>hoc</strong></span> <span class='ocrx_word' id='word_1_294' title='bbox 3016 1889 3420 1948; x_wconf 88' lang='lat' dir='ltr'><strong>assumpserunt</strong></span> <span class='ocrx_word' id='word_1_295' title='bbox 3442 1919 3456 1941; x_wconf 93' lang='lat'><strong>,</strong></span> <span class='ocrx_word' id='word_1_296' title='bbox 3481 1885 3538 1931; x_wconf 93' lang='lat' dir='ltr'><strong>nt</strong></span> <span class='ocrx_word' id='word_1_297' title='bbox 3569 1893 3698 1932; x_wconf 85' lang='lat' dir='ltr'><strong>sen-</strong></span> 
     </span>
    </p>
   </div>
   <div class='ocr_carea' id='block_1_42' title="bbox 2124 1970 3694 2033">
    <p class='ocr_par' dir='ltr' id='par_1_42' title="bbox 2124 1970 3694 2033">
     <span class='ocr_line' id='line_1_42' title="bbox 2124 1970 3694 2033; baseline -0.006 -1"><span class='ocrx_word' id='word_1_298' title='bbox 2124 1978 2354 2033; x_wconf 88' lang='lat' dir='ltr'><strong>sibilitas</strong></span> <span class='ocrx_word' id='word_1_299' title='bbox 2380 1986 2523 2031; x_wconf 89' lang='lat' dir='ltr'><strong>esset</strong></span> <span class='ocrx_word' id='word_1_300' title='bbox 2543 1977 2594 2030; x_wconf 91' lang='lat' dir='ltr'><strong>in</strong></span> <span class='ocrx_word' id='word_1_301' title='bbox 2630 1975 2730 2030; x_wconf 89' lang='lat' dir='ltr'><strong>eis.</strong></span> <span class='ocrx_word' id='word_1_302' title='bbox 2763 1973 2870 2028; x_wconf 87' lang='lat' dir='ltr'><strong>Nos</strong></span> <span class='ocrx_word' id='word_1_303' title='bbox 2905 1989 3032 2027; x_wconf 87' lang='lat' dir='ltr'><strong>vero</strong></span> <span class='ocrx_word' id='word_1_304' title='bbox 3056 1988 3178 2027; x_wconf 90' lang='lat' dir='ltr'><strong>cum</strong></span> <span class='ocrx_word' id='word_1_305' title='bbox 3211 1972 3294 2024; x_wconf 93' lang='lat' dir='ltr'><strong>his</strong></span> <span class='ocrx_word' id='word_1_306' title='bbox 3325 1970 3578 2025; x_wconf 89' lang='lat' dir='ltr'><strong>omnibus</strong></span> <span class='ocrx_word' id='word_1_307' title='bbox 3604 1983 3694 2023; x_wconf 89' lang='lat' dir='ltr'><strong>ac-</strong></span> 
     </span>
    </p>
   </div>
   <div class='ocr_carea' id='block_1_43' title="bbox 2124 2063 3701 2138">
    <p class='ocr_par' dir='ltr' id='par_1_43' title="bbox 2124 2063 3701 2138">
     <span class='ocr_line' id='line_1_43' title="bbox 2124 2063 3701 2138; baseline -0.006 -15"><span class='ocrx_word' id='word_1_308' title='bbox 2124 2069 2364 2138; x_wconf 88' lang='lat' dir='ltr'><strong>cepimus</strong></span> <span class='ocrx_word' id='word_1_309' title='bbox 2419 2067 2710 2134; x_wconf 87' lang='lat' dir='ltr'><strong>cogitatum</strong></span> <span class='ocrx_word' id='word_1_310' title='bbox 2751 2075 2807 2119; x_wconf 91' lang='lat' dir='ltr'><strong>et</strong></span> <span class='ocrx_word' id='word_1_311' title='bbox 2859 2080 3121 2128; x_wconf 87' lang='lat' dir='ltr'><strong>sensum,</strong></span> <span class='ocrx_word' id='word_1_312' title='bbox 3158 2072 3212 2117; x_wconf 84' lang='lat' dir='ltr'><strong>et</strong></span> <span class='ocrx_word' id='word_1_313' title='bbox 3267 2063 3332 2116; x_wconf 89' lang='lat' dir='ltr'><strong>ad</strong></span> <span class='ocrx_word' id='word_1_314' title='bbox 3381 2077 3477 2115; x_wconf 90' lang='lat' dir='ltr'><strong>nos</strong></span> <span class='ocrx_word' id='word_1_315' title='bbox 3528 2073 3701 2128; x_wconf 85' lang='lat' dir='ltr'><strong>usque</strong></span> 
     </span>
    </p>
   </div>
   <div class='ocr_carea' id='block_1_44' title="bbox 2125 2152 3700 2230">
    <p class='ocr_par' dir='ltr' id='par_1_44' title="bbox 2125 2152 3700 2230">
     <span class='ocr_line' id='line_1_44' title="bbox 2125 2152 3700 2230; baseline -0.006 -16"><span class='ocrx_word' id='word_1_316' title='bbox 2125 2176 2337 2230; x_wconf 85' lang='lat' dir='ltr'><strong>semper</strong></span> <span class='ocrx_word' id='word_1_317' title='bbox 2357 2160 2507 2228; x_wconf 92' lang='lat' dir='ltr'><strong>quod</strong></span> <span class='ocrx_word' id='word_1_318' title='bbox 2537 2168 2656 2212; x_wconf 86' lang='lat' dir='ltr'><strong>erat</strong></span> <span class='ocrx_word' id='word_1_319' title='bbox 2691 2159 3006 2212; x_wconf 84' lang='lat' dir='ltr'><strong>honoratius</strong></span> <span class='ocrx_word' id='word_1_320' title='bbox 3027 2198 3042 2221; x_wconf 86' lang='lat'><strong>,</strong></span> <span class='ocrx_word' id='word_1_321' title='bbox 3088 2156 3455 2211; x_wconf 89' lang='lat' dir='ltr'><strong>additamento</strong></span> <span class='ocrx_word' id='word_1_322' title='bbox 3500 2152 3700 2214; x_wconf 69' lang='lat' dir='ltr'><strong>elﬁcie-</strong></span> 
     </span>
    </p>
   </div>
   <div class='ocr_carea' id='block_1_45' title="bbox 2123 2243 3697 2315">
    <p class='ocr_par' dir='ltr' id='par_1_45' title="bbox 2123 2243 3697 2315">
     <span class='ocr_line' id='line_1_45' title="bbox 2123 2243 3697 2315; baseline -0.004 -12"><span class='ocrx_word' id='word_1_323' title='bbox 2123 2250 2320 2305; x_wconf 87' lang='lat' dir='ltr'><strong>bautur</strong></span> <span class='ocrx_word' id='word_1_324' title='bbox 2354 2248 2727 2302; x_wconf 80' lang='lat' dir='ltr'><strong>lionoratiora.</strong></span> <span class='ocrx_word' id='word_1_325' title='bbox 2762 2246 2929 2301; x_wconf 89' lang='lat' dir='ltr'><strong>Nobis</strong></span> <span class='ocrx_word' id='word_1_326' title='bbox 2971 2257 3148 2300; x_wconf 90' lang='lat' dir='ltr'><strong>autem</strong></span> <span class='ocrx_word' id='word_1_327' title='bbox 3183 2245 3249 2298; x_wconf 88' lang='lat' dir='ltr'><strong>ad</strong></span> <span class='ocrx_word' id='word_1_328' title='bbox 3280 2247 3556 2315; x_wconf 85' lang='lat' dir='ltr'><strong>superiora</strong></span> <span class='ocrx_word' id='word_1_329' title='bbox 3586 2243 3697 2313; x_wconf 81' lang='lat' dir='ltr'><strong>iam</strong></span> 
     </span>
    </p>
   </div>
   <div class='ocr_carea' id='block_1_46' title="bbox 2125 2333 3702 2406">
    <p class='ocr_par' dir='ltr' id='par_1_46' title="bbox 2125 2333 3702 2406">
     <span class='ocr_line' id='line_1_46' title="bbox 2125 2333 3702 2406; baseline -0.002 -16"><span class='ocrx_word' id='word_1_330' title='bbox 2125 2354 2228 2391; x_wconf 91' lang='lat' dir='ltr'><strong>nou</strong></span> <span class='ocrx_word' id='word_1_331' title='bbox 2255 2353 2319 2390; x_wconf 81' lang='lat' dir='ltr'><strong>cx</strong></span> <span class='ocrx_word' id='word_1_332' title='bbox 2356 2336 2740 2390; x_wconf 88' lang='lat' dir='ltr'><strong>additamentis</strong></span> <span class='ocrx_word' id='word_1_333' title='bbox 2762 2336 3076 2406; x_wconf 74' lang='lat' dir='ltr'><strong>agnoscitur</strong></span> <span class='ocrx_word' id='word_1_334' title='bbox 3097 2335 3326 2404; x_wconf 85' lang='lat' dir='ltr'><strong>dignitas</strong></span> <span class='ocrx_word' id='word_1_335' title='bbox 3347 2374 3362 2397; x_wconf 91' lang='lat'><strong>,</strong></span> <span class='ocrx_word' id='word_1_336' title='bbox 3391 2335 3484 2387; x_wconf 86' lang='lat' dir='ltr'><strong>sed</strong></span> <span class='ocrx_word' id='word_1_337' title='bbox 3519 2333 3563 2387; x_wconf 89' lang='lat' dir='ltr'><strong>si</strong></span> <span class='ocrx_word' id='word_1_338' title='bbox 3589 2333 3702 2387; x_wconf 85' lang='lat' dir='ltr'><strong>for-</strong></span> 
     </span>
    </p>
   </div>
   <div class='ocr_carea' id='block_1_47' title="bbox 2127 2427 3696 2484">
    <p class='ocr_par' dir='ltr' id='par_1_47' title="bbox 2127 2427 3696 2484">
     <span class='ocr_line' id='line_1_47' title="bbox 2127 2427 3696 2484; baseline -0.001 -2"><span class='ocrx_word' id='word_1_339' title='bbox 2127 2439 2176 2484; x_wconf 90' lang='lat' dir='ltr'><strong>te</strong></span> <span class='ocrx_word' id='word_1_340' title='bbox 2205 2446 2232 2482; x_wconf 89' lang='lat' dir='ltr'><strong>a</strong></span> <span class='ocrx_word' id='word_1_341' title='bbox 2279 2429 2708 2484; x_wconf 88' lang='lat' dir='ltr'><strong>detractionibus</strong></span> <span class='ocrx_word' id='word_1_342' title='bbox 2742 2446 2755 2483; x_wconf 90' lang='lat'><strong>:</strong></span> <span class='ocrx_word' id='word_1_343' title='bbox 2789 2428 3178 2482; x_wconf 89' lang='lat' dir='ltr'><strong>detractionem</strong></span> <span class='ocrx_word' id='word_1_344' title='bbox 3215 2437 3394 2480; x_wconf 84' lang='lat' dir='ltr'><strong>autem</strong></span> <span class='ocrx_word' id='word_1_345' title='bbox 3426 2427 3546 2481; x_wconf 90' lang='lat' dir='ltr'><strong>dico</strong></span> <span class='ocrx_word' id='word_1_346' title='bbox 3591 2441 3696 2480; x_wconf 88' lang='lat' dir='ltr'><strong>non</strong></span> 
     </span>
    </p>
   </div>
   <div class='ocr_carea' id='block_1_48' title="bbox 2124 2517 3697 2591">
    <p class='ocr_par' dir='ltr' id='par_1_48' title="bbox 2124 2517 3697 2591">
     <span class='ocr_line' id='line_1_48' title="bbox 2124 2517 3697 2591; baseline -0.003 -15"><span class='ocrx_word' id='word_1_347' title='bbox 2124 2539 2187 2576; x_wconf 79' lang='lat' dir='ltr'><strong>ex</strong></span> <span class='ocrx_word' id='word_1_348' title='bbox 2222 2523 2305 2576; x_wconf 91' lang='lat' dir='ltr'><strong>his</strong></span> <span class='ocrx_word' id='word_1_349' title='bbox 2328 2537 2446 2591; x_wconf 83' lang='lat' dir='ltr'><strong>qua-</strong></span> <span class='ocrx_word' id='word_1_350' title='bbox 2473 2521 2582 2591; x_wconf 85' lang='lat' dir='ltr'><strong>jam</strong></span> <span class='ocrx_word' id='word_1_351' title='bbox 2613 2528 2738 2574; x_wconf 90' lang='lat' dir='ltr'><strong>sunt</strong></span> <span class='ocrx_word' id='word_1_352' title='bbox 2775 2529 2829 2574; x_wconf 94' lang='lat' dir='ltr'><strong>et</strong></span> <span class='ocrx_word' id='word_1_353' title='bbox 2862 2520 3162 2584; x_wconf 85' lang='lat' dir='ltr'><strong>habentur,</strong></span> <span class='ocrx_word' id='word_1_354' title='bbox 3191 2518 3518 2572; x_wconf 87' lang='lat' dir='ltr'><strong>ablatiouem</strong></span> <span class='ocrx_word' id='word_1_355' title='bbox 3543 2555 3558 2580; x_wconf 91' lang='lat'><strong>,</strong></span> <span class='ocrx_word' id='word_1_356' title='bbox 3601 2517 3697 2571; x_wconf 86' lang='lat' dir='ltr'><strong>sed</strong></span> 
     </span>
    </p>
   </div>
   <div class='ocr_carea' id='block_1_49' title="bbox 2132 2609 3698 2681">
    <p class='ocr_par' dir='ltr' id='par_1_49' title="bbox 2132 2609 3698 2681">
     <span class='ocr_line' id='line_1_49' title="bbox 2132 2609 3698 2681; baseline -0.002 -16"><span class='ocrx_word' id='word_1_357' title='bbox 2132 2614 2302 2681; x_wconf 88' lang='lat' dir='ltr'><strong>ipsam</strong></span> <span class='ocrx_word' id='word_1_358' title='bbox 2339 2621 2587 2664; x_wconf 85' lang='lat' dir='ltr'><strong>naturam</strong></span> <span class='ocrx_word' id='word_1_359' title='bbox 2612 2625 2732 2680; x_wconf 69' lang='lat' dir='ltr'><strong>qua:</strong></span> <span class='ocrx_word' id='word_1_360' title='bbox 2765 2625 2872 2664; x_wconf 92' lang='lat' dir='ltr'><strong>non</strong></span> <span class='ocrx_word' id='word_1_361' title='bbox 2906 2609 3134 2678; x_wconf 90' lang='lat' dir='ltr'><strong>indiguit</strong></span> <span class='ocrx_word' id='word_1_362' title='bbox 3165 2609 3318 2663; x_wconf 83' lang='lat' dir='ltr'><strong>istis:</strong></span> <span class='ocrx_word' id='word_1_363' title='bbox 3353 2617 3410 2663; x_wconf 92' lang='lat' dir='ltr'><strong>ut</strong></span> <span class='ocrx_word' id='word_1_364' title='bbox 3439 2617 3564 2678; x_wconf 85' lang='lat' dir='ltr'><strong>puta</strong></span> <span class='ocrx_word' id='word_1_365' title='bbox 3592 2624 3698 2664; x_wconf 87' lang='lat' dir='ltr'><strong>non</strong></span> 
     </span>
    </p>
   </div>
   <div class='ocr_carea' id='block_1_50' title="bbox 2125 2701 3700 2770">
    <p class='ocr_par' dir='ltr' id='par_1_50' title="bbox 2125 2701 3700 2770">
     <span class='ocr_line' id='line_1_50' title="bbox 2125 2701 3700 2770; baseline -0.001 -14"><span class='ocrx_word' id='word_1_366' title='bbox 2125 2703 2286 2757; x_wconf 85' lang='lat' dir='ltr'><strong>habet</strong></span> <span class='ocrx_word' id='word_1_367' title='bbox 2353 2715 2572 2755; x_wconf 84' lang='lat' dir='ltr'><strong>necesse</strong></span> <span class='ocrx_word' id='word_1_368' title='bbox 2628 2701 2938 2770; x_wconf 81' lang='lat' dir='ltr'><strong>angelorum</strong></span> <span class='ocrx_word' id='word_1_369' title='bbox 3004 2715 3248 2755; x_wconf 89' lang='lat' dir='ltr'><strong>crescere</strong></span> <span class='ocrx_word' id='word_1_370' title='bbox 3281 2709 3471 2754; x_wconf 88' lang='lat' dir='ltr'><strong>natura</strong></span> <span class='ocrx_word' id='word_1_371' title='bbox 3514 2717 3528 2752; x_wconf 90' lang='lat'>:</span> <span class='ocrx_word' id='word_1_372' title='bbox 3581 2716 3700 2769; x_wconf 75' lang='lat' dir='ltr'><strong>quze</strong></span> 
     </span>
    </p>
   </div>
   <div class='ocr_carea' id='block_1_51' title="bbox 2127 2788 3696 2860">
    <p class='ocr_par' dir='ltr' id='par_1_51' title="bbox 2127 2788 3696 2860">
     <span class='ocr_line' id='line_1_51' title="bbox 2127 2788 3696 2860; baseline -0.002 -14"><span class='ocrx_word' id='word_1_373' title='bbox 2127 2793 2270 2846; x_wconf 88' lang='lat' dir='ltr'><strong>enim</strong></span> <span class='ocrx_word' id='word_1_374' title='bbox 2300 2806 2404 2846; x_wconf 89' lang='lat' dir='ltr'><strong>non</strong></span> <span class='ocrx_word' id='word_1_375' title='bbox 2443 2801 2739 2860; x_wconf 82' lang='lat' dir='ltr'><strong>augentur,</strong></span> <span class='ocrx_word' id='word_1_376' title='bbox 2771 2799 2827 2844; x_wconf 91' lang='lat' dir='ltr'><strong>et</strong></span> <span class='ocrx_word' id='word_1_377' title='bbox 2862 2805 2966 2843; x_wconf 89' lang='lat' dir='ltr'><strong>non</strong></span> <span class='ocrx_word' id='word_1_378' title='bbox 2997 2791 3340 2844; x_wconf 91' lang='lat' dir='ltr'><strong>minuuntur.</strong></span> <span class='ocrx_word' id='word_1_379' title='bbox 3379 2788 3516 2855; x_wconf 85' lang='lat' dir='ltr'><strong>Quid</strong></span> <span class='ocrx_word' id='word_1_380' title='bbox 3569 2803 3696 2859; x_wconf 88' lang='lat' dir='ltr'><strong>ergo</strong></span> 
     </span>
    </p>
   </div>
   <div class='ocr_carea' id='block_1_52' title="bbox 2129 2881 3703 2952">
    <p class='ocr_par' dir='ltr' id='par_1_52' title="bbox 2129 2881 3703 2952">
     <span class='ocr_line' id='line_1_52' title="bbox 2129 2881 3703 2952; baseline -0.002 -14"><span class='ocrx_word' id='word_1_381' title='bbox 2129 2884 2356 2939; x_wconf 87' lang='lat' dir='ltr'><strong>inferior</strong></span> <span class='ocrx_word' id='word_1_382' title='bbox 2389 2894 2474 2938; x_wconf 91' lang='lat' dir='ltr'><strong>est</strong></span> <span class='ocrx_word' id='word_1_383' title='bbox 2504 2891 2698 2937; x_wconf 89' lang='lat' dir='ltr'><strong>natura</strong></span> <span class='ocrx_word' id='word_1_384' title='bbox 2749 2882 3094 2952; x_wconf 77' lang='lat' dir='ltr'><strong>angelorum,</strong></span> <span class='ocrx_word' id='word_1_385' title='bbox 3134 2883 3259 2952; x_wconf 88' lang='lat' dir='ltr'><strong>quia</strong></span> <span class='ocrx_word' id='word_1_386' title='bbox 3309 2881 3533 2937; x_wconf 88' lang='lat' dir='ltr'><strong>arbores</strong></span> <span class='ocrx_word' id='word_1_387' title='bbox 3583 2883 3703 2948; x_wconf 84' lang='lat' dir='ltr'><strong>qui-</strong></span> 
     </span>
    </p>
   </div>
   <div class='ocr_carea' id='block_1_53' title="bbox 2129 2973 3704 3043">
    <p class='ocr_par' dir='ltr' id='par_1_53' title="bbox 2129 2973 3704 3043">
     <span class='ocr_line' id='line_1_53' title="bbox 2129 2973 3704 3043; baseline -0.002 -15"><span class='ocrx_word' id='word_1_388' title='bbox 2129 2975 2247 3028; x_wconf 90' lang='lat' dir='ltr'><strong>dem</strong></span> <span class='ocrx_word' id='word_1_389' title='bbox 2275 2982 2331 3028; x_wconf 87' lang='lat' dir='ltr'><strong>et</strong></span> <span class='ocrx_word' id='word_1_390' title='bbox 2370 2973 2567 3043; x_wconf 71' lang='lat' dir='ltr'><strong>planta:</strong></span> <span class='ocrx_word' id='word_1_391' title='bbox 2596 2982 2930 3042; x_wconf 87' lang='lat' dir='ltr'><strong>pascuntur,</strong></span> <span class='ocrx_word' id='word_1_392' title='bbox 2964 2982 3018 3026; x_wconf 90' lang='lat' dir='ltr'><strong>et</strong></span> <span class='ocrx_word' id='word_1_393' title='bbox 3063 2980 3346 3038; x_wconf 86' lang='lat' dir='ltr'><strong>crescunt,</strong></span> <span class='ocrx_word' id='word_1_394' title='bbox 3396 2981 3450 3025; x_wconf 90' lang='lat' dir='ltr'><strong>et</strong></span> <span class='ocrx_word' id='word_1_395' title='bbox 3500 2973 3704 3026; x_wconf 81' lang='lat' dir='ltr'><strong>addita-</strong></span> 
     </span>
    </p>
   </div>
   <div class='ocr_carea' id='block_1_54' title="bbox 2131 3063 3702 3133">
    <p class='ocr_par' dir='ltr' id='par_1_54' title="bbox 2131 3063 3702 3133">
     <span class='ocr_line' id='line_1_54' title="bbox 2131 3063 3702 3133; baseline -0.003 -13"><span class='ocrx_word' id='word_1_396' title='bbox 2131 3074 2314 3120; x_wconf 90' lang='lat' dir='ltr'><strong>menta</strong></span> <span class='ocrx_word' id='word_1_397' title='bbox 2347 3065 2656 3133; x_wconf 82' lang='lat' dir='ltr'><strong>accipiunt;</strong></span> <span class='ocrx_word' id='word_1_398' title='bbox 2699 3063 3009 3131; x_wconf 79' lang='lat' dir='ltr'><strong>angelorum</strong></span> <span class='ocrx_word' id='word_1_399' title='bbox 3057 3072 3236 3118; x_wconf 85' lang='lat' dir='ltr'><strong>autem</strong></span> <span class='ocrx_word' id='word_1_400' title='bbox 3289 3073 3476 3117; x_wconf 87' lang='lat' dir='ltr'><strong>natura</strong></span> <span class='ocrx_word' id='word_1_401' title='bbox 3525 3078 3702 3132; x_wconf 81' lang='lat' dir='ltr'><strong>neque</strong></span> 
     </span>
    </p>
   </div>
   <div class='ocr_carea' id='block_1_55' title="bbox 2133 3155 3704 3229">
    <p class='ocr_par' dir='ltr' id='par_1_55' title="bbox 2133 3155 3704 3229">
     <span class='ocr_line' id='line_1_55' title="bbox 2133 3155 3704 3229; baseline -0.004 -17"><span class='ocrx_word' id='word_1_402' title='bbox 2133 3158 2435 3229; x_wconf 83' lang='lat' dir='ltr'><strong>germinat,</strong></span> <span class='ocrx_word' id='word_1_403' title='bbox 2468 3171 2642 3226; x_wconf 83' lang='lat' dir='ltr'><strong>neque</strong></span> <span class='ocrx_word' id='word_1_404' title='bbox 2674 3155 3081 3224; x_wconf 84' lang='lat' dir='ltr'><strong>pullulationem</strong></span> <span class='ocrx_word' id='word_1_405' title='bbox 3131 3155 3396 3225; x_wconf 87' lang='lat' dir='ltr'><strong>suscipit,</strong></span> <span class='ocrx_word' id='word_1_406' title='bbox 3434 3169 3602 3222; x_wconf 89' lang='lat' dir='ltr'><strong>neque</strong></span> <span class='ocrx_word' id='word_1_407' title='bbox 3640 3163 3704 3207; x_wconf 91' lang='lat' dir='ltr'><strong>ut</strong></span> 
     </span>
    </p>
   </div>
   <div class='ocr_carea' id='block_1_56' title="bbox 2136 3244 3706 3320">
    <p class='ocr_par' dir='ltr' id='par_1_56' title="bbox 2136 3244 3706 3320">
     <span class='ocr_line' id='line_1_56' title="bbox 2136 3244 3706 3320; baseline -0.003 -18"><span class='ocrx_word' id='word_1_408' title='bbox 2136 3259 2392 3320; x_wconf 87' lang='lat' dir='ltr'><strong>pascatur</strong></span> <span class='ocrx_word' id='word_1_409' title='bbox 2426 3259 2519 3303; x_wconf 89' lang='lat' dir='ltr'><strong>aut</strong></span> <span class='ocrx_word' id='word_1_410' title='bbox 2551 3248 2780 3303; x_wconf 88' lang='lat' dir='ltr'><strong>addatur</strong></span> <span class='ocrx_word' id='word_1_411' title='bbox 2803 3249 2826 3301; x_wconf 82' lang='lat'><strong>?</strong></span> <span class='ocrx_word' id='word_1_412' title='bbox 2847 3249 2944 3302; x_wconf 81' lang='lat' dir='ltr'><strong>Cui</strong></span> <span class='ocrx_word' id='word_1_413' title='bbox 2977 3246 3118 3301; x_wconf 90' lang='lat' dir='ltr'><strong>enim</strong></span> <span class='ocrx_word' id='word_1_414' title='bbox 3157 3245 3356 3300; x_wconf 90' lang='lat' dir='ltr'><strong>ablatio</strong></span> <span class='ocrx_word' id='word_1_415' title='bbox 3389 3244 3706 3299; x_wconf 81' lang='lat' dir='ltr'><strong>incrementi</strong></span> 
     </span>
    </p>
   </div>
   <div class='ocr_carea' id='block_1_57' title="bbox 2135 3335 3711 3408">
    <p class='ocr_par' dir='ltr' id='par_1_57' title="bbox 2135 3335 3711 3408">
     <span class='ocr_line' id='line_1_57' title="bbox 2135 3335 3711 3408; baseline -0.003 -13"><span class='ocrx_word' id='word_1_416' title='bbox 2135 3351 2219 3397; x_wconf 91' lang='lat' dir='ltr'><strong>est</strong></span> <span class='ocrx_word' id='word_1_417' title='bbox 2244 3351 2298 3397; x_wconf 91' lang='lat' dir='ltr'><strong>et</strong></span> <span class='ocrx_word' id='word_1_418' title='bbox 2327 3341 2558 3395; x_wconf 91' lang='lat' dir='ltr'><strong>aliorum</strong></span> <span class='ocrx_word' id='word_1_419' title='bbox 2588 3353 2710 3408; x_wconf 67' lang='lat' dir='ltr'><strong>quae</strong></span> <span class='ocrx_word' id='word_1_420' title='bbox 2759 3337 3028 3401; x_wconf 77' lang='lat' dir='ltr'><strong>diximus,</strong></span> <span class='ocrx_word' id='word_1_421' title='bbox 3063 3351 3167 3392; x_wconf 93' lang='lat' dir='ltr'><strong>non</strong></span> <span class='ocrx_word' id='word_1_422' title='bbox 3207 3345 3290 3393; x_wconf 86' lang='lat' dir='ltr'><strong>est</strong></span> <span class='ocrx_word' id='word_1_423' title='bbox 3331 3337 3582 3390; x_wconf 89' lang='lat' dir='ltr'><strong>damnum</strong></span> <span class='ocrx_word' id='word_1_424' title='bbox 3623 3335 3711 3390; x_wconf 83' lang='lat' dir='ltr'><strong>his</strong></span> 
     </span>
    </p>
   </div>
   <div class='ocr_carea' id='block_1_58' title="bbox 2137 3429 3712 3503">
    <p class='ocr_par' dir='ltr' id='par_1_58' title="bbox 2137 3429 3712 3503">
     <span class='ocr_line' id='line_1_58' title="bbox 2137 3429 3712 3503; baseline -0.001 -16"><span class='ocrx_word' id='word_1_425' title='bbox 2137 3434 2227 3503; x_wconf 90' lang='lat' dir='ltr'><strong>qui</strong></span> <span class='ocrx_word' id='word_1_426' title='bbox 2267 3432 2547 3503; x_wconf 87' lang='lat' dir='ltr'><strong>possident</strong></span> <span class='ocrx_word' id='word_1_427' title='bbox 2576 3433 2693 3488; x_wconf 89' lang='lat' dir='ltr'><strong>sine</strong></span> <span class='ocrx_word' id='word_1_428' title='bbox 2721 3431 2841 3486; x_wconf 89' lang='lat' dir='ltr'><strong>istis</strong></span> <span class='ocrx_word' id='word_1_429' title='bbox 2869 3430 2920 3484; x_wconf 91' lang='lat' dir='ltr'><strong>id</strong></span> <span class='ocrx_word' id='word_1_430' title='bbox 2946 3430 3090 3500; x_wconf 91' lang='lat' dir='ltr'><strong>quod</strong></span> <span class='ocrx_word' id='word_1_431' title='bbox 3120 3439 3246 3484; x_wconf 88' lang='lat' dir='ltr'><strong>sunt</strong></span> <span class='ocrx_word' id='word_1_432' title='bbox 3266 3469 3282 3494; x_wconf 90' lang='lat'><strong>,</strong></span> <span class='ocrx_word' id='word_1_433' title='bbox 3313 3430 3406 3484; x_wconf 88' lang='lat' dir='ltr'><strong>sed</strong></span> <span class='ocrx_word' id='word_1_434' title='bbox 3432 3429 3712 3496; x_wconf 75' lang='lat' dir='ltr'><strong>dignitatis</strong></span> 
     </span>
    </p>
   </div>
   <div class='ocr_carea' id='block_1_59' title="bbox 2137 3521 3713 3591">
    <p class='ocr_par' dir='ltr' id='par_1_59' title="bbox 2137 3521 3713 3591">
     <span class='ocr_line' id='line_1_59' title="bbox 2137 3521 3713 3591; baseline -0.002 -12"><span class='ocrx_word' id='word_1_435' title='bbox 2137 3525 2428 3580; x_wconf 89' lang='lat' dir='ltr'><strong>eminentia</strong></span> <span class='ocrx_word' id='word_1_436' title='bbox 2464 3541 2480 3577; x_wconf 87' lang='lat'><strong>:</strong></span> <span class='ocrx_word' id='word_1_437' title='bbox 2514 3524 2679 3580; x_wconf 91' lang='lat' dir='ltr'><strong>multa</strong></span> <span class='ocrx_word' id='word_1_438' title='bbox 2712 3523 2856 3578; x_wconf 92' lang='lat' dir='ltr'><strong>enim</strong></span> <span class='ocrx_word' id='word_1_439' title='bbox 2896 3537 3000 3576; x_wconf 91' lang='lat' dir='ltr'><strong>non</strong></span> <span class='ocrx_word' id='word_1_440' title='bbox 3049 3523 3232 3576; x_wconf 88' lang='lat' dir='ltr'><strong>insunt</strong></span> <span class='ocrx_word' id='word_1_441' title='bbox 3270 3521 3500 3591; x_wconf 88' lang='lat' dir='ltr'><strong>angelis,</strong></span> <span class='ocrx_word' id='word_1_442' title='bbox 3537 3537 3713 3591; x_wconf 89' lang='lat' dir='ltr'><strong>neque</strong></span> 
     </span>
    </p>
   </div>
   <div class='ocr_carea' id='block_1_60' title="bbox 2140 3615 3713 3686">
    <p class='ocr_par' dir='ltr' id='par_1_60' title="bbox 2140 3615 3713 3686">
     <span class='ocr_line' id='line_1_60' title="bbox 2140 3615 3713 3686; baseline -0.002 -16"><span class='ocrx_word' id='word_1_443' title='bbox 2140 3619 2336 3671; x_wconf 89' lang='lat' dir='ltr'><strong>adsunt</strong></span> <span class='ocrx_word' id='word_1_444' title='bbox 2377 3634 2496 3686; x_wconf 73' lang='lat' dir='ltr'><strong>qua:</strong></span> <span class='ocrx_word' id='word_1_445' title='bbox 2523 3619 2573 3672; x_wconf 90' lang='lat' dir='ltr'><strong>in</strong></span> <span class='ocrx_word' id='word_1_446' title='bbox 2611 3616 2764 3670; x_wconf 88' lang='lat' dir='ltr'><strong>nobis</strong></span> <span class='ocrx_word' id='word_1_447' title='bbox 2791 3617 3073 3671; x_wconf 88' lang='lat' dir='ltr'><strong>habentur.</strong></span> <span class='ocrx_word' id='word_1_448' title='bbox 3110 3615 3176 3670; x_wconf 85' lang='lat' dir='ltr'><strong>Et</strong></span> <span class='ocrx_word' id='word_1_449' title='bbox 3232 3630 3334 3669; x_wconf 91' lang='lat' dir='ltr'><strong>non</strong></span> <span class='ocrx_word' id='word_1_450' title='bbox 3381 3615 3505 3683; x_wconf 59' lang='lat' dir='ltr'><strong>quia</strong></span> <span class='ocrx_word' id='word_1_451' title='bbox 3560 3615 3713 3670; x_wconf 83' lang='lat' dir='ltr'><strong>deest</strong></span> 
     </span>
    </p>
   </div>
   <div class='ocr_carea' id='block_1_61' title="bbox 2143 3707 3712 3778">
    <p class='ocr_par' dir='ltr' id='par_1_61' title="bbox 2143 3707 3712 3778">
     <span class='ocr_line' id='line_1_61' title="bbox 2143 3707 3712 3778; baseline -0.001 -15"><span class='ocrx_word' id='word_1_452' title='bbox 2143 3710 2248 3764; x_wconf 89' lang='lat' dir='ltr'><strong>illis</strong></span> <span class='ocrx_word' id='word_1_453' title='bbox 2269 3726 2388 3778; x_wconf 59' lang='lat' dir='ltr'><strong>quae</strong></span> <span class='ocrx_word' id='word_1_454' title='bbox 2417 3727 2520 3764; x_wconf 90' lang='lat' dir='ltr'><strong>non</strong></span> <span class='ocrx_word' id='word_1_455' title='bbox 2561 3710 2796 3772; x_wconf 90' lang='lat' dir='ltr'><strong>habent,</strong></span> <span class='ocrx_word' id='word_1_456' title='bbox 2833 3709 2927 3762; x_wconf 87' lang='lat' dir='ltr'><strong>sed</strong></span> <span class='ocrx_word' id='word_1_457' title='bbox 2957 3708 3081 3776; x_wconf 87' lang='lat' dir='ltr'><strong>quia</strong></span> <span class='ocrx_word' id='word_1_458' title='bbox 3118 3723 3216 3761; x_wconf 86' lang='lat' dir='ltr'><strong>nos</strong></span> <span class='ocrx_word' id='word_1_459' title='bbox 3255 3709 3556 3776; x_wconf 82' lang='lat' dir='ltr'><strong>indigemus</strong></span> <span class='ocrx_word' id='word_1_460' title='bbox 3588 3707 3712 3769; x_wconf 85' lang='lat' dir='ltr'><strong>his.</strong></span> 
     </span>
    </p>
   </div>
   <div class='ocr_carea' id='block_1_62' title="bbox 2146 3799 3716 3868">
    <p class='ocr_par' dir='ltr' id='par_1_62' title="bbox 2146 3799 3716 3868">
     <span class='ocr_line' id='line_1_62' title="bbox 2146 3799 3716 3868; baseline -0.001 -14"><span class='ocrx_word' id='word_1_461' title='bbox 2146 3803 2262 3856; x_wconf 87' lang='lat' dir='ltr'><strong>ideo</strong></span> <span class='ocrx_word' id='word_1_462' title='bbox 2290 3804 2442 3856; x_wconf 86' lang='lat' dir='ltr'><strong>nobis</strong></span> <span class='ocrx_word' id='word_1_463' title='bbox 2473 3803 2624 3856; x_wconf 82' lang='lat' dir='ltr'><strong>adest</strong></span> <span class='ocrx_word' id='word_1_464' title='bbox 2651 3803 2715 3854; x_wconf 85' lang='lat' dir='ltr'><strong>ad</strong></span> <span class='ocrx_word' id='word_1_465' title='bbox 2748 3801 2997 3855; x_wconf 90' lang='lat' dir='ltr'><strong>solatium</strong></span> <span class='ocrx_word' id='word_1_466' title='bbox 3026 3800 3076 3852; x_wconf 90' lang='lat' dir='ltr'><strong>id</strong></span> <span class='ocrx_word' id='word_1_467' title='bbox 3115 3800 3256 3868; x_wconf 90' lang='lat' dir='ltr'><strong>quod</strong></span> <span class='ocrx_word' id='word_1_468' title='bbox 3293 3801 3360 3853; x_wconf 86' lang='lat' dir='ltr'><strong>ab</strong></span> <span class='ocrx_word' id='word_1_469' title='bbox 3391 3801 3577 3853; x_wconf 88' lang='lat' dir='ltr'><strong>iisdem</strong></span> <span class='ocrx_word' id='word_1_470' title='bbox 3617 3799 3716 3852; x_wconf 83' lang='lat' dir='ltr'><strong>de-</strong></span> 
     </span>
    </p>
   </div>
   <div class='ocr_carea' id='block_1_63' title="bbox 2149 3891 3711 3961">
    <p class='ocr_par' dir='ltr' id='par_1_63' title="bbox 2149 3891 3711 3961">
     <span class='ocr_line' id='line_1_63' title="bbox 2149 3891 3711 3961; baseline -0.002 -15"><span class='ocrx_word' id='word_1_471' title='bbox 2149 3895 2374 3948; x_wconf 83' lang='lat' dir='ltr'><strong>liciums.</strong></span> <span class='ocrx_word' id='word_1_472' title='bbox 2409 3892 2526 3948; x_wconf 88' lang='lat' dir='ltr'><strong>Non</strong></span> <span class='ocrx_word' id='word_1_473' title='bbox 2567 3903 2692 3947; x_wconf 88' lang='lat' dir='ltr'><strong>sunt</strong></span> <span class='ocrx_word' id='word_1_474' title='bbox 2728 3893 2925 3961; x_wconf 64' lang='lat' dir='ltr'><strong>nuptiae</strong></span> <span class='ocrx_word' id='word_1_475' title='bbox 2953 3893 3094 3961; x_wconf 89' lang='lat' dir='ltr'><strong>apud</strong></span> <span class='ocrx_word' id='word_1_476' title='bbox 3127 3891 3363 3961; x_wconf 81' lang='lat' dir='ltr'><strong>angelos.</strong></span> <span class='ocrx_word' id='word_1_477' title='bbox 3401 3891 3531 3944; x_wconf 86' lang='lat' dir='ltr'><strong>Data</strong></span> <span class='ocrx_word' id='word_1_478' title='bbox 3566 3891 3711 3945; x_wconf 89' lang='lat' dir='ltr'><strong>enim</strong></span> 
     </span>
    </p>
   </div>
   <div class='ocr_carea' id='block_1_64' title="bbox 2146 3983 3713 4053">
    <p class='ocr_par' dir='ltr' id='par_1_64' title="bbox 2146 3983 3713 4053">
     <span class='ocr_line' id='line_1_64' title="bbox 2146 3983 3713 4053; baseline -0.004 -14"><span class='ocrx_word' id='word_1_479' title='bbox 2146 3996 2228 4040; x_wconf 88' lang='lat' dir='ltr'><strong>est</strong></span> <span class='ocrx_word' id='word_1_480' title='bbox 2267 3987 2384 4040; x_wconf 82' lang='lat' dir='ltr'><strong>viro</strong></span> <span class='ocrx_word' id='word_1_481' title='bbox 2440 3986 2630 4040; x_wconf 86' lang='lat' dir='ltr'><strong>mulier</strong></span> <span class='ocrx_word' id='word_1_482' title='bbox 2665 3986 2727 4038; x_wconf 92' lang='lat' dir='ltr'><strong>ad</strong></span> <span class='ocrx_word' id='word_1_483' title='bbox 2777 3984 3100 4048; x_wconf 81' lang='lat' dir='ltr'><strong>adiutorium</strong></span> <span class='ocrx_word' id='word_1_484' title='bbox 3140 4002 3153 4038; x_wconf 91' lang='lat'>:</span> <span class='ocrx_word' id='word_1_485' title='bbox 3189 3983 3498 4053; x_wconf 83' lang='lat' dir='ltr'><strong>angelorqu</strong></span> <span class='ocrx_word' id='word_1_486' title='bbox 3535 3992 3713 4036; x_wconf 87' lang='lat' dir='ltr'><strong>autem</strong></span> 
     </span>
    </p>
   </div>
   <div class='ocr_carea' id='block_1_65' title="bbox 2151 4072 3715 4148">
    <p class='ocr_par' dir='ltr' id='par_1_65' title="bbox 2151 4072 3715 4148">
     <span class='ocr_line' id='line_1_65' title="bbox 2151 4072 3715 4148; baseline -0.003 -18"><span class='ocrx_word' id='word_1_487' title='bbox 2151 4079 2518 4148; x_wconf 80' lang='lat' dir='ltr'><strong>imusquisque</strong></span> <span class='ocrx_word' id='word_1_488' title='bbox 2545 4078 2763 4147; x_wconf 88' lang='lat' dir='ltr'><strong>propria</strong></span> <span class='ocrx_word' id='word_1_489' title='bbox 2791 4089 2977 4130; x_wconf 86' lang='lat' dir='ltr'><strong>natura</strong></span> <span class='ocrx_word' id='word_1_490' title='bbox 3017 4074 3211 4130; x_wconf 75' lang='lat' dir='ltr'><strong>sufficit</strong></span> <span class='ocrx_word' id='word_1_491' title='bbox 3246 4075 3370 4130; x_wconf 88' lang='lat' dir='ltr'><strong>sibi.</strong></span> <span class='ocrx_word' id='word_1_492' title='bbox 3419 4072 3533 4128; x_wconf 91' lang='lat' dir='ltr'><strong>Non</strong></span> <span class='ocrx_word' id='word_1_493' title='bbox 3581 4087 3715 4126; x_wconf 83' lang='lat' dir='ltr'><strong>con-</strong></span> 
     </span>
    </p>
   </div>
   <div class='ocr_carea' id='block_1_66' title="bbox 467 4165 3718 4264">
    <p class='ocr_par' dir='ltr' id='par_1_66' title="bbox 467 4165 3718 4264">
     <span class='ocr_line' id='line_1_66' title="bbox 467 4165 3718 4264; baseline -0.003 -36"><span class='ocrx_word' id='word_1_494' title='bbox 467 4175 612 4229; x_wconf 90' lang='lat' dir='ltr'><strong>enim</strong></span> <span class='ocrx_word' id='word_1_495' title='bbox 643 4191 840 4245; x_wconf 89' lang='lat' dir='ltr'><strong>corpus</strong></span> <span class='ocrx_word' id='word_1_496' title='bbox 863 4186 946 4229; x_wconf 88' lang='lat' dir='ltr'><strong>est</strong></span> <span class='ocrx_word' id='word_1_497' title='bbox 979 4176 1120 4230; x_wconf 90' lang='lat' dir='ltr'><strong>Deus</strong></span> <span class='ocrx_word' id='word_1_498' title='bbox 1142 4215 1158 4239; x_wconf 93' lang='lat'><strong>,</strong></span> <span class='ocrx_word' id='word_1_499' title='bbox 1189 4189 1366 4244; x_wconf 89' lang='lat' dir='ltr'><strong>neque</strong></span> <span class='ocrx_word' id='word_1_500' title='bbox 1399 4173 1644 4240; x_wconf 87' lang='lat' dir='ltr'><strong>corporis</strong></span> <span class='ocrx_word' id='word_1_501' title='bbox 1684 4171 1882 4240; x_wconf 91' lang='lat' dir='ltr'><strong>aliquid</strong></span> <span class='ocrx_word' id='word_1_502' title='bbox 1903 4212 1918 4236; x_wconf 92' lang='lat'><strong>,</strong></span> <span class='ocrx_word' id='word_1_503' title='bbox 1951 4169 2046 4222; x_wconf 85' lang='lat' dir='ltr'><strong>ali-</strong></span> <span class='ocrx_word' id='word_1_504' title='bbox 2071 4202 2117 4264; x_wconf 64' lang='grc' dir='ltr'>ο</span> <span class='ocrx_word' id='word_1_505' title='bbox 2155 4168 2408 4222; x_wconf 84' lang='lat' dir='ltr'><strong>ﬁciuntur</strong></span> <span class='ocrx_word' id='word_1_506' title='bbox 2437 4169 2642 4238; x_wconf 88' lang='lat' dir='ltr'><strong>angelis</strong></span> <span class='ocrx_word' id='word_1_507' title='bbox 2672 4171 3012 4234; x_wconf 89' lang='lat' dir='ltr'><strong>indumenta,</strong></span> <span class='ocrx_word' id='word_1_508' title='bbox 3045 4177 3106 4221; x_wconf 92' lang='lat' dir='ltr'><strong>ut</strong></span> <span class='ocrx_word' id='word_1_509' title='bbox 3147 4175 3441 4221; x_wconf 84' lang='lat' dir='ltr'><strong>contexant</strong></span> <span class='ocrx_word' id='word_1_510' title='bbox 3467 4165 3576 4236; x_wconf 81' lang='lat'><strong>(55)</strong></span> <span class='ocrx_word' id='word_1_511' title='bbox 3597 4181 3718 4233; x_wconf 66' lang='lat' dir='ltr'><strong>qum</strong></span> 
     </span>
    </p>
   </div>
   <div class='ocr_carea' id='block_1_67' title="bbox 459 4261 2043 4334">
    <p class='ocr_par' dir='ltr' id='par_1_67' title="bbox 459 4261 2043 4334">
     <span class='ocr_line' id='line_1_67' title="bbox 459 4261 2043 4334; baseline 0 -23"><span class='ocrx_word' id='word_1_512' title='bbox 459 4262 589 4334; x_wconf 80' lang='lat' dir='ltr'><strong>quis</strong></span> <span class='ocrx_word' id='word_1_513' title='bbox 612 4271 670 4316; x_wconf 94' lang='lat' dir='ltr'><strong>ut</strong></span> <span class='ocrx_word' id='word_1_514' title='bbox 696 4272 821 4332; x_wconf 91' lang='lat' dir='ltr'><strong>puta</strong></span> <span class='ocrx_word' id='word_1_515' title='bbox 855 4263 1036 4328; x_wconf 87' lang='lat' dir='ltr'><strong>color;</strong></span> <span class='ocrx_word' id='word_1_516' title='bbox 1071 4277 1243 4332; x_wconf 87' lang='lat' dir='ltr'><strong>neque</strong></span> <span class='ocrx_word' id='word_1_517' title='bbox 1273 4262 1326 4315; x_wconf 93' lang='lat' dir='ltr'><strong>in</strong></span> <span class='ocrx_word' id='word_1_518' title='bbox 1361 4276 1605 4329; x_wconf 82' lang='lat' dir='ltr'><strong>corpore.</strong></span> <span class='ocrx_word' id='word_1_519' title='bbox 1631 4261 1802 4330; x_wconf 85' lang='lat' dir='ltr'><strong>qualis</strong></span> <span class='ocrx_word' id='word_1_520' title='bbox 1825 4267 2043 4330; x_wconf 89' lang='lat' dir='ltr'><strong>putatur</strong></span> 
     </span>
    </p>
   </div>
   <div class='ocr_carea' id='block_1_68' title="bbox 460 4351 2044 4430">
    <p class='ocr_par' dir='ltr' id='par_1_68' title="bbox 460 4351 2044 4430">
     <span class='ocr_line' id='line_1_68' title="bbox 460 4351 2044 4430; baseline -0.002 -26"><span class='ocrx_word' id='word_1_521' title='bbox 460 4365 590 4430; x_wconf 79' lang='lat' dir='ltr'><strong>esse</strong></span> <span class='ocrx_word' id='word_1_522' title='bbox 621 4351 830 4416; x_wconf 86' lang='lat' dir='ltr'><strong>anima;</strong></span> <span class='ocrx_word' id='word_1_523' title='bbox 857 4366 1028 4421; x_wconf 82' lang='lat' dir='ltr'><strong>neque</strong></span> <span class='ocrx_word' id='word_1_524' title='bbox 1054 4353 1197 4407; x_wconf 90' lang='lat' dir='ltr'><strong>circa</strong></span> <span class='ocrx_word' id='word_1_525' title='bbox 1226 4368 1424 4421; x_wconf 87' lang='lat' dir='ltr'><strong>corpus</strong></span> <span class='ocrx_word' id='word_1_526' title='bbox 1447 4393 1461 4418; x_wconf 92' lang='lat'><strong>,</strong></span> <span class='ocrx_word' id='word_1_527' title='bbox 1498 4352 1638 4407; x_wconf 91' lang='lat' dir='ltr'><strong>sicut</strong></span> <span class='ocrx_word' id='word_1_528' title='bbox 1677 4360 1896 4419; x_wconf 90' lang='lat' dir='ltr'><strong>putator</strong></span> <span class='ocrx_word' id='word_1_529' title='bbox 1928 4363 2044 4402; x_wconf 88' lang='lat' dir='ltr'><strong>seu-</strong></span> 
     </span>
    </p>
   </div>
   <div class='ocr_carea' id='block_1_69' title="bbox 461 4433 2039 4512">
    <p class='ocr_par' dir='ltr' id='par_1_69' title="bbox 461 4433 2039 4512">
     <span class='ocr_line' id='line_1_69' title="bbox 461 4433 2039 4512; baseline -0.001 -18"><span class='ocrx_word' id='word_1_530' title='bbox 461 4433 591 4508; x_wconf 19' lang='lat' dir='ltr'><strong>‘sus;</strong></span> <span class='ocrx_word' id='word_1_531' title='bbox 641 4442 737 4496; x_wconf 86' lang='lat' dir='ltr'><strong>sed</strong></span> <span class='ocrx_word' id='word_1_532' title='bbox 776 4441 908 4496; x_wconf 90' lang='lat' dir='ltr'><strong>liber</strong></span> <span class='ocrx_word' id='word_1_533' title='bbox 933 4453 1015 4496; x_wconf 88' lang='lat' dir='ltr'><strong>est</strong></span> <span class='ocrx_word' id='word_1_534' title='bbox 1047 4453 1101 4496; x_wconf 92' lang='lat' dir='ltr'><strong>et</strong></span> <span class='ocrx_word' id='word_1_535' title='bbox 1140 4457 1168 4495; x_wconf 90' lang='lat' dir='ltr'><strong>a</strong></span> <span class='ocrx_word' id='word_1_536' title='bbox 1230 4454 1420 4496; x_wconf 86' lang='lat' dir='ltr'><strong>natura</strong></span> <span class='ocrx_word' id='word_1_537' title='bbox 1453 4442 1698 4512; x_wconf 87' lang='lat' dir='ltr'><strong>corporis</strong></span> <span class='ocrx_word' id='word_1_538' title='bbox 1733 4449 1788 4494; x_wconf 87' lang='lat' dir='ltr'><strong>et</strong></span> <span class='ocrx_word' id='word_1_539' title='bbox 1834 4441 2039 4494; x_wconf 91' lang='lat' dir='ltr'><strong>habitu.</strong></span> 
     </span>
    </p>
   </div>
   <div class='ocr_carea' id='block_1_70' title="bbox 469 4530 2044 4602">
    <p class='ocr_par' dir='ltr' id='par_1_70' title="bbox 469 4530 2044 4602">
     <span class='ocr_line' id='line_1_70' title="bbox 469 4530 2044 4602; baseline -0.001 -16"><span class='ocrx_word' id='word_1_540' title='bbox 469 4531 725 4602; x_wconf 84' lang='lat' dir='ltr'><strong>Corporis</strong></span> <span class='ocrx_word' id='word_1_541' title='bbox 751 4533 892 4585; x_wconf 87' lang='lat' dir='ltr'><strong>enim</strong></span> <span class='ocrx_word' id='word_1_542' title='bbox 930 4544 1125 4586; x_wconf 91' lang='lat' dir='ltr'><strong>natura</strong></span> <span class='ocrx_word' id='word_1_543' title='bbox 1159 4533 1208 4585; x_wconf 94' lang='lat' dir='ltr'><strong>iu</strong></span> <span class='ocrx_word' id='word_1_544' title='bbox 1238 4533 1629 4600; x_wconf 84' lang='lat' dir='ltr'><strong>compositione</strong></span> <span class='ocrx_word' id='word_1_545' title='bbox 1655 4532 1897 4585; x_wconf 88' lang='lat' dir='ltr'><strong>habetur.</strong></span> <span class='ocrx_word' id='word_1_546' title='bbox 1915 4530 2044 4596; x_wconf 62' lang='lat' dir='ltr'><strong>Quae</strong></span> 
     </span>
    </p>
   </div>
   <div class='ocr_carea' id='block_1_71' title="bbox 471 4623 2042 4694">
    <p class='ocr_par' dir='ltr' id='par_1_71' title="bbox 471 4623 2042 4694">
     <span class='ocr_line' id='line_1_71' title="bbox 471 4623 2042 4694; baseline 0.001 -18"><span class='ocrx_word' id='word_1_547' title='bbox 471 4632 650 4678; x_wconf 87' lang='lat' dir='ltr'><strong>autem</strong></span> <span class='ocrx_word' id='word_1_548' title='bbox 676 4633 1106 4694; x_wconf 88' lang='lat' dir='ltr'><strong>componuntur,</strong></span> <span class='ocrx_word' id='word_1_549' title='bbox 1139 4627 1318 4679; x_wconf 86' lang='lat' dir='ltr'><strong>omnia</strong></span> <span class='ocrx_word' id='word_1_550' title='bbox 1341 4639 1403 4678; x_wconf 89' lang='lat' dir='ltr'><strong>ea</strong></span> <span class='ocrx_word' id='word_1_551' title='bbox 1437 4640 1557 4694; x_wconf 67' lang='lat' dir='ltr'><strong>quae</strong></span> <span class='ocrx_word' id='word_1_552' title='bbox 1591 4636 1717 4678; x_wconf 90' lang='lat' dir='ltr'><strong>ante</strong></span> <span class='ocrx_word' id='word_1_553' title='bbox 1743 4623 1854 4691; x_wconf 86' lang='lat' dir='ltr'><strong>jam</strong></span> <span class='ocrx_word' id='word_1_554' title='bbox 1900 4623 2042 4678; x_wconf 86' lang='lat' dir='ltr'><strong>facta</strong></span> 
     </span>
    </p>
   </div>
   <div class='ocr_carea' id='block_1_72' title="bbox 470 4715 2043 4786">
    <p class='ocr_par' dir='ltr' id='par_1_72' title="bbox 470 4715 2043 4786">
     <span class='ocr_line' id='line_1_72' title="bbox 470 4715 2043 4786; baseline 0.001 -18"><span class='ocrx_word' id='word_1_555' title='bbox 470 4724 618 4777; x_wconf 88' lang='lat' dir='ltr'><strong>sunt,</strong></span> <span class='ocrx_word' id='word_1_556' title='bbox 651 4717 1095 4786; x_wconf 89' lang='lat' dir='ltr'><strong>compositionem</strong></span> <span class='ocrx_word' id='word_1_557' title='bbox 1134 4718 1402 4786; x_wconf 89' lang='lat' dir='ltr'><strong>accipiunt</strong></span> <span class='ocrx_word' id='word_1_558' title='bbox 1440 4736 1452 4770; x_wconf 90' lang='lat'><strong>:</strong></span> <span class='ocrx_word' id='word_1_559' title='bbox 1490 4726 1546 4770; x_wconf 90' lang='lat' dir='ltr'><strong>ut</strong></span> <span class='ocrx_word' id='word_1_560' title='bbox 1579 4729 1704 4786; x_wconf 85' lang='lat' dir='ltr'><strong>puta</strong></span> <span class='ocrx_word' id='word_1_561' title='bbox 1727 4715 1868 4785; x_wconf 90' lang='lat' dir='ltr'><strong>quod</strong></span> <span class='ocrx_word' id='word_1_562' title='bbox 1900 4717 2043 4784; x_wconf 89' lang='lat' dir='ltr'><strong>dico,</strong></span> 
     </span>
    </p>
   </div>
   <div class='ocr_carea' id='block_1_73' title="bbox 472 4802 2042 4876">
    <p class='ocr_par' dir='ltr' id='par_1_73' title="bbox 472 4802 2042 4876">
     <span class='ocr_line' id='line_1_73' title="bbox 472 4802 2042 4876; baseline 0.003 -20"><span class='ocrx_word' id='word_1_563' title='bbox 472 4802 678 4872; x_wconf 84' lang='lat' dir='ltr'><strong>lapides</strong></span> <span class='ocrx_word' id='word_1_564' title='bbox 723 4814 876 4858; x_wconf 89' lang='lat' dir='ltr'><strong>erant</strong></span> <span class='ocrx_word' id='word_1_565' title='bbox 911 4807 1106 4874; x_wconf 81' lang='lat' dir='ltr'><strong>creati,</strong></span> <span class='ocrx_word' id='word_1_566' title='bbox 1139 4807 1463 4876; x_wconf 88' lang='lat' dir='ltr'><strong>compositio</strong></span> <span class='ocrx_word' id='word_1_567' title='bbox 1507 4806 1747 4875; x_wconf 89' lang='lat' dir='ltr'><strong>lapidum</strong></span> <span class='ocrx_word' id='word_1_568' title='bbox 1778 4804 1902 4859; x_wconf 85' lang='lat' dir='ltr'><strong>fecit</strong></span> <span class='ocrx_word' id='word_1_569' title='bbox 1944 4805 2042 4860; x_wconf 81' lang='lat' dir='ltr'><strong>do—</strong></span> 
     </span>
    </p>
   </div>
   <div class='ocr_carea' id='block_1_74' title="bbox 459 4879 2042 4968">
    <p class='ocr_par' dir='ltr' id='par_1_74' title="bbox 459 4879 2042 4968">
     <span class='ocr_line' id='line_1_74' title="bbox 459 4879 2042 4968; baseline 0.001 -18"><span class='ocrx_word' id='word_1_570' title='bbox 459 4879 639 4950; x_wconf 73' lang='lat' dir='ltr'><strong>mum.</strong></span> <span class='ocrx_word' id='word_1_571' title='bbox 664 4895 803 4952; x_wconf 86' lang='lat' dir='ltr'><strong>Deus</strong></span> <span class='ocrx_word' id='word_1_572' title='bbox 834 4909 1009 4952; x_wconf 86' lang='lat' dir='ltr'><strong>autem</strong></span> <span class='ocrx_word' id='word_1_573' title='bbox 1044 4900 1153 4968; x_wconf 86' lang='lat' dir='ltr'><strong>ipse</strong></span> <span class='ocrx_word' id='word_1_574' title='bbox 1178 4910 1365 4955; x_wconf 86' lang='lat' dir='ltr'><strong>auctor</strong></span> <span class='ocrx_word' id='word_1_575' title='bbox 1389 4909 1445 4954; x_wconf 93' lang='lat' dir='ltr'><strong>et</strong></span> <span class='ocrx_word' id='word_1_576' title='bbox 1487 4900 1697 4955; x_wconf 91' lang='lat' dir='ltr'><strong>initium</strong></span> <span class='ocrx_word' id='word_1_577' title='bbox 1726 4908 1832 4961; x_wconf 91' lang='lat' dir='ltr'><strong>est,</strong></span> <span class='ocrx_word' id='word_1_578' title='bbox 1862 4907 1915 4952; x_wconf 91' lang='lat' dir='ltr'><strong>et</strong></span> <span class='ocrx_word' id='word_1_579' title='bbox 1939 4913 2042 4952; x_wconf 90' lang='lat' dir='ltr'><strong>non</strong></span> 
     </span>
    </p>
   </div>
   <div class='ocr_carea' id='block_1_75' title="bbox 470 4990 2039 5063">
    <p class='ocr_par' dir='ltr' id='par_1_75' title="bbox 470 4990 2039 5063">
     <span class='ocr_line' id='line_1_75' title="bbox 470 4990 2039 5063; baseline 0.001 -21"><span class='ocrx_word' id='word_1_580' title='bbox 470 4991 538 5045; x_wconf 91' lang='lat' dir='ltr'><strong>ah</strong></span> <span class='ocrx_word' id='word_1_581' title='bbox 569 4990 652 5044; x_wconf 89' lang='lat' dir='ltr'><strong>his</strong></span> <span class='ocrx_word' id='word_1_582' title='bbox 689 5006 808 5059; x_wconf 69' lang='lat' dir='ltr'><strong>quae</strong></span> <span class='ocrx_word' id='word_1_583' title='bbox 839 5000 997 5044; x_wconf 90' lang='lat' dir='ltr'><strong>crant</strong></span> <span class='ocrx_word' id='word_1_584' title='bbox 1029 4993 1199 5056; x_wconf 82' lang='lat' dir='ltr'><strong>facta,</strong></span> <span class='ocrx_word' id='word_1_585' title='bbox 1236 4994 1351 5063; x_wconf 88' lang='lat' dir='ltr'><strong>ipse</strong></span> <span class='ocrx_word' id='word_1_586' title='bbox 1388 4992 1716 5060; x_wconf 89' lang='lat' dir='ltr'><strong>compositus</strong></span> <span class='ocrx_word' id='word_1_587' title='bbox 1751 4991 2039 5045; x_wconf 89' lang='lat' dir='ltr'><strong>invenitur.</strong></span> 
     </span>
    </p>
   </div>
   <div class='ocr_carea' id='block_1_76' title="bbox 474 5079 2046 5154">
    <p class='ocr_par' dir='ltr' id='par_1_76' title="bbox 474 5079 2046 5154">
     <span class='ocr_line' id='line_1_76' title="bbox 474 5079 2046 5154; baseline 0.001 -20"><span class='ocrx_word' id='word_1_588' title='bbox 474 5079 710 5148; x_wconf 83' lang='lat' dir='ltr'><strong>Simplex</strong></span> <span class='ocrx_word' id='word_1_589' title='bbox 740 5084 884 5136; x_wconf 89' lang='lat' dir='ltr'><strong>enim</strong></span> <span class='ocrx_word' id='word_1_590' title='bbox 915 5093 969 5136; x_wconf 84' lang='lat' dir='ltr'><strong>et</strong></span> <span class='ocrx_word' id='word_1_591' title='bbox 999 5085 1286 5138; x_wconf 86' lang='lat' dir='ltr'><strong>uniformis</strong></span> <span class='ocrx_word' id='word_1_592' title='bbox 1313 5094 1396 5138; x_wconf 90' lang='lat' dir='ltr'><strong>est</strong></span> <span class='ocrx_word' id='word_1_593' title='bbox 1426 5085 1565 5139; x_wconf 87' lang='lat' dir='ltr'><strong>Deus</strong></span> <span class='ocrx_word' id='word_1_594' title='bbox 1605 5084 1724 5154; x_wconf 79' lang='lat'><strong>(55)</strong></span> <span class='ocrx_word' id='word_1_595' title='bbox 1745 5125 1761 5150; x_wconf 93' lang='lat'><strong>,</strong></span> <span class='ocrx_word' id='word_1_596' title='bbox 1797 5094 1847 5138; x_wconf 90' lang='lat' dir='ltr'><strong>et</strong></span> <span class='ocrx_word' id='word_1_597' title='bbox 1895 5099 2046 5138; x_wconf 89' lang='lat' dir='ltr'><strong>com-</strong></span> 
     </span>
    </p>
   </div>
   <div class='ocr_carea' id='block_1_77' title="bbox 472 5173 2042 5244">
    <p class='ocr_par' dir='ltr' id='par_1_77' title="bbox 472 5173 2042 5244">
     <span class='ocr_line' id='line_1_77' title="bbox 472 5173 2042 5244; baseline 0.001 -20"><span class='ocrx_word' id='word_1_598' title='bbox 472 5173 679 5239; x_wconf 89' lang='lat' dir='ltr'><strong>positus</strong></span> <span class='ocrx_word' id='word_1_599' title='bbox 704 5173 838 5244; x_wconf 69' lang='lat' dir='ltr'><strong>(Si),</strong></span> <span class='ocrx_word' id='word_1_600' title='bbox 865 5173 1065 5243; x_wconf 90' lang='lat' dir='ltr'><strong>quippe</strong></span> <span class='ocrx_word' id='word_1_601' title='bbox 1113 5176 1300 5229; x_wconf 87' lang='lat' dir='ltr'><strong>vivens</strong></span> <span class='ocrx_word' id='word_1_602' title='bbox 1335 5174 1449 5242; x_wconf 87' lang='lat' dir='ltr'><strong>ipsa</strong></span> <span class='ocrx_word' id='word_1_603' title='bbox 1495 5190 1615 5243; x_wconf 73' lang='lat' dir='ltr'><strong>qua:</strong></span> <span class='ocrx_word' id='word_1_604' title='bbox 1671 5184 1773 5229; x_wconf 87' lang='lat' dir='ltr'><strong>est.</strong></span> <span class='ocrx_word' id='word_1_605' title='bbox 1805 5174 2042 5243; x_wconf 87' lang='lat' dir='ltr'><strong>Corpora</strong></span> 
     </span>
    </p>
   </div>
   <div class='ocr_carea' id='block_1_78' title="bbox 472 5264 2040 5336">
    <p class='ocr_par' dir='ltr' id='par_1_78' title="bbox 472 5264 2040 5336">
     <span class='ocr_line' id='line_1_78' title="bbox 472 5264 2040 5336; baseline 0 -18"><span class='ocrx_word' id='word_1_606' title='bbox 472 5264 616 5318; x_wconf 86' lang='lat' dir='ltr'><strong>cnim</strong></span> <span class='ocrx_word' id='word_1_607' title='bbox 648 5278 768 5334; x_wconf 73' lang='lat' dir='ltr'><strong>qua:</strong></span> <span class='ocrx_word' id='word_1_608' title='bbox 798 5267 1074 5336; x_wconf 87' lang='lat' dir='ltr'><strong>accipiunt</strong></span> <span class='ocrx_word' id='word_1_609' title='bbox 1100 5265 1266 5319; x_wconf 91' lang='lat' dir='ltr'><strong>vitam</strong></span> <span class='ocrx_word' id='word_1_610' title='bbox 1287 5305 1304 5330; x_wconf 90' lang='lat'><strong>,</strong></span> <span class='ocrx_word' id='word_1_611' title='bbox 1330 5265 1441 5332; x_wconf 91' lang='lat' dir='ltr'><strong>ipsa</strong></span> <span class='ocrx_word' id='word_1_612' title='bbox 1467 5275 1523 5320; x_wconf 90' lang='lat' dir='ltr'><strong>et</strong></span> <span class='ocrx_word' id='word_1_613' title='bbox 1558 5265 1876 5319; x_wconf 88' lang='lat' dir='ltr'><strong>fraudantur</strong></span> <span class='ocrx_word' id='word_1_614' title='bbox 1910 5264 2040 5318; x_wconf 86' lang='lat' dir='ltr'><strong>vita.</strong></span> 
     </span>
    </p>
   </div>
   <div class='ocr_carea' id='block_1_79' title="bbox 475 5355 2043 5429">
    <p class='ocr_par' dir='ltr' id='par_1_79' title="bbox 475 5355 2043 5429">
     <span class='ocr_line' id='line_1_79' title="bbox 475 5355 2043 5429; baseline 0.001 -20"><span class='ocrx_word' id='word_1_615' title='bbox 475 5355 576 5421; x_wconf 81' lang='lat' dir='ltr'><strong>Qui</strong></span> <span class='ocrx_word' id='word_1_616' title='bbox 605 5366 781 5411; x_wconf 88' lang='lat' dir='ltr'><strong>autem</strong></span> <span class='ocrx_word' id='word_1_617' title='bbox 813 5373 914 5414; x_wconf 91' lang='lat' dir='ltr'><strong>nec</strong></span> <span class='ocrx_word' id='word_1_618' title='bbox 939 5358 1150 5414; x_wconf 90' lang='lat' dir='ltr'><strong>initium</strong></span> <span class='ocrx_word' id='word_1_619' title='bbox 1178 5359 1390 5428; x_wconf 85' lang='lat' dir='ltr'><strong>accepit</strong></span> <span class='ocrx_word' id='word_1_620' title='bbox 1427 5359 1601 5429; x_wconf 77' lang='lat' dir='ltr'><strong>(Deus</strong></span> <span class='ocrx_word' id='word_1_621' title='bbox 1631 5359 1774 5413; x_wconf 90' lang='lat' dir='ltr'><strong>enim</strong></span> <span class='ocrx_word' id='word_1_622' title='bbox 1831 5358 2043 5412; x_wconf 91' lang='lat' dir='ltr'><strong>initium</strong></span> 
     </span>
    </p>
   </div>
   <div class='ocr_carea' id='block_1_80' title="bbox 475 5450 2049 5521">
    <p class='ocr_par' dir='ltr' id='par_1_80' title="bbox 475 5450 2049 5521">
     <span class='ocr_line' id='line_1_80' title="bbox 475 5450 2049 5521; baseline 0.004 -21"><span class='ocrx_word' id='word_1_623' title='bbox 475 5463 583 5501; x_wconf 90' lang='lat' dir='ltr'><strong>non</strong></span> <span class='ocrx_word' id='word_1_624' title='bbox 610 5450 818 5517; x_wconf 84' lang='lat' dir='ltr'><strong>accepit</strong></span> <span class='ocrx_word' id='word_1_625' title='bbox 856 5472 869 5506; x_wconf 89' lang='lat'><strong>:</strong></span> <span class='ocrx_word' id='word_1_626' title='bbox 903 5451 1025 5521; x_wconf 88' lang='lat' dir='ltr'><strong>quis</strong></span> <span class='ocrx_word' id='word_1_627' title='bbox 1054 5453 1194 5506; x_wconf 87' lang='lat' dir='ltr'><strong>enim</strong></span> <span class='ocrx_word' id='word_1_628' title='bbox 1227 5461 1280 5505; x_wconf 89' lang='lat' dir='ltr'><strong>et</strong></span> <span class='ocrx_word' id='word_1_629' title='bbox 1309 5451 1539 5521; x_wconf 80' lang='lat' dir='ltr'><strong>daret?)</strong></span> <span class='ocrx_word' id='word_1_630' title='bbox 1565 5467 1670 5504; x_wconf 92' lang='lat' dir='ltr'><strong>non</strong></span> <span class='ocrx_word' id='word_1_631' title='bbox 1707 5452 1814 5505; x_wconf 85' lang='lat' dir='ltr'><strong>vita</strong></span> <span class='ocrx_word' id='word_1_632' title='bbox 1847 5450 1899 5505; x_wconf 91' lang='lat' dir='ltr'><strong>in</strong></span> <span class='ocrx_word' id='word_1_633' title='bbox 1925 5467 2049 5506; x_wconf 88' lang='lat' dir='ltr'><strong>cor-</strong></span> 
     </span>
    </p>
   </div>
   <div class='ocr_carea' id='block_1_81' title="bbox 2145 4256 3713 4325">
    <p class='ocr_par' dir='ltr' id='par_1_81' title="bbox 2145 4256 3713 4325">
     <span class='ocr_line' id='line_1_81' title="bbox 2145 4256 3713 4325; baseline -0.003 -11"><span class='ocrx_word' id='word_1_634' title='bbox 2145 4261 2475 4315; x_wconf 86' lang='lat' dir='ltr'><strong>cohabitant.</strong></span> <span class='ocrx_word' id='word_1_635' title='bbox 2505 4261 2616 4315; x_wconf 89' lang='lat' dir='ltr'><strong>Non</strong></span> <span class='ocrx_word' id='word_1_636' title='bbox 2643 4261 2831 4315; x_wconf 91' lang='lat' dir='ltr'><strong>domus</strong></span> <span class='ocrx_word' id='word_1_637' title='bbox 2852 4261 3038 4314; x_wconf 90' lang='lat' dir='ltr'><strong>iisdem</strong></span> <span class='ocrx_word' id='word_1_638' title='bbox 3057 4277 3070 4325; x_wconf 89' lang='lat'><strong>;</strong></span> <span class='ocrx_word' id='word_1_639' title='bbox 3089 4260 3283 4314; x_wconf 77' lang='lat' dir='ltr'><strong>suﬂicit</strong></span> <span class='ocrx_word' id='word_1_640' title='bbox 3309 4259 3450 4313; x_wconf 90' lang='lat' dir='ltr'><strong>enim</strong></span> <span class='ocrx_word' id='word_1_641' title='bbox 3474 4256 3667 4313; x_wconf 70' lang='lat' dir='ltr'><strong>caelum</strong></span> <span class='ocrx_word' id='word_1_642' title='bbox 3701 4277 3713 4309; x_wconf 90' lang='lat'>:</span> 
     </span>
    </p>
   </div>
   <div class='ocr_carea' id='block_1_82' title="bbox 2145 4351 3714 4424">
    <p class='ocr_par' dir='ltr' id='par_1_82' title="bbox 2145 4351 3714 4424">
     <span class='ocr_line' id='line_1_82' title="bbox 2145 4351 3714 4424; baseline -0.003 -17"><span class='ocrx_word' id='word_1_643' title='bbox 2145 4369 2248 4407; x_wconf 90' lang='lat' dir='ltr'><strong>non</strong></span> <span class='ocrx_word' id='word_1_644' title='bbox 2286 4352 2436 4408; x_wconf 84' lang='lat' dir='ltr'><strong>lectis</strong></span> <span class='ocrx_word' id='word_1_645' title='bbox 2481 4355 2685 4424; x_wconf 81' lang='lat' dir='ltr'><strong>indiget</strong></span> <span class='ocrx_word' id='word_1_646' title='bbox 2728 4354 2846 4409; x_wconf 84' lang='lat' dir='ltr'><strong>sine</strong></span> <span class='ocrx_word' id='word_1_647' title='bbox 2885 4369 3092 4409; x_wconf 90' lang='lat' dir='ltr'><strong>sommo</strong></span> <span class='ocrx_word' id='word_1_648' title='bbox 3119 4362 3332 4406; x_wconf 82' lang='lat' dir='ltr'><strong>natura.</strong></span> <span class='ocrx_word' id='word_1_649' title='bbox 3375 4351 3488 4406; x_wconf 86' lang='lat' dir='ltr'><strong>Non</strong></span> <span class='ocrx_word' id='word_1_650' title='bbox 3527 4364 3714 4405; x_wconf 87' lang='lat' dir='ltr'><strong>mensa</strong></span> 
     </span>
    </p>
   </div>
   <div class='ocr_carea' id='block_1_83' title="bbox 2145 4444 3718 4513">
    <p class='ocr_par' dir='ltr' id='par_1_83' title="bbox 2145 4444 3718 4513">
     <span class='ocr_line' id='line_1_83' title="bbox 2145 4444 3718 4513; baseline -0.001 -17"><span class='ocrx_word' id='word_1_651' title='bbox 2145 4444 2282 4512; x_wconf 87' lang='lat' dir='ltr'><strong>apud</strong></span> <span class='ocrx_word' id='word_1_652' title='bbox 2306 4459 2400 4498; x_wconf 91' lang='lat' dir='ltr'><strong>eos</strong></span> <span class='ocrx_word' id='word_1_653' title='bbox 2435 4462 2448 4498; x_wconf 88' lang='lat'><strong>:</strong></span> <span class='ocrx_word' id='word_1_654' title='bbox 2485 4444 2627 4500; x_wconf 92' lang='lat' dir='ltr'><strong>forte</strong></span> <span class='ocrx_word' id='word_1_655' title='bbox 2655 4455 2838 4499; x_wconf 83' lang='lat' dir='ltr'><strong>autent</strong></span> <span class='ocrx_word' id='word_1_656' title='bbox 2880 4459 2978 4499; x_wconf 90' lang='lat' dir='ltr'><strong>nec</strong></span> <span class='ocrx_word' id='word_1_657' title='bbox 3009 4453 3308 4513; x_wconf 87' lang='lat' dir='ltr'><strong>pascuntur</strong></span> <span class='ocrx_word' id='word_1_658' title='bbox 3342 4460 3355 4496; x_wconf 87' lang='lat'><strong>:</strong></span> <span class='ocrx_word' id='word_1_659' title='bbox 3396 4457 3586 4494; x_wconf 89' lang='lat' dir='ltr'><strong>anrmu</strong></span> <span class='ocrx_word' id='word_1_660' title='bbox 3618 4455 3718 4495; x_wconf 89' lang='lat' dir='ltr'><strong>au-</strong></span> 
     </span>
    </p>
   </div>
   <div class='ocr_carea' id='block_1_84' title="bbox 2147 4534 3721 4604">
    <p class='ocr_par' dir='ltr' id='par_1_84' title="bbox 2147 4534 3721 4604">
     <span class='ocr_line' id='line_1_84' title="bbox 2147 4534 3721 4604; baseline -0.003 -14"><span class='ocrx_word' id='word_1_661' title='bbox 2147 4546 2250 4590; x_wconf 90' lang='lat' dir='ltr'><strong>tem</strong></span> <span class='ocrx_word' id='word_1_662' title='bbox 2273 4545 2326 4590; x_wconf 87' lang='lat' dir='ltr'><strong>et</strong></span> <span class='ocrx_word' id='word_1_663' title='bbox 2350 4547 2634 4604; x_wconf 83' lang='lat' dir='ltr'><strong>argentum</strong></span> <span class='ocrx_word' id='word_1_664' title='bbox 2670 4543 2724 4591; x_wconf 90' lang='lat' dir='ltr'><strong>et</strong></span> <span class='ocrx_word' id='word_1_665' title='bbox 2761 4547 3114 4590; x_wconf 74' lang='lat' dir='ltr'><strong>mramentnm</strong></span> <span class='ocrx_word' id='word_1_666' title='bbox 3157 4543 3211 4589; x_wconf 88' lang='lat' dir='ltr'><strong>et</strong></span> <span class='ocrx_word' id='word_1_667' title='bbox 3255 4534 3453 4588; x_wconf 87' lang='lat' dir='ltr'><strong>ferrum</strong></span> <span class='ocrx_word' id='word_1_668' title='bbox 3476 4573 3489 4596; x_wconf 91' lang='lat'><strong>,</strong></span> <span class='ocrx_word' id='word_1_669' title='bbox 3519 4541 3572 4587; x_wconf 91' lang='lat' dir='ltr'><strong>et</strong></span> <span class='ocrx_word' id='word_1_670' title='bbox 3600 4547 3721 4586; x_wconf 86' lang='lat' dir='ltr'><strong>om-</strong></span> 
     </span>
    </p>
   </div>
   <div class='ocr_carea' id='block_1_85' title="bbox 2146 4627 3722 4698">
    <p class='ocr_par' dir='ltr' id='par_1_85' title="bbox 2146 4627 3722 4698">
     <span class='ocr_line' id='line_1_85' title="bbox 2146 4627 3722 4698; baseline -0.002 -16"><span class='ocrx_word' id='word_1_671' title='bbox 2146 4629 2230 4682; x_wconf 92' lang='lat' dir='ltr'><strong>nia</strong></span> <span class='ocrx_word' id='word_1_672' title='bbox 2263 4644 2382 4698; x_wconf 83' lang='lat' dir='ltr'><strong>quae</strong></span> <span class='ocrx_word' id='word_1_673' title='bbox 2425 4630 2688 4684; x_wconf 89' lang='lat' dir='ltr'><strong>miramur</strong></span> <span class='ocrx_word' id='word_1_674' title='bbox 2721 4638 2901 4684; x_wconf 89' lang='lat' dir='ltr'><strong>creata</strong></span> <span class='ocrx_word' id='word_1_675' title='bbox 2959 4637 3013 4680; x_wconf 90' lang='lat' dir='ltr'><strong>et</strong></span> <span class='ocrx_word' id='word_1_676' title='bbox 3066 4629 3280 4682; x_wconf 87' lang='lat' dir='ltr'><strong>iuventa</strong></span> <span class='ocrx_word' id='word_1_677' title='bbox 3305 4668 3319 4693; x_wconf 95' lang='lat'><strong>,</strong></span> <span class='ocrx_word' id='word_1_678' title='bbox 3351 4627 3489 4696; x_wconf 89' lang='lat' dir='ltr'><strong>apud</strong></span> <span class='ocrx_word' id='word_1_679' title='bbox 3541 4643 3635 4680; x_wconf 88' lang='lat' dir='ltr'><strong>nos</strong></span> <span class='ocrx_word' id='word_1_680' title='bbox 3664 4634 3722 4680; x_wconf 89' lang='lat' dir='ltr'><strong>et</strong></span> 
     </span>
    </p>
   </div>
   <div class='ocr_carea' id='block_1_86' title="bbox 2145 4719 3723 4788">
    <p class='ocr_par' dir='ltr' id='par_1_86' title="bbox 2145 4719 3723 4788">
     <span class='ocr_line' id='line_1_86' title="bbox 2145 4719 3723 4788; baseline -0.003 -14"><span class='ocrx_word' id='word_1_681' title='bbox 2145 4735 2278 4776; x_wconf 89' lang='lat' dir='ltr'><strong>usus</strong></span> <span class='ocrx_word' id='word_1_682' title='bbox 2304 4719 2534 4775; x_wconf 88' lang='lat' dir='ltr'><strong>habetur</strong></span> <span class='ocrx_word' id='word_1_683' title='bbox 2558 4761 2571 4786; x_wconf 89' lang='lat'><strong>,</strong></span> <span class='ocrx_word' id='word_1_684' title='bbox 2613 4719 2718 4774; x_wconf 91' lang='lat' dir='ltr'><strong>illic</strong></span> <span class='ocrx_word' id='word_1_685' title='bbox 2771 4729 2947 4773; x_wconf 90' lang='lat' dir='ltr'><strong>autem</strong></span> <span class='ocrx_word' id='word_1_686' title='bbox 2978 4735 3075 4772; x_wconf 89' lang='lat' dir='ltr'><strong>nec</strong></span> <span class='ocrx_word' id='word_1_687' title='bbox 3107 4721 3434 4788; x_wconf 85' lang='lat' dir='ltr'><strong>nuncupatio</strong></span> <span class='ocrx_word' id='word_1_688' title='bbox 3473 4719 3723 4772; x_wconf 88' lang='lat' dir='ltr'><strong>nomina-</strong></span> 
     </span>
    </p>
   </div>
   <div class='ocr_carea' id='block_1_87' title="bbox 2147 4809 3722 4881">
    <p class='ocr_par' dir='ltr' id='par_1_87' title="bbox 2147 4809 3722 4881">
     <span class='ocr_line' id='line_1_87' title="bbox 2147 4809 3722 4881; baseline -0.001 -16"><span class='ocrx_word' id='word_1_689' title='bbox 2147 4821 2262 4877; x_wconf 91' lang='lat' dir='ltr'><strong>tur,</strong></span> <span class='ocrx_word' id='word_1_690' title='bbox 2303 4827 2402 4866; x_wconf 91' lang='lat' dir='ltr'><strong>nec</strong></span> <span class='ocrx_word' id='word_1_691' title='bbox 2431 4811 2722 4865; x_wconf 85' lang='lat' dir='ltr'><strong>invenitur.</strong></span> <span class='ocrx_word' id='word_1_692' title='bbox 2756 4811 2893 4876; x_wconf 86' lang='lat' dir='ltr'><strong>Quid</strong></span> <span class='ocrx_word' id='word_1_693' title='bbox 2924 4812 3092 4881; x_wconf 88' lang='lat' dir='ltr'><strong>ergo?</strong></span> <span class='ocrx_word' id='word_1_694' title='bbox 3121 4828 3246 4866; x_wconf 88' lang='lat' dir='ltr'><strong>num</strong></span> <span class='ocrx_word' id='word_1_695' title='bbox 3272 4827 3337 4866; x_wconf 79' lang='lat' dir='ltr'><strong>ex</strong></span> <span class='ocrx_word' id='word_1_696' title='bbox 3392 4809 3555 4863; x_wconf 89' lang='lat' dir='ltr'><strong>tantis</strong></span> <span class='ocrx_word' id='word_1_697' title='bbox 3601 4824 3722 4879; x_wconf 77' lang='lat' dir='ltr'><strong>qua:</strong></span> 
     </span>
    </p>
   </div>
   <div class='ocr_carea' id='block_1_88' title="bbox 2145 4902 3717 4973">
    <p class='ocr_par' dir='ltr' id='par_1_88' title="bbox 2145 4902 3717 4973">
     <span class='ocr_line' id='line_1_88' title="bbox 2145 4902 3717 4973; baseline -0.001 -18"><span class='ocrx_word' id='word_1_698' title='bbox 2145 4913 2395 4972; x_wconf 89' lang='lat' dir='ltr'><strong>putamus</strong></span> <span class='ocrx_word' id='word_1_699' title='bbox 2419 4917 2446 4955; x_wconf 92' lang='lat' dir='ltr'><strong>a</strong></span> <span class='ocrx_word' id='word_1_700' title='bbox 2474 4902 2628 4954; x_wconf 88' lang='lat' dir='ltr'><strong>nobis</strong></span> <span class='ocrx_word' id='word_1_701' title='bbox 2669 4903 2824 4957; x_wconf 88' lang='lat' dir='ltr'><strong>bonis</strong></span> <span class='ocrx_word' id='word_1_702' title='bbox 2855 4918 3174 4971; x_wconf 85' lang='lat' dir='ltr'><strong>superamus</strong></span> <span class='ocrx_word' id='word_1_703' title='bbox 3214 4903 3524 4973; x_wconf 86' lang='lat' dir='ltr'><strong>angelorum</strong></span> <span class='ocrx_word' id='word_1_704' title='bbox 3559 4910 3717 4957; x_wconf 86' lang='lat' dir='ltr'><strong>natu-</strong></span> 
     </span>
    </p>
   </div>
   <div class='ocr_carea' id='block_1_89' title="bbox 2146 4995 3710 5066">
    <p class='ocr_par' dir='ltr' id='par_1_89' title="bbox 2146 4995 3710 5066">
     <span class='ocr_line' id='line_1_89' title="bbox 2146 4995 3710 5066; baseline 0.001 -18"><span class='ocrx_word' id='word_1_705' title='bbox 2146 4996 2309 5049; x_wconf 86' lang='lat' dir='ltr'><strong>ram?</strong></span> <span class='ocrx_word' id='word_1_706' title='bbox 2349 4995 2458 5050; x_wconf 81' lang='lat' dir='ltr'><strong>Nos</strong></span> <span class='ocrx_word' id='word_1_707' title='bbox 2487 4996 2630 5048; x_wconf 85' lang='lat' dir='ltr'><strong>enim</strong></span> <span class='ocrx_word' id='word_1_708' title='bbox 2668 4995 2864 5050; x_wconf 88' lang='lat' dir='ltr'><strong>divites</strong></span> <span class='ocrx_word' id='word_1_709' title='bbox 2900 5011 3032 5049; x_wconf 84' lang='lat' dir='ltr'><strong>auro</strong></span> <span class='ocrx_word' id='word_1_710' title='bbox 3055 5013 3271 5059; x_wconf 89' lang='lat' dir='ltr'><strong>sumus,</strong></span> <span class='ocrx_word' id='word_1_711' title='bbox 3304 4997 3478 5066; x_wconf 86' lang='lat' dir='ltr'><strong>angeli</strong></span> <span class='ocrx_word' id='word_1_712' title='bbox 3518 5013 3710 5050; x_wconf 89' lang='lat' dir='ltr'><strong>aurum</strong></span> 
     </span>
    </p>
   </div>
   <div class='ocr_carea' id='block_1_90' title="bbox 2149 5087 3717 5158">
    <p class='ocr_par' dir='ltr' id='par_1_90' title="bbox 2149 5087 3717 5158">
     <span class='ocr_line' id='line_1_90' title="bbox 2149 5087 3717 5158; baseline 0.001 -18"><span class='ocrx_word' id='word_1_713' title='bbox 2149 5104 2252 5140; x_wconf 91' lang='lat' dir='ltr'><strong>non</strong></span> <span class='ocrx_word' id='word_1_714' title='bbox 2285 5087 2481 5141; x_wconf 84' lang='lat' dir='ltr'><strong>habent</strong></span> <span class='ocrx_word' id='word_1_715' title='bbox 2514 5103 2528 5141; x_wconf 90' lang='lat'>:</span> <span class='ocrx_word' id='word_1_716' title='bbox 2573 5103 2677 5140; x_wconf 91' lang='lat' dir='ltr'><strong>non</strong></span> <span class='ocrx_word' id='word_1_717' title='bbox 2721 5088 2840 5142; x_wconf 87' lang='lat' dir='ltr'><strong>ideo</strong></span> <span class='ocrx_word' id='word_1_718' title='bbox 2870 5103 3133 5158; x_wconf 86' lang='lat' dir='ltr'><strong>pauperes</strong></span> <span class='ocrx_word' id='word_1_719' title='bbox 3183 5089 3562 5154; x_wconf 80' lang='lat' dir='ltr'><strong>inveniuntur,</strong></span> <span class='ocrx_word' id='word_1_720' title='bbox 3591 5089 3717 5157; x_wconf 87' lang='lat' dir='ltr'><strong>quia</strong></span> 
     </span>
    </p>
   </div>
   <div class='ocr_carea' id='block_1_91' title="bbox 2148 5180 3724 5251">
    <p class='ocr_par' dir='ltr' id='par_1_91' title="bbox 2148 5180 3724 5251">
     <span class='ocr_line' id='line_1_91' title="bbox 2148 5180 3724 5251; baseline 0.001 -19"><span class='ocrx_word' id='word_1_721' title='bbox 2148 5197 2337 5234; x_wconf 86' lang='lat' dir='ltr'><strong>aurum</strong></span> <span class='ocrx_word' id='word_1_722' title='bbox 2371 5181 2509 5251; x_wconf 89' lang='lat' dir='ltr'><strong>apud</strong></span> <span class='ocrx_word' id='word_1_723' title='bbox 2539 5181 2658 5234; x_wconf 91' lang='lat' dir='ltr'><strong>illos</strong></span> <span class='ocrx_word' id='word_1_724' title='bbox 2686 5197 2790 5235; x_wconf 92' lang='lat' dir='ltr'><strong>non</strong></span> <span class='ocrx_word' id='word_1_725' title='bbox 2815 5191 2932 5246; x_wconf 86' lang='lat' dir='ltr'><strong>est;</strong></span> <span class='ocrx_word' id='word_1_726' title='bbox 2966 5183 3057 5236; x_wconf 88' lang='lat' dir='ltr'><strong>sed</strong></span> <span class='ocrx_word' id='word_1_727' title='bbox 3095 5183 3267 5251; x_wconf 84' lang='lat' dir='ltr'><strong>magis</strong></span> <span class='ocrx_word' id='word_1_728' title='bbox 3295 5180 3366 5233; x_wconf 91' lang='lat' dir='ltr'><strong>illi</strong></span> <span class='ocrx_word' id='word_1_729' title='bbox 3396 5180 3724 5248; x_wconf 89' lang='lat' dir='ltr'><strong>divites,qni</strong></span> 
     </span>
    </p>
   </div>
   <div class='ocr_carea' id='block_1_92' title="bbox 2149 5269 3728 5338">
    <p class='ocr_par' dir='ltr' id='par_1_92' title="bbox 2149 5269 3728 5338">
     <span class='ocr_line' id='line_1_92' title="bbox 2149 5269 3728 5338; baseline -0.001 -14"><span class='ocrx_word' id='word_1_730' title='bbox 2149 5285 2246 5325; x_wconf 88' lang='lat' dir='ltr'><strong>nec</strong></span> <span class='ocrx_word' id='word_1_731' title='bbox 2273 5286 2405 5324; x_wconf 91' lang='lat' dir='ltr'><strong>auro</strong></span> <span class='ocrx_word' id='word_1_732' title='bbox 2439 5269 2679 5338; x_wconf 80' lang='lat' dir='ltr'><strong>indigent</strong></span> <span class='ocrx_word' id='word_1_733' title='bbox 2710 5279 2893 5324; x_wconf 87' lang='lat' dir='ltr'><strong>nostro</strong></span> <span class='ocrx_word' id='word_1_734' title='bbox 2921 5285 3016 5325; x_wconf 91' lang='lat' dir='ltr'><strong>nec</strong></span> <span class='ocrx_word' id='word_1_735' title='bbox 3043 5281 3284 5337; x_wconf 77' lang='lat' dir='ltr'><strong>argento.</strong></span> <span class='ocrx_word' id='word_1_736' title='bbox 3317 5269 3453 5335; x_wconf 86' lang='lat' dir='ltr'><strong>Quid</strong></span> <span class='ocrx_word' id='word_1_737' title='bbox 3484 5285 3617 5338; x_wconf 89' lang='lat' dir='ltr'><strong>opus</strong></span> <span class='ocrx_word' id='word_1_738' title='bbox 3642 5281 3728 5323; x_wconf 75' lang='lat' dir='ltr'><strong>est</strong></span> 
     </span>
    </p>
   </div>
   <div class='ocr_carea' id='block_1_93' title="bbox 2148 5360 3728 5426">
    <p class='ocr_par' dir='ltr' id='par_1_93' title="bbox 2148 5360 3728 5426">
     <span class='ocr_line' id='line_1_93' title="bbox 2148 5360 3728 5426; baseline -0.003 -10"><span class='ocrx_word' id='word_1_739' title='bbox 2148 5360 2349 5416; x_wconf 89' lang='lat' dir='ltr'><strong>ferrum</strong></span> <span class='ocrx_word' id='word_1_740' title='bbox 2382 5362 2434 5416; x_wconf 88' lang='lat' dir='ltr'><strong>in</strong></span> <span class='ocrx_word' id='word_1_741' title='bbox 2467 5363 2663 5416; x_wconf 69' lang='lat' dir='ltr'><strong>caelis?</strong></span> <span class='ocrx_word' id='word_1_742' title='bbox 2693 5372 2873 5414; x_wconf 90' lang='lat' dir='ltr'><strong>utrum</strong></span> <span class='ocrx_word' id='word_1_743' title='bbox 2911 5363 2978 5416; x_wconf 89' lang='lat' dir='ltr'><strong>ad</strong></span> <span class='ocrx_word' id='word_1_744' title='bbox 3006 5361 3274 5416; x_wconf 90' lang='lat' dir='ltr'><strong>culturam</strong></span> <span class='ocrx_word' id='word_1_745' title='bbox 3294 5401 3310 5426; x_wconf 93' lang='lat'><strong>,</strong></span> <span class='ocrx_word' id='word_1_746' title='bbox 3350 5368 3441 5416; x_wconf 89' lang='lat' dir='ltr'><strong>aut</strong></span> <span class='ocrx_word' id='word_1_747' title='bbox 3472 5363 3537 5416; x_wconf 87' lang='lat' dir='ltr'><strong>ad</strong></span> <span class='ocrx_word' id='word_1_748' title='bbox 3565 5363 3728 5416; x_wconf 77' lang='lat' dir='ltr'><strong>navi-</strong></span> 
     </span>
    </p>
   </div>
   <div class='ocr_carea' id='block_1_94' title="bbox 2148 5451 3728 5524">
    <p class='ocr_par' dir='ltr' id='par_1_94' title="bbox 2148 5451 3728 5524">
     <span class='ocr_line' id='line_1_94' title="bbox 2148 5451 3728 5524; baseline -0.001 -18"><span class='ocrx_word' id='word_1_749' title='bbox 2148 5453 2414 5524; x_wconf 90' lang='lat' dir='ltr'><strong>gationem</strong></span> <span class='ocrx_word' id='word_1_750' title='bbox 2440 5496 2455 5520; x_wconf 94' lang='lat'><strong>,</strong></span> <span class='ocrx_word' id='word_1_751' title='bbox 2487 5466 2576 5507; x_wconf 88' lang='lat' dir='ltr'><strong>aut</strong></span> <span class='ocrx_word' id='word_1_752' title='bbox 2606 5455 2671 5506; x_wconf 89' lang='lat' dir='ltr'><strong>ad</strong></span> <span class='ocrx_word' id='word_1_753' title='bbox 2709 5454 2904 5507; x_wconf 88' lang='lat' dir='ltr'><strong>bellum</strong></span> <span class='ocrx_word' id='word_1_754' title='bbox 2932 5493 2947 5520; x_wconf 93' lang='lat'><strong>,</strong></span> <span class='ocrx_word' id='word_1_755' title='bbox 2977 5464 3070 5507; x_wconf 92' lang='lat' dir='ltr'><strong>aut</strong></span> <span class='ocrx_word' id='word_1_756' title='bbox 3104 5453 3170 5506; x_wconf 92' lang='lat' dir='ltr'><strong>ad</strong></span> <span class='ocrx_word' id='word_1_757' title='bbox 3198 5453 3562 5508; x_wconf 83' lang='lat' dir='ltr'><strong>medicinam?</strong></span> <span class='ocrx_word' id='word_1_758' title='bbox 3588 5451 3728 5520; x_wconf 87' lang='lat' dir='ltr'><strong>Quid</strong></span> 
     </span>
    </p>
   </div>
   <div class='ocr_carea' id='block_1_95' title="bbox 479 5541 3721 5615">
    <p class='ocr_par' dir='ltr' id='par_1_95' title="bbox 479 5541 3721 5615">
     <span class='ocr_line' id='line_1_95' title="bbox 479 5541 3721 5615; baseline 0.002 -27"><span class='ocrx_word' id='word_1_759' title='bbox 479 5553 610 5604; x_wconf 87' lang='lat' dir='ltr'><strong>pore</strong></span> <span class='ocrx_word' id='word_1_760' title='bbox 637 5549 715 5592; x_wconf 87' lang='lat' dir='ltr'><strong>est</strong></span> <span class='ocrx_word' id='word_1_761' title='bbox 753 5541 894 5596; x_wconf 82' lang='lat' dir='ltr'><strong>Deus</strong></span> <span class='ocrx_word' id='word_1_762' title='bbox 916 5583 930 5605; x_wconf 89' lang='lat'><strong>,</strong></span> <span class='ocrx_word' id='word_1_763' title='bbox 962 5546 1053 5598; x_wconf 90' lang='lat' dir='ltr'><strong>sed</strong></span> <span class='ocrx_word' id='word_1_764' title='bbox 1083 5545 1212 5599; x_wconf 87' lang='lat' dir='ltr'><strong>vita.</strong></span> <span class='ocrx_word' id='word_1_765' title='bbox 1239 5545 1294 5598; x_wconf 91' lang='lat' dir='ltr'><strong>lu</strong></span> <span class='ocrx_word' id='word_1_766' title='bbox 1328 5553 1537 5598; x_wconf 90' lang='lat' dir='ltr'><strong>tantum</strong></span> <span class='ocrx_word' id='word_1_767' title='bbox 1567 5543 1712 5596; x_wconf 88' lang='lat' dir='ltr'><strong>enim</strong></span> <span class='ocrx_word' id='word_1_768' title='bbox 1749 5545 1940 5611; x_wconf 79' lang='lat' dir='ltr'><strong>repetit</strong></span> <span class='ocrx_word' id='word_1_769' title='bbox 1960 5558 2050 5598; x_wconf 89' lang='lat' dir='ltr'><strong>co—</strong></span> <span class='ocrx_word' id='word_1_770' title='bbox 2080 5545 2126 5605; x_wconf 90' lang='lat' dir='ltr'><strong>D</strong></span> <span class='ocrx_word' id='word_1_771' title='bbox 2154 5560 2286 5615; x_wconf 89' lang='lat' dir='ltr'><strong>opus</strong></span> <span class='ocrx_word' id='word_1_772' title='bbox 2319 5554 2400 5599; x_wconf 83' lang='lat' dir='ltr'><strong>est</strong></span> <span class='ocrx_word' id='word_1_773' title='bbox 2426 5546 2773 5614; x_wconf 87' lang='lat' dir='ltr'><strong>permistionc</strong></span> <span class='ocrx_word' id='word_1_774' title='bbox 2809 5544 2950 5610; x_wconf 90' lang='lat' dir='ltr'><strong>illis,</strong></span> <span class='ocrx_word' id='word_1_775' title='bbox 3000 5546 3088 5599; x_wconf 92' lang='lat' dir='ltr'><strong>ubi</strong></span> <span class='ocrx_word' id='word_1_776' title='bbox 3123 5561 3227 5598; x_wconf 91' lang='lat' dir='ltr'><strong>nou</strong></span> <span class='ocrx_word' id='word_1_777' title='bbox 3269 5555 3395 5600; x_wconf 89' lang='lat' dir='ltr'><strong>sunt</strong></span> <span class='ocrx_word' id='word_1_778' title='bbox 3426 5554 3721 5599; x_wconf 84' lang='lat' dir='ltr'><strong>commuta-</strong></span> 
     </span>
    </p>
   </div>
   <div class='ocr_carea' id='block_1_96' title="bbox 477 5629 2045 5706">
    <p class='ocr_par' dir='ltr' id='par_1_96' title="bbox 477 5629 2045 5706">
     <span class='ocr_line' id='line_1_96' title="bbox 477 5629 2045 5706; baseline 0.006 -24"><span class='ocrx_word' id='word_1_779' title='bbox 477 5629 678 5698; x_wconf 85' lang='lat' dir='ltr'><strong>gitatus</strong></span> <span class='ocrx_word' id='word_1_780' title='bbox 711 5638 849 5701; x_wconf 89' lang='lat' dir='ltr'><strong>quod</strong></span> <span class='ocrx_word' id='word_1_781' title='bbox 899 5635 1000 5689; x_wconf 90' lang='lat' dir='ltr'><strong>sibi</strong></span> <span class='ocrx_word' id='word_1_782' title='bbox 1033 5638 1166 5692; x_wconf 90' lang='lat' dir='ltr'><strong>utile</strong></span> <span class='ocrx_word' id='word_1_783' title='bbox 1216 5637 1488 5692; x_wconf 90' lang='lat' dir='ltr'><strong>invenitur</strong></span> <span class='ocrx_word' id='word_1_784' title='bbox 1520 5651 1534 5689; x_wconf 89' lang='lat'><strong>:</strong></span> <span class='ocrx_word' id='word_1_785' title='bbox 1564 5635 1686 5705; x_wconf 89' lang='lat' dir='ltr'><strong>quia</strong></span> <span class='ocrx_word' id='word_1_786' title='bbox 1730 5646 1892 5706; x_wconf 67' lang='lat' dir='ltr'><strong>petra!</strong></span> <span class='ocrx_word' id='word_1_787' title='bbox 1922 5638 2045 5706; x_wconf 89' lang='lat' dir='ltr'><strong>qui-</strong></span> 
     </span>
    </p>
   </div>
   <div class='ocr_carea' id='block_1_97' title="bbox 552 5768 2046 5841">
    <p class='ocr_par' dir='ltr' id='par_1_97' title="bbox 552 5768 2046 5841">
     <span class='ocr_line' id='line_1_97' title="bbox 552 5768 2046 5841; baseline 0.007 -20"><span class='ocrx_word' id='word_1_788' title='bbox 552 5768 663 5838; x_wconf 79' lang='lat'><strong>(5‘2)</strong></span> <span class='ocrx_word' id='word_1_789' title='bbox 706 5769 800 5824; x_wconf 82' lang='lat' dir='ltr'><strong>Ms.</strong></span> <span class='ocrx_word' id='word_1_790' title='bbox 847 5783 939 5824; x_wconf 82' lang='lat' dir='ltr'><strong>aut</strong></span> <span class='ocrx_word' id='word_1_791' title='bbox 1009 5775 1063 5830; x_wconf 79' lang='lat' dir='ltr'><strong>in</strong></span> <span class='ocrx_word' id='word_1_792' title='bbox 1127 5788 1289 5840; x_wconf 77' lang='lat' dir='ltr'><strong>terra,</strong></span> <span class='ocrx_word' id='word_1_793' title='bbox 1337 5794 1437 5831; x_wconf 84' lang='lat' dir='ltr'><strong>nou</strong></span> <span class='ocrx_word' id='word_1_794' title='bbox 1501 5778 1556 5831; x_wconf 81' lang='lat' dir='ltr'><strong>in</strong></span> <span class='ocrx_word' id='word_1_795' title='bbox 1611 5777 1780 5841; x_wconf 84' lang='lat' dir='ltr'><strong>mari,</strong></span> <span class='ocrx_word' id='word_1_796' title='bbox 1844 5791 1945 5829; x_wconf 81' lang='lat' dir='ltr'><strong>non</strong></span> <span class='ocrx_word' id='word_1_797' title='bbox 1993 5777 2046 5831; x_wconf 78' lang='lat' dir='ltr'><strong>in</strong></span> 
     </span>
    </p>
   </div>
   <div class='ocr_carea' id='block_1_98' title="bbox 479 5853 614 5891">
    <p class='ocr_par' dir='ltr' id='par_1_98' title="bbox 479 5853 614 5891">
     <span class='ocr_line' id='line_1_98' title="bbox 479 5853 614 5891; baseline -0.007 0"><span class='ocrx_word' id='word_1_798' title='bbox 479 5853 614 5891; x_wconf 76' lang='grc' dir='ltr'>αενε.</span> 
     </span>
    </p>
   </div>
   <div class='ocr_carea' id='block_1_99' title="bbox 556 5906 1953 5982">
    <p class='ocr_par' dir='ltr' id='par_1_99' title="bbox 556 5906 1953 5982">
     <span class='ocr_line' id='line_1_99' title="bbox 556 5906 1953 5982; baseline 0.006 -22"><span class='ocrx_word' id='word_1_799' title='bbox 556 5909 672 5976; x_wconf 78' lang='lat'><strong>(53)</strong></span> <span class='ocrx_word' id='word_1_800' title='bbox 732 5906 825 5962; x_wconf 64' lang='lat' dir='ltr'><strong>Ms.</strong></span> <span class='ocrx_word' id='word_1_801' title='bbox 899 5911 1127 5979; x_wconf 72' lang='lat' dir='ltr'><strong>Simplex</strong></span> <span class='ocrx_word' id='word_1_802' title='bbox 1185 5916 1319 5970; x_wconf 77' lang='lat' dir='ltr'><strong>enim</strong></span> <span class='ocrx_word' id='word_1_803' title='bbox 1356 5926 1400 5969; x_wconf 75' lang='lat' dir='ltr'><strong>et</strong></span> <span class='ocrx_word' id='word_1_804' title='bbox 1427 5915 1662 5982; x_wconf 74' lang='lat' dir='ltr'><strong>informis</strong></span> <span class='ocrx_word' id='word_1_805' title='bbox 1695 5927 1764 5970; x_wconf 78' lang='lat' dir='ltr'><strong>est</strong></span> <span class='ocrx_word' id='word_1_806' title='bbox 1799 5914 1953 5970; x_wconf 75' lang='lat' dir='ltr'><strong>Deus.</strong></span> 
     </span>
    </p>
   </div>
   <div class='ocr_carea' id='block_1_100' title="bbox 2157 5635 3725 5708">
    <p class='ocr_par' dir='ltr' id='par_1_100' title="bbox 2157 5635 3725 5708">
     <span class='ocr_line' id='line_1_100' title="bbox 2157 5635 3725 5708; baseline -0.003 -16"><span class='ocrx_word' id='word_1_807' title='bbox 2157 5638 2374 5694; x_wconf 86' lang='lat' dir='ltr'><strong>tiones?</strong></span> <span class='ocrx_word' id='word_1_808' title='bbox 2399 5637 2502 5693; x_wconf 84' lang='lat' dir='ltr'><strong>Sed</strong></span> <span class='ocrx_word' id='word_1_809' title='bbox 2539 5653 2637 5692; x_wconf 87' lang='lat' dir='ltr'><strong>nec</strong></span> <span class='ocrx_word' id='word_1_810' title='bbox 2673 5637 2845 5692; x_wconf 83' lang='lat' dir='ltr'><strong>servis</strong></span> <span class='ocrx_word' id='word_1_811' title='bbox 2877 5651 3014 5708; x_wconf 90' lang='lat' dir='ltr'><strong>opus</strong></span> <span class='ocrx_word' id='word_1_812' title='bbox 3063 5647 3146 5692; x_wconf 90' lang='lat' dir='ltr'><strong>est</strong></span> <span class='ocrx_word' id='word_1_813' title='bbox 3179 5638 3297 5692; x_wconf 91' lang='lat' dir='ltr'><strong>eis:</strong></span> <span class='ocrx_word' id='word_1_814' title='bbox 3330 5637 3526 5693; x_wconf 84' lang='lat' dir='ltr'><strong>suflicit</strong></span> <span class='ocrx_word' id='word_1_815' title='bbox 3580 5635 3725 5692; x_wconf 90' lang='lat' dir='ltr'><strong>enim</strong></span> 
     </span>
    </p>
   </div>
   <div class='ocr_carea' id='block_1_101' title="bbox 2227 5776 3366 5847">
    <p class='ocr_par' dir='ltr' id='par_1_101' title="bbox 2227 5776 3366 5847">
     <span class='ocr_line' id='line_1_101' title="bbox 2227 5776 3366 5847; baseline -0.001 -14"><span class='ocrx_word' id='word_1_816' title='bbox 2227 5778 2337 5847; x_wconf 70' lang='grc' dir='ltr'><strong>(δι)</strong></span> <span class='ocrx_word' id='word_1_817' title='bbox 2373 5777 2723 5845; x_wconf 76' lang='lat' dir='ltr'><strong>Composims.</strong></span> <span class='ocrx_word' id='word_1_818' title='bbox 2745 5776 2948 5847; x_wconf 76' lang='lat' dir='ltr'><strong>Forte,</strong></span> <span class='ocrx_word' id='word_1_819' title='bbox 2978 5777 3366 5842; x_wconf 74' lang='lat' dir='ltr'><strong>incompositus.</strong></span> 
     </span>
    </p>
   </div>
   <div class='ocr_carea' id='block_1_102' title="bbox 2231 5846 3314 5929">
    <p class='ocr_par' dir='ltr' id='par_1_102' title="bbox 2231 5846 3314 5929">
     <span class='ocr_line' id='line_1_102' title="bbox 2231 5846 3314 5929; baseline -0.006 -24"><span class='ocrx_word' id='word_1_820' title='bbox 2231 5846 2349 5920; x_wconf 59' lang='grc' dir='ltr'><strong>(ὃὸ)</strong></span> <span class='ocrx_word' id='word_1_821' title='bbox 2395 5849 2704 5902; x_wconf 75' lang='lat' dir='ltr'><strong>Contcxunt.</strong></span> <span class='ocrx_word' id='word_1_822' title='bbox 2741 5846 2932 5929; x_wconf 41' lang='lat' dir='ltr'><strong>I‘jortc,</strong></span> <span class='ocrx_word' id='word_1_823' title='bbox 2970 5857 3260 5918; x_wconf 73' lang='lat' dir='ltr'><strong>contegunt.</strong></span> <span class='ocrx_word' id='word_1_824' title='bbox 3311 5868 3314 5875; x_wconf 92' lang='grc'>·</span> 
     </span>
    </p>
   </div>
  </div>
