4134 6470
441 446 582 501 1149

1212 450 1300 503 DE
1352 451 1439 506 EO
1481 451 1668 518 QUOD
1707 450 1889 506 DEUS
1926 450 2154 506 PATER
2191 447 2691 506 lNCORPORALlS
2729 447 2877 501 EST.

3540 445 3673 499 “50

442 558 810 628 unusquisque
861 560 981 614 sibi.
1012 560 1075 615 Et
1105 577 1222 630 qua:
1252 574 1501 633 putamus
1544 562 1697 616 nobis
1731 577 1851 616 esse
1896 576 2009 614 ma-
2044 562 2084 617 A
2117 571 2363 631 pratum;
2397 571 2452 615 et
2478 562 2792 615 assistentes
2822 559 2990 628 pratis
3012 598 3028 622 ,
3070 559 3346 615 videamus
3388 576 3490 613 non
3533 576 3674 614 nunc

440 668 544 720 gna
567 692 583 718 ,
611 661 665 705 et
688 654 825 706 bona
849 692 863 717 ,
892 661 946 706 et
978 655 1282 708 necessaria
1310 670 1530 723 qumque
1568 664 1693 707 sunt
1722 653 1907 719 nobis;
1934 652 2007 704 illi

443 751 647 797 natura:
668 744 845 797 ornnia
868 753 991 797 sunt
1013 745 1189 798 otiosa
1227 763 1240 798 :
1277 754 1332 799 et
1355 759 1687 814 quaecunque
1715 759 1780 797 ex
1805 744 2008 795 anima-

440 832 585 887 libus
634 835 788 887 nobis
815 845 935 887 sunt
981 835 1168 901 utilia,
1221 835 1326 889 illis
1356 844 1483 889 sunt
1530 850 1636 888 non
1680 832 2003 889 necessaria.

444 923 653 978 Tauros
677 926 820 979 enim
849 928 914 979 ad
940 926 1204 980 culturam
1256 944 1363 981 non
1412 928 1608 982 habent
1635 942 1769 996 Opus
1789 966 1803 989 ,
1836 940 2008 993 neque

438 1030 611 1084 equos
640 1017 705 1069 ad
732 1018 927 1072 bellum
956 1035 970 1071 :
1000 1034 1105 1073 nam
1136 1018 1375 1088 indigent
1414 1019 1537 1087 igne
1570 1019 1636 1071 ad
1684 1017 1965 1070 luminaria
1989 1056 2004 1079 ,

440 1120 614 1174 neque
642 1122 704 1160 ea
738 1123 859 1176 quae
884 1124 979 1177 per
1010 1110 1186 1179 ignem
1229 1111 1293 1163 ad
1340 1125 1547 1163 curam.
1595 1108 1708 1163 Non
1759 1124 1895 1177 aqua
1926 1116 2009 1161 est

434 1195 521 1249 eis
546 1198 846 1251 necessaria
871 1239 887 1263 ,
914 1215 1019 1252 non
1046 1215 1110 1253 ex
1142 1201 1299 1263 mari,
1325 1216 1430 1253 non
1464 1215 1528 1254 ex
1562 1210 1700 1253 terra
1733 1216 1747 1253 :
1781 1214 1885 1251 non
1919 1197 2006 1250 illa

440 1300 560 1353 qua:
584 1300 649 1340 ex
677 1286 938 1343 imbribus
961 1301 1297 1358 apportatur.
1329 1289 1443 1345 Non
1491 1306 1737 1344 somnum
1775 1290 1841 1341 ad
1872 1289 2008 1343 refe-

440 1377 673 1431 ctionem
707 1382 1069 1434 necessarium
1100 1381 1322 1446 habent,
1351 1397 1455 1435 non
1489 1395 1641 1435 escas
1662 1382 1728 1433 ad
1755 1379 2004 1434 salutem.

441 1464 608 1522 Forte
653 1478 831 1522 autem
860 1470 1074 1537 quidem
1124 1481 1178 1524 et
1234 1470 1500 1524 mirantur
1551 1470 1869 1534 audientes,
1914 1466 2006 1536 qui

446 1569 626 1614 mente
652 1561 719 1615 ad
747 1562 1057 1631 angelorum
1082 1565 1278 1618 choros
1321 1578 1424 1617 non
1461 1570 1839 1632 pervenerunt.
1882 1560 2008 1627 Qui-

438 1652 543 1706 bus
568 1651 713 1706 enim
752 1652 1032 1708 beatitudo
1053 1663 1137 1707 est
1165 1655 1209 1708 si
1237 1654 1559 1708 manducent
1601 1664 1656 1706 et
1702 1652 1919 1717 bibant,
1953 1660 2008 1705 et

444 1743 651 1812 nuptiis
678 1753 916 1810 utantur,
950 1754 1002 1799 et
1030 1744 1401 1812 possessiones
1430 1743 1694 1807 habeant,
1717 1752 1769 1796 et
1793 1744 2010 1797 thesau-

445 1849 536 1888 ros
553 1836 878 1897 recondant,
913 1845 967 1887 et
990 1833 1294 1902 iudiciariis
1334 1834 1688 1904 dignitatibus
1724 1833 2006 1902 perfruan-

2113 655 2273 706 llnres
2301 663 2559 707 exeuntes
2582 691 2597 716 ,
2634 666 2802 719 neque
2826 650 3095 705 coloribus
3123 651 3301 704 varios
3321 693 3337 716 ,
3394 666 3567 714 neque
3620 652 3672 702 in

2111 747 2369 800 odoribus
2398 746 2676 807 diversos;
2710 744 2801 798 sed
2825 742 3101 796 videamus
3120 742 3230 796 illic
3258 742 3393 796 coelo
3428 742 3672 810 superius

2125 842 2299 893 locum
2330 878 2343 897 ,
2377 854 2472 906 per
2507 836 2724 906 angelos
2750 847 2929 890 autem
2961 834 3345 906 splendentem.
3386 835 3671 888 Multitudo

2118 933 2258 986 enim
2294 933 2402 987 illic
2434 948 2539 987 non
2578 939 2722 986 tanta
2749 940 2947 1000 quanta
2976 938 3057 985 est
3084 930 3380 984 stellarum.
3418 929 3473 984 Si
3525 928 3668 983 enim

2110 1033 2165 1076 et
2201 1022 2383 1076 multae
2419 1030 2545 1074 sunt
2573 1022 2758 1084 stellm,
2794 1021 2886 1073 sed
2914 1021 2967 1074 in
3002 1020 3458 1085 magnitudinibus
3481 1027 3534 1072 et
3556 1034 3674 1071 cor-

2112 1114 2333 1181 poribus
2362 1111 2670 1166 constitutae
2691 1151 2706 1176 ,
2750 1111 2882 1165 locis
2913 1111 3146 1177 indigent
3168 1151 3183 1176 ,
3209 1120 3263 1164 et
3288 1126 3353 1164 ex
3404 1112 3671 1177 magnitu-

2115 1206 2239 1259 dine
2270 1205 2391 1259 ρωΙὶ
2428 1203 2709 1257 multitudo
2734 1212 3078 1257 mensuratur
3096 1217 3156 1255 ea
3168 1219 3304 1257 rum.
3326 1201 3507 1253 Tantae
3526 1200 3671 1252 enim

2109 1310 2271 1359 sunt,
2317 1306 2544 1362 quantas
2574 1296 2720 1363 capit
2766 1304 2820 1348 et
2865 1295 3083 1348 celum.
3133 1293 3315 1360 Angeli
3354 1301 3527 1344 autem
3565 1306 3668 1342 nou

2110 1390 2362 1458 indigent
2388 1388 2502 1442 loco
2525 1428 2540 1452 ,
2577 1389 2668 1441 sed
2702 1388 2852 1442 liberi
2884 1404 2913 1440 a
2968 1386 3098 1440 locis
3128 1387 3367 1438 viventes
3406 1396 3568 1449 sunt,
3617 1393 3674 1439 et

2109 1480 2163 1533 in
2200 1480 2516 1533 alterutrum
2556 1488 2798 1547 agentes.
2836 1476 2953 1530 Non
2994 1478 3047 1530 iu
3089 1476 3403 1530 confusione
3447 1475 3670 1544 quippe,

2112 1586 2212 1625 nec
2239 1569 2599 1623 exsultatione
2648 1584 2906 1638 corporea
2934 1608 2948 1632 ,
2989 1568 3080 1621 sed
3134 1581 3344 1635 semper
3389 1568 3440 1619 iu
3474 1566 3675 1621 lumine

2110 1670 2276 1716 sunt:
2313 1662 2410 1730 ipsi
2438 1660 2616 1713 lumen
2652 1660 2753 1714 tale
2777 1698 2793 1724 ,
2832 1660 3017 1727 quales
3051 1666 3102 1711 et
3160 1668 3304 1711 sunt.
3354 1658 3506 1726 Apud
3557 1657 3677 1712 illos

2110 1754 2252 1808 enim
2277 1769 2379 1805 non
2406 1769 2510 1806 nox
2546 1753 2611 1805 ad
2656 1750 3014 1806 refectionem
3047 1751 3275 1803 habetur
3299 1791 3313 1813 ,
3341 1766 3443 1802 non
3471 1750 3585 1802 dies
3608 1747 3672 1799 ad

2112 1846 2593 1899 exsurrectionem.
2623 1843 2847 1911 Semper
2877 1841 3020 1894 enim
3044 1842 3245 1894 habent
3276 1839 3487 1905 lumen,
3519 1848 3572 1891 et
3596 1838 3677 1892 lu.

438 1934 565 1987 tur;
594 1923 677 1978 his
706 1924 865 1978 etiam
897 1940 957 1978 ea
988 1939 1107 1992 quze
1135 1939 1294 1993 supra
1329 1924 1429 1978 ista
1470 1932 1595 1976 sunt
1615 1962 1630 1987 ,
1658 1923 1867 1976 minora
1908 1937 2008 1989 pu—

2120 1952 2240 1991 men
2282 1952 2386 1990 non
2415 1936 2517 1989 hoc
2550 1933 2690 2001 quod
2744 1932 2881 2002 apud
2912 1946 3009 1985 nos
3048 1941 3147 1985 est.
3182 1930 3293 1984 lloe
3337 1930 3479 1984 enim
3507 1929 3677 1982 sensi-

451 2025 652 2069 tantur.
685 2015 791 2070 Sed
827 2031 932 2069 non
982 2015 1415 2069 contaminemus
1447 2023 1692 2069 sanctum
1721 2013 1866 2067 illum
1912 2028 2008 2065 an-

440 2108 684 2175 gelorum
708 2109 929 2162 chormn
956 2124 970 2173 ;
1010 2123 1117 2162 non
1152 2107 1223 2161 sit
1259 2107 1327 2161 ibi
1355 2106 1553 2160 femina
1577 2145 1592 2169 ,
1624 2106 1711 2159 ubi
1741 2104 2007 2159 successio

447 2199 754 2254 necessaria
795 2215 900 2254 non
948 2207 1051 2254 est.
1085 2197 1199 2252 Non
1244 2198 1369 2266 quia
1410 2205 1714 2251 creaturam
1756 2210 1952 2249 accuso
1990 2212 2003 2248 :

442 2291 860 2360 unumquodque
888 2291 1032 2343 enim
1059 2287 1291 2343 ofﬁcium
1348 2290 1399 2342 in
1451 2302 1545 2342 sua
1603 2295 1790 2341 natura
1833 2285 2004 2354 jacet;

446 2379 580 2434 bene
606 2380 923 2434 translatum
962 2390 1139 2434 autem
1169 2395 1197 2432 a
1243 2380 1356 2435 suis
1381 2379 1549 2445 locis,
1595 2387 1650 2433 et
1699 2378 2008 2448 regionibus

446 2482 499 2525 et
530 2482 719 2526 natura
744 2474 810 2527 ad
840 2487 999 2541 quam
1027 2472 1317 2527 constituta
1345 2482 1465 2536 est,
1507 2482 1728 2527 revocat
1752 2472 1819 2526 ad
1853 2485 1912 2525 se
1935 2470 2009 2524 le-

443 2566 529 2635 gis
559 2564 755 2619 divinis
780 2564 1057 2617 virtutem.
1084 2563 1361 2629 Quomodo
1391 2563 1534 2616 enim
1576 2561 1756 2617 decori
1788 2562 1839 2615 in
1873 2562 2006 2615 mari

448 2664 570 2709 sunt
602 2656 826 2726 piscium
878 2656 1108 2726 greges?
1157 2656 1425 2725 quomodo
1470 2656 1680 2709 decoras
1718 2666 1843 2708 sunt
1888 2654 2010 2707 illo--

444 2764 565 2803 rum
598 2762 650 2801 tn
681 2749 946 2803 meatibus
972 2745 1246 2801 flundnum
1271 2746 1701 2803 exsultationes?
1743 2747 2010 2816 quomodo

451 2840 624 2894 nitent
658 2840 710 2894 in
741 2841 919 2895 exitus
949 2839 1215 2895 fontium?
1258 2838 1315 2893 Si
1359 2850 1539 2893 autem
1568 2839 1799 2893 volueris
1841 2839 2008 2902 istos,

444 2942 507 2985 ut
530 2932 661 2987 dans
684 2931 1027 2998 beneficium,
1052 2947 1118 2987 ex
1146 2931 1300 3001 aquis
1329 2931 1393 2985 ad
1420 2933 1709 2999 puritatem
1728 2931 1868 2985 aeris
1890 2930 2013 2984 edu-

449 3037 601 3089 cere,
624 3024 689 3076 ad
717 3024 1068 3093 perditionem
1101 3024 1326 3092 piscium
1361 3022 1681 3075 beneficium
1713 3021 1802 3075 fiet
1832 3030 2006 3075 tuum.

448 3115 589 3185 Ergo
618 3116 780 3184 piscis
811 3115 1028 3183 quidem
1078 3115 1148 3169 sit
1203 3113 1289 3167 ubi
1340 3122 1452 3177 est;
1498 3114 1711 3181 quidam
1762 3112 1905 3167 enim
1959 3113 2011 3166 in

454 3208 585 3259 mari
624 3215 750 3259 sunt
777 3207 969 3275 positi;
998 3215 1052 3260 et
1080 3208 1191 3260 sint
1219 3206 1308 3260 ubi
1352 3205 1431 3259 eis
1470 3216 1552 3258 est
1583 3207 1760 3259 datum
1794 3221 1809 3258 :
1840 3205 1928 3257 alii
1961 3205 2012 3257 in

448 3295 757 3349 fluminibus
786 3304 836 3348 et
868 3296 921 3347 in
951 3295 1185 3349 fontibus
1225 3306 1449 3359 natant,
1485 3297 1608 3363 quia
1636 3311 1742 3349 non
1778 3296 2013 3362 indigent

452 3387 556 3439 tuis
589 3386 863 3439 beneficiis
890 3386 955 3438 ad
987 3385 1481 3453 interemptionem.
1531 3386 1667 3450 Quid
1696 3386 1866 3454 ergo?
1890 3386 2013 3454 quia

452 3476 586 3527 bona
614 3486 693 3528 est
719 3490 855 3543 aqua
884 3476 1118 3545 piscibus
1145 3515 1160 3539 ,
1188 3475 1520 3543 deponamus
1546 3476 1653 3529 illic
1678 3476 2013 3530 exsultantes

453 3576 504 3619 et
539 3566 801 3619 homines.
830 3565 1135 3620 Secundum
1170 3567 1332 3619 istum
1363 3566 1525 3637 igitur
1553 3582 1885 3633 sermonem,
1906 3568 2013 3621 sint

454 3659 724 3714 masculus
750 3671 803 3714 et
829 3660 1024 3714 femina
1058 3659 1214 3713 utiles
1270 3660 1409 3728 apud
1460 3674 1558 3713 nos
1591 3668 1645 3713 et
1688 3659 2013 3726 necessarii,

451 3750 733 3806 hominum
763 3762 940 3803 autem
979 3759 1224 3802 naturam
1256 3760 1443 3803 contra
1485 3759 1731 3803 naturam
1763 3764 1872 3803 non
1924 3750 2016 3804 de-

453 3857 734 3909 ponamus.
776 3841 830 3895 Si
864 3843 1007 3895 enim
1038 3842 1329 3896 ascendere
1350 3856 1456 3895 non
1492 3850 1666 3910 potest
1696 3851 1885 3895 natura
1937 3843 2017 3910 pi-

455 3935 622 3988 scium
663 3949 823 4004 supra
848 3942 1092 3987 naturam
1114 3973 1130 3997 ,
1161 3934 1428 4002 quomodo
1453 3948 1561 3987 non
1599 3933 1770 4002 magis
1808 3933 2017 3987 timebi-

456 4043 608 4093 mus,
640 4027 683 4081 si
736 4026 1046 4097 angelorum
1098 4036 1345 4079 naturam
1395 4027 1559 4080 verbo
1617 4025 1730 4079 ausi
1759 4023 2015 4079 fuerimus

455 4123 723 4190 deponere
745 4158 761 4183 ,
783 4134 901 4190 qua:
927 4134 1031 4172 non
1068 4117 1386 4173 descendit?
1414 4117 1562 4171 Alias
1587 4128 1764 4170 autem
1805 4126 1860 4168 et
1884 4114 2018 4168 nihil

456 4214 686 4284 amplius
713 4213 802 4268 flet
847 4228 876 4265 a
919 4212 1105 4274 nobis,
1162 4211 1264 4266 nisi
1309 4220 1366 4265 ut
1404 4209 1855 4277 blasphememus.
1907 4206 2019 4263 Nec

456 4305 596 4358 enim
627 4306 726 4359 etsi
755 4303 1079 4358 voluerimus
1106 4303 1212 4357 vim
1244 4305 1421 4358 facere
1451 4302 1524 4355 illi
1549 4312 1782 4365 naturae,
1826 4314 2015 4369 perur-

456 4396 666 4464 gebitur
702 4412 715 4448 :
747 4397 840 4449 sed
871 4396 947 4449 illi
979 4396 1196 4464 quidem
1222 4402 1439 4449 manent
1459 4393 1612 4447 liberi
1658 4394 1725 4446 ab
1772 4393 1876 4447 isto
1921 4391 2017 4444 ha-

458 4489 571 4542 bitu
596 4488 891 4558 corporali.
924 4486 1111 4558 Neque
1134 4488 1276 4541 enim
1310 4486 1580 4541 masculus
1609 4500 1780 4554 neque
1816 4484 2013 4538 femina

2114 2029 2419 2085 bilitatibus
2450 2035 2818 2081 mensuratum
2848 2034 2966 2089 est,
2994 2023 3123 2077 illud
3164 2032 3342 2075 autem
3381 2021 3519 2073 aliud
3579 2020 3681 2072 ali-

2113 2122 2262 2191 quid.
2289 2119 2430 2173 Nihil
2452 2134 2583 2173 sane
2605 2133 2701 2172 nos
2727 2117 2977 2186 prohibet
3002 2116 3053 2168 in
3085 2114 3276 2168 iisdem
3301 2113 3431 2181 ipsis
3458 2126 3677 2179 compa-

2114 2213 2415 2269 rationibus
2450 2211 2712 2272 volutari,
2749 2209 2874 2277 quia
2898 2215 2952 2260 et
2980 2206 3216 2274 piscibus
3242 2204 3419 2257 lumen
3452 2204 3682 2256 habetur

2114 2321 2217 2360 non
2243 2313 2446 2357 tantum
2474 2309 2733 2370 quantum
2763 2308 2816 2353 et
2842 2297 2981 2367 apud
3012 2311 3127 2349 nos.
3156 2293 3505 2349 Commistum
3533 2290 3678 2345 enim

2115 2397 2241 2450 illud
2279 2404 2361 2449 est
2394 2394 2569 2446 lumen
2593 2431 2608 2455 ,
2639 2390 2781 2459 quod
2810 2389 2947 2458 apud
2999 2388 3177 2456 pisces
3211 2385 3438 2439 habetur
3480 2383 3676 2450 aquis;

2113 2498 2168 2541 et
2197 2486 2316 2539 ideo
2344 2499 2448 2537 non
2490 2484 2560 2536 ita
2609 2483 2747 2535 sicut
2798 2480 2934 2548 apud
2988 2493 3085 2531 nos
3119 2484 3400 2546 permanet
3448 2488 3681 2542 purum,

2115 2578 2209 2632 sed
2242 2578 2419 2629 lumen
2468 2585 2521 2628 et
2561 2572 2670 2627 illic
2722 2580 2807 2627 est
2839 2589 2852 2623 :
2885 2572 3131 2639 perlucet
3177 2567 3320 2623 enim
3370 2575 3425 2619 et
3478 2565 3550 2618 ibi
3586 2579 3685 2632 per

2118 2684 2286 2737 aquas
2320 2706 2335 2730 ,
2369 2666 2460 2719 sed
2487 2679 2592 2718 non
2620 2674 2700 2718 est
2722 2663 2793 2716 ita
2827 2676 3017 2731 purum
3042 2670 3099 2714 ut
3145 2657 3322 2713 nobis.
3370 2656 3437 2710 Ει
3486 2656 3528 2708 si
3560 2654 3684 2723 quis

2115 2760 2403 2829 aliquando
2433 2758 2483 2810 vi
2512 2757 2700 2811 mersit
2729 2756 2782 2808 in
2809 2768 2975 2822 aquas
2997 2791 3012 2817 ,
3046 2760 3101 2806 et
3129 2751 3181 2805 in
3212 2750 3368 2818 aquis
3406 2763 3533 2803 suos
3557 2762 3685 2815 ape-

2120 2853 2225 2907 ruit
2248 2850 2432 2905 oculos
2452 2889 2468 2913 ,
2503 2849 2635 2902 vidit
2655 2847 2855 2917 quippe
2876 2846 3017 2914 quod
3041 2843 3181 2913 apud
3229 2856 3330 2897 nos
3357 2847 3438 2895 est
3466 2840 3682 2903 lumen;

2118 2944 2293 3008 videt,
2327 2945 2549 3011 lnquam
2571 2980 2587 3006 ,
2622 2940 2727 2993 hoc
2761 2940 2966 2992 clarum
2999 2937 3053 2991 in
3102 2934 3258 3004 aquis
3306 2932 3681 3001 caliginosum.

2124 3035 2350 3091 Utamur
2373 3040 2552 3086 autem
2592 3040 2647 3084 et
2669 3028 2773 3082 alia
2807 3025 3233 3095 comparatione.
3267 3022 3511 3077 Praesens
3538 3019 3682 3074 enim

2121 3126 2277 3181 istius
2312 3127 2457 3177 horae
2485 3121 2802 3176 constitutio
2824 3119 3195 3173 testimonium
3222 3112 3456 3169 sermoni
3489 3113 3689 3178 imper-

2123 3218 2236 3271 tiet.
2294 3213 2404 3268 lloc
2435 3212 2576 3281 quod
2625 3210 2764 3278 apud
2823 3224 2921 3262 nos
2954 3222 3147 3275 purum
3179 3214 3265 3259 est
3316 3204 3531 3259 lumen:
3561 3199 3685 3268 quia

2122 3307 2263 3359 enim
2294 3304 2463 3355 nubes
2486 3301 2777 3353 adveniens
2811 3297 3058 3351 constitit
3083 3310 3242 3363 super
3272 3309 3394 3354 nos,
3427 3292 3580 3360 aquis
3604 3300 3688 3344 ut-

2123 3407 2242 3466 pote
2261 3394 2442 3461 plena;
2468 3407 2571 3445 non
2603 3388 2848 3458 permisit
2867 3397 3046 3440 autem
3074 3387 3177 3439 tale
3198 3385 3263 3437 ad
3285 3399 3382 3436 nos
3400 3382 3577 3435 lumen
3600 3395 3688 3434 ve-

2125 3490 2259 3551 nire,
2282 3486 2440 3555 quale
2461 3484 2573 3537 heri
2594 3491 2647 3536 et
2672 3481 2879 3551 pridem
2905 3479 3234 3533 habebamus
3252 3476 3303 3529 in
3329 3470 3689 3527 oculis.Aeris

2123 3576 2264 3632 enim
2286 3573 2501 3627 tristitia
2516 3572 2722 3643 pervisa
2741 3569 2975 3623 ostendit
2990 3575 3183 3636 quanta
3201 3562 3500 3618 immutatio
3511 3560 3686 3616 eidem

2124 3670 2222 3739 ipsi
2253 3667 2438 3721 lumini
2466 3667 2532 3718 ab
2560 3662 2853 3729 iuterjectis
2887 3659 3116 3714 nubibus
3139 3655 3440 3727 perficitur,
3468 3664 3526 3706 ut
3549 3654 3689 3718 apud

2126 3776 2243 3815 nos.
2271 3758 2327 3813 Si
2360 3774 2427 3811 an
2442 3769 2544 3812 tem
2581 3764 2846 3826 prmcepto
2880 3752 2973 3809 Dei
3007 3750 3280 3806 evacuatis
3310 3747 3462 3817 aquis
3496 3745 3690 3814 fugata

2124 3854 2323 3907 fuerint
2344 3853 2534 3913 nubes,
2551 3859 2604 3903 et
2626 3859 2815 3901 natura
2836 3845 2952 3915 ejus
2974 3854 3074 3907 est,
3096 3844 3284 3898 iterum
3306 3840 3455 3895 nobis
3474 3838 3692 3893 advenit

2127 3945 2328 4008 lumen,
2356 3957 2461 3995 non
2485 3941 2626 3994 aliud
2658 3940 2855 4007 quippe
2876 3937 3094 3998 factum,
3115 3937 3208 3988 sed
3227 3933 3511 3985 liberatum
3544 3944 3572 3981 a
3591 3943 3691 3982 uu-

2124 4037 2269 4089 bium
2290 4032 2635 4101 permistione
2650 4072 2665 4093 ,
2688 4030 2843 4082 istam
2862 4044 3021 4098 quam
3040 4026 3231 4080 videtis
3251 4020 3687 4078 constitutionem

2124 4126 2468 4193 praebentem.
2513 4121 2651 4191 Ergo
2686 4130 2737 4173 et
2764 4120 2814 4172 in
2859 4119 3015 4183 mari,
3046 4128 3099 4172 et
3134 4117 3184 4170 in
3213 4116 3368 4184 aquis
3391 4122 3508 4168 erat
3546 4112 3691 4165 aliud

2126 4217 2340 4279 lumen;
2390 4229 2495 4267 non
2529 4212 2754 4266 alterum
2788 4211 2984 4280 quippe
3014 4218 3228 4273 natura,
3264 4206 3357 4261 sed
3392 4207 3491 4259 sub
3522 4205 3691 4257 intro-

2126 4309 2373 4362 ductione
2406 4306 2631 4358 aliorum
2667 4303 3041 4373 caliginosum.
3095 4302 3170 4354 lta
3200 4308 3253 4354 et
3300 4297 3438 4368 apud
3486 4310 3581 4350 nos
3624 4308 3691 4348 ex

2125 4410 2391 4453 conventu
2423 4397 2641 4450 nubium
2675 4406 2730 4449 et
2771 4409 3029 4463 aquarum
3062 4394 3161 4445 huc
3192 4390 3389 4444 factum
3418 4398 3519 4451 est,
3550 4386 3691 4455 quod

2125 4491 2317 4544 videtis
2355 4505 2452 4559 per
2494 4489 2683 4546 nubes.
2737 4486 3037 4542 Secundmn
3081 4486 3237 4538 istum
3286 4483 3447 4551 igitur
3487 4494 3693 4534 sermo-

457 4579 595 4648 apud
625 4595 718 4634 eos
742 4588 859 4644 est,
888 4592 943 4632 et
976 4595 1082 4633 non
1125 4580 1190 4633 de
1223 4589 1384 4633 terra.
1427 4579 1493 4632 Et
1523 4580 1623 4632 hoc
1646 4619 1661 4641 ,
1705 4578 1840 4631 forte
1871 4577 2013 4630 enim
2052 4614 2094 4668 υ
2129 4595 2270 4643 nem,
2304 4588 2357 4634 et
2417 4594 2514 4648 per
2559 4594 2737 4633 aerem
2771 4588 3059 4647 penetrans
3094 4576 3268 4629 lumen
3314 4589 3416 4627 non
3460 4582 3542 4626 est
3590 4570 3695 4625 tale

458 4671 653 4731 audisti
690 4672 940 4725 mirabile
964 4671 1092 4726 illud
1122 4672 1360 4741 Apostoli
1387 4672 1589 4725 dictum
1610 4710 1624 4734 ,
1653 4671 1775 4740 quia
1806 4678 1861 4723 et
1882 4668 2017 4737 apud

457 4778 589 4831 quos
618 4772 809 4817 natura
864 4765 1054 4818 statuit
1096 4764 1390 4819 masculqu
1444 4779 1565 4819 esse
1612 4772 1668 4818 et
1730 4761 2016 4829 feminam,

457 4856 598 4925 apud
630 4856 768 4910 istos
799 4856 942 4924 ipsos
967 4857 1131 4921 fides,
1161 4866 1215 4910 et
1244 4872 1338 4924 per
1391 4858 1548 4911 fidem
1594 4854 1900 4923 eonjunctio
1941 4854 2021 4908 in-

458 4945 690 4999 venitur.
722 4944 774 4998 lu
808 4946 1021 4999 Christo
1044 4946 1186 4999 enim
1208 4985 1224 5010 ,
1253 4947 1461 5014 inquit,
1492 4962 1595 4999 non
1625 4955 1708 5000 est
1733 4944 2021 5011 masculus,

458 5050 630 5105 neque
659 5036 858 5092 femina
894 5039 959 5092 ⁸⁸.
992 5038 1049 5091 Si
1088 5038 1249 5106 igitur
1281 5040 1368 5093 ubi
1431 5055 1494 5094 ex
1540 5050 1726 5093 natura
1771 5047 1855 5093 est
1902 5054 2018 5091 ma»

465 5126 646 5187 sculus
681 5136 736 5181 et
770 5126 966 5189 femina
988 5166 1004 5192 ,
1035 5128 1089 5181 iu
1118 5128 1334 5183 Christo
1366 5130 1599 5182 efficitur
1628 5144 1800 5196 neque
1819 5142 2029 5182 mascu-

459 5216 542 5274 lus
581 5230 756 5285 neque
785 5217 1005 5282 femina,
1032 5222 1125 5273 sed
1160 5219 1389 5273 imitatio
1422 5220 1736 5290 angelorum
1761 5236 1774 5274 :
1804 5235 1898 5272 cur
1922 5233 2026 5273 non

459 5308 629 5377 magis
654 5308 977 5377 suscipimus
1007 5310 1233 5378 gratiam
1293 5320 1349 5362 ut
1410 5325 1783 5375 assumantur,
1831 5317 1924 5361 aut
1970 5318 2029 5362 ιιι

458 5410 705 5453 naturam
740 5401 1053 5469 angelorum
1099 5403 1427 5471 deponamus
1486 5403 1551 5456 ad
1597 5400 1879 5456 nostram?
1918 5398 2023 5455 Sed

462 5509 563 5547 nos
590 5493 866 5563 erigamus
898 5497 1287 5566 nostnetipsos,
1336 5506 1390 5550 et
1442 5494 1507 5550 ad
1544 5494 1820 5564 superiora
1875 5493 2022 5560 cogi-

462 5595 628 5639 tatum
653 5588 1011 5655 perducamus
1037 5599 1278 5643 nostrum
1306 5630 1321 5654 ,
1362 5590 1427 5642 ad
1476 5586 1789 5657 angelorum
1821 5585 2027 5642 scilicet

530 5740 576 5772 "
609 5739 725 5793 Gal.
754 5755 811 5794 m
839 5780 851 5803 ,
886 5740 977 5795 ‘28.

541 5877 651 5946 (iiii)
695 5876 790 5931 .‘ls.
828 5879 993 5946 ipsum
1025 5876 1180 5931 solem
1214 5876 1455 5944 inferius.

2125 4672 2282 4740 quale
2314 4686 2343 4725 a
2380 4672 2491 4725 sole
2537 4672 2820 4726 emittitur.
2870 4669 2927 4725 Si
2969 4670 3111 4724 enim
3164 4667 3397 4721 maxime
3444 4680 3507 4717 eo
3551 4663 3693 4732 quod

2130 4764 2442 4832 perspicuus
2472 4778 2565 4818 aer
2594 4765 2838 4826 habetur,
2873 4762 3001 4815 latet
3025 4760 3300 4829 permistio
3330 4781 3341 4814 :
3371 4760 3464 4812 sed
3494 4758 3537 4812 si
3572 4756 3695 4825 quis

2130 4854 2357 4908 voluerit
2387 4855 2621 4925 cogitatu
2651 4854 2882 4920 evolare,
2923 4863 2977 4908 et
3008 4854 3153 4906 velut
3192 4853 3244 4905 in
3288 4852 3444 4920 aquis
3474 4849 3693 4903 nubium

2129 4962 2187 4999 se
2221 4960 2463 5012 mergere
2484 4985 2499 5010 ,
2539 4955 2592 5000 et
2624 4947 2789 4999 nubes
2830 4945 3090 5007 transire,
3120 4955 3172 4998 et
3206 4944 3347 4999 aeris
3392 4939 3697 5011 permistio-

2131 5053 2248 5089 nem
2296 5037 2695 5101 transcendere,
2749 5036 3047 5104 pervidebit
3102 5034 3444 5103 purissimum
3492 5031 3693 5085 lumen.

2131 5128 2282 5182 Sicut
2310 5129 2451 5181 enim
2492 5128 2595 5183 hoc
2624 5129 2766 5198 quod
2792 5128 2929 5198 apud
2968 5143 3063 5181 nos
3095 5138 3177 5181 est
3208 5126 3404 5188 lumen,
3461 5122 3694 5189 regioni-

2133 5221 2229 5272 bus
2251 5227 2305 5272 et
2326 5218 2512 5288 spatiis
2540 5226 2595 5273 et
2635 5218 3017 5274 offensionibus
3051 5232 3260 5285 semper
3286 5214 3586 5268 minuitur:
3621 5212 3717 5279 ita,

2134 5311 2366 5374 rediens,
2397 5321 2450 5364 et
2496 5311 2562 5365 ab
2609 5311 2762 5381 aquis
2810 5310 2987 5364 lumen
3021 5310 3351 5377 abstergens,
3385 5316 3436 5360 et
3470 5321 3499 5358 a
3543 5304 3699 5358 nubi-

2131 5403 2228 5457 bus
2264 5414 2315 5457 te
2370 5418 2652 5473 separans,
2687 5415 2742 5457 et
2798 5419 2826 5456 a
2876 5402 3223 5471 pertnistione
3269 5400 3408 5454 aeris
3442 5398 3698 5462 liberans,

2136 5498 2523 5550 transcendens
2578 5505 2755 5548 autem
2814 5506 2867 5548 et
2921 5494 3072 5548 istius
3123 5492 3335 5545 luminis
3387 5489 3699 5559 puritatem,

2136 5586 2393 5656 relinquis
2444 5597 2496 5643 et
2547 5586 2716 5656 ipsqu
2767 5589 2933 5643 solum
2986 5587 3209 5642 inferius
3241 5583 3373 5656 (56).
3410 5582 3701 5639 Transiens
