4134 6470
411 438 541 494 “Si

408 554 605 623 quippe
636 561 690 606 et
736 551 935 611 coelum
982 551 1251 618 superius.
1295 564 1551 604 occurres
1599 548 1781 605 lumini
1825 567 1837 603 :

408 642 486 701 illi
515 644 608 715 qui
638 660 666 698 ι
693 645 809 701 sole
836 654 940 706 est,
973 658 1071 697 nec
1100 643 1173 696 illi
1209 642 1295 697 cui
1325 642 1599 699 successio
1630 658 1735 695 nox
1760 651 1863 701 est.
1910 660 1997 696 ne.-

406 751 513 804 que
553 736 629 791 illi
654 736 747 806 qui
792 752 823 790 a
867 736 1168 805 parietibus
1194 734 1534 803 prohibetur,
1573 750 1674 791 nec
1700 735 1776 789 illi
1801 736 1886 790 cui
1914 737 1995 791 of-

406 826 635 885 fendunt
667 826 897 893 umbrat,
936 842 1109 895 neque
1139 825 1213 881 illi
1247 825 1339 893 qui
1366 826 1759 893 permisceatur.
1786 825 1898 881 aeri
1942 837 1993 879 et

406 916 585 986 aquis,
618 917 736 979 sive
768 933 865 987 per
900 919 1070 989 nubes
1119 917 1234 977 sive
1289 932 1385 985 per
1443 932 1614 981 mare,
1664 918 1757 974 sed
1810 918 1994 972 lttmiui

407 1021 563 1075 puro.
614 1004 683 1065 Et
711 1022 780 1065 ne
809 1017 964 1078 putes
992 1022 1076 1061 me
1124 1024 1267 1061 nunc
1295 1007 1516 1076 angelos
1551 1007 1734 1063 dicere
1772 1007 1994 1063 lumen:

406 1106 491 1153 est
519 1097 664 1153 enim
688 1107 742 1151 et
768 1114 930 1168 super
965 1100 1068 1167 hoc
1089 1098 1292 1153 clarum
1324 1098 1506 1154 lumen
1535 1098 1756 1154 clarius.
1802 1098 1861 1153 lu
1894 1101 1998 1155 isto

408 1191 576 1258 ig'tur
613 1192 818 1247 lumine
844 1196 1199 1257 sempiterno,
1233 1192 1286 1246 in
1338 1192 1441 1245 isto
1478 1192 1571 1261 qui
1619 1206 1724 1246 non
1771 1190 1824 1245 in
1874 1207 1990 1247 suc-

407 1284 747 1340 cessionibus
787 1284 1039 1346 habetur,
1080 1285 1169 1352 qui
1197 1298 1302 1339 non
1332 1284 1623 1354 aliquando
1645 1284 1859 1352 quidem
1891 1296 1994 1349 est,

412 1375 703 1447 aliquando
736 1387 1044 1433 autemnon
1074 1387 1157 1432 est
1189 1397 1203 1432 :
1233 1377 1286 1432 in
1329 1377 1433 1431 isto
1459 1377 1550 1448 qui
1574 1375 1714 1433 cmlo
1746 1376 1997 1448 superius

411 1477 515 1539 est,
564 1478 619 1524 et
659 1485 768 1525 non
798 1486 827 1524 a
860 1471 1001 1526 cmlo
1052 1469 1220 1525 istic:
1253 1470 1338 1523 cui
1366 1469 1447 1523 sol
1495 1484 1599 1523 nou
1640 1478 1726 1525 est
1761 1469 1995 1538 genitor,

412 1575 519 1617 non
551 1559 673 1615 luna
702 1570 878 1616 mater
900 1601 915 1621 .
947 1578 1051 1616 non
1082 1561 1279 1619 coelum
1315 1576 1346 1614 a
1374 1559 1564 1624 stellis,
1600 1574 1708 1614 non
1749 1559 1997 1613 lucerna-

414 1667 532 1706 rum
563 1652 899 1722 splendores,
934 1651 1029 1707 sed
1060 1652 1236 1705 lumen
1276 1651 1425 1706 illud.
1454 1650 1532 1705 'l‘u
1564 1651 1709 1707 enim
1740 1649 1859 1705 sine
1884 1650 1997 1705 sole

414 1742 592 1798 lumen
628 1744 810 1799 videre
842 1760 947 1798 non
1000 1754 1176 1811 potes,
1235 1759 1334 1798 nec
1378 1758 1440 1796 ea
1485 1757 1604 1811 qua:
1650 1742 1787 1796 infra
1829 1741 1994 1796 solem

415 1836 704 1900 habentur,
736 1846 789 1891 et
817 1853 878 1891 ea
906 1853 1026 1907 qure
1063 1847 1382 1907 qua-runtur
1405 1845 1466 1891 ut
1498 1845 1784 1890 teneantur
1812 1851 1993 1891 manu.

1097 432 1362 493 EUSEBII
1404 431 1886 493 CESABIENSIS
1928 433 2077 491 OPl‘.
2123 432 2300 488 PARS
2340 433 2426 487 lV.
2467 463 2536 475 -ι
2575 429 3000 489 DOGMATICA.

1886 567 1988 601 una
2026 557 2065 608 Α
2097 551 2429 603 contendens
2465 551 2726 604 exhibere
2764 550 2837 611 de,
2881 542 3232 603 inenarrabili
3262 546 3370 602 Deo
3414 544 3680 616 loquitur,

3543 429 3681 487 1152

2100 642 2277 694 lumen
2319 641 2568 696 habitans
2600 639 2973 695 iuaccessibile
2994 639 3071 703 ";
3103 639 3477 696 lnaccessibile
3500 638 3679 695 nomi-

2100 748 2258 795 nans,
2310 732 2365 788 id
2409 732 2543 788 dicit
2575 733 2720 801 quod
2751 731 2949 799 suscipi
2980 745 3084 785 non
3112 739 3307 800 potest.
3341 729 3545 784 Lumen
3579 727 3682 797 igi-

2098 831 2188 877 tur
2213 821 2422 894 angelis
2447 821 2574 876 illud
2602 829 2710 886 est,
2735 819 2892 890 cujus
2921 834 3096 888 neque
3116 829 3307 889 gustus
3331 832 3507 887 neque
3533 833 3684 875 com—

2098 916 2311 985 paratio
2342 914 2484 985 apud
2517 929 2619 970 nos
2652 914 2947 969 invenitur.
2981 911 3149 984 Regio
3171 922 3348 967 autem
3373 913 3491 982 ejus
3512 927 3679 982 supra

2097 1010 2318 1065 dorsum
2367 1017 2452 1064 est
2492 1009 2635 1070 coeli,
2679 1007 2958 1077 possessio
2995 1021 3125 1062 vero
3170 1014 3226 1060 et
3267 1005 3468 1060 divitiae
3499 1005 3675 1075 ipsis:

2098 1119 2204 1159 non
2238 1103 2381 1158 enim
2414 1101 2556 1158 lecto
2587 1111 2639 1156 et
2674 1101 2940 1155 medicina
2988 1110 3045 1155 et
3086 1115 3292 1166 mensa,
3339 1111 3394 1154 et
3447 1114 3513 1153 ea
3556 1115 3681 1170 quas

2099 1196 2240 1266 apud
2273 1211 2376 1251 nos
2403 1210 2603 1264 magna
2636 1203 2895 1263 putantur
2918 1234 2932 1257 ,
2982 1193 3309 1263 sempiterna
3346 1192 3434 1246 illa
3473 1190 3680 1263 indiget

2097 1300 2149 1346 et
2186 1298 2373 1345 sancta
2414 1298 2605 1343 natura
2641 1306 2655 1343 :
2698 1288 2802 1341 illis
2837 1287 2981 1342 enim
3022 1302 3244 1341 somnus
3279 1302 3383 1341 non
3429 1294 3535 1350 est,
3569 1300 3677 1366 non

2098 1383 2277 1450 dolor,
2331 1396 2436 1435 non
2479 1379 2652 1436 labor.
2694 1380 2831 1447 Quid
2879 1380 3051 1448 ergo?
3092 1379 3227 1435 Num
3270 1379 3442 1434 otiosa
3487 1392 3677 1433 eorum

2098 1486 2294 1530 natura
2331 1474 2460 1529 est?
2506 1472 2716 1528 Habent
2749 1487 2883 1543 opus
2916 1471 3133 1541 dignum
3177 1486 3288 1525 sum
3318 1470 3676 1549 substantiae:

2103 1568 2270 1624 Deum
2315 1567 2542 1623 laudant
2586 1582 2692 1621 non
2734 1564 2959 1620 vocibus
3004 1579 3178 1635 neque
3216 1562 3473 1620 clamore.
3526 1561 3678 1628 Quo-

2102 1662 2264 1717 modo
2297 1675 2428 1731 ergo
2468 1658 2598 1714 dicit
2628 1658 2909 1728 Scriptura
2951 1670 3127 1719 voces,
3165 1664 3237 1717 et.
3273 1656 3318 1711 si
3370 1647 3681 1725 permiserit

2102 1764 2333 1822 tempus,
2377 1752 2753 1823 contingemus
2782 1750 3085 1815 audientes,
3120 1759 3174 1803 et
3209 1748 3310 1803 ista
3335 1744 3548 1801 interim
3576 1759 3678 1799 au-

2103 1857 2206 1900 lem
2236 1857 2430 1901 natura
2463 1853 2811 1915 agnoscatur.
2864 1843 2920 1898 Si
2952 1853 3132 1897 autem
3171 1851 3226 1895 et
3265 1840 3421 1896 aliter
3444 1853 3688 1908 appara.-

414 1929 532 1986 Non
581 1946 768 1986 eorum
821 1935 915 2000 qui
965 1942 1216 2003 qnmrunt
1253 1933 1383 2000 quid
1429 1940 1668 2000 gustent,
1713 1941 1804 1984 aut
1832 1932 1998 1986 odore
2029 1915 2071 1970 Β
2103 1940 2237 1994 verit
2270 1937 2551 2004 Scriptura
2587 1938 2795 2003 dicens,
2832 1936 3011 2005 agnita
3036 1943 3229 1988 natura
3267 1924 3593 2001 agnoscetur
3624 1940 3681 1986 et

415 2032 739 2087 assumant;
789 2039 894 2077 non
943 2038 1131 2077 eorum
1186 2022 1276 2090 qui
1328 2020 1552 2074 auribus
1578 2021 1894 2083 edocentur,
1942 2029 1999 2075 et

414 2114 589 2169 oculis
613 2115 815 2177 vident,
854 2116 992 2170 sicut
1023 2115 1076 2168 in
1110 2114 1285 2184 aquis.
1326 2112 1437 2170 illic
1462 2114 1608 2169 enim
1632 2113 1737 2168 alia
1767 2128 1997 2168 conver-

413 2202 557 2256 satio
581 2211 690 2263 est,
716 2215 770 2258 et
800 2204 904 2257 alia
932 2204 986 2258 in
1019 2214 1185 2268 terra,
1219 2213 1275 2258 et
1306 2205 1358 2258 in
1394 2218 1522 2259 aere
1553 2219 1658 2259 non
1694 2206 1905 2267 eadem,
1943 2212 2001 2259 et

414 2290 611 2347 caelum
662 2291 823 2347 aliam
869 2292 1034 2350 habet
1085 2293 1550 2349 constitutionem.
1610 2294 1684 2348 lta
1745 2306 2000 2349 maneant

414 2385 518 2440 ista
549 2386 691 2451 istic,
724 2385 811 2441 illa
850 2395 1031 2443 autem
1066 2403 1186 2456 qurc
1230 2389 1355 2445 inde
1397 2397 1523 2442 sunt
1565 2387 1675 2442 sint
1720 2387 1847 2447 alia,
1890 2402 1996 2441 non

416 2476 609 2531 horum
660 2492 1012 2548 congeneres.
1067 2476 1123 2535 Si
1173 2479 1315 2535 enim
1371 2480 1569 2534 clarior
1610 2477 1769 2533 stella
1827 2478 1999 2548 magis

411 2582 574 2639 quam
603 2569 839 2626 lucernae
884 2570 1065 2626 lumen
1099 2580 1201 2637 est,
1255 2587 1358 2625 non
1394 2579 1447 2626 te
1474 2570 1715 2633 sedarat,
1758 2571 1882 2639 quia
1916 2568 1997 2625 lu-

414 2673 577 2715 cerua
602 2661 822 2731 quidem
849 2661 1159 2718 illuminare
1191 2662 1438 2725 videtur,
1469 2670 1524 2718 et
1555 2677 1890 2732 unaquaeque
1918 2670 2000 2727 too

416 2763 525 2809 tam
550 2754 767 2809 domum
805 2773 821 2809 :
864 2755 1033 2811 stella
1059 2764 1237 2810 autem
1267 2763 1428 2810 tantae
1461 2764 1673 2810 noctem
1711 2770 1817 2809 nou
1842 2754 1996 2810 aufe-

416 2852 543 2898 runt
560 2859 742 2899 unam.
764 2843 821 2900 Si
839 2845 963 2913 quis
988 2846 1132 2905 enim
1158 2843 1546 2911 volueritscire
1577 2846 1998 2901 lucernteimbe-

414 2934 695 2992 cillitatem
713 2936 780 2990 ad
794 2936 1078 2990 stellarum
1100 2936 1325 3002 lumina,
1352 2938 1610 2992 abstrahe
1638 2938 1911 2992 lucernam
1930 2936 1998 2990 ah

413 3028 611 3083 oculo:
641 3043 747 3084 non
799 3039 1059 3100 quantum
1095 3029 1265 3083 distat
1293 3028 1489 3084 caelum
1517 3039 1681 3094 terra,
1726 3029 1851 3100 quia
1892 3042 1997 3082 non

414 3131 500 3177 est
536 3122 639 3177 hoc
674 3122 765 3177 tibi
803 3122 1104 3190 possibile;
1140 3131 1322 3178 tamen
1350 3132 1610 3192 quantum
1646 3133 1800 3191 potes
1823 3121 1998 3176 lucer-

417 3226 543 3267 nam
569 3213 637 3269 ab
666 3214 827 3269 oculo
849 3229 1060 3283 separa,
1094 3215 1388 3269 intueberis
1414 3216 1539 3284 quia
1569 3214 1757 3283 spatiis
1800 3214 1997 3268 minui-

417 3314 526 3370 tur,
559 3313 613 3360 et
652 3306 1000 3377 caliginatur,
1045 3318 1099 3361 et
1152 3307 1420 3362 inlirmior
1451 3307 1697 3377 arguitur
1738 3305 1993 3361 lucerna-

415 3416 534 3455 rum
576 3401 779 3458 lumen.
837 3402 893 3458 Si
947 3415 1126 3458 aulem
1172 3413 1319 3458 esset
1367 3403 1545 3470 aliqua
1578 3402 1910 3467 adinventio,
1940 3410 1999 3457 ut

414 3508 518 3550 non
549 3494 721 3550 solum
747 3495 908 3551 unius
934 3484 1206 3558 lucernas,
1254 3496 1347 3552 sed
1374 3484 1617 3554 omnium
1648 3495 1995 3551 lucernarum

413 3587 708 3654 ﬂammam,
748 3596 802 3643 et
846 3589 1089 3643 omnium
1131 3604 1251 3661 qua;
1300 3590 1700 3656 accenduntur;
1754 3588 1798 3643 si
1853 3598 1995 3643 esset

416 3680 662 3736 machina
694 3679 937 3746 qtuedam
963 3723 978 3745 ,
1008 3693 1063 3735 ttt
1100 3696 1317 3737 onmem
1353 3679 1511 3734 istam
1557 3677 1828 3733 ﬂammam
1874 3680 1997 3750 quis

415 3780 599 3842 posset
643 3771 917 3842 colligere,
969 3780 1024 3826 et
1067 3775 1123 3828 in
1156 3771 1294 3828 ctelo
1333 3770 1683 3833 constituere,
1719 3769 1810 3823 ubi
1841 3768 1995 3823 stella

416 3865 738 3933 parvissima
783 3877 867 3921 est
921 3866 1119 3934 posita,
1168 3880 1268 3920 nec
1323 3878 1542 3933 prorsus
1577 3861 1756 3932 agnita
1807 3859 1997 3915 luisset

417 3958 654 4022 liainma,
720 3959 809 4013 ubi
867 3957 1041 4026 posita
1100 3956 1410 4012 haberetur.
1476 3953 1586 4010 Cur
1638 3968 1768 4023 ergo
1805 3966 1994 4008 omnes

415 4049 587 4105 stella:
611 4066 717 4104 non
742 4044 947 4119 pellunt
972 4060 1185 4105 noctem
1201 4049 1235 4104 1.
1255 4048 1381 4118 quia
1412 4046 1597 4102 multis
1619 4045 1811 4115 spatiis
1837 4059 1865 4097 a
1900 4058 1995 4097 no-

414 4143 502 4196 bis
545 4142 780 4205 distant,
847 4150 1028 4197 tatnen
1078 4158 1182 4197 non
1233 4140 1530 4210 quamlibet
1587 4136 1992 4208 pennis-tionem

415 4233 635 4289 luminis
663 4234 716 4289 iu
750 4243 911 4290 nocte
968 4233 1363 4288 transmittunt.
1399 4229 1456 4286 Si
1507 4220 1629 4300 quis
1674 4238 1853 4283 autem
1897 4241 1993 4282 vo-

415 4322 574 4382 luerit
604 4327 818 4393 intueri,
850 4336 905 4382 et
931 4339 1247 4396 comparare
1269 4324 1503 4382 nubibus
1533 4333 1768 4382 noctem.
1808 4321 1994 4390 pervi-

413 4418 565 4476 debit
588 4420 714 4489 quia
737 4420 932 4481 nubes,
962 4418 1091 4474 licet
1122 4434 1226 4472 non
1255 4432 1353 4488 per
1371 4417 1573 4478 omnia,
1602 4424 1781 4470 tamen
1810 4415 1992 4485 splen-

410 4510 596 4589 dorem
629 4511 907 4567 stellarum
950 4510 1255 4580 prohibent.
1288 4510 1355 4565 Et
1382 4524 1505 4563 cum
1537 4509 1640 4563 hoc
1673 4508 1744 4562 ita
1771 4508 1838 4561 sit
1860 4547 1874 4571 ,
1905 4507 1989 4560 iu-

2100 2028 2300 2098 quibus
2364 2029 2646 2098 Scriptura
2700 2027 3017 2096 alloquitur.
3077 2024 3324 2093 Denique
3374 2033 3429 2077 et
3490 2031 3681 2077 orator

2100 2115 2284 2185 parvis
2322 2126 2416 2169 aut
2459 2131 2563 2169 non
2608 2106 2867 2185 loquitur,
2904 2123 3011 2189 aut,
3047 2113 3127 2168 sic
3171 2112 3409 2180 loquitur
3438 2120 3497 2166 ut
3524 2110 3679 2181 parvi

2104 2218 2330 2273 possunt
2359 2207 2587 2275 audire;
2639 2216 2693 2262 et
2744 2205 3031 2274 Scriptura
3063 2205 3244 2261 divina
3283 2203 3589 2259 hominibus
3618 2212 3680 2256 ut

2102 2298 2336 2353 humane
2378 2299 2647 2375 loquatur,
2690 2304 2783 2377 aut
2818 2297 3036 2351 silentio
3085 2296 3403 2352 honoretur.
3455 2292 3569 2349 Non
3609 2310 3678 2348 ex

2103 2391 2186 2445 his
2211 2390 2377 2459 igitur
2406 2406 2471 2445 ex
2504 2389 2700 2458 quibus
2725 2388 3167 2444 condescendens
3194 2386 3474 2458 Scriptura
3509 2386 3681 2457 loqui-

2103 2492 2193 2538 tur
2223 2484 2396 2546 nobis,
2446 2482 2702 2537 debemus
2732 2468 2901 2536 verbo
2941 2480 3210 2537 deducere
3254 2489 3309 2535 et
3342 2488 3590 2539 naturas.
3626 2491 3682 2532 et

2103 2576 2208 2630 vim
2268 2574 2450 2632 facere
2494 2574 2926 2644 nobismetipsis,
2968 2583 3025 2627 et
3074 2582 3134 2627 ut
3170 2572 3346 2642 pisces
3390 2570 3608 2627 exsilire
3648 2584 3681 2624 e

2102 2667 2258 2721 mari.
2290 2664 2459 2721 Eruiit
2495 2666 2638 2720 enim
2673 2666 2827 2721 nobis
2857 2664 3204 2734 jactationes,
3235 2679 3343 2720 non
3384 2664 3450 2719 ad
3493 2663 3678 2735 perdi-

2104 2761 2303 2813 tionem
2354 2766 2417 2812 ut
2468 2759 2703 2829 piscibus
2738 2776 2753 2812 :
2797 2758 2892 2813 sed
2937 2756 3206 2826 quomodo
3236 2770 3296 2810 ea
3330 2756 3530 2820 dicam,
3574 2769 3681 2826 ego

2099 2852 2315 2922 quidem
2357 2865 2461 2906 non
2491 2865 2734 2921 possum.
2782 2851 2948 2905 Decet
2979 2858 3157 2904 autem
3186 2856 3486 2919 opportune
3517 2860 3673 2917 repe-

2102 2953 2217 2999 tere
2262 2959 2368 2998 non
2413 2943 2622 2997 Domini
2667 2957 2876 3009 vocem,
2905 2942 2995 3012 qui
3036 2924 3338 3010 piscatores
3367 2956 3396 2993 a
3443 2939 3576 2993 ntari
3620 2949 3680 2995 et

2099 3036 2306 3106 stagnis
2333 3046 2385 3087 et
2415 3033 2589 3089 ﬂuviis
2617 3035 2959 3099 abstrahens,
2993 3034 3068 3087 ait
3106 3053 3120 3089 :
3163 3034 3209 3067 ”
3244 3031 3440 3098 Venite,
3478 3032 3676 3102 faciant

2098 3145 2188 3185 vos
2220 3129 2508 3197 piscatores
2543 3129 2835 3185 hominum.
2876 3127 3039 3184 Decet
3076 3128 3242 3193 enim,
3276 3127 3468 3196 inquit,
3500 3125 3676 3180 homi-

2022 3250 2067 3310 c
2101 3238 2196 3277 nes
2226 3220 2532 3291 piscamiui.
2563 3219 2629 3274 Et
2665 3236 2772 3275 non
2808 3221 2994 3286 tacuit,
3024 3234 3092 3273 ne
3118 3218 3353 3288 suspicio
3384 3218 3535 3271 ﬂeret
3560 3231 3680 3285 per-

2100 3314 2341 3376 ditionis,
2372 3314 2465 3369 sed
2490 3313 2760 3377 homines,
2784 3313 2978 3383 inquit,
3016 3310 3295 3382 piscamini
3330 3310 3395 3366 ad
3426 3308 3683 3365 salutem.

2098 3405 2387 3473 Erigamus
2431 3406 2597 3476 igitur
2642 3405 3022 3475 nosmetipsos,
3054 3403 3366 3459 exsiliamus
3394 3417 3425 3457 e
3456 3400 3590 3456 mari
3618 3410 3681 3454 et.

2099 3510 2128 3549 a
2172 3505 2313 3552 terra
2348 3498 2401 3551 in
2432 3502 2536 3567 qua
2570 3506 2797 3560 stamus,
2830 3505 2884 3552 et
2928 3496 3196 3550 incidatur
3224 3509 3265 3563 a,
3286 3494 3443 3548 nobis
3471 3507 3583 3557 aer,
3621 3501 3681 3547 et

2098 3588 2381 3663 scindatur
2408 3589 2563 3643 nobis
2590 3599 2643 3643 et
2668 3588 2887 3643 malum.
2915 3587 3193 3657 Cogitatus
3218 3586 3363 3641 enim
3403 3599 3508 3640 non
3539 3583 3681 3639 deti-

2099 3687 2279 3742 netur,
2336 3689 2390 3733 et
2442 3679 2635 3750 pennis
2677 3679 2931 3734 desiderii
2970 3678 3110 3733 coelo
3157 3675 3408 3746 superius
3455 3675 3680 3729 acceda-

2099 3787 2239 3834 mus,
2272 3786 2472 3840 corpus
2523 3771 2644 3826 istic
2677 3770 2746 3824 ad
2794 3783 3127 3840 congeneres
3176 3766 3568 3838 relinquentes,
3621 3775 3680 3820 et

2098 3865 2261 3934 pedes
2301 3864 2355 3918 in
2393 3872 2559 3927 terra,
2596 3863 2719 3933 quia
2747 3863 2812 3917 ad
2836 3862 3030 3919 etelum
3063 3876 3168 3917 non
3197 3868 3441 3925 currunt,
3472 3868 3526 3915 et
3560 3872 3679 3912 ma-

2098 3973 2199 4011 nus
2233 3956 2354 4011 istic
2383 3956 2474 4010 ubi
2512 3964 2735 4027 possunt
2768 3965 2823 4011 et
2870 3965 3113 4024 tangere,
3157 3963 3212 4007 et
3255 3966 3414 4005 aures
3453 3950 3541 4005 hic
3587 3964 3681 4002 au-

2097 4047 2247 4102 diant
2276 4062 2457 4114 voces,
2487 4058 2543 4102 et
2580 4047 2830 4102 odoratiu
2878 4046 2966 4100 ubi
3010 4044 3173 4100 habet
3198 4044 3599 4104 necessitatem,
3620 4049 3678 4096 et

2095 4151 2286 4212 gustus
2315 4141 2454 4210 apud
2491 4156 2585 4195 eos
2623 4141 3055 4210 qni.pascuntur,
3085 4148 3140 4193 et
3166 4138 3305 4193 visio
3339 4152 3461 4191 cum
3497 4133 3679 4189 visibi-

2098 4232 2238 4289 libus
2275 4242 2511 4287 maneat.
2557 4231 2837 4302 Cogitatus
2881 4240 3059 4285 autem
3109 4238 3256 4285 veste
3305 4244 3365 4285 se
3415 4227 3673 4293 spoliatis,

2094 4318 2340 4394 corporis
2369 4325 2522 4378 istius
2558 4324 2767 4394 pondus
2801 4324 3055 4392 deponat,
3084 4331 3136 4378 et
3171 4336 3299 4377 suas
3324 4335 3530 4388 pennas
3559 4332 3677 4370 mo-

2099 4423 2241 4478 veat,
2290 4424 2344 4468 et
2386 4429 2720 4483 quiscunque
2759 4414 3099 4469 deducuntur
3145 4413 3407 4477 abscidat,
3455 4420 3510 4466 et
3553 4426 3675 4481 qua

2099 4514 2226 4560 sunt
2270 4506 2453 4576 gravia
2487 4515 2543 4559 et
2573 4504 2820 4561 dctiuere
2867 4513 3099 4572 tentant,
3136 4505 3399 4573 deponat;
3430 4511 3484 4558 et
3515 4502 3585 4557 sit
3614 4502 3667 4556 iu

411 4599 605 4670 spiciet
634 4602 762 4672 quid
797 4610 1097 4671 operantur
1125 4599 1327 4663 stellae,
1362 4606 1417 4653 et
1444 4607 1709 4666 quantum
1743 4596 1994 4666 splendo—
2026 4592 2070 4651 D
2097 4597 2347 4652 dorsibus
2376 4597 2520 4662 cmli,
2558 4607 2612 4653 et
2641 4597 2749 4652 illic
2792 4598 2970 4652 fat-tus
3009 4612 3130 4650 cum
3177 4596 3383 4665 angelis
3416 4604 3471 4650 et
3510 4611 3675 4664 ange-

412 4708 527 4747 rem
564 4693 783 4748 mittunt
813 4694 864 4749 iu
900 4704 1059 4749 nocte
1088 4710 1102 4747 :
1133 4701 1187 4748 et
1220 4682 1401 4746 tamen
1437 4690 1609 4746 stella:
1642 4704 1832 4745 omnes
1863 4706 1984 4744 cum

412 4782 684 4837 universis
713 4782 947 4837 lucernis
973 4783 1176 4838 habent
1217 4782 1433 4853 quidem
1472 4778 1809 4845 afﬁnitatem,
1861 4780 1986 4848 quia

409 4873 676 4928 luminosa
701 4871 1154 4943 qualitercunqne
1181 4883 1409 4940 utraque
1436 4879 1581 4926 sunt.
1624 4870 1728 4925 Sed
1756 4886 1860 4925 nou
1895 4885 1988 4924 so-

409 4965 521 5020 lum
560 4981 589 5019 a
628 4964 864 5019 lucernis
897 4964 1065 5018 stella:
1096 4964 1373 5028 ilichrunt,
1410 4964 1502 5018 sed
1539 4974 1591 5017 et
1620 4962 1775 5016 stella
1820 4962 1989 5017 stellae

410 5056 589 5113 differt
621 5058 673 5112 in
701 5056 1039 5112 claritate".
1091 5054 1272 5109 Steilis
1313 5065 1490 5111 autem
1540 5054 1697 5109 simul
1733 5054 1987 5109 omnibus

410 5149 681 5213 adunatis,
708 5148 966 5219 splendor
992 5147 1132 5201 luna!
1171 5147 1485 5217 praefulget;
1525 5157 1580 5203 et
1620 5134 1776 5202 istam
1807 5146 1986 5202 lunam

411 5240 661 5296 omnibus
693 5240 867 5296 stellis
896 5240 1181 5303 addentes,
1224 5240 1510 5293 vincuntur
1537 5255 1724 5296 eorum
1752 5239 1988 5310 fulgores

410 5349 439 5385 a
476 5333 641 5388 radiis
681 5334 830 5389 solis.
888 5334 1042 5389 Sicut
1074 5334 1218 5388 enim
1259 5331 1427 5387 stella:
1456 5333 1671 5402 quidem
1717 5333 1983 5394 lucernas,

410 5421 537 5478 luna
569 5435 750 5480 autem
782 5426 990 5491 stellas,
1025 5435 1081 5481 et
1122 5426 1200 5480 sol
1239 5425 1491 5479 universa
1526 5425 1641 5480 haec
1676 5424 1983 5490 luminaria,

408 5525 462 5570 ct
503 5517 671 5583 ipsius
712 5502 889 5572 noctis
925 5527 1147 5588 superat
1182 5518 1435 5572 tenebras
1470 5530 1486 5570 :
1524 5517 1594 5570 ita
1643 5525 1697 5572 et
1738 5517 1816 5571 sol
1861 5533 1982 5570 cum

409 5607 663 5664 omnibus
693 5624 815 5677 qua
844 5610 1095 5680 praedicta
1122 5619 1251 5667 sunt
1272 5609 1509 5666 vincitur
1538 5626 1567 5664 a
1607 5609 1810 5663 lumine
1839 5609 1982 5678 quod

408 5699 549 5753 cmlo
592 5701 838 5770 superius
871 5700 1119 5758 habetur.
1149 5702 1234 5772 _Et
1256 5702 1525 5772 quomodo
1554 5702 1742 5757 eadem
1788 5700 1983 5769 Paulus

477 5872 525 5914 "
559 5876 728 5937 lC0r.
754 5893 842 5946 xv,
866 5880 951 5935 xli.

1028 5882 1072 5915 "
1107 5879 1285 5937 lTim.
1316 5898 1389 5945 τι.
1424 5881 1509 5939 16.
1589 5883 1633 5917 ¹⁹
1671 5881 1862 5938 Matth.
1896 5897 1970 5951 tv,
1999 5881 2080 5938 l9.

2095 4691 2269 4745 lorum
2301 4690 2483 4745 decies
2523 4689 2791 4752 millibus,
2838 4700 2892 4744 et
2944 4689 3395 4759 archangclorum
3438 4687 3674 4741 millibus

2094 4785 2147 4838 in
2182 4784 2284 4838 alia
2317 4784 2425 4837 vita
2460 4793 2515 4837 et
2565 4782 2952 4837 constitutione
2992 4791 3044 4837 et
3076 4780 3484 4838 conversatione
3528 4779 3675 4849 posi-

2097 4886 2206 4941 tus,
2250 4876 2602 4930 obliviscatur
2636 4874 2815 4929 omnia
2860 4889 2981 4942 qua:
3008 4872 3234 4935 dimisit,
3277 4885 3376 4926 nec
3407 4870 3675 4925 alienetur

2094 4967 2222 5021 illic.
2269 4964 2385 5020 Non
2417 4966 2741 5019 alienahitur
2782 4973 2963 5018 autem
3008 4966 3051 5018 si
3093 4964 3180 5017 hic
3211 4970 3407 5033 putans
3442 4977 3500 5015 se
3528 4975 3670 5025 esse,

2093 5058 2325 5112 voluerit
2358 5058 2554 5126 saepius
2585 5073 2772 5111 eorum
2819 5070 2938 5126 qua:
2975 5056 3059 5110 hic
3104 5065 3228 5109 sunt
3277 5053 3670 5127 ignobilitatem

2092 5153 2295 5214 videre,
2324 5162 2378 5205 et
2417 5151 2731 5215 umtionem,
2765 5160 2820 5203 et
2869 5150 3300 5212 instaliilitatem,
3331 5158 3384 5202 et
3415 5146 3673 5202 deﬂuxio-

2091 5258 2234 5306 nem,
2274 5256 2327 5297 et
2366 5241 2721 5297 deiectionem
2751 5282 2765 5305 ,
2810 5251 2866 5296 et
2909 5241 3366 5296 diminutionem:
3404 5241 3527 5307 quia
3573 5241 3675 5294 ob-

2092 5336 2399 5391 scurabitur
2442 5343 2497 5389 et
2545 5350 2652 5389 non
2699 5334 2904 5397 stabit;
2946 5334 3069 5401 quia
3101 5344 3154 5387 et
3195 5334 3414 5402 quando
3457 5333 3674 5385 videtur

2092 5442 2435 5497 promovere,
2483 5441 2577 5496 per
2624 5426 2820 5481 multos
2870 5441 3032 5481 casus
3062 5425 3210 5479 venit
3249 5426 3315 5479 ad
3366 5423 3674 5479 incremen-

2093 5528 2228 5572 tum.
2270 5520 2403 5573 Cum
2437 5519 2551 5573 huic
2587 5520 2767 5573 omnia
2809 5519 3218 5589 contempserit,
3248 5516 3334 5571 illa
3366 5526 3544 5571 autem
3575 5519 3671 5570 de-

2100 5610 2465 5676 sideraverit;
2501 5619 2553 5664 et
2584 5610 2708 5666 hinc
2739 5608 2852 5680 jam
2894 5611 2997 5666 ista
3020 5610 3235 5681 quidem
3263 5608 3544 5680 despiciet,
3578 5607 3667 5663 illa

2093 5712 2271 5758 autem
2304 5702 2688 5770 considerabit,
2738 5715 2793 5759 et
2833 5703 3048 5760 evolans
3093 5702 3413 5773 pcrvidebit.
3469 5696 3670 5757 Factus
