4134 6438
376 368 517 423 H55

377 582 613 650 dignitas
635 582 918 649 cogitatus.
943 580 1076 633 Cum
1109 580 1313 649 angelis
1351 581 1596 635 homines
1631 583 1769 634 (αις)
1800 599 1952 651 supe-

378 672 490 726 rius
519 674 825 742 terrenique
855 673 1102 727 machina
1144 674 1266 740 quis
1293 673 1393 726 erit
1425 674 1551 736 dux,
1583 675 1701 741 quis
1737 689 1947 727 sursum

379 760 634 825 adducet,
671 763 763 815 sed
800 776 906 814 non
939 762 1195 816 concedet
1227 770 1438 814 natura.
1492 762 1779 815 Descendit
1812 760 1951 815 Deus

381 853 472 908 Dei
497 853 662 907 Filius
687 854 829 919 inde,
865 863 919 907 et
944 853 1297 917 descendens,
1335 853 1459 922 quia
1491 853 1803 907 incredibile
1833 862 1951 907 erat

379 946 623 999 homines
658 946 765 999 illic
798 945 1114 1008 ascendere,
1156 945 1445 1012 assumpsit
1482 946 1581 998 hoc
1617 946 1948 1009 incredibile,

379 1034 484 1089 hoc
517 1044 601 1089 est
628 1047 867 1091 nostrum
894 1050 1108 1104 corpus,
1140 1049 1170 1088 θ
1213 1049 1424 1088 summo
1468 1036 1798 1088 descendens
1845 1050 1946 1089 non

381 1127 447 1179 ad
475 1125 846 1183 confusionem
872 1167 888 1193 ,
922 1128 1014 1181 sed
1049 1127 1115 1179 ad
1165 1126 1393 1180 salutem
1433 1130 1550 1196 eius
1583 1126 1671 1195 qui
1703 1141 1948 1184 assume:-

380 1217 557 1271 batur.
597 1214 653 1271 Si
684 1218 847 1288 igitur
878 1218 1018 1271 Deus
1046 1232 1147 1270 non
1178 1218 1494 1286 assumpsit,
1523 1217 1612 1286 qui
1640 1231 1743 1270 non
1773 1219 1950 1272 credis

379 1308 423 1360 si
456 1307 651 1363 omium
683 1310 927 1362 concedit
956 1309 1061 1369 his,
1092 1309 1232 1375 quod
1280 1309 1498 1362 adducit
1537 1322 1752 1362 sursum
1782 1308 1826 1361 is
1855 1311 1945 1377 qui

379 1401 447 1453 de
480 1401 617 1453 caelo
640 1400 949 1462 descendit,
974 1400 1066 1452 sed
1097 1399 1326 1452 nondum
1354 1414 1413 1452 ea
1445 1414 1560 1466 quae
1591 1397 1763 1452 futura
1800 1409 1945 1463 sunt,

380 1490 472 1542 sed
507 1492 723 1543 interim
760 1506 821 1545 ea
866 1506 985 1559 qua:
1036 1501 1211 1558 potest
1246 1492 1537 1561 cogitatus,
1571 1491 1834 1559 siquidem
1866 1501 1949 1543 est

378 1594 432 1634 et
462 1583 764 1646 admiratio,
813 1585 937 1651 quia
972 1584 1023 1636 in
1055 1597 1282 1650 corpore
1326 1584 1670 1644 constitutus,
1720 1595 1772 1637 et
1804 1585 1944 1637 circa

380 1686 577 1738 corpus
604 1680 779 1739 potest
820 1675 1090 1740 deponere
1121 1686 1134 1723 :
1167 1687 1268 1724 non
1307 1681 1363 1725 ut
1396 1689 1498 1725 non
1542 1675 1824 1736 moriatur,
1855 1676 1946 1728 sed

380 1768 438 1810 ut
484 1775 600 1811 eam
642 1775 760 1827 qua:
811 1776 934 1815 vere
984 1761 1087 1812 vita
1132 1774 1212 1813 est
1256 1761 1419 1814 vivat.
1476 1762 1633 1816 Forte
1677 1775 1856 1817 autem
1896 1774 1949 1817 et

1151 366 1239 422 DE
1279 365 1366 422 ΕΟ
1406 366 1592 433 QUOD
1632 366 1811 423 DEUS
1850 370 2080 425 PATER
2122 366 2632 422 INCORPORALIS
2674 366 2818 420 EST.

378 489 542 556 igitur
578 502 699 540 cum
742 488 825 540 his
866 486 931 541 ad
964 501 1026 541 ea
1068 496 1185 555 qua:
1219 487 1510 551 desiderat,
1557 489 1694 541 sciet
1729 505 1846 554 quae
1877 500 1957 542 est
1988 495 2029 551 Α
2061 490 2185 558 quia
2241 486 2671 540 transcendimus
2706 486 2952 537 naturain
2992 504 3004 537 :

3487 374 3627 429 MM

3044 480 3312 554 ‘spiritalis
3343 486 3505 557 igitur
3534 493 3632 558 Qui"

2058 579 2281 640 dicitur,
2313 579 2539 643 angelus
2590 574 2929 644 appelletur;
2975 589 3077 629 non
3113 572 3235 643 quia
3273 576 3343 631 ita
3384 576 3501 644 ejus
3529 594 3634 631 nam

2058 682 2173 723 tura
2207 678 2310 731 est,
2341 668 2433 720 sed
2470 667 2641 734 magis
2674 682 2778 719 non
2812 664 3107 719 efﬁciamur
3138 681 3285 720 caro.
3335 667 3442 722 Nec
3472 669 3631 723 valde

2052 756 2387 812 confidamus
2419 757 2613 808 animae
2642 772 2654 807 :
2692 754 2879 807 oculus
2919 753 3064 807 enim
3100 754 3217 808 sine
3244 754 3448 808 lumine
3480 766 3635 810 tene-4

2053 849 2243 903 brosus
2275 857 2379 909 est,
2412 856 2462 900 et
2498 847 2767 913 cogitatus
2796 846 2913 898 sine
2939 842 3225 898 efﬁcientia
3258 859 3486 913 superna
3514 842 3629 898 vult

2051 941 2253 1004 videre,
2278 940 2420 993 sicut
2452 939 2639 993 oculus
2676 939 2729 991 in
2779 947 2959 1000 nocte,
3000 944 3056 989 et
3090 936 3384 1000 desiderat,
3425 948 3479 992 et
3523 937 3627 991 illi-

2050 1034 2223 1098 citur;
2262 1032 2476 1085 laborat
2520 1038 2720 1089 autem,
2769 1028 2892 1096 quia
2928 1042 3033 1081 non
3068 1027 3210 1080 valet
3241 1043 3256 1080 :
3289 1042 3410 1081 cum
3442 1036 3623 1082 autem

2052 1123 2330 1176 advenerit
2378 1121 2581 1184 lumen,
2621 1119 2850 1173 efficitur
2899 1118 3105 1172 oculus.
3161 1117 3237 1171 Ita
3273 1129 3327 1173 et
3357 1119 3631 1188 cogitatus

2048 1214 2163 1266 sine
2209 1213 2522 1282 operatione
2558 1211 2795 1280 Spiritus
2839 1209 3013 1265 sancti
3071 1209 3283 1278 palpat,
3334 1210 3624 1277 contingit,

2051 1311 2351 1370 promovet,
2383 1302 2607 1365 crescit,
2642 1309 2791 1369 putat
2820 1301 2944 1368 quia
2987 1300 3091 1353 iste
3130 1299 3266 1369 lapis
3306 1300 3444 1354 forte
3483 1302 3626 1355 Deus

2047 1402 2150 1457 est,
2182 1394 2325 1447 istud
2368 1408 2557 1447 aurum
2605 1392 2743 1447 forte
2775 1392 2936 1455 Deus,
2976 1400 3031 1445 et
3065 1391 3165 1445 hoc
3209 1390 3429 1459 lignum.
3487 1391 3628 1445 Dicit

2048 1486 2191 1539 enim
2222 1487 2361 1554 apud
2389 1499 2483 1539 se:
2514 1484 2678 1539 Putas
2721 1496 2869 1536 mare
2894 1480 3034 1534 Deus
3078 1491 3159 1533 est
3185 1479 3208 1532 ?
3238 1493 3395 1548 putas
3432 1489 3573 1534 terra
3601 1481 3625 1532 ?

2047 1590 2203 1647 putas
2227 1593 2318 1631 aer
2342 1577 2365 1631 ’ἰ
2392 1577 2547 1632 Unde
2575 1585 2629 1631 et
2657 1586 2924 1629 creatura:
2962 1572 3353 1628 transtulerunt
3382 1573 3622 1632 nomina.

2049 1681 2104 1722 ut
2140 1686 2240 1721 non
2290 1669 2377 1723 his
2410 1684 2529 1738 qua:
2574 1669 2627 1721 in
2678 1669 3067 1721 consuetudine
3107 1677 3235 1720 sunt
3275 1666 3622 1735 appellantes,

2051 1761 2141 1812 sed
2195 1774 2254 1812 ea
2301 1773 2421 1825 quae
2466 1757 2721 1811 colebant
2769 1758 3133 1821 nominantes,
3175 1756 3625 1809 convincerentur

378 1850 596 1917 quidam
634 1852 912 1905 audientes
940 1869 1077 1905 nunc
1107 1853 1235 1905 istos
1267 1869 1564 1917 sermones,
1590 1869 1711 1907 cum
1740 1870 1943 1908 sermo-
1981 1844 2018 1896 Β
2046 1852 2167 1917 quia
2192 1853 2300 1904 vim
2334 1851 2607 1905 faciebant
2632 1850 2887 1919 opificiis.
2937 1850 3038 1915 Qui
3067 1858 3246 1904 autem
3279 1851 3432 1905 valde
3464 1863 3623 1920 puta-

380 1940 540 1993 nibus
593 1942 804 1995 accensi
845 1941 969 1993 illud
1006 1943 1220 2009 quidem
1273 1944 1412 2010 quod
1467 1954 1621 1997 erant
1687 1945 1947 2013 deposue-

380 2041 524 2095 runt,
554 2031 693 2098 quod
731 2042 909 2085 autem
943 2047 1046 2086 non
1083 2043 1236 2086 erant
1269 2034 1445 2088 effecti
1469 2036 1765 2088 noscuntur
1792 2052 1805 2089 :
1836 2037 1945 2089 sic-

378 2130 440 2173 ut
492 2117 693 2173 ferrum
727 2121 994 2190 quoddam
1023 2122 1072 2175 in
1104 2123 1224 2192 igne
1257 2122 1513 2190 furatum,
1548 2136 1702 2193 negat
1730 2125 1944 2193 quidem

378 2212 613 2280 nigrum,
644 2223 800 2281 negat
827 2212 1005 2265 album
1036 2214 1292 2276 colorem,
1314 2226 1365 2266 et
1397 2226 1535 2268 totus
1561 2216 1785 2269 efficitur
1809 2218 1946 2285 ignis

377 2316 433 2358 et
461 2307 640 2359 calore
670 2314 721 2358 et
748 2306 1028 2372 incendio;
1079 2307 1149 2359 ita
1186 2305 1320 2358 forte
1350 2308 1564 2374 quidam
1603 2306 1713 2378 (57)
1742 2322 1944 2361 sermo—

379 2397 537 2451 nibus
576 2398 691 2451 iStis
716 2398 947 2465 accensi,
979 2414 1169 2468 corpus
1214 2401 1427 2468 quidem
1462 2408 1515 2451 et
1543 2400 1785 2463 corporis
1818 2415 1942 2469 gra-

379 2488 644 2554 vedinem,
689 2500 743 2542 et
790 2491 937 2555 vitia,
969 2500 1023 2543 et
1059 2492 1425 2558 promotiones
1467 2490 1770 2544 incidentes
1821 2506 1943 2559 pro-

373 2579 640 2644 jecerunt,
683 2579 780 2648 ipsi
818 2588 997 2633 autem
1024 2581 1361 2634 sermonibus
1404 2580 1520 2632 istis
1545 2580 1822 2635 evolantes
1849 2582 1941 2634 de-

379 2684 589 2723 sursum
622 2684 717 2723 nos
750 2671 1074 2740 respiciunt;
1113 2671 1155 2725 si
1186 2681 1359 2724 tamen
1393 2670 1499 2725 illic
1529 2670 1704 2725 cﬂ‘ecti
1734 2670 1946 2741 patiun-

381 2769 467 2813 tur
506 2761 775 2830 respicere
811 2761 955 2827 istic,
991 2770 1043 2815 et
1081 2778 1186 2815 non
1226 2763 1318 2815 toti
1354 2762 1465 2816 illic
1509 2763 1786 2816 constituti
1825 2777 1943 2832 poe-

381 2852 618 2905 nitentur
658 2852 780 2919 quia
819 2853 893 2906 ita
923 2855 1074 2906 tarde
1108 2862 1159 2907 et
1195 2866 1299 2906 non
1330 2861 1453 2908 ante
1484 2853 1605 2908 hoc.
1651 2853 1813 2910 Forte
1847 2870 1944 2909 au—

380 2953 487 2996 tem
518 2958 615 2998 nec
640 2945 886 3014 pmniteri
921 2945 1026 3000 illis
1056 2944 1165 3012 jam
1196 2954 1370 3010 vacat,
1404 2946 1494 3014 qui
1534 2942 1603 3000 ita
1648 2946 1784 3000 laatis
1827 2960 1946 3015 qua:

379 3035 489 3090 illic
515 3045 640 3091 sunt
669 3036 828 3091 factis
851 3048 1170 3102 noscuntur,
1200 3053 1306 3092 non
1334 3040 1412 3093 eis
1436 3047 1519 3093 est
1552 3039 1717 3092 otium
1752 3039 1804 3093 in
1837 3052 1948 3093 me—

380 3128 607 3183 moriam
655 3130 900 3199 redigere
954 3145 1039 3193 ea,
1091 3145 1119 3183 a
1175 3131 1369 3199 quibus
1408 3130 1617 3185 liberati
1671 3128 1944 3185 videntur.

376 3218 679 3274 Istiusmodi
720 3223 863 3275 enim
920 3222 1166 3275 homines
1212 3222 1320 3277 illic
1357 3237 1460 3276 non
1521 3231 1646 3277 sunt
1682 3223 1945 3277 homines.

380 3310 487 3366 Sed
516 3312 654 3366 sicut
686 3313 900 3367 domum
950 3314 1163 3381 plenam
1216 3314 1566 3382 thymiamate
1606 3314 1854 3383 ingressi,
1894 3322 1949 3368 et

370 3404 484 3473 jam
530 3404 798 3458 sensimus
823 3403 964 3471 quod
1002 3417 1207 3467 smnus,
1243 3403 1597 3457 nihilominus
1652 3415 1831 3457 tamen
1865 3418 1946 3457 re-

377 3495 644 3560 dolemus,
696 3506 755 3549 ut
813 3495 1103 3566 thymiama
1141 3494 1268 3549 facti
1306 3512 1318 3547 :
1354 3496 1425 3547 ita
1466 3505 1519 3550 et
1561 3495 1653 3564 qui
1686 3494 1793 3549 illic
1834 3484 1945 3564 jam

378 3586 502 3639 facti
544 3594 668 3639 sunt
718 3588 958 3653 accensi,
1006 3587 1171 3641 veluti
1225 3604 1253 3641 a
1310 3595 1498 3641 natura
1530 3588 1771 3656 egressi:
1802 3588 1945 3656 quod

364 3674 557 3731 autem
591 3678 825 3747 sapiunt,
854 3676 1027 3732 eﬂ'ecti
1059 3686 1185 3732 sunt
1210 3677 1319 3739 illic
1344 3677 1541 3747 angeli.
1568 3676 1774 3743 Quibus
1802 3679 1944 3730 enim

379 3768 685 3821 intellectus
711 3786 773 3822 ex
810 3769 1120 3822 imitatione
1158 3783 1341 3837 aequus
1367 3768 1569 3837 angelis
1601 3766 1829 3820 habetur
1856 3762 1947 3818 aut

363 3836 587 3933 ﬁsimilis,
633 3859 747 3912 istis
783 3876 887 3912 non
943 3859 1192 3928 prohibet
1234 3871 1425 3913 natura
1463 3860 1944 3913 conversationem.

363 3948 494 4017 ,Qua
524 3954 663 4006 enim
694 3950 759 4005 de
784 3967 944 4005 causa
974 3954 1221 4006 carnales
1255 3968 1349 4006 nos
1397 3962 1553 4006 vocat
1582 3951 1799 4015 Paulus,
1840 3966 1943 4004 non

364 4040 639 4113 seducens
667 4052 878 4096 nostras
922 4042 1154 4117 animas,
1191 4044 1361 4111 magis
1399 4054 1577 4096 autem
1620 4040 1941 4096 subduceris.

364 4131 507 4205 Quis
533 4134 673 4186 enim
713 4146 953 4187 mortuus
998 4133 1217 4187 effectus
1258 4136 1559 4189 fornicatur
1599 4145 1691 4188 aut
1742 4134 1945 4188 adulte-

378 4224 502 4276 rat?
549 4223 685 4277 Dicit
736 4227 875 4277 enim
934 4226 1047 4294 ipse
1073 4225 1381 4293 Apostolus,
1431 4226 1782 4277 ntanifcstans
1831 4224 1943 4296 (58)

372 4324 538 4376 opera
580 4310 758 4363 carnis
807 4326 923 4380 qum
976 4322 1101 4366 sunt
1149 4314 1514 4376 adulterium,
1570 4312 1939 4368 fornicatio“.

373 4398 567 4454 Carnis
603 4415 765 4470 opera
800 4403 900 4456 ista
937 4413 1062 4457 sunt
1091 4423 1102 4456 :
1144 4406 1267 4472 quis
1303 4404 1447 4457 enim
1480 4412 1722 4459 mortuus
1754 4405 1834 4459 his
1859 4405 1941 4459 in-

2050 1952 2239 1996 verunt
2292 1958 2350 1996 se
2396 1942 2712 2006 ascendere,
2766 1956 2979 1995 sursum
3041 1944 3417 2010 pervenientes
3451 1952 3625 2011 usque

2049 2037 2113 2086 ad
2169 2035 2371 2099 stellas,
2427 2040 2788 2087 occurrerunt
2836 2032 2975 2085 lunae
3028 2041 3083 2085 et
3140 2032 3391 2084 viderunt
3432 2031 3623 2097 solem,

2050 2125 2185 2178 forte
2225 2139 2404 2178 autem
2451 2136 2505 2179 et
2551 2124 2771 2188 cadum,
2826 2133 2880 2178 et
2936 2122 3357 2191 permanserunt
3400 2123 3526 2187 illic,
3570 2132 3627 2178 et

2048 2219 2189 2285 passi
2230 2226 2355 2270 sunt
2398 2217 2586 2269 vitium
2635 2214 2955 2269 sceleratum
2990 2231 3005 2266 :
3045 2214 3186 2267 sicut
3221 2216 3311 2282 qui
3346 2212 3412 2266 ad
3443 2227 3621 2281 regem

2049 2310 2280 2371 festinat,
2316 2308 2380 2360 ad
2424 2307 2569 2376 regia
2604 2306 2792 2375 palatii
2832 2307 3116 2369 accedens,
3156 2320 3346 2374 magna
3389 2309 3444 2359 el.
3479 2306 3620 2359 clara

2047 2407 2100 2451 et
2129 2399 2237 2467 regi
2271 2398 2429 2467 digna
2460 2399 2797 2464 conspiciat;
2850 2406 2902 2449 et
2932 2411 3051 2449 cum
3097 2395 3287 2450 debeat
3332 2395 3504 2463 magis
3532 2398 3622 2449 de-

2047 2489 2297 2543 siderium
2327 2505 2481 2542 suum
2506 2489 2573 2541 ad
2603 2503 2723 2541 eum
2759 2487 2847 2556 qui
2883 2488 3143 2555 quaeritur
3171 2487 3473 2556 propalare,
3508 2497 3623 2539 stu-

2047 2596 2179 2649 pens
2208 2580 2388 2634 valvas
2438 2581 2633 2647 regias.
2683 2584 2738 2635 et
2787 2590 2981 2649 putans
3039 2580 3174 2633 nihil
3223 2578 3454 2648 amplius
3502 2578 3623 2634 csSo

2050 2687 2227 2741 regem
2285 2688 2312 2725 a
2366 2671 2497 2735 suis,
2546 2672 2777 2725 resideat
2816 2674 2970 2725 adea
3001 2687 3120 2741 quae
3151 2671 3322 2741 prima
3368 2666 3624 2726 occurre-

2050 2772 2192 2828 rant,
2228 2762 2511 2816 fraudatur
2558 2762 2698 2831 regis
2750 2763 2958 2817 visione
2998 2774 3052 2818 et
3095 2774 3307 2817 natura.
3360 2762 3467 2818 Sed
3514 2776 3615 2817 nos

2050 2844 2153 2907 non
2189 2854 2421 2907 retineat
2465 2863 2630 2918 terra,
2662 2869 2765 2909 non
2798 2856 3053 2924 praefat-et
3085 2868 3266 2917 mare;
3300 2870 3406 2909 non
3444 2852 3618 2908 offen-

2049 2947 2241 3000 damus
2275 2945 2327 2998 in
2356 2944 2545 3009 stellis,
2579 2960 2684 2999 non
2714 2947 3135 3000 obtenehremur
3180 2961 3209 2999 a
3250 2945 3399 3010 luna,
3447 2959 3621 3013 neque

2051 3050 2149 3091 nos
2180 3034 2435 3108 caliginet
2484 3036 2602 3103 sol;
2655 3052 2761 3091 non
2805 3037 3044 3091 detineat
3084 3036 3324 3092 cadum:
3366 3037 3623 3092 Dominus

2049 3128 2192 3181 enim
2221 3138 2273 3183 et
2302 3128 2483 3197 opifex
2519 3138 2574 3183 et
2602 3138 2817 3183 creator
2851 3131 3091 3184 omnimn
3120 3144 3305 3183 eorum
3328 3145 3449 3200 qua:
3476 3131 3619 3185 dicta

2050 3227 2174 3272 sum
2206 3230 2261 3274 et
2295 3235 2400 3274 non
2452 3228 2576 3273 sunt
2606 3220 2745 3273 dicta
2771 3258 2787 3283 ,
2829 3230 2916 3273 est
2960 3219 3045 3272 ille
3082 3221 3172 3287 qui
3214 3221 3493 3286 quaeritur.
3540 3221 3622 3273 Ad

2050 3308 2215 3362 Deum
2252 3309 2431 3379 igitur,
2489 3324 2522 3364 ο
2575 3311 2757 3375 homo,
2806 3311 2873 3363 ad
2922 3312 3082 3364 De'um
3126 3310 3320 3364 horum
3378 3311 3619 3365 omnium

2049 3414 2168 3467 quae
2197 3401 2333 3454 bona
2361 3410 2415 3454 et
2451 3400 2595 3454 clara
2634 3416 2779 3457 sunt.
2818 3400 2961 3456 Nihil
3000 3402 3248 3455 miserius
3271 3411 3534 3472 estquam
3561 3412 3622 3456 ut

2047 3492 2168 3560 quis
2207 3492 2257 3545 in
2294 3492 2493 3546 lumine
2534 3482 2770 3548 oﬂ‘endat
2803 3511 2819 3550 :
2856 3495 2946 3548 sed
2983 3509 3248 3549 caecorum
3288 3496 3389 3549 hoc
3430 3495 3619 3549 vitium

2046 3592 2147 3637 est.
2178 3582 2290 3636 Non
2314 3585 2731 3640 obtenehremur
2749 3602 2777 3639 a
2798 3586 2944 3641 sole:
2974 3588 3123 3642 vides
3142 3602 3262 3641 eum
3281 3586 3545 3642 orientem
3568 3588 3623 3642 et

2050 3676 2410 3740 occidentem,
2448 3678 2506 3731 ct
2537 3678 2817 3733 cedentem
2849 3679 3136 3733 mensuris.
3168 3679 3272 3733 Sed
3307 3680 3418 3749 ipse
3447 3686 3623 3748 praeco

2045 3778 2132 3821 est
2175 3769 2241 3821 ab
2276 3769 2485 3824 oriente
2531 3784 2700 3838 usque
2752 3768 2817 3824 ad
2860 3786 3136 3836 occasum,
3188 3771 3451 3839 praedicat
3497 3762 3619 3824 eum

2047 3857 2136 3925 qui
2167 3872 2224 3911 se
2250 3858 2377 3912 fecit
2403 3868 2457 3913 et
2484 3856 2635 3923 dicit,
2665 3863 2708 3915 si
2744 3871 2919 3915 tamen
2958 3870 3012 3915 tu
3038 3863 3215 3925 audis,
3250 3864 3419 3931 magis
3442 3870 3620 3915 autem

2046 3949 2089 4002 si
2122 3948 2270 4004 vides
2297 3967 2309 4001 :
2342 3949 2457 4005 Non
2487 3966 2603 4005 sum
2637 3967 2737 4021 ego
2767 3951 2928 4014 Deus,
2958 3953 3051 4007 sed
3085 3953 3174 4007 ille
3218 3952 3371 4019 cujus
3421 3968 3536 4007 sum
3568 3963 3621 4007 et

2045 4028 2145 4107 ego
2174 4039 2469 4108 opificium.
2514 4038 2597 4094 Me
2625 4043 2795 4107 vides,
2830 4042 2918 4096 ille
2948 4042 3236 4097 invisibilis
3267 4048 3365 4097 est.
3400 4040 3623 4096 Visibile

2047 4132 2113 4184 ad
2160 4130 2434 4187 invisibile
2480 4135 2749 4187 contraria
2782 4122 2866 4187 est
2900 4144 3135 4189 natura:
3174 4149 3293 4185 nam
3343 4134 3446 4187 etsi
3501 4147 3619 4186 sum

2047 4223 2226 4277 clarus
2260 4218 2399 4277 sicut
2422 4239 2562 4289 sum,
2601 4226 2690 4279 sed
2723 4225 2900 4280 clarus
2930 4231 3019 4294 qui
3050 4226 3238 4280 videor
3270 4240 3285 4278 :
3323 4225 3410 4278 ille
3440 4234 3618 4278 autem

2046 4314 2415 4370 iuvisibilitate
2448 4312 3108 4387 transcendit(fulgoribus
3140 4317 3343 4371 omnia.
3386 4315 3501 4369 Non
3538 4318 3621 4368 m'e

2046 4406 2320 4459 beiiorans
2352 4406 2692 4461 dehonestes.
2742 4405 2855 4459 Non
2885 4421 3003 4460 sum
3040 4409 3282 4471 ingratus
3313 4407 3379 4458 ad
3421 4405 3619 4459 Condi-

362 4492 647 4547 :volvitur?
678 4478 801 4546 time
824 4510 950 4562 ergo
977 4498 1222 4548 viventes
1253 4494 1451 4547 animis
1475 4508 1593 4548 cum
1622 4497 1939 4563 corporibus
1971 4508 2015 4561 1)
2047 4505 2215 4549 torem
2244 4514 2256 4549 :
2299 4493 2567 4550 suiIiciunt
2601 4497 2729 4551 mihi
2778 4497 3043 4551 beneficia
3076 4512 3192 4564 qua:
3243 4496 3427 4564 accepi
3460 4513 3475 4551 :
3511 4494 3618 4549 noli

373 4590 493 4636 ‘cnm
525 4584 758 4638 det-lives
804 4583 1062 4638 fuerimus
1095 4586 1158 4638 ad
1192 4600 1406 4647 carnes,
1434 4598 1562 4639 caro
1595 4595 1801 4640 tantum
1839 4603 1936 4641 vo-

372 4691 596 4741 camur;
630 4682 750 4729 cum
780 4686 961 4730 autem
997 4678 1426 4745 promoveritnus
1450 4680 1512 4731 ad
1542 4678 1800 4742 animam,
1824 4680 1939 4731 aui-

359 4767 525 4819 vmalis
552 4768 710 4821 homo
737 4768 964 4820 dieimur
1003 4785 1015 4821 :
1055 4783 1176 4819 cum
1213 4780 1392 4822 autem
1446 4770 1939 4823 transcenderimus

355 4864 639 4922 maturam,
676 4858 933 4929 spiritalis
967 4860 1127 4912 homo
1161 4862 1514 4929 appellamur.
1590 4862 1652 4915 Et
1693 4877 1797 4915 non
1828 4862 1937 4928 jam

352 4951 495 5018 {quia
520 4948 751 5004 carnalis
782 4959 998 5003 vocatus
1025 4946 1127 5012 est,
1164 4950 1445 5007 fraudatus
1480 4963 1560 5005 est
1590 4946 1767 5004 anima
1804 4968 1817 5006 :
1858 4966 1943 5003 ne-

350 5057 472 5110 ‘que
496 5026 621 5110 quia
652 5038 899 5095 animalis
922 5041 1097 5096 dictus
1118 5034 1223 5107 est,
1252 5038 1361 5111 jam
1390 5042 1491 5096 non
1518 5043 1683 5096 habet
1709 5052 1939 5112 contus;

370 5118 635 5200 siquidem
664 5143 717 5187 et
750 5122 982 5203 Spiritali
1028 5125 1232 5188 homini
1263 5132 1315 5189 et
1344 5148 1539 5204 corpus
1583 5136 1723 5189 inest
1753 5135 1806 5188 tit
1844 5136 1940 5188 lto-

357 5221 500 5274 mini
547 5224 599 5275 et
630 5222 804 5273 anima
841 5226 896 5275 ut
926 5218 1137 5278 animm.
1182 5218 1237 5276 Si
1271 5222 1447 5277 autem
1482 5234 1538 5277 et
1582 5223 1705 5277 istic
1738 5224 1943 5277 consti-

357 5311 490 5371 .tuti,
517 5309 733 5377 quidam
759 5310 974 5380 quidem
1000 5328 1127 5366 caro
1160 5312 1364 5365 tantum
1394 5310 1601 5376 sumus,
1632 5311 1760 5383 quia
1786 5313 1943 5367 decli-

354 5410 462 5453 Iv'es
497 5400 694 5456 fuimus
726 5403 792 5454 ad
826 5412 1061 5469 terram;
1096 5405 1185 5457 alii
1226 5406 1406 5457 anima
1438 5400 1666 5469 tantum,
1700 5405 1826 5474 quia
1860 5406 1941 5458 in-

349 5490 453 5544 fter
496 5498 784 5561 utrumque
851 5500 1097 5560 stamus;
1164 5496 1252 5549 alii
1318 5496 1589 5565 spiritales
1655 5509 1913 5549 vocamur

439 5608 482 5638 ⁶⁰
513 5607 627 5660 Cal.
669 5623 719 5671 v,
762 5610 814 5663 9.

435 5726 547 5791 (337)
584 5726 827 5795 Quidam.
864 5726 1042 5788 Forte,
1083 5728 1317 5795 quidam.

436 5796 546 5869 (58)
586 5795 680 5849 Ms.
720 5794 995 5867 .Hunifesta
1039 5809 1157 5850 sunt
1197 5813 1371 5868 oplra.

2045 4585 2243 4640 addere
2276 4586 2418 4654 quod
2471 4603 2575 4639 non
2626 4587 2887 4656 suscipio.
2939 4588 3198 4641 Creatura
3249 4601 3395 4651 smn,
3429 4596 3617 4641 etnon

2043 4674 2310 4741 Crcator;
2364 4676 2636 4743 opificium
2682 4690 2736 4732 et
2765 4693 2868 4731 non
2898 4678 3114 4747 opifex;
3172 4664 3348 4731 factus
3392 4692 3533 4741 sum,
3568 4684 3622 4730 et

2045 4781 2150 4819 non
2187 4768 2231 4819 is
2262 4770 2351 4833 qui
2388 4769 2549 4833 fecit;
2590 4771 2746 4824 istinc
2782 4784 2901 4823 sum
2925 4771 3083 4834 caelo,
3119 4778 3174 4823 et
3204 4768 3328 4823 inde
3355 4769 3525 4823 oculis
3549 4768 3621 4821 vi-

2047 4860 2215 4912 deor:
2249 4857 2338 4912 ille
2391 4861 2671 4914 invisibilis
2720 4870 2820 4914 est.
2862 4861 2972 4930 Ego
3008 4862 3057 4914 in
3111 4859 3230 4914 loco
3270 4859 3620 4914 confirmatus

2048 4966 2164 5003 sum
2195 4969 2210 5006 :
2244 4952 2329 5005 ille
2359 4952 2493 5006 iiber
2526 4956 2592 5005 ab
2617 4954 2765 5007 omni
2797 4964 2882 5007 est
2914 4953 3048 5007 loco.
3074 4953 3187 5022 Ego
3213 4942 3475 5022 pari‘etem
3498 4938 3618 5005 εαξη

2049 5051 2203 5097 teneo
2255 5045 2306 5097 in
2347 5060 2449 5114 qua
2507 5060 2625 5097 sum
2670 5056 2725 5099 et
2772 5044 3029 5115 positus:
3066 5044 3155 5098 ill'e
3204 5053 3386 5098 autem
3435 5041 3621 5110 implet

2048 5128 2248 5190 omnia.
2299 5132 2407 5205 Ego
2442 5151 2507 5190 ex
2537 5136 2652 5190 loco
2683 5136 2750 5191 ad
2783 5137 2959 5190 locum
2992 5132 3233 5190 accedo:
3278 5133 3367 5189 ille
3398 5143 3452 5186 et
3487 5133 3617 5186 milii

2046 5226 2316 5292 separavit
2345 5225 2540 5280 locum.
2581 5225 2710 5281 Vide
2732 5242 2842 5293 me,
2870 5236 2923 5280 et
2948 5222 3054 5280 noli
3084 5214 3473 5279 conn‘umerare
3501 5214 3619 5292 quas

2050 5329 2156 5368 non
2182 5328 2663 5371 connumerantur.
2684 5316 2993 5371 invisibilis
3022 5325 3072 5370 et
3100 5315 3327 5369 visibilis
3349 5314 3620 5382 quomodo

2049 5411 2557 5463 countimerantur?
2591 5411 2689 5477 Qui
2723 5410 2773 5463 in
2807 5409 2910 5463 ioci
2949 5408 3087 5479 (59),
3132 5416 3185 5462 et
3226 5411 3315 5476 qui
3354 5407 3468 5459 sine
3501 5404 3620 5460 Ιοοο

2046 5513 2206 5568 quam
2246 5501 2445 5556 habent
2474 5503 2907 5557 communionem
2956 5501 3200 5556 naturai?
3242 5500 3351 5570 Ego
3391 5500 3537 5556 orior
3563 5505 3619 5556 ct

2121 5730 2229 5799 (59)
2272 5728 2630 5799 [δαςὶμιηόνιὲκ
2668 5728 2781 5781 loco
2822 5724 2901 5782 vel
2937 5726 3086 5781 locis.
