4134 6402
534 312 673 368 “55

1200 306 1470 363 EUSEBII
1508 306 1983 362 CAESARIENSIS
2020 306 2168 361 OPP.
2212 306 2391 361 PARS
2430 307 2518 363 ιν.
2551 338 2616 347 -—
2660 308 3075 364 DOGMATICA.

3645 307 3776 361 1156

533 429 740 491 occido,
772 426 894 497 quia
925 434 978 481 et
1009 439 1224 495 possum
1261 434 1491 494 utraque
1516 424 1582 478 ad
1612 424 1762 491 jussa
1789 429 2057 493 complere
2083 443 2097 478 :
2132 430 2175 486 Α
2206 427 2418 493 generis
2449 426 2592 479 enim
2624 426 2943 480 miseremur
2967 424 3153 480 nostri.
3202 423 3305 479 Illis
3332 425 3527 495 quippe
3561 426 3652 495 qui
3686 439 3775 477 ve-

536 521 625 575 ille
650 516 1051 587 supereminet;
1105 529 1209 567 non
1265 513 1467 583 indiget
1498 523 1558 566 ut
1584 514 1814 575 oriatur,
1864 530 1969 568 non
2002 515 2101 567 im-

537 621 711 668 mutat
756 612 951 673 locum,
977 624 1190 678 semper
1236 608 1286 661 in
1332 622 1399 662 eo
1450 608 1565 675 ipso
1595 607 1734 676 quod
1764 619 1847 661 est
1876 620 2057 661 manet
2086 624 2100 671 ;

536 716 746 771 semper
773 704 885 770 ipse
913 704 1110 770 estqui
1145 709 1263 763 est;
1298 699 1366 753 ab
1392 698 1483 753 illo
1513 709 1569 753 et
1594 699 1747 753 calor
1770 707 1893 763 est,
1923 701 1990 753 ab
2015 699 2103 753 illo

534 795 734 848 dantur
758 804 813 849 et
838 809 1027 847 cursus
1054 809 1339 856 mensuras,
1374 792 1441 845 ab
1494 790 1587 845 illo
1617 800 1985 844 mensuratum
2021 802 2105 844 est

535 886 754 941 caelum.
815 884 950 938 Nam
994 884 1093 940 elsi
1140 886 1314 953 spatio
1348 882 1504 953 longe
1533 899 1672 944 sum,
1712 893 1885 935 tamen
1923 882 2103 935 calore

535 976 794 1032 conﬁteor
819 980 1101 1031 naturam:
1132 976 1220 1030 ille
1248 974 1534 1029 invisibilis
1549 983 1651 1028 est.
1679 973 1853 1028 Meum
1874 975 2101 1029 intueris

535 1070 799 1135 habitum,
836 1069 925 1123 ille
952 1070 1064 1123 sine
1099 1068 1283 1122 habitu
1316 1076 1417 1120 est.
1462 1065 1635 1120 Tanta
1693 1067 1821 1121 mihi
1870 1076 1996 1120 sunt
2048 1076 2103 1120 et

536 1161 660 1226 alia,
695 1177 760 1215 ex
812 1162 1006 1230 quibus
1048 1160 1179 1213 nihil
1232 1161 1297 1213 ad
1342 1158 1490 1212 illum
1538 1159 1809 1227 pertinere
1840 1158 2097 1213 videtur:

538 1269 646 1307 non
686 1264 887 1309 tactum
925 1256 1171 1318 incurrit,
1218 1270 1322 1307 non
1374 1254 1491 1306 loco
1528 1250 1784 1314 ambitur,
1828 1266 1933 1305 non
1984 1251 2098 1305 loca

533 1344 863 1410 circumdat,
899 1360 1001 1398 non
1037 1346 1251 1398 habitus
1278 1346 1421 1399 circa
1475 1344 1675 1413 ipsum,
1730 1358 1835 1396 non
1885 1358 2100 1412 compo-

535 1436 657 1492 sitio
690 1438 756 1489 ad
783 1437 1025 1505 gloriam.
1057 1435 1148 1490 llle
1178 1446 1336 1490 natus
1388 1444 1587 1489 annato
1613 1444 1696 1487 est
1729 1434 1863 1505 (60),
1907 1449 2001 1502 per
2032 1435 2100 1487 il-

534 1531 644 1583 lum
688 1537 742 1583 et
784 1544 881 1597 ego
907 1537 960 1581 et
982 1528 1162 1582 omnia
1208 1528 1347 1583 facta
1372 1537 1512 1583 sunt.
1549 1526 1723 1582 Nolite
1754 1544 1839 1583 me
1866 1543 2098 1583 conver-

537 1629 651 1682 tere
694 1620 759 1673 ad
815 1620 1239 1688 blasphemiam,
1296 1635 1390 1689 per
1446 1634 1530 1673 me
1574 1619 1952 1688 blasphemare
2005 1634 2099 1672 no-

534 1711 648 1767 lite.
680 1712 879 1765 Littera
912 1727 1031 1765 sum
1054 1712 1119 1767 ad
1144 1712 1367 1781 gloriam
1396 1712 1514 1781 ejus
1541 1714 1631 1781 qui
1670 1727 1755 1766 me
1783 1712 1909 1766 fecit
1940 1729 1953 1765 :
1986 1728 2100 1766 coe-

534 1803 643 1859 lum
690 1804 830 1857 enim
870 1803 1004 1857 liber
1044 1811 1127 1856 est
1160 1818 1420 1869 magnus;
1469 1818 1568 1871 ego
1602 1812 1778 1857 autem
1824 1819 1944 1855 cum
1988 1803 2101 1855 alli-

537 1892 693 1946 nibus
741 1893 874 1945 meis
910 1907 1091 1945 sumus
1141 1890 1332 1945 littera:
1366 1891 1748 1959 religiositatis.
1796 1891 1976 1961 Legite
2026 1891 2106 1943 lu-

536 1998 619 2037 nae
663 1982 956 2036 virtutem:
998 1981 1190 2036 crescit
1246 1990 1300 2034 et
1334 1981 1611 2046 minuitur,
1658 1990 1713 2035 et
1762 1995 1971 2050 semper
2003 1982 2105 2033 im-

536 2083 795 2135 mutatur,
830 2084 883 2127 et
913 2072 1193 2126 annuntiat
1234 2070 1660 2125 immutabilem:
1690 2080 1742 2125 et
1787 2073 1836 2126 in
1872 2074 1955 2125 illa
2001 2073 2103 2127 ite-

537 2180 655 2219 rum
683 2165 899 2219 habitus
934 2164 1227 2228 invenitur,
1273 2164 1537 2234 siquidem
1560 2174 1614 2218 et
1635 2164 1777 2219 illam
1814 2165 1958 2217 videt
1982 2179 2106 2217 ncu-

535 2256 639 2320 lus,
687 2266 740 2310 et
779 2271 1054 2325 nunquam
1112 2256 1163 2309 in
1217 2271 1281 2311 eo
1319 2255 1436 2325 ipso
1463 2256 1602 2325 quod
1646 2266 1728 2309 est
1758 2265 1954 2309 manet.
1997 2254 2102 2309 No-

534 2347 627 2401 lite
667 2364 765 2403 nec
815 2348 970 2401 istam
1017 2362 1223 2401 mecum
1282 2347 1483 2417 pariter
1525 2346 1918 2415 blasphemare.
1967 2347 2103 2413 Quid

535 2454 634 2495 nos
662 2438 1097 2494 calumniamini?
1126 2438 1285 2493 modo
1320 2438 1534 2507 quidem
1577 2452 1662 2492 me
1727 2438 1967 2493 dicentes
1997 2438 2107 2491 for-

536 2532 770 2588 nicatum
809 2547 947 2595 esse,
982 2531 1139 2585 modo
1174 2538 1354 2583 autem
1382 2529 1587 2593 lunam,
1630 2532 1752 2598 quia
1783 2530 2103 2584 adulterium

536 2624 771 2679 admisit.
813 2621 987 2676 Nolite
1028 2623 1294 2690 deponere
1326 2634 1422 2675 nos
1461 2630 1645 2673 contra
1686 2630 1959 2684 naturam,
2010 2637 2105 2675 ne-

533 2730 639 2786 que
674 2715 865 2769 iterum
908 2713 1166 2768 extollere
1204 2726 1368 2781 supra
1404 2720 1674 2766 naturam.
1738 2713 1925 2767 Dicitis
1978 2713 2104 2781 quia

534 2822 635 2878 ego
668 2805 877 2860 mulieri
901 2804 1282 2859 confabulatus
1305 2819 1425 2858 sum
1454 2820 1469 2857 :
1493 2804 1685 2873 quibus
1707 2806 2106 2874 operamentis?

534 2898 731 2967 quibus
752 2894 1050 2950 membris?
1079 2910 1186 2961 quo
1204 2893 1429 2948 habitu?
1453 2895 1904 2963 quemadmodum
1930 2910 2103 2948 meam

534 2988 802 3043 ﬂammam
855 2986 1022 3055 potuit
1064 2984 1315 3038 sull'erre?
1360 2984 1806 3052 quemadmodum
1856 2986 2105 3053 splendo-

2206 517 2379 570 Stiittts
2407 518 2619 585 quidem
2658 532 2715 571 se
2743 519 2965 581 nudant,
3010 532 3167 571 cmno
3190 527 3367 570 autem
3412 532 3472 571 se
3502 518 3774 585 operiunt,

2205 608 2294 675 qui
2327 608 2531 676 lapides
2563 620 2802 677 portant,
2837 610 2927 679 qui
2956 610 3204 661 damnum
3251 606 3443 677 duplex
3475 608 3768 677 accipiunt,

2205 707 2334 752 utet
2367 714 2553 751 aurum
2582 698 2875 767 proferant,
2906 709 2962 753 et
2995 713 3025 751 a
3057 696 3168 751 Deo
3205 698 3470 752 decidant.
3504 696 3619 752 Non
3654 712 3777 753 ces-

2205 799 2288 844 sat
2315 790 2392 843 sol
2427 806 2525 843 nec
2560 791 2686 844 illud
2715 791 2767 844 in
2798 790 3033 844 medium
3063 786 3331 859 proferre,
3355 791 3480 859 quia
3527 797 3778 857 putantes

2204 896 2324 934 eum
2355 882 2631 949 deiﬁcare,
2663 886 2714 937 in
2744 883 2827 937 his
2858 884 3092 935 maxime
3116 882 3171 935 in
3204 882 3401 950 quibus
3442 881 3776 951 indignatur.

2202 974 2487 1028 Adducunt
2516 976 2657 1029 enim
2692 976 2757 1029 ad
2787 988 3003 1028 omnem
3048 974 3432 1042 malignitatem
3495 974 3779 1027 hominum

2203 1082 2388 1135 opera,
2428 1075 2481 1120 et
2509 1045 2769 1128 .malitias
2818 1066 2918 1121 soli
2962 1076 3018 1119 et
3048 1066 3212 1127 lunze,
3248 1076 3302 1119 et
3335 1080 3459 1118 suas
3501 1064 3573 1118 illi
3599 1067 3775 1119 ascri-

2202 1174 2361 1227 psere
2381 1159 2641 1213 luxurias.
2670 1158 2784 1212 Non
2813 1161 2934 1223 iste,
2986 1159 3179 1228 inquit,
3228 1158 3389 1213 homo
3428 1157 3641 1211 adulter
3668 1166 3782 1221 est,

2202 1248 2295 1300 sed
2326 1249 2424 1302 sol.
2450 1248 2685 1303 Veniunt
2714 1250 2856 1303 enim
2884 1254 2948 1302 ad
2974 1248 3122 1302 illum
3159 1250 3356 1313 locum,
3400 1255 3454 1302 et
3501 1248 3637 1302 mala
3676 1248 3779 1302 bo-

2205 1338 2405 1391 minum
2436 1340 2532 1393 soli
2558 1341 2855 1396 ascribunt.
2879 1341 2944 1395 Et
2966 1341 3270 1395 hominibus
3296 1342 3510 1409 quidem
3536 1340 3668 1394 nihil
3692 1356 3779 1393 re-

2205 1428 2447 1497 linquunt
2482 1431 2603 1484 mali
2628 1474 2642 1496 ,
2682 1446 2786 1485 non
2819 1430 3057 1485 luxurias
3105 1431 3424 1495 luxuriosis;
3459 1446 3563 1485 non
3598 1426 3777 1484 homi-

2202 1519 2339 1573 cidia
2402 1521 2727 1588 homicidis;
2776 1538 2878 1575 non
2933 1521 3251 1576 adulterium
3308 1521 3613 1585 adulteris;
3667 1536 3779 1574 non

2205 1609 2475 1662 mendacia
2513 1611 2890 1671 mendacibus;
2930 1628 3034 1664 non
3060 1612 3198 1664 furta
3233 1610 3439 1664 furibus
3466 1627 3482 1676 ;
3514 1611 3607 1665 sed
3639 1608 3780 1664 obli-

2206 1700 2241 1751 ti
2297 1715 2479 1752 eormn
2520 1714 2639 1768 quze
2700 1700 3143 1770 blasphemabant
3200 1702 3439 1756 dicentes
3498 1704 3651 1764 deos,
3719 1711 3779 1754 ct

2205 1796 2513 1849 omittentes
2543 1795 2787 1848 homines
2825 1794 2917 1860 qui
2950 1792 3285 1861 delinquunt,
3319 1806 3412 1845 eos
3453 1808 3587 1861 quos
3615 1807 3780 1845 voca-

2206 1888 2335 1941 bant
2387 1888 2515 1940 deos
2572 1900 2713 1939 nunc
2759 1885 3035 1947 hominum
3104 1883 3381 1945 latrones,
3438 1882 3780 1945 homicidas,

2208 1978 2515 2041 mendaces,
2554 1976 2833 2046 malignus,
2872 1977 3165 2038 adulteros,
3201 1976 3348 2029 fures
3388 1990 3485 2044 pro
3537 1975 3778 2029 homini-

2206 2072 2305 2126 bus
2333 2088 2452 2127 esse
2484 2072 2688 2126 volunt.
2744 2069 2849 2125 Sed
2906 2071 3043 2140 apud
3099 2085 3195 2124 nos
3246 2069 3513 2124 homicida
3560 2069 3603 2123 si
3638 2068 3781 2121 furta

2207 2180 2370 2218 unum
2406 2164 2624 2227 occidit,
2667 2174 2721 2217 et
2762 2164 2898 2218 forte
2930 2165 3175 2217 tristatus
3207 2172 3299 2216 aut
3328 2161 3544 2215 infamis
3578 2161 3780 2223 factus,

2205 2263 2260 2307 et
2313 2264 2569 2316 tremens,
2618 2264 2671 2307 et
2719 2254 3025 2321 compulsus
3072 2253 3141 2307 ob
3172 2262 3482 2322 egestatem,
3519 2251 3781 2305 autiram

2206 2355 2299 2399 aut
2346 2345 2691 2407 inimicitias,
2744 2346 2821 2398 sol
2874 2344 3072 2397 occidit
3118 2359 3240 2397 eum
3287 2343 3376 2410 qni
3432 2342 3785 2397 interﬁcitur.

2206 2435 2418 2501 Quare?
2445 2452 2562 2503 qua:
2592 2434 2823 2488 vicinia?
2851 2450 2967 2500 qua:
2996 2430 3392 2487 cobmreditas?‘
3421 2447 3540 2499 qua:
3586 2432 3778 2485 condi-

2207 2529 2382 2583 visio?
2407 2528 2532 2597 quid
2566 2527 2799 2595 passus?
2829 2527 2953 2593 quid
2984 2524 3310 2578 adtttitteus?
3340 2524 3467 2593 quid
3499 2520 3782 2591 indigens!

2206 2621 2332 2689 quid
2366 2621 2630 2675 commodi
2662 2619 2883 2673 sumus?
2917 2617 3031 2671 Non
3070 2632 3254 2671 sumus
3294 2630 3481 2669 canna:
3529 2615 3783 2668 manibus

2204 2712 2476 2767 stellarum
2520 2721 2677 2765 motas
2725 2711 2789 2763 ad
2826 2711 3050 2763 litteras.
3084 2706 3220 2771 Tua,
3249 2718 3337 2761 tua
3366 2716 3510 2771 sunt,
3563 2707 3784 2761 etiamsi

2205 2802 2549 2856 calumnieris
2577 2803 2765 2855 solem.
2801 2801 2949 2855 Luna
2988 2812 3167 2856 autem
3219 2818 3327 2857 non
3369 2812 3627 2871 operatur
3651 2816 3787 2871 quas

2205 2895 2555 2948 calumniaris
2589 2912 2604 2947 :
2637 2910 2742 2947 non
2801 2904 2855 2949 te
2904 2893 3097 2949 liberat
3131 2894 3397 2949 calumnia
3444 2911 3471 2948 a
3511 2906 3726 2965 peccato
3756 2880 3779 2947 ξ

2205 2986 2444 3053 acquiris
2466 2986 2557 3039 tibi
2581 2998 2634 3039 et
2658 2986 3044 3054 blasphemiam
3080 3004 3092 3038 :
3120 2987 3169 3039 in
3193 3000 3258 3039 eo
3284 2986 3426 3039 enim
3454 2987 3572 3039 dum
3599 2986 3779 3038 dicis:

535 3078 657 3132 res?
689 3076 743 3131 Si
767 3077 910 3132 enim
944 3085 1091 3129 tanto
1126 3076 1297 3143 spatio
1320 3074 1432 3145 (6|)
1466 3090 1642 3129 meum
1670 3077 1877 3129 radium
1910 3077 2103 3131 sulTer-
2130 3110 2172 3168 α
2208 3076 2321 3131 Non
2351 3094 2451 3147 ego
2486 3078 2732 3145 admitto,
2762 3079 2855 3132 sed
2907 3078 2996 3132 Dei
3042 3079 3277 3148 opiﬁcia.
3322 3078 3471 3144 Quod
3500 3078 3641 3132 enim
3668 3092 3775 3145 ego

534 3184 595 3224 re
626 3184 729 3222 non
762 3175 957 3237 potest,
985 3166 1038 3220 in
1070 3166 1277 3221 sinibus
1307 3175 1527 3235 portare
1553 3181 1724 3219 meam
1770 3166 2101 3233 conjunctio-

533 3273 655 3312 nem
690 3256 897 3325 potuit?
919 3255 1094 3309 Nolite
1131 3256 1201 3308 ita
1233 3270 1318 3309 me
1352 3256 1578 3325 turpiter
1600 3256 1941 3321 calumniari,
1974 3260 2103 3313 noli-

533 3354 585 3404 te
616 3351 687 3402 ita
730 3348 1042 3416 insipienter
1070 3346 1330 3401 extollere
1362 3364 1375 3400 :
1406 3363 1508 3401 non
1546 3348 1716 3401 solum
1758 3350 1901 3403 enim
1936 3350 2099 3405 Deum

533 3440 818 3509 ignoratis,
846 3440 936 3492 sed
966 3449 1015 3492 et
1047 3438 1262 3506 opiﬁcia
1291 3438 1456 3506 ipsius
1490 3439 1579 3492 Dei
1608 3441 1845 3495 nescitis.
1879 3442 2104 3497 Dimitti-

534 3544 585 3587 te
621 3548 703 3586 me
734 3536 855 3601 quia
896 3532 1033 3584 ﬁxus
1065 3545 1206 3592 sum,
1246 3546 1468 3583 cursum
1510 3530 1631 3585 εωιί
1658 3532 1904 3587 coniicio.
1929 3532 2103 3589 Nolite

533 3643 620 3681 me
648 3626 712 3679 ad
750 3636 948 3678 terram
982 3623 1251 3691 deponere
1295 3623 1499 3687 verbis,
1527 3638 1699 3691 neque
1733 3624 1995 3680 deducere
2023 3627 2105 3679 fa-

529 3715 690 3771 bulis.
722 3715 834 3769 Non
863 3714 1154 3786 praevarico
1192 3712 1365 3783 legem
1402 3732 1414 3768 :
1457 3729 1670 3768 sursqu
1703 3730 1821 3770 sum
1862 3716 2100 3785 positus;

531 3823 639 3860 non
668 3808 891 3860 immuto
922 3822 1137 3859 cursum
1165 3805 1515 3860 constitutum
1559 3805 1726 3869 mihi;
1763 3820 1867 3860 non
1910 3808 2102 3862 recedo

530 3899 600 3951 ab
639 3897 846 3962 oilicio;
900 3896 1071 3965 legem
1119 3896 1297 3949 datam
1340 3894 1615 3960 custodio;
1649 3909 1882 3963 agnosco
1925 3898 2099 3965 spatia

528 3986 807 4055 cteli,qua3
831 3997 883 4041 et
906 3986 1059 4055 jussa
1085 4000 1362 4053 percurro.
1396 3984 1619 4038 Terram
1644 3985 1856 4040 calcare
1884 4002 1987 4040 non
2020 3996 2101 4040 est

529 4089 733 4132 natura:
757 4093 888 4132 mea:
915 4094 927 4131 :
959 4079 1173 4147 quando
1200 4091 1304 4132 nox
1332 4077 1474 4131 facta
1504 4086 1590 4131 est
1615 4077 1948 4146 importuna,
1977 4079 2098 4148 quia

528 4184 628 4240 ego
657 4168 905 4222 descendi
935 4170 1000 4221 ad
1030 4166 1270 4222 mulieris
1298 4168 2101 4226 communicationem?cessate

530 4261 760 4327 turpiter
793 4260 1139 4324 honorantes,
1196 4258 1339 4314 finde
1381 4260 1710 4314 deducentes
1749 4278 1761 4313 :
1801 4262 1968 4316 nolite
2005 4279 2098 4317 ora

527 4363 709 4407 vestra
734 4351 786 4403 in
825 4351 980 4406 bonis
999 4351 1244 4405 versibus
1272 4350 1427 4405 malis
1455 4351 1684 4418 negotiis
1705 4354 1937 4421 aperire.
1962 4353 2099 4419 Quid

2205 3184 2310 3222 non
2342 3184 2459 3237 ego,
2495 3170 2748 3237 relinquit
2780 3170 2907 3224 illud
2942 3171 2989 3225 ei
3019 3169 3171 3238 cujus
3193 3171 3421 3241 opiﬁciis
3445 3178 3496 3224 et
3520 3169 3779 3237 blasphe-

2202 3258 2365 3311 miam
2412 3258 2577 3311 addit.
2625 3258 2682 3312 Si
2721 3260 2863 3311 enim
2918 3274 3020 3311 non
3054 3267 3178 3311 sunt
3221 3273 3382 3325 opera
3432 3265 3613 3310 nostra
3653 3270 3784 3322 qua:

2203 3348 2559 3415 admittimus,
2594 3350 2687 3403 sed
2716 3348 2794 3402 sol
2834 3360 2885 3401 et
2918 3348 3037 3402 luna
3081 3358 3135 3403 et
3168 3348 3334 3401 stella:
3384 3362 3479 3416 per
3512 3361 3608 3400 nos
3643 3360 3775 3413 ope-

2205 3450 2424 3506 rantur;
2454 3441 2525 3494 ita
2580 3455 2754 3510 neque
2804 3440 3016 3495 illorum
3068 3450 3189 3494 sunt
3223 3455 3385 3509 opera
3427 3454 3442 3493 :
3492 3438 3781 3509 aequaliter

2203 3531 2346 3585 enim
2391 3531 2533 3586 Deus
2564 3532 2861 3587 constituit.
2908 3531 3040 3585 Vide
3069 3533 3208 3601 quod
3253 3532 3387 3585 dicis
3420 3552 3433 3584 :
3470 3532 3634 3584 Deum
3674 3546 3777 3583 no-

2205 3624 2380 3678 minas
2411 3638 2568 3693 quem
2617 3624 2760 3692 piget
2807 3638 2964 3676 nosse
3013 3624 3197 3686 Deum,
3231 3624 3321 3677 sed
3367 3624 3457 3675 tibi
3498 3620 3655 3676 facile
3692 3634 3777 3674 est

2204 3716 2343 3785 apud
2377 3730 2533 3785 quem
2560 3724 2683 3768 sunt
2723 3714 2946 3768 dicere:
2984 3713 3293 3768 Cnnfnndor
3342 3725 3397 3767 et
3450 3713 3599 3783 piger
3652 3730 3773 3764 smn

2209 3806 2588 3861 contaminare
2619 3821 2790 3860 meam
2829 3807 3085 3876 linguam,
3124 3814 3178 3860 et
3208 3806 3438 3858 maxime
3464 3805 3668 3858 caelesti
3696 3805 3782 3853 vi-

2202 3899 2352 3954 sione
2388 3898 2742 3952 descendens.
2787 3897 2923 3963 Quid
2969 3914 3118 3968 ergo,
3172 3913 3203 3951 ο
3254 3896 3503 3963 sapiens?
3555 3896 3774 3965 Cygnus

2202 3992 2332 4046 deus
2358 4001 2443 4044 est
2483 3991 2570 4059 qui
2610 3991 2894 4043 adverSIIm
2924 3989 3186 4059 virginem
3216 3989 3395 4042 calet?
3423 3987 3775 4041 Confundau-

2204 4090 2287 4134 tur
2309 4079 2398 4148 qui
2427 4078 2712 4146 aliquoties
2741 4078 2958 4147 quidem
2984 4088 3194 4131 taurum
3218 4079 3465 4142 adorant,
3488 4076 3775 4145 aliquoties

2203 4169 2313 4240 (6⁸5)
2344 4180 2519 4223 autem
2554 4179 2713 4222 tauro
2759 4169 2915 4222 deum
2946 4170 3382 4237 transﬁguratum
3410 4167 3632 4235 ﬁngunt.
3658 4168 3773 4221 Sed

2163 4262 2364 4330 ,dicite
2405 4260 2561 4315 nobis
2608 4276 2705 4315 cur
2743 4262 3058 4315 immutatus
3086 4269 3169 4313 est
3221 4269 3282 4314 ut
3324 4260 3582 4330 virginem
3618 4261 3773 4314 vide-

2202 4353 2326 4406 ret?
2355 4352 2466 4407 Nou
2492 4353 2636 4407 enim
2664 4351 2895 4405 habebat
2919 4350 3147 4405 feminas
3170 4351 3301 4406 deus
3330 4351 3622 4407 secundum
3651 4367 3772 4408 vos.

526 4458 612 4497 me
642 4443 945 4497 deducitis?
986 4442 1114 4511 quid
1154 4456 1239 4495 me
1268 4443 1556 4497 extollitis?
1587 4442 1701 4498 Non
1732 4445 2002 4499 descendo
2029 4446 2094 4499 ad
2126 4457 2174 4515 ι)
2201 4444 2389 4499 Nonne
2436 4460 2675 4499 sororem
2716 4445 3136 4513 cooperatricem
3187 4442 3393 4510 habuit,
3448 4452 3508 4497 ut
3540 4444 3767 4497 aliorum

528 4535 828 4595 mulierem.
860 4550 963 4587 nou
1006 4534 1239 4588 ascendo
1287 4535 1511 4604 aqualis
1560 4537 1687 4589 Deo.
1722 4536 1874 4602 Quod
1913 4547 2097 4591 autem

525 4634 644 4677 erat
673 4625 802 4678 mihi
827 4635 881 4680 et
914 4627 1082 4680 otium
1120 4625 1426 4695 relinquere
1454 4643 1670 4682 cursum
1694 4639 1958 4683 statutum
1992 4631 2095 4682 mi-

526 4712 618 4765 hi?
651 4715 865 4781 quando
911 4716 1239 4783 interruptus
1270 4724 1354 4769 est
1408 4716 1560 4769 dies?
1607 4726 1700 4769 aut
1740 4719 1959 4786 quando
1988 4736 2092 4774 non

527 4805 715 4859 adveni
741 4820 965 4860 currens
988 4808 1052 4859 ad
1078 4818 1349 4871 ornatum,
1374 4818 1667 4878 occupatus
1689 4810 1754 4863 ad
1781 4810 2091 4865 mulierem?

523 4897 591 4952 Et
620 4898 744 4952 luna
783 4898 974 4953 fabulis
997 4900 1331 4968 deturpatur,
1388 4903 1482 4954 sed
1530 4904 1705 4971 arguit
1741 4900 1934 4956 fabulis
1980 4903 2090 4974 (62)

521 5006 619 5045 sua
650 5002 862 5045 natura.
914 4991 1075 5045 Forte
1118 5000 1296 5045 autem
1346 5008 1445 5046 nec
1487 4991 1615 5046 illud
1664 4991 1861 5046 tacebit
1905 4992 2005 5045 sol.
2036 4992 2091 5046 Si

523 5095 699 5138 autem
730 5084 846 5153 ejus
880 5100 984 5138 non
1019 5093 1102 5139 est
1128 5094 1320 5137 natura
1362 5099 1419 5137 ut
1448 5085 1717 5154 loquatur,
1769 5100 1866 5139 nos
1905 5100 2003 5153 pro
2027 5101 2093 5140 eo

522 5176 827 5245 loquemur,
863 5178 905 5232 sl
936 5187 1111 5231 tamen
1166 5192 1261 5246 pro
1299 5178 1413 5230 sole
1451 5188 1503 5229 et
1535 5193 1637 5231 non
1673 5193 1768 5247 pro
1800 5178 1943 5242 Deo;
1985 5193 2087 5231 nou

522 5272 646 5337 quia
699 5272 840 5325 Deus
878 5270 1080 5340 indiget
1126 5270 1395 5337 adjutorio
1438 5278 1623 5323 nostro
1671 5280 1723 5321 et
1754 5268 2086 5332 defensione,

523 5362 615 5415 sed
642 5363 887 5417 homines
918 5362 1195 5417 constituti
1222 5360 1527 5416 hominibus
1564 5361 1944 5429 compatimur.
1995 5360 2086 5413 Vi-

520 5457 709 5509 dentes
733 5457 877 5510 enim
898 5456 1140 5509 volumus
1170 5456 1273 5508 iter
1294 5453 1581 5508 ostendere
1611 5469 1712 5506 non
1745 5452 2084 5518 videntibus;

616 5592 704 5661 60)
737 5592 834 5645 Ms.
869 5591 967 5646 Ille
997 5605 1149 5646 natus
1172 5611 1234 5647 ex
1257 5596 1436 5646 innato
1462 5602 1557 5644 est.

618 5664 706 5728 (ii)
750 5664 846 5716 Ms.
875 5663 931 5717 Si
952 5666 1085 5715 enim
1107 5665 1159 5716 in
1189 5674 1333 5717 tanto
1357 5663 1543 5727 spatio.

595 5730 707 5801 (ϋὲ)
746 5730 982 5785 Fubu’is.
1002 5733 1161 5786 Forte
1186 5736 1413 5802 lahnius.

2204 4537 2469 4591 connubia
2495 4536 2803 4591 iuraretur?
2832 4534 2947 4590 Non
2975 4535 3062 4589 isti
3092 4550 3371 4588 sermones
3409 4545 3534 4589 sunt
3572 4538 3774 4602 nostri,

2200 4630 2293 4684 sed
2327 4641 2518 4683 vestrm
2553 4628 2746 4683 fabulae
2777 4628 2986 4696 scriptae
3026 4626 3080 4679 in
3111 4626 3261 4679 libris
3291 4625 3425 4698 (64),
3466 4627 3517 4680 in
3546 4627 3773 4680 simula-

2201 4723 2332 4789 cris,
2375 4723 2425 4774 in
2452 4720 2769 4789 parietibus,
2804 4721 2855 4773 in
2881 4719 3261 4773 saltationibus
3291 4720 3653 4773 theatrorum.
3687 4720 3773 4772 Ιηρ

2200 4815 2439 4883 dignaris
2472 4814 2592 4882 quia
2619 4814 2738 4866 dico
2756 4827 2827 4868 ea
2853 4826 2971 4880 quae
2996 4822 3049 4865 tu
3081 4814 3265 4880 legens
3298 4813 3514 4864 miraris
3538 4830 3557 4865 :
3576 4812 3775 4864 irasce-

2201 4906 2275 4959 ris
2303 4906 2425 4974 quia
2462 4905 2652 4974 loquor
2698 4905 2763 4957 de
2793 4906 2875 4958 his
2907 4918 3025 4973 quae
3054 4904 3243 4957 videns
3274 4913 3330 4955 tu
3359 4904 3572 4958 adoras.
3625 4900 3740 4957 Indi
3760 4933 3773 4945 -

2198 5000 2378 5068 gnaris
2404 4999 2531 5066 quia
2565 4998 2684 5051 dico
2727 5013 2846 5066 quae
2896 5006 2949 5049 tu
2984 4996 3035 5049 in
3071 4994 3451 5049 saltationibus
3488 4995 3672 5048 videns
3715 5006 3772 5049 et

2197 5088 2423 5143 audiens
2450 5088 2752 5143 delectaris.
2790 5088 2915 5143 Dele
2937 5104 2997 5143 ea
3024 5104 3091 5142 ex
3120 5088 3341 5157 poeticis
3370 5088 3541 5152 libris,
3577 5089 3771 5143 recede

2198 5196 2227 5233 a
2261 5181 2508 5245 theatris,
2547 5191 2602 5236 et
2629 5181 2930 5235 extermina
2964 5196 3026 5234 ea
3057 5197 3085 5233 a
3118 5180 3451 5251 parietibus;
3484 5183 3651 5234 comta
3678 5198 3769 5246 ea,

2197 5288 2224 5325 a
2256 5274 2561 5328 simulacris
2589 5272 2800 5339 recede,
2828 5282 2884 5328 et
2909 5276 3236 5343 congaudeo.
3260 5274 3313 5327 Si
3352 5282 3531 5328 autem
3554 5291 3770 5343 perma-

2197 5378 2293 5418 nes
2322 5365 2374 5417 in
2402 5367 2667 5429 ca‘citate,
2694 5366 2798 5417 noli
2825 5366 3090 5434 indignari
3122 5368 3165 5419 si
3198 5368 3567 5433 convinceris;
3601 5366 3769 5423 dicito

2197 5455 2393 5525 siquid
2420 5458 2618 5511 addidi.
2652 5457 2707 5511 Si
2741 5467 2917 5511 autem
2953 5459 3089 5527 apud
3135 5469 3187 5512 te
3226 5469 3349 5512 sunt
3383 5460 3597 5529 scripta:
3632 5473 3768 5513 auro

2259 5595 2370 5665 (63)
2398 5596 2498 5651 Ms.
2523 5597 2799 5667 aliquoties
2824 5610 2994 5650 atttem
3022 5602 3074 5652 in
3098 5609 3271 5653 lauro.

2259 5669 2368 5734 κω)
2401 5667 2495 5719 Ms.
2530 5674 2617 5720 sed
2652 5681 2827 5722 resim-
2852 5670 3047 5735 [ubqu
3074 5671 3125 5722 iu
3152 5670 3322 5723 nam.
