4134 6436
404 295 537 352 “57

1182 303 1264 356 DE
1304 304 1390 358 ΕΟ
1429 305 1618 372 QUOD
1658 307 1832 363 DEUS
1876 309 2106 369 PATER
2149 313 2658 371 lNCORPOliALlS
2699 321 2850 376 EST.

3516 321 3654 375 H58

398 422 456 466 et
492 424 712 481 argento
740 424 792 468 et
819 415 1092 485 iapidibus
1123 428 1177 471 et
1208 420 1505 486 parietibus
1543 430 1595 474 ct
1624 424 1888 491 theatris;
1927 430 1968 482 si
2002 436 2046 491 Α
2076 445 2180 498 que
2212 441 2355 484 terra
2383 433 2603 502 jur-gans
2634 442 2836 487 natura:
2868 431 3422 504 atacrttatejurgavit,
3454 441 3545 491 sed
3571 439 3652 492 lex

397 523 497 575 ego
525 509 574 560 in
604 523 764 576 parva
788 509 916 561 hora
955 522 1007 561 et
1035 509 1134 562 hoc
1177 512 1366 579 pigens
1395 512 1606 581 loquor,
1633 526 1849 584 propter
1873 518 1972 571 mi-

398 599 722 652 serationem
783 610 960 654 autem
992 617 1306 656 commoneo
1339 621 1351 656 :
1387 606 1510 672 quia
1562 622 1682 676 qua:
1736 610 1904 676 vides,
1940 627 1972 664 o

401 694 580 754 homo,
614 702 665 745 et
700 694 872 746 oculis
931 703 984 747 et
1036 709 1194 748 sensu
1252 710 1358 749 non
1423 697 1672 764 intueris,
1736 701 1802 754 ad
1860 704 1973 758 haec

399 783 668 837 irasceris.
698 783 752 837 Si
789 785 871 837 dei
899 795 1042 848 sunt,
1076 787 1300 841 adulteri
1330 804 1434 841 non
1457 800 1614 859 sunt;
1649 793 1693 846 si
1719 795 1971 861 adulteri,

399 890 503 927 non
548 884 669 928 sunt
697 876 787 930 dii.
807 876 861 929 Si
892 887 1070 932 autem
1099 880 1281 933 volunt
1311 880 1510 935 habere
1529 884 1800 941 adulteros
1818 889 1969 952 deos,

399 980 497 1018 nos
527 966 741 1032 quidem
781 968 859 1021 eis
891 983 995 1022 non
1036 969 1436 1035 maledicimus;
1473 975 1580 1027 sint
1612 986 1790 1032 autem
1827 990 1885 1034 ut
1919 982 1970 1035 hi

395 1057 486 1124 qui
512 1057 802 1111 adorantur
829 1061 895 1113 ab
922 1061 1046 1115 illis.
1093 1060 1304 1116 Primus
1332 1064 1542 1119 illorum
1575 1067 1716 1124 deus
1750 1087 1854 1126 non
1889 1083 1973 1128 est

395 1145 620 1200 satiatus
640 1149 879 1214 libidine,
908 1152 957 1204 in
987 1152 1142 1220 coelo,
1167 1163 1223 1207 ut
1246 1155 1344 1224 ipsi
1371 1157 1552 1211 volunt
1575 1177 1715 1230 szepe
1739 1179 1858 1218 cum
1877 1182 1971 1221 sua

393 1239 620 1308 conjuge
647 1256 810 1310 agens
848 1259 860 1294 :
900 1245 1071 1299 sicubi
1098 1248 1240 1300 enim
1268 1263 1390 1303 cum
1439 1251 1540 1305 alia
1581 1253 1834 1311 inventus
1867 1269 1970 1324 est,

393 1332 576 1384 statim
605 1348 632 1385 a
661 1349 755 1386 sua
782 1334 930 1389 zelus
960 1352 1220 1393 accensus
1250 1350 1332 1394 est
1361 1360 1374 1394 :
1401 1358 1507 1397 non
1532 1347 1674 1400 enim
1717 1351 1970 1404 credebat

394 1426 494 1481 deo
524 1428 620 1481 dea
663 1429 801 1483 male
822 1431 888 1484 de
911 1445 976 1485 eo
1005 1444 1274 1501 suspecta.
1309 1435 1364 1489 Si
1394 1440 1535 1491 enim
1575 1452 1630 1494 et
1671 1458 1700 1496 a
1727 1449 1971 1501 mortali-

392 1517 491 1570 bus
520 1533 578 1572 se
609 1534 711 1572 non
749 1521 1082 1586 continebat,
1135 1529 1407 1594 quomodo
1460 1531 1561 1584 iste
1596 1549 1623 1586 a
1661 1536 1973 1594 coelestibus

393 1616 450 1658 ttt
483 1608 668 1660 volunt
694 1610 962 1662 cessavit?
985 1611 1087 1664 Sed
1111 1615 1386 1669 concedite
1410 1616 1603 1686 linguae
1630 1639 1641 1672 :
1666 1636 1806 1676 nttnc
1827 1625 1970 1678 enim

391 1715 582 1754 aurum
613 1711 694 1755 est
745 1703 796 1756 in
845 1703 995 1757 sinus
1045 1704 1308 1772 virginum
1362 1709 1595 1778 liquens,
1654 1722 1713 1765 ut
1756 1713 1962 1768 furetur

2077 524 2378 576 communis
2416 523 2620 576 Domini
2655 533 2737 576 est
2773 523 2945 592 posita
2973 523 3107 577 fines
3131 526 3343 590 aeterni,
3373 538 3428 580 et
3455 529 3505 582 in
3533 539 3654 582 tan-

2078 614 2144 667 tis
2167 615 2378 668 sacculis
2407 616 2602 682 digitus
2629 616 2841 670 additus
2864 632 2968 670 non
3000 627 3102 682 est,
3138 617 3456 674 ﬂuminibus
3486 621 3654 674 tantis

2075 711 2129 755 et
2160 702 2397 758 fontibus
2446 706 2497 757 in
2532 707 2695 759 maris
2740 705 2948 760 sinibus
2983 707 3408 764 incurrentibus.
3465 709 3657 765 Flante

2076 803 2232 849 vento
2282 806 2575 864 pascuntur
2633 797 2851 852 flatibus
2904 813 3088 865 naves,
3135 799 3200 852 ad
3233 800 3430 854 caalum
3481 816 3656 870 usque

2079 885 2355 941 tolluntur.
2394 887 2460 941 Et
2489 889 2611 957 quis
2635 904 3020 958 nonnunquam
3048 891 3416 958 pertransiens
3449 893 3652 955 timuit,

2077 992 2143 1032 ne
2166 990 2222 1031 ut
2253 979 2512 1043 minatur,
2551 981 2621 1033 ita
2646 980 2871 1034 effusum
2904 982 3327 1050 comprehendat
3347 984 3654 1036 astantem?

2076 1067 2469 1138 Nonnunquam
2507 1073 2648 1126 enim
2693 1083 2746 1126 et
2784 1072 3076 1126 declinavit
3105 1088 3272 1137 mare,
3305 1074 3450 1126 venit
3485 1074 3573 1126 ubi
3601 1075 3650 1126 ei

2076 1170 2332 1216 statutum
2369 1172 2472 1226 est,
2536 1163 2889 1235 legislatorem
2941 1175 2996 1219 et
3045 1173 3366 1219 statutorem
3409 1165 3530 1219 finis
3580 1165 3651 1219 ti-

2076 1268 2258 1318 mens;
2289 1264 2340 1308 et
2365 1253 2617 1322 frangens
2648 1256 2839 1309 fluctus
2862 1256 2928 1308 ad
2950 1256 3121 1322 littus,
3149 1257 3385 1311 ostendit
3413 1257 3653 1311 invisibi-

2076 1345 2176 1398 lem
2208 1362 2301 1414 per
2328 1361 2389 1400 ea
2417 1363 2534 1415 quae
2561 1349 2829 1404 videntur.
2863 1350 2968 1402 Ista
3004 1350 3158 1403 decet
3185 1349 3232 1401 ei
3264 1349 3498 1412 cithara,
3532 1363 3652 1418 qua:

2080 1429 2132 1482 in
2159 1429 2424 1484 frontibus
2458 1430 2735 1484 hominum
2768 1432 3080 1486 harmonias
3111 1433 3389 1496 describit,
3434 1432 3522 1485 ubi
3553 1433 3650 1487 de-

2080 1517 2240 1572 beant
2271 1533 2390 1573 esse
2412 1521 2572 1584 oculi,
2604 1532 2657 1576 et
2688 1522 2814 1590 quid
2851 1522 2992 1576 circa
3030 1523 3206 1592 ipsos;
3243 1523 3329 1577 ubi
3363 1524 3570 1587 dentes,
3596 1530 3650 1576 et

2081 1611 2300 1678 quanti;
2350 1611 2435 1664 ubi
2468 1627 2651 1677 aures,
2698 1623 2750 1666 et
2787 1625 2916 1682 quot
2945 1623 3000 1668 et
3029 1614 3094 1667 ad
3123 1615 3285 1684 quid;
3321 1615 3406 1668 ubi
3444 1615 3646 1685 lingua,

2081 1712 2135 1754 et
2167 1704 2232 1755 ad
2260 1704 2420 1771 quid;
2453 1704 2574 1772 quis
2606 1720 2732 1758 usus
2758 1712 2840 1758 est
2873 1705 3150 1760 oculorum
3178 1723 3193 1770 ;
3228 1707 3314 1759 ubi
3345 1723 3570 1775 ungues,
3596 1719 3650 1761 et

389 1792 506 1861 ejus
530 1792 894 1861 virginitatem
935 1815 946 1848 :
981 1795 1118 1848 forte
1147 1804 1321 1850 autem
1361 1809 1414 1850 et
1452 1800 1585 1853 bene
1623 1799 1872 1870 liquescit
1901 1804 1966 1857 li-
2001 1781 2043 1834 Β
2071 1795 2138 1847 ad
2175 1807 2432 1863 (Ιυθηιιηη
2459 1812 2472 1860 ;
2508 1798 2594 1849 "bi
2623 1797 2823 1862 capilli.
2853 1807 2906 1850 ει
2929 1798 3015 1850 Ubi
3037 1813 3139 1850 ιιοη
3166 1798 3340 1865 capilli
3367 1815 3380 1860 ς
3409 1799 3536 1866 (Ιιιίά
3568 1800 3648 1853 in-

388 1881 514 1936 bido
546 1885 824 1950 dissoluta,
876 1887 919 1939 si
959 1896 1140 1943 taurus
1184 1891 1316 1943 deus
1353 1890 1586 1957 illorum,
1621 1894 1710 1963 qui
1748 1906 1962 1951 nonest

388 1974 471 2026 dei
495 1977 798 2046 progenies,
829 1976 1022 2031 fabula:
1068 1994 1131 2032 ex
1165 1981 1325 2035 corde
1376 1982 1686 2050 figmentum
1735 1988 1960 2041 mendax

389 2075 578 2118 natura
613 2075 796 2119 taurus
821 2076 937 2132 est;
965 2077 1020 2121 et
1069 2069 1194 2138 quid
1226 2081 1384 2138 putas
1415 2073 1497 2126 vir
1535 2085 1589 2128 et
1621 2084 1808 2130 taurus
1839 2094 1960 2146 por-

386 2164 508 2209 tans
535 2158 792 2226 virginem
825 2157 1062 2214 libidinis
1087 2176 1296 2224 servus,
1325 2167 1778 2233 concupiscentia
1805 2170 1960 2221 mini-

385 2254 518 2311 ster,
573 2249 623 2300 in
659 2249 796 2302 collo
851 2251 999 2317 virgo
1056 2265 1178 2304 eum
1239 2253 1460 2308 libidine
1503 2255 1956 2324 domina?Quam

384 2341 528 2391 enim
558 2340 780 2405 figuram
836 2342 1163 2406 intermisit,
1221 2349 1433 2412 quando
1483 2348 1687 2415 quievit
1740 2367 1809 2404 ne
1859 2353 1959 2404 im-

384 2438 687 2482 mutaretur
726 2446 947 2500 cygnus,
980 2440 1186 2495 taurus,
1217 2435 1417 2503 aquila,
1448 2438 1675 2490 aurum?
1709 2448 1800 2492 aut
1829 2456 1958 2493 con-

385 2516 561 2570 tinens
603 2517 775 2571 factus
800 2529 884 2572 est
931 2520 1108 2574 nunc?
1145 2520 1322 2576 Multis
1349 2527 1490 2576 enim
1518 2523 1629 2589 jam
1666 2528 1822 2582 annis
1853 2545 1955 2582 non

382 2616 467 2660 est
494 2606 668 2661 factus
693 2609 890 2678 aquila,
919 2619 972 2664 et
993 2620 1139 2664 certe
1179 2627 1282 2665 non
1310 2614 1464 2682 pauci
1496 2613 1585 2666 lilii
1613 2627 1662 2669 et
1693 2618 1813 2671 boui
1845 2620 1955 2673 nati

383 2706 510 2751 sunt
544 2701 594 2751 in
630 2700 867 2753 deserto.
903 2700 1064 2756 Putas
1096 2704 1274 2756 senuit
1300 2712 1353 2756 et
1380 2707 1808 2773 concupiscentia
1842 2725 1957 2764 ces-

381 2789 540 2854 savit,
569 2799 661 2842 aut
695 2793 1059 2859 paenitentiam
1090 2794 1324 2848 libidinis
1363 2793 1570 2860 habuit,
1617 2807 1670 2850 et
1720 2816 1860 2853 nunc
1899 2817 1957 2856 se

381 2880 490 2949 jam
517 2883 792 2936 continet?
815 2882 930 2936 Jam
961 2885 1101 2938 enim
1135 2902 1239 2940 non
1271 2887 1410 2956 rapit
1438 2902 1683 2956 puerum.
1718 2890 1955 2945 Confun-

382 2973 482 3026 dor
519 2983 574 3027 et
608 2975 784 3028 dicere
819 2977 918 3029 sub
949 2990 1049 3044 qua
1079 2979 1362 3031 occasione
1398 2995 1502 3033 non
1534 2982 1820 3036 suffecerat
1869 3003 1956 3039 so-

384 3079 473 3118 ror
495 3066 712 3134 conjux,
757 3070 1122 3137 cooperatrix,
1157 3086 1221 3123 cx
1267 3087 1369 3140 qua
1406 3077 1513 3127 nati
1549 3086 1671 3127 sunt
1711 3076 1950 3144 plurimi,

2071 1883 2356 1947 trinseCus,
2395 1886 2520 1953 quid
2554 1887 2947 1954 constringere,
2999 1886 3122 1952 quid
3177 1886 3470 1950 involvere,
3515 1890 3643 1956 quid

2068 1975 2268 2038 velare,
2295 1976 2419 2044 quid
2445 1975 2650 2042 jacere,
2691 1987 2743 2029 et
2772 1978 2833 2029 ad
2866 1977 2994 2044 quid
3029 1976 3190 2042 utile;
3223 1979 3342 2046 quis
3373 1979 3649 2050 suscipere

2066 2078 2223 2117 escas
2259 2076 2312 2118 et
2342 2065 2616 2129 dividere;
2647 2075 2874 2132 quantas
2901 2081 3183 2120 mensuras
3219 2068 3414 2120 debeat
3449 2071 3649 2122 habere

2067 2155 2238 2218 cibus,
2271 2165 2324 2208 et
2347 2166 2605 2224 quantum
2638 2156 2782 2209 intus
2805 2157 2996 2210 debeat
3026 2171 3368 2224 permanere,
3395 2167 3447 2211 et
3474 2175 3649 2228 quan-

2066 2246 2134 2298 do
2165 2245 2358 2298 debeat
2387 2260 2638 2313 purgare,
2665 2255 2718 2298 et
2760 2246 2804 2298 si
2839 2245 3118 2301 transierit
3171 2249 3381 2312 horam,
3412 2249 3648 2304 ostendit

2069 2349 2292 2388 noxam.
2347 2334 2452 2387 lsta
2509 2335 2623 2405 lyra
2677 2335 2830 2389 decet
2884 2335 2991 2390 Deo
3048 2337 3346 2403 composita
3403 2338 3647 2394 melodiis

2067 2423 2428 2475 membrorum
2461 2439 2474 2473 :
2507 2423 2668 2477 habet
2693 2424 2835 2478 enim
2859 2439 3053 2479 nervos
3080 2435 3133 2480 et
3157 2428 3351 2481 cordas
3376 2427 3427 2480 in
3450 2429 3646 2497 quibus

2064 2525 2120 2568 et
2147 2529 2208 2568 os
2239 2516 2306 2568 ad
2342 2529 2524 2569 ossum
2550 2524 2658 2579 est,
2690 2525 2744 2569 et
2773 2517 2980 2570 viscera
3023 2517 3090 2571 ad
3121 2517 3349 2582 viscera,
3396 2530 3450 2574 et
3483 2535 3647 2574 mem-

2065 2608 2158 2661 bra
2197 2609 2264 2660 ad
2296 2609 2564 2673 membra,
2594 2623 2689 2676 per
2718 2624 2836 2677 qua:
2871 2609 3214 2679 deponuntur
3251 2623 3303 2667 et
3327 2613 3646 2681 aperiuntur

2065 2716 2256 2754 manus
2287 2719 2299 2754 :
2340 2715 2435 2769 per
2471 2716 2590 2769 qua:
2628 2700 2939 2764 flectuntur,
2982 2712 3038 2755 et
3073 2701 3266 2756 iterum
3297 2705 3526 2758 redeunt
3552 2721 3646 2774 pe—

2063 2791 2190 2854 des;
2218 2792 2545 2845 clauduntur
2572 2793 2714 2847 oculi
2745 2793 2808 2845 ad
2846 2794 3218 2858 refectionem,
3245 2807 3301 2850 et
3335 2798 3528 2851 iterum
3559 2811 3644 2852 re-

2063 2893 2322 2937 vocantur
2349 2885 2413 2936 ad
2433 2901 2586 2953 opus.
2623 2886 2687 2938 Et
2717 2887 2838 2954 quis
2863 2887 3060 2954 poterit
3090 2887 3439 2943 dinumerare
3466 2905 3644 2959 quan-

2065 2981 2131 3025 tze
2159 2973 2456 3028 iStinsmodi
2485 2989 2700 3042 semper
2724 2975 3098 3043 percutiuntur
3133 2977 3284 3047 lyrae,
3321 2995 3427 3032 non
3460 2979 3510 3033 in
3536 2997 3643 3034 uno

2065 3073 2272 3118 tantum
2306 3065 2547 3127 homine,
2591 3080 2690 3119 nec
2723 3066 2774 3118 in
2805 3066 3115 3122 hominibus
3154 3067 3304 3134 solis,
3351 3070 3442 3124 sed
3485 3079 3544 3124 et
3589 3074 3642 3125 in

379 3157 473 3210 sed
503 3159 611 3226 jam
647 3174 787 3211 uttnc
820 3176 924 3212 non
959 3172 1273 3214 nascuntur.
1302 3161 1598 3221 Consenuit
1624 3179 1802 3221 autem
1827 3184 1951 3221 con-

2063 3157 2204 3209 omni
2237 3156 2500 3209 animali?
2529 3157 2779 3210 omnibus
2811 3159 2956 3211 enim
2988 3174 3272 3223 mensurae,
3299 3170 3506 3229 aetates,
3538 3177 3648 3216 ma-

373 3246 604 3316 jugium,
635 3263 730 3300 cur
753 3247 864 3314 jam
893 3265 992 3302 non
1031 3251 1286 3316 pariunt?
1314 3253 1421 3306 Sed
1466 3269 1570 3307 non
1608 3256 1820 3310 suffecit
1843 3259 1954 3323 illa,

379 3337 510 3391 abiit
539 3339 603 3390 ad
635 3338 890 3391 mortales
923 3358 934 3392 :
969 3339 1178 3392 suffecit
1209 3357 1310 3394 non
1339 3346 1575 3397 secunda
1619 3348 1806 3399 eodem
1844 3365 1956 3401 mo-

384 3442 473 3492 re;
510 3425 836 3481 multiforme
866 3432 1009 3481 enim
1064 3440 1146 3483 est
1200 3431 1420 3486 malum.
1470 3432 1584 3485 Non
1636 3435 1956 3489 suffecerant

380 3517 634 3569 mortales
665 3531 679 3568 :
711 3518 775 3569 ad
808 3519 1074 3572 masculos
1099 3521 1363 3573 convertit
1396 3521 1688 3575 libidinem.
1717 3524 1951 3593 Opoeta,

376 3622 513 3676 quos
546 3607 916 3661 irridebimus?
945 3610 1112 3678 magis
1141 3620 1316 3664 autem
1343 3627 1480 3680 quos
1508 3613 1954 3670 lamentabimus?

376 3714 469 3752 eos
529 3699 617 3767 qui
650 3699 1004 3767 scripserunt,
1035 3713 1124 3753 aut
1151 3716 1244 3755 eos
1285 3705 1372 3771 qui
1411 3720 1552 3758 mine
1582 3720 1754 3774 usque
1804 3708 1952 3761 illum

376 3790 466 3859 qui
515 3791 566 3842 in
607 3791 822 3844 dextera
862 3801 1037 3858 portat
1075 3793 1333 3860 aquilam,
1365 3794 1650 3850 adorantes
1689 3809 1742 3849 et
1785 3799 1957 3866 respi-

377 3883 603 3946 cientes,
633 3892 724 3936 aut
751 3882 988 3936 colentes
1019 3884 1178 3936 sunt?
1203 3883 1308 3938 Sed
1341 3895 1495 3953 putas
1528 3889 1651 3957 quia
1684 3891 1783 3942 iste
1809 3892 1952 3945 solus

377 3975 580 4027 exstitit
604 3974 767 4027 talis?
797 3989 972 4027 nonne
995 3984 1049 4027 et
1079 3975 1363 4030 citharista
1405 3980 1490 4031 ille
1517 3978 1814 4034 honestus?
1847 3982 1952 4051 pri-

377 4079 465 4117 mo
497 4065 714 4134 quidem
746 4081 841 4118 cur
870 4065 1177 4119 citharistas
1205 4068 1335 4121 deos
1364 4084 1648 4137 ponamus,
1681 4071 1804 4139 quia
1851 4072 1950 4125 ista

376 4154 527 4209 decet
559 4157 835 4209 harmonia
868 4158 1105 4211 decora?
1145 4159 1247 4211 ista
1293 4161 1437 4214 enim
1476 4171 1559 4215 est
1610 4163 1698 4215 illa
1743 4163 1796 4216 in
1842 4179 1946 4233 qua

376 4246 639 4316 Olympias
667 4263 680 4299 :
709 4246 987 4300 harmonia
1014 4259 1192 4301 autem
1220 4249 1304 4303 illa
1335 4259 1418 4303 est
1446 4266 1587 4314 vera,
1623 4253 1675 4306 in
1707 4269 1811 4322 qua
1842 4268 1950 4309 coe-

376 4338 484 4390 lum
526 4347 627 4402 est,
671 4347 724 4392 et
762 4347 904 4392 terra
938 4349 1020 4393 est
1053 4341 1246 4408 posita,
1292 4357 1441 4396 mare
1474 4345 1706 4412 adjacct,
1755 4354 1811 4399 et
1856 4361 1951 4401 aer

376 4439 457 4483 est
484 4432 838 4500 compositus,
868 4440 921 4484 et
961 4435 1261 4500 percutitur
1299 4437 1608 4491 consensio.
1656 4436 1774 4492 Non
1803 4439 1945 4494 enim

375 4521 522 4590 pellit
550 4537 700 4576 mare
734 4532 931 4576 terram
980 4531 1202 4593 propter
1233 4525 1573 4580 harmoniam
1618 4543 1632 4579 :
1681 4543 1786 4582 non
1837 4545 1942 4585 nox

376 4617 479 4671 diei
509 4617 634 4669 facit
656 4619 781 4680 vim,
809 4633 912 4671 non
940 4618 1255 4686 permittunt
1276 4621 1419 4673 enim
1453 4620 1593 4675 illius
1626 4621 1940 4677 harmonim.

376 4709 583 4772 Dicitis,
611 4710 800 4762 ctelum
826 4711 1090 4763 consentit
1115 4712 1198 4765 his
1219 4727 1335 4780 qum
1352 4712 1601 4768 deorsum
1632 4724 1776 4770 sunt.
1804 4716 1944 4769 Tan-

378 4808 486 4852 tum
518 4800 657 4852 enim
688 4798 912 4866 praebuit
942 4799 993 4852 in
1021 4814 1084 4853 eo
1117 4801 1195 4854 sol
1227 4802 1454 4869 positus,
1500 4814 1760 4871 quantum
1800 4815 1944 4860 esset

378 4891 504 4944 utile
526 4892 735 4960 parari;
762 4901 816 4944 et
845 4899 1049 4943 tantum
1080 4893 1344 4958 accendit,
1372 4905 1634 4961 quantum
1661 4905 1778 4950 erat
1810 4912 1941 4951 con-

377 4983 632 5046 veniens;
665 4993 718 5038 et
748 4984 920 5052 pergit
953 4991 1006 5036 et
1040 4982 1198 5045 redit,
1244 4994 1303 5036 ut
1333 5001 1507 5054 neque
1543 4987 1826 5042 abundans
1857 4989 1941 5042 in-

377 5074 620 5126 cendium
642 5082 892 5128 exureret
923 5074 1138 5140 omnia;
1171 5089 1340 5141 neque
1371 5077 1563 5129 iterum
1589 5078 1635 5131 si
1664 5088 1944 5132 transcen-

375 5165 543 5227 deret,
586 5161 781 5232 frigore
821 5164 1058 5232 pcrirent
1101 5163 1374 5218 universa.
1413 5165 1515 5220 Sed
1541 5177 1596 5222 et
1627 5183 1944 5225 communes

377 5253 669 5306 harmonia:
703 5261 757 5306 et
783 5253 1026 5321 partibus
1057 5254 1262 5318 divisae,
1292 5256 1431 5308 sicut
1458 5257 1605 5310 brevi
1638 5258 1804 5311 silura
1831 5275 1944 5312 ma-

373 5342 487 5411 jora
534 5344 766 5408 cuidam,
817 5345 934 5397 alia:
982 5344 1128 5398 siluri
1161 5360 1360 5398 canore
1389 5347 1755 5401 consentiens.
1799 5348 1944 5402 Istud

377 5449 524 5487 mare
553 5449 804 5504 maguum
853 5445 905 5489 et
962 5438 1277 5503 spatiosum,
1320 5437 1470 5505 cujus
1512 5434 1702 5489 fluctus
1739 5437 1940 5490 ecelum

376 5526 608 5594 pulsant,
651 5535 808 5580 terra:
838 5527 1096 5580 terminos
1123 5540 1230 5580 non
1261 5528 1667 5580 transcendunt.
1710 5525 1813 5579 Sed
1851 5542 1936 5579 ne-

447 5660 557 5731 (65)
590 5660 683 5718 Ms.
715 5661 940 5715 Oranus.
976 5659 1082 5714 Vox
1111 5660 1292 5717 Graeca
1321 5664 1565 5734 o-Dpatvdg,
1591 5663 1779 5718 Latine
1805 5664 1936 5718 scri-

376 5742 485 5797 pta.

2061 3243 2389 3312 gnitudines,
2439 3246 2706 3310 dentium,
2745 3261 3030 3312 cornuum,
3077 3249 3402 3316 quibusdam
3448 3261 3641 3306 etnon

2060 3343 2185 3387 sunt
2213 3349 2431 3387 cornua.
2467 3335 2601 3387 Aliis
2650 3336 2745 3401 pili
2785 3346 2932 3401 sunt,
2976 3345 3030 3389 et
3085 3335 3382 3404 cujusmodi
3437 3338 3639 3408 capilli,

2060 3441 2264 3494 ungues
2298 3437 2351 3478 et
2383 3425 2685 3494 cujusmodi
2728 3439 2957 3495 ungues,
3002 3444 3193 3497 pennae
3223 3439 3277 3483 et
3306 3431 3500 3484 iterum
3534 3446 3640 3487 non

2066 3532 2274 3585 pennze,
2308 3528 2362 3571 et
2401 3519 2452 3572 in
2489 3519 2664 3586 aquis,
2686 3528 2740 3573 et
2768 3520 2818 3573 in
2855 3536 2997 3585 acre,
3027 3531 3080 3574 et
3111 3522 3161 3575 in
3200 3523 3358 3586 mari,
3383 3523 3512 3576 etin
3542 3526 3641 3577 flu-

2059 3608 2186 3670 viis,
2241 3616 2293 3660 et
2333 3608 2383 3661 in
2426 3607 2684 3672 fontibus,
2742 3619 2796 3662 et
2833 3609 3244 3666 innumerabilia
3295 3628 3414 3680 qua:
3448 3628 3640 3669 exsur-

2056 3707 2206 3766 gunt,
2239 3712 2342 3750 una
2374 3707 2552 3751 tamen
2582 3707 2664 3751 est
2693 3699 2992 3753 harmonia.
3016 3698 3150 3753 Cum
3181 3701 3326 3754 enim
3368 3717 3518 3756 suam
3548 3719 3639 3758 ac-

2056 3790 2298 3843 cenderit
2332 3791 2629 3854 lucernam,
2679 3805 2800 3844 cum
2850 3807 3004 3845 suum
3036 3793 3240 3847 scilicet
3283 3795 3487 3849 oraviis
3519 3796 3638 3868 (65)

2057 3880 2215 3934 fuerit
2250 3882 2444 3946 solem,
2479 3898 2600 3936 cum
2631 3898 2659 3935 a
2691 3884 2885 3938 finibus
2908 3885 3133 3939 orientis
3163 3886 3323 3940 simul
3370 3887 3438 3943 ad
3478 3904 3637 3944 occa-

2055 3985 2173 4024 sum
2227 3975 2589 4028 transmiserit
2638 3975 2853 4042 lumen;
2913 3991 3075 4031 omne
3122 3988 3368 4033 movetur
3411 3982 3633 4047 animal,

2055 4064 2472 4133 unumquodque
2514 4065 2577 4117 ad
2608 4066 2750 4134 quod
2780 4067 2828 4120 ei
2858 4075 3046 4121 natura
3077 4078 3181 4122 est.
3218 4069 3282 4122 Et
3306 4085 3485 4126 mensa
3513 4075 3635 4142 qui-

2054 4151 2173 4204 dem
2206 4153 2507 4206 communis
2536 4164 2617 4207 est
2647 4154 2824 4223 plena,
2868 4165 2923 4208 et
2961 4156 3104 4208 aliud
3133 4156 3332 4209 animal
3372 4157 3438 4210 ad
3471 4158 3632 4212 aliam

2053 4252 2303 4312 preperat
2329 4259 2530 4308 escam,
2558 4245 2700 4299 aliud
2731 4246 2860 4301 alibi
2887 4247 3122 4309 devitat;
3153 4258 3205 4302 et
3233 4263 3354 4317 qum
3381 4249 3488 4303 illis
3526 4251 3634 4303 uti-

2052 4333 2121 4388 lia
2161 4350 2266 4388 non
2287 4345 2432 4400 sunt,
2473 4337 2594 4390 aliis
2651 4336 3026 4392 convenientia
3082 4337 3370 4392 habentur.
3418 4337 3633 4392 Eiciunt

2053 4425 2163 4495 (66)
2187 4427 2575 4483 irrationabilia
2617 4445 2715 4498 per
2758 4431 3056 4484 istiusmodi
3091 4431 3426 4483 harmoniam
3463 4431 3633 4484 addu—

2051 4531 2158 4586 cta,
2199 4523 2323 4590 quis
2357 4522 2472 4592 (67)
2501 4523 2695 4577 debeat
2722 4531 2960 4591 gustare,
2991 4531 3042 4575 et
3069 4535 3188 4590 quae
3221 4521 3411 4575 debeat
3433 4521 3628 4587 vitare,

2050 4625 2101 4670 et
2134 4631 2254 4668 cum
2295 4615 2487 4682 quibus
2517 4614 2851 4670 conversari.
2881 4611 2986 4666 Ista
3019 4612 3218 4667 decens
3262 4613 3372 4668 Deo
3416 4613 3630 4668 harmo-

2052 4716 2139 4768 nia
2170 4723 2274 4776 est,
2304 4727 2398 4780 per
2425 4728 2586 4780 quam
2616 4711 2697 4764 sol
2730 4720 2964 4764 statutus
2988 4711 3055 4762 ad
3085 4724 3302 4763 cursum
3332 4717 3436 4776 est,
3467 4719 3522 4764 et
3544 4710 3629 4764 lu-

2053 4821 2120 4859 na
2157 4806 2222 4858 ad
2248 4805 2622 4867 crescendum,
2650 4814 2705 4859 et
2730 4802 2898 4857 stella:
2928 4806 2994 4855 ad
3023 4801 3216 4870 spatia.
3253 4800 3415 4855 Istam
3438 4817 3630 4870 percu-

2052 4901 2116 4950 tit
2147 4911 2242 4965 per
2264 4896 2377 4949 dies
2407 4905 2457 4948 et
2489 4906 2692 4956 noetes,
2723 4892 2990 4962 siquidem
3018 4901 3072 4946 et
3096 4890 3425 4948 dormientes
3447 4902 3626 4961 auget,

2048 4995 2103 5038 et
2157 4983 2512 5039 efﬁcientibus
2548 4984 2753 5038 otiosus
2808 4997 2912 5036 non
2957 4990 3062 5036 est.
3117 4981 3184 5035 Et
3230 4982 3370 5037 Deus
3408 4983 3625 5051 quidem

2049 5076 2205 5130 istam
2231 5075 2346 5129 sine
2371 5075 2552 5144 digitis
2575 5083 2627 5128 et
2652 5074 2837 5128 labore
2869 5073 3102 5144 percutit
3127 5073 3461 5128 harmoniam
3491 5092 3504 5128 :
3533 5073 3623 5129 ille

2048 5178 2224 5220 autem
2275 5167 2364 5236 qui
2395 5167 2550 5220 fictus
2583 5174 2638 5219 et
2664 5177 2769 5218 non
2805 5165 2938 5220 deus
2964 5174 3066 5230 est,
3099 5165 3296 5234 accipit
3336 5165 3621 5235 virginem.

2048 5256 2092 5311 Ο
2123 5255 2399 5324 injuriam!
2440 5255 2602 5325 Virgo
2629 5258 2697 5309 ob
2730 5255 3040 5326 pudicitiam
3071 5254 3205 5324 fugit
3235 5266 3250 5308 :
3279 5256 3408 5309 deus
3439 5266 3622 5310 autem

2048 5348 2138 5415 qui
2169 5347 2387 5411 dicitur,
2421 5347 2490 5401 ob
2518 5360 2756 5401 amorem
2795 5346 3032 5400 libidinis
3062 5346 3386 5414 insequitur,
3427 5356 3482 5399 et
3515 5361 3621 5400 non

2051 5440 2474 5508 comprehendit.
2509 5439 2815 5494 Velociores
2841 5440 2984 5493 enim
3027 5437 3190 5506 pedes
3219 5435 3371 5492 fuere
3396 5439 3622 5508 virginis

2053 5528 2325 5598 pudicitia:
2366 5543 2460 5595 per
2489 5527 2842 5592 voluntatem,
2869 5541 3030 5596 quam
3069 5525 3160 5582 ille
3198 5527 3287 5597 qui
3326 5541 3355 5580 a
3403 5527 3623 5584 libidine

2120 5663 2231 5733 (66)
2267 5663 2496 5733 Eiciunt.
2525 5665 2704 5726 Forte,
2724 5674 2769 5716 et
2792 5663 2980 5717 sciunt.

2118 5731 2230 5806 (67)
2263 5731 2417 5801 Quis.
2454 5735 2615 5791 Forte
2643 5752 2780 5807 qua’,
2812 5734 2891 5790 vel
2917 5733 3062 5805 quid.
