4134 6426
469 388 610 458 usa

1145 378 1407 433 EUSEBII
1449 377 1925 430 CESARIENSIS
1965 375 2114 429 OPP.
2153 343 2329 428 PARS
2368 374 2544 427 IV.———
2574 372 2994 428 DOGMATICA.

3583 373 3723 428 “60

464 506 757 561 dissolutus
783 487 884 558 est.
948 470 1051 567 Ὀιιὶ
1080 502 1317 555 ambulat
1349 501 1573 562 sensim,
1603 500 1692 567 qui
1724 513 1916 568 passus
1944 513 2030 550 se-
2068 514 2110 563 Α
2145 497 2554 551 fornicationem
2595 494 2705 564 (68)
2736 496 3034 548 insecutam
3068 493 3308 563 quidem,
3343 509 3446 549 non
3472 509 3720 565 compre-

459 598 656 667 jungit,
699 599 800 652 iste
835 610 976 649 nunc
1007 594 1267 648 festinans
1299 608 1402 646 non
1435 592 1844 659 comprehendit
1875 591 2036 658 virgi-

467 704 587 742 nem
617 704 631 743 :
660 687 821 755 pedes
851 685 996 739 enim
1037 698 1068 737 a
1124 683 1344 737 libidine
1395 683 1661 746 dissoluti,
1695 697 1795 736 uec
1854 684 2040 735 molles

464 778 689 848 virginis
721 791 914 844 passus
951 774 1412 844 comprehendere
1461 782 1774 844 potuerunt,
1806 773 1899 825 sed
1943 787 2037 841 pa-

465 886 583 926 rum
633 869 763 938 quid
806 879 860 922 et
906 869 1192 938 pervenit:
1225 868 1346 921 talis
1385 882 1572 936 eorum
1614 868 1768 930 deus,
1811 877 1864 921 ct
1907 870 2039 920 liene

467 962 928 1026 comprehendens
966 969 1049 1014 est
1095 961 1345 1014 columba
1391 962 1458 1016 ab
1500 961 1758 1029 accipitre
1788 961 2035 1014 musico:

465 1053 559 1108 sed
595 1064 760 1115 terra,
787 1053 981 1121 inquit,
1015 1054 1259 1117 miserta,
1291 1053 1576 1107 humanior
1605 1054 1697 1106 tali
1726 1068 1911 1105 eorum
1941 1054 2041 1107 deo

465 1148 604 1212 visa,
638 1145 915 1200 transtulit
937 1159 1056 1197 eam
1097 1143 1161 1197 ad
1196 1144 1426 1199 laurum.
1461 1143 1527 1197 Et
1550 1143 1690 1198 forte
1719 1143 1908 1196 maluit
1936 1143 2044 1195 vir-

463 1257 532 1307 go
566 1240 768 1310 lignum
808 1240 944 1302 ﬁeri,
983 1253 1143 1308 quam
1185 1256 1213 1292 a
1263 1240 1355 1293 tali
1388 1253 1575 1294 eorum
1606 1238 1706 1292 deo
1745 1237 2040 1303 corrumpi.

464 1333 559 1388 Ille
587 1343 770 1386 autem
801 1332 894 1400 qui
927 1339 1122 1399 prmter
1155 1346 1302 1400 spem
1333 1347 1361 1384 a
1399 1331 1492 1384 tali
1520 1331 1805 1384 venatione
1835 1330 2045 1383 decide-

465 1433 572 1487 rat,
598 1422 786 1478 videns
821 1423 1084 1492 virginem
1114 1423 1168 1476 in
1198 1422 1448 1475 arborem
1476 1435 1821 1484 conversam,
1873 1433 2044 1486 neque

464 1513 819 1570 conversione
871 1515 1129 1569 confusus
1168 1525 1271 1579 est,
1326 1529 1501 1584 neque
1535 1515 1794 1568 translata
1851 1525 2045 1567 natura

467 1603 738 1659 transtulit
767 1615 814 1660 et
844 1621 1083 1660 amorem
1115 1623 1128 1660 :
1157 1608 1250 1660 sed
1275 1606 1449 1660 adhuc
1480 1605 1695 1659 fervens
1716 1621 1919 1668 amore,
1951 1606 2044 1658 ad-

465 1697 572 1750 huc
597 1697 792 1752 ardens
818 1697 1284 1766 concupiscentia,
1313 1697 1659 1766 amplectitur
1685 1693 1957 1760 arborem,
1996 1708 2048 1751 et

464 1788 708 1859 decerpit
741 1802 807 1842 ex
844 1787 930 1842 illa
959 1804 1078 1858 qua:
1127 1788 1240 1858 jam
1289 1805 1395 1843 non
1437 1799 1557 1844 erat
1587 1792 1763 1861 virgo,
1811 1791 1956 1853 folia,
1992 1799 2046 1845 et

2148 589 2368 642 hcnsatn
2392 595 2595 644 autem,
2625 588 2799 638 adhuc
2832 599 2999 651 usque
3030 585 3411 649 accusabilem,
3435 596 3488 638 et
3516 583 3726 654 fingunt

2147 682 2199 734 in
2233 679 2556 740 simulacris,
2616 687 2669 731 et
2719 679 2948 748 pingunt
2993 678 3044 729 in
3093 679 3412 746 parietibus.
3460 677 3567 733 Sed
3595 677 3725 746 quid

2147 773 2276 825 mihi
2303 780 2356 824 et
2385 772 2501 824 istis
2525 771 2644 825 est?
2669 771 3195 842 Revertere,lingua,
3213 781 3267 825 et
3288 769 3416 824 audi
3435 771 3725 840 psalmum,

2145 881 2178 918 ο
2206 865 2382 918 anima
2406 883 2418 919 :
2439 864 2764 930 Convertere,
2782 866 2962 918 anima
2994 865 3215 927 mea,ad
3242 856 3464 932 quietem
3493 873 3638 916 tuam
3657 861 3728 914 “.

2146 956 2314 1022 Quid"
2337 959 2466 1012 mihi
2504 969 2587 1011 est
2615 973 2710 1012 eos
2747 958 2838 1026 qui
2871 955 3004 1012 foris
3036 965 3161 1011 sunt
3197 956 3482 1024 judicare?
3520 953 3730 1009 Sufﬁcit

2146 1052 2225 1106 eis
2259 1052 2381 1120 quia
2414 1051 2466 1104 in
2499 1051 2585 1104 his
2611 1051 2944 1105 volutantur.
2986 1050 3212 1106 Cessent
3251 1051 3317 1106 de
3357 1050 3587 1120 Opificiis
3618 1065 3727 1104 non

2150 1144 2285 1197 bene
2352 1143 2588 1204 sentire;
2647 1137 2889 1197 fruentes
2945 1144 3088 1198 enim
3147 1143 3398 1210 opilicia,
3458 1142 3596 1197 male
3662 1142 3732 1195 de

2147 1233 2380 1304 opificiis
2447 1234 2709 1297 sentiunt,
2759 1243 2814 1290 et
2845 1235 3082 1302 ipsorum
3141 1235 3453 1289 Creatorem
3509 1234 3731 1305 injuriis

2153 1336 2362 1396 petunt.
2421 1324 2545 1381 Sint
2604 1337 2662 1380 ut
2719 1326 2924 1391 volunt,
2980 1337 3034 1382 et
3092 1337 3238 1382 certe
3305 1327 3427 1380 nolo
3488 1341 3582 1380 eos
3604 1342 3731 1382 esse

2148 1427 2208 1472 ut
2268 1418 2477 1472 volunt.
2512 1416 2706 1472 Noster
2768 1430 2946 1472 autem
3002 1432 3182 1474 sermo
3242 1419 3410 1488 fugiat
3462 1425 3726 1489 quantum

2152 1517 2330 1576 potest
2379 1509 2590 1563 illorum
2643 1508 2891 1572 fetorem,
2935 1511 3058 1579 quia
3107 1511 3247 1581 apud
3298 1512 3443 1578 ipsos
3486 1520 3611 1566 sunt
3667 1509 3732 1565 ll-

2147 1612 2388 1670 gmenta,
2421 1601 2633 1666 fabulae,
2661 1603 2972 1663 simulacra,
2999 1601 3285 1667 adulteria,
3317 1597 3728 1667 fornicationes,

2148 1694 2388 1764 sanguis,
2415 1693 2643 1768 lapides,
2679 1694 2851 1764 ligna,
2885 1695 3175 1760 dzembnes,
3213 1696 3505 1760 nuditates,
3551 1696 3729 1763 turpi-

2151 1768 2636 1850 tudines,'dicettda
2681 1795 2734 1839 et
2787 1802 2891 1839 non
2954 1786 3179 1842 dicenda
3227 1785 3463 1841 occulta.
3495 1772 3731 1856 Fugiens

465 1877 750 1931 confessus
777 1877 1064 1932 victoriam
1099 1880 1300 1933 victum
1332 1896 1486 1934 suum
1511 1892 1737 1937 coronat
1763 1893 1940 1950 caput,
1978 1883 2036 1935 ti-
2078 1893 2123 1953 Β
2151 1885 2331 1930 autem
2384 1876 2532 1939 inde,
2574 1885 2699 1945 agat
2747 1875 2951 1946 gratias
3002 1877 3073 1943 ei,
3123 1878 3213 1948 qni
3261 1891 3321 1931 se
3368 1862 3616 1932 liberavit
3659 1879 3730 1930 ab

470 1968 638 2032 tolum
686 1976 874 2036 utpote
930 1969 984 2024 in
1041 1984 1238 2025 corona
1288 1971 1496 2027 libidini
1536 1987 1649 2028 sua
1688 1976 2043 2029 constituens.

469 2054 575 2111 Sed
606 2058 747 2113 forte
773 2060 1016 2129 quadam
1053 2073 1209 2130 poeta
1239 2062 1416 2117 facilis
1454 2075 1509 2120 et
1541 2065 1937 2121 inconsiderate
1969 2064 2048 2122 lo-

466 2165 642 2220 quens
685 2155 948 2210 mentitus
984 2154 1050 2210 de
1067 2156 1169 2209 diis
1194 2169 1276 2210 est
1294 2155 1439 2224 talia,
1463 2167 1635 2213 etnon
1661 2167 1745 2213 est
1775 2160 2047 2214 insecutus

468 2243 730 2311 virginem
755 2245 1057 2300 citharista.
1085 2246 1224 2314 Quid
1255 2247 1430 2303 adhuc
1459 2265 1630 2317 usque
1662 2251 1712 2304 in
1737 2247 2042 2306 Simulacris

466 2347 530 2385 ex
573 2335 672 2386 ista
709 2336 899 2390 arbore
924 2326 1235 2404 coronatur,
1277 2349 1337 2394 ut
1365 2350 1554 2409 putant
1594 2325 1810 2412 quidem
1852 2345 1918 2396 oh
1957 2344 2046 2397 ho-

468 2425 690 2483 norem?
738 2427 796 2483 Si
830 2439 1010 2484 autem
1040 2431 1213 2485 honor
1253 2441 1337 2486 est
1377 2432 1787 2488 fornicationem
1838 2436 2041 2489 laudari

477 2653 691 2666 *ια-...-

2149 1964 2478 2019 istiusmodi.
2516 1964 2634 2019 Erit
2678 1969 2824 2019 enim
2883 1968 3054 2036 gratia
3109 1959 3329 2035 duplex,
3388 1967 3514 2037 quia
3555 1975 3610 2019 et
3664 1967 3731 2018 lio
3767 2037 3786 2044 ν
3827 1997 3880 2020 ,ρ

2149 2057 2360 2111 beravit
2405 2072 2434 2110 a
2460 2057 2624 2120 falsis,
2677 2068 2732 2111 et
2757 2060 2822 2113 ad
2857 2074 2983 2114 vera
3015 2059 3259 2115 adduxit.
3294 2059 3532 2115 Liberali
3559 2059 3732 2130 igitur

2151 2147 2220 2200 ab
2248 2146 2355 2210 his,
2387 2156 2442 2201 et
2470 2147 2616 2216 digni
2646 2146 2873 2216 iudicati
2913 2150 3064 2204 estis.
3127 2148 3239 2204 Deo
3271 2164 3376 2205 non
3420 2131 3550 2204 nat’o
3581 2149 3729 2204 Patri

2151 2253 2244 2308 per
2289 2254 2452 2292 unum
2506 2240 2844 2308 unigenitum
2895 2256 3050 2295 suum
3099 2236 3296 2296 Filium
3353 2257 3477 2297 cum
3523 2242 3729 2312 Spiritu

2160 2338 2349 2382 sancto
2375 2329 2440 2382 sit
2455 2331 2645 2397 gloria,
2665 2331 2854 2396 honor,
2878 2332 3182 2402 imperium,
3199 2333 3474 2402 maiestas.
3493 2326 3547 2388 et
3565 2349 3726 2397 nunc,

2153 2429 2206 2475 et
2235 2436 2466 2490 semper,
2511 2433 2565 2476 et
2597 2440 2688 2492 per
2717 2427 2893 2478 omnia
2923 2426 3114 2480 saecula
3157 2425 3497 2480 saeculorum.
3531 2427 3728 2485 Amen.

1969 2668 3718 2694 ._____._._.___________________________

1436 2796 1998 2944 EUSEBII
2081 2817 2771 2955 PAMPHILI

525 3056 814 3146 mm
863 3059 1010 3146 DE
1061 3057 1213 3148 EO
1259 3025 1594 3166 QUOD
1653 3065 1960 3157 DEUS
2012 3065 2396 3161 PATER
2463 3069 3360 3171 lNCORPORALIS
3427 3084 3680 3210 EST,

1781 3250 2012 3317 LIBER
2057 3259 2398 3332 QUINTUS

539 3559 882 3642 Quacuuque
913 3590 976 3652 ex
1010 3575 1244 3643 cogitatu
1279 3575 1476 3629 debent
1508 3553 1686 3647 colligi
1741 3587 1796 3632 et
1849 3581 2046 3652 requiri
2078 3593 2119 3649 (ς
2158 3583 2388 3652 fingunt,
2437 3597 2491 3638 et
2536 3602 2639 3640 non
2691 3589 2860 3643 solum
2913 3590 2965 3645 in
3001 3592 3217 3663 templis
3246 3605 3303 3649 et
3328 3595 3634 3656 simulacris
3680 3597 3740 3658 εἰ

471 3665 556 3722 vel
597 3667 880 3740 exhiberi,
917 3665 1043 3737 quia
1089 3666 1448 3733 incorporalis
1479 3678 1559 3722 est
1607 3668 1700 3723 Dei
1742 3681 1958 3734 natura,
1997 3682 2050 3726 et

467 3757 580 3825 jam
606 3759 649 3812 si
686 3773 790 3812 non
819 3769 1082 3825 quantum
1132 3773 1219 3812 res
1270 3759 1386 3828 ipsa
1419 3760 1664 3828 deposcit
1691 3760 1824 3833 (69),
1867 3773 2047 3817 tamen

471 3857 734 3926 quantum
769 3849 1108 3926 adgnostram
1139 3850 1388 3917 pervenit
1440 3851 1718 3918 virtutem,
1750 3855 1922 3922 magis
1956 3872 2053 3906 au-

473 3951 581 3997 tem
612 3923 873 4016 quantum
927 3939 1280 4016 imbecillitati
1339 3943 1510 4012 gratia
1541 3944 1784 4010 donavit,
1817 3947 1916 3999 ista
1959 3963 2054 4016 per

473 4032 670 4088 multos
700 4017 1002 4100 praeteritos
1031 4041 1086 4084 et
1110 4032 1468 4088 aduuavimus
1496 4034 1632 4100 dies,
1687 4045 1744 4089 et
1801 4041 2053 4090 tractavi—

473 4139 594 4178 mus
619 4126 670 4178 in
701 4139 1007 4179 commune.
1045 4123 1115 4177 Et
1142 4123 1188 4177 si
1219 4125 1340 4194 quis
1370 4128 1608 4196 pervidit
1655 4139 1749 4183 aut
1789 4130 2057 4186 intellexit

471 4225 567 4270 aut
601 4217 866 4294 meminit,
913 4217 1112 4269 nullam
1157 4217 1274 4287 jam
1322 4204 1486 4274 habet
1535 4219 1936 4294 dubitationem.
1989 4224 2055 4294 de

475 4307 564 4362 Illa
595 4318 786 4374 natura
821 4293 926 4378 qua
954 4309 1277 4376 incorporali
1313 4309 1592 4365 decretum
1635 4322 1757 4366 est:
1793 4315 1885 4368 sed
1919 4312 2054 4367 forte

474 4399 642 4456 multa
675 4399 764 4453 illa
816 4399 1124 4454 sollicitudo
1157 4415 1276 4470 quae
1315 4415 1412 4470 per
1441 4402 1713 4472 cogitatus
1764 4405 2053 4479 processit,

470 4493 540 4549 ad
569 4493 730 4548 aliam
757 4495 1044 4564 quamdam
1081 4495 1445 4573 sustiicionem
1481 4495 1766 4573 nonnullos
1802 4497 2050 4552 adducet.

473 4583 725 4640 Dicentes
751 4586 894 4639 enim
921 4586 1009 4652 qui
1041 4585 1227 4639 volunt
1257 4567 1568 4654 pervertere
1599 4567 1770 4652 recta,
1807 4588 1930 4657 quia
1965 4603 2055 4643 co-

471 4679 676 4745 gitatus
701 4679 912 4749 quidem
948 4679 1074 4732 boni
1123 4686 1179 4733 et
1216 4679 1368 4741 veri,
1415 4688 1471 4733 et
1512 4679 1695 4733 decori
1729 4689 1783 4733 et
1824 4682 1956 4735 recti
1989 4683 2055 4752 de

475 4773 584 4826 Deo
611 4780 734 4824 sunt
771 4782 827 4826 et
849 4771 1148 4846 habentur;
1182 4769 1479 4841 Scriptura:
1509 4784 1688 4840 autem
1717 4773 1799 4827 his
1824 4773 1980 4828 bonis
2002 4785 2055 4829 et

473 4853 983 4931 rectispcogitatibus
1009 4877 1113 4916 non
1140 4863 1505 4928 consentiunt,
1534 4864 1627 4935 sed
1661 4865 1836 4934 magis
1865 4879 1959 4936 per
1988 4881 2050 4920 ea

471 4937 594 5026 qui.
624 4956 762 5040 dicta
803 4963 930 5010 sunt
976 4964 1235 5022 accusant
1274 4945 1544 5026 cogitatus
1588 4971 1749 5024 quam
1783 4941 2054 5013 commen-
2087 4951 2132 5007 D

469 5046 623 5102 dant.
651 5046 781 5114 Erat
801 5056 980 5108 autem
1016 5047 1352 5116 propositum
1383 5062 1490 5100 non
1524 5047 1651 5116 quid
1683 5048 1916 5103 dicimus
1943 5064 2048 5104 non

472 5138 790 5216 simpliciter
830 5141 898 5193 de
938 5139 1092 5192 Deo:
1128 5142 1254 5207 quia
1316 5153 1416 5202 nec
1466 5139 1626 5194 nobis
1675 5149 1757 5193 est
1810 5150 2051 5204 potestas

472 5231 610 5284 sicut
633 5219 927 5302 gentilibus
953 5247 1016 5285 ex
1057 5231 1221 5285 corde
1244 5231 1309 5285 de
1350 5232 1456 5311 Deo
1495 5231 1661 5311 loqui,
1703 5231 1802 5294 sed
1829 5233 2046 5311 qualem

471 5337 594 5378 eum
623 5323 915 5404 Scripturae
939 5325 1308 5389 introducunt,
1331 5309 1385 5380 et
1405 5306 1618 5394 qualem
1657 5341 1716 5379 se
1749 5327 1864 5396 ipse
1890 5306 2050 5401 inter-

471 5424 736 5483 pretatur,
767 5416 926 5469 talem
958 5425 1175 5485 oportet
1204 5416 1403 5484 suscipi
1438 5424 1494 5469 et
1523 5415 1760 5469 adorari.
1809 5415 2049 5492 Gentiles

473 5504 615 5556 enim
640 5505 728 5572 qui
755 5506 936 5560 omnia
973 5509 1088 5561 ausi
1119 5518 1266 5562 sunt.
1320 5506 1505 5562 omnia
1562 5507 1955 5576 transﬂgurant
1989 5516 2047 5561 et

545 5621 584 5650 "
622 5621 766 5676 Psal.
800 5637 946 5688 cxrv,
979 5621 1028 5676 7.

549 5763 656 5828 (68)
696 5761 792 5832 Ms.
826 5763 1035 5832 Laudari
1069 5764 1483 5832 {ornirationem.

550 5835 654 5903 (U9)
689 5831 783 5891 ξιξ.
820 5831 996 5884 Eram
1029 5831 1075 5887 si
1104 5851 1200 5887 non
1231 5850 1480 5904 quantum
1509 5853 1586 5888 res
1613 5853 1723 5888 ιηςσ
1751 5836 2000 5904 deposcit.

2159 3676 2480 3744 imaginibus
2502 3682 2796 3750 depingunt
2815 3694 2868 3737 et
2894 3683 3143 3752 figurant,
3175 3688 3266 3742 sed
3292 3697 3347 3742 et
3370 3690 3543 3757 ipsum
3571 3707 3735 3761 quem

2157 3770 2406 3824 videntur
2443 3773 2840 3842 incorporalem
2884 3776 3065 3831 dicere
3112 3777 3304 3839 Deum.
3335 3795 3402 3834 ex
3437 3784 3602 3838 corde
3637 3787 3740 3839 iiu-

2158 3872 2342 3930 gentes
2379 3865 2711 3934 producunt.
2763 3865 2915 3924 Unde
2961 3879 3015 3923 et
3049 3870 3094 3924 is
3133 3873 3223 3940 qui
3263 3875 3404 3942 apud
3443 3889 3538 3929 eos
3581 3889 3741 3933 actor

2157 3964 2395 4022 putatur,
2435 3958 2574 4027 apud
2605 3958 2744 4014 alios
2779 3963 3060 4034 creditur:
3088 3966 3215 4034 quia
3247 3967 3391 4020 enim
3421 3968 3466 4022 is
3506 3970 3595 4037 qui
3626 3981 3738 4036 est,

2157 4052 2373 4117 agnitus
2409 4067 2513 4104 non
2545 4062 2630 4106 est
2657 4055 2724 4106 ab
2757 4054 2946 4109 iisdem
2968 4095 2984 4121 ,
3026 4055 3164 4111 fama
3219 4070 3397 4114 autem
3439 4060 3504 4114 ad
3549 4076 3647 4116 eos
3681 4064 3738 4118 in

2155 4145 2466 4200 novissimis
2502 4149 2747 4216 pervenit
2775 4151 3107 4221 temporibus
3133 4168 3147 4219 ;
3169 4163 3346 4208 tamen
3367 4170 3432 4209 ex
3463 4157 3740 4214 auditione

2158 4233 2350 4306 Moysi,
2378 4239 2503 4308 quia
2537 4239 2734 4294 famam
2755 4243 2820 4296 de
2850 4258 2956 4297 uno
2993 4245 3121 4311 Deo,
3146 4255 3199 4300 et
3219 4247 3335 4314 ipso
3357 4243 3614 4304 Creatore
3637 4266 3740 4305 au-

2157 4330 2395 4396 dierant,
2437 4334 2528 4402 qui
2569 4335 2621 4387 in
2673 4336 2857 4390 multis
2895 4339 3104 4395 satculis
3159 4341 3369 4410 opificia
3425 4337 3740 4400 intermisso

2156 4420 2418 4478 Creatore
2467 4425 2874 4494 adoraverunt;
2941 4430 3080 4485 alius
3133 4431 3280 4486 aliud
3331 4436 3737 4503 nuncupatione

2157 4513 2428 4582 suggeSsit
2455 4515 2520 4570 de
2546 4531 2614 4569 eo
2637 4531 2797 4586 quem
2823 4521 3144 4585 audierant;
3179 4524 3250 4576 ita
3278 4532 3334 4578 ut
3359 4523 3577 4595 quidam
3597 4507 3737 4581 serio

2159 4606 2346 4659 hentes
2383 4609 2636 4676 praecepti
2681 4611 2791 4663 sint
2816 4625 2881 4665 ex
2911 4615 3131 4667 nomine
3163 4615 3277 4670 solo
3313 4607 3603 4685 imaginem
3649 4620 3739 4675 de

2157 4696 2416 4762 scribere,
2441 4713 2548 4752 non
2577 4699 2834 4765 hominis,
2854 4703 3110 4774 inquam,
3149 4716 3244 4762 aut
3299 4698 3528 4764 alterius
3552 4705 3737 4779 cujus-

2157 4801 2370 4856 cunque
2394 4798 2566 4844 status
2595 4790 2735 4861 (70),
2778 4795 2872 4848 sed
2921 4795 3243 4866 simpliciter
3273 4789 3734 4870 nuncupationem

2160 4894 2222 4932 ex
2244 4879 2406 4939 fama.
2425 4880 2654 4939 Necesse
2671 4885 2814 4940 enim
2831 4896 2948 4941 erat
2965 4889 3094 4943 istos
3118 4891 3208 4959 qui
3232 4887 3570 4959 Scripturam
3592 4879 3739 4964 igno-

2162 4970 2371 5035 rabant,
2401 4983 2606 5029 naturae
2643 4986 2823 5030 autem
2857 4979 3144 5035 audierant
3183 4984 3640 5052 nuncupationem
3670 4988 3757 5040 de,

2158 5059 2446 5132 incognito,
2491 5065 2650 5119 aliter
2685 5078 2868 5122 autem
2910 5078 2965 5124 et
2996 5071 3222 5126 alterum
3259 5073 3422 5128 aliter
3454 5091 3520 5131 ex
3571 5078 3740 5132 corde

2157 5153 2378 5223 fingere,
2400 5159 2760 5216 :estim'atione
2792 5164 2993 5234 quippe
3019 5167 3085 5220 de
3110 5181 3172 5220 eo
3197 5181 3358 5236 quem
3390 5149 3734 5238 ignorabant,

2155 5256 2210 5304 et
2228 5247 2346 5302 ideo
2364 5264 2460 5319 per
2489 5253 2669 5306 omnia
2693 5267 3038 5311 erraverunt.
3071 5249 3198 5313 Inde
3229 5269 3311 5313 est
3335 5269 3394 5314 ut
3427 5277 3530 5314 non
3560 5257 3736 5316 selum

2159 5338 2258 5393 sibi
2284 5339 2636 5398 dissentirent
2659 5347 2725 5401 de
2759 5346 2888 5415 Deo,
2918 5351 3010 5404 sed
3039 5361 3093 5404 et
3118 5351 3562 5407 adversarentur.
3605 5333 3741 5420 Qui;

2159 5432 2280 5515 dam
2320 5433 2462 5486 enim
2493 5435 2622 5490 dicit
2663 5437 2790 5506 quia
2841 5442 3110 5509 providet,
3144 5443 3278 5497 alius
3299 5443 3437 5513 quod
3466 5461 3572 5500 non
3608 5463 3737 5515 pro-

2158 5513 2320 5578 videt,
2351 5525 2406 5570 et
2443 5517 2580 5574 alius
2611 5523 2736 5591 quia
2769 5539 2937 5593 usque
2959 5528 3024 5581 ad
3053 5528 3231 5582 lunam
3263 5525 3558 5600 provideat,
3590 5513 3734 5589 alius

2234 5769 2336 5839 βο)
2371 5768 2464 5824 Ms.
2495 5771 2800 5839 cujusquam
2831 5785 3017 5829 ﬂatus.
