4134 6404
378 370 503 427 1161

1153 369 1241 423 DE
1280 369 1368 425 ΕΟ
1408 368 1597 436 QUOD
1640 368 1819 423 DEUS
1859 368 2089 423 PATER
2130 366 2640 422 INCORPORALIS
2679 368 2829 423 EST.

3489 372 3628 429 “‘52

373 493 502 562 quia
543 492 599 546 in
626 490 878 546 omnibus
904 490 1172 560 providet.
1207 491 1273 544 Et
1300 490 1518 559 quidam
1555 490 1686 544 dicit
1715 490 1838 559 quia
1871 490 1956 542 in-
1983 497 2028 550 Α
2056 504 2321 557 quemque
2346 487 2667 558 prophetam
2702 468 3004 541 invenimus
3026 487 3249 550 dictum,
3270 487 3415 542 Dixit
3448 486 3632 543 Domi-

374 584 677 652 corporalis
707 593 810 648 est,
856 584 993 636 alius
1019 583 1141 651 quia
1175 597 1373 651 corpus
1400 592 1504 636 est.
1540 582 1645 635 Ista
1676 595 1951 635 commen-

374 676 525 729 datio
561 674 672 745 (71)
697 675 1000 745 ignorantia
1039 685 1122 728 est
1153 689 1365 736 eorum,
1399 674 1488 741 qui
1536 675 1783 726 nesciunt
1823 673 1952 741 quid

377 765 696 835 loquuntur.
739 765 845 819 Sed
876 765 947 818 illi
996 766 1213 834 quidem
1270 767 1551 827 audentes,
1583 774 1675 816 aut
1704 766 1864 818 aliter
1888 766 1953 818 de

379 860 486 912 Deo
508 861 820 925 sentientes,
836 874 1024 914 omnes
1040 869 1382 912 erraverunt.
1410 858 1519 912 Nec
1539 860 1681 915 enim
1704 876 1771 913 ex
1793 861 1954 915 corde

379 953 613 1007 humano
642 954 783 1009 Deus
812 954 1035 1022 produci
1065 952 1271 1016 debuit,
1315 953 1409 1006 sed
1442 968 1470 1005 a
1506 951 1614 1006 Deo
1644 953 1856 1007 edoceri
1888 956 1955 1008 de

382 1043 509 1096 Deo.
558 1040 725 1096 Nobis
750 1053 928 1097 autem
964 1058 1188 1097 necesse
1233 1052 1318 1098 est
1364 1056 1427 1097 ea
1468 1058 1690 1112 surgere
1733 1042 1849 1115 (72)
1900 1053 1957 1098 et

379 1144 634 1200 tractare,
661 1149 781 1203 qua:
811 1150 877 1187 ex
918 1134 1212 1204 Scripturis
1241 1134 1533 1189 didicimus
1577 1135 1802 1200 sanctis,
1829 1134 1954 1204 quia

381 1224 736 1294 incorporalis
768 1233 848 1279 est
878 1224 1035 1279 Deus.
1063 1224 1169 1279 Sed
1195 1240 1300 1279 non
1344 1224 1542 1280 sullieit
1581 1227 1952 1293 pronuntiare,

377 1329 557 1383 neque
587 1315 851 1368 rationem
878 1315 1145 1383 cogitatus
1172 1315 1344 1378 adire,
1388 1314 1481 1367 sed
1509 1315 1797 1368 ostendere
1825 1316 1953 1384 quia

377 1413 433 1458 et
471 1404 592 1473 ipsi,
636 1415 691 1458 et
730 1406 819 1473 qui
870 1407 920 1459 in
976 1405 1163 1459 iisdem
1213 1404 1482 1473 cogitatus
1532 1406 1819 1473 habentur,
1861 1421 1957 1475 per

374 1499 556 1551 omnia
608 1498 953 1551 consentiunt
994 1497 1076 1551 bis
1123 1510 1244 1564 qua:
1289 1494 1585 1565 Scriptura:
1635 1495 1851 1552 Veteris
1903 1506 1959 1552 et

377 1588 511 1642 Novi
533 1587 875 1643 Testamenti
911 1589 976 1642 de
1006 1589 1116 1644 Deo
1150 1590 1503 1659 pronuntiant
1534 1606 1546 1642 :
1588 1588 1728 1644 lorte
1775 1599 1955 1645 autent

375 1687 432 1734 et
472 1688 642 1733 totum
680 1679 1047 1747 suspicabitur
1077 1681 1318 1747 quidam,
1356 1688 1411 1733 et
1472 1680 1834 1746 corporaliter
1901 1674 1956 1733 in

379 1773 673 1842 Scripturis
726 1772 955 1841 proferri
990 1772 1151 1825 Deum
1205 1773 1447 1841 putabit;
1507 1772 1648 1825 lorte
1700 1772 1863 1826 etiam
1905 1780 1960 1825 et

2054 596 2151 633 nus
2198 581 2265 631 ad
2308 596 2405 634 me.
2468 579 2521 631 ln
2565 579 2852 648 Evangelia
2903 587 3063 633 etiam
3122 598 3137 633 :
3200 579 3484 634 Desursum
3528 597 3634 635 ros:

2055 672 2196 738 facta
2227 682 2299 723 est
2314 671 2361 701 ⁷³
2387 687 2400 735 ;
2430 680 2641 739 oportet
2679 672 2819 726 enim
2847 671 3138 726 immisceri
3161 688 3225 727 ea
3253 687 3372 740 quae
3387 687 3451 728 ex
3480 671 3633 729 Novo
3698 706 3701 709 ν

2055 771 2179 814 sunt
2219 760 2585 825 Testamento,
2618 761 2832 828 Veteri,
2867 777 2935 816 ne
2975 763 3168 817 iterum
3210 765 3445 819 ineretici
3478 781 3604 834 sepa

2057 862 2195 918 rent,
2237 861 2291 907 et
2328 853 2491 907 alium
2533 854 2879 908 introducant
2931 855 3121 909 Deum.
3156 857 3418 926 Adjnneta
3450 869 3636 912 autent

2056 947 2165 999 sint
2200 945 2300 1000 ista
2344 962 2409 1000 ex
2442 944 2744 1015 Scriptura,
2784 948 2926 1001 unde
2970 958 3025 1005 et
3068 950 3249 1002 omnia
3285 959 3428 1004 mota
3463 960 3629 1004 sunt:

2058 1036 2286 1091 Factum
2312 1050 2385 1091 est
2418 1047 2596 1091 autem
2614 1040 2701 1091 die
2735 1024 2906 1104 tertio,
2944 1057 3062 1093 cum
3092 1057 3243 1094 mane
3263 1040 3463 1110 factum
3498 1043 3635 1111 [uis-

2056 1138 2152 1194 set,
2180 1142 2226 1182 et
2266 1130 2423 1198 [actae
2452 1139 2572 1183 sunt
2598 1145 2745 1183 voces
2771 1139 2817 1184 et
2850 1130 3086 1199 fulgura,
3120 1142 3175 1184 et
3212 1133 3367 1185 nubis
3402 1134 3630 1195 nimbus,

2056 1232 2103 1274 et
2150 1237 2306 1287 super
2350 1230 2578 1275 montem
2633 1218 2765 1275 Sina
2802 1238 2899 1274 v0.1:
2936 1225 3074 1276 tubw
3120 1223 3337 1277 canebat
3386 1224 3535 1278 ualde
3561 1226 3630 1280 ⁷⁵.

2062 1310 2200 1378 Ergo
2223 1318 2275 1363 et
2311 1312 2437 1364 tuba
2470 1310 2699 1363 sonabat
2724 1325 2939 1380 magna,
2979 1322 3026 1365 et
3069 1320 3311 1367 turbatus
3339 1323 3413 1367 est
3465 1315 3635 1368 omnis

2058 1401 2279 1469 populus
2302 1402 2355 1454 in
2388 1404 2600 1467 castris,
2653 1410 2703 1455 et
2752 1402 3003 1468 produxit
3052 1404 3259 1474 Moyses
3290 1405 3538 1475 pupulum
3581 1407 3637 1458 in

2060 1490 2260 1544 obuiam
2289 1492 2397 1546 Deo
2441 1494 2504 1546 de
2544 1494 2757 1558 castris,
2795 1505 3045 1562 tanquam
3084 1513 3203 1567 1am
3231 1507 3484 1565 praesente
3524 1498 3636 1551 illic

2062 1581 2191 1646 Deo,
2223 1593 2273 1637 et
2301 1587 2569 1639 constituit
2598 1602 2686 1639 eos
2712 1588 2807 1639 sub
2837 1598 3086 1643 montem.
3121 1588 3274 1643 Mons
3303 1599 3475 1643 autem
3501 1587 3635 1644 Sina

2060 1674 2297 1741 [nutabat
2323 1688 2483 1744 totus,
2521 1691 2731 1749 propter
2754 1683 2893 1751 quod
2921 1682 3271 1736 descendisset
3294 1682 3436 1737 Deus
3478 1698 3637 1751 super

2062 1781 2179 1819 eum
2210 1767 2265 1820 in
2283 1768 2477 1837 igne".
2507 1770 2562 1824 Si
2598 1772 2881 1826 descendit
2907 1781 2960 1825 et
2992 1774 3044 1827 in
3070 1783 3305 1828 montem
3330 1775 3632 1837 descendit,

378 1837 618 1934 partibus
644 1837 1000 1933 compositum
1030 1879 1093 1917 ex
1115 1837 1412 1934 Scripturis
1443 1865 1674 1933 putabit,
1699 1865 1955 1934 colligens
1994 1837 2034 1891 Β
2063 1864 2117 1909 et
2150 1858 2477 1914 ascendebat
2530 1860 2707 1914 l'umus
2764 1870 3019 1931 tanquam
3077 1862 3256 1916 fumus
3290 1862 3528 1916 fornacis
3580 1874 3634 1917 et

379 1955 621 2009 membra
648 1970 767 2024 quis
798 1954 938 2008 dicta
978 1964 1122 2008 sunt.
1159 1955 1387 2025 Oportet
1418 1958 1580 2026 igitur
1605 1957 1837 2025 primum
1867 1972 1956 2010 su-

377 2045 709 2116 spicionem,
740 2061 843 2115 qua
880 2046 1066 2099 dicunt
1118 2046 1169 2099 in
1217 2061 1443 2115 corpore
1486 2062 1607 2101 esse
1633 2047 1822 2110 Deum,
1868 2055 1960 2100 aut

376 2150 574 2205 corpus
606 2150 749 2200 esse,
785 2134 950 2190 diseri
989 2134 1125 2206 (75),
1176 2145 1235 2189 ut
1288 2138 1679 2207 apparentibus
1730 2137 1958 2192 vinculis

376 2238 701 2300 agnoscatur
744 2228 1030 2283 solutionis
1061 2229 1483 2299 magniﬁcentia.
1540 2228 1734 2284 Totum
1779 2231 1958 2299 itaque

380 2322 590 2375 videtur
613 2319 1164 2389 corpusintroducere
1180 2320 1464 2389 Scriptura
1481 2338 1599 2390 quae
1622 2322 1788 2376 dicit:
1816 2322 1957 2386 Quia

374 2410 610 2464 ambulat
649 2410 702 2464 in
730 2411 977 2479 paradiso
1000 2410 1043 2441 ⁵³
1074 2429 1086 2464 :
1122 2420 1215 2464 aut
1244 2426 1363 2479 qua:
1388 2413 1581 2468 iterum
1605 2415 1736 2468 dicit
1765 2433 1778 2469 :
1826 2416 1956 2479 Quis

376 2511 453 2555 est
483 2503 573 2571 qui
604 2502 733 2555 venit
766 2518 830 2555 ea;
855 2500 1026 2555 Edam
1046 2501 1199 2557 "‘let
1224 2518 1340 2571 qua:
1357 2503 1487 2556 dicit
1512 2502 1957 2573 Scripturanidi

375 2592 636 2643 sedentem
663 2606 821 2659 supra
844 2594 1013 2643 sedem
1030 2589 1319 2658 majestatis
1342 2608 1451 2645 suae
1475 2592 1522 2665 ‘f
1556 2611 1570 2644 :
1608 2602 1662 2646 et
1690 2592 1794 2645 alia
1837 2608 1959 2662 qua:

376 2681 495 2735 ait:
534 2680 692 2735 Sedes
718 2692 840 2736 sunt
863 2682 1069 2750 positw,
1114 2692 1160 2734 et
1205 2679 1442 2736 Vetusius
1479 2684 1682 2737 dierum
1717 2686 1851 2737 sedit
1881 2686 1952 2738 °‘.

377 2773 639 2841 Quicnim
662 2775 715 2828 in
745 2778 998 2843 paradiso
1028 2775 1288 2839 ambulat,
1320 2784 1373 2830 et
1394 2775 1483 2845 qui
1507 2776 1654 2830 venit
1679 2793 1743 2831 ex
1764 2777 1956 2841 Edom,

376 2873 435 2919 et
467 2864 558 2935 qui
614 2873 836 2933 apparet
879 2875 937 2920 ut
976 2867 1223 2936 apparuit
1258 2866 1526 2930 Ezechiel,
1576 2876 1630 2921 et
1678 2867 1771 2934 qui
1823 2867 1959 2922 sedit

374 2952 672 3008 secundum
710 2955 1003 3019 Danielem,
1037 2966 1092 3009 et
1120 2957 1210 3026 qui
1253 2958 1394 3011 sedit
1416 2960 1709 3011 secundum
1739 2958 1955 3027 Isaiam,

378 3046 711 3114 corporalem
744 3048 1031 3116 quamdam
1070 3050 1417 3103 ambitionem
1448 3051 1686 3121 suggerit
1720 3050 1854 3122 (74).
1892 3052 1960 3106 Et

380 3138 481 3190 hoc
505 3138 718 3205 quidem
752 3141 914 3194 veluti
941 3142 1005 3194 de
1028 3143 1172 3195 omni
1201 3142 1518 3210 parentibus
1548 3153 1728 3196 autem
1755 3142 1868 3213 (75)
1902 3152 1958 3199 ut

378 3230 661 3283 videamur
693 3241 749 3284 et
776 3233 1068 3301 depingere
1103 3251 1115 3286 :
1148 3232 1301 3286 Oculi
1340 3232 1553 3287 Domini
1581 3235 1952 3305 superljustos,

373 3329 422 3371 et
446 3335 596 3371 aures
617 3320 729 3387 ejus
754 3323 822 3373 ad
855 3338 1029 3387 preces
1066 3339 1244 3376 eorum
1266 3323 1329 3375 “.
1375 3323 1446 3377 0s
1480 3324 1698 3379 Domini
1722 3326 1956 3381 Sabaoth

373 3409 607 3461 locutum
640 3420 710 3463 est
744 3413 845 3464 ista
869 3412 934 3475 ⁸⁷,
970 3412 1175 3465 faciens
1208 3412 1319 3483 (76)
1354 3414 1520 3475 Deum
1555 3416 1667 3487 (77)
1703 3427 1755 3471 et
1788 3432 1957 3471 mem-

379 3496 597 3564 bratim,
638 3510 692 3555 et
729 3512 837 3556 tota
880 3501 1046 3557 facies
1099 3504 1221 3558 istic
1264 3506 1535 3574 descripta
1586 3517 1691 3571 est,
1736 3518 1792 3562 et
1837 3519 1959 3576 post

376 3586 491 3642 hinc
534 3604 652 3657 quze
702 3590 1076 3660 insequuntur.
1121 3594 1261 3648 Dicit
1291 3596 1431 3649 enim
1466 3596 1782 3665 Scriptura:
1818 3598 1958 3653 Dea:-

385 3687 502 3733 tcsa
542 3680 754 3735 Domini
785 3684 907 3751 fecit
932 3688 1171 3740 virtutem
1200 3686 1286 3740 ‘3:
1320 3695 1376 3740 et
1417 3684 1549 3741 Sede
1583 3690 1651 3740 ad
1683 3690 1957 3744 dexteram

376 3784 547 3825 meum
572 3771 639 3837 ⁸³,
665 3789 825 3843 quam
853 3792 965 3829 rem
997 3779 1305 3847 insequitur
1331 3794 1383 3833 et
1408 3796 1435 3833 a
1464 3780 1683 3833 sinistra
1725 3796 1862 3836 esse.
1893 3783 1958 3838 Et

380 3862 570 3916 iterum
594 3883 607 3918 :
630 3864 826 3919 Caelum
847 3869 991 3921 sedes
1012 3878 1089 3922 est
1123 3872 1271 3933 milii,
1301 3882 1442 3925 terra
1471 3884 1644 3928 autem
1675 3875 1958 3928 scabellum

373 3953 565 4018 pedum
593 3957 910 4010 meorum”.
940 3956 1044 4012 Per
1090 3958 1189 4012 ista
1245 3960 1426 4029 itaque
1464 3965 1645 4016 omnia
1694 3979 1722 4016 a
1777 3964 1958 4034 capite

378 4057 548 4110 usque
582 4045 647 4097 ad
673 4048 833 4114 pedes
861 4048 1073 4101 videtur
1102 4051 1440 4104 membratim
1473 4052 1587 4106 fieri
1614 4056 1957 4123 compositio,

376 4143 637 4201 quantum
663 4137 728 4189 ad
753 4152 1058 4193 sermonem
1092 4151 1322 4207 spectat.
1365 4144 1638 4198 Addemus
1672 4155 1848 4200 autem
1875 4146 1959 4199 in-

376 4228 540 4281 certis
571 4228 678 4293 his,
715 4230 895 4299 capilli
926 4233 1108 4299 capitis
1133 4234 1246 4302 ejus
1269 4235 1338 4289 ⁷¹.
1388 4235 1530 4305 Ergo
1563 4248 1617 4292 et
1659 4239 1861 4307 capilli,
1904 4250 1959 4293 et

376 4322 705 4387 caputcujus
728 4332 783 4375 et
803 4324 1076 4392 capilli,et
1097 4327 1271 4381 adhuc
1316 4328 1545 4395 amplius
1592 4340 1852 4398 quantum
1888 4330 1957 4384 ad

374 4409 699 4465 exteriorem
751 4425 955 4482 partem
1014 4420 1287 4473 invenitur
1337 4420 1743 4486 vestimentum,
1797 4423 1957 4476 modo

2055 1946 2335 2015 obstupuit
2390 1959 2534 2004 totus
2570 1950 2796 2021 populus
2828 1953 3002 2016 valde,
3059 1952 3259 2007 fiebant
3288 1953 3432 2008 enim
3473 1968 3635 2008 voces

2060 2038 2198 2092 tubae
2223 2040 2554 2106 prodeuntes
2590 2040 2918 2107 fortissime;
2960 2043 3111 2099 valde
3137 2043 3349 2116 Moyses
3378 2044 3637 2115 loqueba-

2059 2137 2163 2191 tur,
2198 2139 2253 2183 et
2279 2130 2419 2185 Deus
2449 2134 2807 2202 respondebat
2832 2134 2882 2188 ei
2924 2150 3083 2189 voce:
3114 2147 3169 2191 et
3198 2136 3478 2191 descendit
3537 2136 3637 2191 Do-

2058 2222 2235 2276 minus
2290 2222 2342 2275 in
2382 2234 2563 2277 monte
2598 2225 2726 2278 Sina
2784 2240 2947 2295 super
3002 2242 3262 2283 cacumen
3302 2229 3535 2295 montis,
3580 2238 3638 2285 et

2059 2313 2268 2366 vocavit
2316 2314 2573 2368 Dominus
2626 2316 2841 2386 Moysen
2889 2318 2940 2370 in
2990 2320 3271 2373 cacumine
3317 2319 3537 2387 montis,
3581 2331 3639 2375 et.

2057 2404 2296 2457 ascendit
2324 2403 2555 2475 Moyses,
2585 2416 2641 2459 et
2664 2406 2799 2460 dixit
2822 2408 2958 2462 Deus
2996 2411 3061 2463 ad
3102 2409 3341 2481 Moysen.
3370 2411 3495 2468 llaec
3517 2414 3637 2485 qui-

2058 2497 2175 2550 dem
2211 2496 2277 2551 de
2315 2513 2377 2550 eo
2407 2500 2450 2551 si
2484 2499 2780 2563 descendit,
2811 2509 2860 2554 et
2895 2501 2939 2553 si
2963 2502 3195 2569 videtur,
3229 2513 3283 2557 et
3332 2504 3377 2559 si
3414 2507 3638 2560 vocibus

2058 2586 2297 2656 loquitur
2330 2588 2489 2652 Deus,
2528 2600 2583 2645 et
2617 2591 2661 2645 si
2696 2594 2838 2645 tubae
2878 2593 3140 2659 aderant,
3188 2605 3245 2649 et
3287 2596 3335 2651 si
3372 2597 3425 2650 in
3454 2597 3636 2668 ignem

2058 2681 2360 2746 descendit,
2402 2683 2531 2751 quid
2574 2683 2676 2738 sibi
2741 2683 2854 2736 vult
2898 2683 3117 2739 fumus?
3148 2685 3287 2742 Sunt
3334 2699 3514 2743 autem
3571 2705 3640 2746 ex

2060 2775 2409 2842 sequentibus
2447 2775 2565 2829 aliae
2598 2776 2923 2845 quaestiones
2960 2792 2974 2830 :
3017 2780 3113 2832 sed
3152 2777 3289 2836 bene
3324 2791 3405 2836 est
3436 2784 3640 2841 sensim

2060 2863 2321 2917 accedere
2355 2865 2420 2917 ad
2452 2865 2753 2934 proposita.
2788 2864 2855 2918 Et
2882 2866 3019 2920 sicut
3044 2869 3099 2921 hi
3127 2869 3218 2938 qui
3260 2870 3530 2926 aediﬁcare
3547 2873 3641 2926 de-

2058 2954 2322 3019 siderant,
2355 2965 2409 3010 et
2453 2957 2662 3026 lapides
2694 2960 2992 3015 transferre
3031 2962 3279 3029 cupiunt,
3316 2964 3361 3017 si
3399 2962 3642 3033 singulos

2061 3047 2465 3113 transtulerint,
2516 3050 2715 3105 multos
2767 3060 3023 3120 poterunt
3051 3053 3291 3108 adunare
3324 3055 3409 3109 :si
3456 3063 3640 3109 autem

1984 3176 2028 3235 ο
2064 3137 2261 3192 multos
2288 3140 2447 3193 simul
2479 3139 2815 3207 let'aVerint,
2855 3158 2953 3196 nec
2994 3144 3212 3212 quidem
3252 3160 3416 3199 unum
3460 3144 3645 3201 levare

2060 3238 2315 3297 poterunt
2354 3248 2367 3285 :
2408 3232 2479 3283 ita
2537 3242 2590 3287 et
2632 3248 2730 3287 nos
2781 3234 3037 3300 interim;
3096 3236 3271 3303 prima
3310 3251 3455 3290 enim
3496 3238 3642 3293 dicta

2059 3321 2383 3389 intercipere
2428 3322 2586 3379 facile
2637 3326 2847 3378 videtur
2900 3326 3253 3394 audentibus;
3285 3327 3486 3384 timidis
3543 3345 3634 3383 au—

2061 3421 2167 3465 tem
2209 3411 2441 3467 dilIicile.
2496 3414 2550 3467 Si
2601 3416 2743 3468 enim
2804 3416 3034 3470 voluerit
3078 3418 3201 3487 quis
3234 3419 3433 3485 dicere,
3490 3420 3642 3476 locu-

2060 3511 2145 3556 tus
2176 3512 2285 3565 est,
2335 3519 2440 3558 non
2493 3514 2577 3559 est
2622 3505 2833 3560 locutus
2866 3523 2879 3558 :
2912 3522 3035 3571 vox,
3096 3524 3200 3563 non
3253 3524 3397 3575 vos;
3436 3509 3639 3579 facies,

2059 3610 2165 3648 non
2218 3593 2381 3649 facies
2420 3613 2436 3661 ;
2484 3596 2801 3665 simpliciter
2855 3598 3070 3654 videtur
3118 3600 3275 3655 facile
3317 3602 3444 3673 quid
3506 3620 3639 3675 ope-

2060 3686 2191 3753 rari,
2228 3687 2491 3743 audenter
2552 3702 2730 3744 alitem
2782 3701 3060 3758 operatur.
3119 3693 3225 3748 Sed
3254 3705 3463 3764 oportet
3495 3713 3641 3753 nunc

2059 3779 2128 3832 ab
2176 3779 2287 3847 ipsa
2347 3780 2628 3850 Scriptura
2670 3766 2920 3851 accipere
2982 3784 3278 3841 solutiones
3311 3828 3326 3853 ,
3378 3796 3432 3841 et
3456 3801 3642 3844 osten-

2066 3870 2194 3925 dere
2247 3873 2371 3940 quia
2420 3874 2535 3927 ista:
2593 3890 2753 3929 voces
2812 3877 2885 3929 ita
2926 3877 3141 3946 quidem
3200 3878 3486 3942 dicuntur,
3528 3899 3637 3936 non

2061 3959 2134 4014 ita
2171 3971 2348 4014 autem
2375 3963 2571 4018 debent
2600 3964 2849 4035 intelligi.
2892 3968 2946 4020 ln
2991 3967 3123 4036 ipsis
3162 3968 3305 4022 enim
3340 3971 3638 4040 iisdemque

2061 4055 2406 4109 sermonibus
2457 4058 2631 4125 primo
2660 4057 2885 4113 exhibet
2918 4060 3322 4127 necessitatem,
3371 4064 3439 4117 ob
3475 4078 3636 4132 quam

2063 4145 2133 4197 ita
2168 4148 2415 4215 apparuit
2441 4147 2599 4203 Deus.
2628 4150 2766 4205 Dicit
2787 4153 2966 4223 enim:
2988 4152 3123 4207 Ecce
3145 4172 3235 4225 ego
3266 4156 3409 4208 venia
3427 4156 3495 4208 ad
3521 4166 3567 4209 te
3585 4158 3639 4208 in

2061 4236 2305 4291 columna
2334 4242 2506 4305 nubis,
2536 4250 2593 4294 ut
2623 4245 2806 4297 audiat
2842 4246 3067 4313 papulus
3105 4246 3396 4317 loquentem
3444 4264 3524 4301 me
3570 4250 3639 4301 ad

2063 4340 2129 4391 te,
2173 4339 2220 4382 et
2249 4333 2465 4384 credant
2498 4334 2592 4386 tibi
2636 4335 2692 4389 in
2739 4340 3110 4405 sempiternum
3135 4339 3200 4391 ⁷⁵.
3237 4339 3304 4392 Et
3350 4341 3543 4394 iterum
3574 4344 3639 4394 ad

2062 4424 2315 4495 populum
2365 4427 2539 4481 dicit:
2582 4426 2688 4482 Vos
2730 4430 2953 4495 vidistis,
2986 4432 3109 4501 quia
3142 4433 3207 4485 de
3263 4433 3388 4485 ccelo
3434 4434 3639 4489 locutus

374 4500 591 4566 quidem
629 4506 872 4571 rubrum,
906 4508 1061 4561 modo
1113 4520 1292 4562 autem
1344 4510 1541 4565 albunt.
1600 4511 1655 4565 Si
1709 4511 1874 4581 igitur
1900 4522 1954 4567 et
1982 4518 2036 4579 Β
2059 4532 2174 4568 sum
2199 4516 2339 4569 vobis
2368 4517 2434 4568 ⁷⁷.
2462 4517 2526 4571 Et
2557 4529 2707 4571 certe
2739 4535 2804 4574 ex
2840 4500 3019 4575 monte
3039 4522 3190 4575 Sina.
3210 4521 3487 4589 Quomodo
3509 4541 3641 4599 ergo

378 4592 759 4648 vestimentum
786 4596 932 4652 circa
980 4599 1177 4667 ipsum,
1225 4603 1454 4669 qumstio
1484 4610 1565 4656 est
1615 4612 1669 4656 et
1702 4604 1767 4656 de
1797 4603 1953 4657 indu-

378 4691 580 4745 mento,
624 4691 800 4738 utrum
826 4687 1014 4741 vivens
1060 4691 1305 4758 quasdam
1353 4702 1545 4747 natura
1589 4701 1672 4747 est
1700 4703 1754 4747 et
1785 4696 1950 4748 vesti-

377 4782 637 4840 mentum,
677 4784 769 4828 aut
792 4778 1063 4845 quomodo
1114 4780 1222 4834 illic
1273 4784 1652 4837 vestimentum
1685 4784 1948 4850 habetur;

375 4873 430 4916 et
451 4878 781 4935 quaecunque
804 4871 1238 4936 convenerimus,
1272 4883 1329 4927 ut
1363 4876 1428 4927 de
1460 4876 1778 4929 indmnento
1802 4878 1952 4930 dica—

377 4970 497 5007 mus
524 4966 737 5025 oportet
765 4961 991 5016 moveri.
1020 4961 1086 5016 Et
1116 4965 1312 5017 iterum
1346 4980 1359 5015 :
1391 4967 1435 5020 si
1464 4978 1580 5019 'voa:
1620 4966 1836 5020 Domini
1861 4968 1946 5034 [e-

374 5044 471 5109 cit,
497 5045 540 5097 si
573 5062 670 5100 vos:
693 5048 903 5102 Domini
942 5053 996 5104 in
1027 5053 1213 5107 virtute
1240 5056 1307 5121 ⁷³,
1341 5066 1395 5110 et
1444 5072 1550 5111 vox
1588 5058 1799 5111 Domini
1840 5057 1948 5113 fre-

2062 4615 2238 4675 potest
2265 4605 2381 4660 fieri
2414 4607 2479 4659 de
2506 4609 2646 4661 caelo
2689 4619 2743 4662 et
2792 4611 2856 4664 de
2888 4621 3071 4675 monte
3103 4612 3232 4667 Sina
3264 4615 3466 4668 simul?
3494 4614 3644 4671 Vidi-

2060 4700 2176 4762 stis,
2209 4698 2402 4767 inquit,
2438 4702 2560 4770 quia
2606 4702 2670 4754 de
2707 4702 2836 4755 ccelo
2870 4702 3073 4756 locutus
3104 4722 3220 4758 sum
3269 4709 3429 4761 vobis.
3460 4707 3643 4764 Nolite

2060 4790 2201 4841 vobis
2258 4792 2428 4858 [acere
2485 4792 2886 4847 similitudinem
2943 4798 3175 4850 omnium
3232 4813 3350 4866 qua:
3403 4811 3523 4854 sunt
3585 4802 3642 4859 in

2061 4889 2199 4932 terra
2224 4880 2291 4936 ⁷⁸.
2327 4882 2393 4935 Ει
2427 4894 2574 4935 certe
2606 4884 2648 4937 si
2677 4885 2979 4940 similitudo
3023 4898 3140 4941 erat
3180 4891 3270 4958 qui
3321 4894 3638 4962 apparebat,

2059 4968 2319 5024 deberent
2344 4973 2587 5026 videntes
2618 4976 2791 5040 magis
2821 4977 3012 5032 adduci
3048 4980 3114 5034 ad
3141 4980 3310 5049 ipsius
3338 4983 3642 5038 similitudi.

2052 5074 2197 5113 nem.
2219 5060 2274 5115 Si
2306 5074 2483 5117 autem
2516 5065 2677 5119 dicit:
2701 5067 2775 5120 De
2798 5073 2924 5122 caelo
2959 5069 3163 5125 locutus
3195 5090 3311 5125 sum
3340 5076 3515 5141 vobis,
3548 5078 3635 5145 qui

376 5145 603 5201 quenter
636 5136 688 5191 in
720 5139 809 5195 illo
841 5141 1046 5209 psalmo
1080 5144 1298 5209 dicitur,
1334 5156 1387 5200 et
1412 5150 1707 5202 secundum
1749 5164 1947 5203 unum-
2054 5152 2251 5206 dicitur
2288 5156 2413 5222 quia
2462 5156 2528 5211 de
2566 5169 2746 5212 monte
2796 5159 2924 5214 Sina
2968 5178 2980 5212 :
3020 5164 3364 5218 manifestum
3390 5179 3472 5220 est
3512 5136 3637 5237 quia

448 5297 492 5371 f‘
521 5296 657 5371 Gen.
687 5315 770 5361 III,
799 5304 852 5354 8.
954 5302 1001 5334 ⁸³
1026 5303 1126 5358 lsa.
1164 5322 1315 5371 ant,
1353 5309 1404 5360 l.

453 5369 597 5441 ἐξείη.
625 5383 791 5433 cxvn,
837 5372 921 5425 16.
1016 5375 1061 5406 ⁸⁸
1092 5374 1233 5430 Psal.
1256 5366 1366 5441 CIVX.
1397 5381 1444 5432 ί·

375 5433 421 5467 ἰ
452 5436 618 5492 Exod.
653 5456 768 5503 xu,
802 5442 888 5495 ιδ.
963 5443 1007 5474 τε
1032 5446 1159 5501 una.
1196 5433 1400 5513 17,18.

1511 5308 1555 5339 “
1589 5310 1691 5364 lsa.
1717 5326 1792 5375 VI,
1818 5312 1869 5366 1.

595 5595 1008 5673 ροηιηιεηάαιὶο-
1035 5604 1217 5673 Forte,
1250 5612 1638 5669 commentatio.

592 5668 673 5747 1.3:?
701 5686 931 5747 "‘_r9£_"-
963 5674 1144 5739 Forte,
1178 5666 1477 5747 exsurgere.

467 5737 557 5812 ῃ)
578 5737 1003 5812 gemmane,
1027 5737 1217 5799 disseri
1245 5737 1557 5812 vct'deseri.

469 5805 555 5877 74)
578 5808 953 5882 Περιγραφήν,
975 5805 1244 5876 ambitum.

690 5906 965 5981 Parnm“
1015 5908 1133 5972 Gn.
1182 5912 1414 5975 XXIV.

1978 5312 2023 5344 ⁸⁸
2061 5314 2194 5370 Dan.
2237 5332 2330 5379 vn,
2373 5318 2426 5373 9.

1537 5381 1583 5410 ⁷ο
1615 5383 1715 5435 lsa.
1751 5395 1903 5447 vat,
1931 5382 1982 5436 l.

1502 5450 1547 5481 ⁷⁸
1570 5450 1740 5507 Exod.
1769 5469 1880 5519 six,
1917 5455 1969 5509 9.
2048 5455 2095 5487 ’⁷
2117 5454 2289 5510 Exod.
2326 5450 2419 5525 xi,
2454 5458 2543 5515 22.

2531 5319 2575 5349 ⁸⁸
2603 5318 2742 5375 Psal.
2787 5337 2977 5387 χχχιιι,
3024 5323 3110 5377 16.

2568 5390 2611 5420 ⁷¹
2636 5391 2777 5445 Psal.
2819 5408 3009 5458 xxvntl,
3043 5395 3099 5448 4.

2622 5460 2666 5492 ⁷⁸
2697 5462 2827 5517 ibid.
2855 5464 2908 5519 4.

3235 5324 3280 5354 ⁸⁷
3316 5325 3417 5378 lsa.
3464 5341 3502 5389 ι,
3541 5325 3634 5383 20.

2070 5385 2275 5459 ζι-υιιιι.
2300 5403 2394 5453 vn,
2425 5389 2478 5459 9.
2568 5390 2611 5420 "
2636 5391 2777 5445 Psal.
2819 5385 3009 5458 xxvrti,
3043 5395 3099 5448 4.
3204 5395 3249 5425 ⁷³
3275 5394 3408 5450 an.
3431 5385 3515 5459 ιιι,
3542 5399 3633 5453 22.

2128 5614 2239 5684 (75)
2274 5616 2435 5673 Forte
2467 5620 2545 5675 sic
2576 5622 2861 5692 legendum
2885 5665 2901 5691 ,
2938 5626 3002 5677 de
3042 5626 3182 5679 omni
3211 5639 3231 5678 :
3264 5627 3505 5696 partibus
3537 5628 3638 5679 liu-

2055 5695 2176 5739 tcm.

2271 5756 2369 5832 bis.
2413 5771 2530 5832 est.
2562 5760 2674 5818 Ista
2706 5765 2869 5832 {acies
2903 5765 3113 5821 Domini
3136 5776 3183 5821 et
3216 5766 3563 5823 memoratim.

2132 5824 2245 5895 (77)
2275 5826 2461 5883 Deum.
2488 5831 2585 5885 Ms.
2625 5824 2854 5891 Domini.

3250 5931 3318 5993 57
