4134 6422
517 367 652 443 nos

1187 349 1455 419 EUSEBll
1493 358 1973 417 CESARIENSIS
2011 348 2159 417 OPP.
2203 358 2381 415 PARS
2418 356 2510 416 IV.
2551 389 2620 398 —
2659 356 3081 418 DOGMATICA.

3636 360 3776 419 1164

511 480 863 537 ambitionem
901 480 1012 553 (78)
1060 481 1365 549 praesentia:
1391 495 1501 534 sua:
1530 479 1771 535 ostendit
1801 480 1853 535 in
1885 489 2087 544 monte,
2119 487 2164 543 Α
2194 479 2491 549 prophetiae
2525 477 2688 534 facta:
2736 487 2865 533 sunt
2890 493 2920 532 a
2947 478 3059 533 Deo
3082 476 3509 547 praenuntiantes
3542 478 3774 547 captivi-

511 573 628 644 ipse
652 584 832 629 autem
864 573 917 627 in
942 588 1037 628 sua
1069 572 1324 627 manebat
1365 574 1665 644 majestate.
1693 571 1802 627 Cur
1831 582 2014 626 autem
2041 581 2096 626 et

510 685 541 722 a
572 680 756 724 monte
790 668 917 722 Sina
946 678 1169 738 apparet
1223 666 1314 737 qui
1371 666 1438 720 de
1469 665 1610 721 caelo
1633 707 1649 731 ,
1677 663 1761 718 Ne
1791 664 2090 730 timueritis,

512 760 708 831 inquit,
744 762 868 831 quia
909 769 1111 814 tentare
1146 776 1233 814 eos
1258 758 1392 812 venit
1415 758 1574 819 Deus,
1598 767 1653 811 ut
1678 758 1747 810 sit
1780 757 1938 810 timor
1977 756 2092 826 eius

511 851 567 905 in
590 851 731 904 vobis
750 850 844 904 ὀἳ
871 849 987 904 Non
1011 864 1144 919 ergo
1177 856 1368 904 natura
1396 857 1481 904 est
1507 862 1626 916 quae
1655 848 1975 917 apparebat,
1999 844 2094 900 sed

511 942 846 1014 dispensatio
878 956 999 1009 quae
1028 941 1358 996 adducebat.
1411 939 1546 1007 Quia
1594 939 1737 992 enim
1792 935 2095 992 audacissi-

511 1051 632 1091 mus
654 1044 772 1092 erat
797 1034 1049 1106 populus,
1078 1034 1206 1103 quia
1239 1047 1456 1103 semper
1485 1031 1712 1086 declivis
1752 1030 1820 1084 ad
1863 1027 2095 1085 idolola-

508 1128 671 1183 triam
690 1129 1019 1194 habebatur;
1048 1127 1176 1197 quia
1192 1128 1337 1182 enim
1356 1126 1575 1182 humilis
1592 1135 1732 1190 erat,
1749 1134 1802 1180 et
1819 1125 2093 1181 desidera-

506 1219 912 1290 batpermanus
925 1222 1239 1289 contingere
1257 1222 1448 1283 Deum,
1477 1230 1530 1274 et
1548 1235 1643 1289 per
1655 1219 1840 1276 oculos
1862 1219 2044 1274 videre
2073 1236 2087 1273 :

507 1311 636 1380 quia
661 1312 804 1365 enim
835 1310 956 1367 talis
975 1319 1097 1365 erat
1113 1310 1359 1378 populus,
1394 1310 1702 1365 misericors
1731 1319 1914 1363 autem
1950 1308 2091 1363 Deus

507 1412 564 1458 et
578 1404 748 1457 bonus
763 1402 891 1457 facit
905 1403 982 1457 eis
995 1403 1262 1467 timorem,
1278 1403 1366 1471 qui
1383 1417 1482 1457 nec
1499 1413 1618 1473 post
1631 1402 1877 1457 timorem
1901 1402 2092 1456 timue-

505 1507 607 1547 run
616 1502 654 1554 ι,
668 1501 723 1547 ει
735 1492 896 1548 dicit:
917 1492 1054 1559 Quia
1070 1493 1247 1561 siquis
1265 1493 1779 1563 appropinquaverit,
1801 1499 1968 1544 morte
1981 1507 2093 1544 mo-

504 1583 676 1639 rietur
700 1585 766 1639 ⁸ο.
803 1585 868 1639 Et
897 1596 1043 1640 certe
1069 1600 1199 1640 oves
1244 1593 1402 1639 erant
1441 1584 1553 1640 illic
1587 1595 1713 1638 ante
1740 1587 1861 1648 hoc,
1893 1593 1948 1639 et
1979 1600 2087 1639 non

504 1689 630 1733 sunt
664 1688 913 1734 mortuae.
948 1678 1162 1748 Moyses
1204 1677 1347 1731 enim
1381 1677 1489 1731 illic
1517 1679 1687 1748 pavit,
1723 1677 1938 1748 Moyses
1972 1685 2090 1731 erat

503 1767 616 1822 illic
641 1779 698 1823 ut
727 1777 931 1839 pastor,
976 1783 1075 1824 nec
1114 1768 1250 1837 dum
1287 1777 1370 1822 est
1428 1768 1710 1837 propheta,
1746 1777 1802 1822 et
1847 1785 1952 1823 non
2002 1778 2087 1825 est

2198 579 2365 626 tatem
2388 571 2567 641 populi
2598 587 2719 642 qua:
2748 587 2845 640 per
2878 587 3002 627 eum
3046 571 3190 626 facta
3236 572 3452 627 videtur
3472 611 3489 639 ,
3528 585 3656 626 vasa
3688 584 3779 626 sa-

2194 663 2491 719 cerdotalia
2524 663 2824 733 accipiens,
2859 673 2915 720 et
2947 666 3051 720 hoc
3076 666 3345 735 superbus
3379 674 3435 719 et
3453 673 3693 727 erectus,
3721 670 3781 718 et

2194 753 2301 808 alta
2326 757 2591 826 cogitans,
2622 765 2684 811 ut
2709 758 2971 826 propheta
2997 756 3065 811 de
3092 769 3161 810 eo
3188 755 3395 810 diceret
3431 771 3445 810 :
3489 753 3568 809 Tu
3590 753 3777 807 dixisti

2193 847 2248 901 in
2275 849 2429 902 corde
2460 860 2576 913 tuo,
2604 850 2683 902 Ad
2705 848 2857 902 ctelos
2887 850 3197 912 ascendam,-
3215 863 3375 917 supra
3405 846 3566 900 nubes
3582 852 3778 914 ponam

2195 940 2367 994 sedem
2400 955 2590 1004 meam,
2625 953 2672 995 et
2705 939 2891 995 sedebo
2918 956 3083 1007 supra
3118 949 3319 992 montes
3364 938 3654 992 altissimos
3705 938 3776 988 ad

2193 1032 2514 1102 aquilonem,
2544 1042 2592 1086 et
2618 1049 2707 1088 ero
2732 1034 2921 1088 similis
2939 1032 3217 1088 Altissimo
3245 1032 3291 1064 ⁸⁸
3317 1046 3333 1086 :
3361 1032 3488 1102 quia
3528 1031 3656 1086 talia
3695 1045 3780 1084 sa-

2193 1126 2396 1195 piebat,
2429 1136 2483 1180 et
2518 1126 2645 1180 talia
2676 1125 3023 1194 loquebatur,
3076 1135 3133 1180 et
3164 1125 3292 1179 talia
3327 1123 3623 1195 cogitabat,
3673 1122 3780 1177 iste

2192 1217 2469 1288 accipiens
2499 1217 2858 1273 sacerdotalia
2877 1232 3004 1273 vasa
3031 1233 3137 1273 non
3166 1228 3250 1273 est
3275 1232 3438 1272 ausus
3457 1217 3530 1272 uti
3554 1215 3773 1281 iisdem,

2190 1309 2287 1364 sed
2318 1321 2577 1379 tanquam
2628 1311 2681 1364 iu
2726 1310 2938 1365 ratione
2987 1311 3211 1365 honoris
3243 1310 3424 1378 posuit
3451 1310 3504 1363 in
3534 1308 3774 1377 templis,

2192 1415 2297 1457 non
2315 1416 2646 1458 consecratis
2672 1402 2850 1467 idolis,
2871 1403 3013 1458 sicut
3036 1418 3156 1472 qua:
3176 1400 3535 1470 insequuntur
3551 1400 3745 1454 demon
3761 1428 3776 1439 -

2189 1501 2387 1554 strant,
2420 1494 2514 1549 sed
2550 1509 2811 1549 recusans
2833 1495 2977 1549 vasis
3005 1495 3081 1548 uti
3114 1491 3441 1548 divinis.lsti
3473 1492 3775 1547 succedens

2189 1584 2333 1642 filius
2358 1587 2477 1655 ejus
2503 1587 2555 1640 in
2592 1602 2778 1657 regno,
2827 1603 2933 1643 non
2976 1588 3024 1642 ei
3077 1585 3344 1641 successit
3387 1593 3442 1638 et
3469 1584 3771 1639 secundum

2188 1678 2349 1734 istum
2385 1680 2674 1746 honorem,
2705 1680 2801 1735 sed
2829 1681 3097 1735 innovans
3129 1687 3451 1749 potestatem
3488 1676 3639 1746 regni
3661 1675 3769 1740 sui,

2187 1771 2395 1842 profert
2427 1788 2553 1828 vasa
2574 1764 2958 1837 sacerdotalia,
2981 1780 3036 1827 et
3066 1771 3203 1826 bibit
3252 1770 3306 1823 in
3344 1770 3497 1840 ipsis.
3537 1770 3602 1823 Et
3641 1766 3771 1838 quia

502 1868 773 1915 mortuus.
805 1861 1000 1930 Utique
1030 1869 1084 1915 et
1130 1859 1219 1914 alii
1267 1868 1393 1914 ante
1437 1859 1657 1930 Moysen
1685 1876 1700 1926 ;
1737 1860 1830 1915 sed
1858 1871 2079 1930 propter
2112 1856 2152 1910 Β
2180 1865 2294 1934 ἱρεε
2320 1875 2374 1919 ει
2403 1866 2485 1921 ειιί
2516 1866 2657 1920 male
2685 1867 3050 1920 extenderunt
3084 1880 3279 1920 manus
3315 1880 3444 1919 suas
3482 1864 3548 1917 ad
3605 1878 3772 1929 vasa,

500 1958 814 2021 adventum,
842 1956 964 2025 quis
988 1955 1139 2022 dicit,
1171 1954 1262 2008 Dei
1296 1955 1453 2020 dixit,
1496 1955 1623 2024 quia
1653 1954 1699 2008 si
1730 1955 1852 2024 quis
1888 1971 2086 2025 appro-

502 2049 851 2119 pinquaverit
879 2050 1161 2104 morietur.
1203 2049 1393 2104 Nonne
1448 2050 1621 2118 magis
1649 2049 1872 2105 deberet
1901 2050 2086 2104 vivere

498 2142 593 2212 qui
630 2141 1025 2212 appropinquat
1057 2141 1307 2197 adventui
1356 2142 1450 2197 Dei
1487 2141 1512 2195 ?
1543 2143 1649 2197 Sed
1705 2152 1913 2199 terrere
1969 2143 2084 2199 vult

495 2232 752 2303 populqu
812 2234 1114 2299 audacem;
1158 2234 1298 2288 unde
1343 2243 1397 2289 et
1450 2233 1589 2290 tubae
1648 2246 1838 2290 sonant
1884 2251 2082 2290 canen-

499 2323 653 2378 tium.
704 2323 841 2391 Quid
905 2325 1050 2378 euim
1105 2340 1358 2396 magnum
1420 2336 1503 2382 est
1561 2328 1671 2382 Deo
1727 2337 2080 2398 operamenta

498 2428 688 2470 creare
721 2416 787 2469 ad
812 2415 1125 2471 istiusmodi
1168 2416 1574 2484 necessitatem,
1612 2428 1704 2473 aut
1751 2419 1872 2474 sine
1930 2419 2076 2475 tubis

497 2522 688 2563 sonum
713 2508 871 2563 talem
903 2509 1191 2564 emittere?
1228 2508 1341 2563 Non
1372 2509 1440 2563 ab
1472 2524 1531 2565 re
1577 2518 1759 2565 autem
1812 2519 1896 2565 est
1925 2525 2078 2580 qure-

496 2601 620 2655 dam
656 2615 721 2656 ex
750 2599 971 2656 Daniele
995 2614 1290 2673 apponere,
1320 2603 1413 2657 sed
1446 2612 1502 2657 et
1534 2603 2074 2673 opportunissimum.

495 2693 631 2763 Quia
665 2698 810 2752 enim
840 2696 1081 2751 diximus
1122 2696 1248 2765 quia
1286 2709 1393 2748 non
1424 2704 1548 2750 erat
1597 2697 1936 2764 impossibile
1965 2697 2075 2752 Deo

494 2787 655 2843 tubas
682 2802 889 2851 creare,
913 2799 1006 2843 aut
1032 2788 1149 2844 sine
1174 2787 1316 2843 tubis
1333 2802 1523 2843 sonum
1557 2787 1734 2843 audiri
1764 2809 1775 2843 :
1812 2788 2073 2857 scriptum

492 2880 636 2950 apud
668 2880 946 2936 Danielem
980 2889 1086 2946 est,
1126 2881 1275 2950 quia,
1301 2879 1496 2935 Manus
1527 2881 1765 2951 ingressa
1802 2879 1916 2934 sola
1941 2880 2072 2935 scri-

493 2972 645 3028 bebat
670 2974 725 3025 in
760 2972 954 3040 pariete
977 2973 1044 3028 ".
1083 2971 1189 3026 Ista
1217 2987 1409 3026 manus
1439 2971 1582 3028 Deus
1609 2982 1712 3037 est,
1753 2981 1846 3026 aut
1893 2971 2072 3044 angeli

492 3063 685 3120 incisio
710 3065 828 3120 est?
881 3063 987 3118 Sed
1036 3064 1164 3133 quia
1216 3063 1438 3119 deberet
1493 3064 1666 3118 videri
1704 3080 1807 3119 non
1856 3073 2068 3129 tenens,

492 3157 632 3214 forte
685 3166 862 3214 autem
908 3171 1009 3211 nec
1035 3165 1399 3210 atramentum
1444 3156 1708 3223 bajulans,
1743 3173 1918 3226 neque
1962 3157 2070 3213 alio

2186 1955 2310 2025 quia
2341 1956 2483 2010 enim
2517 1958 2770 2010 manibus
2805 1957 3102 2027 tetigerunt
3134 1970 3195 2010 ea
3223 1970 3344 2025 qua:
3391 1954 3475 2010 eis
3503 1969 3608 2009 non
3638 1968 3774 2008 con-

2185 2046 2493 2118 tingebant;
2531 2062 2729 2102 manus
2781 2063 2877 2116 pro
2933 2064 3099 2102 manu
3145 2050 3333 2103 exiens
3373 2049 3769 2118 scripsitjuxta

2181 2138 2479 2203 lucernam,
2509 2148 2567 2193 ut
2589 2140 2681 2209 qui
2720 2139 2952 2194 aderant
2986 2140 3236 2195 homines
3258 2141 3504 2195 viderent
3542 2150 3769 2196 senten-

2182 2229 2333 2282 tiam.
2364 2229 2494 2296 Qua:
2523 2244 2656 2300 ergo
2685 2240 2769 2285 est
2799 2246 2993 2285 manus
3017 2232 3143 2285 illa?
3174 2230 3290 2287 Non
3324 2245 3551 2302 corpus,
3591 2246 3772 2302 neque

2177 2334 2243 2374 ex
2275 2334 2502 2390 corpore
2540 2322 2758 2387 incisio,
2802 2323 2898 2377 sed
2938 2322 3226 2378 elﬁcientia
3269 2324 3335 2379 ad
3368 2325 3636 2380 visionem
3668 2338 3767 2381 ve-

2180 2411 2358 2477 niens,
2385 2421 2446 2466 ut
2473 2423 2858 2484 agnosceretur
2886 2415 3156 2469 sententia
3206 2416 3541 2476 invisibibis.
3586 2415 3767 2472 Ξυπε-

2177 2514 2325 2559 cerat
2350 2514 2532 2561 autem
2571 2515 2627 2561 et
2657 2522 2846 2562 manus
2868 2508 3158 2564 ostendere
3190 2510 3473 2576 virtutem,
3500 2518 3557 2564 et
3589 2510 3763 2564 inter-

2178 2597 2381 2666 pretari
2412 2598 2800 2663 obscuritates,
2847 2598 3061 2654 solvere
3092 2599 3491 2665 dubitationes,
3526 2603 3621 2657 sed
3652 2618 3760 2658 non

2175 2698 2258 2743 est
2303 2704 2505 2760 egenus
2565 2690 2737 2748 dives.
2792 2692 3101 2747 Invenimus
3149 2692 3293 2747 enim
3352 2694 3406 2748 in
3459 2693 3757 2765 Seripturis

2175 2788 2230 2836 et
2262 2780 2402 2836 forte
2427 2781 2620 2847 multa,
2658 2796 2781 2853 quae
2812 2796 2870 2838 ut
2894 2783 3227 2853 quaestiones
3257 2792 3418 2840 motat
3451 2796 3603 2854 sunt,
3633 2801 3759 2857 pos-

2173 2882 2299 2929 sunt
2329 2873 2485 2929 nobis
2507 2874 2574 2928 ad
2593 2873 2917 2930 solutionem
2943 2877 3223 2946 prodesse.
3253 2877 3516 2937 Novimus
3540 2881 3681 2936 enim
3700 2892 3756 2939 et

2173 2963 2240 3018 de
2274 2963 2515 3032 Daniele,
2560 2965 2687 3036 quia
2725 2967 2859 3021 vidit
2893 2966 3054 3022 sedes
3098 2970 3325 3037 positas,
3365 2981 3420 3027 et
3462 2972 3751 3028 Vetustum

2173 3053 2383 3110 dierum
2419 3057 2766 3126 insidentem,
2808 3059 2960 3129 cujus
2996 3062 3103 3117 albi
3144 3073 3303 3119 erant
3333 3064 3534 3134 capilli,
3578 3075 3632 3119 et
3660 3081 3755 3120 ve-

2173 3148 2430 3205 stimenta
2457 3151 2684 3206 candida
2717 3152 2784 3207 ⁸³.
2827 3153 2894 3207 Ει
2921 3166 3070 3211 certe
3118 3164 3173 3210 et
3225 3157 3332 3213 hoc
3388 3159 3758 3229 accipiebatur

491 3250 670 3321 aliquo
723 3257 1071 3320 Operamento
1099 3248 1292 3313 abusa,
1346 3258 1433 3302 aut
1493 3249 1606 3317 ipsa
1664 3265 1791 3314 usa,
1831 3250 2062 3303 addatur
2096 3218 2138 3276 θ
2174 3251 2397 3311 propter
2451 3246 2869 3311 COIIlumaCiam.
2915 3258 3010 3301 aut
3062 3258 3286 3319 propter
3346 3251 3753 3323 negligentiam.

487 3351 545 3399 et
578 3357 775 3407 canna,
811 3350 868 3396 et
907 3349 1272 3395 atramentum
1299 3349 1565 3396 creatum.
1603 3342 1709 3396 Aut
1732 3342 1777 3397 si
1810 3343 1912 3397 hoc
1945 3343 2069 3411 quis

490 3433 718 3490 voluerit
752 3433 1017 3504 accipere,
1049 3431 1268 3501 scripsit
1299 3448 1514 3498 manus,
1556 3443 1611 3488 et
1656 3433 1781 3486 dum
1815 3433 2069 3503 scripsis-

487 3540 594 3599 set,
622 3529 867 3586 recessit.
913 3528 1052 3596 Quid
1097 3543 1292 3584 manus
1348 3530 1449 3583 ista
1477 3529 1715 3594 dicebat,
1761 3528 1918 3599 cujus
1970 3529 2063 3584 Dei

484 3623 601 3679 sola
635 3637 850 3686 manus,
896 3630 950 3676 ct
994 3620 1088 3676 ubi
1120 3631 1206 3676 est
1251 3620 1460 3675 totum?
1504 3630 1595 3674 aut
1636 3620 1836 3691 angeli,
1887 3632 1940 3676 et
1971 3620 2063 3676 ubi

483 3723 569 3770 est
601 3714 817 3769 totum?
856 3712 1051 3768 incisio
1100 3723 1222 3768 erat
1270 3712 1568 3783 passibilis.
1603 3712 1748 3783 Ergo
1795 3728 1901 3782 quo
1957 3713 2061 3769 ista

485 3808 680 3865 incisio
702 3807 828 3864 est?
860 3806 998 3874 Quid
1033 3822 1165 3878 ergo
1199 3817 1285 3862 εει
1317 3808 1588 3862 sententia
1624 3808 1778 3861 visa?
1820 3808 1888 3863 Ut
1912 3808 2059 3863 enim

484 3901 652 3958 sciret
684 3916 777 3955 rex
803 3900 897 3970 qui
930 3915 1097 3956 ausus
1124 3907 1233 3962 est,
1271 3900 1390 3953 ideo
1443 3914 1637 3953 manus
1677 3900 1743 3953 ad
1782 3898 2059 3954 lucernam

480 3993 750 4062 indigens,
774 4007 893 4061 quae
928 4008 1026 4046 nec
1052 3991 1222 4047 oculis
1248 3992 1359 4047 visa
1389 4001 1535 4045 sunt.
1572 3992 1638 4046 Et
1667 4002 1815 4046 certe
1843 4001 1900 4045 ut
1925 3992 2059 4047 scri-

477 4085 737 4157 batquis,
766 4085 921 4140 valde
953 4085 1179 4140 intentio
1219 4086 1528 4140 necessaria
1561 4096 1664 4154 εει,
1684 4094 1739 4141 et
1758 4085 2057 4141 videntium

488 4179 795 4243 oculorum,
823 4187 878 4233 et
917 4188 1074 4233 acute
1105 4178 1425 4233 videntium.
1454 4176 1609 4233 Nunc
1654 4188 1829 4233 autem
1869 4179 2059 4234 scribit

476 4270 598 4327 sine
629 4270 824 4338 oculis,
851 4270 970 4326 sine
1003 4278 1241 4337 tenente,
1285 4269 1401 4324 sive
1425 4284 1546 4323 cum
1585 4279 1917 4335 atramento,
1941 4271 2057 4326 sive

475 4363 594 4419 sine
616 4372 941 4430 atramento,
961 4361 1073 4418 sive
1094 4363 1213 4418 sine
1234 4361 1357 4416 aliis
1378 4361 1765 4432 operamenlis,
1794 4362 1908 4416 sive
1931 4377 2054 4417 cum

473 4454 615 4519 aliis,
637 4455 926 4511 admiratio
943 4464 1027 4510 est
1048 4472 1064 4521 ;
1089 4454 1182 4525 qui
1214 4453 1368 4509 valde
1390 4467 1580 4509 carnes
1602 4454 1849 4522 sunt,qui
1867 4468 2054 4523 corpo-

475 4546 647 4615 rales,
680 4547 772 4617 qui
828 4546 1013 4602 volunt
1059 4546 1168 4601 Deo
1219 4559 1419 4614 corpus
1467 4546 1621 4610 dare,
1682 4545 2048 4612 respondeant
2080 4581 2125 4637 Β

472 4638 653 4704 nobis,
700 4639 789 4694 illa
832 4653 1024 4693 manus
1052 4652 1252 4707 corpus
1284 4647 1405 4692 erat
1454 4644 1548 4690 aut
1578 4650 1682 4690 non
1718 4635 1959 4705 corpus?
1987 4635 2046 4691 Si

470 4744 704 4800 corpus;
739 4730 857 4785 sine
897 4729 1138 4784 humeris
1165 4744 1270 4782 non
1303 4739 1610 4794 moveatur,
1646 4726 1762 4781 sine
1785 4735 1900 4780 toto
1931 4742 2052 4782 cor-

466 4838 603 4893 pore
633 4838 739 4878 non
780 4823 852 4877 sit
884 4837 1096 4877 manus.
1127 4820 1186 4877 Si
1216 4831 1398 4877 autem
1430 4828 1657 4891 apparet
1707 4834 1898 4874 manus
1925 4858 1940 4885 ,
1992 4827 2048 4875 et

465 4913 658 4971 scribit
688 4929 902 4980 manus,
936 4921 993 4990 et
1019 4913 1227 4990 recedit
1270 4928 1499 4978 atauus;
1553 4922 1883 4982 agnoscatur
1927 4926 2047 4982 qua}

464 5016 551 5062 est
589 5015 781 5063 natura
832 4988 1058 5061 visionis
1107 4988 1407 5075 praesentis.
1441 5003 1814 5075 Importunum
1858 5012 2045 5058 autem

464 5111 571 5151 non
595 5105 682 5153 est
706 5094 1023 5168 adiungere,
1057 5110 1154 5149 cur
1183 5102 1240 5149 et
1278 5107 1491 5148 manus.
1542 5091 1599 5148 Si
1636 5092 1782 5147 enim
1806 5091 1929 5168 jam
1964 5091 2045 5144 di-

462 5197 608 5244 ctum
631 5198 737 5255 est,
763 5164 1192 5260 quia'oportebat
1220 5186 1548 5241 sententiam
1580 5185 1769 5250 scribi,
1789 5184 1883 5238 sed
1904 5164 2046 5239 (οι-ιε
2088 5264 2091 5267 ν

464 5279 586 5336 ideo
607 5295 703 5351 per
725 5296 965 5346 manum,
997 5278 1125 5350 quia
1150 5286 1206 5332 et
1224 5284 1376 5348 pater
1393 5276 1554 5346 hujus
1585 5276 1727 5343 regis
1752 5274 2043 5329 adversum

464 5387 624 5444 quem
656 5373 760 5428 ista
805 5373 1076 5430 sententia
1112 5371 1315 5439 scripta
1344 5379 1460 5432 est,
1497 5368 1566 5422 ob
1609 5367 1791 5438 populi
1846 5366 2043 5423 delicta

464 5467 639 5535 potuit
668 5475 722 5521 et
749 5465 1004 5537 populum
1054 5475 1241 5520 tenere
1268 5472 1324 5518 et
1374 5461 1654 5530 templum.
1690 5460 1757 5513 Et
1784 5458 2039 5528 populum

460 5553 679 5626 quidem
712 5555 939 5608 adduxit
984 5557 1282 5627 captivum.
1336 5552 1642 5608 Condicens
1687 5558 1866 5603 autem
1913 5548 2037 5619 quia

534 5691 579 5722 τ’
607 5690 759 5742 Deut.
802 5705 896 5753 vn,
925 5691 976 5743 5.

530 5823 650 5894 {78)
685 5825 1049 5881 Ambitionem.
1074 5827 1128 5881 ld
1151 5837 1255 5893 est,
1289 5827 1559 5883 ambitum.

1054 5691 1100 5721 ⁸⁸
1132 5689 1302 5743 Exod.
1344 5704 1458 5752 xu,
1492 5686 1577 5740 l2.
1651 5686 1692 5717 ³¹
1731 5685 1860 5741 Dan.
1888 5699 1939 5751 v,
1966 5683 2021 5753 5,
2095 5685 2141 5719 ⁸³
2167 5683 2269 5742 lsa.
2297 5703 2408 5755 xw,
2438 5688 2522 5745 l3.

2170 3331 2252 3388 Ad
2304 3336 2718 3392 ostentationem
2773 3339 2969 3409 quippe
3013 3340 3139 3409 quia
3190 3357 3388 3413 corpus
3438 3354 3522 3400 est
3569 3345 3755 3415 Deus;

2170 3429 2435 3483 sententia
2474 3437 2655 3484 autem
2700 3430 2956 3486 virtutem
2991 3448 3302 3489 sermonum
3340 3438 3585 3504 exhibet,
3623 3440 3755 3508 quia

2170 3520 2406 3575 maxime
2435 3521 2632 3577 exhinc
2670 3522 3026 3594 incorporalis
3063 3529 3365 3583 ostenditur
3404 3530 3568 3586 Deus.
3619 3532 3756 3598 Quis

2166 3613 2310 3668 enim
2344 3614 2556 3684 ignorat
2588 3630 2802 3671 omnem
2840 3619 2931 3687 qui
2973 3620 3147 3676 oculis
3196 3622 3389 3689 utitur,
3423 3625 3551 3693 quia
3595 3624 3756 3679 oculo

2166 3709 2432 3780 contingit
2483 3725 2546 3764 ea
2592 3710 2777 3765 videre
2831 3726 2951 3780 quae
3005 3713 3240 3767 adsunt?
3290 3730 3410 3785 qua:
3466 3725 3649 3771 autem
3696 3718 3752 3771 in

2165 3803 2459 3856 crastinum
2491 3812 2584 3857 aut
2625 3812 2748 3873 post
2781 3818 3004 3870 parvam
3050 3808 3260 3874 horam,
3304 3817 3399 3862 aut
3456 3820 3579 3878 post
3633 3826 3752 3866 mo-

2164 3904 2405 3949 mentum
2440 3894 2591 3962 lient,
2644 3914 2748 3953 non
2807 3900 2954 3956 videt
3004 3901 3236 3956 oculus:
3274 3901 3512 3960 Danielis
3567 3915 3751 3962 autem

2160 3988 2319 4054 visio,
2359 3990 2572 4045 initium
2600 3992 2817 4061 quidem
2853 3994 3013 4049 habet
3038 4009 3068 4048 a
3108 3994 3212 4057 lea,
3242 4004 3365 4064 post
3396 3995 3533 4051 leam
3565 4007 3751 4053 autem

2162 4080 2461 4138 introducit
2516 4099 2745 4152 ursum,
2830 4088 3048 4141 tertium
3105 4087 3308 4142 animal
3368 4098 3426 4143 ut
3482 4092 3750 4159 pardum,

2159 4183 2409 4244 quartum
2437 4175 2543 4230 tale
2573 4176 2727 4244 cujus
2762 4187 2951 4232 natura
2993 4177 3133 4247 apud
3174 4194 3274 4234 nos
3313 4194 3417 4234 non
3451 4180 3749 4239 invenitur.

2157 4263 2508 4337 interrogabo
2540 4267 2807 4323 volentem
2834 4270 3184 4335 contendere,
3235 4271 3318 4327 lea
3362 4286 3584 4343 regnum
3621 4284 3706 4330 est
3727 4277 3753 4330 ?

2158 4357 2215 4414 Si
2241 4359 2386 4412 enim
2428 4360 2571 4428 quod
2597 4360 2730 4415 vidit
2760 4362 2946 4417 Daniel
2972 4373 3090 4417 erat
3118 4364 3348 4432 visibile,
3397 4364 3534 4420 leam
3562 4378 3749 4423 autem

2155 4449 2327 4514 vidit;
2359 4466 2464 4507 non
2506 4452 2640 4507 vidit
2669 4469 2913 4524 regnum,
2943 4459 3036 4510 sed
3064 4455 3227 4510 leam.
3261 4455 3341 4512 Ne
3370 4457 3534 4529 igitur
3567 4475 3751 4515 remo-

2156 4555 2378 4598 veamus
2429 4543 2658 4607 dictum,
2716 4545 3055 4614 Scripturam
3117 4547 3422 4603 videamus.
3480 4550 3539 4605 Si
3595 4553 3745 4607 enim

2154 4631 2269 4702 ipse
2322 4631 2512 4687 Daniel
2579 4633 2991 4704 interpr-etans,
3060 4646 3155 4691 aut
3209 4638 3621 4711 interpretatam
3675 4646 3746 4698 ab

2154 4723 2347 4793 angelo
2396 4724 2659 4780 visionem
2686 4728 2858 4792 audit,
2926 4729 3052 4798 quia
3108 4730 3342 4800 primum
3387 4747 3612 4804 regnum
3658 4746 3746 4791 est

2152 4814 2553 4880 Chaldaeorum,
2610 4816 2841 4875 intueris
2880 4821 3006 4890 quia
3043 4822 3188 4890 quod
3236 4824 3411 4878 visum
3465 4835 3589 4891 est,
3655 4825 3740 4881 lea

2150 4914 2306 4971 erat;
2339 4906 2482 4974 quod
2514 4916 2694 4963 autem
2725 4909 3134 4981 interpretatur,
3167 4929 3414 4984 regnum.
3461 4918 3571 4971 Aut
3598 4918 3744 4973 dicat

2152 4995 2242 5066 qui
2271 4995 2525 5064 voluerit,
2553 5009 2713 5069 putas
2742 5000 2853 5056 fera
2883 5002 3061 5073 aliqua
3099 5015 3251 5070 erat,
3289 5016 3342 5061 et
3382 5007 3635 5076 vivebat;
3685 5020 3744 5066 et

2156 5088 2279 5143 talis
2307 5088 2518 5161 qualem
2552 5092 2684 5145 vidit
2730 5093 2964 5150 Daniel?
3022 5096 3079 5151 Si
3116 5105 3295 5153 autem
3332 5098 3564 5172 insignia
3606 5103 3743 5158 vidit

2156 5182 2340 5252 regni,
2411 5183 2913 5255 interpretationem
2965 5199 3145 5244 autem
3198 5191 3437 5262 agnovit,
3498 5194 3741 5251 visiones

2151 5287 2440 5343 corporeas
2468 5274 2649 5331 facere
2678 5293 2783 5332 non
2813 5278 3092 5336 debemus.
3134 5279 3308 5335 Ursus
3345 5291 3524 5336 autem
3569 5297 3739 5353 appa-

2152 5366 2307 5420 rebat
2328 5368 2600 5423 secundus
2631 5379 2746 5439 post
2772 5369 2933 5438 leam,
2959 5382 3014 5426 et
3050 5373 3154 5425 tria
3183 5371 3355 5427 latera
3379 5384 3537 5429 erant
3563 5374 3615 5429 in
3639 5391 3738 5432 ore

2150 5452 2285 5522 ejus.
2327 5454 2492 5512 Putas
2528 5458 2654 5528 quia
2696 5468 2751 5514 et
2795 5458 2966 5516 latera
3007 5461 3129 5517 viva
3169 5471 3344 5529 crant,
3380 5472 3435 5519 et
3476 5463 3617 5518 unde
3669 5480 3733 5520 ea

2150 5548 2345 5616 accipit
2389 5549 2592 5607 ursus?
2647 5550 2812 5608 Putas
2855 5553 3076 5626 aliquod
3143 5555 3347 5612 animal
3415 5570 3739 5628 expugnans

2613 5689 2657 5722 ⁸³
2687 5691 2818 5746 Dan.
2852 5706 2946 5759 vn,
2978 5691 3031 5748 9.
