4134 6404
404 427 537 481 1165

1180 423 1267 477 DE
1306 422 1393 478 ΕΟ
1432 422 1618 489 QUOD
1652 419 1834 476 DEUS
1872 419 2101 474 PATER
2142 416 2644 473 lNCOllPORALIS
2682 418 2833 473 EST.

3528 422 3662 475 Ηῦἒὶ

396 544 543 613 quod
578 542 632 596 in
658 540 1052 597 consuetudine
1090 548 1174 594 est
1217 540 1358 608 apud
1399 553 1530 601 nos;
1566 545 1657 590 aut
1693 537 1981 605 signiﬁcat,
2012 544 2059 598 Α
2088 534 2269 588 futura
2302 542 2486 597 erant;
2542 532 2666 601 quia
2710 546 2829 601 quae
2884 531 3071 601 incipit
3119 532 3319 595 videre,
3370 548 3474 585 non
3524 536 3668 590 videt

396 632 519 704 qdia
558 650 653 704 per
694 635 796 688 tria
848 633 1023 688 latera
1110 640 1219 686 tres
1280 631 1529 698 regiones
1583 630 1799 683 habebit
1856 628 1984 682 illud

397 731 690 783 secundum
745 740 990 798 regnum.
1046 724 1265 781 Tertius
1317 735 1495 779 autem
1528 724 1728 791 pardus
1765 722 1981 791 quidem

396 829 516 876 erat
542 830 802 889 quantum
856 820 923 873 ad
951 819 1238 883 visionem,
1290 826 1523 886 quatuor
1569 826 1749 868 autem
1804 814 1981 881 capita

397 912 652 967 habebat.
713 913 921 980 Siquis
983 921 1158 965 autem
1211 922 1450 965 vestrum
1501 909 1635 962 vidit
1680 908 1732 961 in
1790 918 1981 961 natura

395 1014 632 1074 quatuor
682 1003 859 1071 capita
922 1002 1147 1070 pardum
1206 1000 1520 1065 habentem,
1569 1000 1639 1053 sit
1689 998 1899 1053 visibile
1926 1006 1981 1053 et

396 1096 595 1149 animal
619 1096 782 1149 istud.
831 1095 886 1148 Si
930 1104 1107 1147 autem
1141 1103 1391 1147 naturam
1424 1092 1710 1157 convertit,
1741 1089 1979 1145 forman-

398 1198 485 1243 tur
502 1198 680 1243 autem
709 1203 872 1257 regna
900 1202 994 1252 per
1022 1186 1325 1240 istiusmodi
1358 1185 1619 1247 visiones,
1651 1184 1719 1237 ad
1752 1197 1978 1251 corpora

397 1292 502 1331 non
535 1277 942 1346 compellamus.
999 1275 1188 1341 Quarti
1220 1286 1401 1329 autem
1442 1274 1691 1327 animalis
1724 1274 1775 1327 in
1805 1281 1977 1327 totum

397 1386 497 1425 nec
537 1372 785 1441 ﬁguratio
823 1381 905 1426 est
953 1372 1150 1440 posita,
1212 1384 1277 1423 eo
1340 1370 1482 1438 quod
1532 1369 1873 1422 immutatum
1924 1375 1979 1423 et

397 1477 593 1516 novum
621 1478 650 1516 a
682 1464 893 1517 caeteris
927 1463 1231 1523 videbatur,
1259 1471 1317 1515 ut
1349 1476 1416 1515 ne
1441 1463 1655 1529 quidem
1685 1461 1977 1517 similitudo

396 1554 450 1608 in
476 1570 541 1610 eo
571 1552 795 1623 alicujus
822 1556 1069 1610 animalis
1102 1555 1407 1609 inveniatur
1436 1572 1449 1607 :
1478 1554 1590 1607 haec
1617 1554 1746 1607 vidit
1768 1552 1972 1606 Daniel.

396 1645 466 1699 Et
517 1655 643 1699 ante
702 1646 814 1699 haec
847 1661 861 1698 :
895 1643 1040 1709 Vidi,
1088 1644 1284 1712 inquit,
1347 1655 1581 1712 quatuor
1637 1652 1814 1697 ventos
1862 1641 1976 1695 εωίί

393 1734 724 1788 imminentes
749 1735 804 1788 in
831 1737 966 1787 mari
998 1750 1188 1803 magno
1244 1734 1310 1788 ⁸⁵.
1361 1733 1524 1788 Putas
1564 1745 1617 1788 et
1664 1735 1805 1788 venti
1843 1733 1972 1787 visi-

394 1827 531 1882 biles
578 1826 766 1881 l‘uere?
798 1828 1040 1893 Quatuor
1084 1836 1262 1881 autem
1318 1826 1475 1881 simul
1526 1826 1889 1879 immittuntur
1920 1825 1973 1878 in

2095 641 2213 695 quae
2250 626 2517 687 videntur,
2570 624 2664 677 sed
2713 624 2856 677 videt
2902 640 3019 692 qua:
3063 640 3169 677 non
3217 625 3487 680 videntur.
3546 624 3670 680 ideo

2084 726 2269 771 autem
2335 727 2389 770 et
2436 715 2770 783 nuncupatio
2825 726 2941 768 erat
2992 717 3377 785 prophetarum
3430 717 3552 782 ista,
3613 729 3670 769 ut

2084 810 2392 863 dicerentur
2431 810 2523 877 qui
2560 809 2741 861 vident
2773 825 2785 859 :
2819 807 2944 875 quia
2986 809 3127 860 enim
3170 818 3222 861 et
3252 806 3389 876 apud
3427 825 3524 863 nos
3549 810 3671 878 qui—

2083 902 2205 955 dam
2236 900 2453 968 vident,
2506 901 2726 969 quidam
2764 915 2868 953 non
2899 899 3102 963 vident,
3135 908 3189 954 et
3222 901 3288 953 ad
3320 916 3494 956 czecos
3521 916 3673 955 com--

2081 993 2292 1062 paratio
2320 1002 2402 1047 est
2430 1006 2618 1047 eorum
2641 990 2734 1060 qui
2763 990 2968 1053 vident,
3000 1001 3054 1045 et
3078 991 3367 1047 diversitas
3391 1004 3444 1047 et
3467 995 3668 1048 discre-

2082 1086 2157 1139 tio
2177 1092 2278 1139 est.
2318 1084 2516 1140 Sumus
2551 1097 2729 1140 autem
2772 1094 3035 1155 quantum
3064 1085 3129 1138 ad
3176 1084 3667 1139 considerationem

2082 1178 2348 1231 visionum
2400 1192 2505 1232 non
2556 1178 2819 1232 videntes.
2886 1177 3081 1231 Vident
3135 1186 3314 1229 autem
3365 1178 3662 1246 propheta-.

2080 1284 2200 1338 quae
2242 1285 2340 1323 nos
2386 1284 2492 1322 non
2551 1268 2818 1323 videmus.
2876 1269 2955 1321 Ex
3024 1268 3135 1336 ipsa
3189 1281 3318 1335 ergo
3374 1266 3665 1322 eilicientia

2080 1371 2407 1431 acceperunt
2447 1370 2504 1414 et
2546 1361 2999 1429 nuncupationem
3042 1360 3132 1429 qui
3182 1360 3512 1413 vocabantur
3538 1375 3665 1429 pro—

2078 1455 2254 1522 phetae
2300 1455 2598 1507 secundum
2667 1462 2911 1508 veterem
2975 1468 3194 1517 vocem,
3252 1468 3372 1506 cum
3432 1453 3667 1506 maxime

2078 1554 2404 1615 exceperunt
2455 1545 2540 1599 his
2581 1546 2671 1615 qui
2716 1546 2917 1600 vident.
2972 1543 3123 1599 Unde
3169 1554 3223 1599 et
3261 1546 3439 1599 multae
3474 1546 3665 1599 inscri-

2078 1638 2286 1706 ptiones
2322 1637 2454 1691 tales
2502 1638 2868 1701 inveniuntur,
2923 1637 3047 1690 dum
3102 1638 3277 1690 dicit:
3324 1635 3467 1690 Visio
3504 1654 3663 1707 quam

2077 1733 2203 1784 vidit
2258 1729 2434 1784 Isaias
2499 1732 2745 1784 adversus
2806 1729 3143 1799 zEgyptum:
3189 1727 3327 1781 Wsio
3383 1729 3664 1782 adversum

2076 1822 2425 1893 Babyioniam
2468 1824 2537 1877 ⁸⁸.
2571 1823 2707 1889 Quia
2753 1823 2917 1893 igitur
2956 1825 3228 1886 videbant,
3279 1832 3337 1876 ut
3386 1822 3665 1886 videbant,

395 1916 549 1969 mari.
594 1916 659 1970 Et
703 1931 853 1971 mare
892 1917 1049 1980 vidit,
1089 1916 1178 1970 ubi
1223 1931 1389 1985 agens
1417 1930 1652 1983 praesens
1682 1930 1848 1981 mare,
1887 1922 1977 1969 aut
2006 1909 2053 1967 Β
2082 1916 2339 1969 videbant
2379 1926 2560 1970 autem
2594 1923 2787 1969 nonut
2819 1914 3086 1969 homines.
3139 1913 3268 1980 Quae
3326 1929 3452 1983 ergo
3494 1915 3666 1969 oculis

394 2022 500 2061 non
529 2022 768 2076 praesens
797 2010 1106 2077 conspexit.
1165 2005 1233 2058 Et
1264 2018 1510 2076 quatuor,
1558 2005 1753 2075 inquit,
1795 2021 1978 2058 ascen-

393 2101 583 2153 debant
612 2100 739 2167 fera:
776 2100 840 2152 de
886 2102 1023 2152 mari
1055 2100 1100 2131 ⁸⁵
1133 2118 1144 2152 :
1180 2099 1261 2152 lea
1302 2113 1368 2151 ex
1413 2098 1569 2164 mari,
1601 2108 1656 2151 et
1706 2113 1865 2152 ursus
1908 2112 1975 2150 ex

396 2192 554 2257 mari,
587 2201 640 2244 et
664 2192 863 2260 pardus
886 2206 952 2245 ex
980 2190 1139 2245 mari.
1168 2190 1396 2243 Intueris
1414 2190 1539 2258 quia
1559 2192 1671 2258 ipsa
1695 2189 1974 2257 Scriptura

394 2297 490 2350 per
535 2298 596 2335 ea
631 2298 751 2351 qua:
783 2282 998 2336 videtur
1050 2282 1255 2351 ligare,
1318 2296 1415 2349 per
1462 2281 1651 2335 eadem
1697 2290 1751 2335 et
1792 2281 1970 2335 solvit.

398 2372 540 2427 Mare
580 2374 632 2427 in
668 2374 770 2427 illis
803 2390 907 2428 non
942 2384 1059 2427 erat
1090 2374 1246 2439 locis,
1297 2374 1385 2427 ubi
1419 2382 1537 2427 erat
1587 2373 1792 2429 Daniel.
1839 2373 1972 2428 Puta

393 2466 519 2535 quia
556 2474 675 2520 erat
722 2466 823 2529 lea,
868 2474 921 2519 et
947 2470 1105 2519 ursus
1147 2474 1202 2519 et
1245 2465 1447 2532 pardus
1477 2473 1531 2519 et
1584 2480 1781 2518 novum
1839 2465 1966 2518 illud

392 2558 595 2612 animal
626 2576 641 2613 :
669 2573 735 2613 ex
768 2559 903 2613 mari
927 2557 1201 2627 quomodo
1227 2556 1573 2611 ascendunt?
1610 2556 1764 2612 Venti
1796 2568 1971 2610 autem

394 2651 665 2719 quomodo
720 2651 1011 2705 videntur?
1078 2651 1215 2707 Puta
1280 2651 1405 2720 quia
1482 2651 1595 2703 visa
1661 2658 1786 2702 sunt
1848 2648 1970 2703 ista.

392 2743 653 2798 Ascendit
681 2744 764 2797 lea
790 2759 856 2798 ex
885 2745 1044 2811 mari,
1084 2745 1352 2813 quomodo
1380 2758 1602 2811 regnum
1633 2743 1687 2796 in
1720 2752 1883 2796 terra.
1915 2743 1974 2796 Si

393 2846 571 2888 autem
597 2851 817 2903 regnum
846 2835 897 2888 in
929 2846 1072 2889 terra
1110 2846 1214 2900 est,
1251 2851 1355 2889 non
1399 2845 1480 2888 est
1519 2834 1631 2902 jam
1678 2833 1758 2887 lea
1788 2856 1798 2887 ;
1831 2834 1979 2901 quod

392 2926 538 2978 enim
566 2924 736 2977 visunt
760 2932 843 2978 est
876 2924 1018 2977 aliud
1048 2933 1190 2988 erat,
1240 2924 1383 2993 quod
1422 2932 1599 2976 autem
1657 2922 1975 2990 interpreta-

396 3026 505 3070 tum
550 3017 715 3073 aliud.
772 3016 879 3070 Sed
932 3026 1059 3086 puta
1124 3016 1251 3086 quia
1300 3015 1556 3070 transfert
1594 3024 1649 3068 et
1709 3014 1845 3068 leam
1907 3014 1975 3069 ad

393 3120 617 3177 regnum
648 3125 662 3161 :
696 3108 1086 3176 interpretatur
1128 3110 1270 3162 enim
1308 3107 1533 3177 angelus
1559 3106 1606 3160 ei
1634 3107 1724 3176 qui
1768 3107 1977 3160 viderat

390 3211 443 3257 et
479 3202 715 3272 reliquas
744 3202 889 3256 feras
913 3202 1334 3269 unumquodque
1362 3202 1416 3255 in
1445 3216 1539 3253 sua
1564 3199 1970 3256 constitutione.

392 3291 452 3353 5i
480 3293 580 3346 ista
617 3292 760 3345 enim
792 3306 911 3359 quae
942 3294 1082 3359 apud
1128 3306 1224 3344 nos
1264 3302 1391 3345 sunt
1424 3300 1478 3345 et
1507 3292 1736 3345 visibilia
1766 3292 1969 3345 haben-

396 3393 504 3447 tur,
550 3382 939 3435 transferamus
970 3383 1038 3435 ad
1086 3381 1399 3444 invisibilia,
1455 3390 1509 3435 et
1555 3382 1798 3438 dicamus
1844 3384 1970 3451 quia

391 3490 496 3530 non
544 3477 784 3537 aderant,
835 3474 929 3529 sed
967 3475 1079 3529 visa
1132 3484 1291 3539 sunt;
1322 3484 1378 3529 et
1416 3476 1551 3530 visio
1586 3484 1709 3541 est,
1751 3486 1806 3530 et
1864 3492 1969 3530 non

393 3577 598 3619 naturae
630 3565 930 3634 progenies.
973 3564 1340 3621 Transeamus
1373 3566 1437 3621 ad
1473 3566 1664 3631 Deum,
1696 3566 1782 3621 ubi
1816 3568 1971 3621 sedes

391 3666 518 3711 sunt
570 3658 789 3725 positae;
851 3665 906 3711 et
968 3658 1078 3729 jam
1147 3672 1249 3711 non
1311 3658 1554 3713 dicamus
1618 3658 1773 3713 sedes
1825 3658 1971 3713 aliud

392 3746 620 3817 aliquid,
671 3751 763 3805 sed
805 3751 951 3820 ipsas
989 3752 1145 3805 sedes
1178 3760 1270 3806 :et
1297 3766 1401 3805 non
1432 3750 1542 3821 jam
1572 3750 1815 3806 dicamus
1845 3751 1969 3819 quia

392 3841 544 3894 visus
569 3850 649 3894 est
674 3841 763 3909 qui
797 3856 901 3895 non
925 3850 1007 3896 εει
1039 3843 1288 3907 visibilis,
1317 3844 1410 3897 sed
1434 3844 1567 3898 visio
1588 3852 1688 3898 est.
1722 3841 1967 3898 Judicem

394 3931 733 3985 introducere
752 3932 948 3985 audeat
965 3933 1054 4002 qui
1078 3934 1204 3999 vult,
1233 3935 1311 3988 sic
1328 3934 1573 3987 concedit
1600 3934 1647 3988 ei
1671 3934 1968 4003 Scriptura.

394 4024 701 4079 Meminisse
752 4035 929 4078 autem
984 4034 1194 4095 oportet
1237 4026 1361 4094 quia
1417 4027 1781 4096 suggessimus
1828 4027 1970 4094 quod

393 4116 633 4185 suggerit
669 4124 723 4168 et
757 4126 970 4179 natura,
1017 4117 1142 4185 quia
1187 4117 1328 4171 oculi
1382 4115 1562 4171 futura
1611 4134 1717 4171 non
1763 4118 1967 4172 vident.

394 4203 579 4273 Neque
634 4215 756 4274 post
816 4206 1092 4276 quodlibet
1174 4219 1506 4262 momentum
1586 4208 1665 4263 lea
1734 4208 1968 4277 primum

397 4312 616 4364 regnum
652 4308 777 4353 tunc
815 4300 913 4353 sub
959 4299 1181 4356 Daniele
1232 4311 1368 4367 erat,
1399 4315 1662 4370 ursusque
1704 4299 1818 4368 ejus
1843 4315 1969 4357 suc-

394 4393 560 4445 cessit
610 4406 773 4460 regno
811 4394 1052 4461 :pardus
1089 4394 1309 4447 tertium
1356 4408 1600 4463 regnum.
1658 4394 1771 4448 Non
1823 4396 1968 4449 euitn

394 4498 718 4551 unoquoque
760 4483 978 4537 animali
1020 4498 1267 4553 regnum,
1324 4487 1419 4538 sed
1463 4500 1797 4555 unaquaeque
1853 4488 1967 4542 fera

395 4588 615 4643 regnum
651 4584 736 4627 est
785 4574 989 4629 habens
1032 4575 1228 4630 multos
1270 4591 1443 4645 reges.
1499 4576 1638 4647 Ergo
1682 4592 1850 4647 usque
1900 4579 1967 4634 ad

392 4676 646 4731 quartum
672 4678 895 4731 regnum
936 4665 1088 4718 multi
1125 4680 1295 4735 reges.
1334 4664 1463 4720 Post
1504 4678 1753 4735 quartum
1787 4678 1963 4722 autem

392 4770 615 4822 regnum
663 4753 923 4821 judicium
975 4756 1259 4809 adversum
1324 4751 1574 4826 quatuor,
1641 4765 1696 4813 et
1738 4768 1967 4827 quatuor

392 4860 499 4900 non
535 4845 817 4899 adversum
852 4845 1106 4914 primum.
1148 4846 1332 4899 Daniel
1363 4858 1541 4901 autem
1582 4858 1637 4902 et
1678 4850 1873 4916 primo,
1913 4860 1967 4905 et

391 4937 649 4999 secundo,
700 4944 754 4989 et
800 4936 979 5001 tertio,
1014 4945 1069 4989 et
1109 4944 1305 5004 quarto
1340 4952 1507 5006 regno
1537 4938 1801 5005 judicium
1841 4952 1963 5010 post

392 5028 742 5081 novissimum
767 5038 1053 5095 quartum,
1085 5028 1135 5080 in
1174 5043 1281 5081 uno
1316 5040 1587 5083 momento
1621 5032 1775 5084 vidit.
1816 5030 1964 5085 Nun-

392 5119 519 5189 quid
559 5127 781 5188 possuut
809 5119 1034 5173 adunari
1058 5133 1119 5172 ea
1150 5135 1269 5187 qua:
1302 5120 1458 5174 hodie
1489 5120 1629 5175 facta
1660 5132 1802 5189 sunt,
1836 5139 1959 5177 eum

390 5211 475 5266 his
495 5226 613 5279 qua:
649 5212 885 5265 crastino
923 5211 1071 5275 ﬁent,
1119 5220 1175 5265 et
1218 5214 1380 5266 tertio
1418 5222 1474 5266 et
1512 5224 1707 5283 quarto
1736 5215 1858 5281 die,
1905 5224 1964 5271 ut

391 5300 709 5356 videantur?
742 5298 797 5353 Si
826 5301 989 5370 igitur
1010 5316 1072 5356 ea
1100 5316 1218 5370 quae
1244 5303 1296 5355 in
1330 5312 1559 5371 quatuor
1589 5303 1780 5357 diebus
1804 5306 1958 5373 tiunt,

388 5395 455 5447 ad
494 5405 660 5446 unum
704 5395 1034 5445 momentum
1066 5394 1358 5447 convenire
1389 5409 1492 5447 non
1523 5404 1746 5463 possunt
1782 5411 1796 5446 :
1828 5410 1963 5464 quo-

389 5487 550 5541 modo
572 5500 633 5540 ea
660 5499 779 5556 quae
809 5485 864 5538 in
896 5496 1130 5553 quatuor
1159 5487 1337 5556 regnis
1376 5486 1512 5541 facta
1551 5495 1696 5552 sunt,
1737 5496 1791 5541 et
1830 5487 1962 5542 [ient

387 5580 440 5633 in
474 5578 637 5631 tantis
677 5576 888 5631 saeculis
936 5586 989 5630 et
1028 5580 1385 5648 temporibus,
1440 5579 1492 5633 in
1534 5594 1642 5633 uno
1684 5588 1960 5634 momento

386 5666 559 5722 oculis
616 5667 779 5721 videri
836 5671 1172 5737 potuerunt?
1225 5669 1366 5739 Ergo
1417 5686 1537 5740 qua)
1575 5671 1707 5724 vidit
1760 5669 1955 5725 Daniel

988 5877 1030 5907 ⁸³
1066 5875 1192 5931 ibid.

456 5873 501 5903 ⁸³
545 5873 678 5930 Dan.
724 5891 817 5938 vn,
858 5875 912 5927 2.
988 5877 1030 5907 ⁸³
1066 5875 1192 5931 ibid.
1269 5876 1314 5908 ⁸⁸
1356 5878 1457 5931 lsa.
1501 5893 1608 5942 xix,
1652 5879 1708 5943 l;
1754 5893 1873 5945 xm,
1922 5878 1972 5931 l.

2079 2005 2359 2059 hominum
2395 2020 2498 2059 non
2529 2005 2803 2069 videntur,
2838 2020 2947 2059 non
2978 2014 3106 2058 sunt
3142 2005 3469 2073 corporalia.
3519 2003 3667 2059 Vidit

2078 2096 2266 2150 Daniel
2300 2115 2312 2150 :
2341 2096 2470 2166 quid
2498 2096 2666 2150 vidit?
2689 2098 2812 2165 quia
2844 2100 2989 2150 sedes
3014 2110 3132 2150 sunt
3154 2090 3359 2163 posiae.
3398 2094 3664 2161 Quando?

2080 2185 2136 2239 Si
2181 2187 2325 2239 enim
2371 2186 2637 2255 judicium
2684 2188 2858 2251 vidit,
2901 2196 3027 2240 tunc
3072 2187 3257 2255 utique
3308 2203 3429 2241 cum
3482 2187 3665 2257 quarti

2078 2279 2228 2345 regni
2290 2278 2639 2347 interemptio
2688 2276 2868 2332 futura
2916 2288 3025 2333 est.
3075 2279 3272 2333 lterum
3318 2290 3494 2333 tamen
3539 2295 3662 2333 cum

2078 2369 2193 2423 haec
2243 2369 2479 2433 videret,
2538 2384 2644 2424 non
2690 2370 2893 2424 ﬁebant
2935 2386 2997 2425 ea
3052 2386 3173 2439 quae
3241 2370 3478 2425 videbat.
3555 2370 3665 2425 Cur

2076 2471 2255 2515 autem
2297 2471 2349 2517 et
2381 2462 2540 2516 sedes
2576 2462 2741 2526 videt,
2775 2462 3048 2516 .Iudicium
3094 2463 3253 2523 sedit,
3285 2462 3418 2515 visio
3445 2460 3510 2514 ad
3546 2459 3663 2513 elli-

2077 2553 2331 2607 cientiam
2360 2554 2503 2608 facta
2541 2563 2625 2609 est
2657 2556 2753 2607 rei.
2811 2554 2945 2619 Quia
2980 2556 3121 2606 cnim
3149 2554 3288 2622 apud
3320 2568 3419 2607 nos
3453 2551 3662 2620 judiees

2077 2647 2130 2698 in
2162 2646 2289 2700 sede
2312 2646 2563 2700 sedentes
2596 2647 2842 2701 subditos
2871 2646 2973 2700 sibi
3001 2644 3273 2712 judicant,
3313 2644 3464 2709 dicit,
3498 2643 3661 2697 Sedes

2076 2748 2195 2791 sunt
2229 2739 2435 2806 positw.
2474 2740 2540 2793 Et
2593 2751 2741 2794 certe
2788 2739 2833 2792 si
2889 2739 3009 2792 talis
3057 2749 3202 2793 esset
3243 2740 3383 2792 Deus
3438 2747 3657 2799 natura,

2079 2846 2185 2883 non
2220 2830 2407 2885 debuit
2440 2832 2646 2895 dicere,
2698 2831 2884 2898 posita:
2929 2838 3054 2885 sunt
3098 2830 3276 2896 sedes,
3326 2831 3443 2895 sed,
3481 2841 3658 2885 erant.

2078 2920 2135 2974 Si
2158 2931 2339 2975 autem
2360 2923 2547 2991 positae
2576 2933 2700 2976 sunt
2721 2938 2841 2991 qua:
2867 2939 2972 2976 non
2997 2931 3147 2977 erant
3176 2934 3335 2976 antea
3362 2922 3659 2984 collocatae,

2078 3021 2131 3066 et
2165 3014 2305 3066 sedit
2335 3013 2426 3082 qui
2461 3023 2589 3069 ante
2626 3029 2731 3068 non
2765 3014 3021 3078 sedebat;
3044 3031 3176 3084 ergo
3199 3029 3295 3068 nec
3323 3022 3453 3067 tunc
3475 3013 3664 3083 posita:

2078 3113 2226 3169 sunt,
2255 3120 2354 3159 nec
2385 3115 2511 3161 tunc
2537 3110 2678 3162 sedit
2701 3124 2713 3160 :
2734 3110 2829 3164 sed
2856 3109 3205 3176 ostenditper
3225 3123 3288 3161 ea
3310 3121 3428 3176 quae
3447 3106 3662 3175 cognita

2080 3206 2205 3250 sunt
2262 3196 2417 3252 nobis
2482 3199 2647 3252 verba
2699 3199 3045 3253 efﬁcientiam
3097 3198 3191 3252 Dei
3257 3199 3325 3251 ad
3377 3197 3661 3267 judicium.

2080 3289 2317 3358 Denique
2344 3299 2399 3344 et
2429 3292 2715 3360 descripsit
2748 3292 2859 3345 illic
2890 3291 3040 3346 albos
3084 3290 3328 3357 capillos,
3374 3290 3662 3345 candidam

2074 3390 2302 3446 vestem,
2344 3380 2520 3449 ignem
2567 3392 2695 3437 ante
2726 3382 2986 3451 judicem,
3046 3390 3101 3436 et
3149 3380 3371 3434 [luvium
3418 3382 3656 3451 igneum.

2078 3474 2219 3528 Dicit
2238 3474 2380 3529 enim
2405 3476 2532 3544 quia
2568 3475 2821 3531 Vetusius
2848 3478 3052 3530 dierum
3084 3477 3240 3530 sedit.
3274 3476 3383 3531 Cur
3408 3487 3653 3532 vetustus

2076 3565 2325 3619 dierum?
2373 3566 2441 3619 Et
2488 3576 2634 3621 certe
2664 3582 2733 3621 ne
2763 3568 2979 3635 quidem
3015 3568 3128 3622 dies
3161 3582 3296 3633 opus
3328 3579 3455 3622 sunt
3492 3569 3604 3623 Deo
3642 3589 3654 3622 :

2073 3657 2165 3711 sed
2196 3657 2321 3725 quia
2367 3659 2689 3714 resurrectio
2721 3659 2883 3714 [iebat
2918 3659 2971 3713 in
3002 3660 3149 3715 exitu
3185 3670 3403 3715 aetatum
3438 3676 3658 3730 regum,

2076 3749 2300 3802 multum
2342 3759 2551 3820 tempus
2583 3752 2950 3806 necessarium
2984 3752 3305 3807 habebatur.
3352 3754 3485 3819 Quia
3513 3755 3660 3807 enim

2074 3857 2169 3909 per
2198 3842 2393 3896 multos
2427 3844 2544 3898 dies
2587 3844 2977 3912 expediebatur
3023 3845 3189 3910 istud,
3221 3844 3503 3900 Vetustum
3544 3847 3661 3899 die~

2075 3948 2192 3987 rum
2228 3934 2476 3988 nominat
2508 3934 2771 4003 judicem.
2816 3934 2878 3987 Et
2907 3936 3032 4004 quia
3071 3937 3329 3990 mundum
3362 3945 3479 3991 erat
3511 3936 3661 4003 judio

2073 4027 2215 4081 cium
2279 4035 2334 4081 et
2385 4028 2736 4096 purissimum
2771 4069 2786 4093 ,
2846 4039 2899 4082 et
2960 4028 3284 4096 inﬂexibile;
3321 4030 3429 4084 albi
3481 4031 3658 4100 capilli

2074 4121 2494 4189 mundijudicis,
2532 4130 2587 4175 et
2616 4121 2847 4175 candida
2883 4122 3000 4191 ejus
3033 4123 3353 4178 vestimenta
3386 4132 3441 4177 et
3464 4124 3660 4177 imma-

2071 4211 2249 4264 culata
2283 4211 2541 4265 dicuntur
2572 4227 2585 4262 :
2620 4211 2740 4266 ideo
2766 4220 2822 4266 et
2852 4211 3031 4280 'capilli
3060 4211 3165 4266 albi
3190 4252 3205 4277 ,
3248 4213 3363 4267 sive
3410 4222 3655 4267 vetusta-

2075 4309 2180 4353 tem
2226 4302 2610 4357 annuntiantes
2663 4311 2722 4357 et
2760 4302 2900 4370 ipsi,
2946 4303 3062 4357 sive
3111 4303 3298 4372 judicii
3340 4306 3653 4373 puritatem.

2073 4391 2183 4459 Ego
2206 4401 2385 4446 autem
2418 4402 2472 4447 et
2505 4395 2819 4464 contingere
2856 4394 3166 4449 istiusmodi
3208 4395 3447 4449 habitum
3487 4395 3654 4465 perti-

2072 4498 2273 4536 mesco.
2327 4482 2384 4537 Si
2445 4494 2625 4537 autem
2675 4501 2781 4539 non
2840 4494 2961 4540 erat
3007 4485 3149 4553 quod
3189 4485 3479 4551 diceretur,
3510 4487 3655 4555 quod

2002 4607 2044 4660 Β
2074 4582 2254 4643 posset
2280 4576 2532 4629 omnibus
2560 4575 2730 4630 videri
2763 4576 3018 4629 recedere
3060 4575 3128 4629 ab
3154 4576 3454 4629 istiusmodi
3491 4591 3656 4631 sensu

2075 4674 2330 4719 tacerem.
2371 4662 2478 4718 Sed
2524 4666 2761 4731 timidos,
2792 4667 2984 4735 inquit,
3018 4666 3197 4720 facitis
3224 4667 3361 4721 filios
3394 4667 3556 4721 Israel
3584 4668 3652 4721 ⁸⁷.

2071 4754 2185 4808 Cur
2210 4764 2388 4808 autem
2419 4764 2472 4809 et
2498 4752 2695 4808 ﬂuvius
2733 4755 2841 4810 illic
2885 4756 3071 4825 igneus
3111 4756 3321 4821 currit,
3360 4758 3488 4812 dicit
3526 4760 3653 4827 quia

2072 4846 2358 4901 interfecta
2392 4857 2476 4902 est
2504 4848 2700 4913 bestia,
2740 4856 2794 4902 et
2824 4863 3019 4916 corpus
3053 4847 3169 4916 ejus
3201 4848 3385 4903 datum
3424 4858 3508 4902 est
3544 4850 3652 4918 igni

2072 4938 2136 4991 ad
2166 4940 2526 4993 exurendum.
2560 4937 2675 5007 Qua
2717 4940 2859 4994 enim
2896 4941 3163 4995 sententia
3200 4941 3424 4995 bestiam
3468 4942 3652 4994 mitte—-

2070 5031 2161 5083 hat
2210 5030 2263 5083 in
2304 5030 2506 5099 ignem,
2545 5033 2697 5101 prius
2734 5033 3057 5103 praeparavit
3106 5043 3509 5102 operameutum
3554 5048 3652 5101 per

2069 5122 2211 5189 quod
2248 5123 2488 5175 futurum
2520 5133 2637 5177 erat
2671 5123 2958 5192 judicium.
3018 5127 3091 5179 D'e
3133 5125 3218 5179 his
3258 5125 3422 5193 igitur
3446 5139 3564 5191 quae
3594 5125 3648 5179 in

2068 5213 2289 5268 Daniele
2327 5226 2453 5269 sunt
2486 5216 2658 5285 posita
2688 5256 2703 5282 ,
2747 5232 2814 5270 ex
2862 5218 3050 5272 bestiis
3102 5218 3207 5272 illis
3265 5229 3485 5271 manent
3529 5234 3650 5286 quae

2070 5305 2202 5359 visae
2246 5315 2371 5358 sunt
2423 5306 2588 5371 ferat,
2636 5323 2746 5362 non
2801 5320 2978 5362 autem
3025 5324 3143 5378 quae
3188 5309 3651 5363 annuntiabantur

2070 5410 2234 5467 regna
2265 5437 2280 5463 ,
2312 5408 2366 5450 et
2396 5413 2459 5451 ex
2499 5390 2830 5468 temporibus
2860 5416 2980 5469 qua:
3015 5402 3215 5455 habent
3254 5401 3427 5469 spatia
3471 5416 3647 5453 samu-

2068 5489 2267 5555 lorum,
2304 5506 2425 5559 quae
2457 5491 2743 5559 conjuncta
2785 5504 2912 5547 sunt
2957 5508 3051 5563 per
3099 5493 3359 5547 visionem
3392 5492 3455 5546 ad
3482 5508 3661 5546 unum,

2068 5593 2421 5648 momentum,
2457 5593 2511 5638 et
2536 5598 2602 5638 ex
2644 5600 2709 5640 eo
2745 5585 2886 5655 quod
2936 5586 3197 5655 judicium
3248 5600 3352 5640 non
3400 5596 3525 5639 tunc
3564 5595 3648 5639 est

2064 5673 2289 5741 factum,
2321 5678 2537 5745 quando
2566 5689 2620 5732 et
2648 5680 2821 5735 visum
2866 5689 2982 5747 est;
3030 5695 3133 5736 non
3166 5679 3336 5735 solum
3370 5679 3435 5733 ad
3465 5679 3645 5748 Sttspio

2052 5878 2093 5911 ⁸⁷
2152 5880 2325 5935 Levit.
2381 5896 2473 5937 xv.
2525 5881 2615 5933 5|.
