4134 6402
453 411 584 467 H07

1121 404 1393 462 EUSEBII
1430 401 1907 459 CESARIENSIS
1946 400 2094 456 OPP.
2136 399 2312 474 PARS
2349 398 2439 454 Ν.
2479 429 2549 441 -
2586 395 3005 455 DOGMATICA.

3570 396 3709 452 1168

453 533 677 588 :audum
717 530 885 590 Deum
916 545 1110 598 corpus
1153 543 1275 582 esse
1323 541 1428 578 non
1465 523 1646 579 debuit
1683 539 1786 576 non
1823 523 2022 586 sinere,
2055 526 2099 582 Α
2131 521 2298 574 medio
2329 537 2533 588 campo,
2581 531 2627 574 et
2663 522 2892 574 surrexit
2919 536 3062 575 meus
3090 521 3422 590 manipulus,
3457 529 3503 574 et
3543 530 3709 572 rectus

452 627 540 687 sed
575 626 758 690 [totius
799 627 862 680 ad
899 621 1324 676 satisfactionem
1375 616 1584 679 venire,
1615 615 1739 682 quia
1780 614 2030 682 incorpo-

453 694 591 779 ralis.
614 733 695 776 est
724 721 884 773 Deus.
938 717 1031 768 Est
1080 724 1256 765 autem
1310 709 1536 763 rationis
1579 717 1634 762 et
1688 707 1772 761 his
1829 705 2027 760 similia

451 817 672 886 addere.
715 812 830 881 Ipsa
882 810 1026 862 enim
1061 805 1197 859 visio
1232 801 1465 856 Danielis
1510 816 1631 870 quae
1679 813 1776 868 per
1828 797 2030 851 bestias

452 908 589 962 facta
622 912 725 964 est.
767 915 919 956 soror
966 909 1047 953 est
1089 897 1204 965 ejus
1229 910 1392 964 quam
1430 893 1568 948 vidit
1606 906 1704 961 per
1738 889 2026 958 imaginem

454 994 972 1054 Nabuchodonosor,
1013 1000 1068 1065 e_t
1113 987 1356 1042 salvatur
1398 1001 1518 1039 cum
1560 982 1876 1052 poenitentia
1915 979 2027 1049 (79)

453 1095 850 1158 comparantur,
883 1091 934 1137 et
967 1097 998 1136 e
1026 1088 1214 1134 contra
1253 1085 1530 1147 ponuntur
1554 1089 1616 1128 ea
1651 1087 1770 1142 quae
1810 1071 1860 1124 in
1899 1071 2028 1122 ima-

451 1181 572 1250 gine
593 1179 706 1232 visa
732 1185 874 1241 sunt,
908 1183 962 1228 et
984 1189 1044 1227 ea
1064 1187 1183 1240 quae
1205 1187 1301 1240 per
1325 1169 1587 1224 visionem
1609 1167 1765 1219 istam
1793 1163 2028 1218 ferarum

451 1281 666 1328 ostensa
728 1274 1045 1322 noscuntur.
1094 1264 1338 1330 Quatuor
1389 1260 1534 1314 enim
1585 1266 1744 1312 erant
1801 1265 1856 1309 et
1909 1255 2031 1308 istic

451 1365 579 1420 fera:
603 1364 816 1416 diversa
851 1368 1042 1414 natura
1071 1375 1086 1424 ;
1134 1365 1369 1426 quatuor
1406 1363 1585 1406 autem
1617 1361 1672 1406 et
1705 1351 1812 1406 illic
1859 1357 2031 1404 mate-

452 1459 547 1512 rite
575 1461 908 1510 concurrunt
942 1451 1008 1504 ad
1050 1447 1500 1516 compositionem
1546 1444 1704 1497 unius
1751 1439 2028 1510 imaginis,

449 1560 506 1604 et
544 1549 676 1603 nihil
707 1562 803 1600 nos
833 1543 1082 1612 prohibet
1113 1556 1278 1593 unum
1305 1539 1370 1591 ad
1399 1552 1565 1592 unum
1597 1536 1933 1602 interrogare
1975 1541 2030 1585 et

450 1643 654 1697 videre.
685 1639 791 1693 Lea
818 1650 1047 1706 regnans
1085 1633 1316 1688 habetur
1352 1631 1404 1684 in
1434 1628 1564 1684 feris
1591 1645 1604 1681 :
1631 1642 1819 1680 aurum
1849 1635 2029 1677 autem

449 1732 762 1802 pra-cellens
810 1731 860 1782 in
901 1725 1202 1782 istiusmodi
1249 1721 1494 1778 materiis
1525 1739 1537 1774 :
1565 1719 1728 1788 fulget
1777 1718 1942 1778 enim,
1977 1723 2033 1768 et

451 1831 590 1882 sicut
620 1823 758 1894 ignis
805 1838 856 1876 tn
899 1830 1095 1886 nocte,
1139 1819 1210 1871 ita
1255 1829 1446 1869 aurum
1497 1813 1638 1866 inter
1677 1819 1868 1864 ca‘tera
1913 1822 2033 1877 qua:

2131 614 2291 673 stetit.
2327 623 2374 665 et
2405 613 2634 665 conversi
2669 612 2924 679 manipuli
2964 613 3114 665 vestri
3149 613 3498 665 adoraveruut
3539 625 3710 662 meum

2129 702 2460 770 manipulum
2505 703 2572 758 ⁸⁸.
2612 702 2677 755 Et
2711 702 3102 770 interpretatur
3133 711 3284 770 pater
3304 743 3320 766 ,
3345 709 3399 756 et
3423 698 3710 768 suspican-

2135 805 2220 849 tur
2265 794 2484 857 fratres,
2535 795 2661 862 quia
2719 793 2944 861 iucipict
3005 807 3238 863 regnare
3301 807 3466 861 super
3517 789 3711 846 fratres

2131 904 2278 944 suos.
2306 887 2371 941 Et
2401 904 2542 940 nunc
2569 887 2788 955 quidem
2830 885 3086 956 manipuli
3116 901 3130 940 :
3164 886 3357 938 iterum
3383 892 3562 937 autem
3595 883 3713 950 ipse

2132 980 2298 1033 solem
2331 990 2384 1032 et
2426 979 2606 1031 lunam
2646 977 2793 1031 videt
2831 986 2888 1031 et
2927 977 3171 1030 undecim
3207 977 3406 1030 stellas.
3442 972 3630 1028 Dill‘ert
3655 974 3711 1046 in

2132 1073 2298 1142 gloria
2331 1071 2507 1137 stella,
2553 1069 2860 1138 manipulus
2909 1084 3014 1122 non
3065 1066 3264 1122 differt.
3329 1067 3436 1121 Sed
3489 1073 3716 1135 apparet

2132 1165 2257 1233 quia
2294 1163 2446 1218 stella
2489 1163 2763 1233 manipulo
2810 1162 2876 1215 ad
2915 1161 3056 1230 quod
3096 1171 3319 1230 accepta
3355 1168 3460 1225 est,
3493 1175 3598 1213 non
3629 1168 3716 1213 est

2133 1259 2342 1312 melior.
2379 1256 2514 1312 Cum
2553 1257 2699 1312 enim
2761 1263 2916 1325 pater
2952 1255 3162 1324 positus
3203 1262 3287 1308 est
3323 1253 3376 1307 in
3401 1251 3523 1306 loco
3559 1249 3717 1316 solis,

2132 1360 2306 1405 mater
2346 1358 2522 1404 autem
2571 1349 2624 1403 in
2677 1347 2797 1403 loco
2847 1347 3021 1408 Iunre,
3085 1347 3277 1400 fratres
3318 1355 3716 1412 consequenter

2132 1441 2502 1496 efﬁciebantur
2526 1441 2579 1495 in
2610 1440 2728 1496 loco
2756 1440 3032 1495 stellarum
3069 1457 3082 1492 :
3114 1438 3251 1492 forte
3275 1452 3452 1494 autem
3487 1453 3585 1491 nec
3609 1437 3715 1491 ista

2133 1535 2456 1605 simpliciter
2516 1534 2777 1588 debemus
2837 1531 3074 1586 transire
3121 1549 3133 1584 :
3176 1532 3270 1586 sed
3314 1531 3442 1600 quia
3503 1529 3719 1584 occasio

2135 1627 2473 1681 adorationis
2502 1625 2640 1678 facta
2665 1634 2749 1678 est
2776 1624 3044 1678 fructuum
3082 1623 3434 1686 abundantia,
3462 1622 3587 1676 ideo
3615 1635 3721 1674 non

2136 1719 2204 1772 ab
2237 1719 2340 1772 alia
2367 1717 2658 1772 occasione
2704 1715 2843 1770 vidit
2877 1717 3168 1768 adorantes
3209 1728 3268 1768 se
3311 1712 3533 1774 fratres,
3557 1726 3721 1780 quam

2138 1829 2166 1863 a
2208 1809 2497 1880 manipulis
2531 1809 2816 1864 messium.
2887 1806 2944 1861 Si
2990 1805 3113 1875 quis
3169 1816 3346 1860 autem
3388 1803 3622 1859 voluerit
3669 1812 3726 1860 et

453 1876 816 1988 possidentur.
867 1911 1214 1979 Aecipiamus
1256 1907 1420 1976 igitur
1449 1903 1518 1958 ab
1550 1902 1782 1972 imagine
1815 1901 2032 1970 quidem
2064 1876 2107 1930 Β
2139 1905 2343 1968 stellas,
2374 1913 2432 1956 et
2457 1903 2662 1966 lunam,
2700 1910 2750 1956 et
2782 1900 2954 1955 solem
2989 1899 3290 1970 requirere,
3324 1899 3390 1952 ad
3417 1898 3579 1952 istum
3604 1912 3724 1952 ser-

453 2019 610 2079 caput
660 2021 919 2070 aureum;
973 2019 1002 2057 a
1043 2002 1252 2056 visione
1305 2009 1486 2053 autem
1533 1997 1693 2050 istam
1744 1994 1906 2049 leam.
1968 1991 2035 2046 Et

452 2102 595 2156 forte
618 2101 738 2155 ideo
769 2107 1000 2165 utraque
1033 2093 1263 2148 femineo
1310 2090 1548 2154 nomine,
1598 2089 1723 2159 quia
1761 2095 1816 2140 et
1846 2100 2034 2155 regna.

457 2190 584 2246 Inde
637 2189 969 2244 acciniamus
1019 2193 1340 2255 argenteum
1396 2191 1609 2251 pectus,
1659 2188 1715 2235 et
1761 2178 2032 2233 brachia:

455 2290 575 2353 post
613 2293 827 2341 aurum,
851 2285 1178 2345 argentum,
1217 2280 1344 2342 post
1371 2271 1534 2332 leam,
1558 2283 1742 2338 ursum
1779 2284 1793 2320 :
1831 2275 1885 2320 et
1913 2266 2034 2330 tria,

456 2372 566 2426 illic
605 2375 981 2431 atramentum,
1026 2364 1150 2420 istic
1197 2361 1471 2432 pardum;
1519 2357 1843 2414 subducitur
1893 2355 2035 2408 enim

453 2464 748 2520 secundum
783 2459 1162 2532 paenitentiam
1200 2453 1314 2526 (80)
1356 2451 1710 2523 comparatio.
1764 2451 1891 2504 Inde
1925 2453 2035 2516 jam

459 2557 777 2627 permistum
827 2554 1028 2607 ferrum
1075 2564 1198 2603 cum
1241 2556 1422 2611 testa;
1483 2546 1610 2600 istic
1661 2543 1835 2598 bestia
1885 2541 2040 2610 cujus

458 2651 687 2719 liguram
742 2655 966 2716 propter
1005 2642 1322 2696 varietatem
1373 2655 1478 2694 non
1532 2635 1917 2691 manifestavit.
1976 2634 2042 2688 Et

458 2742 569 2796 illic
609 2740 746 2810 lapis
770 2735 1091 2792 comminuit
1131 2733 1462 2802 imaginem;
1495 2730 1615 2784 istic
1641 2729 1807 2797 judex
1833 2727 2042 2796 judicat

460 2832 684 2888 bestias.
732 2830 790 2884 Si
835 2829 956 2898 quis
1006 2827 1172 2896 igitur
1221 2821 1598 2878 contentiosus
1641 2819 1876 2874 voluerit
1926 2818 2041 2872 haec

459 2923 689 2979 visibilia
719 2935 871 2985 esse,
908 2919 1054 2972 dicat
1087 2914 1242 2969 nobis
1270 2922 1448 2967 utrum
1491 2919 1655 2980 caput
1691 2919 1774 2964 est
1814 2923 2038 2962 aureum

461 3017 546 3070 lea
587 3033 600 3067 :
636 3023 865 3079 utraque
914 3010 1060 3062 enim
1116 3007 1181 3060 ad
1243 3006 1346 3060 hoc
1393 3004 1566 3072 ipsum
1599 3010 1951 3066 concurrunt,
1986 3010 2042 3055 et

462 3114 695 3172 utraque
739 3099 838 3154 sibi
882 3113 987 3152 non
1040 3096 1263 3160 similia,
1315 3108 1491 3162 neque
1523 3095 1613 3162 qui
1663 3092 2036 3146 annuntiatur.

2141 2011 2353 2050 monent
2388 1995 2624 2048 inveniet
2661 2008 3014 2047 concurrere.
3057 1992 3188 2058 Quis
3231 1991 3377 2044 enim
3413 1989 3625 2059 ignorat
3657 2002 3724 2043 ex

2138 2089 2389 2142 omnibus
2414 2086 2581 2158 Moysi
2617 2101 2803 2140 vocem
2827 2128 2840 2150 ,
2868 2085 2993 2154 quia
3022 2099 3089 2138 ex
3119 2083 3362 2153 frugibus
3387 2098 3526 2152 quos
3557 2083 3727 2136 nutrit

2140 2181 2218 2234 sol
2259 2190 2312 2234 et
2346 2179 2471 2233 luna
2498 2221 2512 2243 ,
2554 2178 2696 2233 facta
2726 2180 2941 2233 occasio
2984 2187 3066 2232 est
3099 2177 3364 2231 visionis?
3418 2177 3562 2246 Ergo
3598 2173 3726 2245 quia

2143 2274 2410 2327 fructuum
2443 2282 2566 2327 erat
2589 2274 2829 2335 occasio,
2852 2287 2950 2341 per
2971 2286 3032 2325 ea
3061 2285 3181 2340 quae
3211 2269 3392 2340 fruges
3421 2270 3726 2337 enutriunt,

2143 2365 2286 2419 facta
2313 2375 2397 2420 est
2423 2375 2476 2418 et
2505 2363 2645 2419 visio
2676 2364 2894 2432 duplex.
2926 2362 3254 2433 Putas-ergo
3281 2363 3404 2433 quia
3431 2363 3632 2432 aliquis
3660 2378 3728 2418 ex

2144 2459 2227 2513 his
2249 2459 2341 2528 qui
2367 2458 2584 2521 adsunt,
2620 2457 2909 2527 invigilans
2937 2468 2992 2510 et
3021 2457 3254 2520 sobrius,
3293 2458 3554 2528 cogitavit
3581 2461 3724 2527 apud

2143 2566 2202 2605 se
2234 2560 2292 2605 ut
2325 2551 2561 2616 sobrius,
2595 2550 2723 2620 quia
2755 2551 2873 2605 ista:
2904 2550 3144 2605 visiones
3175 2564 3271 2619 per
3295 2550 3566 2605 insoumia
3591 2557 3718 2604 sunt

2145 2644 2318 2704 facite,
2363 2651 2418 2696 et
2464 2642 2602 2698 forte
2647 2642 3016 2712 suspicabitur
3049 2643 3156 2697 vim
3199 2642 3380 2698 facere
3416 2659 3516 2697 nos
3563 2651 3618 2697 et
3645 2642 3728 2697 his

2143 2735 2442 2790 visionibus
2478 2750 2600 2804 qua:
2651 2749 2747 2803 per
2793 2735 3062 2789 insomnia
3107 2735 3264 2789 facta:
3314 2745 3633 2799 noscuntur,
3670 2743 3726 2790 et

2145 2826 2210 2880 ad
2243 2825 2566 2881 solutionem
2589 2840 2683 2880 eas
2705 2826 2972 2894 accipere,
2995 2842 3115 2895 qua:
3149 2826 3402 2880 videntur
3427 2841 3524 2896 per
3547 2824 3732 2881 oculos

2144 2916 2274 2969 visa:
2307 2914 2375 2969 ah
2400 2914 2826 2984 invigilantibus.
2868 2916 2923 2970 Si
2951 2917 3099 2970 enim
3133 2916 3202 2970 ita
3244 2926 3411 2981 esset,
3447 2918 3730 2986 subripere

2145 3005 2422 3068 deberem,
2472 3013 2526 3058 et
2568 3003 2672 3058 hoc
2721 3004 2896 3074 ipsum
2953 3005 3185 3060 suadere
3228 3015 3279 3059 et
3320 3006 3508 3060 ludere
3542 3021 3554 3055 :
3589 3005 3730 3062 forte

2148 3106 2326 3150 autem
2354 3105 2408 3150 et
2435 3096 2480 3149 si
2519 3097 2829 3162 tacuissem,
2858 3097 2983 3166 quia
3017 3112 3115 3166 per
3145 3096 3409 3152 insomnia
3439 3097 3610 3152 factus
3641 3107 3730 3153 est

461 3195 600 3264 Quid
632 3194 775 3248 enim
802 3193 868 3246 ad
903 3191 1042 3245 leam
1074 3187 1305 3244 aurum?
1338 3186 1480 3253 Quid
1511 3197 1692 3240 autem
1721 3195 1951 3254 utraque
1975 3185 2042 3239 ad
2071 3225 2116 3286 ο
2149 3188 2283 3242 mihi
2309 3202 2511 3254 sermo,
2547 3187 2760 3242 viderer
2794 3188 2875 3242 his
2915 3189 3004 3258 qui
3041 3189 3219 3243 adlmc
3258 3190 3618 3254 somniantur,
3663 3199 3720 3244 et

465 3283 728 3357 regnum?
752 3296 807 3337 et
834 3283 908 3336 ita
946 3295 1009 3334 ea
1039 3296 1160 3348 quae
1189 3279 1571 3348 insequuntur,
1591 3293 1712 3347 quae
1737 3288 1792 3331 et
1814 3277 1882 3331 ab
1907 3277 2043 3355 ima-

462 3378 588 3448 gine
619 3375 992 3445 proferuntur,
1020 3383 1072 3426 et
1102 3387 1220 3441 quae
1250 3386 1279 3424 a
1312 3370 1500 3424 bestiis
1547 3370 1949 3424 discernuntur.
1983 3369 2047 3423 Et

465 3471 574 3526 illic
611 3469 748 3538 lapis
776 3468 896 3522 sine
924 3466 1192 3529 manibus,
1227 3474 1285 3517 ut
1321 3479 1425 3518 non
1464 3463 1697 3517 hominis
1753 3462 1825 3516 sit
1871 3476 2042 3530 opus;

468 3563 589 3618 istic
634 3563 816 3633 judex.
868 3561 934 3614 Et
977 3559 1082 3614 illic
1106 3559 1230 3627 quia
1275 3555 1514 3610 materia:
1567 3562 1759 3621 erant,
1813 3555 2040 3609 commi--

467 3665 738 3718 nuuntur;
777 3653 896 3707 istic
933 3651 1058 3721 quia
1105 3650 1272 3704 bestia
1318 3658 1453 3712 erat,
1492 3648 1543 3700 in
1577 3647 1754 3716 ignem
1787 3647 2045 3702 mittitur.

468 3745 546 3801 Ita
576 3747 836 3800 habemus
866 3756 920 3800 et
947 3743 1248 3798 Pharaonis
1277 3741 1457 3809 spicas
1481 3779 1499 3806 ,
1535 3749 1590 3793 et
1621 3739 1787 3794 boves
1818 3748 2048 3808 septem,

469 3847 524 3891 et
557 3837 781 3906 pingues
821 3845 875 3889 et
914 3833 1254 3889 macilentas.
1291 3831 1359 3885 Et
1401 3841 1663 3902 quantum
1693 3832 1761 3885 ad
1798 3841 2048 3886 naturam

469 3939 718 3996 speetat,
769 3928 935 3982 boves
986 3926 1201 3995 quidem
1245 3927 1425 3994 spicas
1477 3926 1839 3989 manducauit,
1889 3925 2053 3994 spica:

469 4031 648 4075 autem
681 4036 709 4073 a
751 4021 923 4074 bobus
970 4020 1352 4073 eomeduntur.
1404 4018 1555 4084 Quod
1610 4027 1788 4072 autem
1843 4017 2053 4088 signiﬁ-

469 4123 627 4168 catur
679 4121 733 4166 et
782 4113 850 4165 ab
905 4112 988 4164 his
1017 4110 1106 4178 qui
1144 4109 1558 4173 manducantur,
1616 4119 1670 4164 et
1724 4112 1791 4163 ab
1840 4111 1927 4164 his
1961 4110 2053 4180 qui

472 4204 835 4266 manducent,
893 4203 1064 4272 ipsam
1117 4203 1472 4270 eamdemque
1524 4201 1723 4255 habent
1768 4201 2051 4256 virtutem.

470 4297 550 4351 Ad
577 4295 720 4365 quod
746 4295 887 4348 enim
927 4293 1102 4348 fuerat
1142 4303 1421 4362 acceptum
1467 4307 1572 4348 non
1621 4293 1906 4362 dissentit,
1958 4293 2051 4347 sed

471 4401 525 4445 et
553 4389 862 4444 necessaria
889 4388 1026 4441 visio
1050 4397 1156 4442 est.
1189 4385 1328 4452 Quia
1365 4387 1508 4440 enim
1529 4386 1598 4439 de
1627 4385 1804 4450 annis,
1830 4396 1884 4441 et
1916 4386 2058 4440 nati-

475 4483 665 4549 vitate,
695 4489 752 4536 et
784 4480 1056 4534 fructibus
1081 4489 1221 4541 erat,
1259 4479 1423 4547 spicae
1465 4488 1650 4531 autem
1694 4477 1890 4531 horum
1935 4486 2059 4531 sunt

2152 3278 2455 3332 imuditum
2507 3277 2721 3332 edicere
2756 3279 2886 3347 quid
2930 3287 2988 3333 et
3031 3279 3313 3333 exhibere.
3371 3280 3508 3342 Quia
3554 3289 3734 3335 autem

2153 3371 2401 3427 veritatis
2425 3380 2507 3425 est
2541 3370 2716 3438 locus,
2776 3379 2832 3425 et
2881 3387 2984 3426 non
3037 3387 3137 3428 nos
3188 3373 3451 3428 seducere
3498 3382 3736 3442 Oportet,

2153 3481 2329 3537 neque
2385 3466 2626 3521 suasioni
2685 3475 2932 3536 captare,
2996 3467 3234 3521 sciamus
3279 3467 3403 3536 quia
3461 3467 3575 3521 haec
3616 3453 3770 3536 quas.

2153 3558 2296 3614 dicta
2324 3568 2450 3613 sunt
2475 3558 2656 3612 omnia
2686 3573 2782 3628 per
2820 3557 3088 3613 insomnia
3114 3559 3230 3612 visa
3267 3567 3392 3613 sunt
3417 3574 3431 3609 :
3469 3559 3740 3627 siquidem

2152 3660 2208 3706 et
2245 3649 2748 3704 Nabuchodonosor
2793 3650 3061 3704 somnium
3105 3651 3258 3718 vidit,
3304 3661 3358 3705 et
3389 3651 3572 3705 Daniel
3610 3650 3741 3705 illud

2155 3743 2298 3812 quod
2345 3741 2578 3796 diximus
2617 3756 2714 3810 per
2769 3742 3040 3796 somnium
3093 3743 3249 3805 vidit,
3297 3754 3350 3797 et
3397 3741 3646 3806 Pharao,
3688 3751 3746 3798 et

2164 3834 2365 3904 Joseph
2392 3849 2488 3904 per
2513 3834 2785 3889 insomnia
2813 3835 3122 3890 habuerunt
3152 3835 3285 3890 istas
3314 3829 3744 3891 visiones.‘Nihil

2155 3943 2284 3998 ergo
2321 3928 2518 3980 mirum
2575 3927 2619 3981 si
2671 3937 2725 3980 et
2775 3927 2934 3982 nobis
2983 3942 3078 3997 per
3123 3929 3393 3983 insomnia
3443 3938 3745 3999 appareant

2156 4022 2278 4089 qua:
2313 4021 2586 4074 videntur.
2639 4020 2758 4073 Alia
2791 4021 2935 4074 enim
2979 4021 3044 4074 de
3073 4021 3194 4076 aliis
3239 4020 3551 4091 frequenter
3593 4023 3746 4077 vide-

2157 4128 2299 4178 mus,
2330 4121 2418 4165 aut
2467 4121 2840 4180 tempestatem
2869 4112 3059 4176 maris,
3091 4122 3184 4165 aut
3213 4114 3571 4183 nosmetipsos
3603 4113 3744 4168 trahi

2158 4221 2187 4258 a
2222 4203 2420 4270 fluviis,
2448 4213 2538 4257 aut
2563 4213 2743 4273 prata,
2781 4214 2875 4258 aut
2905 4204 3149 4268 fructus;
3195 4215 3287 4259 aut
3328 4206 3450 4274 quia
3483 4207 3551 4261 de
3589 4206 3749 4261 tectis

2159 4297 2468 4365 dejicimur,
2499 4307 2595 4350 aut
2622 4297 2748 4365 quia
2781 4297 3063 4350 thesauros
3098 4295 3430 4361 invenimus,
3481 4308 3576 4352 aut
3617 4298 3744 4368 quia

2159 4388 2440 4443 amisimus
2459 4389 2684 4458 aliquid,
2709 4397 2800 4441 aut
2831 4388 2956 4458 quia
2983 4389 3370 4458 subingressus
3395 4399 3478 4444 est
3500 4391 3748 4459 quidam,

2161 4489 2255 4533 aut
2285 4479 2413 4548 quia
2457 4480 2599 4535 alius
2632 4481 2818 4544 exivit,
2859 4489 2952 4533 aut
2994 4480 3122 4550 quia
3173 4481 3386 4535 locutus
3435 4491 3518 4536 est
3565 4483 3754 4536 nescio

476 4572 797 4640 genitrices;
846 4585 943 4640 per
986 4568 1165 4636 spicas
1204 4569 1421 4635 quidem
1473 4567 1598 4620 anui
1642 4567 2053 4622 annuntiantur.
2089 4584 2135 4639 ι)
2164 4572 2308 4641 quis,
2345 4583 2437 4626 aut
2481 4573 2607 4641 quia
2639 4572 2790 4626 dedit
2837 4571 3054 4640 aliquis.
3110 4571 3279 4625 Erant
3330 4582 3511 4626 autem
3557 4587 3751 4626 omnes

476 4665 610 4730 Quia
646 4673 822 4716 autem
850 4676 947 4730 per
975 4674 1139 4730 opera
1167 4661 1328 4714 boum
1355 4671 1654 4713 nascuntur
1681 4658 1866 4728 spicae,
1892 4658 2057 4714 boves

474 4771 710 4828 quorum
731 4755 977 4824 operatio
999 4751 1188 4823 fruges
1215 4762 1363 4820 sunt,
1400 4761 1454 4807 et
1483 4753 1648 4821 spicae
1676 4752 1837 4806 boum
1863 4753 2059 4807 nativi-

479 4861 653 4916 ta’es;
713 4857 934 4917 accepta
991 4845 1208 4916 quidem
1257 4854 1384 4900 sunt
1430 4846 1614 4912 varie,
1667 4847 2060 4899 annuntiarunt

478 4953 658 4997 autem
697 4939 914 4995 effectu.
964 4938 1131 4993 Putas
1166 4953 1294 5007 ergo
1350 4938 1559 4992 fructus
1607 4937 1763 4992 bovis
1813 4948 1930 5004 est,
1968 4948 2063 4992 alit

478 5036 652 5104 spicae
689 5033 900 5086 anuus?
936 5029 1041 5084 Sed
1076 5031 1177 5082 alia
1222 5030 1438 5098 quidem
1477 5039 1602 5083 sunt
1634 5045 1754 5099 qua:
1787 5029 2060 5094 videntur,

483 5126 588 5179 alia
625 5135 807 5178 autem
838 5138 958 5192 qua:
985 5119 1404 5175 atmuntiantur.
1432 5117 1634 5184 Joseph
1669 5126 1851 5170 autem
1889 5117 2064 5169 maui-

483 5217 638 5285 pulos
680 5215 808 5270 vidit
848 5233 862 5268 :
899 5227 1081 5268 nonne
1135 5210 1396 5264 deberent
1437 5219 1494 5262 et
1551 5209 1675 5262 istic
1715 5209 1843 5262 anni
1905 5208 2065 5262 esse?

487 5310 593 5360 Sed
625 5308 700 5360 ait
734 5303 1072 5361 :‘Samniavit
1110 5313 1284 5354 autem
1313 5299 1572 5352 somnium
1598 5296 1814 5366 Ioseph,
1841 5308 1888 5352 et
1923 5307 2067 5351 retu-

487 5399 548 5450 lit
575 5399 826 5467 {ratribus
865 5398 997 5462 suis,
1043 5405 1092 5449 et
1117 5393 1252 5446 dixit
1280 5393 1354 5446 eis
1403 5391 1630 5443 :Audite
1663 5391 1925 5444 somnium
1969 5391 2067 5442 hoc

489 5489 626 5557 quod
659 5488 936 5543 somniavi.
981 5483 1249 5538 Putabam
1285 5497 1378 5535 nos
1414 5480 1635 5548 alligare
1673 5480 1968 5548 manipulos
2013 5479 2067 5532 in

560 5607 606 5637 ⁸⁸
630 5605 764 5661 Gen.
801 5621 1006 5666 xxxvii,
1037 5604 1088 5656 5.
1166 5601 1211 5631 ⁸⁸
1243 5600 1342 5654 lsa.
1374 5615 1522 5661 xxix,
1559 5599 1611 5650 8.

564 5729 675 5798 (79)
707 5725 836 5780 Cum
873 5725 1196 5798 paenitentia.
1220 5722 1499 5798 _|n_terpres
1533 5720 1744 5798 videtur
1781 5719 2069 5789 μετάνοιαν

477 5791 850 5866 -ρυεήἱιὲηεὶηηι
875 5793 1067 5866 legisse
1093 5792 1455 5866 pros-.dtvoww
1483 5791 1871 5866 cogitationem.

573 5866 683 5937 (80)
718 5859 1106 5917 Pwnitentiami
1144 5861 1239 5916 llic
1272 5875 1484 5931 quoque
1520 5859 1754 5914 διάνοιαν
1799 5859 2072 5928 rogitatio-

2165 4664 2282 4717 ἰδίω
2316 4663 2660 4724 ambitiones.
2712 4664 2856 4718 sicut
2890 4663 3022 4718 dicit
3068 4661 3236 4718 Isaias
3271 4679 3284 4715 :
3317 4662 3466 4718 Sicut
3497 4665 3590 4733 qui
3621 4664 3752 4718 vidit

2165 4756 2499 4823 semetipsum
2541 4755 2946 4809 manducantem
2971 4773 3062 4824 per
3083 4773 3321 4811 somnum
3345 4768 3433 4809 aut
3467 4755 3748 4820 bibentem,

2167 4846 2420 4914 euigilans
2455 4857 2629 4899 autem
2674 4847 2847 4900 adhuc
2890 4849 3052 4900 esurit
3082 4857 3172 4900 aut
3205 4848 3314 4901 sitit
3350 4847 3416 4899 ⁸⁸.
3458 4847 3593 4901 Cum
3633 4863 3753 4901 ma-

2172 4937 2317 4990 xime
2351 4937 2449 4990 visi
2485 4953 2671 4993 sumus
2699 4938 3002 4993 exsolvisse
3031 4947 3085 4992 et
3117 4939 3216 4993 ista
3241 4980 3254 5003 ,
3287 4949 3340 4992 et
3381 4939 3757 5008 unusquisque

2173 5029 2508 5084 audientiqu
2531 5032 2644 5100 jam
2683 5048 2835 5088 suam
2870 5033 3138 5088 refecerat
3181 5043 3456 5097 mentem,
3496 5042 3753 5101 tanquam

2177 5121 2449 5177 solutione
2479 5123 2702 5178 iuventa
2729 5124 3167 5180 etsollicitudine
3195 5123 3401 5188 soluta;
3427 5124 3605 5178 subito
3634 5139 3758 5193 quae

2176 5223 2374 5282 putata-
2402 5226 2529 5270 sunt
2553 5217 2790 5271 visiones
2824 5217 3054 5272 somniis
3084 5214 3352 5281 revelalte,
3380 5215 3575 5269 iterum
3600 5215 3760 5270 nobis

2175 5307 2621 5362 constrinxerunt
2690 5309 2908 5363 vincula
2964 5310 3320 5378 quaestionum
3355 5348 3372 5373 ,
3444 5316 3498 5362 et
3545 5316 3761 5376 tempus

2177 5398 2970 5465 apprehendittaciturnitatis.
3022 5398 3185 5453 Forte
3229 5414 3334 5453 non
3384 5399 3759 5469 importunum

2182 5496 2394 5556 tempus
2429 5505 2603 5560 neque
2635 5490 2826 5545 inutile
2853 5499 2958 5546 est.
3003 5489 3058 5544 Si
3091 5489 3236 5544 enim
3281 5502 3336 5544 et
3364 5490 3582 5561 quidam
3617 5504 3760 5558 prie-

2180 5739 2294 5794 nem
2334 5723 2512 5792 potius
2541 5737 2702 5790 quam
2748 5723 3038 5794 μετάνοιαν
3072 5721 3427 5793 ptenitentiam
3473 5719 3762 5789 legendum

2179 5792 2345 5850 fuisse
2381 5793 2609 5850 videtur.
