  <div class='ocr_page' id='page_1' title='image "/cluster/home/n/w/nwhite01/storage/ocr_20150623/24:no.6/coo.31924054873058/598.png"; bbox 0 0 4134 6402; ppageno 0'>
   <div class='ocr_carea' id='block_1_1' title="bbox 439 348 576 402">
    <p class='ocr_par' dir='ltr' id='par_1_1' title="bbox 439 348 576 402">
     <span class='ocr_line' id='line_1_1' title="bbox 439 348 576 402; baseline -0.007 0"><span class='ocrx_word' id='word_1_1' title='bbox 439 348 576 402; x_wconf 69' lang='lat'><strong>“69</strong></span> 
     </span>
    </p>
   </div>
   <div class='ocr_carea' id='block_1_2' title="bbox 1780 342 2375 407">
    <p class='ocr_par' dir='ltr' id='par_1_2' title="bbox 1780 342 2375 407">
     <span class='ocr_line' id='line_1_2' title="bbox 1780 342 2375 407; baseline 0.005 -11"><span class='ocrx_word' id='word_1_2' title='bbox 1780 342 1845 396; x_wconf 85' lang='lat' dir='ltr'><strong>1N</strong></span> <span class='ocrx_word' id='word_1_3' title='bbox 1888 342 2147 398; x_wconf 80' lang='lat' dir='ltr'><strong>MATTH.</strong></span> <span class='ocrx_word' id='word_1_4' title='bbox 2184 343 2252 407; x_wconf 77' lang='grc' dir='ltr'><strong>Χ,</strong></span> <span class='ocrx_word' id='word_1_5' title='bbox 2289 342 2375 399; x_wconf 74' lang='grc'><strong>34.</strong></span> 
     </span>
    </p>
   </div>
   <div class='ocr_carea' id='block_1_3' title="bbox 3570 335 3703 389">
    <p class='ocr_par' dir='ltr' id='par_1_3' title="bbox 3570 335 3703 389">
     <span class='ocr_line' id='line_1_3' title="bbox 3570 335 3703 389; baseline 0.008 -1"><span class='ocrx_word' id='word_1_6' title='bbox 3570 335 3703 389; x_wconf 80' lang='lat' dir='ltr'><strong>H70</strong></span> 
     </span>
    </p>
   </div>
   <div class='ocr_carea' id='block_1_4' title="bbox 436 452 3703 535">
    <p class='ocr_par' dir='ltr' id='par_1_4' title="bbox 436 452 3703 535">
     <span class='ocr_line' id='line_1_4' title="bbox 436 452 3703 535; baseline -0.001 -23"><span class='ocrx_word' id='word_1_7' title='bbox 436 464 671 517; x_wconf 78' lang='lat' dir='ltr'><strong>sentium</strong></span> <span class='ocrx_word' id='word_1_8' title='bbox 697 476 801 526; x_wconf 87' lang='lat' dir='ltr'><strong>est,</strong></span> <span class='ocrx_word' id='word_1_9' title='bbox 836 464 924 532; x_wconf 99' lang='lat' dir='ltr'><strong>qui</strong></span> <span class='ocrx_word' id='word_1_10' title='bbox 968 466 1159 519; x_wconf 89' lang='lat' dir='ltr'><strong>horum</strong></span> <span class='ocrx_word' id='word_1_11' title='bbox 1192 464 1471 521; x_wconf 86' lang='lat' dir='ltr'><strong>scientiam</strong></span> <span class='ocrx_word' id='word_1_12' title='bbox 1506 477 1602 531; x_wconf 89' lang='lat' dir='ltr'><strong>per</strong></span> <span class='ocrx_word' id='word_1_13' title='bbox 1628 471 1840 517; x_wconf 86' lang='lat' dir='ltr'><strong>noctem</strong></span> <span class='ocrx_word' id='word_1_14' title='bbox 1880 462 2024 516; x_wconf 87' lang='lat' dir='ltr'><strong>acci-</strong></span> <span class='ocrx_word' id='word_1_15' title='bbox 2053 472 2097 525; x_wconf 86' lang='grc' dir='ltr'><strong>Α</strong></span> <span class='ocrx_word' id='word_1_16' title='bbox 2129 466 2240 520; x_wconf 88' lang='lat' dir='ltr'><strong>sive</strong></span> <span class='ocrx_word' id='word_1_17' title='bbox 2283 466 2425 518; x_wconf 88' lang='lat' dir='ltr'><strong>enim</strong></span> <span class='ocrx_word' id='word_1_18' title='bbox 2458 467 2581 535; x_wconf 85' lang='lat' dir='ltr'><strong>quis</strong></span> <span class='ocrx_word' id='word_1_19' title='bbox 2626 466 2847 532; x_wconf 86' lang='lat' dir='ltr'><strong>cogitat,</strong></span> <span class='ocrx_word' id='word_1_20' title='bbox 2883 463 2995 515; x_wconf 80' lang='lat' dir='ltr'><strong>sive</strong></span> <span class='ocrx_word' id='word_1_21' title='bbox 3021 460 3142 528; x_wconf 89' lang='lat' dir='ltr'><strong>quis</strong></span> <span class='ocrx_word' id='word_1_22' title='bbox 3179 452 3414 512; x_wconf 82' lang='lat' dir='ltr'><strong>intentus</strong></span> <span class='ocrx_word' id='word_1_23' title='bbox 3448 468 3548 521; x_wconf 86' lang='lat' dir='ltr'><strong>cst,</strong></span> <span class='ocrx_word' id='word_1_24' title='bbox 3590 458 3703 511; x_wconf 79' lang='lat' dir='ltr'><strong>sive</strong></span> 
     </span>
    </p>
   </div>
   <div class='ocr_carea' id='block_1_5' title="bbox 437 557 2021 627">
    <p class='ocr_par' dir='ltr' id='par_1_5' title="bbox 437 557 2021 627">
     <span class='ocr_line' id='line_1_5' title="bbox 437 557 2021 627; baseline -0.001 -18"><span class='ocrx_word' id='word_1_25' title='bbox 437 572 565 623; x_wconf 89' lang='lat' dir='ltr'><strong>pere</strong></span> <span class='ocrx_word' id='word_1_26' title='bbox 603 557 822 625; x_wconf 87' lang='lat' dir='ltr'><strong>incipiet</strong></span> <span class='ocrx_word' id='word_1_27' title='bbox 851 567 1088 612; x_wconf 84' lang='lat' dir='ltr'><strong>tractans</strong></span> <span class='ocrx_word' id='word_1_28' title='bbox 1117 568 1171 612; x_wconf 91' lang='lat' dir='ltr'><strong>et</strong></span> <span class='ocrx_word' id='word_1_29' title='bbox 1218 557 1589 627; x_wconf 75' lang='lat' dir='ltr'><strong>repercutiens</strong></span> <span class='ocrx_word' id='word_1_30' title='bbox 1637 557 1899 609; x_wconf 88' lang='lat' dir='ltr'><strong>insomnia</strong></span> <span class='ocrx_word' id='word_1_31' title='bbox 1921 595 1935 617; x_wconf 95' lang='lat'><strong>,</strong></span> <span class='ocrx_word' id='word_1_32' title='bbox 1966 564 2021 609; x_wconf 92' lang='lat' dir='ltr'><strong>et</strong></span> 
     </span>
    </p>
   </div>
   <div class='ocr_carea' id='block_1_6' title="bbox 438 647 2020 718">
    <p class='ocr_par' dir='ltr' id='par_1_6' title="bbox 438 647 2020 718">
     <span class='ocr_line' id='line_1_6' title="bbox 438 647 2020 718; baseline -0.001 -17"><span class='ocrx_word' id='word_1_33' title='bbox 438 663 507 702; x_wconf 90' lang='lat' dir='ltr'><strong>ne</strong></span> <span class='ocrx_word' id='word_1_34' title='bbox 553 649 772 718; x_wconf 81' lang='lat' dir='ltr'><strong>quidem</strong></span> <span class='ocrx_word' id='word_1_35' title='bbox 817 649 921 718; x_wconf 89' lang='lat' dir='ltr'><strong>ipsi</strong></span> <span class='ocrx_word' id='word_1_36' title='bbox 972 664 1165 705; x_wconf 90' lang='lat' dir='ltr'><strong>somno</strong></span> <span class='ocrx_word' id='word_1_37' title='bbox 1205 650 1531 711; x_wconf 83' lang='lat' dir='ltr'><strong>concedens,</strong></span> <span class='ocrx_word' id='word_1_38' title='bbox 1581 647 1720 701; x_wconf 89' lang='lat' dir='ltr'><strong>forte</strong></span> <span class='ocrx_word' id='word_1_39' title='bbox 1773 654 2020 700; x_wconf 89' lang='lat' dir='ltr'><strong>scrutans</strong></span> 
     </span>
    </p>
   </div>
   <div class='ocr_carea' id='block_1_7' title="bbox 440 738 2021 810">
    <p class='ocr_par' dir='ltr' id='par_1_7' title="bbox 440 738 2021 810">
     <span class='ocr_line' id='line_1_7' title="bbox 440 738 2021 810; baseline -0.003 -15"><span class='ocrx_word' id='word_1_40' title='bbox 440 757 534 810; x_wconf 88' lang='lat' dir='ltr'><strong>per</strong></span> <span class='ocrx_word' id='word_1_41' title='bbox 562 752 771 796; x_wconf 86' lang='lat' dir='ltr'><strong>noctem</strong></span> <span class='ocrx_word' id='word_1_42' title='bbox 801 758 922 796; x_wconf 92' lang='lat' dir='ltr'><strong>cum</strong></span> <span class='ocrx_word' id='word_1_43' title='bbox 952 744 1083 807; x_wconf 90' lang='lat' dir='ltr'><strong>otio,</strong></span> <span class='ocrx_word' id='word_1_44' title='bbox 1115 751 1169 796; x_wconf 91' lang='lat' dir='ltr'><strong>et</strong></span> <span class='ocrx_word' id='word_1_45' title='bbox 1199 756 1227 793; x_wconf 88' lang='lat' dir='ltr'><strong>a</strong></span> <span class='ocrx_word' id='word_1_46' title='bbox 1260 740 1463 793; x_wconf 90' lang='lat' dir='ltr'><strong>lumine</strong></span> <span class='ocrx_word' id='word_1_47' title='bbox 1494 749 1757 794; x_wconf 92' lang='lat' dir='ltr'><strong>nocturno</strong></span> <span class='ocrx_word' id='word_1_48' title='bbox 1782 738 2021 801; x_wconf 74' lang='lat' dir='ltr'><strong>fulgores</strong></span> 
     </span>
    </p>
   </div>
   <div class='ocr_carea' id='block_1_8' title="bbox 439 830 2017 903">
    <p class='ocr_par' dir='ltr' id='par_1_8' title="bbox 439 830 2017 903">
     <span class='ocr_line' id='line_1_8' title="bbox 439 830 2017 903; baseline -0.001 -18"><span class='ocrx_word' id='word_1_49' title='bbox 439 833 734 902; x_wconf 87' lang='lat' dir='ltr'><strong>accipiens,</strong></span> <span class='ocrx_word' id='word_1_50' title='bbox 785 842 990 903; x_wconf 62' lang='lat' dir='ltr'><strong>qua&#39;ret</strong></span> <span class='ocrx_word' id='word_1_51' title='bbox 1034 832 1374 886; x_wconf 83' lang='lat' dir='ltr'><strong>vinculorum</strong></span> <span class='ocrx_word' id='word_1_52' title='bbox 1422 830 1613 884; x_wconf 85' lang='lat' dir='ltr'><strong>horum</strong></span> <span class='ocrx_word' id='word_1_53' title='bbox 1677 830 2017 885; x_wconf 76' lang='lat' dir='ltr'><strong>solutiones:</strong></span> 
     </span>
    </p>
   </div>
   <div class='ocr_carea' id='block_1_9' title="bbox 440 925 2022 993">
    <p class='ocr_par' dir='ltr' id='par_1_9' title="bbox 440 925 2022 993">
     <span class='ocr_line' id='line_1_9' title="bbox 440 925 2022 993; baseline -0.003 -14"><span class='ocrx_word' id='word_1_54' title='bbox 440 935 495 979; x_wconf 89' lang='lat' dir='ltr'><strong>et</strong></span> <span class='ocrx_word' id='word_1_55' title='bbox 526 927 570 979; x_wconf 91' lang='lat' dir='ltr'><strong>si</strong></span> <span class='ocrx_word' id='word_1_56' title='bbox 616 925 827 993; x_wconf 88' lang='lat' dir='ltr'><strong>quidem</strong></span> <span class='ocrx_word' id='word_1_57' title='bbox 865 925 1133 979; x_wconf 77' lang='lat' dir='ltr'><strong>invenerit</strong></span> <span class='ocrx_word' id='word_1_58' title='bbox 1166 925 1407 979; x_wconf 87' lang='lat' dir='ltr'><strong>lucratus</strong></span> <span class='ocrx_word' id='word_1_59' title='bbox 1445 932 1562 987; x_wconf 82' lang='lat' dir='ltr'><strong>est,</strong></span> <span class='ocrx_word' id='word_1_60' title='bbox 1613 931 1668 976; x_wconf 92' lang='lat' dir='ltr'><strong>et</strong></span> <span class='ocrx_word' id='word_1_61' title='bbox 1706 937 1919 976; x_wconf 90' lang='lat' dir='ltr'><strong>sursum</strong></span> <span class='ocrx_word' id='word_1_62' title='bbox 1967 929 2022 975; x_wconf 91' lang='lat' dir='ltr'><strong>et</strong></span> 
     </span>
    </p>
   </div>
   <div class='ocr_carea' id='block_1_10' title="bbox 439 1014 2023 1084">
    <p class='ocr_par' dir='ltr' id='par_1_10' title="bbox 439 1014 2023 1084">
     <span class='ocr_line' id='line_1_10' title="bbox 439 1014 2023 1084; baseline -0.003 -13"><span class='ocrx_word' id='word_1_63' title='bbox 439 1020 693 1072; x_wconf 90' lang='lat' dir='ltr'><strong>deorsum</strong></span> <span class='ocrx_word' id='word_1_64' title='bbox 729 1028 1071 1082; x_wconf 90' lang='lat' dir='ltr'><strong>convertens,</strong></span> <span class='ocrx_word' id='word_1_65' title='bbox 1109 1028 1165 1071; x_wconf 91' lang='lat' dir='ltr'><strong>et</strong></span> <span class='ocrx_word' id='word_1_66' title='bbox 1201 1031 1449 1084; x_wconf 82' lang='lat' dir='ltr'><strong>quaerens</strong></span> <span class='ocrx_word' id='word_1_67' title='bbox 1489 1024 1543 1069; x_wconf 91' lang='lat' dir='ltr'><strong>et</strong></span> <span class='ocrx_word' id='word_1_68' title='bbox 1598 1014 1866 1079; x_wconf 88' lang='lat' dir='ltr'><strong>volutans,</strong></span> <span class='ocrx_word' id='word_1_69' title='bbox 1899 1030 2023 1084; x_wconf 80' lang='lat' dir='ltr'><strong>per-</strong></span> 
     </span>
    </p>
   </div>
   <div class='ocr_carea' id='block_1_11' title="bbox 436 1106 2019 1173">
    <p class='ocr_par' dir='ltr' id='par_1_11' title="bbox 436 1106 2019 1173">
     <span class='ocr_line' id='line_1_11' title="bbox 436 1106 2019 1173; baseline -0.003 -9"><span class='ocrx_word' id='word_1_70' title='bbox 436 1110 584 1165; x_wconf 88' lang='lat' dir='ltr'><strong>sistit</strong></span> <span class='ocrx_word' id='word_1_71' title='bbox 630 1112 681 1163; x_wconf 92' lang='lat' dir='ltr'><strong>in</strong></span> <span class='ocrx_word' id='word_1_72' title='bbox 724 1110 959 1173; x_wconf 90' lang='lat' dir='ltr'><strong>incerto,</strong></span> <span class='ocrx_word' id='word_1_73' title='bbox 1010 1109 1293 1163; x_wconf 83' lang='lat' dir='ltr'><strong>sollicitior</strong></span> <span class='ocrx_word' id='word_1_74' title='bbox 1342 1107 1486 1162; x_wconf 88' lang='lat' dir='ltr'><strong>venit</strong></span> <span class='ocrx_word' id='word_1_75' title='bbox 1532 1107 1598 1161; x_wconf 91' lang='lat' dir='ltr'><strong>ad</strong></span> <span class='ocrx_word' id='word_1_76' title='bbox 1654 1106 2019 1161; x_wconf 83' lang='lat' dir='ltr'><strong>inventionem</strong></span> 
     </span>
    </p>
   </div>
   <div class='ocr_carea' id='block_1_12' title="bbox 441 1195 2021 1269">
    <p class='ocr_par' dir='ltr' id='par_1_12' title="bbox 441 1195 2021 1269">
     <span class='ocr_line' id='line_1_12' title="bbox 441 1195 2021 1269; baseline -0.005 -12"><span class='ocrx_word' id='word_1_77' title='bbox 441 1201 751 1257; x_wconf 88' lang='lat' dir='ltr'><strong>solutionis.</strong></span> <span class='ocrx_word' id='word_1_78' title='bbox 811 1201 936 1255; x_wconf 90' lang='lat' dir='ltr'><strong>Scio</strong></span> <span class='ocrx_word' id='word_1_79' title='bbox 986 1209 1164 1255; x_wconf 88' lang='lat' dir='ltr'><strong>autem</strong></span> <span class='ocrx_word' id='word_1_80' title='bbox 1206 1200 1331 1269; x_wconf 90' lang='lat' dir='ltr'><strong>quia</strong></span> <span class='ocrx_word' id='word_1_81' title='bbox 1388 1198 1759 1266; x_wconf 89' lang='lat' dir='ltr'><strong>unusquisque</strong></span> <span class='ocrx_word' id='word_1_82' title='bbox 1802 1196 1893 1265; x_wconf 86' lang='lat' dir='ltr'><strong>qui</strong></span> <span class='ocrx_word' id='word_1_83' title='bbox 1936 1195 2021 1249; x_wconf 88' lang='lat' dir='ltr'><strong>hic</strong></span> 
     </span>
    </p>
   </div>
   <div class='ocr_carea' id='block_1_13' title="bbox 441 1288 2019 1360">
    <p class='ocr_par' dir='ltr' id='par_1_13' title="bbox 441 1288 2019 1360">
     <span class='ocr_line' id='line_1_13' title="bbox 441 1288 2019 1360; baseline -0.004 -14"><span class='ocrx_word' id='word_1_84' title='bbox 441 1293 671 1359; x_wconf 86' lang='lat' dir='ltr'><strong>assistit,</strong></span> <span class='ocrx_word' id='word_1_85' title='bbox 707 1293 897 1347; x_wconf 79' lang='lat' dir='ltr'><strong>exiens</strong></span> <span class='ocrx_word' id='word_1_86' title='bbox 929 1292 995 1346; x_wconf 90' lang='lat' dir='ltr'><strong>de</strong></span> <span class='ocrx_word' id='word_1_87' title='bbox 1029 1293 1112 1345; x_wconf 88' lang='lat' dir='ltr'><strong>his</strong></span> <span class='ocrx_word' id='word_1_88' title='bbox 1138 1291 1355 1360; x_wconf 84' lang='lat' dir='ltr'><strong>quidem</strong></span> <span class='ocrx_word' id='word_1_89' title='bbox 1383 1291 1488 1344; x_wconf 91' lang='lat' dir='ltr'><strong>erit</strong></span> <span class='ocrx_word' id='word_1_90' title='bbox 1520 1288 1805 1351; x_wconf 88' lang='lat' dir='ltr'><strong>sollicitus,</strong></span> <span class='ocrx_word' id='word_1_91' title='bbox 1833 1302 2019 1341; x_wconf 87' lang='lat' dir='ltr'><strong>curam</strong></span> 
     </span>
    </p>
   </div>
   <div class='ocr_carea' id='block_1_14' title="bbox 439 1379 2021 1449">
    <p class='ocr_par' dir='ltr' id='par_1_14' title="bbox 439 1379 2021 1449">
     <span class='ocr_line' id='line_1_14' title="bbox 439 1379 2021 1449; baseline -0.004 -12"><span class='ocrx_word' id='word_1_92' title='bbox 439 1385 644 1439; x_wconf 86' lang='lat' dir='ltr'><strong>ventris</strong></span> <span class='ocrx_word' id='word_1_93' title='bbox 690 1400 790 1439; x_wconf 91' lang='lat' dir='ltr'><strong>non</strong></span> <span class='ocrx_word' id='word_1_94' title='bbox 823 1384 1027 1439; x_wconf 81' lang='lat' dir='ltr'><strong>faciens</strong></span> <span class='ocrx_word' id='word_1_95' title='bbox 1064 1398 1079 1436; x_wconf 91' lang='lat'><strong>:</strong></span> <span class='ocrx_word' id='word_1_96' title='bbox 1116 1383 1255 1438; x_wconf 90' lang='lat' dir='ltr'><strong>forte</strong></span> <span class='ocrx_word' id='word_1_97' title='bbox 1299 1392 1480 1437; x_wconf 90' lang='lat' dir='ltr'><strong>autem</strong></span> <span class='ocrx_word' id='word_1_98' title='bbox 1525 1382 1747 1449; x_wconf 88' lang='lat' dir='ltr'><strong>quidam</strong></span> <span class='ocrx_word' id='word_1_99' title='bbox 1789 1389 1843 1433; x_wconf 88' lang='lat' dir='ltr'><strong>et</strong></span> <span class='ocrx_word' id='word_1_100' title='bbox 1882 1379 2021 1432; x_wconf 89' lang='lat' dir='ltr'><strong>indi-</strong></span> 
     </span>
    </p>
   </div>
   <div class='ocr_carea' id='block_1_15' title="bbox 437 1474 2016 1548">
    <p class='ocr_par' dir='ltr' id='par_1_15' title="bbox 437 1474 2016 1548">
     <span class='ocr_line' id='line_1_15' title="bbox 437 1474 2016 1548; baseline -0.003 -17"><span class='ocrx_word' id='word_1_101' title='bbox 437 1488 715 1548; x_wconf 87' lang='lat' dir='ltr'><strong>gnantur,</strong></span> <span class='ocrx_word' id='word_1_102' title='bbox 771 1479 893 1543; x_wconf 89' lang='lat' dir='ltr'><strong>quia</strong></span> <span class='ocrx_word' id='word_1_103' title='bbox 953 1478 1335 1548; x_wconf 84' lang='lat' dir='ltr'><strong>protendiinus</strong></span> <span class='ocrx_word' id='word_1_104' title='bbox 1394 1490 1745 1539; x_wconf 89' lang='lat' dir='ltr'><strong>sermonem;</strong></span> <span class='ocrx_word' id='word_1_105' title='bbox 1804 1474 2016 1542; x_wconf 86' lang='lat' dir='ltr'><strong>plurimi</strong></span> 
     </span>
    </p>
   </div>
   <div class='ocr_carea' id='block_1_16' title="bbox 437 1566 2018 1626">
    <p class='ocr_par' dir='ltr' id='par_1_16' title="bbox 437 1566 2018 1626">
     <span class='ocr_line' id='line_1_16' title="bbox 437 1566 2018 1626; baseline -0.003 -3"><span class='ocrx_word' id='word_1_106' title='bbox 437 1572 581 1625; x_wconf 85' lang='lat' dir='ltr'><strong>enim</strong></span> <span class='ocrx_word' id='word_1_107' title='bbox 614 1572 1021 1626; x_wconf 89' lang='lat' dir='ltr'><strong>obdormientes</strong></span> <span class='ocrx_word' id='word_1_108' title='bbox 1066 1584 1120 1626; x_wconf 90' lang='lat' dir='ltr'><strong>et</strong></span> <span class='ocrx_word' id='word_1_109' title='bbox 1163 1573 1215 1625; x_wconf 92' lang='lat' dir='ltr'><strong>in</strong></span> <span class='ocrx_word' id='word_1_110' title='bbox 1272 1570 1411 1626; x_wconf 91' lang='lat' dir='ltr'><strong>facie</strong></span> <span class='ocrx_word' id='word_1_111' title='bbox 1452 1569 1638 1625; x_wconf 91' lang='lat' dir='ltr'><strong>volunt</strong></span> <span class='ocrx_word' id='word_1_112' title='bbox 1681 1583 1747 1623; x_wconf 85' lang='lat' dir='ltr'><strong>ex</strong></span> <span class='ocrx_word' id='word_1_113' title='bbox 1794 1566 2018 1620; x_wconf 91' lang='lat' dir='ltr'><strong>aliorum</strong></span> 
     </span>
    </p>
   </div>
   <div class='ocr_carea' id='block_1_17' title="bbox 437 1659 2017 1730">
    <p class='ocr_par' dir='ltr' id='par_1_17' title="bbox 437 1659 2017 1730">
     <span class='ocr_line' id='line_1_17' title="bbox 437 1659 2017 1730; baseline -0.002 -16"><span class='ocrx_word' id='word_1_114' title='bbox 437 1662 712 1717; x_wconf 85' lang='lat' dir='ltr'><strong>laboribus</strong></span> <span class='ocrx_word' id='word_1_115' title='bbox 738 1671 793 1717; x_wconf 93' lang='lat' dir='ltr'><strong>et</strong></span> <span class='ocrx_word' id='word_1_116' title='bbox 821 1664 1107 1718; x_wconf 87' lang='lat' dir='ltr'><strong>sudoribus</strong></span> <span class='ocrx_word' id='word_1_117' title='bbox 1132 1663 1249 1717; x_wconf 83' lang='lat' dir='ltr'><strong>sine</strong></span> <span class='ocrx_word' id='word_1_118' title='bbox 1279 1663 1467 1716; x_wconf 88' lang='lat' dir='ltr'><strong>labore</strong></span> <span class='ocrx_word' id='word_1_119' title='bbox 1491 1670 1679 1730; x_wconf 90' lang='lat' dir='ltr'><strong>parata</strong></span> <span class='ocrx_word' id='word_1_120' title='bbox 1707 1659 2017 1726; x_wconf 86' lang='lat' dir='ltr'><strong>suscipere;</strong></span> 
     </span>
    </p>
   </div>
   <div class='ocr_carea' id='block_1_18' title="bbox 439 1752 2019 1825">
    <p class='ocr_par' dir='ltr' id='par_1_18' title="bbox 439 1752 2019 1825">
     <span class='ocr_line' id='line_1_18' title="bbox 439 1752 2019 1825; baseline -0.004 -16"><span class='ocrx_word' id='word_1_121' title='bbox 439 1755 482 1809; x_wconf 88' lang='lat' dir='ltr'><strong>si</strong></span> <span class='ocrx_word' id='word_1_122' title='bbox 508 1763 688 1809; x_wconf 90' lang='lat' dir='ltr'><strong>autem</strong></span> <span class='ocrx_word' id='word_1_123' title='bbox 716 1761 770 1808; x_wconf 93' lang='lat' dir='ltr'><strong>et</strong></span> <span class='ocrx_word' id='word_1_124' title='bbox 796 1756 1154 1825; x_wconf 90' lang='lat' dir='ltr'><strong>susceperint,</strong></span> <span class='ocrx_word' id='word_1_125' title='bbox 1184 1754 1275 1823; x_wconf 92' lang='lat' dir='ltr'><strong>qui</strong></span> <span class='ocrx_word' id='word_1_126' title='bbox 1323 1763 1503 1808; x_wconf 89' lang='lat' dir='ltr'><strong>autem</strong></span> <span class='ocrx_word' id='word_1_127' title='bbox 1538 1752 1875 1807; x_wconf 88' lang='lat' dir='ltr'><strong>adinveniant</strong></span> <span class='ocrx_word' id='word_1_128' title='bbox 1915 1766 2019 1804; x_wconf 93' lang='lat' dir='ltr'><strong>non</strong></span> 
     </span>
    </p>
   </div>
   <div class='ocr_carea' id='block_1_19' title="bbox 2125 550 3704 625">
    <p class='ocr_par' dir='ltr' id='par_1_19' title="bbox 2125 550 3704 625">
     <span class='ocr_line' id='line_1_19' title="bbox 2125 550 3704 625; baseline -0.007 -13"><span class='ocrx_word' id='word_1_129' title='bbox 2125 562 2244 625; x_wconf 82' lang='lat' dir='ltr'><strong>quis</strong></span> <span class='ocrx_word' id='word_1_130' title='bbox 2278 559 2620 613; x_wconf 87' lang='lat' dir='ltr'><strong>commodum</strong></span> <span class='ocrx_word' id='word_1_131' title='bbox 2657 556 2885 624; x_wconf 89' lang='lat' dir='ltr'><strong>accepit,</strong></span> <span class='ocrx_word' id='word_1_132' title='bbox 2917 554 3031 608; x_wconf 90' lang='lat' dir='ltr'><strong>sive</strong></span> <span class='ocrx_word' id='word_1_133' title='bbox 3065 551 3185 622; x_wconf 89' lang='lat' dir='ltr'><strong>quis</strong></span> <span class='ocrx_word' id='word_1_134' title='bbox 3211 550 3480 605; x_wconf 84' lang='lat' dir='ltr'><strong>convertit</strong></span> <span class='ocrx_word' id='word_1_135' title='bbox 3506 564 3704 618; x_wconf 88' lang='lat' dir='ltr'><strong>oppro-</strong></span> 
     </span>
    </p>
   </div>
   <div class='ocr_carea' id='block_1_20' title="bbox 2124 639 3705 717">
    <p class='ocr_par' dir='ltr' id='par_1_20' title="bbox 2124 639 3705 717">
     <span class='ocr_line' id='line_1_20' title="bbox 2124 639 3705 717; baseline -0.006 -13"><span class='ocrx_word' id='word_1_136' title='bbox 2124 649 2321 713; x_wconf 89' lang='lat' dir='ltr'><strong>brium,</strong></span> <span class='ocrx_word' id='word_1_137' title='bbox 2356 648 2587 717; x_wconf 90' lang='lat' dir='ltr'><strong>gaudeo.</strong></span> <span class='ocrx_word' id='word_1_138' title='bbox 2628 645 2685 699; x_wconf 88' lang='lat' dir='ltr'><strong>Si</strong></span> <span class='ocrx_word' id='word_1_139' title='bbox 2731 654 2911 699; x_wconf 90' lang='lat' dir='ltr'><strong>autem</strong></span> <span class='ocrx_word' id='word_1_140' title='bbox 2940 642 3216 712; x_wconf 86' lang='lat' dir='ltr'><strong>neglignnt</strong></span> <span class='ocrx_word' id='word_1_141' title='bbox 3246 642 3338 710; x_wconf 92' lang='lat' dir='ltr'><strong>qui</strong></span> <span class='ocrx_word' id='word_1_142' title='bbox 3370 639 3615 707; x_wconf 90' lang='lat' dir='ltr'><strong>audiunt,</strong></span> <span class='ocrx_word' id='word_1_143' title='bbox 3649 648 3705 694; x_wconf 91' lang='lat' dir='ltr'><strong>et</strong></span> 
     </span>
    </p>
   </div>
   <div class='ocr_carea' id='block_1_21' title="bbox 2124 733 3699 809">
    <p class='ocr_par' dir='ltr' id='par_1_21' title="bbox 2124 733 3699 809">
     <span class='ocr_line' id='line_1_21' title="bbox 2124 733 3699 809; baseline -0.009 -11"><span class='ocrx_word' id='word_1_144' title='bbox 2124 741 2470 798; x_wconf 81' lang='lat' dir='ltr'><strong>dissimulant</strong></span> <span class='ocrx_word' id='word_1_145' title='bbox 2503 740 2593 809; x_wconf 91' lang='lat' dir='ltr'><strong>qui</strong></span> <span class='ocrx_word' id='word_1_146' title='bbox 2628 740 2911 801; x_wconf 88' lang='lat' dir='ltr'><strong>docentur,</strong></span> <span class='ocrx_word' id='word_1_147' title='bbox 2944 752 3105 806; x_wconf 90' lang='lat' dir='ltr'><strong>quam</strong></span> <span class='ocrx_word' id='word_1_148' title='bbox 3145 735 3407 788; x_wconf 89' lang='lat' dir='ltr'><strong>rationem</strong></span> <span class='ocrx_word' id='word_1_149' title='bbox 3434 733 3585 786; x_wconf 88' lang='lat' dir='ltr'><strong>dabit</strong></span> <span class='ocrx_word' id='word_1_150' title='bbox 3612 733 3699 801; x_wconf 87' lang='lat' dir='ltr'><strong>qui</strong></span> 
     </span>
    </p>
   </div>
   <div class='ocr_carea' id='block_1_22' title="bbox 2123 824 3700 900">
    <p class='ocr_par' dir='ltr' id='par_1_22' title="bbox 2123 824 3700 900">
     <span class='ocr_line' id='line_1_22' title="bbox 2123 824 3700 900; baseline -0.009 -11"><span class='ocrx_word' id='word_1_151' title='bbox 2123 835 2448 890; x_wconf 89' lang='lat' dir='ltr'><strong>constitutus</strong></span> <span class='ocrx_word' id='word_1_152' title='bbox 2481 841 2567 886; x_wconf 86' lang='lat' dir='ltr'><strong>est</strong></span> <span class='ocrx_word' id='word_1_153' title='bbox 2604 832 2881 900; x_wconf 82' lang='lat' dir='ltr'><strong>magister,</strong></span> <span class='ocrx_word' id='word_1_154' title='bbox 2929 836 2983 881; x_wconf 92' lang='lat' dir='ltr'><strong>et</strong></span> <span class='ocrx_word' id='word_1_155' title='bbox 3032 841 3135 880; x_wconf 91' lang='lat' dir='ltr'><strong>non</strong></span> <span class='ocrx_word' id='word_1_156' title='bbox 3166 825 3515 895; x_wconf 65' lang='lat' dir='ltr'><strong>quaestiosum</strong></span> <span class='ocrx_word' id='word_1_157' title='bbox 3551 824 3700 885; x_wconf 91' lang='lat' dir='ltr'><strong>dicit,</strong></span> 
     </span>
    </p>
   </div>
   <div class='ocr_carea' id='block_1_23' title="bbox 2123 913 3701 995">
    <p class='ocr_par' dir='ltr' id='par_1_23' title="bbox 2123 913 3701 995">
     <span class='ocr_line' id='line_1_23' title="bbox 2123 913 3701 995; baseline -0.01 -16"><span class='ocrx_word' id='word_1_158' title='bbox 2123 926 2216 979; x_wconf 90' lang='lat' dir='ltr'><strong>sed</strong></span> <span class='ocrx_word' id='word_1_159' title='bbox 2244 940 2363 995; x_wconf 71' lang='lat' dir='ltr'><strong>quae</strong></span> <span class='ocrx_word' id='word_1_160' title='bbox 2405 922 2644 992; x_wconf 88' lang='lat' dir='ltr'><strong>impertit</strong></span> <span class='ocrx_word' id='word_1_161' title='bbox 2671 920 2816 991; x_wconf 80' lang='lat' dir='ltr'><strong>gregi</strong></span> <span class='ocrx_word' id='word_1_162' title='bbox 2855 918 3103 972; x_wconf 89' lang='lat' dir='ltr'><strong>Domini?</strong></span> <span class='ocrx_word' id='word_1_163' title='bbox 3127 916 3460 986; x_wconf 89' lang='lat' dir='ltr'><strong>lmprccatur</strong></span> <span class='ocrx_word' id='word_1_164' title='bbox 3484 913 3701 982; x_wconf 88' lang='lat' dir='ltr'><strong>quidem</strong></span> 
     </span>
    </p>
   </div>
   <div class='ocr_carea' id='block_1_24' title="bbox 2125 1010 3699 1075">
    <p class='ocr_par' dir='ltr' id='par_1_24' title="bbox 2125 1010 3699 1075">
     <span class='ocr_line' id='line_1_24' title="bbox 2125 1010 3699 1075; baseline -0.009 -3"><span class='ocrx_word' id='word_1_165' title='bbox 2125 1017 2191 1071; x_wconf 90' lang='lat' dir='ltr'><strong>ab</strong></span> <span class='ocrx_word' id='word_1_166' title='bbox 2217 1032 2282 1071; x_wconf 91' lang='lat' dir='ltr'><strong>eo</strong></span> <span class='ocrx_word' id='word_1_167' title='bbox 2306 1030 2495 1071; x_wconf 89' lang='lat' dir='ltr'><strong>omnes</strong></span> <span class='ocrx_word' id='word_1_168' title='bbox 2522 1014 2782 1069; x_wconf 89' lang='lat' dir='ltr'><strong>sollicitos</strong></span> <span class='ocrx_word' id='word_1_169' title='bbox 2809 1026 2952 1074; x_wconf 87' lang='lat' dir='ltr'><strong>esse,</strong></span> <span class='ocrx_word' id='word_1_170' title='bbox 2976 1019 3045 1063; x_wconf 14' lang='lat' dir='ltr'><strong>act</strong></span> <span class='ocrx_word' id='word_1_171' title='bbox 3068 1010 3321 1073; x_wconf 86' lang='lat' dir='ltr'><strong>scrutari,</strong></span> <span class='ocrx_word' id='word_1_172' title='bbox 3351 1016 3403 1061; x_wconf 88' lang='lat' dir='ltr'><strong>et</strong></span> <span class='ocrx_word' id='word_1_173' title='bbox 3434 1021 3699 1075; x_wconf 62' lang='lat' dir='ltr'><strong>quaerere,</strong></span> 
     </span>
    </p>
   </div>
   <div class='ocr_carea' id='block_1_25' title="bbox 2123 1099 3707 1173">
    <p class='ocr_par' dir='ltr' id='par_1_25' title="bbox 2123 1099 3707 1173">
     <span class='ocr_line' id='line_1_25' title="bbox 2123 1099 3707 1173; baseline -0.011 -8"><span class='ocrx_word' id='word_1_174' title='bbox 2123 1118 2177 1165; x_wconf 89' lang='lat' dir='ltr'><strong>et</strong></span> <span class='ocrx_word' id='word_1_175' title='bbox 2208 1118 2413 1173; x_wconf 90' lang='lat' dir='ltr'><strong>tenere,</strong></span> <span class='ocrx_word' id='word_1_176' title='bbox 2460 1116 2515 1162; x_wconf 88' lang='lat' dir='ltr'><strong>et</strong></span> <span class='ocrx_word' id='word_1_177' title='bbox 2558 1107 2786 1165; x_wconf 88' lang='lat' dir='ltr'><strong>discere,</strong></span> <span class='ocrx_word' id='word_1_178' title='bbox 2834 1112 2888 1157; x_wconf 90' lang='lat' dir='ltr'><strong>et</strong></span> <span class='ocrx_word' id='word_1_179' title='bbox 2923 1101 3273 1157; x_wconf 82' lang='lat' dir='ltr'><strong>fructificare.</strong></span> <span class='ocrx_word' id='word_1_180' title='bbox 3305 1099 3361 1152; x_wconf 95' lang='lat' dir='ltr'><strong>Si</strong></span> <span class='ocrx_word' id='word_1_181' title='bbox 3416 1107 3597 1150; x_wconf 87' lang='lat' dir='ltr'><strong>autem</strong></span> <span class='ocrx_word' id='word_1_182' title='bbox 3649 1103 3707 1149; x_wconf 90' lang='lat' dir='ltr'><strong>et</strong></span> 
     </span>
    </p>
   </div>
   <div class='ocr_carea' id='block_1_26' title="bbox 2123 1186 3704 1271">
    <p class='ocr_par' dir='ltr' id='par_1_26' title="bbox 2123 1186 3704 1271">
     <span class='ocr_line' id='line_1_26' title="bbox 2123 1186 3704 1271; baseline -0.01 -16"><span class='ocrx_word' id='word_1_183' title='bbox 2123 1202 2340 1271; x_wconf 88' lang='lat' dir='ltr'><strong>quidam</strong></span> <span class='ocrx_word' id='word_1_184' title='bbox 2382 1199 2683 1270; x_wconf 83' lang='lat' dir='ltr'><strong>negligunt,</strong></span> <span class='ocrx_word' id='word_1_185' title='bbox 2710 1196 2909 1265; x_wconf 91' lang='lat' dir='ltr'><strong>quibus</strong></span> <span class='ocrx_word' id='word_1_186' title='bbox 2936 1208 3033 1247; x_wconf 91' lang='lat' dir='ltr'><strong>nec</strong></span> <span class='ocrx_word' id='word_1_187' title='bbox 3071 1190 3366 1245; x_wconf 84' lang='lat' dir='ltr'><strong>convenire</strong></span> <span class='ocrx_word' id='word_1_188' title='bbox 3395 1186 3704 1243; x_wconf 91' lang='lat' dir='ltr'><strong>sollicitudo</strong></span> 
     </span>
    </p>
   </div>
   <div class='ocr_carea' id='block_1_27' title="bbox 2123 1277 3701 1360">
    <p class='ocr_par' dir='ltr' id='par_1_27' title="bbox 2123 1277 3701 1360">
     <span class='ocr_line' id='line_1_27' title="bbox 2123 1277 3701 1360; baseline -0.01 -14"><span class='ocrx_word' id='word_1_189' title='bbox 2123 1303 2228 1360; x_wconf 84' lang='lat' dir='ltr'><strong>est,</strong></span> <span class='ocrx_word' id='word_1_190' title='bbox 2263 1293 2397 1347; x_wconf 88' lang='lat' dir='ltr'><strong>nihil</strong></span> <span class='ocrx_word' id='word_1_191' title='bbox 2441 1294 2543 1346; x_wconf 87' lang='lat' dir='ltr'><strong>hoc</strong></span> <span class='ocrx_word' id='word_1_192' title='bbox 2579 1291 2643 1344; x_wconf 89' lang='lat' dir='ltr'><strong>ad</strong></span> <span class='ocrx_word' id='word_1_193' title='bbox 2677 1305 2760 1343; x_wconf 90' lang='lat' dir='ltr'><strong>me</strong></span> <span class='ocrx_word' id='word_1_194' title='bbox 2793 1307 2805 1340; x_wconf 86' lang='lat'><strong>:</strong></span> <span class='ocrx_word' id='word_1_195' title='bbox 2839 1298 2892 1341; x_wconf 88' lang='lat' dir='ltr'><strong>et</strong></span> <span class='ocrx_word' id='word_1_196' title='bbox 2930 1296 3077 1339; x_wconf 87' lang='lat' dir='ltr'><strong>certe</strong></span> <span class='ocrx_word' id='word_1_197' title='bbox 3107 1283 3172 1337; x_wconf 89' lang='lat' dir='ltr'><strong>ad</strong></span> <span class='ocrx_word' id='word_1_198' title='bbox 3204 1298 3319 1347; x_wconf 90' lang='lat' dir='ltr'><strong>me;</strong></span> <span class='ocrx_word' id='word_1_199' title='bbox 3361 1280 3531 1350; x_wconf 84' lang='lat' dir='ltr'><strong>tangit</strong></span> <span class='ocrx_word' id='word_1_200' title='bbox 3557 1277 3701 1333; x_wconf 87' lang='lat' dir='ltr'><strong>enim</strong></span> 
     </span>
    </p>
   </div>
   <div class='ocr_carea' id='block_1_28' title="bbox 2125 1374 3705 1449">
    <p class='ocr_par' dir='ltr' id='par_1_28' title="bbox 2125 1374 3705 1449">
     <span class='ocr_line' id='line_1_28' title="bbox 2125 1374 3705 1449; baseline -0.009 -10"><span class='ocrx_word' id='word_1_201' title='bbox 2125 1400 2210 1439; x_wconf 90' lang='lat' dir='ltr'><strong>me</strong></span> <span class='ocrx_word' id='word_1_202' title='bbox 2240 1393 2293 1439; x_wconf 90' lang='lat' dir='ltr'><strong>et</strong></span> <span class='ocrx_word' id='word_1_203' title='bbox 2325 1384 2646 1449; x_wconf 86' lang='lat' dir='ltr'><strong>contristat;</strong></span> <span class='ocrx_word' id='word_1_204' title='bbox 2683 1392 2861 1434; x_wconf 87' lang='lat' dir='ltr'><strong>tamen</strong></span> <span class='ocrx_word' id='word_1_205' title='bbox 2898 1378 3013 1433; x_wconf 90' lang='lat' dir='ltr'><strong>sive</strong></span> <span class='ocrx_word' id='word_1_206' title='bbox 3050 1376 3238 1446; x_wconf 84' lang='lat' dir='ltr'><strong>paucis</strong></span> <span class='ocrx_word' id='word_1_207' title='bbox 3270 1374 3503 1428; x_wconf 88' lang='lat' dir='ltr'><strong>eflicitur</strong></span> <span class='ocrx_word' id='word_1_208' title='bbox 3525 1386 3705 1426; x_wconf 90' lang='lat' dir='ltr'><strong>sermo</strong></span> 
     </span>
    </p>
   </div>
   <div class='ocr_carea' id='block_1_29' title="bbox 2124 1465 3702 1542">
    <p class='ocr_par' dir='ltr' id='par_1_29' title="bbox 2124 1465 3702 1542">
     <span class='ocr_line' id='line_1_29' title="bbox 2124 1465 3702 1542; baseline -0.011 -9"><span class='ocrx_word' id='word_1_209' title='bbox 2124 1478 2240 1533; x_wconf 87' lang='lat' dir='ltr'><strong>sive</strong></span> <span class='ocrx_word' id='word_1_210' title='bbox 2269 1476 2476 1540; x_wconf 88' lang='lat' dir='ltr'><strong>multis,</strong></span> <span class='ocrx_word' id='word_1_211' title='bbox 2506 1476 2620 1529; x_wconf 86' lang='lat' dir='ltr'><strong>sive</strong></span> <span class='ocrx_word' id='word_1_212' title='bbox 2646 1472 2979 1542; x_wconf 80' lang='lat' dir='ltr'><strong>negligentes</strong></span> <span class='ocrx_word' id='word_1_213' title='bbox 3020 1477 3145 1523; x_wconf 91' lang='lat' dir='ltr'><strong>sunt</strong></span> <span class='ocrx_word' id='word_1_214' title='bbox 3184 1468 3298 1522; x_wconf 88' lang='lat' dir='ltr'><strong>sive</strong></span> <span class='ocrx_word' id='word_1_215' title='bbox 3320 1465 3562 1527; x_wconf 86' lang='lat' dir='ltr'><strong>solliciti,</strong></span> <span class='ocrx_word' id='word_1_216' title='bbox 3599 1477 3702 1516; x_wconf 90' lang='lat' dir='ltr'><strong>non</strong></span> 
     </span>
    </p>
   </div>
   <div class='ocr_carea' id='block_1_30' title="bbox 2125 1556 3704 1637">
    <p class='ocr_par' dir='ltr' id='par_1_30' title="bbox 2125 1556 3704 1637">
     <span class='ocr_line' id='line_1_30' title="bbox 2125 1556 3704 1637; baseline -0.009 -13"><span class='ocrx_word' id='word_1_217' title='bbox 2125 1569 2293 1623; x_wconf 89' lang='lat' dir='ltr'><strong>debeo</strong></span> <span class='ocrx_word' id='word_1_218' title='bbox 2321 1577 2539 1637; x_wconf 89' lang='lat' dir='ltr'><strong>propter</strong></span> <span class='ocrx_word' id='word_1_219' title='bbox 2568 1563 2948 1635; x_wconf 80' lang='lat' dir='ltr'><strong>negligentiam</strong></span> <span class='ocrx_word' id='word_1_220' title='bbox 2994 1571 3048 1615; x_wconf 89' lang='lat' dir='ltr'><strong>et</strong></span> <span class='ocrx_word' id='word_1_221' title='bbox 3088 1562 3203 1624; x_wconf 83' lang='lat' dir='ltr'><strong>ipse</strong></span> <span class='ocrx_word' id='word_1_222' title='bbox 3241 1559 3517 1627; x_wconf 82' lang='lat' dir='ltr'><strong>negligens</strong></span> <span class='ocrx_word' id='word_1_223' title='bbox 3555 1556 3704 1609; x_wconf 88' lang='lat' dir='ltr'><strong>inve—</strong></span> 
     </span>
    </p>
   </div>
   <div class='ocr_carea' id='block_1_31' title="bbox 2125 1652 3701 1723">
    <p class='ocr_par' dir='ltr' id='par_1_31' title="bbox 2125 1652 3701 1723">
     <span class='ocr_line' id='line_1_31' title="bbox 2125 1652 3701 1723; baseline -0.012 -8"><span class='ocrx_word' id='word_1_224' title='bbox 2125 1662 2251 1715; x_wconf 89' lang='lat' dir='ltr'><strong>niri.</strong></span> <span class='ocrx_word' id='word_1_225' title='bbox 2300 1659 2463 1714; x_wconf 81' lang='lat' dir='ltr'><strong>Forte</strong></span> <span class='ocrx_word' id='word_1_226' title='bbox 2519 1667 2699 1711; x_wconf 91' lang='lat' dir='ltr'><strong>autem</strong></span> <span class='ocrx_word' id='word_1_227' title='bbox 2751 1654 2968 1723; x_wconf 86' lang='lat' dir='ltr'><strong>quidam</strong></span> <span class='ocrx_word' id='word_1_228' title='bbox 3008 1661 3061 1707; x_wconf 89' lang='lat' dir='ltr'><strong>et</strong></span> <span class='ocrx_word' id='word_1_229' title='bbox 3116 1652 3442 1706; x_wconf 89' lang='lat' dir='ltr'><strong>contendent</strong></span> <span class='ocrx_word' id='word_1_230' title='bbox 3504 1661 3701 1715; x_wconf 82' lang='lat' dir='ltr'><strong>expro-</strong></span> 
     </span>
    </p>
   </div>
   <div class='ocr_carea' id='block_1_32' title="bbox 2126 1738 3707 1815">
    <p class='ocr_par' dir='ltr' id='par_1_32' title="bbox 2126 1738 3707 1815">
     <span class='ocr_line' id='line_1_32' title="bbox 2126 1738 3707 1815; baseline -0.012 -9"><span class='ocrx_word' id='word_1_231' title='bbox 2126 1755 2263 1807; x_wconf 74' lang='lat' dir='ltr'><strong>lirati</strong></span> <span class='ocrx_word' id='word_1_232' title='bbox 2310 1774 2321 1807; x_wconf 89' lang='lat'><strong>:</strong></span> <span class='ocrx_word' id='word_1_233' title='bbox 2366 1762 2421 1804; x_wconf 89' lang='lat' dir='ltr'><strong>et</strong></span> <span class='ocrx_word' id='word_1_234' title='bbox 2480 1750 2527 1804; x_wconf 90' lang='lat' dir='ltr'><strong>si</strong></span> <span class='ocrx_word' id='word_1_235' title='bbox 2578 1762 2687 1801; x_wconf 92' lang='lat' dir='ltr'><strong>non</strong></span> <span class='ocrx_word' id='word_1_236' title='bbox 2740 1755 2962 1815; x_wconf 82' lang='lat' dir='ltr'><strong>propter</strong></span> <span class='ocrx_word' id='word_1_237' title='bbox 3028 1757 3268 1796; x_wconf 88' lang='lat' dir='ltr'><strong>amorem</strong></span> <span class='ocrx_word' id='word_1_238' title='bbox 3336 1738 3595 1793; x_wconf 63' lang='lat' dir='ltr'><strong>doctrinae</strong></span> <span class='ocrx_word' id='word_1_239' title='bbox 3650 1746 3707 1787; x_wconf 76' lang='lat' dir='ltr'><strong>et</strong></span> 
     </span>
    </p>
   </div>
   <div class='ocr_carea' id='block_1_33' title="bbox 438 1829 3704 1914">
    <p class='ocr_par' dir='ltr' id='par_1_33' title="bbox 438 1829 3704 1914">
     <span class='ocr_line' id='line_1_33' title="bbox 438 1829 3704 1914; baseline -0.006 -16"><span class='ocrx_word' id='word_1_240' title='bbox 438 1845 711 1901; x_wconf 89' lang='lat' dir='ltr'><strong>laborant.</strong></span> <span class='ocrx_word' id='word_1_241' title='bbox 762 1845 817 1899; x_wconf 90' lang='lat' dir='ltr'><strong>Si</strong></span> <span class='ocrx_word' id='word_1_242' title='bbox 858 1856 1039 1899; x_wconf 88' lang='lat' dir='ltr'><strong>autem</strong></span> <span class='ocrx_word' id='word_1_243' title='bbox 1075 1857 1128 1900; x_wconf 92' lang='lat' dir='ltr'><strong>et</strong></span> <span class='ocrx_word' id='word_1_244' title='bbox 1174 1846 1531 1914; x_wconf 88' lang='lat' dir='ltr'><strong>suscipientes</strong></span> <span class='ocrx_word' id='word_1_245' title='bbox 1580 1843 1871 1898; x_wconf 89' lang='lat' dir='ltr'><strong>servabunt</strong></span> <span class='ocrx_word' id='word_1_246' title='bbox 1925 1842 2016 1910; x_wconf 91' lang='lat' dir='ltr'><strong>qni</strong></span> <span class='ocrx_word' id='word_1_247' title='bbox 2050 1838 2093 1896; x_wconf 79' lang='grc' dir='ltr'><strong>Β</strong></span> <span class='ocrx_word' id='word_1_248' title='bbox 2122 1842 2592 1907; x_wconf 86' lang='lat' dir='ltr'><strong>studium,saltem</strong></span> <span class='ocrx_word' id='word_1_249' title='bbox 2613 1846 2830 1906; x_wconf 88' lang='lat' dir='ltr'><strong>prepter</strong></span> <span class='ocrx_word' id='word_1_250' title='bbox 2859 1836 3108 1889; x_wconf 89' lang='lat' dir='ltr'><strong>ruborem</strong></span> <span class='ocrx_word' id='word_1_251' title='bbox 3128 1842 3181 1888; x_wconf 92' lang='lat' dir='ltr'><strong>et</strong></span> <span class='ocrx_word' id='word_1_252' title='bbox 3201 1829 3571 1901; x_wconf 85' lang='lat' dir='ltr'><strong>opprobrium,</strong></span> <span class='ocrx_word' id='word_1_253' title='bbox 3592 1837 3704 1884; x_wconf 85' lang='lat' dir='ltr'><strong>etc.</strong></span> 
     </span>
    </p>
   </div>
   <div class='ocr_carea' id='block_1_34' title="bbox 440 1932 2010 2003">
    <p class='ocr_par' dir='ltr' id='par_1_34' title="bbox 440 1932 2010 2003">
     <span class='ocr_line' id='line_1_34' title="bbox 440 1932 2010 2003; baseline -0.002 -14"><span class='ocrx_word' id='word_1_254' title='bbox 440 1951 545 1989; x_wconf 91' lang='lat' dir='ltr'><strong>non</strong></span> <span class='ocrx_word' id='word_1_255' title='bbox 592 1936 942 2001; x_wconf 87' lang='lat' dir='ltr'><strong>sudaverunt,</strong></span> <span class='ocrx_word' id='word_1_256' title='bbox 996 1937 1128 1990; x_wconf 88' lang='lat' dir='ltr'><strong>nihil</strong></span> <span class='ocrx_word' id='word_1_257' title='bbox 1182 1948 1359 1989; x_wconf 88' lang='lat' dir='ltr'><strong>autem</strong></span> <span class='ocrx_word' id='word_1_258' title='bbox 1407 1936 1598 1989; x_wconf 89' lang='lat' dir='ltr'><strong>horum</strong></span> <span class='ocrx_word' id='word_1_259' title='bbox 1648 1932 2010 2003; x_wconf 80' lang='lat' dir='ltr'><strong>requirentes;</strong></span> 
     </span>
    </p>
   </div>
   <div class='ocr_carea' id='block_1_35' title="bbox 442 2072 3700 2107">
    <p class='ocr_par' dir='ltr' id='par_1_35' title="bbox 442 2072 3700 2107">
     <span class='ocr_line' id='line_1_35' title="bbox 442 2072 3700 2107; baseline -0.002 -13"><span class='ocrx_word' id='word_1_260' title='bbox 442 2072 3700 2107; x_wconf 64' lang='lat'><strong>_________________________._____________________._____.___...</strong></span> 
     </span>
    </p>
   </div>
   <div class='ocr_carea' id='block_1_36' title="bbox 1409 2249 2748 2368">
    <p class='ocr_par' dir='ltr' id='par_1_36' title="bbox 1409 2249 2748 2368">
     <span class='ocr_line' id='line_1_36' title="bbox 1409 2249 2748 2368; baseline -0.004 -3"><span class='ocrx_word' id='word_1_261' title='bbox 1409 2250 1973 2368; x_wconf 86' lang='lat' dir='ltr'><strong>EUSEBlI</strong></span> <span class='ocrx_word' id='word_1_262' title='bbox 2058 2252 2222 2363; x_wconf 87' lang='lat' dir='ltr'><strong>PA</strong></span> <span class='ocrx_word' id='word_1_263' title='bbox 2247 2249 2748 2361; x_wconf 85' lang='lat' dir='ltr'><strong>MPHlLI</strong></span> 
     </span>
    </p>
   </div>
   <div class='ocr_carea' id='block_1_37' title="bbox 1182 2489 2969 2598">
    <p class='ocr_par' dir='ltr' id='par_1_37' title="bbox 1182 2489 2969 2598">
     <span class='ocr_line' id='line_1_37' title="bbox 1182 2489 2969 2598; baseline -0.003 -17"><span class='ocrx_word' id='word_1_264' title='bbox 1182 2495 1327 2583; x_wconf 87' lang='lat' dir='ltr'><strong>DE</strong></span> <span class='ocrx_word' id='word_1_265' title='bbox 1403 2493 1559 2584; x_wconf 93' lang='grc' dir='ltr'><strong>ΕΟ</strong></span> <span class='ocrx_word' id='word_1_266' title='bbox 1636 2492 1968 2598; x_wconf 81' lang='lat' dir='ltr'><strong>QUOD</strong></span> <span class='ocrx_word' id='word_1_267' title='bbox 2048 2493 2251 2579; x_wconf 83' lang='lat' dir='ltr'><strong>AIT</strong></span> <span class='ocrx_word' id='word_1_268' title='bbox 2326 2489 2969 2582; x_wconf 76' lang='lat' dir='ltr'><strong>DOMINUS:</strong></span> 
     </span>
    </p>
   </div>
   <div class='ocr_carea' id='block_1_38' title="bbox 1429 2642 2707 2720">
    <p class='ocr_par' dir='ltr' id='par_1_38' title="bbox 1429 2642 2707 2720">
     <span class='ocr_line' id='line_1_38' title="bbox 1429 2642 2707 2720; baseline -0.003 -14"><span class='ocrx_word' id='word_1_269' title='bbox 1429 2645 1572 2706; x_wconf 79' lang='lat' dir='ltr'><strong>Non</strong></span> <span class='ocrx_word' id='word_1_270' title='bbox 1613 2645 1752 2703; x_wconf 79' lang='lat' dir='ltr'><strong>veni</strong></span> <span class='ocrx_word' id='word_1_271' title='bbox 1788 2662 2007 2720; x_wconf 84' lang='lat' dir='ltr'><strong>pacem</strong></span> <span class='ocrx_word' id='word_1_272' title='bbox 2050 2642 2297 2701; x_wconf 78' lang='lat' dir='ltr'><strong>mittere</strong></span> <span class='ocrx_word' id='word_1_273' title='bbox 2344 2642 2409 2699; x_wconf 81' lang='lat' dir='ltr'><strong>in</strong></span> <span class='ocrx_word' id='word_1_274' title='bbox 2453 2653 2707 2703; x_wconf 83' lang='lat' dir='ltr'><strong>terram.</strong></span> 
     </span>
    </p>
   </div>
   <div class='ocr_carea' id='block_1_39' title="bbox 1757 2766 2362 2828">
    <p class='ocr_par' dir='ltr' id='par_1_39' title="bbox 1757 2766 2362 2828">
     <span class='ocr_line' id='line_1_39' title="bbox 1757 2766 2362 2828; baseline -0.002 -1"><span class='ocrx_word' id='word_1_275' title='bbox 1757 2768 1989 2828; x_wconf 84' lang='lat' dir='ltr'><strong>LIBER</strong></span> <span class='ocrx_word' id='word_1_276' title='bbox 2034 2766 2362 2827; x_wconf 79' lang='lat' dir='ltr'><strong>SEXTUS.</strong></span> 
     </span>
    </p>
   </div>
   <div class='ocr_carea' id='block_1_40' title="bbox 505 3068 3709 3144">
    <p class='ocr_par' dir='ltr' id='par_1_40' title="bbox 505 3068 3709 3144">
     <span class='ocr_line' id='line_1_40' title="bbox 505 3068 3709 3144; baseline -0.003 -16"><span class='ocrx_word' id='word_1_277' title='bbox 505 3072 571 3128; x_wconf 83' lang='lat' dir='ltr'><strong>Et</strong></span> <span class='ocrx_word' id='word_1_278' title='bbox 600 3088 827 3144; x_wconf 84' lang='lat' dir='ltr'><strong>sponsos</strong></span> <span class='ocrx_word' id='word_1_279' title='bbox 854 3075 943 3143; x_wconf 92' lang='lat' dir='ltr'><strong>qni</strong></span> <span class='ocrx_word' id='word_1_280' title='bbox 977 3089 1117 3128; x_wconf 92' lang='lat' dir='ltr'><strong>nunc</strong></span> <span class='ocrx_word' id='word_1_281' title='bbox 1156 3073 1248 3126; x_wconf 84' lang='lat' dir='ltr'><strong>lilii</strong></span> <span class='ocrx_word' id='word_1_282' title='bbox 1278 3073 1569 3141; x_wconf 88' lang='lat' dir='ltr'><strong>habentur,</strong></span> <span class='ocrx_word' id='word_1_283' title='bbox 1597 3082 1882 3141; x_wconf 88' lang='lat' dir='ltr'><strong>parentum</strong></span> <span class='ocrx_word' id='word_1_284' title='bbox 1920 3071 2018 3126; x_wconf 86' lang='lat' dir='ltr'><strong>de-</strong></span> <span class='ocrx_word' id='word_1_285' title='bbox 2049 3082 2094 3143; x_wconf 70' lang='grc' dir='ltr'><strong>ρ</strong></span> <span class='ocrx_word' id='word_1_286' title='bbox 2129 3071 2355 3142; x_wconf 87' lang='lat' dir='ltr'><strong>figuram</strong></span> <span class='ocrx_word' id='word_1_287' title='bbox 2407 3070 2605 3124; x_wconf 88' lang='lat' dir='ltr'><strong>debent</strong></span> <span class='ocrx_word' id='word_1_288' title='bbox 2662 3068 2981 3124; x_wconf 84' lang='lat' dir='ltr'><strong>assumere?</strong></span> <span class='ocrx_word' id='word_1_289' title='bbox 3029 3069 3271 3121; x_wconf 82' lang='lat' dir='ltr'><strong>Sustinet</strong></span> <span class='ocrx_word' id='word_1_290' title='bbox 3319 3080 3450 3120; x_wconf 91' lang='lat' dir='ltr'><strong>sane</strong></span> <span class='ocrx_word' id='word_1_291' title='bbox 3482 3079 3709 3135; x_wconf 81' lang='lat' dir='ltr'><strong>sponsus</strong></span> 
     </span>
    </p>
   </div>
   <div class='ocr_carea' id='block_1_41' title="bbox 434 3165 2023 3235">
    <p class='ocr_par' dir='ltr' id='par_1_41' title="bbox 434 3165 2023 3235">
     <span class='ocr_line' id='line_1_41' title="bbox 434 3165 2023 3235; baseline -0.002 -15"><span class='ocrx_word' id='word_1_292' title='bbox 434 3165 691 3220; x_wconf 86' lang='lat' dir='ltr'><strong>siderium</strong></span> <span class='ocrx_word' id='word_1_293' title='bbox 740 3165 920 3229; x_wconf 88' lang='lat' dir='ltr'><strong>trahit,</strong></span> <span class='ocrx_word' id='word_1_294' title='bbox 981 3174 1035 3219; x_wconf 89' lang='lat' dir='ltr'><strong>et</strong></span> <span class='ocrx_word' id='word_1_295' title='bbox 1087 3174 1380 3234; x_wconf 88' lang='lat' dir='ltr'><strong>properant</strong></span> <span class='ocrx_word' id='word_1_296' title='bbox 1418 3165 1482 3219; x_wconf 91' lang='lat' dir='ltr'><strong>ad</strong></span> <span class='ocrx_word' id='word_1_297' title='bbox 1515 3166 1787 3235; x_wconf 89' lang='lat' dir='ltr'><strong>genitores</strong></span> <span class='ocrx_word' id='word_1_298' title='bbox 1814 3180 2023 3218; x_wconf 86' lang='lat' dir='ltr'><strong>annun-</strong></span> 
     </span>
    </p>
   </div>
   <div class='ocr_carea' id='block_1_42' title="bbox 437 3256 2018 3326">
    <p class='ocr_par' dir='ltr' id='par_1_42' title="bbox 437 3256 2018 3326">
     <span class='ocr_line' id='line_1_42' title="bbox 437 3256 2018 3326; baseline 0.001 -19"><span class='ocrx_word' id='word_1_299' title='bbox 437 3258 570 3309; x_wconf 88' lang='lat' dir='ltr'><strong>tiare</strong></span> <span class='ocrx_word' id='word_1_300' title='bbox 593 3270 801 3323; x_wconf 76' lang='lat' dir='ltr'><strong>sponsa:</strong></span> <span class='ocrx_word' id='word_1_301' title='bbox 831 3256 1167 3309; x_wconf 86' lang='lat' dir='ltr'><strong>honestatem</strong></span> <span class='ocrx_word' id='word_1_302' title='bbox 1197 3265 1252 3307; x_wconf 89' lang='lat' dir='ltr'><strong>et</strong></span> <span class='ocrx_word' id='word_1_303' title='bbox 1279 3256 1566 3324; x_wconf 82' lang='lat' dir='ltr'><strong>colloquia.</strong></span> <span class='ocrx_word' id='word_1_304' title='bbox 1612 3259 1811 3326; x_wconf 91' lang='lat' dir='ltr'><strong>quique</strong></span> <span class='ocrx_word' id='word_1_305' title='bbox 1839 3267 1893 3312; x_wconf 86' lang='lat' dir='ltr'><strong>et</strong></span> <span class='ocrx_word' id='word_1_306' title='bbox 1920 3274 2018 3324; x_wconf 88' lang='lat' dir='ltr'><strong>pa-</strong></span> 
     </span>
    </p>
   </div>
   <div class='ocr_carea' id='block_1_43' title="bbox 437 3344 2022 3411">
    <p class='ocr_par' dir='ltr' id='par_1_43' title="bbox 437 3344 2022 3411">
     <span class='ocr_line' id='line_1_43' title="bbox 437 3344 2022 3411; baseline 0 -11"><span class='ocrx_word' id='word_1_307' title='bbox 437 3346 681 3401; x_wconf 86' lang='lat' dir='ltr'><strong>rentibus</strong></span> <span class='ocrx_word' id='word_1_308' title='bbox 710 3344 1023 3399; x_wconf 85' lang='lat' dir='ltr'><strong>manifestus</strong></span> <span class='ocrx_word' id='word_1_309' title='bbox 1048 3355 1131 3398; x_wconf 90' lang='lat' dir='ltr'><strong>est</strong></span> <span class='ocrx_word' id='word_1_310' title='bbox 1156 3361 1269 3399; x_wconf 89' lang='lat' dir='ltr'><strong>mos</strong></span> <span class='ocrx_word' id='word_1_311' title='bbox 1305 3344 1450 3411; x_wconf 76' lang='lat' dir='ltr'><strong>ejus,</strong></span> <span class='ocrx_word' id='word_1_312' title='bbox 1479 3358 1531 3398; x_wconf 91' lang='lat' dir='ltr'><strong>et</strong></span> <span class='ocrx_word' id='word_1_313' title='bbox 1563 3346 1797 3411; x_wconf 82' lang='lat' dir='ltr'><strong>habitus,</strong></span> <span class='ocrx_word' id='word_1_314' title='bbox 1819 3358 1872 3401; x_wconf 92' lang='lat' dir='ltr'><strong>et</strong></span> <span class='ocrx_word' id='word_1_315' title='bbox 1900 3346 2022 3401; x_wconf 79' lang='lat' dir='ltr'><strong>affe-</strong></span> 
     </span>
    </p>
   </div>
   <div class='ocr_carea' id='block_1_44' title="bbox 436 3433 2020 3503">
    <p class='ocr_par' dir='ltr' id='par_1_44' title="bbox 436 3433 2020 3503">
     <span class='ocr_line' id='line_1_44' title="bbox 436 3433 2020 3503; baseline 0.001 -14"><span class='ocrx_word' id='word_1_316' title='bbox 436 3445 571 3491; x_wconf 90' lang='lat' dir='ltr'><strong>ctus.</strong></span> <span class='ocrx_word' id='word_1_317' title='bbox 607 3435 888 3490; x_wconf 82' lang='lat' dir='ltr'><strong>Festinant</strong></span> <span class='ocrx_word' id='word_1_318' title='bbox 940 3446 1118 3487; x_wconf 87' lang='lat' dir='ltr'><strong>autem</strong></span> <span class='ocrx_word' id='word_1_319' title='bbox 1169 3433 1360 3487; x_wconf 87' lang='lat' dir='ltr'><strong>iterum</strong></span> <span class='ocrx_word' id='word_1_320' title='bbox 1400 3443 1454 3486; x_wconf 83' lang='lat' dir='ltr'><strong>et</strong></span> <span class='ocrx_word' id='word_1_321' title='bbox 1488 3435 1552 3486; x_wconf 86' lang='lat' dir='ltr'><strong>ad</strong></span> <span class='ocrx_word' id='word_1_322' title='bbox 1606 3451 1878 3503; x_wconf 78' lang='lat' dir='ltr'><strong>sponsam,</strong></span> <span class='ocrx_word' id='word_1_323' title='bbox 1911 3451 2020 3490; x_wconf 88' lang='lat' dir='ltr'><strong>me-</strong></span> 
     </span>
    </p>
   </div>
   <div class='ocr_carea' id='block_1_45' title="bbox 438 3526 2018 3597">
    <p class='ocr_par' dir='ltr' id='par_1_45' title="bbox 438 3526 2018 3597">
     <span class='ocr_line' id='line_1_45' title="bbox 438 3526 2018 3597; baseline 0 -16"><span class='ocrx_word' id='word_1_324' title='bbox 438 3544 618 3582; x_wconf 86' lang='lat' dir='ltr'><strong>mores</strong></span> <span class='ocrx_word' id='word_1_325' title='bbox 669 3526 809 3580; x_wconf 85' lang='lat' dir='ltr'><strong>illius</strong></span> <span class='ocrx_word' id='word_1_326' title='bbox 849 3528 916 3580; x_wconf 92' lang='lat' dir='ltr'><strong>ab</strong></span> <span class='ocrx_word' id='word_1_327' title='bbox 960 3527 1113 3581; x_wconf 92' lang='lat' dir='ltr'><strong>initio</strong></span> <span class='ocrx_word' id='word_1_328' title='bbox 1146 3528 1407 3587; x_wconf 86' lang='lat' dir='ltr'><strong>mandati,</strong></span> <span class='ocrx_word' id='word_1_329' title='bbox 1454 3529 1543 3595; x_wconf 90' lang='lat' dir='ltr'><strong>qui</strong></span> <span class='ocrx_word' id='word_1_330' title='bbox 1581 3528 1654 3579; x_wconf 89' lang='lat' dir='ltr'><strong>ait</strong></span> <span class='ocrx_word' id='word_1_331' title='bbox 1689 3544 1701 3577; x_wconf 87' lang='lat'><strong>:</strong></span> <span class='ocrx_word' id='word_1_332' title='bbox 1745 3526 2018 3597; x_wconf 73' lang='lat' dir='ltr'><strong>Relinquet</strong></span> 
     </span>
    </p>
   </div>
   <div class='ocr_carea' id='block_1_46' title="bbox 437 3620 2019 3689">
    <p class='ocr_par' dir='ltr' id='par_1_46' title="bbox 437 3620 2019 3689">
     <span class='ocr_line' id='line_1_46' title="bbox 437 3620 2019 3689; baseline 0.001 -17"><span class='ocrx_word' id='word_1_333' title='bbox 437 3623 590 3675; x_wconf 85' lang='lat' dir='ltr'><strong>homo</strong></span> <span class='ocrx_word' id='word_1_334' title='bbox 631 3630 831 3685; x_wconf 83' lang='lat' dir='ltr'><strong>patrem</strong></span> <span class='ocrx_word' id='word_1_335' title='bbox 866 3628 915 3673; x_wconf 89' lang='lat' dir='ltr'><strong>et</strong></span> <span class='ocrx_word' id='word_1_336' title='bbox 961 3630 1199 3684; x_wconf 78' lang='lat' dir='ltr'><strong>matrem,</strong></span> <span class='ocrx_word' id='word_1_337' title='bbox 1242 3629 1288 3671; x_wconf 82' lang='lat' dir='ltr'><strong>et</strong></span> <span class='ocrx_word' id='word_1_338' title='bbox 1326 3620 1673 3689; x_wconf 85' lang='lat' dir='ltr'><strong>coujungetur</strong></span> <span class='ocrx_word' id='word_1_339' title='bbox 1707 3621 1940 3685; x_wconf 85' lang='lat' dir='ltr'><strong>mulieri,</strong></span> <span class='ocrx_word' id='word_1_340' title='bbox 1972 3632 2019 3675; x_wconf 80' lang='lat' dir='ltr'><strong>et</strong></span> 
     </span>
    </p>
   </div>
   <div class='ocr_carea' id='block_1_47' title="bbox 436 3712 2020 3784">
    <p class='ocr_par' dir='ltr' id='par_1_47' title="bbox 436 3712 2020 3784">
     <span class='ocr_line' id='line_1_47' title="bbox 436 3712 2020 3784; baseline 0 -17"><span class='ocrx_word' id='word_1_341' title='bbox 436 3724 585 3767; x_wconf 84' lang='lat' dir='ltr'><strong>erunt</strong></span> <span class='ocrx_word' id='word_1_342' title='bbox 612 3713 764 3766; x_wconf 87' lang='lat' dir='ltr'><strong>ambo</strong></span> <span class='ocrx_word' id='word_1_343' title='bbox 802 3713 855 3766; x_wconf 86' lang='lat' dir='ltr'><strong>in</strong></span> <span class='ocrx_word' id='word_1_344' title='bbox 887 3728 1044 3766; x_wconf 86' lang='lat' dir='ltr'><strong>carne</strong></span> <span class='ocrx_word' id='word_1_345' title='bbox 1077 3729 1182 3767; x_wconf 84' lang='lat' dir='ltr'><strong>una</strong></span> <span class='ocrx_word' id='word_1_346' title='bbox 1223 3715 1290 3767; x_wconf 77' lang='grc' dir='ltr'><strong>ὀ.</strong></span> <span class='ocrx_word' id='word_1_347' title='bbox 1315 3712 1591 3767; x_wconf 74' lang='lat' dir='ltr'><strong>Lzetantur</strong></span> <span class='ocrx_word' id='word_1_348' title='bbox 1626 3723 1807 3767; x_wconf 91' lang='lat' dir='ltr'><strong>autem</strong></span> <span class='ocrx_word' id='word_1_349' title='bbox 1832 3723 1885 3767; x_wconf 92' lang='lat' dir='ltr'><strong>et</strong></span> <span class='ocrx_word' id='word_1_350' title='bbox 1925 3728 2020 3784; x_wconf 87' lang='lat' dir='ltr'><strong>pa-</strong></span> 
     </span>
    </p>
   </div>
   <div class='ocr_carea' id='block_1_48' title="bbox 437 3801 2020 3872">
    <p class='ocr_par' dir='ltr' id='par_1_48' title="bbox 437 3801 2020 3872">
     <span class='ocr_line' id='line_1_48' title="bbox 437 3801 2020 3872; baseline 0.001 -15"><span class='ocrx_word' id='word_1_351' title='bbox 437 3812 620 3857; x_wconf 87' lang='lat' dir='ltr'><strong>rentes</strong></span> <span class='ocrx_word' id='word_1_352' title='bbox 669 3804 914 3858; x_wconf 90' lang='lat' dir='ltr'><strong>videntes</strong></span> <span class='ocrx_word' id='word_1_353' title='bbox 976 3801 1117 3860; x_wconf 85' lang='lat' dir='ltr'><strong>filios</strong></span> <span class='ocrx_word' id='word_1_354' title='bbox 1155 3812 1356 3872; x_wconf 86' lang='lat' dir='ltr'><strong>patres.</strong></span> <span class='ocrx_word' id='word_1_355' title='bbox 1415 3802 1480 3857; x_wconf 88' lang='lat' dir='ltr'><strong>Et</strong></span> <span class='ocrx_word' id='word_1_356' title='bbox 1521 3806 1723 3859; x_wconf 87' lang='lat' dir='ltr'><strong>scimus</strong></span> <span class='ocrx_word' id='word_1_357' title='bbox 1762 3820 2020 3872; x_wconf 88' lang='lat' dir='ltr'><strong>sponsmn</strong></span> 
     </span>
    </p>
   </div>
   <div class='ocr_carea' id='block_1_49' title="bbox 438 3894 2025 3965">
    <p class='ocr_par' dir='ltr' id='par_1_49' title="bbox 438 3894 2025 3965">
     <span class='ocr_line' id='line_1_49' title="bbox 438 3894 2025 3965; baseline 0.004 -19"><span class='ocrx_word' id='word_1_358' title='bbox 438 3909 622 3949; x_wconf 92' lang='lat' dir='ltr'><strong>verum</strong></span> <span class='ocrx_word' id='word_1_359' title='bbox 662 3894 912 3950; x_wconf 70' lang='lat' dir='ltr'><strong>Ecclesiae</strong></span> <span class='ocrx_word' id='word_1_360' title='bbox 930 3895 1237 3949; x_wconf 88' lang='lat' dir='ltr'><strong>Dominum.</strong></span> <span class='ocrx_word' id='word_1_361' title='bbox 1275 3896 1378 3950; x_wconf 87' lang='lat' dir='ltr'><strong>Sed</strong></span> <span class='ocrx_word' id='word_1_362' title='bbox 1411 3896 1535 3965; x_wconf 88' lang='lat' dir='ltr'><strong>quia</strong></span> <span class='ocrx_word' id='word_1_363' title='bbox 1568 3896 1745 3951; x_wconf 91' lang='lat' dir='ltr'><strong>lumen</strong></span> <span class='ocrx_word' id='word_1_364' title='bbox 1780 3896 1906 3952; x_wconf 91' lang='lat' dir='ltr'><strong>illud</strong></span> <span class='ocrx_word' id='word_1_365' title='bbox 1933 3913 2025 3952; x_wconf 86' lang='lat' dir='ltr'><strong>ve-</strong></span> 
     </span>
    </p>
   </div>
   <div class='ocr_carea' id='block_1_50' title="bbox 439 3986 2021 4058">
    <p class='ocr_par' dir='ltr' id='par_1_50' title="bbox 439 3986 2021 4058">
     <span class='ocr_line' id='line_1_50' title="bbox 439 3986 2021 4058; baseline 0.003 -17"><span class='ocrx_word' id='word_1_366' title='bbox 439 4002 556 4041; x_wconf 90' lang='lat' dir='ltr'><strong>rum</strong></span> <span class='ocrx_word' id='word_1_367' title='bbox 595 3986 880 4041; x_wconf 89' lang='lat' dir='ltr'><strong>luminaria</strong></span> <span class='ocrx_word' id='word_1_368' title='bbox 914 3986 1067 4052; x_wconf 91' lang='lat' dir='ltr'><strong>facit,</strong></span> <span class='ocrx_word' id='word_1_369' title='bbox 1115 3997 1169 4042; x_wconf 90' lang='lat' dir='ltr'><strong>et</strong></span> <span class='ocrx_word' id='word_1_370' title='bbox 1221 3991 1476 4056; x_wconf 75' lang='lat' dir='ltr'><strong>magister</strong></span> <span class='ocrx_word' id='word_1_371' title='bbox 1505 3988 1620 4058; x_wconf 89' lang='lat' dir='ltr'><strong>ipse</strong></span> <span class='ocrx_word' id='word_1_372' title='bbox 1649 3990 1793 4045; x_wconf 91' lang='lat' dir='ltr'><strong>solus</strong></span> <span class='ocrx_word' id='word_1_373' title='bbox 1829 3990 1880 4044; x_wconf 92' lang='lat' dir='ltr'><strong>in</strong></span> <span class='ocrx_word' id='word_1_374' title='bbox 1915 3991 2021 4046; x_wconf 85' lang='lat' dir='ltr'><strong>Ec-</strong></span> 
     </span>
    </p>
   </div>
   <div class='ocr_carea' id='block_1_51' title="bbox 435 4078 2021 4152">
    <p class='ocr_par' dir='ltr' id='par_1_51' title="bbox 435 4078 2021 4152">
     <span class='ocr_line' id='line_1_51' title="bbox 435 4078 2021 4152; baseline 0.003 -21"><span class='ocrx_word' id='word_1_375' title='bbox 435 4078 598 4132; x_wconf 91' lang='lat' dir='ltr'><strong>clesia</strong></span> <span class='ocrx_word' id='word_1_376' title='bbox 634 4078 811 4146; x_wconf 90' lang='lat' dir='ltr'><strong>posuit</strong></span> <span class='ocrx_word' id='word_1_377' title='bbox 840 4089 894 4133; x_wconf 92' lang='lat' dir='ltr'><strong>et</strong></span> <span class='ocrx_word' id='word_1_378' title='bbox 929 4080 1235 4147; x_wconf 90' lang='lat' dir='ltr'><strong>magistros,</strong></span> <span class='ocrx_word' id='word_1_379' title='bbox 1270 4090 1321 4134; x_wconf 87' lang='lat' dir='ltr'><strong>et</strong></span> <span class='ocrx_word' id='word_1_380' title='bbox 1350 4090 1536 4149; x_wconf 72' lang='lat' dir='ltr'><strong>pastor</strong></span> <span class='ocrx_word' id='word_1_381' title='bbox 1578 4082 1690 4150; x_wconf 89' lang='lat' dir='ltr'><strong>ipse</strong></span> <span class='ocrx_word' id='word_1_382' title='bbox 1722 4082 1895 4138; x_wconf 87' lang='lat' dir='ltr'><strong>bonus</strong></span> <span class='ocrx_word' id='word_1_383' title='bbox 1920 4100 2021 4152; x_wconf 86' lang='lat' dir='ltr'><strong>pa-</strong></span> 
     </span>
    </p>
   </div>
   <div class='ocr_carea' id='block_1_52' title="bbox 434 4170 2022 4240">
    <p class='ocr_par' dir='ltr' id='par_1_52' title="bbox 434 4170 2022 4240">
     <span class='ocr_line' id='line_1_52' title="bbox 434 4170 2022 4240; baseline 0.002 -17"><span class='ocrx_word' id='word_1_384' title='bbox 434 4178 612 4224; x_wconf 76' lang='lat' dir='ltr'><strong>stores</strong></span> <span class='ocrx_word' id='word_1_385' title='bbox 638 4170 942 4233; x_wconf 89' lang='lat' dir='ltr'><strong>constituit,</strong></span> <span class='ocrx_word' id='word_1_386' title='bbox 971 4185 1201 4240; x_wconf 89' lang='lat' dir='ltr'><strong>sponsus</strong></span> <span class='ocrx_word' id='word_1_387' title='bbox 1248 4172 1464 4239; x_wconf 88' lang='lat' dir='ltr'><strong>quidem</strong></span> <span class='ocrx_word' id='word_1_388' title='bbox 1504 4172 1617 4239; x_wconf 90' lang='lat' dir='ltr'><strong>ipse</strong></span> <span class='ocrx_word' id='word_1_389' title='bbox 1649 4187 1807 4225; x_wconf 87' lang='lat' dir='ltr'><strong>verus</strong></span> <span class='ocrx_word' id='word_1_390' title='bbox 1824 4183 1929 4237; x_wconf 80' lang='lat' dir='ltr'><strong>est,</strong></span> <span class='ocrx_word' id='word_1_391' title='bbox 1965 4182 2022 4227; x_wconf 91' lang='lat' dir='ltr'><strong>ut</strong></span> 
     </span>
    </p>
   </div>
   <div class='ocr_carea' id='block_1_53' title="bbox 436 4260 2019 4334">
    <p class='ocr_par' dir='ltr' id='par_1_53' title="bbox 436 4260 2019 4334">
     <span class='ocr_line' id='line_1_53' title="bbox 436 4260 2019 4334; baseline 0.002 -19"><span class='ocrx_word' id='word_1_392' title='bbox 436 4269 519 4315; x_wconf 89' lang='lat' dir='ltr'><strong>est</strong></span> <span class='ocrx_word' id='word_1_393' title='bbox 541 4276 800 4332; x_wconf 48' lang='lat' dir='ltr'><strong>.sponsus.</strong></span> <span class='ocrx_word' id='word_1_394' title='bbox 825 4260 958 4326; x_wconf 89' lang='lat' dir='ltr'><strong>Quia</strong></span> <span class='ocrx_word' id='word_1_395' title='bbox 991 4271 1167 4315; x_wconf 90' lang='lat' dir='ltr'><strong>autem</strong></span> <span class='ocrx_word' id='word_1_396' title='bbox 1206 4262 1534 4333; x_wconf 82' lang='lat' dir='ltr'><strong>mysterialis</strong></span> <span class='ocrx_word' id='word_1_397' title='bbox 1573 4274 1675 4329; x_wconf 89' lang='lat' dir='ltr'><strong>est,</strong></span> <span class='ocrx_word' id='word_1_398' title='bbox 1729 4265 2019 4334; x_wconf 86' lang='lat' dir='ltr'><strong>mysteria-</strong></span> 
     </span>
    </p>
   </div>
   <div class='ocr_carea' id='block_1_54' title="bbox 436 4351 2020 4421">
    <p class='ocr_par' dir='ltr' id='par_1_54' title="bbox 436 4351 2020 4421">
     <span class='ocr_line' id='line_1_54' title="bbox 436 4351 2020 4421; baseline 0.004 -16"><span class='ocrx_word' id='word_1_399' title='bbox 436 4351 562 4407; x_wconf 91' lang='lat' dir='ltr'><strong>lilas</strong></span> <span class='ocrx_word' id='word_1_400' title='bbox 593 4351 692 4406; x_wconf 88' lang='lat' dir='ltr'><strong>ista</strong></span> <span class='ocrx_word' id='word_1_401' title='bbox 720 4368 825 4405; x_wconf 93' lang='lat' dir='ltr'><strong>non</strong></span> <span class='ocrx_word' id='word_1_402' title='bbox 874 4352 1174 4406; x_wconf 85' lang='lat' dir='ltr'><strong>maculatur</strong></span> <span class='ocrx_word' id='word_1_403' title='bbox 1214 4369 1431 4421; x_wconf 90' lang='lat' dir='ltr'><strong>sponsa,</strong></span> <span class='ocrx_word' id='word_1_404' title='bbox 1462 4353 1505 4407; x_wconf 89' lang='lat' dir='ltr'><strong>si</strong></span> <span class='ocrx_word' id='word_1_405' title='bbox 1534 4362 1586 4408; x_wconf 90' lang='lat' dir='ltr'><strong>et</strong></span> <span class='ocrx_word' id='word_1_406' title='bbox 1627 4369 1812 4410; x_wconf 80' lang='lat' dir='ltr'><strong>servos</strong></span> <span class='ocrx_word' id='word_1_407' title='bbox 1844 4356 1895 4409; x_wconf 93' lang='lat' dir='ltr'><strong>in</strong></span> <span class='ocrx_word' id='word_1_408' title='bbox 1924 4355 2020 4411; x_wconf 91' lang='lat' dir='ltr'><strong>ho-</strong></span> 
     </span>
    </p>
   </div>
   <div class='ocr_carea' id='block_1_55' title="bbox 437 4445 2017 4517">
    <p class='ocr_par' dir='ltr' id='par_1_55' title="bbox 437 4445 2017 4517">
     <span class='ocr_line' id='line_1_55' title="bbox 437 4445 2017 4517; baseline 0 -16"><span class='ocrx_word' id='word_1_409' title='bbox 437 4463 568 4502; x_wconf 91' lang='lat' dir='ltr'><strong>nore</strong></span> <span class='ocrx_word' id='word_1_410' title='bbox 602 4448 863 4517; x_wconf 89' lang='lat' dir='ltr'><strong>suscipiat</strong></span> <span class='ocrx_word' id='word_1_411' title='bbox 890 4448 1092 4515; x_wconf 79' lang='lat' dir='ltr'><strong>sponsi.</strong></span> <span class='ocrx_word' id='word_1_412' title='bbox 1135 4447 1350 4501; x_wconf 78' lang='lat' dir='ltr'><strong>Dicebat</strong></span> <span class='ocrx_word' id='word_1_413' title='bbox 1396 4448 1537 4500; x_wconf 89' lang='lat' dir='ltr'><strong>enim</strong></span> <span class='ocrx_word' id='word_1_414' title='bbox 1570 4462 1801 4515; x_wconf 89' lang='lat' dir='ltr'><strong>sponsus</strong></span> <span class='ocrx_word' id='word_1_415' title='bbox 1836 4445 2017 4501; x_wconf 91' lang='lat' dir='ltr'><strong>Domi-</strong></span> 
     </span>
    </p>
   </div>
   <div class='ocr_carea' id='block_1_56' title="bbox 438 4540 2020 4611">
    <p class='ocr_par' dir='ltr' id='par_1_56' title="bbox 438 4540 2020 4611">
     <span class='ocr_line' id='line_1_56' title="bbox 438 4540 2020 4611; baseline 0.002 -19"><span class='ocrx_word' id='word_1_416' title='bbox 438 4555 560 4603; x_wconf 84' lang='lat' dir='ltr'><strong>nus,</strong></span> <span class='ocrx_word' id='word_1_417' title='bbox 606 4549 665 4593; x_wconf 92' lang='lat' dir='ltr'><strong>ut</strong></span> <span class='ocrx_word' id='word_1_418' title='bbox 699 4540 968 4595; x_wconf 89' lang='lat' dir='ltr'><strong>audistis:</strong></span> <span class='ocrx_word' id='word_1_419' title='bbox 1013 4540 1118 4606; x_wconf 83' lang='lat' dir='ltr'><strong>Qui</strong></span> <span class='ocrx_word' id='word_1_420' title='bbox 1160 4557 1246 4595; x_wconf 77' lang='lat' dir='ltr'><strong>vos</strong></span> <span class='ocrx_word' id='word_1_421' title='bbox 1289 4541 1524 4605; x_wconf 69' lang='lat' dir='ltr'><strong>suscipit,</strong></span> <span class='ocrx_word' id='word_1_422' title='bbox 1575 4557 1655 4593; x_wconf 86' lang='lat' dir='ltr'><strong>me</strong></span> <span class='ocrx_word' id='word_1_423' title='bbox 1707 4541 1923 4611; x_wconf 80' lang='lat' dir='ltr'><strong>suscipit</strong></span> <span class='ocrx_word' id='word_1_424' title='bbox 1953 4542 2020 4595; x_wconf 80' lang='lat'><strong>&quot;.</strong></span> 
     </span>
    </p>
   </div>
   <div class='ocr_carea' id='block_1_57' title="bbox 438 4631 2022 4701">
    <p class='ocr_par' dir='ltr' id='par_1_57' title="bbox 438 4631 2022 4701">
     <span class='ocr_line' id='line_1_57' title="bbox 438 4631 2022 4701; baseline 0.001 -17"><span class='ocrx_word' id='word_1_425' title='bbox 438 4631 676 4700; x_wconf 87' lang='lat' dir='ltr'><strong>Apparet</strong></span> <span class='ocrx_word' id='word_1_426' title='bbox 706 4642 884 4685; x_wconf 87' lang='lat' dir='ltr'><strong>autem</strong></span> <span class='ocrx_word' id='word_1_427' title='bbox 941 4642 1201 4701; x_wconf 88' lang='lat' dir='ltr'><strong>quantum</strong></span> <span class='ocrx_word' id='word_1_428' title='bbox 1252 4632 1579 4700; x_wconf 86' lang='lat' dir='ltr'><strong>sponsalitas</strong></span> <span class='ocrx_word' id='word_1_429' title='bbox 1610 4632 1722 4701; x_wconf 85' lang='lat' dir='ltr'><strong>ipsa</strong></span> <span class='ocrx_word' id='word_1_430' title='bbox 1764 4633 2022 4697; x_wconf 81' lang='lat' dir='ltr'><strong>emineat,</strong></span> 
     </span>
    </p>
   </div>
   <div class='ocr_carea' id='block_1_58' title="bbox 440 4723 2023 4794">
    <p class='ocr_par' dir='ltr' id='par_1_58' title="bbox 440 4723 2023 4794">
     <span class='ocr_line' id='line_1_58' title="bbox 440 4723 2023 4794; baseline 0.001 -17"><span class='ocrx_word' id='word_1_431' title='bbox 440 4724 506 4777; x_wconf 84' lang='lat' dir='ltr'><strong>al)</strong></span> <span class='ocrx_word' id='word_1_432' title='bbox 533 4738 593 4774; x_wconf 90' lang='lat' dir='ltr'><strong>ea</strong></span> <span class='ocrx_word' id='word_1_433' title='bbox 628 4738 747 4791; x_wconf 68' lang='lat' dir='ltr'><strong>quae</strong></span> <span class='ocrx_word' id='word_1_434' title='bbox 775 4723 828 4777; x_wconf 90' lang='lat' dir='ltr'><strong>in</strong></span> <span class='ocrx_word' id='word_1_435' title='bbox 858 4725 1056 4778; x_wconf 90' lang='lat' dir='ltr'><strong>mundo</strong></span> <span class='ocrx_word' id='word_1_436' title='bbox 1091 4734 1175 4779; x_wconf 92' lang='lat' dir='ltr'><strong>est</strong></span> <span class='ocrx_word' id='word_1_437' title='bbox 1195 4726 1531 4794; x_wconf 88' lang='lat' dir='ltr'><strong>periculosa;</strong></span> <span class='ocrx_word' id='word_1_438' title='bbox 1566 4742 1669 4779; x_wconf 88' lang='lat' dir='ltr'><strong>non</strong></span> <span class='ocrx_word' id='word_1_439' title='bbox 1696 4726 1838 4780; x_wconf 90' lang='lat' dir='ltr'><strong>enim</strong></span> <span class='ocrx_word' id='word_1_440' title='bbox 1864 4726 2023 4780; x_wconf 88' lang='lat' dir='ltr'><strong>istinc</strong></span> 
     </span>
    </p>
   </div>
   <div class='ocr_carea' id='block_1_59' title="bbox 440 4813 2021 4887">
    <p class='ocr_par' dir='ltr' id='par_1_59' title="bbox 440 4813 2021 4887">
     <span class='ocr_line' id='line_1_59' title="bbox 440 4813 2021 4887; baseline 0.004 -20"><span class='ocrx_word' id='word_1_441' title='bbox 440 4813 635 4868; x_wconf 91' lang='lat' dir='ltr'><strong>mulier</strong></span> <span class='ocrx_word' id='word_1_442' title='bbox 690 4813 909 4882; x_wconf 85' lang='lat' dir='ltr'><strong>adjuvat</strong></span> <span class='ocrx_word' id='word_1_443' title='bbox 939 4816 1136 4881; x_wconf 89' lang='lat' dir='ltr'><strong>virum,</strong></span> <span class='ocrx_word' id='word_1_444' title='bbox 1168 4820 1261 4871; x_wconf 91' lang='lat' dir='ltr'><strong>sed</strong></span> <span class='ocrx_word' id='word_1_445' title='bbox 1303 4834 1533 4887; x_wconf 86' lang='lat' dir='ltr'><strong>sponsus</strong></span> <span class='ocrx_word' id='word_1_446' title='bbox 1568 4834 1821 4887; x_wconf 90' lang='lat' dir='ltr'><strong>sponsam</strong></span> <span class='ocrx_word' id='word_1_447' title='bbox 1861 4836 1874 4872; x_wconf 91' lang='lat'><strong>:</strong></span> <span class='ocrx_word' id='word_1_448' title='bbox 1918 4835 2021 4873; x_wconf 93' lang='lat' dir='ltr'><strong>non</strong></span> 
     </span>
    </p>
   </div>
   <div class='ocr_carea' id='block_1_60' title="bbox 438 4908 2019 4982">
    <p class='ocr_par' dir='ltr' id='par_1_60' title="bbox 438 4908 2019 4982">
     <span class='ocr_line' id='line_1_60' title="bbox 438 4908 2019 4982; baseline 0.003 -21"><span class='ocrx_word' id='word_1_449' title='bbox 438 4922 631 4975; x_wconf 87' lang='lat' dir='ltr'><strong>sponsa</strong></span> <span class='ocrx_word' id='word_1_450' title='bbox 665 4909 834 4961; x_wconf 85' lang='lat' dir='ltr'><strong>servit</strong></span> <span class='ocrx_word' id='word_1_451' title='bbox 858 4908 995 4974; x_wconf 91' lang='lat' dir='ltr'><strong>viro,</strong></span> <span class='ocrx_word' id='word_1_452' title='bbox 1027 4910 1119 4963; x_wconf 86' lang='lat' dir='ltr'><strong>sed</strong></span> <span class='ocrx_word' id='word_1_453' title='bbox 1155 4924 1388 4977; x_wconf 90' lang='lat' dir='ltr'><strong>sponsus</strong></span> <span class='ocrx_word' id='word_1_454' title='bbox 1430 4910 1595 4964; x_wconf 81' lang='lat' dir='ltr'><strong>servit</strong></span> <span class='ocrx_word' id='word_1_455' title='bbox 1623 4920 1675 4963; x_wconf 91' lang='lat' dir='ltr'><strong>et</strong></span> <span class='ocrx_word' id='word_1_456' title='bbox 1708 4911 1871 4965; x_wconf 91' lang='lat' dir='ltr'><strong>dicit:</strong></span> <span class='ocrx_word' id='word_1_457' title='bbox 1909 4911 2019 4982; x_wconf 89' lang='lat' dir='ltr'><strong>Ego</strong></span> 
     </span>
    </p>
   </div>
   <div class='ocr_carea' id='block_1_61' title="bbox 441 4997 2019 5071">
    <p class='ocr_par' dir='ltr' id='par_1_61' title="bbox 441 4997 2019 5071">
     <span class='ocr_line' id='line_1_61' title="bbox 441 4997 2019 5071; baseline 0.004 -21"><span class='ocrx_word' id='word_1_458' title='bbox 441 4997 668 5051; x_wconf 89' lang='lat' dir='ltr'><strong>libenter</strong></span> <span class='ocrx_word' id='word_1_459' title='bbox 698 5013 795 5066; x_wconf 88' lang='lat' dir='ltr'><strong>pro</strong></span> <span class='ocrx_word' id='word_1_460' title='bbox 828 4998 1023 5052; x_wconf 91' lang='lat' dir='ltr'><strong>animis</strong></span> <span class='ocrx_word' id='word_1_461' title='bbox 1042 4998 1234 5052; x_wconf 81' lang='lat' dir='ltr'><strong>vestris</strong></span> <span class='ocrx_word' id='word_1_462' title='bbox 1255 5000 1539 5069; x_wconf 85' lang='lat' dir='ltr'><strong>erogabor.</strong></span> <span class='ocrx_word' id='word_1_463' title='bbox 1562 5009 1615 5054; x_wconf 91' lang='lat' dir='ltr'><strong>et</strong></span> <span class='ocrx_word' id='word_1_464' title='bbox 1646 5004 2019 5071; x_wconf 85' lang='lat' dir='ltr'><strong>memetipsum</strong></span> 
     </span>
    </p>
   </div>
   <div class='ocr_carea' id='block_1_62' title="bbox 446 5072 2017 5165">
    <p class='ocr_par' dir='ltr' id='par_1_62' title="bbox 446 5072 2017 5165">
     <span class='ocr_line' id='line_1_62' title="bbox 446 5072 2017 5165; baseline 0.004 -22"><span class='ocrx_word' id='word_1_465' title='bbox 446 5089 674 5143; x_wconf 88' lang='lat' dir='ltr'><strong>tradam.</strong></span> <span class='ocrx_word' id='word_1_466' title='bbox 706 5090 772 5143; x_wconf 89' lang='lat' dir='ltr'><strong>Et</strong></span> <span class='ocrx_word' id='word_1_467' title='bbox 801 5090 994 5146; x_wconf 85' lang='lat' dir='ltr'><strong>horum</strong></span> <span class='ocrx_word' id='word_1_468' title='bbox 1021 5090 1144 5159; x_wconf 90' lang='lat' dir='ltr'><strong>quis</strong></span> <span class='ocrx_word' id='word_1_469' title='bbox 1173 5101 1255 5145; x_wconf 90' lang='lat' dir='ltr'><strong>est</strong></span> <span class='ocrx_word' id='word_1_470' title='bbox 1296 5092 1524 5161; x_wconf 87' lang='lat' dir='ltr'><strong>dignus?</strong></span> <span class='ocrx_word' id='word_1_471' title='bbox 1555 5093 1610 5146; x_wconf 91' lang='lat' dir='ltr'><strong>Si</strong></span> <span class='ocrx_word' id='word_1_472' title='bbox 1640 5072 1783 5147; x_wconf 86' lang='lat' dir='ltr'><strong>enim</strong></span> <span class='ocrx_word' id='word_1_473' title='bbox 1814 5094 1901 5148; x_wconf 94' lang='lat' dir='ltr'><strong>ille</strong></span> <span class='ocrx_word' id='word_1_474' title='bbox 1927 5097 2017 5165; x_wconf 92' lang='lat' dir='ltr'><strong>qui</strong></span> 
     </span>
    </p>
   </div>
   <div class='ocr_carea' id='block_1_63' title="bbox 443 5182 2023 5252">
    <p class='ocr_par' dir='ltr' id='par_1_63' title="bbox 443 5182 2023 5252">
     <span class='ocr_line' id='line_1_63' title="bbox 443 5182 2023 5252; baseline 0.002 -15"><span class='ocrx_word' id='word_1_475' title='bbox 443 5198 569 5238; x_wconf 90' lang='lat' dir='ltr'><strong>vere</strong></span> <span class='ocrx_word' id='word_1_476' title='bbox 620 5193 704 5238; x_wconf 87' lang='lat' dir='ltr'><strong>est</strong></span> <span class='ocrx_word' id='word_1_477' title='bbox 756 5197 987 5252; x_wconf 90' lang='lat' dir='ltr'><strong>sponsus</strong></span> <span class='ocrx_word' id='word_1_478' title='bbox 1021 5182 1279 5238; x_wconf 91' lang='lat' dir='ltr'><strong>Dominus</strong></span> <span class='ocrx_word' id='word_1_479' title='bbox 1335 5194 1389 5237; x_wconf 90' lang='lat' dir='ltr'><strong>et</strong></span> <span class='ocrx_word' id='word_1_480' title='bbox 1440 5184 1583 5238; x_wconf 89' lang='lat' dir='ltr'><strong>Deus</strong></span> <span class='ocrx_word' id='word_1_481' title='bbox 1630 5185 1722 5238; x_wconf 86' lang='lat' dir='ltr'><strong>Dei</strong></span> <span class='ocrx_word' id='word_1_482' title='bbox 1757 5202 1861 5239; x_wconf 91' lang='lat' dir='ltr'><strong>non</strong></span> <span class='ocrx_word' id='word_1_483' title='bbox 1915 5189 2023 5241; x_wconf 90' lang='lat' dir='ltr'><strong>nati</strong></span> 
     </span>
    </p>
   </div>
   <div class='ocr_carea' id='block_1_64' title="bbox 442 5273 2022 5348">
    <p class='ocr_par' dir='ltr' id='par_1_64' title="bbox 442 5273 2022 5348">
     <span class='ocr_line' id='line_1_64' title="bbox 442 5273 2022 5348; baseline 0.004 -21"><span class='ocrx_word' id='word_1_484' title='bbox 442 5274 752 5345; x_wconf 87' lang='lat' dir='ltr'><strong>unigenitus</strong></span> <span class='ocrx_word' id='word_1_485' title='bbox 772 5274 960 5338; x_wconf 85' lang='lat' dir='ltr'><strong>Filius,</strong></span> <span class='ocrx_word' id='word_1_486' title='bbox 989 5275 1076 5343; x_wconf 91' lang='lat' dir='ltr'><strong>qui</strong></span> <span class='ocrx_word' id='word_1_487' title='bbox 1110 5274 1164 5328; x_wconf 93' lang='lat' dir='ltr'><strong>in</strong></span> <span class='ocrx_word' id='word_1_488' title='bbox 1201 5273 1368 5344; x_wconf 85' lang='lat' dir='ltr'><strong>figura</strong></span> <span class='ocrx_word' id='word_1_489' title='bbox 1408 5275 1499 5329; x_wconf 88' lang='lat' dir='ltr'><strong>Dei</strong></span> <span class='ocrx_word' id='word_1_490' title='bbox 1520 5277 1871 5342; x_wconf 87' lang='lat' dir='ltr'><strong>constitutus,</strong></span> <span class='ocrx_word' id='word_1_491' title='bbox 1898 5296 2022 5348; x_wconf 86' lang='lat' dir='ltr'><strong>pro-</strong></span> 
     </span>
    </p>
   </div>
   <div class='ocr_carea' id='block_1_65' title="bbox 441 5368 2023 5439">
    <p class='ocr_par' dir='ltr' id='par_1_65' title="bbox 441 5368 2023 5439">
     <span class='ocr_line' id='line_1_65' title="bbox 441 5368 2023 5439; baseline 0.003 -20"><span class='ocrx_word' id='word_1_492' title='bbox 441 5378 562 5436; x_wconf 91' lang='lat' dir='ltr'><strong>pter</strong></span> <span class='ocrx_word' id='word_1_493' title='bbox 586 5368 909 5422; x_wconf 88' lang='lat' dir='ltr'><strong>charitatem</strong></span> <span class='ocrx_word' id='word_1_494' title='bbox 945 5382 1173 5435; x_wconf 60' lang='lat' dir='ltr'><strong>sponsa,</strong></span> <span class='ocrx_word' id='word_1_495' title='bbox 1223 5368 1450 5421; x_wconf 80' lang='lat' dir='ltr'><strong>formant</strong></span> <span class='ocrx_word' id='word_1_496' title='bbox 1496 5370 1635 5423; x_wconf 89' lang='lat' dir='ltr'><strong>servi</strong></span> <span class='ocrx_word' id='word_1_497' title='bbox 1663 5372 1870 5439; x_wconf 87' lang='lat' dir='ltr'><strong>accepit</strong></span> <span class='ocrx_word' id='word_1_498' title='bbox 1908 5389 1920 5423; x_wconf 76' lang='grc' dir='ltr'>ε</span> <span class='ocrx_word' id='word_1_499' title='bbox 1980 5371 2023 5424; x_wconf 86' lang='lat' dir='ltr'><strong>si</strong></span> 
     </span>
    </p>
   </div>
   <div class='ocr_carea' id='block_1_66' title="bbox 440 5458 2023 5533">
    <p class='ocr_par' dir='ltr' id='par_1_66' title="bbox 440 5458 2023 5533">
     <span class='ocr_line' id='line_1_66' title="bbox 440 5458 2023 5533; baseline 0.002 -20"><span class='ocrx_word' id='word_1_500' title='bbox 440 5458 700 5514; x_wconf 91' lang='lat' dir='ltr'><strong>Dominus</strong></span> <span class='ocrx_word' id='word_1_501' title='bbox 754 5459 805 5512; x_wconf 92' lang='lat' dir='ltr'><strong>in</strong></span> <span class='ocrx_word' id='word_1_502' title='bbox 851 5462 1016 5530; x_wconf 81' lang='lat' dir='ltr'><strong>figura</strong></span> <span class='ocrx_word' id='word_1_503' title='bbox 1040 5461 1181 5515; x_wconf 89' lang='lat' dir='ltr'><strong>servi</strong></span> <span class='ocrx_word' id='word_1_504' title='bbox 1222 5471 1442 5529; x_wconf 87' lang='lat' dir='ltr'><strong>propter</strong></span> <span class='ocrx_word' id='word_1_505' title='bbox 1474 5462 1821 5517; x_wconf 89' lang='lat' dir='ltr'><strong>dilectionem</strong></span> <span class='ocrx_word' id='word_1_506' title='bbox 1854 5480 2023 5533; x_wconf 88' lang='lat' dir='ltr'><strong>spon-</strong></span> 
     </span>
    </p>
   </div>
   <div class='ocr_carea' id='block_1_67' title="bbox 441 5549 2022 5622">
    <p class='ocr_par' dir='ltr' id='par_1_67' title="bbox 441 5549 2022 5622">
     <span class='ocr_line' id='line_1_67' title="bbox 441 5549 2022 5622; baseline 0.001 -20"><span class='ocrx_word' id='word_1_507' title='bbox 441 5564 551 5612; x_wconf 68' lang='lat' dir='ltr'><strong>sat;</strong></span> <span class='ocrx_word' id='word_1_508' title='bbox 616 5549 707 5616; x_wconf 89' lang='lat' dir='ltr'><strong>qui</strong></span> <span class='ocrx_word' id='word_1_509' title='bbox 762 5559 953 5601; x_wconf 87' lang='lat' dir='ltr'><strong>natura</strong></span> <span class='ocrx_word' id='word_1_510' title='bbox 1041 5550 1181 5603; x_wconf 82' lang='lat' dir='ltr'><strong>servi</strong></span> <span class='ocrx_word' id='word_1_511' title='bbox 1246 5560 1406 5615; x_wconf 90' lang='lat' dir='ltr'><strong>sunt,</strong></span> <span class='ocrx_word' id='word_1_512' title='bbox 1470 5551 1596 5619; x_wconf 86' lang='lat' dir='ltr'><strong>quid</strong></span> <span class='ocrx_word' id='word_1_513' title='bbox 1658 5562 1812 5620; x_wconf 81' lang='lat' dir='ltr'><strong>putas</strong></span> <span class='ocrx_word' id='word_1_514' title='bbox 1863 5568 2022 5622; x_wconf 87' lang='lat' dir='ltr'><strong>quam</strong></span> 
     </span>
    </p>
   </div>
   <div class='ocr_carea' id='block_1_68' title="bbox 510 5643 1500 5711">
    <p class='ocr_par' dir='ltr' id='par_1_68' title="bbox 510 5643 1500 5711">
     <span class='ocr_line' id='line_1_68' title="bbox 510 5643 1500 5711; baseline 0.002 -13"><span class='ocrx_word' id='word_1_515' title='bbox 510 5643 556 5677; x_wconf 78' lang='lat'><strong>’°</strong></span> <span class='ocrx_word' id='word_1_516' title='bbox 592 5644 727 5699; x_wconf 90' lang='lat' dir='ltr'><strong>Gen.</strong></span> <span class='ocrx_word' id='word_1_517' title='bbox 768 5660 828 5711; x_wconf 84' lang='grc' dir='ltr'><strong>ιι,</strong></span> <span class='ocrx_word' id='word_1_518' title='bbox 856 5644 943 5698; x_wconf 68' lang='lat'><strong>24.</strong></span> <span class='ocrx_word' id='word_1_519' title='bbox 1022 5645 1063 5675; x_wconf 80' lang='grc'><strong>⁹¹</strong></span> <span class='ocrx_word' id='word_1_520' title='bbox 1097 5644 1283 5700; x_wconf 80' lang='lat' dir='ltr'><strong>Matth.</strong></span> <span class='ocrx_word' id='word_1_521' title='bbox 1317 5662 1371 5710; x_wconf 68' lang='grc' dir='ltr'><strong>κ,</strong></span> <span class='ocrx_word' id='word_1_522' title='bbox 1413 5645 1500 5700; x_wconf 71' lang='lat'><strong>40.</strong></span> 
     </span>
    </p>
   </div>
   <div class='ocr_carea' id='block_1_69' title="bbox 514 5763 1463 5833">
    <p class='ocr_par' dir='ltr' id='par_1_69' title="bbox 514 5763 1463 5833">
     <span class='ocr_line' id='line_1_69' title="bbox 514 5763 1463 5833; baseline 0.003 -17"><span class='ocrx_word' id='word_1_523' title='bbox 514 5764 625 5833; x_wconf 85' lang='lat'><strong>(8|)</strong></span> <span class='ocrx_word' id='word_1_524' title='bbox 649 5764 949 5832; x_wconf 78' lang='lat' dir='ltr'><strong>Suscipitis.</strong></span> <span class='ocrx_word' id='word_1_525' title='bbox 974 5763 1153 5827; x_wconf 78' lang='lat' dir='ltr'><strong>Forte,</strong></span> <span class='ocrx_word' id='word_1_526' title='bbox 1175 5764 1463 5833; x_wconf 64' lang='lat' dir='ltr'><strong>suscipiens-</strong></span> 
     </span>
    </p>
   </div>
   <div class='ocr_carea' id='block_1_70' title="bbox 2124 3160 3706 3234">
    <p class='ocr_par' dir='ltr' id='par_1_70' title="bbox 2124 3160 3706 3234">
     <span class='ocr_line' id='line_1_70' title="bbox 2124 3160 3706 3234; baseline -0.005 -17"><span class='ocrx_word' id='word_1_527' title='bbox 2124 3170 2328 3234; x_wconf 88' lang='lat' dir='ltr'><strong>quanta</strong></span> <span class='ocrx_word' id='word_1_528' title='bbox 2359 3162 2426 3216; x_wconf 92' lang='lat' dir='ltr'><strong>ad</strong></span> <span class='ocrx_word' id='word_1_529' title='bbox 2451 3162 2846 3218; x_wconf 89' lang='lat' dir='ltr'><strong>correctionem</strong></span> <span class='ocrx_word' id='word_1_530' title='bbox 2878 3168 3005 3213; x_wconf 85' lang='lat' dir='ltr'><strong>sunt</strong></span> <span class='ocrx_word' id='word_1_531' title='bbox 3040 3160 3343 3215; x_wconf 88' lang='lat' dir='ltr'><strong>necessaria</strong></span> <span class='ocrx_word' id='word_1_532' title='bbox 3376 3168 3431 3215; x_wconf 90' lang='lat' dir='ltr'><strong>et</strong></span> <span class='ocrx_word' id='word_1_533' title='bbox 3456 3169 3706 3213; x_wconf 80' lang='lat' dir='ltr'><strong>ornatum</strong></span> 
     </span>
    </p>
   </div>
   <div class='ocr_carea' id='block_1_71' title="bbox 2122 3250 3710 3324">
    <p class='ocr_par' dir='ltr' id='par_1_71' title="bbox 2122 3250 3710 3324">
     <span class='ocr_line' id='line_1_71' title="bbox 2122 3250 3710 3324; baseline -0.006 -14"><span class='ocrx_word' id='word_1_534' title='bbox 2122 3270 2354 3324; x_wconf 67' lang='lat' dir='ltr'><strong>sponsae,</strong></span> <span class='ocrx_word' id='word_1_535' title='bbox 2411 3255 2616 3323; x_wconf 88' lang='lat' dir='ltr'><strong>patitur</strong></span> <span class='ocrx_word' id='word_1_536' title='bbox 2656 3262 2711 3307; x_wconf 90' lang='lat' dir='ltr'><strong>et</strong></span> <span class='ocrx_word' id='word_1_537' title='bbox 2756 3253 2968 3307; x_wconf 90' lang='lat' dir='ltr'><strong>labores</strong></span> <span class='ocrx_word' id='word_1_538' title='bbox 3017 3260 3070 3305; x_wconf 91' lang='lat' dir='ltr'><strong>et</strong></span> <span class='ocrx_word' id='word_1_539' title='bbox 3102 3251 3312 3321; x_wconf 83' lang='lat' dir='ltr'><strong>vigilias</strong></span> <span class='ocrx_word' id='word_1_540' title='bbox 3355 3260 3411 3304; x_wconf 86' lang='lat' dir='ltr'><strong>et</strong></span> <span class='ocrx_word' id='word_1_541' title='bbox 3446 3250 3710 3302; x_wconf 83' lang='lat' dir='ltr'><strong>adiuven-</strong></span> 
     </span>
    </p>
   </div>
   <div class='ocr_carea' id='block_1_72' title="bbox 2122 3339 3712 3414">
    <p class='ocr_par' dir='ltr' id='par_1_72' title="bbox 2122 3339 3712 3414">
     <span class='ocr_line' id='line_1_72' title="bbox 2122 3339 3712 3414; baseline -0.004 -14"><span class='ocrx_word' id='word_1_542' title='bbox 2122 3348 2339 3403; x_wconf 88' lang='lat' dir='ltr'><strong>tiones:</strong></span> <span class='ocrx_word' id='word_1_543' title='bbox 2366 3346 2554 3414; x_wconf 87' lang='lat' dir='ltr'><strong>vigilat</strong></span> <span class='ocrx_word' id='word_1_544' title='bbox 2575 3346 2717 3399; x_wconf 91' lang='lat' dir='ltr'><strong>enim</strong></span> <span class='ocrx_word' id='word_1_545' title='bbox 2750 3355 2809 3398; x_wconf 93' lang='lat' dir='ltr'><strong>ut</strong></span> <span class='ocrx_word' id='word_1_546' title='bbox 2850 3344 3125 3398; x_wconf 82' lang='lat' dir='ltr'><strong>reficiatur</strong></span> <span class='ocrx_word' id='word_1_547' title='bbox 3158 3357 3377 3411; x_wconf 86' lang='lat' dir='ltr'><strong>Sponsa,</strong></span> <span class='ocrx_word' id='word_1_548' title='bbox 3418 3350 3471 3395; x_wconf 91' lang='lat' dir='ltr'><strong>et</strong></span> <span class='ocrx_word' id='word_1_549' title='bbox 3501 3339 3712 3394; x_wconf 81' lang='lat' dir='ltr'><strong>laborat</strong></span> 
     </span>
    </p>
   </div>
   <div class='ocr_carea' id='block_1_73' title="bbox 2123 3431 3710 3503">
    <p class='ocr_par' dir='ltr' id='par_1_73' title="bbox 2123 3431 3710 3503">
     <span class='ocr_line' id='line_1_73' title="bbox 2123 3431 3710 3503; baseline -0.006 -12"><span class='ocrx_word' id='word_1_550' title='bbox 2123 3448 2180 3491; x_wconf 90' lang='lat' dir='ltr'><strong>ut</strong></span> <span class='ocrx_word' id='word_1_551' title='bbox 2219 3441 2537 3503; x_wconf 89' lang='lat' dir='ltr'><strong>adornetur,</strong></span> <span class='ocrx_word' id='word_1_552' title='bbox 2563 3447 2617 3491; x_wconf 90' lang='lat' dir='ltr'><strong>ct</strong></span> <span class='ocrx_word' id='word_1_553' title='bbox 2646 3436 2850 3490; x_wconf 90' lang='lat' dir='ltr'><strong>invenit</strong></span> <span class='ocrx_word' id='word_1_554' title='bbox 2889 3446 2943 3488; x_wconf 92' lang='lat' dir='ltr'><strong>ut</strong></span> <span class='ocrx_word' id='word_1_555' title='bbox 2970 3443 3244 3503; x_wconf 89' lang='lat' dir='ltr'><strong>pascatur.</strong></span> <span class='ocrx_word' id='word_1_556' title='bbox 3278 3431 3447 3487; x_wconf 78' lang='lat' dir='ltr'><strong>Natus</strong></span> <span class='ocrx_word' id='word_1_557' title='bbox 3476 3432 3619 3485; x_wconf 90' lang='lat' dir='ltr'><strong>enim</strong></span> <span class='ocrx_word' id='word_1_558' title='bbox 3645 3431 3710 3484; x_wconf 88' lang='lat' dir='ltr'><strong>il-</strong></span> 
     </span>
    </p>
   </div>
   <div class='ocr_carea' id='block_1_74' title="bbox 2122 3524 3711 3600">
    <p class='ocr_par' dir='ltr' id='par_1_74' title="bbox 2122 3524 3711 3600">
     <span class='ocr_line' id='line_1_74' title="bbox 2122 3524 3711 3600; baseline -0.003 -16"><span class='ocrx_word' id='word_1_559' title='bbox 2122 3531 2226 3587; x_wconf 90' lang='lat' dir='ltr'><strong>lius</strong></span> <span class='ocrx_word' id='word_1_560' title='bbox 2285 3529 2514 3586; x_wconf 74' lang='lat' dir='ltr'><strong>efficitur</strong></span> <span class='ocrx_word' id='word_1_561' title='bbox 2559 3546 2768 3600; x_wconf 81' lang='lat' dir='ltr'><strong>sponsae</strong></span> <span class='ocrx_word' id='word_1_562' title='bbox 2810 3540 3049 3583; x_wconf 88' lang='lat' dir='ltr'><strong>ornatus.</strong></span> <span class='ocrx_word' id='word_1_563' title='bbox 3085 3527 3223 3594; x_wconf 85' lang='lat' dir='ltr'><strong>Quid</strong></span> <span class='ocrx_word' id='word_1_564' title='bbox 3273 3538 3451 3581; x_wconf 91' lang='lat' dir='ltr'><strong>autem</strong></span> <span class='ocrx_word' id='word_1_565' title='bbox 3482 3526 3602 3580; x_wconf 90' lang='lat' dir='ltr'><strong>dico</strong></span> <span class='ocrx_word' id='word_1_566' title='bbox 3644 3524 3711 3580; x_wconf 91' lang='lat' dir='ltr'><strong>de</strong></span> 
     </span>
    </p>
   </div>
   <div class='ocr_carea' id='block_1_75' title="bbox 2123 3617 3710 3691">
    <p class='ocr_par' dir='ltr' id='par_1_75' title="bbox 2123 3617 3710 3691">
     <span class='ocr_line' id='line_1_75' title="bbox 2123 3617 3710 3691; baseline -0.004 -15"><span class='ocrx_word' id='word_1_567' title='bbox 2123 3624 2261 3678; x_wconf 81' lang='lat' dir='ltr'><strong>Filio</strong></span> <span class='ocrx_word' id='word_1_568' title='bbox 2301 3623 2392 3691; x_wconf 90' lang='lat' dir='ltr'><strong>qui</strong></span> <span class='ocrx_word' id='word_1_569' title='bbox 2423 3623 2488 3677; x_wconf 89' lang='lat' dir='ltr'><strong>de</strong></span> <span class='ocrx_word' id='word_1_570' title='bbox 2522 3624 2660 3679; x_wconf 85' lang='lat' dir='ltr'><strong>ccelo</strong></span> <span class='ocrx_word' id='word_1_571' title='bbox 2690 3621 2991 3687; x_wconf 88' lang='lat' dir='ltr'><strong>descendit,</strong></span> <span class='ocrx_word' id='word_1_572' title='bbox 3021 3630 3077 3674; x_wconf 90' lang='lat' dir='ltr'><strong>ut</strong></span> <span class='ocrx_word' id='word_1_573' title='bbox 3111 3618 3378 3688; x_wconf 84' lang='lat' dir='ltr'><strong>captivam</strong></span> <span class='ocrx_word' id='word_1_574' title='bbox 3410 3618 3510 3673; x_wconf 91' lang='lat' dir='ltr'><strong>sibi</strong></span> <span class='ocrx_word' id='word_1_575' title='bbox 3562 3617 3710 3672; x_wconf 88' lang='lat' dir='ltr'><strong>acci-</strong></span> 
     </span>
    </p>
   </div>
   <div class='ocr_carea' id='block_1_76' title="bbox 2124 3708 3712 3785">
    <p class='ocr_par' dir='ltr' id='par_1_76' title="bbox 2124 3708 3712 3785">
     <span class='ocr_line' id='line_1_76' title="bbox 2124 3708 3712 3785; baseline -0.004 -17"><span class='ocrx_word' id='word_1_576' title='bbox 2124 3724 2276 3785; x_wconf 88' lang='lat' dir='ltr'><strong>peret</strong></span> <span class='ocrx_word' id='word_1_577' title='bbox 2296 3730 2572 3784; x_wconf 88' lang='lat' dir='ltr'><strong>sponsam,</strong></span> <span class='ocrx_word' id='word_1_578' title='bbox 2600 3713 2743 3766; x_wconf 89' lang='lat' dir='ltr'><strong>illam</strong></span> <span class='ocrx_word' id='word_1_579' title='bbox 2768 3728 2885 3783; x_wconf 75' lang='lat' dir='ltr'><strong>qua:</strong></span> <span class='ocrx_word' id='word_1_580' title='bbox 2912 3722 3036 3765; x_wconf 89' lang='lat' dir='ltr'><strong>ante</strong></span> <span class='ocrx_word' id='word_1_581' title='bbox 3055 3721 3171 3765; x_wconf 88' lang='lat' dir='ltr'><strong>erat</strong></span> <span class='ocrx_word' id='word_1_582' title='bbox 3196 3710 3432 3773; x_wconf 87' lang='lat' dir='ltr'><strong>sordida,</strong></span> <span class='ocrx_word' id='word_1_583' title='bbox 3459 3726 3577 3779; x_wconf 81' lang='lat' dir='ltr'><strong>quae</strong></span> <span class='ocrx_word' id='word_1_584' title='bbox 3594 3708 3712 3763; x_wconf 84' lang='lat' dir='ltr'><strong>fue-</strong></span> 
     </span>
    </p>
   </div>
   <div class='ocr_carea' id='block_1_77' title="bbox 2123 3804 3711 3873">
    <p class='ocr_par' dir='ltr' id='par_1_77' title="bbox 2123 3804 3711 3873">
     <span class='ocr_line' id='line_1_77' title="bbox 2123 3804 3711 3873; baseline -0.004 -11"><span class='ocrx_word' id='word_1_585' title='bbox 2123 3817 2205 3862; x_wconf 83' lang='lat' dir='ltr'><strong>rat</strong></span> <span class='ocrx_word' id='word_1_586' title='bbox 2237 3805 2519 3867; x_wconf 86' lang='lat' dir='ltr'><strong>fornicata,</strong></span> <span class='ocrx_word' id='word_1_587' title='bbox 2547 3819 2665 3873; x_wconf 59' lang='lat' dir='ltr'><strong>quae</strong></span> <span class='ocrx_word' id='word_1_588' title='bbox 2701 3819 2888 3859; x_wconf 88' lang='lat' dir='ltr'><strong>comas</strong></span> <span class='ocrx_word' id='word_1_589' title='bbox 2940 3804 3171 3857; x_wconf 90' lang='lat' dir='ltr'><strong>habebat</strong></span> <span class='ocrx_word' id='word_1_590' title='bbox 3201 3806 3460 3873; x_wconf 88' lang='lat' dir='ltr'><strong>impuras,</strong></span> <span class='ocrx_word' id='word_1_591' title='bbox 3506 3817 3625 3871; x_wconf 59' lang='lat' dir='ltr'><strong>quae</strong></span> <span class='ocrx_word' id='word_1_592' title='bbox 3656 3810 3711 3856; x_wconf 88' lang='lat' dir='ltr'><strong>et</strong></span> 
     </span>
    </p>
   </div>
   <div class='ocr_carea' id='block_1_78' title="bbox 2125 3893 3710 3965">
    <p class='ocr_par' dir='ltr' id='par_1_78' title="bbox 2125 3893 3710 3965">
     <span class='ocr_line' id='line_1_78' title="bbox 2125 3893 3710 3965; baseline -0.003 -14"><span class='ocrx_word' id='word_1_593' title='bbox 2125 3899 2191 3953; x_wconf 91' lang='lat' dir='ltr'><strong>ab</strong></span> <span class='ocrx_word' id='word_1_594' title='bbox 2227 3899 2369 3953; x_wconf 92' lang='lat' dir='ltr'><strong>intus</strong></span> <span class='ocrx_word' id='word_1_595' title='bbox 2401 3908 2455 3953; x_wconf 92' lang='lat' dir='ltr'><strong>et</strong></span> <span class='ocrx_word' id='word_1_596' title='bbox 2489 3914 2517 3950; x_wconf 90' lang='lat' dir='ltr'><strong>a</strong></span> <span class='ocrx_word' id='word_1_597' title='bbox 2556 3897 2687 3953; x_wconf 89' lang='lat' dir='ltr'><strong>foris</strong></span> <span class='ocrx_word' id='word_1_598' title='bbox 2735 3912 2839 3952; x_wconf 92' lang='lat' dir='ltr'><strong>non</strong></span> <span class='ocrx_word' id='word_1_599' title='bbox 2877 3904 2995 3951; x_wconf 90' lang='lat' dir='ltr'><strong>erat</strong></span> <span class='ocrx_word' id='word_1_600' title='bbox 3033 3897 3193 3960; x_wconf 91' lang='lat' dir='ltr'><strong>bona,</strong></span> <span class='ocrx_word' id='word_1_601' title='bbox 3234 3897 3285 3951; x_wconf 92' lang='lat' dir='ltr'><strong>in</strong></span> <span class='ocrx_word' id='word_1_602' title='bbox 3322 3910 3482 3965; x_wconf 88' lang='lat' dir='ltr'><strong>quam</strong></span> <span class='ocrx_word' id='word_1_603' title='bbox 3525 3893 3710 3948; x_wconf 86' lang='lat' dir='ltr'><strong>illuse-</strong></span> 
     </span>
    </p>
   </div>
   <div class='ocr_carea' id='block_1_79' title="bbox 2125 3986 3710 4060">
    <p class='ocr_par' dir='ltr' id='par_1_79' title="bbox 2125 3986 3710 4060">
     <span class='ocr_line' id='line_1_79' title="bbox 2125 3986 3710 4060; baseline -0.003 -15"><span class='ocrx_word' id='word_1_604' title='bbox 2125 4002 2251 4046; x_wconf 91' lang='lat' dir='ltr'><strong>runt</strong></span> <span class='ocrx_word' id='word_1_605' title='bbox 2307 3992 2599 4057; x_wconf 84' lang='lat' dir='ltr'><strong>daemones,</strong></span> <span class='ocrx_word' id='word_1_606' title='bbox 2647 4006 2766 4060; x_wconf 76' lang='lat' dir='ltr'><strong>qua:</strong></span> <span class='ocrx_word' id='word_1_607' title='bbox 2796 3989 3100 4045; x_wconf 73' lang='lat' dir='ltr'><strong>fmdabatur</strong></span> <span class='ocrx_word' id='word_1_608' title='bbox 3134 3990 3185 4043; x_wconf 91' lang='lat' dir='ltr'><strong>in</strong></span> <span class='ocrx_word' id='word_1_609' title='bbox 3232 3986 3526 4049; x_wconf 88' lang='lat' dir='ltr'><strong>montibus,</strong></span> <span class='ocrx_word' id='word_1_610' title='bbox 3591 4001 3710 4054; x_wconf 68' lang='lat' dir='ltr'><strong>qua:</strong></span> 
     </span>
    </p>
   </div>
   <div class='ocr_carea' id='block_1_80' title="bbox 2126 4078 3710 4155">
    <p class='ocr_par' dir='ltr' id='par_1_80' title="bbox 2126 4078 3710 4155">
     <span class='ocr_line' id='line_1_80' title="bbox 2126 4078 3710 4155; baseline -0.004 -17"><span class='ocrx_word' id='word_1_611' title='bbox 2126 4085 2265 4138; x_wconf 89' lang='lat' dir='ltr'><strong>nuda</strong></span> <span class='ocrx_word' id='word_1_612' title='bbox 2293 4086 2565 4151; x_wconf 87' lang='lat' dir='ltr'><strong>currebat,</strong></span> <span class='ocrx_word' id='word_1_613' title='bbox 2596 4100 2716 4155; x_wconf 67' lang='lat' dir='ltr'><strong>qure</strong></span> <span class='ocrx_word' id='word_1_614' title='bbox 2746 4085 3003 4139; x_wconf 88' lang='lat' dir='ltr'><strong>lectiones</strong></span> <span class='ocrx_word' id='word_1_615' title='bbox 3033 4083 3419 4137; x_wconf 84' lang='lat' dir='ltr'><strong>daemoniorum</strong></span> <span class='ocrx_word' id='word_1_616' title='bbox 3452 4078 3710 4143; x_wconf 88' lang='lat' dir='ltr'><strong>habebat,</strong></span> 
     </span>
    </p>
   </div>
   <div class='ocr_carea' id='block_1_81' title="bbox 2124 4172 3715 4245">
    <p class='ocr_par' dir='ltr' id='par_1_81' title="bbox 2124 4172 3715 4245">
     <span class='ocr_line' id='line_1_81' title="bbox 2124 4172 3715 4245; baseline -0.001 -19"><span class='ocrx_word' id='word_1_617' title='bbox 2124 4191 2242 4245; x_wconf 79' lang='lat' dir='ltr'><strong>qme</strong></span> <span class='ocrx_word' id='word_1_618' title='bbox 2269 4178 2442 4244; x_wconf 91' lang='lat' dir='ltr'><strong>turpia</strong></span> <span class='ocrx_word' id='word_1_619' title='bbox 2464 4177 2741 4244; x_wconf 86' lang='lat' dir='ltr'><strong>cantabat,</strong></span> <span class='ocrx_word' id='word_1_620' title='bbox 2784 4176 2961 4245; x_wconf 89' lang='lat' dir='ltr'><strong>turpia</strong></span> <span class='ocrx_word' id='word_1_621' title='bbox 2983 4174 3217 4239; x_wconf 88' lang='lat' dir='ltr'><strong>ludebat,</strong></span> <span class='ocrx_word' id='word_1_622' title='bbox 3240 4175 3416 4242; x_wconf 90' lang='lat' dir='ltr'><strong>turpia</strong></span> <span class='ocrx_word' id='word_1_623' title='bbox 3457 4172 3715 4243; x_wconf 75' lang='lat' dir='ltr'><strong>loqueba-</strong></span> 
     </span>
    </p>
   </div>
   <div class='ocr_carea' id='block_1_82' title="bbox 2126 4263 3711 4337">
    <p class='ocr_par' dir='ltr' id='par_1_82' title="bbox 2126 4263 3711 4337">
     <span class='ocr_line' id='line_1_82' title="bbox 2126 4263 3711 4337; baseline -0.001 -19"><span class='ocrx_word' id='word_1_624' title='bbox 2126 4275 2213 4318; x_wconf 91' lang='lat' dir='ltr'><strong>tur</strong></span> <span class='ocrx_word' id='word_1_625' title='bbox 2246 4281 2260 4317; x_wconf 88' lang='lat'><strong>:</strong></span> <span class='ocrx_word' id='word_1_626' title='bbox 2292 4281 2411 4336; x_wconf 80' lang='lat' dir='ltr'><strong>quae</strong></span> <span class='ocrx_word' id='word_1_627' title='bbox 2436 4282 2504 4321; x_wconf 92' lang='lat' dir='ltr'><strong>ne</strong></span> <span class='ocrx_word' id='word_1_628' title='bbox 2540 4265 2755 4337; x_wconf 89' lang='lat' dir='ltr'><strong>quidem</strong></span> <span class='ocrx_word' id='word_1_629' title='bbox 2798 4264 2851 4318; x_wconf 91' lang='lat' dir='ltr'><strong>in</strong></span> <span class='ocrx_word' id='word_1_630' title='bbox 2892 4265 3083 4318; x_wconf 89' lang='lat' dir='ltr'><strong>itinere</strong></span> <span class='ocrx_word' id='word_1_631' title='bbox 3108 4264 3413 4319; x_wconf 87' lang='lat' dir='ltr'><strong>hominibus</strong></span> <span class='ocrx_word' id='word_1_632' title='bbox 3444 4263 3711 4318; x_wconf 90' lang='lat' dir='ltr'><strong>concede-</strong></span> 
     </span>
    </p>
   </div>
   <div class='ocr_carea' id='block_1_83' title="bbox 2123 4356 3708 4428">
    <p class='ocr_par' dir='ltr' id='par_1_83' title="bbox 2123 4356 3708 4428">
     <span class='ocr_line' id='line_1_83' title="bbox 2123 4356 3708 4428; baseline -0.002 -17"><span class='ocrx_word' id='word_1_633' title='bbox 2123 4356 2235 4421; x_wconf 87' lang='lat' dir='ltr'><strong>bat,</strong></span> <span class='ocrx_word' id='word_1_634' title='bbox 2275 4373 2395 4426; x_wconf 74' lang='lat' dir='ltr'><strong>quae</strong></span> <span class='ocrx_word' id='word_1_635' title='bbox 2429 4358 2678 4426; x_wconf 86' lang='lat' dir='ltr'><strong>portabat</strong></span> <span class='ocrx_word' id='word_1_636' title='bbox 2706 4359 2927 4428; x_wconf 89' lang='lat' dir='ltr'><strong>lapides,</strong></span> <span class='ocrx_word' id='word_1_637' title='bbox 2955 4368 3008 4412; x_wconf 92' lang='lat' dir='ltr'><strong>et</strong></span> <span class='ocrx_word' id='word_1_638' title='bbox 3040 4356 3408 4412; x_wconf 89' lang='lat' dir='ltr'><strong>fornicabatur</strong></span> <span class='ocrx_word' id='word_1_639' title='bbox 3441 4358 3506 4409; x_wconf 91' lang='lat' dir='ltr'><strong>ad</strong></span> <span class='ocrx_word' id='word_1_640' title='bbox 3544 4356 3708 4425; x_wconf 88' lang='lat' dir='ltr'><strong>ligna,</strong></span> 
     </span>
    </p>
   </div>
   <div class='ocr_carea' id='block_1_84' title="bbox 2053 4428 3710 4521">
    <p class='ocr_par' dir='ltr' id='par_1_84' title="bbox 2053 4428 3710 4521">
     <span class='ocr_line' id='line_1_84' title="bbox 2053 4428 3710 4521; baseline 0 -19"><span class='ocrx_word' id='word_1_641' title='bbox 2053 4428 2100 4484; x_wconf 74' lang='grc' dir='ltr'>ί)</span> <span class='ocrx_word' id='word_1_642' title='bbox 2126 4465 2247 4518; x_wconf 84' lang='lat' dir='ltr'><strong>quae</strong></span> <span class='ocrx_word' id='word_1_643' title='bbox 2294 4449 2553 4521; x_wconf 87' lang='lat' dir='ltr'><strong>fumigata</strong></span> <span class='ocrx_word' id='word_1_644' title='bbox 2594 4461 2733 4515; x_wconf 89' lang='lat' dir='ltr'><strong>erat,</strong></span> <span class='ocrx_word' id='word_1_645' title='bbox 2779 4466 2899 4520; x_wconf 63' lang='lat' dir='ltr'><strong>quae</strong></span> <span class='ocrx_word' id='word_1_646' title='bbox 2956 4450 3233 4505; x_wconf 89' lang='lat' dir='ltr'><strong>redolebat</strong></span> <span class='ocrx_word' id='word_1_647' title='bbox 3270 4449 3455 4503; x_wconf 91' lang='lat' dir='ltr'><strong>nidore</strong></span> <span class='ocrx_word' id='word_1_648' title='bbox 3498 4447 3710 4514; x_wconf 69' lang='lat' dir='ltr'><strong>frmido,</strong></span> 
     </span>
    </p>
   </div>
   <div class='ocr_carea' id='block_1_85' title="bbox 2126 4539 3714 4610">
    <p class='ocr_par' dir='ltr' id='par_1_85' title="bbox 2126 4539 3714 4610">
     <span class='ocr_line' id='line_1_85' title="bbox 2126 4539 3714 4610; baseline 0.001 -17"><span class='ocrx_word' id='word_1_649' title='bbox 2126 4557 2245 4609; x_wconf 68' lang='lat' dir='ltr'><strong>quae</strong></span> <span class='ocrx_word' id='word_1_650' title='bbox 2268 4542 2396 4610; x_wconf 90' lang='lat' dir='ltr'><strong>quid</strong></span> <span class='ocrx_word' id='word_1_651' title='bbox 2436 4559 2539 4597; x_wconf 88' lang='lat' dir='ltr'><strong>non</strong></span> <span class='ocrx_word' id='word_1_652' title='bbox 2573 4544 2699 4597; x_wconf 91' lang='lat' dir='ltr'><strong>mali</strong></span> <span class='ocrx_word' id='word_1_653' title='bbox 2739 4543 3011 4598; x_wconf 85' lang='lat' dir='ltr'><strong>habebat?</strong></span> <span class='ocrx_word' id='word_1_654' title='bbox 3040 4542 3137 4598; x_wconf 90' lang='lat' dir='ltr'><strong>Cui</strong></span> <span class='ocrx_word' id='word_1_655' title='bbox 3168 4543 3311 4597; x_wconf 90' lang='lat' dir='ltr'><strong>enim</strong></span> <span class='ocrx_word' id='word_1_656' title='bbox 3345 4550 3399 4596; x_wconf 91' lang='lat' dir='ltr'><strong>et</strong></span> <span class='ocrx_word' id='word_1_657' title='bbox 3426 4540 3531 4596; x_wconf 82' lang='lat' dir='ltr'><strong>alio</strong></span> <span class='ocrx_word' id='word_1_658' title='bbox 3554 4539 3714 4596; x_wconf 88' lang='lat' dir='ltr'><strong>dece-</strong></span> 
     </span>
    </p>
   </div>
   <div class='ocr_carea' id='block_1_86' title="bbox 2126 4633 3714 4706">
    <p class='ocr_par' dir='ltr' id='par_1_86' title="bbox 2126 4633 3714 4706">
     <span class='ocr_line' id='line_1_86' title="bbox 2126 4633 3714 4706; baseline -0.001 -18"><span class='ocrx_word' id='word_1_659' title='bbox 2126 4636 2219 4689; x_wconf 88' lang='lat' dir='ltr'><strong>bat</strong></span> <span class='ocrx_word' id='word_1_660' title='bbox 2264 4634 2420 4688; x_wconf 89' lang='lat' dir='ltr'><strong>talem</strong></span> <span class='ocrx_word' id='word_1_661' title='bbox 2458 4636 2558 4690; x_wconf 90' lang='lat' dir='ltr'><strong>sibi</strong></span> <span class='ocrx_word' id='word_1_662' title='bbox 2589 4636 2788 4706; x_wconf 86' lang='lat' dir='ltr'><strong>eligere</strong></span> <span class='ocrx_word' id='word_1_663' title='bbox 2834 4651 3109 4705; x_wconf 88' lang='lat' dir='ltr'><strong>sponsam,</strong></span> <span class='ocrx_word' id='word_1_664' title='bbox 3154 4650 3313 4704; x_wconf 92' lang='lat' dir='ltr'><strong>qnam</strong></span> <span class='ocrx_word' id='word_1_665' title='bbox 3350 4633 3423 4688; x_wconf 90' lang='lat' dir='ltr'><strong>illi</strong></span> <span class='ocrx_word' id='word_1_666' title='bbox 3456 4634 3545 4703; x_wconf 93' lang='lat' dir='ltr'><strong>qui</strong></span> <span class='ocrx_word' id='word_1_667' title='bbox 3594 4643 3714 4688; x_wconf 91' lang='lat' dir='ltr'><strong>erat</strong></span> 
     </span>
    </p>
   </div>
   <div class='ocr_carea' id='block_1_87' title="bbox 2127 4725 3712 4796">
    <p class='ocr_par' dir='ltr' id='par_1_87' title="bbox 2127 4725 3712 4796">
     <span class='ocr_line' id='line_1_87' title="bbox 2127 4725 3712 4796; baseline -0.001 -18"><span class='ocrx_word' id='word_1_668' title='bbox 2127 4725 2438 4780; x_wconf 87' lang='lat' dir='ltr'><strong>misericors</strong></span> <span class='ocrx_word' id='word_1_669' title='bbox 2472 4727 2744 4796; x_wconf 90' lang='lat' dir='ltr'><strong>sponsus?</strong></span> <span class='ocrx_word' id='word_1_670' title='bbox 2784 4726 2915 4781; x_wconf 93' lang='lat' dir='ltr'><strong>nihil</strong></span> <span class='ocrx_word' id='word_1_671' title='bbox 2950 4728 3095 4782; x_wconf 89' lang='lat' dir='ltr'><strong>enim</strong></span> <span class='ocrx_word' id='word_1_672' title='bbox 3127 4726 3361 4781; x_wconf 86' lang='lat' dir='ltr'><strong>habebat</strong></span> <span class='ocrx_word' id='word_1_673' title='bbox 3388 4725 3712 4779; x_wconf 84' lang='lat' dir='ltr'><strong>ltortamenti</strong></span> 
     </span>
    </p>
   </div>
   <div class='ocr_carea' id='block_1_88' title="bbox 2127 4814 3713 4887">
    <p class='ocr_par' dir='ltr' id='par_1_88' title="bbox 2127 4814 3713 4887">
     <span class='ocr_line' id='line_1_88' title="bbox 2127 4814 3713 4887; baseline -0.002 -16"><span class='ocrx_word' id='word_1_674' title='bbox 2127 4818 2193 4871; x_wconf 89' lang='lat' dir='ltr'><strong>ad</strong></span> <span class='ocrx_word' id='word_1_675' title='bbox 2232 4818 2576 4873; x_wconf 89' lang='lat' dir='ltr'><strong>dilectionem</strong></span> <span class='ocrx_word' id='word_1_676' title='bbox 2614 4835 2732 4887; x_wconf 84' lang='lat' dir='ltr'><strong>quae</strong></span> <span class='ocrx_word' id='word_1_677' title='bbox 2766 4828 3042 4886; x_wconf 88' lang='lat' dir='ltr'><strong>assumpta</strong></span> <span class='ocrx_word' id='word_1_678' title='bbox 3082 4828 3184 4874; x_wconf 86' lang='lat' dir='ltr'><strong>est.</strong></span> <span class='ocrx_word' id='word_1_679' title='bbox 3241 4819 3375 4884; x_wconf 85' lang='lat' dir='ltr'><strong>Quia</strong></span> <span class='ocrx_word' id='word_1_680' title='bbox 3416 4832 3544 4886; x_wconf 85' lang='lat' dir='ltr'><strong>ergo</strong></span> <span class='ocrx_word' id='word_1_681' title='bbox 3582 4814 3713 4869; x_wconf 91' lang='lat' dir='ltr'><strong>nihil</strong></span> 
     </span>
    </p>
   </div>
   <div class='ocr_carea' id='block_1_89' title="bbox 2128 4905 3710 4976">
    <p class='ocr_par' dir='ltr' id='par_1_89' title="bbox 2128 4905 3710 4976">
     <span class='ocr_line' id='line_1_89' title="bbox 2128 4905 3710 4976; baseline -0.001 -18"><span class='ocrx_word' id='word_1_682' title='bbox 2128 4920 2245 4961; x_wconf 83' lang='lat' dir='ltr'><strong>erat</strong></span> <span class='ocrx_word' id='word_1_683' title='bbox 2280 4912 2347 4961; x_wconf 89' lang='lat' dir='ltr'><strong>ab</strong></span> <span class='ocrx_word' id='word_1_684' title='bbox 2380 4910 2477 4964; x_wconf 89' lang='lat' dir='ltr'><strong>ista</strong></span> <span class='ocrx_word' id='word_1_685' title='bbox 2516 4910 3006 4974; x_wconf 84' lang='lat' dir='ltr'><strong>adhortamentuin,</strong></span> <span class='ocrx_word' id='word_1_686' title='bbox 3057 4910 3177 4964; x_wconf 88' lang='lat' dir='ltr'><strong>ideo</strong></span> <span class='ocrx_word' id='word_1_687' title='bbox 3228 4910 3365 4963; x_wconf 87' lang='lat' dir='ltr'><strong>facta</strong></span> <span class='ocrx_word' id='word_1_688' title='bbox 3407 4917 3489 4962; x_wconf 89' lang='lat' dir='ltr'><strong>est</strong></span> <span class='ocrx_word' id='word_1_689' title='bbox 3540 4905 3710 4976; x_wconf 77' lang='lat' dir='ltr'><strong>gratia</strong></span> 
     </span>
    </p>
   </div>
   <div class='ocr_carea' id='block_1_90' title="bbox 2129 4998 3711 5071">
    <p class='ocr_par' dir='ltr' id='par_1_90' title="bbox 2129 4998 3711 5071">
     <span class='ocr_line' id='line_1_90' title="bbox 2129 4998 3711 5071; baseline -0.001 -19"><span class='ocrx_word' id='word_1_690' title='bbox 2129 4998 2243 5068; x_wconf 82' lang='lat' dir='ltr'><strong>ejus</strong></span> <span class='ocrx_word' id='word_1_691' title='bbox 2273 5001 2362 5071; x_wconf 90' lang='lat' dir='ltr'><strong>qui</strong></span> <span class='ocrx_word' id='word_1_692' title='bbox 2395 5006 2607 5067; x_wconf 87' lang='lat' dir='ltr'><strong>accepit</strong></span> <span class='ocrx_word' id='word_1_693' title='bbox 2645 5002 2803 5057; x_wconf 88' lang='lat' dir='ltr'><strong>talem</strong></span> <span class='ocrx_word' id='word_1_694' title='bbox 2836 5022 2847 5056; x_wconf 89' lang='lat'><strong>:</strong></span> <span class='ocrx_word' id='word_1_695' title='bbox 2882 5018 2979 5071; x_wconf 90' lang='lat' dir='ltr'><strong>pro</strong></span> <span class='ocrx_word' id='word_1_696' title='bbox 3020 5002 3144 5056; x_wconf 91' lang='lat' dir='ltr'><strong>odio</strong></span> <span class='ocrx_word' id='word_1_697' title='bbox 3171 5002 3312 5055; x_wconf 89' lang='lat' dir='ltr'><strong>enim</strong></span> <span class='ocrx_word' id='word_1_698' title='bbox 3350 5016 3455 5068; x_wconf 92' lang='lat' dir='ltr'><strong>quo</strong></span> <span class='ocrx_word' id='word_1_699' title='bbox 3480 5007 3596 5053; x_wconf 85' lang='lat' dir='ltr'><strong>erat</strong></span> <span class='ocrx_word' id='word_1_700' title='bbox 3635 4998 3711 5051; x_wconf 86' lang='lat' dir='ltr'><strong>di-</strong></span> 
     </span>
    </p>
   </div>
   <div class='ocr_carea' id='block_1_91' title="bbox 2127 5088 3711 5163">
    <p class='ocr_par' dir='ltr' id='par_1_91' title="bbox 2127 5088 3711 5163">
     <span class='ocr_line' id='line_1_91' title="bbox 2127 5088 3711 5163; baseline -0.003 -17"><span class='ocrx_word' id='word_1_701' title='bbox 2127 5108 2252 5162; x_wconf 84' lang='lat' dir='ltr'><strong>gna,</strong></span> <span class='ocrx_word' id='word_1_702' title='bbox 2292 5093 2476 5146; x_wconf 83' lang='lat' dir='ltr'><strong>dilexit</strong></span> <span class='ocrx_word' id='word_1_703' title='bbox 2504 5108 2655 5157; x_wconf 85' lang='lat' dir='ltr'><strong>eam;</strong></span> <span class='ocrx_word' id='word_1_704' title='bbox 2691 5110 2785 5163; x_wconf 78' lang='lat' dir='ltr'><strong>pro</strong></span> <span class='ocrx_word' id='word_1_705' title='bbox 2828 5108 2987 5162; x_wconf 68' lang='lat' dir='ltr'><strong>pinna</strong></span> <span class='ocrx_word' id='word_1_706' title='bbox 3023 5093 3325 5155; x_wconf 87' lang='lat' dir='ltr'><strong>honoravit,</strong></span> <span class='ocrx_word' id='word_1_707' title='bbox 3368 5105 3467 5160; x_wconf 91' lang='lat' dir='ltr'><strong>pro</strong></span> <span class='ocrx_word' id='word_1_708' title='bbox 3496 5088 3711 5144; x_wconf 85' lang='lat' dir='ltr'><strong>mortali</strong></span> 
     </span>
    </p>
   </div>
   <div class='ocr_carea' id='block_1_92' title="bbox 2131 5183 3715 5254">
    <p class='ocr_par' dir='ltr' id='par_1_92' title="bbox 2131 5183 3715 5254">
     <span class='ocr_line' id='line_1_92' title="bbox 2131 5183 3715 5254; baseline -0.004 -18"><span class='ocrx_word' id='word_1_709' title='bbox 2131 5193 2373 5239; x_wconf 88' lang='lat' dir='ltr'><strong>mortuus</strong></span> <span class='ocrx_word' id='word_1_710' title='bbox 2397 5195 2499 5248; x_wconf 89' lang='lat' dir='ltr'><strong>est,</strong></span> <span class='ocrx_word' id='word_1_711' title='bbox 2535 5200 2630 5254; x_wconf 88' lang='lat' dir='ltr'><strong>pro</strong></span> <span class='ocrx_word' id='word_1_712' title='bbox 2663 5186 3018 5239; x_wconf 90' lang='lat' dir='ltr'><strong>condemnata</strong></span> <span class='ocrx_word' id='word_1_713' title='bbox 3060 5183 3451 5238; x_wconf 88' lang='lat' dir='ltr'><strong>condemnatus</strong></span> <span class='ocrx_word' id='word_1_714' title='bbox 3476 5187 3578 5243; x_wconf 89' lang='lat' dir='ltr'><strong>est,</strong></span> <span class='ocrx_word' id='word_1_715' title='bbox 3615 5193 3715 5247; x_wconf 89' lang='lat' dir='ltr'><strong>pro</strong></span> 
     </span>
    </p>
   </div>
   <div class='ocr_carea' id='block_1_93' title="bbox 2130 5271 3715 5348">
    <p class='ocr_par' dir='ltr' id='par_1_93' title="bbox 2130 5271 3715 5348">
     <span class='ocr_line' id='line_1_93' title="bbox 2130 5271 3715 5348; baseline -0.005 -17"><span class='ocrx_word' id='word_1_716' title='bbox 2130 5276 2383 5347; x_wconf 88' lang='lat' dir='ltr'><strong>injuriosa</strong></span> <span class='ocrx_word' id='word_1_717' title='bbox 2406 5278 2521 5348; x_wconf 92' lang='lat' dir='ltr'><strong>ipse</strong></span> <span class='ocrx_word' id='word_1_718' title='bbox 2555 5295 2743 5347; x_wconf 88' lang='lat' dir='ltr'><strong>passus</strong></span> <span class='ocrx_word' id='word_1_719' title='bbox 2782 5278 3030 5345; x_wconf 90' lang='lat' dir='ltr'><strong>injuriam</strong></span> <span class='ocrx_word' id='word_1_720' title='bbox 3058 5286 3112 5331; x_wconf 92' lang='lat' dir='ltr'><strong>et</strong></span> <span class='ocrx_word' id='word_1_721' title='bbox 3149 5275 3421 5343; x_wconf 89' lang='lat' dir='ltr'><strong>accipiens</strong></span> <span class='ocrx_word' id='word_1_722' title='bbox 3451 5271 3715 5340; x_wconf 78' lang='lat' dir='ltr'><strong>sputami—</strong></span> 
     </span>
    </p>
   </div>
   <div class='ocr_carea' id='block_1_94' title="bbox 2130 5369 3713 5439">
    <p class='ocr_par' dir='ltr' id='par_1_94' title="bbox 2130 5369 3713 5439">
     <span class='ocr_line' id='line_1_94' title="bbox 2130 5369 3713 5439; baseline -0.003 -17"><span class='ocrx_word' id='word_1_723' title='bbox 2130 5386 2198 5423; x_wconf 93' lang='lat' dir='ltr'><strong>na</strong></span> <span class='ocrx_word' id='word_1_724' title='bbox 2230 5371 2280 5423; x_wconf 92' lang='lat' dir='ltr'><strong>in</strong></span> <span class='ocrx_word' id='word_1_725' title='bbox 2316 5380 2556 5426; x_wconf 86' lang='lat' dir='ltr'><strong>sanetam</strong></span> <span class='ocrx_word' id='word_1_726' title='bbox 2587 5372 2799 5437; x_wconf 84' lang='lat' dir='ltr'><strong>faciem,</strong></span> <span class='ocrx_word' id='word_1_727' title='bbox 2849 5383 2905 5426; x_wconf 92' lang='lat' dir='ltr'><strong>et</strong></span> <span class='ocrx_word' id='word_1_728' title='bbox 2937 5380 3062 5425; x_wconf 91' lang='lat' dir='ltr'><strong>ante</strong></span> <span class='ocrx_word' id='word_1_729' title='bbox 3094 5369 3398 5439; x_wconf 89' lang='lat' dir='ltr'><strong>sputamina</strong></span> <span class='ocrx_word' id='word_1_730' title='bbox 3426 5381 3543 5421; x_wconf 88' lang='lat' dir='ltr'><strong>eam</strong></span> <span class='ocrx_word' id='word_1_731' title='bbox 3583 5378 3713 5419; x_wconf 80' lang='lat' dir='ltr'><strong>sus-</strong></span> 
     </span>
    </p>
   </div>
   <div class='ocr_carea' id='block_1_95' title="bbox 2130 5458 3710 5533">
    <p class='ocr_par' dir='ltr' id='par_1_95' title="bbox 2130 5458 3710 5533">
     <span class='ocr_line' id='line_1_95' title="bbox 2130 5458 3710 5533; baseline -0.004 -18"><span class='ocrx_word' id='word_1_732' title='bbox 2130 5460 2460 5531; x_wconf 89' lang='lat' dir='ltr'><strong>cipitis(8i).</strong></span> <span class='ocrx_word' id='word_1_733' title='bbox 2487 5462 2591 5517; x_wconf 87' lang='lat' dir='ltr'><strong>ista</strong></span> <span class='ocrx_word' id='word_1_734' title='bbox 2620 5465 2761 5517; x_wconf 90' lang='lat' dir='ltr'><strong>enim</strong></span> <span class='ocrx_word' id='word_1_735' title='bbox 2790 5479 3007 5533; x_wconf 75' lang='lat' dir='ltr'><strong>sponsa,</strong></span> <span class='ocrx_word' id='word_1_736' title='bbox 3041 5462 3233 5516; x_wconf 88' lang='lat' dir='ltr'><strong>ancilla</strong></span> <span class='ocrx_word' id='word_1_737' title='bbox 3263 5475 3329 5514; x_wconf 80' lang='lat' dir='ltr'><strong>ex</strong></span> <span class='ocrx_word' id='word_1_738' title='bbox 3352 5458 3526 5514; x_wconf 83' lang='lat' dir='ltr'><strong>servis</strong></span> <span class='ocrx_word' id='word_1_739' title='bbox 3569 5466 3710 5517; x_wconf 89' lang='lat' dir='ltr'><strong>erat,</strong></span> 
     </span>
    </p>
   </div>
   <div class='ocr_carea' id='block_1_96' title="bbox 2130 5547 3714 5626">
    <p class='ocr_par' dir='ltr' id='par_1_96' title="bbox 2130 5547 3714 5626">
     <span class='ocr_line' id='line_1_96' title="bbox 2130 5547 3714 5626; baseline 0 -21"><span class='ocrx_word' id='word_1_740' title='bbox 2130 5571 2157 5607; x_wconf 86' lang='lat' dir='ltr'><strong>a</strong></span> <span class='ocrx_word' id='word_1_741' title='bbox 2185 5567 2334 5624; x_wconf 84' lang='lat' dir='ltr'><strong>patre</strong></span> <span class='ocrx_word' id='word_1_742' title='bbox 2376 5575 2481 5613; x_wconf 91' lang='lat' dir='ltr'><strong>non</strong></span> <span class='ocrx_word' id='word_1_743' title='bbox 2533 5558 2691 5625; x_wconf 88' lang='lat' dir='ltr'><strong>bono,</strong></span> <span class='ocrx_word' id='word_1_744' title='bbox 2731 5569 2781 5612; x_wconf 89' lang='lat' dir='ltr'><strong>et</strong></span> <span class='ocrx_word' id='word_1_745' title='bbox 2818 5566 2987 5612; x_wconf 90' lang='lat' dir='ltr'><strong>matre</strong></span> <span class='ocrx_word' id='word_1_746' title='bbox 3021 5570 3139 5626; x_wconf 71' lang='lat' dir='ltr'><strong>qua:</strong></span> <span class='ocrx_word' id='word_1_747' title='bbox 3182 5564 3480 5620; x_wconf 86' lang='lat' dir='ltr'><strong>erraverat,</strong></span> <span class='ocrx_word' id='word_1_748' title='bbox 3524 5547 3714 5608; x_wconf 82' lang='lat' dir='ltr'><strong>centu-</strong></span> 
     </span>
    </p>
   </div>
  </div>
