  <div class='ocr_page' id='page_1' title='image "/cluster/home/n/w/nwhite01/storage/ocr_20150623/24:no.6/coo.31924054873058/599.png"; bbox 0 0 4134 6394; ppageno 0'>
   <div class='ocr_carea' id='block_1_1' title="bbox 445 344 578 406">
    <p class='ocr_par' dir='ltr' id='par_1_1' title="bbox 445 344 578 406">
     <span class='ocr_line' id='line_1_1' title="bbox 445 344 578 406; baseline 0.008 -3"><span class='ocrx_word' id='word_1_1' title='bbox 445 344 578 406; x_wconf 71' lang='lat' dir='ltr'><strong>H71</strong></span> 
     </span>
    </p>
   </div>
   <div class='ocr_carea' id='block_1_2' title="bbox 1117 346 3024 411">
    <p class='ocr_par' dir='ltr' id='par_1_2' title="bbox 1117 346 3024 411">
     <span class='ocr_line' id='line_1_2' title="bbox 1117 346 3024 411; baseline -0.001 -7"><span class='ocrx_word' id='word_1_2' title='bbox 1117 347 1390 406; x_wconf 82' lang='lat' dir='ltr'><strong>EUSEBII</strong></span> <span class='ocrx_word' id='word_1_3' title='bbox 1430 350 1917 411; x_wconf 72' lang='lat' dir='ltr'><strong>CAESARIENSIS</strong></span> <span class='ocrx_word' id='word_1_4' title='bbox 1956 349 2106 409; x_wconf 84' lang='lat' dir='ltr'><strong>OPP.</strong></span> <span class='ocrx_word' id='word_1_5' title='bbox 2151 350 2331 408; x_wconf 73' lang='lat' dir='ltr'><strong>PARS</strong></span> <span class='ocrx_word' id='word_1_6' title='bbox 2373 353 2456 407; x_wconf 83' lang='lat' dir='ltr'><strong>IV.</strong></span> <span class='ocrx_word' id='word_1_7' title='bbox 2498 381 2566 395; x_wconf 81' lang='lat'><strong>-</strong></span> <span class='ocrx_word' id='word_1_8' title='bbox 2605 346 3024 406; x_wconf 62' lang='lat' dir='ltr'><strong>DOGSIATICA.</strong></span> 
     </span>
    </p>
   </div>
   <div class='ocr_carea' id='block_1_3' title="bbox 3578 339 3714 394">
    <p class='ocr_par' dir='ltr' id='par_1_3' title="bbox 3578 339 3714 394">
     <span class='ocr_line' id='line_1_3' title="bbox 3578 339 3714 394; baseline 0 0"><span class='ocrx_word' id='word_1_9' title='bbox 3578 339 3714 394; x_wconf 71' lang='lat' dir='ltr'><strong>H72</strong></span> 
     </span>
    </p>
   </div>
   <div class='ocr_carea' id='block_1_4' title="bbox 445 456 3713 538">
    <p class='ocr_par' dir='ltr' id='par_1_4' title="bbox 445 456 3713 538">
     <span class='ocr_line' id='line_1_4' title="bbox 445 456 3713 538; baseline -0.002 -20"><span class='ocrx_word' id='word_1_10' title='bbox 445 481 566 518; x_wconf 79' lang='lat' dir='ltr'><strong>max</strong></span> <span class='ocrx_word' id='word_1_11' title='bbox 607 482 636 518; x_wconf 87' lang='lat' dir='ltr'><strong>a</strong></span> <span class='ocrx_word' id='word_1_12' title='bbox 688 466 1123 529; x_wconf 85' lang='lat' dir='ltr'><strong>contumacibus.</strong></span> <span class='ocrx_word' id='word_1_13' title='bbox 1180 468 1234 520; x_wconf 91' lang='lat' dir='ltr'><strong>in</strong></span> <span class='ocrx_word' id='word_1_14' title='bbox 1289 466 1458 522; x_wconf 89' lang='lat' dir='ltr'><strong>multo</strong></span> <span class='ocrx_word' id='word_1_15' title='bbox 1508 477 1749 537; x_wconf 89' lang='lat' dir='ltr'><strong>tempore</strong></span> <span class='ocrx_word' id='word_1_16' title='bbox 1797 468 2020 538; x_wconf 83' lang='lat' dir='ltr'><strong>capillos</strong></span> <span class='ocrx_word' id='word_1_17' title='bbox 2049 473 2096 530; x_wconf 79' lang='grc' dir='ltr'>Α</span> <span class='ocrx_word' id='word_1_18' title='bbox 2126 470 2179 524; x_wconf 91' lang='lat' dir='ltr'><strong>in</strong></span> <span class='ocrx_word' id='word_1_19' title='bbox 2245 479 2384 523; x_wconf 84' lang='lat' dir='ltr'><strong>terra</strong></span> <span class='ocrx_word' id='word_1_20' title='bbox 2407 483 2444 521; x_wconf 42' lang='lat' dir='ltr'><strong>&#39;a</strong></span> <span class='ocrx_word' id='word_1_21' title='bbox 2476 465 2812 521; x_wconf 77' lang='lat' dir='ltr'><strong>mortalibus.</strong></span> <span class='ocrx_word' id='word_1_22' title='bbox 2843 462 2981 530; x_wconf 83' lang='lat' dir='ltr'><strong>Quia</strong></span> <span class='ocrx_word' id='word_1_23' title='bbox 3005 473 3132 529; x_wconf 86' lang='lat' dir='ltr'><strong>ergo</strong></span> <span class='ocrx_word' id='word_1_24' title='bbox 3158 472 3265 513; x_wconf 90' lang='lat' dir='ltr'><strong>non</strong></span> <span class='ocrx_word' id='word_1_25' title='bbox 3291 466 3373 512; x_wconf 91' lang='lat' dir='ltr'><strong>est</strong></span> <span class='ocrx_word' id='word_1_26' title='bbox 3394 456 3582 510; x_wconf 88' lang='lat' dir='ltr'><strong>idonea</strong></span> <span class='ocrx_word' id='word_1_27' title='bbox 3615 474 3713 511; x_wconf 90' lang='lat' dir='ltr'><strong>no-</strong></span> 
     </span>
    </p>
   </div>
   <div class='ocr_carea' id='block_1_5' title="bbox 447 555 2022 624">
    <p class='ocr_par' dir='ltr' id='par_1_5' title="bbox 447 555 2022 624">
     <span class='ocr_line' id='line_1_5' title="bbox 447 555 2022 624; baseline 0.002 -16"><span class='ocrx_word' id='word_1_28' title='bbox 447 555 656 608; x_wconf 88' lang='lat' dir='ltr'><strong>habens</strong></span> <span class='ocrx_word' id='word_1_29' title='bbox 677 556 920 624; x_wconf 86' lang='lat' dir='ltr'><strong>captivos</strong></span> <span class='ocrx_word' id='word_1_30' title='bbox 971 564 1022 609; x_wconf 89' lang='lat' dir='ltr'><strong>et</strong></span> <span class='ocrx_word' id='word_1_31' title='bbox 1067 570 1294 623; x_wconf 88' lang='lat' dir='ltr'><strong>ungues,</strong></span> <span class='ocrx_word' id='word_1_32' title='bbox 1326 567 1380 610; x_wconf 92' lang='lat' dir='ltr'><strong>et</strong></span> <span class='ocrx_word' id='word_1_33' title='bbox 1416 558 1466 610; x_wconf 92' lang='lat' dir='ltr'><strong>itt</strong></span> <span class='ocrx_word' id='word_1_34' title='bbox 1505 559 1754 612; x_wconf 91' lang='lat' dir='ltr'><strong>omnibus</strong></span> <span class='ocrx_word' id='word_1_35' title='bbox 1785 557 2022 613; x_wconf 88' lang='lat' dir='ltr'><strong>sordida.</strong></span> 
     </span>
    </p>
   </div>
   <div class='ocr_carea' id='block_1_6' title="bbox 445 645 2029 714">
    <p class='ocr_par' dir='ltr' id='par_1_6' title="bbox 445 645 2029 714">
     <span class='ocr_line' id='line_1_6' title="bbox 445 645 2029 714; baseline 0.003 -16"><span class='ocrx_word' id='word_1_36' title='bbox 445 645 512 698; x_wconf 80' lang='lat' dir='ltr'><strong>Et</strong></span> <span class='ocrx_word' id='word_1_37' title='bbox 540 645 681 714; x_wconf 90' lang='lat' dir='ltr'><strong>quod</strong></span> <span class='ocrx_word' id='word_1_38' title='bbox 716 655 802 699; x_wconf 90' lang='lat' dir='ltr'><strong>est</strong></span> <span class='ocrx_word' id='word_1_39' title='bbox 847 646 1098 700; x_wconf 72' lang='lat' dir='ltr'><strong>maxima:</strong></span> <span class='ocrx_word' id='word_1_40' title='bbox 1127 648 1520 710; x_wconf 90' lang='lat' dir='ltr'><strong>admirationis,</strong></span> <span class='ocrx_word' id='word_1_41' title='bbox 1551 648 1636 702; x_wconf 89' lang='lat' dir='ltr'><strong>ille</strong></span> <span class='ocrx_word' id='word_1_42' title='bbox 1658 661 1778 702; x_wconf 90' lang='lat' dir='ltr'><strong>erat</strong></span> <span class='ocrx_word' id='word_1_43' title='bbox 1811 659 2029 704; x_wconf 89' lang='lat' dir='ltr'><strong>sanctus</strong></span> 
     </span>
    </p>
   </div>
   <div class='ocr_carea' id='block_1_7' title="bbox 445 735 2031 803">
    <p class='ocr_par' dir='ltr' id='par_1_7' title="bbox 445 735 2031 803">
     <span class='ocr_line' id='line_1_7' title="bbox 445 735 2031 803; baseline 0.001 -13"><span class='ocrx_word' id='word_1_44' title='bbox 445 738 500 790; x_wconf 78' lang='lat' dir='ltr'><strong>in</strong></span> <span class='ocrx_word' id='word_1_45' title='bbox 534 735 738 790; x_wconf 76' lang='lat' dir='ltr'><strong>sanctis</strong></span> <span class='ocrx_word' id='word_1_46' title='bbox 756 736 1028 798; x_wconf 88' lang='lat' dir='ltr'><strong>habitans,</strong></span> <span class='ocrx_word' id='word_1_47' title='bbox 1053 739 1248 792; x_wconf 90' lang='lat' dir='ltr'><strong>sedens</strong></span> <span class='ocrx_word' id='word_1_48' title='bbox 1274 738 1339 792; x_wconf 91' lang='lat' dir='ltr'><strong>ad</strong></span> <span class='ocrx_word' id='word_1_49' title='bbox 1359 739 1632 793; x_wconf 79' lang='lat' dir='ltr'><strong>dexteram</strong></span> <span class='ocrx_word' id='word_1_50' title='bbox 1655 738 1850 803; x_wconf 78' lang='lat' dir='ltr'><strong>Patris,</strong></span> <span class='ocrx_word' id='word_1_51' title='bbox 1875 755 2031 792; x_wconf 92' lang='lat' dir='ltr'><strong>mun-</strong></span> 
     </span>
    </p>
   </div>
   <div class='ocr_carea' id='block_1_8' title="bbox 445 828 2027 901">
    <p class='ocr_par' dir='ltr' id='par_1_8' title="bbox 445 828 2027 901">
     <span class='ocr_line' id='line_1_8' title="bbox 445 828 2027 901; baseline 0.003 -21"><span class='ocrx_word' id='word_1_52' title='bbox 445 830 546 880; x_wconf 90' lang='lat' dir='ltr'><strong>dus</strong></span> <span class='ocrx_word' id='word_1_53' title='bbox 583 843 612 879; x_wconf 88' lang='lat' dir='ltr'><strong>a</strong></span> <span class='ocrx_word' id='word_1_54' title='bbox 638 828 838 881; x_wconf 92' lang='lat' dir='ltr'><strong>mundo</strong></span> <span class='ocrx_word' id='word_1_55' title='bbox 875 828 1192 896; x_wconf 86' lang='lat' dir='ltr'><strong>procedens,</strong></span> <span class='ocrx_word' id='word_1_56' title='bbox 1228 829 1404 884; x_wconf 88' lang='lat' dir='ltr'><strong>lmnen</strong></span> <span class='ocrx_word' id='word_1_57' title='bbox 1443 847 1655 895; x_wconf 91' lang='lat' dir='ltr'><strong>verunt,</strong></span> <span class='ocrx_word' id='word_1_58' title='bbox 1683 831 2027 901; x_wconf 78' lang='lat' dir='ltr'><strong>soljustitize;</strong></span> 
     </span>
    </p>
   </div>
   <div class='ocr_carea' id='block_1_9' title="bbox 447 919 2028 988">
    <p class='ocr_par' dir='ltr' id='par_1_9' title="bbox 447 919 2028 988">
     <span class='ocr_line' id='line_1_9' title="bbox 447 919 2028 988; baseline 0.002 -16"><span class='ocrx_word' id='word_1_59' title='bbox 447 919 533 973; x_wconf 90' lang='lat' dir='ltr'><strong>ille</strong></span> <span class='ocrx_word' id='word_1_60' title='bbox 566 920 657 986; x_wconf 85' lang='lat' dir='ltr'><strong>qui</strong></span> <span class='ocrx_word' id='word_1_61' title='bbox 688 920 754 972; x_wconf 89' lang='lat' dir='ltr'><strong>ab</strong></span> <span class='ocrx_word' id='word_1_62' title='bbox 786 919 992 987; x_wconf 78' lang='lat' dir='ltr'><strong>angelis</strong></span> <span class='ocrx_word' id='word_1_63' title='bbox 1023 921 1366 984; x_wconf 83' lang='lat' dir='ltr'><strong>adorabatur,</strong></span> <span class='ocrx_word' id='word_1_64' title='bbox 1398 936 1587 988; x_wconf 88' lang='lat' dir='ltr'><strong>passus</strong></span> <span class='ocrx_word' id='word_1_65' title='bbox 1619 932 1700 976; x_wconf 90' lang='lat' dir='ltr'><strong>est</strong></span> <span class='ocrx_word' id='word_1_66' title='bbox 1731 932 1788 975; x_wconf 92' lang='lat' dir='ltr'><strong>ut</strong></span> <span class='ocrx_word' id='word_1_67' title='bbox 1818 923 1884 975; x_wconf 87' lang='lat' dir='ltr'><strong>ab</strong></span> <span class='ocrx_word' id='word_1_68' title='bbox 1927 922 2028 976; x_wconf 91' lang='lat' dir='ltr'><strong>ho-</strong></span> 
     </span>
    </p>
   </div>
   <div class='ocr_carea' id='block_1_10' title="bbox 449 1011 2033 1081">
    <p class='ocr_par' dir='ltr' id='par_1_10' title="bbox 449 1011 2033 1081">
     <span class='ocr_line' id='line_1_10' title="bbox 449 1011 2033 1081; baseline 0.001 -17"><span class='ocrx_word' id='word_1_69' title='bbox 449 1011 683 1064; x_wconf 90' lang='lat' dir='ltr'><strong>minibus</strong></span> <span class='ocrx_word' id='word_1_70' title='bbox 740 1011 1073 1064; x_wconf 85' lang='lat' dir='ltr'><strong>illuderetur.</strong></span> <span class='ocrx_word' id='word_1_71' title='bbox 1129 1011 1192 1064; x_wconf 79' lang='lat' dir='ltr'><strong>Et</strong></span> <span class='ocrx_word' id='word_1_72' title='bbox 1224 1025 1323 1080; x_wconf 76' lang='lat' dir='ltr'><strong>ego</strong></span> <span class='ocrx_word' id='word_1_73' title='bbox 1378 1013 1592 1081; x_wconf 84' lang='lat' dir='ltr'><strong>quidem</strong></span> <span class='ocrx_word' id='word_1_74' title='bbox 1633 1013 1799 1066; x_wconf 86' lang='lat' dir='ltr'><strong>miror</strong></span> <span class='ocrx_word' id='word_1_75' title='bbox 1849 1027 1948 1066; x_wconf 88' lang='lat' dir='ltr'><strong>nos</strong></span> <span class='ocrx_word' id='word_1_76' title='bbox 1978 1022 2033 1066; x_wconf 88' lang='lat' dir='ltr'><strong>et</strong></span> 
     </span>
    </p>
   </div>
   <div class='ocr_carea' id='block_1_11' title="bbox 446 1104 2033 1176">
    <p class='ocr_par' dir='ltr' id='par_1_11' title="bbox 446 1104 2033 1176">
     <span class='ocr_line' id='line_1_11' title="bbox 446 1104 2033 1176; baseline 0.001 -20"><span class='ocrx_word' id='word_1_77' title='bbox 446 1118 726 1171; x_wconf 72' lang='lat' dir='ltr'><strong>sponsam,</strong></span> <span class='ocrx_word' id='word_1_78' title='bbox 763 1104 888 1171; x_wconf 89' lang='lat' dir='ltr'><strong>quia</strong></span> <span class='ocrx_word' id='word_1_79' title='bbox 918 1120 1022 1157; x_wconf 92' lang='lat' dir='ltr'><strong>non</strong></span> <span class='ocrx_word' id='word_1_80' title='bbox 1055 1105 1363 1172; x_wconf 90' lang='lat' dir='ltr'><strong>stupnimus</strong></span> <span class='ocrx_word' id='word_1_81' title='bbox 1392 1105 1532 1159; x_wconf 92' lang='lat' dir='ltr'><strong>illius</strong></span> <span class='ocrx_word' id='word_1_82' title='bbox 1560 1107 1652 1176; x_wconf 88' lang='lat' dir='ltr'><strong>qui</strong></span> <span class='ocrx_word' id='word_1_83' title='bbox 1680 1106 2033 1174; x_wconf 87' lang='lat' dir='ltr'><strong>advenitgra-</strong></span> 
     </span>
    </p>
   </div>
   <div class='ocr_carea' id='block_1_12' title="bbox 450 1194 2032 1264">
    <p class='ocr_par' dir='ltr' id='par_1_12' title="bbox 450 1194 2032 1264">
     <span class='ocr_line' id='line_1_12' title="bbox 450 1194 2032 1264; baseline 0.004 -20"><span class='ocrx_word' id='word_1_84' title='bbox 450 1195 600 1257; x_wconf 90' lang='lat' dir='ltr'><strong>tiam,</strong></span> <span class='ocrx_word' id='word_1_85' title='bbox 633 1203 687 1248; x_wconf 90' lang='lat' dir='ltr'><strong>et</strong></span> <span class='ocrx_word' id='word_1_86' title='bbox 716 1194 859 1248; x_wconf 90' lang='lat' dir='ltr'><strong>illius</strong></span> <span class='ocrx_word' id='word_1_87' title='bbox 891 1194 982 1264; x_wconf 91' lang='lat' dir='ltr'><strong>qui</strong></span> <span class='ocrx_word' id='word_1_88' title='bbox 1011 1195 1158 1249; x_wconf 85' lang='lat' dir='ltr'><strong>misit</strong></span> <span class='ocrx_word' id='word_1_89' title='bbox 1187 1197 1409 1262; x_wconf 89' lang='lat' dir='ltr'><strong>donum,</strong></span> <span class='ocrx_word' id='word_1_90' title='bbox 1452 1206 1504 1250; x_wconf 90' lang='lat' dir='ltr'><strong>et</strong></span> <span class='ocrx_word' id='word_1_91' title='bbox 1534 1213 1639 1250; x_wconf 94' lang='lat' dir='ltr'><strong>non</strong></span> <span class='ocrx_word' id='word_1_92' title='bbox 1675 1197 1880 1261; x_wconf 86' lang='lat' dir='ltr'><strong>statim,</strong></span> <span class='ocrx_word' id='word_1_93' title='bbox 1924 1212 2032 1250; x_wconf 90' lang='lat' dir='ltr'><strong>non</strong></span> 
     </span>
    </p>
   </div>
   <div class='ocr_carea' id='block_1_13' title="bbox 450 1284 2032 1356">
    <p class='ocr_par' dir='ltr' id='par_1_13' title="bbox 450 1284 2032 1356">
     <span class='ocr_line' id='line_1_13' title="bbox 450 1284 2032 1356; baseline 0.004 -21"><span class='ocrx_word' id='word_1_94' title='bbox 450 1284 657 1338; x_wconf 85' lang='lat' dir='ltr'><strong>insania</strong></span> <span class='ocrx_word' id='word_1_95' title='bbox 697 1287 952 1353; x_wconf 85' lang='lat' dir='ltr'><strong>quadam,</strong></span> <span class='ocrx_word' id='word_1_96' title='bbox 991 1286 1084 1340; x_wconf 89' lang='lat' dir='ltr'><strong>sed</strong></span> <span class='ocrx_word' id='word_1_97' title='bbox 1119 1287 1370 1356; x_wconf 86' lang='lat' dir='ltr'><strong>religiosa</strong></span> <span class='ocrx_word' id='word_1_98' title='bbox 1417 1297 1593 1342; x_wconf 85' lang='lat' dir='ltr'><strong>mente</strong></span> <span class='ocrx_word' id='word_1_99' title='bbox 1619 1297 1674 1342; x_wconf 90' lang='lat' dir='ltr'><strong>et</strong></span> <span class='ocrx_word' id='word_1_100' title='bbox 1707 1288 1914 1342; x_wconf 86' lang='lat' dir='ltr'><strong>tervido</strong></span> <span class='ocrx_word' id='word_1_101' title='bbox 1939 1289 2032 1342; x_wconf 90' lang='lat' dir='ltr'><strong>de-</strong></span> 
     </span>
    </p>
   </div>
   <div class='ocr_carea' id='block_1_14' title="bbox 447 1377 2035 1448">
    <p class='ocr_par' dir='ltr' id='par_1_14' title="bbox 447 1377 2035 1448">
     <span class='ocr_line' id='line_1_14' title="bbox 447 1377 2035 1448; baseline 0.003 -19"><span class='ocrx_word' id='word_1_102' title='bbox 447 1377 648 1432; x_wconf 85' lang='lat' dir='ltr'><strong>siderio</strong></span> <span class='ocrx_word' id='word_1_103' title='bbox 672 1378 908 1447; x_wconf 83' lang='lat' dir='ltr'><strong>spoliati,</strong></span> <span class='ocrx_word' id='word_1_104' title='bbox 929 1393 1126 1448; x_wconf 91' lang='lat' dir='ltr'><strong>corpus</strong></span> <span class='ocrx_word' id='word_1_105' title='bbox 1153 1388 1206 1433; x_wconf 90' lang='lat' dir='ltr'><strong>et</strong></span> <span class='ocrx_word' id='word_1_106' title='bbox 1232 1378 1490 1443; x_wconf 91' lang='lat' dir='ltr'><strong>anintam,</strong></span> <span class='ocrx_word' id='word_1_107' title='bbox 1529 1389 1588 1432; x_wconf 92' lang='lat' dir='ltr'><strong>ut</strong></span> <span class='ocrx_word' id='word_1_108' title='bbox 1617 1379 1690 1433; x_wconf 90' lang='lat' dir='ltr'><strong>ita</strong></span> <span class='ocrx_word' id='word_1_109' title='bbox 1727 1379 1925 1445; x_wconf 87' lang='lat' dir='ltr'><strong>dicam,</strong></span> <span class='ocrx_word' id='word_1_110' title='bbox 1951 1394 2035 1433; x_wconf 92' lang='lat' dir='ltr'><strong>re-</strong></span> 
     </span>
    </p>
   </div>
   <div class='ocr_carea' id='block_1_15' title="bbox 449 1467 2031 1542">
    <p class='ocr_par' dir='ltr' id='par_1_15' title="bbox 449 1467 2031 1542">
     <span class='ocr_line' id='line_1_15' title="bbox 449 1467 2031 1542; baseline 0.006 -24"><span class='ocrx_word' id='word_1_111' title='bbox 449 1467 737 1524; x_wconf 89' lang='lat' dir='ltr'><strong>tribuimus</strong></span> <span class='ocrx_word' id='word_1_112' title='bbox 791 1470 898 1524; x_wconf 89' lang='lat' dir='ltr'><strong>Deo</strong></span> <span class='ocrx_word' id='word_1_113' title='bbox 948 1486 1045 1540; x_wconf 93' lang='lat' dir='ltr'><strong>pro</strong></span> <span class='ocrx_word' id='word_1_114' title='bbox 1087 1473 1340 1528; x_wconf 91' lang='lat' dir='ltr'><strong>omnibus</strong></span> <span class='ocrx_word' id='word_1_115' title='bbox 1384 1489 1506 1542; x_wconf 73' lang='lat' dir='ltr'><strong>qua:</strong></span> <span class='ocrx_word' id='word_1_116' title='bbox 1557 1474 1714 1528; x_wconf 89' lang='lat' dir='ltr'><strong>nobis</strong></span> <span class='ocrx_word' id='word_1_117' title='bbox 1760 1474 2031 1528; x_wconf 85' lang='lat' dir='ltr'><strong>retribuit.</strong></span> 
     </span>
    </p>
   </div>
   <div class='ocr_carea' id='block_1_16' title="bbox 448 1558 2035 1632">
    <p class='ocr_par' dir='ltr' id='par_1_16' title="bbox 448 1558 2035 1632">
     <span class='ocr_line' id='line_1_16' title="bbox 448 1558 2035 1632; baseline 0.004 -23"><span class='ocrx_word' id='word_1_118' title='bbox 448 1558 588 1624; x_wconf 86' lang='lat' dir='ltr'><strong>Quid</strong></span> <span class='ocrx_word' id='word_1_119' title='bbox 617 1570 797 1614; x_wconf 90' lang='lat' dir='ltr'><strong>autem</strong></span> <span class='ocrx_word' id='word_1_120' title='bbox 829 1570 884 1615; x_wconf 89' lang='lat' dir='ltr'><strong>et</strong></span> <span class='ocrx_word' id='word_1_121' title='bbox 927 1563 974 1616; x_wconf 92' lang='lat' dir='ltr'><strong>ei</strong></span> <span class='ocrx_word' id='word_1_122' title='bbox 1015 1579 1306 1632; x_wconf 83' lang='lat' dir='ltr'><strong>possumus</strong></span> <span class='ocrx_word' id='word_1_123' title='bbox 1351 1564 1690 1618; x_wconf 86' lang='lat' dir='ltr'><strong>retribuere?</strong></span> <span class='ocrx_word' id='word_1_124' title='bbox 1744 1563 2035 1617; x_wconf 80' lang='lat' dir='ltr'><strong>Moriemur</strong></span> 
     </span>
    </p>
   </div>
   <div class='ocr_carea' id='block_1_17' title="bbox 449 1653 2035 1726">
    <p class='ocr_par' dir='ltr' id='par_1_17' title="bbox 449 1653 2035 1726">
     <span class='ocr_line' id='line_1_17' title="bbox 449 1653 2035 1726; baseline 0.003 -23"><span class='ocrx_word' id='word_1_125' title='bbox 449 1667 548 1718; x_wconf 90' lang='lat' dir='ltr'><strong>pro</strong></span> <span class='ocrx_word' id='word_1_126' title='bbox 591 1653 724 1722; x_wconf 91' lang='lat' dir='ltr'><strong>ipso,</strong></span> <span class='ocrx_word' id='word_1_127' title='bbox 759 1656 852 1709; x_wconf 85' lang='lat' dir='ltr'><strong>sed</strong></span> <span class='ocrx_word' id='word_1_128' title='bbox 882 1655 1000 1725; x_wconf 87' lang='lat' dir='ltr'><strong>ipse</strong></span> <span class='ocrx_word' id='word_1_129' title='bbox 1026 1657 1229 1724; x_wconf 89' lang='lat' dir='ltr'><strong>primus</strong></span> <span class='ocrx_word' id='word_1_130' title='bbox 1257 1672 1356 1726; x_wconf 91' lang='lat' dir='ltr'><strong>pro</strong></span> <span class='ocrx_word' id='word_1_131' title='bbox 1381 1658 1534 1712; x_wconf 91' lang='lat' dir='ltr'><strong>nobis</strong></span> <span class='ocrx_word' id='word_1_132' title='bbox 1571 1667 1816 1712; x_wconf 89' lang='lat' dir='ltr'><strong>mortuus</strong></span> <span class='ocrx_word' id='word_1_133' title='bbox 1841 1665 1939 1709; x_wconf 88' lang='lat' dir='ltr'><strong>est.</strong></span> <span class='ocrx_word' id='word_1_134' title='bbox 1970 1655 2035 1709; x_wconf 87' lang='lat' dir='ltr'><strong>Et</strong></span> 
     </span>
    </p>
   </div>
   <div class='ocr_carea' id='block_1_18' title="bbox 450 1747 2032 1815">
    <p class='ocr_par' dir='ltr' id='par_1_18' title="bbox 450 1747 2032 1815">
     <span class='ocr_line' id='line_1_18' title="bbox 450 1747 2032 1815; baseline 0.001 -17"><span class='ocrx_word' id='word_1_135' title='bbox 450 1760 550 1800; x_wconf 88' lang='lat' dir='ltr'><strong>nos</strong></span> <span class='ocrx_word' id='word_1_136' title='bbox 599 1747 816 1814; x_wconf 85' lang='lat' dir='ltr'><strong>quidem</strong></span> <span class='ocrx_word' id='word_1_137' title='bbox 874 1747 917 1801; x_wconf 90' lang='lat' dir='ltr'><strong>si</strong></span> <span class='ocrx_word' id='word_1_138' title='bbox 949 1749 1266 1813; x_wconf 89' lang='lat' dir='ltr'><strong>moriamur,</strong></span> <span class='ocrx_word' id='word_1_139' title='bbox 1331 1748 1657 1803; x_wconf 86' lang='lat' dir='ltr'><strong>naturaliter</strong></span> <span class='ocrx_word' id='word_1_140' title='bbox 1709 1747 2032 1815; x_wconf 86' lang='lat' dir='ltr'><strong>suscipimus</strong></span> 
     </span>
    </p>
   </div>
   <div class='ocr_carea' id='block_1_19' title="bbox 2135 548 3711 616">
    <p class='ocr_par' dir='ltr' id='par_1_19' title="bbox 2135 548 3711 616">
     <span class='ocr_line' id='line_1_19' title="bbox 2135 548 3711 616; baseline -0.01 0"><span class='ocrx_word' id='word_1_141' title='bbox 2135 573 2248 616; x_wconf 89' lang='lat' dir='ltr'><strong>stra</strong></span> <span class='ocrx_word' id='word_1_142' title='bbox 2302 571 2488 614; x_wconf 87' lang='lat' dir='ltr'><strong>natura</strong></span> <span class='ocrx_word' id='word_1_143' title='bbox 2543 558 2724 613; x_wconf 77' lang='lat' dir='ltr'><strong>verbis</strong></span> <span class='ocrx_word' id='word_1_144' title='bbox 2763 555 2968 610; x_wconf 84' lang='lat' dir='ltr'><strong>assumi</strong></span> <span class='ocrx_word' id='word_1_145' title='bbox 3013 554 3078 608; x_wconf 91' lang='lat' dir='ltr'><strong>ad</strong></span> <span class='ocrx_word' id='word_1_146' title='bbox 3125 561 3330 606; x_wconf 87' lang='lat' dir='ltr'><strong>tantunt</strong></span> <span class='ocrx_word' id='word_1_147' title='bbox 3372 549 3466 603; x_wconf 91' lang='lat' dir='ltr'><strong>Dei</strong></span> <span class='ocrx_word' id='word_1_148' title='bbox 3515 548 3711 604; x_wconf 82' lang='lat' dir='ltr'><strong>Filium</strong></span> 
     </span>
    </p>
   </div>
   <div class='ocr_carea' id='block_1_20' title="bbox 2133 640 3714 722">
    <p class='ocr_par' dir='ltr' id='par_1_20' title="bbox 2133 640 3714 722">
     <span class='ocr_line' id='line_1_20' title="bbox 2133 640 3714 722; baseline -0.01 -13"><span class='ocrx_word' id='word_1_149' title='bbox 2133 655 2324 720; x_wconf 88' lang='lat' dir='ltr'><strong>Deum,</strong></span> <span class='ocrx_word' id='word_1_150' title='bbox 2353 654 2443 722; x_wconf 91' lang='lat' dir='ltr'><strong>qni</strong></span> <span class='ocrx_word' id='word_1_151' title='bbox 2475 662 2530 706; x_wconf 92' lang='lat' dir='ltr'><strong>ut</strong></span> <span class='ocrx_word' id='word_1_152' title='bbox 2559 667 2662 704; x_wconf 92' lang='lat' dir='ltr'><strong>non</strong></span> <span class='ocrx_word' id='word_1_153' title='bbox 2687 649 2861 705; x_wconf 88' lang='lat' dir='ltr'><strong>solum</strong></span> <span class='ocrx_word' id='word_1_154' title='bbox 2880 647 3063 702; x_wconf 84' lang='lat' dir='ltr'><strong>verbis</strong></span> <span class='ocrx_word' id='word_1_155' title='bbox 3086 644 3358 706; x_wconf 84' lang='lat' dir='ltr'><strong>edoceret,</strong></span> <span class='ocrx_word' id='word_1_156' title='bbox 3391 640 3486 695; x_wconf 89' lang='lat' dir='ltr'><strong>sed</strong></span> <span class='ocrx_word' id='word_1_157' title='bbox 3511 650 3561 694; x_wconf 91' lang='lat' dir='ltr'><strong>et</strong></span> <span class='ocrx_word' id='word_1_158' title='bbox 3588 653 3714 708; x_wconf 82' lang='lat' dir='ltr'><strong>ope-</strong></span> 
     </span>
    </p>
   </div>
   <div class='ocr_carea' id='block_1_21' title="bbox 2132 734 3711 806">
    <p class='ocr_par' dir='ltr' id='par_1_21' title="bbox 2132 734 3711 806">
     <span class='ocr_line' id='line_1_21' title="bbox 2132 734 3711 806; baseline -0.01 -7"><span class='ocrx_word' id='word_1_159' title='bbox 2132 746 2282 799; x_wconf 85' lang='lat' dir='ltr'><strong>ribus</strong></span> <span class='ocrx_word' id='word_1_160' title='bbox 2317 745 2658 806; x_wconf 89' lang='lat' dir='ltr'><strong>inforntaret,</strong></span> <span class='ocrx_word' id='word_1_161' title='bbox 2688 742 2834 796; x_wconf 89' lang='lat' dir='ltr'><strong>venit</strong></span> <span class='ocrx_word' id='word_1_162' title='bbox 2865 738 3121 799; x_wconf 85' lang='lat' dir='ltr'><strong>visibilis,</strong></span> <span class='ocrx_word' id='word_1_163' title='bbox 3159 745 3216 789; x_wconf 83' lang='grc' dir='ltr'><strong>ιιι</strong></span> <span class='ocrx_word' id='word_1_164' title='bbox 3237 743 3291 790; x_wconf 92' lang='lat' dir='ltr'><strong>et</strong></span> <span class='ocrx_word' id='word_1_165' title='bbox 3313 736 3439 789; x_wconf 90' lang='lat' dir='ltr'><strong>dum</strong></span> <span class='ocrx_word' id='word_1_166' title='bbox 3474 734 3711 792; x_wconf 92' lang='lat' dir='ltr'><strong>videtur,</strong></span> 
     </span>
    </p>
   </div>
   <div class='ocr_carea' id='block_1_22' title="bbox 2132 824 3705 897">
    <p class='ocr_par' dir='ltr' id='par_1_22' title="bbox 2132 824 3705 897">
     <span class='ocr_line' id='line_1_22' title="bbox 2132 824 3705 897; baseline -0.01 -5"><span class='ocrx_word' id='word_1_167' title='bbox 2132 837 2442 892; x_wconf 91' lang='lat' dir='ltr'><strong>ostenderet</strong></span> <span class='ocrx_word' id='word_1_168' title='bbox 2470 831 2893 888; x_wconf 88' lang='lat' dir='ltr'><strong>invisibilem.Et</strong></span> <span class='ocrx_word' id='word_1_169' title='bbox 2918 830 3049 883; x_wconf 91' lang='lat' dir='ltr'><strong>ntilti</strong></span> <span class='ocrx_word' id='word_1_170' title='bbox 3076 827 3293 897; x_wconf 83' lang='lat' dir='ltr'><strong>quidem</strong></span> <span class='ocrx_word' id='word_1_171' title='bbox 3327 827 3440 894; x_wconf 86' lang='lat' dir='ltr'><strong>ipse</strong></span> <span class='ocrx_word' id='word_1_172' title='bbox 3459 834 3528 879; x_wconf 86' lang='lat' dir='ltr'><strong>stt</strong></span> <span class='ocrx_word' id='word_1_173' title='bbox 3551 824 3705 877; x_wconf 88' lang='lat' dir='ltr'><strong>testis</strong></span> 
     </span>
    </p>
   </div>
   <div class='ocr_carea' id='block_1_23' title="bbox 2135 918 3716 992">
    <p class='ocr_par' dir='ltr' id='par_1_23' title="bbox 2135 918 3716 992">
     <span class='ocr_line' id='line_1_23' title="bbox 2135 918 3716 992; baseline -0.012 -6"><span class='ocrx_word' id='word_1_174' title='bbox 2135 928 2421 986; x_wconf 87' lang='lat' dir='ltr'><strong>sermonis.</strong></span> <span class='ocrx_word' id='word_1_175' title='bbox 2450 928 2597 992; x_wconf 82' lang='lat' dir='ltr'><strong>Cum</strong></span> <span class='ocrx_word' id='word_1_176' title='bbox 2628 926 2771 979; x_wconf 84' lang='lat' dir='ltr'><strong>enim</strong></span> <span class='ocrx_word' id='word_1_177' title='bbox 2807 925 3012 977; x_wconf 87' lang='lat' dir='ltr'><strong>lavaret</strong></span> <span class='ocrx_word' id='word_1_178' title='bbox 3046 921 3306 975; x_wconf 85' lang='lat' dir='ltr'><strong>Dominus</strong></span> <span class='ocrx_word' id='word_1_179' title='bbox 3338 918 3503 986; x_wconf 85' lang='lat' dir='ltr'><strong>pedes</strong></span> <span class='ocrx_word' id='word_1_180' title='bbox 3531 929 3716 970; x_wconf 85' lang='lat' dir='ltr'><strong>servo-</strong></span> 
     </span>
    </p>
   </div>
   <div class='ocr_carea' id='block_1_24' title="bbox 2136 1007 3714 1090">
    <p class='ocr_par' dir='ltr' id='par_1_24' title="bbox 2136 1007 3714 1090">
     <span class='ocr_line' id='line_1_24' title="bbox 2136 1007 3714 1090; baseline -0.011 -13"><span class='ocrx_word' id='word_1_181' title='bbox 2136 1037 2276 1088; x_wconf 88' lang='lat' dir='ltr'><strong>rum,</strong></span> <span class='ocrx_word' id='word_1_182' title='bbox 2309 1021 2566 1090; x_wconf 80' lang='lat' dir='ltr'><strong>magister</strong></span> <span class='ocrx_word' id='word_1_183' title='bbox 2591 1017 2999 1087; x_wconf 89' lang='lat' dir='ltr'><strong>discipulorum,</strong></span> <span class='ocrx_word' id='word_1_184' title='bbox 3035 1023 3090 1069; x_wconf 89' lang='lat' dir='ltr'><strong>et</strong></span> <span class='ocrx_word' id='word_1_185' title='bbox 3119 1022 3416 1068; x_wconf 81' lang='lat' dir='ltr'><strong>excusante</strong></span> <span class='ocrx_word' id='word_1_186' title='bbox 3448 1011 3606 1063; x_wconf 83' lang='lat' dir='ltr'><strong>Petro</strong></span> <span class='ocrx_word' id='word_1_187' title='bbox 3629 1007 3714 1061; x_wconf 91' lang='lat' dir='ltr'><strong>di-</strong></span> 
     </span>
    </p>
   </div>
   <div class='ocr_carea' id='block_1_25' title="bbox 2133 1101 3714 1175">
    <p class='ocr_par' dir='ltr' id='par_1_25' title="bbox 2133 1101 3714 1175">
     <span class='ocr_line' id='line_1_25' title="bbox 2133 1101 3714 1175; baseline -0.011 -5"><span class='ocrx_word' id='word_1_188' title='bbox 2133 1113 2291 1170; x_wconf 85' lang='lat' dir='ltr'><strong>cebat</strong></span> <span class='ocrx_word' id='word_1_189' title='bbox 2335 1112 2576 1166; x_wconf 82' lang='lat' dir='ltr'><strong>formans</strong></span> <span class='ocrx_word' id='word_1_190' title='bbox 2603 1127 2698 1166; x_wconf 91' lang='lat' dir='ltr'><strong>eos</strong></span> <span class='ocrx_word' id='word_1_191' title='bbox 2727 1117 2781 1166; x_wconf 90' lang='lat' dir='ltr'><strong>et</strong></span> <span class='ocrx_word' id='word_1_192' title='bbox 2817 1111 3003 1164; x_wconf 91' lang='lat' dir='ltr'><strong>dicens</strong></span> <span class='ocrx_word' id='word_1_193' title='bbox 3036 1128 3048 1161; x_wconf 90' lang='lat'><strong>:</strong></span> <span class='ocrx_word' id='word_1_194' title='bbox 3085 1107 3215 1162; x_wconf 71' lang='grc' dir='ltr'><strong>Ηιεε</strong></span> <span class='ocrx_word' id='word_1_195' title='bbox 3258 1122 3347 1175; x_wconf 88' lang='lat' dir='ltr'><strong>ego</strong></span> <span class='ocrx_word' id='word_1_196' title='bbox 3393 1104 3507 1157; x_wconf 81' lang='lat' dir='ltr'><strong>ideo</strong></span> <span class='ocrx_word' id='word_1_197' title='bbox 3551 1101 3714 1171; x_wconf 76' lang='lat' dir='ltr'><strong>facio,</strong></span> 
     </span>
    </p>
   </div>
   <div class='ocr_carea' id='block_1_26' title="bbox 2135 1191 3717 1264">
    <p class='ocr_par' dir='ltr' id='par_1_26' title="bbox 2135 1191 3717 1264">
     <span class='ocr_line' id='line_1_26' title="bbox 2135 1191 3717 1264; baseline -0.008 -8"><span class='ocrx_word' id='word_1_198' title='bbox 2135 1212 2193 1256; x_wconf 83' lang='lat' dir='ltr'><strong>ut</strong></span> <span class='ocrx_word' id='word_1_199' title='bbox 2222 1213 2268 1258; x_wconf 85' lang='lat' dir='ltr'><strong>et</strong></span> <span class='ocrx_word' id='word_1_200' title='bbox 2300 1217 2386 1257; x_wconf 76' lang='lat' dir='ltr'><strong>vos</strong></span> <span class='ocrx_word' id='word_1_201' title='bbox 2411 1202 2732 1255; x_wconf 84' lang='lat' dir='ltr'><strong>edoceamini</strong></span> <span class='ocrx_word' id='word_1_202' title='bbox 2766 1201 2981 1252; x_wconf 74' lang='lat' dir='ltr'><strong>inuicem</strong></span> <span class='ocrx_word' id='word_1_203' title='bbox 3021 1198 3200 1252; x_wconf 87' lang='lat' dir='ltr'><strong>eadem</strong></span> <span class='ocrx_word' id='word_1_204' title='bbox 3247 1196 3422 1264; x_wconf 75' lang='lat' dir='ltr'><strong>facere</strong></span> <span class='ocrx_word' id='word_1_205' title='bbox 3448 1193 3516 1246; x_wconf 83' lang='lat'><strong>&quot;.</strong></span> <span class='ocrx_word' id='word_1_206' title='bbox 3558 1191 3717 1244; x_wconf 89' lang='lat' dir='ltr'><strong>Sicut</strong></span> 
     </span>
    </p>
   </div>
   <div class='ocr_carea' id='block_1_27' title="bbox 2136 1285 3716 1364">
    <p class='ocr_par' dir='ltr' id='par_1_27' title="bbox 2136 1285 3716 1364">
     <span class='ocr_line' id='line_1_27' title="bbox 2136 1285 3716 1364; baseline -0.009 -16"><span class='ocrx_word' id='word_1_207' title='bbox 2136 1294 2300 1364; x_wconf 86' lang='lat' dir='ltr'><strong>igitur</strong></span> <span class='ocrx_word' id='word_1_208' title='bbox 2333 1295 2382 1348; x_wconf 87' lang='lat' dir='ltr'><strong>itt</strong></span> <span class='ocrx_word' id='word_1_209' title='bbox 2413 1292 2504 1346; x_wconf 92' lang='lat' dir='ltr'><strong>illo</strong></span> <span class='ocrx_word' id='word_1_210' title='bbox 2545 1301 2666 1345; x_wconf 92' lang='lat' dir='ltr'><strong>actu</strong></span> <span class='ocrx_word' id='word_1_211' title='bbox 2717 1290 2921 1345; x_wconf 88' lang='lat' dir='ltr'><strong>dictttm</strong></span> <span class='ocrx_word' id='word_1_212' title='bbox 2970 1299 3056 1344; x_wconf 87' lang='lat' dir='ltr'><strong>est</strong></span> <span class='ocrx_word' id='word_1_213' title='bbox 3096 1287 3240 1357; x_wconf 88' lang='lat' dir='ltr'><strong>quod</strong></span> <span class='ocrx_word' id='word_1_214' title='bbox 3276 1285 3586 1339; x_wconf 87' lang='lat' dir='ltr'><strong>mandatum</strong></span> <span class='ocrx_word' id='word_1_215' title='bbox 3607 1294 3716 1343; x_wconf 86' lang='lat' dir='ltr'><strong>est,</strong></span> 
     </span>
    </p>
   </div>
   <div class='ocr_carea' id='block_1_28' title="bbox 2135 1373 3716 1456">
    <p class='ocr_par' dir='ltr' id='par_1_28' title="bbox 2135 1373 3716 1456">
     <span class='ocr_line' id='line_1_28' title="bbox 2135 1373 3716 1456; baseline -0.008 -16"><span class='ocrx_word' id='word_1_216' title='bbox 2135 1388 2262 1456; x_wconf 88' lang='lat' dir='ltr'><strong>quia</strong></span> <span class='ocrx_word' id='word_1_217' title='bbox 2295 1387 2414 1441; x_wconf 91' lang='lat' dir='ltr'><strong>ideo</strong></span> <span class='ocrx_word' id='word_1_218' title='bbox 2447 1385 2580 1440; x_wconf 89' lang='lat' dir='ltr'><strong>facit</strong></span> <span class='ocrx_word' id='word_1_219' title='bbox 2617 1392 2673 1437; x_wconf 91' lang='lat' dir='ltr'><strong>ut</strong></span> <span class='ocrx_word' id='word_1_220' title='bbox 2695 1383 3012 1438; x_wconf 85' lang='lat' dir='ltr'><strong>ostenderet</strong></span> <span class='ocrx_word' id='word_1_221' title='bbox 3044 1389 3246 1445; x_wconf 90' lang='lat' dir='ltr'><strong>totum;</strong></span> <span class='ocrx_word' id='word_1_222' title='bbox 3294 1379 3365 1431; x_wconf 91' lang='lat' dir='ltr'><strong>ita</strong></span> <span class='ocrx_word' id='word_1_223' title='bbox 3407 1375 3530 1429; x_wconf 89' lang='lat' dir='ltr'><strong>audi</strong></span> <span class='ocrx_word' id='word_1_224' title='bbox 3590 1373 3716 1442; x_wconf 84' lang='lat' dir='ltr'><strong>quia</strong></span> 
     </span>
    </p>
   </div>
   <div class='ocr_carea' id='block_1_29' title="bbox 2135 1467 3716 1533">
    <p class='ocr_par' dir='ltr' id='par_1_29' title="bbox 2135 1467 3716 1533">
     <span class='ocr_line' id='line_1_29' title="bbox 2135 1467 3716 1533; baseline -0.008 -1"><span class='ocrx_word' id='word_1_225' title='bbox 2135 1479 2535 1533; x_wconf 82' lang='lat' dir='ltr'><strong>venitformare</strong></span> <span class='ocrx_word' id='word_1_226' title='bbox 2565 1478 2632 1531; x_wconf 85' lang='lat' dir='ltr'><strong>ad</strong></span> <span class='ocrx_word' id='word_1_227' title='bbox 2659 1476 2916 1530; x_wconf 88' lang='lat' dir='ltr'><strong>deitatem</strong></span> <span class='ocrx_word' id='word_1_228' title='bbox 2955 1473 3222 1528; x_wconf 89' lang='lat' dir='ltr'><strong>homines.</strong></span> <span class='ocrx_word' id='word_1_229' title='bbox 3250 1467 3590 1524; x_wconf 82' lang='lat' dir='ltr'><strong>Miscraltiles</strong></span> <span class='ocrx_word' id='word_1_230' title='bbox 3615 1481 3716 1520; x_wconf 88' lang='lat' dir='ltr'><strong>au-</strong></span> 
     </span>
    </p>
   </div>
   <div class='ocr_carea' id='block_1_30' title="bbox 2137 1558 3715 1636">
    <p class='ocr_par' dir='ltr' id='par_1_30' title="bbox 2137 1558 3715 1636">
     <span class='ocr_line' id='line_1_30' title="bbox 2137 1558 3715 1636; baseline -0.006 -17"><span class='ocrx_word' id='word_1_231' title='bbox 2137 1580 2242 1621; x_wconf 90' lang='lat' dir='ltr'><strong>tem</strong></span> <span class='ocrx_word' id='word_1_232' title='bbox 2277 1567 2513 1636; x_wconf 89' lang='lat' dir='ltr'><strong>suntqui</strong></span> <span class='ocrx_word' id='word_1_233' title='bbox 2549 1581 2655 1619; x_wconf 93' lang='lat' dir='ltr'><strong>non</strong></span> <span class='ocrx_word' id='word_1_234' title='bbox 2685 1562 3175 1633; x_wconf 85' lang='lat' dir='ltr'><strong>inspiciunt;beati</strong></span> <span class='ocrx_word' id='word_1_235' title='bbox 3207 1575 3335 1614; x_wconf 90' lang='lat' dir='ltr'><strong>vero</strong></span> <span class='ocrx_word' id='word_1_236' title='bbox 3360 1558 3498 1612; x_wconf 86' lang='lat' dir='ltr'><strong>oculi</strong></span> <span class='ocrx_word' id='word_1_237' title='bbox 3526 1571 3715 1611; x_wconf 90' lang='lat' dir='ltr'><strong>eorum</strong></span> 
     </span>
    </p>
   </div>
   <div class='ocr_carea' id='block_1_31' title="bbox 2141 1652 3718 1728">
    <p class='ocr_par' dir='ltr' id='par_1_31' title="bbox 2141 1652 3718 1728">
     <span class='ocr_line' id='line_1_31' title="bbox 2141 1652 3718 1728; baseline -0.003 -18"><span class='ocrx_word' id='word_1_238' title='bbox 2141 1661 2229 1728; x_wconf 86' lang='lat' dir='ltr'><strong>qui</strong></span> <span class='ocrx_word' id='word_1_239' title='bbox 2258 1660 2466 1714; x_wconf 87' lang='lat' dir='ltr'><strong>vident.</strong></span> <span class='ocrx_word' id='word_1_240' title='bbox 2509 1660 2732 1713; x_wconf 75' lang='lat' dir='ltr'><strong>Videtur</strong></span> <span class='ocrx_word' id='word_1_241' title='bbox 2755 1658 2980 1714; x_wconf 87' lang='lat' dir='ltr'><strong>enimet</strong></span> <span class='ocrx_word' id='word_1_242' title='bbox 3015 1671 3160 1711; x_wconf 91' lang='lat' dir='ltr'><strong>nunc</strong></span> <span class='ocrx_word' id='word_1_243' title='bbox 3194 1656 3451 1710; x_wconf 88' lang='lat' dir='ltr'><strong>Dominus</strong></span> <span class='ocrx_word' id='word_1_244' title='bbox 3487 1653 3567 1708; x_wconf 85' lang='lat' dir='ltr'><strong>:si</strong></span> <span class='ocrx_word' id='word_1_245' title='bbox 3595 1652 3718 1720; x_wconf 85' lang='lat' dir='ltr'><strong>quis</strong></span> 
     </span>
    </p>
   </div>
   <div class='ocr_carea' id='block_1_32' title="bbox 2135 1744 3718 1828">
    <p class='ocr_par' dir='ltr' id='par_1_32' title="bbox 2135 1744 3718 1828">
     <span class='ocr_line' id='line_1_32' title="bbox 2135 1744 3718 1828; baseline -0.006 -22"><span class='ocrx_word' id='word_1_246' title='bbox 2135 1756 2279 1807; x_wconf 90' lang='lat' dir='ltr'><strong>enim</strong></span> <span class='ocrx_word' id='word_1_247' title='bbox 2307 1753 2469 1808; x_wconf 88' lang='lat' dir='ltr'><strong>habet</strong></span> <span class='ocrx_word' id='word_1_248' title='bbox 2494 1752 2681 1809; x_wconf 91' lang='lat' dir='ltr'><strong>oculos</strong></span> <span class='ocrx_word' id='word_1_249' title='bbox 2711 1752 2858 1805; x_wconf 83' lang='lat' dir='ltr'><strong>videt</strong></span> <span class='ocrx_word' id='word_1_250' title='bbox 2884 1771 2896 1806; x_wconf 92' lang='lat'><strong>:</strong></span> <span class='ocrx_word' id='word_1_251' title='bbox 2929 1765 3204 1828; x_wconf 79' lang='lat' dir='ltr'><strong>nunquam</strong></span> <span class='ocrx_word' id='word_1_252' title='bbox 3234 1748 3394 1801; x_wconf 68' lang='lat' dir='ltr'><strong>‘enim</strong></span> <span class='ocrx_word' id='word_1_253' title='bbox 3425 1745 3514 1798; x_wconf 91' lang='lat' dir='ltr'><strong>ille</strong></span> <span class='ocrx_word' id='word_1_254' title='bbox 3543 1744 3718 1800; x_wconf 89' lang='lat' dir='ltr'><strong>disce-</strong></span> 
     </span>
    </p>
   </div>
   <div class='ocr_carea' id='block_1_33' title="bbox 449 1828 3716 1916">
    <p class='ocr_par' dir='ltr' id='par_1_33' title="bbox 449 1828 3716 1916">
     <span class='ocr_line' id='line_1_33' title="bbox 449 1828 3716 1916; baseline -0.003 -24"><span class='ocrx_word' id='word_1_255' title='bbox 449 1847 709 1903; x_wconf 89' lang='lat' dir='ltr'><strong>mortem;</strong></span> <span class='ocrx_word' id='word_1_256' title='bbox 740 1838 827 1892; x_wconf 89' lang='lat' dir='ltr'><strong>ille</strong></span> <span class='ocrx_word' id='word_1_257' title='bbox 866 1847 1046 1894; x_wconf 91' lang='lat' dir='ltr'><strong>autem</strong></span> <span class='ocrx_word' id='word_1_258' title='bbox 1074 1849 1264 1894; x_wconf 91' lang='lat' dir='ltr'><strong>contra</strong></span> <span class='ocrx_word' id='word_1_259' title='bbox 1300 1851 1547 1894; x_wconf 90' lang='lat' dir='ltr'><strong>naturam</strong></span> <span class='ocrx_word' id='word_1_260' title='bbox 1592 1839 1806 1909; x_wconf 89' lang='lat' dir='ltr'><strong>patiens</strong></span> <span class='ocrx_word' id='word_1_261' title='bbox 1837 1837 1934 1892; x_wconf 86' lang='lat' dir='ltr'><strong>fuit</strong></span> <span class='ocrx_word' id='word_1_262' title='bbox 1964 1839 2030 1890; x_wconf 91' lang='lat' dir='ltr'><strong>ad</strong></span> <span class='ocrx_word' id='word_1_263' title='bbox 2066 1828 2108 1885; x_wconf 84' lang='grc' dir='ltr'>Β</span> <span class='ocrx_word' id='word_1_264' title='bbox 2137 1848 2233 1910; x_wconf 58' lang='grc' dir='ltr'><strong>(ιη,</strong></span> <span class='ocrx_word' id='word_1_265' title='bbox 2260 1847 2399 1900; x_wconf 69' lang='lat' dir='ltr'><strong>sicui</strong></span> <span class='ocrx_word' id='word_1_266' title='bbox 2422 1847 2534 1916; x_wconf 69' lang='lat' dir='ltr'><strong>ipse</strong></span> <span class='ocrx_word' id='word_1_267' title='bbox 2564 1845 2691 1899; x_wconf 55' lang='lat' dir='ltr'><strong>dicit</strong></span> <span class='ocrx_word' id='word_1_268' title='bbox 2722 1861 2734 1896; x_wconf 73' lang='grc' dir='ltr'>ε</span> <span class='ocrx_word' id='word_1_269' title='bbox 2774 1843 2906 1896; x_wconf 71' lang='lat' dir='ltr'><strong>Ecce</strong></span> <span class='ocrx_word' id='word_1_270' title='bbox 2949 1859 3042 1910; x_wconf 64' lang='grc' dir='ltr'><strong>τρο</strong></span> <span class='ocrx_word' id='word_1_271' title='bbox 3072 1842 3337 1894; x_wconf 57' lang='lat' dir='ltr'><strong>vobiscum</strong></span> <span class='ocrx_word' id='word_1_272' title='bbox 3373 1854 3508 1902; x_wconf 64' lang='lat' dir='ltr'><strong>sum,</strong></span> <span class='ocrx_word' id='word_1_273' title='bbox 3553 1849 3716 1904; x_wconf 73' lang='lat' dir='ltr'><strong>usque</strong></span> 
     </span>
    </p>
   </div>
   <div class='ocr_carea' id='block_1_34' title="bbox 452 1926 2032 1998">
    <p class='ocr_par' dir='ltr' id='par_1_34' title="bbox 452 1926 2032 1998">
     <span class='ocr_line' id='line_1_34' title="bbox 452 1926 2032 1998; baseline 0 -19"><span class='ocrx_word' id='word_1_274' title='bbox 452 1937 704 1983; x_wconf 88' lang='lat' dir='ltr'><strong>mortem.</strong></span> <span class='ocrx_word' id='word_1_275' title='bbox 743 1929 807 1980; x_wconf 89' lang='lat' dir='ltr'><strong>Et</strong></span> <span class='ocrx_word' id='word_1_276' title='bbox 849 1945 947 1984; x_wconf 90' lang='lat' dir='ltr'><strong>nos</strong></span> <span class='ocrx_word' id='word_1_277' title='bbox 981 1929 1197 1998; x_wconf 88' lang='lat' dir='ltr'><strong>quidem</strong></span> <span class='ocrx_word' id='word_1_278' title='bbox 1226 1929 1270 1984; x_wconf 89' lang='lat' dir='ltr'><strong>si</strong></span> <span class='ocrx_word' id='word_1_279' title='bbox 1311 1928 1576 1984; x_wconf 85' lang='lat' dir='ltr'><strong>fuerimus</strong></span> <span class='ocrx_word' id='word_1_280' title='bbox 1607 1928 1830 1991; x_wconf 89' lang='lat' dir='ltr'><strong>mortui,</strong></span> <span class='ocrx_word' id='word_1_281' title='bbox 1856 1926 2032 1980; x_wconf 88' lang='lat' dir='ltr'><strong>lucra-</strong></span> 
     </span>
    </p>
   </div>
   <div class='ocr_carea' id='block_1_35' title="bbox 450 2019 2033 2089">
    <p class='ocr_par' dir='ltr' id='par_1_35' title="bbox 450 2019 2033 2089">
     <span class='ocr_line' id='line_1_35' title="bbox 450 2019 2033 2089; baseline 0 -17"><span class='ocrx_word' id='word_1_282' title='bbox 450 2021 631 2073; x_wconf 83' lang='lat' dir='ltr'><strong>bimur</strong></span> <span class='ocrx_word' id='word_1_283' title='bbox 665 2021 1023 2089; x_wconf 90' lang='lat' dir='ltr'><strong>nosmetipsos</strong></span> <span class='ocrx_word' id='word_1_284' title='bbox 1062 2039 1076 2075; x_wconf 89' lang='lat'><strong>:</strong></span> <span class='ocrx_word' id='word_1_285' title='bbox 1116 2021 1202 2075; x_wconf 89' lang='lat' dir='ltr'><strong>ille</strong></span> <span class='ocrx_word' id='word_1_286' title='bbox 1230 2029 1410 2076; x_wconf 90' lang='lat' dir='ltr'><strong>autem</strong></span> <span class='ocrx_word' id='word_1_287' title='bbox 1451 2030 1696 2077; x_wconf 90' lang='lat' dir='ltr'><strong>mortuus</strong></span> <span class='ocrx_word' id='word_1_288' title='bbox 1721 2028 1805 2075; x_wconf 86' lang='lat' dir='ltr'><strong>est</strong></span> <span class='ocrx_word' id='word_1_289' title='bbox 1829 2036 1931 2074; x_wconf 91' lang='lat' dir='ltr'><strong>non</strong></span> <span class='ocrx_word' id='word_1_290' title='bbox 1967 2019 2033 2072; x_wconf 92' lang='lat' dir='ltr'><strong>ad</strong></span> 
     </span>
    </p>
   </div>
   <div class='ocr_carea' id='block_1_36' title="bbox 451 2109 2034 2178">
    <p class='ocr_par' dir='ltr' id='par_1_36' title="bbox 451 2109 2034 2178">
     <span class='ocr_line' id='line_1_36' title="bbox 451 2109 2034 2178; baseline -0.001 -16"><span class='ocrx_word' id='word_1_291' title='bbox 451 2109 738 2164; x_wconf 87' lang='lat' dir='ltr'><strong>utilitatem</strong></span> <span class='ocrx_word' id='word_1_292' title='bbox 772 2111 1068 2178; x_wconf 86' lang='lat' dir='ltr'><strong>propriam,</strong></span> <span class='ocrx_word' id='word_1_293' title='bbox 1099 2111 1193 2164; x_wconf 90' lang='lat' dir='ltr'><strong>sed</strong></span> <span class='ocrx_word' id='word_1_294' title='bbox 1225 2120 1282 2164; x_wconf 92' lang='lat' dir='ltr'><strong>ut</strong></span> <span class='ocrx_word' id='word_1_295' title='bbox 1318 2125 1417 2166; x_wconf 90' lang='lat' dir='ltr'><strong>nos</strong></span> <span class='ocrx_word' id='word_1_296' title='bbox 1463 2109 1788 2164; x_wconf 88' lang='lat' dir='ltr'><strong>lucraretur.</strong></span> <span class='ocrx_word' id='word_1_297' title='bbox 1821 2109 1888 2163; x_wconf 86' lang='lat' dir='ltr'><strong>Et</strong></span> <span class='ocrx_word' id='word_1_298' title='bbox 1937 2123 2034 2163; x_wconf 92' lang='lat' dir='ltr'><strong>nos</strong></span> 
     </span>
    </p>
   </div>
   <div class='ocr_carea' id='block_1_37' title="bbox 451 2200 2032 2272">
    <p class='ocr_par' dir='ltr' id='par_1_37' title="bbox 451 2200 2032 2272">
     <span class='ocr_line' id='line_1_37' title="bbox 451 2200 2032 2272; baseline -0.003 -16"><span class='ocrx_word' id='word_1_299' title='bbox 451 2202 715 2256; x_wconf 88' lang='lat' dir='ltr'><strong>morimur</strong></span> <span class='ocrx_word' id='word_1_300' title='bbox 740 2207 807 2256; x_wconf 89' lang='lat' dir='ltr'><strong>ad</strong></span> <span class='ocrx_word' id='word_1_301' title='bbox 838 2219 988 2272; x_wconf 83' lang='lat' dir='ltr'><strong>spem</strong></span> <span class='ocrx_word' id='word_1_302' title='bbox 1025 2202 1150 2256; x_wconf 84' lang='lat' dir='ltr'><strong>vitae</strong></span> <span class='ocrx_word' id='word_1_303' title='bbox 1183 2220 1197 2256; x_wconf 89' lang='lat'><strong>:</strong></span> <span class='ocrx_word' id='word_1_304' title='bbox 1235 2203 1325 2257; x_wconf 89' lang='lat' dir='ltr'><strong>ille</strong></span> <span class='ocrx_word' id='word_1_305' title='bbox 1359 2211 1538 2257; x_wconf 89' lang='lat' dir='ltr'><strong>autem</strong></span> <span class='ocrx_word' id='word_1_306' title='bbox 1568 2202 1678 2256; x_wconf 88' lang='lat' dir='ltr'><strong>vita</strong></span> <span class='ocrx_word' id='word_1_307' title='bbox 1717 2211 1800 2256; x_wconf 90' lang='lat' dir='ltr'><strong>est</strong></span> <span class='ocrx_word' id='word_1_308' title='bbox 1826 2200 2032 2254; x_wconf 85' lang='lat' dir='ltr'><strong>vivens.</strong></span> 
     </span>
    </p>
   </div>
   <div class='ocr_carea' id='block_1_38' title="bbox 451 2293 2036 2365">
    <p class='ocr_par' dir='ltr' id='par_1_38' title="bbox 451 2293 2036 2365">
     <span class='ocr_line' id='line_1_38' title="bbox 451 2293 2036 2365; baseline -0.002 -18"><span class='ocrx_word' id='word_1_309' title='bbox 451 2293 517 2348; x_wconf 83' lang='lat' dir='ltr'><strong>Et</strong></span> <span class='ocrx_word' id='word_1_310' title='bbox 542 2309 640 2348; x_wconf 91' lang='lat' dir='ltr'><strong>nos</strong></span> <span class='ocrx_word' id='word_1_311' title='bbox 661 2295 712 2348; x_wconf 91' lang='lat' dir='ltr'><strong>in</strong></span> <span class='ocrx_word' id='word_1_312' title='bbox 741 2295 999 2365; x_wconf 85' lang='lat' dir='ltr'><strong>martyrio</strong></span> <span class='ocrx_word' id='word_1_313' title='bbox 1021 2295 1281 2365; x_wconf 90' lang='lat' dir='ltr'><strong>patimur,</strong></span> <span class='ocrx_word' id='word_1_314' title='bbox 1317 2304 1502 2348; x_wconf 92' lang='lat' dir='ltr'><strong>utnon</strong></span> <span class='ocrx_word' id='word_1_315' title='bbox 1531 2309 1652 2348; x_wconf 94' lang='lat' dir='ltr'><strong>cum</strong></span> <span class='ocrx_word' id='word_1_316' title='bbox 1681 2293 1882 2346; x_wconf 87' lang='lat' dir='ltr'><strong>tnundo</strong></span> <span class='ocrx_word' id='word_1_317' title='bbox 1903 2307 2036 2347; x_wconf 82' lang='lat' dir='ltr'><strong>con-</strong></span> 
     </span>
    </p>
   </div>
   <div class='ocr_carea' id='block_1_39' title="bbox 449 2385 2036 2457">
    <p class='ocr_par' dir='ltr' id='par_1_39' title="bbox 449 2385 2036 2457">
     <span class='ocr_line' id='line_1_39' title="bbox 449 2385 2036 2457; baseline -0.001 -17"><span class='ocrx_word' id='word_1_318' title='bbox 449 2387 790 2453; x_wconf 85' lang='lat' dir='ltr'><strong>demnemur,</strong></span> <span class='ocrx_word' id='word_1_319' title='bbox 822 2387 1089 2456; x_wconf 78' lang='lat' dir='ltr'><strong>fugientes</strong></span> <span class='ocrx_word' id='word_1_320' title='bbox 1128 2401 1224 2457; x_wconf 91' lang='lat' dir='ltr'><strong>per</strong></span> <span class='ocrx_word' id='word_1_321' title='bbox 1262 2395 1491 2441; x_wconf 91' lang='lat' dir='ltr'><strong>ntortem</strong></span> <span class='ocrx_word' id='word_1_322' title='bbox 1529 2387 1855 2456; x_wconf 79' lang='lat' dir='ltr'><strong>gehennam,</strong></span> <span class='ocrx_word' id='word_1_323' title='bbox 1887 2394 1940 2440; x_wconf 90' lang='lat' dir='ltr'><strong>et</strong></span> <span class='ocrx_word' id='word_1_324' title='bbox 1982 2385 2036 2438; x_wconf 92' lang='lat' dir='ltr'><strong>in</strong></span> 
     </span>
    </p>
   </div>
   <div class='ocr_carea' id='block_1_40' title="bbox 451 2476 2038 2549">
    <p class='ocr_par' dir='ltr' id='par_1_40' title="bbox 451 2476 2038 2549">
     <span class='ocr_line' id='line_1_40' title="bbox 451 2476 2038 2549; baseline 0 -19"><span class='ocrx_word' id='word_1_325' title='bbox 451 2478 764 2532; x_wconf 73' lang='lat' dir='ltr'><strong>litereditate</strong></span> <span class='ocrx_word' id='word_1_326' title='bbox 797 2479 1126 2548; x_wconf 89' lang='lat' dir='ltr'><strong>accipientes</strong></span> <span class='ocrx_word' id='word_1_327' title='bbox 1157 2493 1320 2549; x_wconf 89' lang='lat' dir='ltr'><strong>regna</strong></span> <span class='ocrx_word' id='word_1_328' title='bbox 1345 2479 1628 2534; x_wconf 68' lang='lat' dir='ltr'><strong>calorum.</strong></span> <span class='ocrx_word' id='word_1_329' title='bbox 1664 2476 1772 2531; x_wconf 87' lang='lat' dir='ltr'><strong>Nos</strong></span> <span class='ocrx_word' id='word_1_330' title='bbox 1800 2477 1868 2531; x_wconf 92' lang='lat' dir='ltr'><strong>ad</strong></span> <span class='ocrx_word' id='word_1_331' title='bbox 1897 2491 2038 2530; x_wconf 83' lang='lat' dir='ltr'><strong>mer-</strong></span> 
     </span>
    </p>
   </div>
   <div class='ocr_carea' id='block_1_41' title="bbox 450 2568 2039 2639">
    <p class='ocr_par' dir='ltr' id='par_1_41' title="bbox 450 2568 2039 2639">
     <span class='ocr_line' id='line_1_41' title="bbox 450 2568 2039 2639; baseline 0 -18"><span class='ocrx_word' id='word_1_332' title='bbox 450 2568 670 2633; x_wconf 89' lang='lat' dir='ltr'><strong>cedem;</strong></span> <span class='ocrx_word' id='word_1_333' title='bbox 703 2569 790 2621; x_wconf 91' lang='lat' dir='ltr'><strong>ille</strong></span> <span class='ocrx_word' id='word_1_334' title='bbox 824 2578 1044 2636; x_wconf 90' lang='lat' dir='ltr'><strong>pr0ptcr</strong></span> <span class='ocrx_word' id='word_1_335' title='bbox 1074 2569 1419 2623; x_wconf 88' lang='lat' dir='ltr'><strong>eharitatem.</strong></span> <span class='ocrx_word' id='word_1_336' title='bbox 1456 2569 1513 2624; x_wconf 87' lang='lat' dir='ltr'><strong>Si</strong></span> <span class='ocrx_word' id='word_1_337' title='bbox 1545 2571 1668 2639; x_wconf 86' lang='lat' dir='ltr'><strong>quis</strong></span> <span class='ocrx_word' id='word_1_338' title='bbox 1698 2578 1878 2622; x_wconf 92' lang='lat' dir='ltr'><strong>autem</strong></span> <span class='ocrx_word' id='word_1_339' title='bbox 1910 2584 2039 2623; x_wconf 87' lang='lat' dir='ltr'><strong>con-</strong></span> 
     </span>
    </p>
   </div>
   <div class='ocr_carea' id='block_1_42' title="bbox 449 2659 2038 2730">
    <p class='ocr_par' dir='ltr' id='par_1_42' title="bbox 449 2659 2038 2730">
     <span class='ocr_line' id='line_1_42' title="bbox 449 2659 2038 2730; baseline 0 -16"><span class='ocrx_word' id='word_1_340' title='bbox 449 2659 572 2714; x_wconf 86' lang='lat' dir='ltr'><strong>silio</strong></span> <span class='ocrx_word' id='word_1_341' title='bbox 601 2659 830 2713; x_wconf 88' lang='lat' dir='ltr'><strong>assentit</strong></span> <span class='ocrx_word' id='word_1_342' title='bbox 860 2675 1002 2727; x_wconf 91' lang='lat' dir='ltr'><strong>meo,</strong></span> <span class='ocrx_word' id='word_1_343' title='bbox 1050 2660 1119 2714; x_wconf 92' lang='lat' dir='ltr'><strong>sit</strong></span> <span class='ocrx_word' id='word_1_344' title='bbox 1154 2660 1368 2729; x_wconf 90' lang='lat' dir='ltr'><strong>quidem</strong></span> <span class='ocrx_word' id='word_1_345' title='bbox 1401 2675 1607 2716; x_wconf 84' lang='lat' dir='ltr'><strong>merces</strong></span> <span class='ocrx_word' id='word_1_346' title='bbox 1656 2661 1724 2716; x_wconf 93' lang='lat' dir='ltr'><strong>ab</strong></span> <span class='ocrx_word' id='word_1_347' title='bbox 1760 2662 1896 2730; x_wconf 89' lang='lat' dir='ltr'><strong>ipso,</strong></span> <span class='ocrx_word' id='word_1_348' title='bbox 1933 2676 2038 2714; x_wconf 91' lang='lat' dir='ltr'><strong>non</strong></span> 
     </span>
    </p>
   </div>
   <div class='ocr_carea' id='block_1_43' title="bbox 450 2752 2038 2808">
    <p class='ocr_par' dir='ltr' id='par_1_43' title="bbox 450 2752 2038 2808">
     <span class='ocr_line' id='line_1_43' title="bbox 450 2752 2038 2808; baseline 0 -2"><span class='ocrx_word' id='word_1_349' title='bbox 450 2754 523 2808; x_wconf 83' lang='lat' dir='ltr'><strong>sit</strong></span> <span class='ocrx_word' id='word_1_350' title='bbox 569 2762 749 2807; x_wconf 87' lang='lat' dir='ltr'><strong>autem</strong></span> <span class='ocrx_word' id='word_1_351' title='bbox 812 2752 968 2807; x_wconf 91' lang='lat' dir='ltr'><strong>nobis</strong></span> <span class='ocrx_word' id='word_1_352' title='bbox 1023 2769 1214 2807; x_wconf 88' lang='lat' dir='ltr'><strong>cursus</strong></span> <span class='ocrx_word' id='word_1_353' title='bbox 1262 2753 1328 2807; x_wconf 87' lang='lat' dir='ltr'><strong>ad</strong></span> <span class='ocrx_word' id='word_1_354' title='bbox 1363 2756 1714 2808; x_wconf 89' lang='lat' dir='ltr'><strong>mercedem:</strong></span> <span class='ocrx_word' id='word_1_355' title='bbox 1756 2769 1860 2808; x_wconf 94' lang='lat' dir='ltr'><strong>non</strong></span> <span class='ocrx_word' id='word_1_356' title='bbox 1894 2754 2038 2808; x_wconf 90' lang='lat' dir='ltr'><strong>enim</strong></span> 
     </span>
    </p>
   </div>
   <div class='ocr_carea' id='block_1_44' title="bbox 451 2845 2039 2914">
    <p class='ocr_par' dir='ltr' id='par_1_44' title="bbox 451 2845 2039 2914">
     <span class='ocr_line' id='line_1_44' title="bbox 451 2845 2039 2914; baseline 0.001 -17"><span class='ocrx_word' id='word_1_357' title='bbox 451 2846 576 2914; x_wconf 84' lang='lat' dir='ltr'><strong>quia</strong></span> <span class='ocrx_word' id='word_1_358' title='bbox 597 2847 862 2913; x_wconf 89' lang='lat' dir='ltr'><strong>promittit</strong></span> <span class='ocrx_word' id='word_1_359' title='bbox 895 2845 1014 2899; x_wconf 92' lang='lat' dir='ltr'><strong>ideo</strong></span> <span class='ocrx_word' id='word_1_360' title='bbox 1049 2845 1209 2899; x_wconf 85' lang='lat' dir='ltr'><strong>debet</strong></span> <span class='ocrx_word' id='word_1_361' title='bbox 1236 2855 1289 2898; x_wconf 92' lang='lat' dir='ltr'><strong>et</strong></span> <span class='ocrx_word' id='word_1_362' title='bbox 1311 2845 1482 2914; x_wconf 78' lang='lat' dir='ltr'><strong>diligi,</strong></span> <span class='ocrx_word' id='word_1_363' title='bbox 1518 2846 1610 2899; x_wconf 88' lang='lat' dir='ltr'><strong>sed</strong></span> <span class='ocrx_word' id='word_1_364' title='bbox 1643 2847 1767 2913; x_wconf 89' lang='lat' dir='ltr'><strong>quia</strong></span> <span class='ocrx_word' id='word_1_365' title='bbox 1797 2847 1918 2900; x_wconf 91' lang='lat' dir='ltr'><strong>talis</strong></span> <span class='ocrx_word' id='word_1_366' title='bbox 1941 2846 2039 2900; x_wconf 80' lang='lat' dir='ltr'><strong>ha-</strong></span> 
     </span>
    </p>
   </div>
   <div class='ocr_carea' id='block_1_45' title="bbox 453 2934 2039 3006">
    <p class='ocr_par' dir='ltr' id='par_1_45' title="bbox 453 2934 2039 3006">
     <span class='ocr_line' id='line_1_45' title="bbox 453 2934 2039 3006; baseline 0.003 -20"><span class='ocrx_word' id='word_1_367' title='bbox 453 2935 635 2999; x_wconf 83' lang='lat' dir='ltr'><strong>betur,</strong></span> <span class='ocrx_word' id='word_1_368' title='bbox 661 2944 715 2988; x_wconf 91' lang='lat' dir='ltr'><strong>et</strong></span> <span class='ocrx_word' id='word_1_369' title='bbox 751 2934 875 2988; x_wconf 91' lang='lat' dir='ltr'><strong>talis</strong></span> <span class='ocrx_word' id='word_1_370' title='bbox 895 2945 978 2988; x_wconf 84' lang='lat' dir='ltr'><strong>est</strong></span> <span class='ocrx_word' id='word_1_371' title='bbox 1006 2934 1177 2989; x_wconf 87' lang='lat' dir='ltr'><strong>Filius</strong></span> <span class='ocrx_word' id='word_1_372' title='bbox 1209 2949 1348 2988; x_wconf 89' lang='lat' dir='ltr'><strong>:non</strong></span> <span class='ocrx_word' id='word_1_373' title='bbox 1371 2936 1569 3004; x_wconf 88' lang='lat' dir='ltr'><strong>quippe</strong></span> <span class='ocrx_word' id='word_1_374' title='bbox 1598 2936 1858 3006; x_wconf 79' lang='lat' dir='ltr'><strong>diligatur</strong></span> <span class='ocrx_word' id='word_1_375' title='bbox 1886 2940 1954 2992; x_wconf 91' lang='lat' dir='ltr'><strong>ob</strong></span> <span class='ocrx_word' id='word_1_376' title='bbox 1977 2951 2039 2991; x_wconf 89' lang='lat' dir='ltr'><strong>ea</strong></span> 
     </span>
    </p>
   </div>
   <div class='ocr_carea' id='block_1_46' title="bbox 454 3027 2040 3097">
    <p class='ocr_par' dir='ltr' id='par_1_46' title="bbox 454 3027 2040 3097">
     <span class='ocr_line' id='line_1_46' title="bbox 454 3027 2040 3097; baseline 0.003 -21"><span class='ocrx_word' id='word_1_377' title='bbox 454 3042 575 3092; x_wconf 67' lang='lat' dir='ltr'><strong>qua:</strong></span> <span class='ocrx_word' id='word_1_378' title='bbox 603 3027 790 3089; x_wconf 89' lang='lat' dir='ltr'><strong>donat,</strong></span> <span class='ocrx_word' id='word_1_379' title='bbox 823 3028 917 3080; x_wconf 84' lang='lat' dir='ltr'><strong>sed</strong></span> <span class='ocrx_word' id='word_1_380' title='bbox 949 3037 1165 3097; x_wconf 85' lang='lat' dir='ltr'><strong>propter</strong></span> <span class='ocrx_word' id='word_1_381' title='bbox 1218 3037 1470 3080; x_wconf 91' lang='lat' dir='ltr'><strong>naturam</strong></span> <span class='ocrx_word' id='word_1_382' title='bbox 1498 3028 1580 3081; x_wconf 90' lang='lat' dir='ltr'><strong>sui</strong></span> <span class='ocrx_word' id='word_1_383' title='bbox 1625 3038 1678 3081; x_wconf 90' lang='lat' dir='ltr'><strong>et</strong></span> <span class='ocrx_word' id='word_1_384' title='bbox 1711 3037 1835 3080; x_wconf 90' lang='lat' dir='ltr'><strong>ante</strong></span> <span class='ocrx_word' id='word_1_385' title='bbox 1867 3028 2040 3082; x_wconf 90' lang='lat' dir='ltr'><strong>dona-</strong></span> 
     </span>
    </p>
   </div>
   <div class='ocr_carea' id='block_1_47' title="bbox 456 3118 2040 3188">
    <p class='ocr_par' dir='ltr' id='par_1_47' title="bbox 456 3118 2040 3188">
     <span class='ocr_line' id='line_1_47' title="bbox 456 3118 2040 3188; baseline 0 -16"><span class='ocrx_word' id='word_1_386' title='bbox 456 3122 650 3172; x_wconf 87' lang='lat' dir='ltr'><strong>tiones.</strong></span> <span class='ocrx_word' id='word_1_387' title='bbox 693 3118 969 3186; x_wconf 84' lang='lat' dir='ltr'><strong>Siquidem</strong></span> <span class='ocrx_word' id='word_1_388' title='bbox 1006 3129 1059 3173; x_wconf 90' lang='lat' dir='ltr'><strong>et</strong></span> <span class='ocrx_word' id='word_1_389' title='bbox 1093 3120 1195 3173; x_wconf 91' lang='lat' dir='ltr'><strong>ltoc</strong></span> <span class='ocrx_word' id='word_1_390' title='bbox 1223 3119 1403 3172; x_wconf 90' lang='lat' dir='ltr'><strong>lumen</strong></span> <span class='ocrx_word' id='word_1_391' title='bbox 1450 3119 1732 3182; x_wconf 88' lang='lat' dir='ltr'><strong>sensibile,</strong></span> <span class='ocrx_word' id='word_1_392' title='bbox 1763 3135 1868 3173; x_wconf 92' lang='lat' dir='ltr'><strong>non</strong></span> <span class='ocrx_word' id='word_1_393' title='bbox 1917 3119 2040 3188; x_wconf 91' lang='lat' dir='ltr'><strong>quia</strong></span> 
     </span>
    </p>
   </div>
   <div class='ocr_carea' id='block_1_48' title="bbox 456 3209 2038 3279">
    <p class='ocr_par' dir='ltr' id='par_1_48' title="bbox 456 3209 2038 3279">
     <span class='ocr_line' id='line_1_48' title="bbox 456 3209 2038 3279; baseline 0.001 -16"><span class='ocrx_word' id='word_1_394' title='bbox 456 3209 627 3276; x_wconf 83' lang='lat' dir='ltr'><strong>pascit</strong></span> <span class='ocrx_word' id='word_1_395' title='bbox 655 3209 840 3264; x_wconf 89' lang='lat' dir='ltr'><strong>oculos</strong></span> <span class='ocrx_word' id='word_1_396' title='bbox 871 3221 1104 3275; x_wconf 81' lang='lat' dir='ltr'><strong>amatur;</strong></span> <span class='ocrx_word' id='word_1_397' title='bbox 1134 3211 1225 3264; x_wconf 90' lang='lat' dir='ltr'><strong>sed</strong></span> <span class='ocrx_word' id='word_1_398' title='bbox 1259 3210 1384 3279; x_wconf 86' lang='lat' dir='ltr'><strong>quia</strong></span> <span class='ocrx_word' id='word_1_399' title='bbox 1399 3210 1761 3264; x_wconf 91' lang='lat' dir='ltr'><strong>clarissimum</strong></span> <span class='ocrx_word' id='word_1_400' title='bbox 1795 3211 2038 3265; x_wconf 83' lang='lat' dir='ltr'><strong>habetur.</strong></span> 
     </span>
    </p>
   </div>
   <div class='ocr_carea' id='block_1_49' title="bbox 453 3299 2045 3373">
    <p class='ocr_par' dir='ltr' id='par_1_49' title="bbox 453 3299 2045 3373">
     <span class='ocr_line' id='line_1_49' title="bbox 453 3299 2045 3373; baseline -0.001 -17"><span class='ocrx_word' id='word_1_401' title='bbox 453 3301 854 3373; x_wconf 81' lang='lat' dir='ltr'><strong>Nonnunquam</strong></span> <span class='ocrx_word' id='word_1_402' title='bbox 889 3301 1114 3356; x_wconf 90' lang='lat' dir='ltr'><strong>enimet</strong></span> <span class='ocrx_word' id='word_1_403' title='bbox 1149 3300 1328 3355; x_wconf 90' lang='lat' dir='ltr'><strong>fontes</strong></span> <span class='ocrx_word' id='word_1_404' title='bbox 1359 3299 1612 3354; x_wconf 81' lang='lat' dir='ltr'><strong>videntes</strong></span> <span class='ocrx_word' id='word_1_405' title='bbox 1649 3301 1964 3369; x_wconf 89' lang='lat' dir='ltr'><strong>perspicuos</strong></span> <span class='ocrx_word' id='word_1_406' title='bbox 1990 3309 2045 3355; x_wconf 90' lang='lat' dir='ltr'><strong>et</strong></span> 
     </span>
    </p>
   </div>
   <div class='ocr_carea' id='block_1_50' title="bbox 456 3393 2044 3461">
    <p class='ocr_par' dir='ltr' id='par_1_50' title="bbox 456 3393 2044 3461">
     <span class='ocr_line' id='line_1_50' title="bbox 456 3393 2044 3461; baseline 0.001 -15"><span class='ocrx_word' id='word_1_407' title='bbox 456 3412 640 3461; x_wconf 85' lang='lat' dir='ltr'><strong>puros,</strong></span> <span class='ocrx_word' id='word_1_408' title='bbox 693 3405 749 3448; x_wconf 91' lang='lat' dir='ltr'><strong>et</strong></span> <span class='ocrx_word' id='word_1_409' title='bbox 807 3395 850 3449; x_wconf 90' lang='lat' dir='ltr'><strong>si</strong></span> <span class='ocrx_word' id='word_1_410' title='bbox 895 3411 999 3448; x_wconf 91' lang='lat' dir='ltr'><strong>non</strong></span> <span class='ocrx_word' id='word_1_411' title='bbox 1053 3393 1292 3448; x_wconf 80' lang='lat' dir='ltr'><strong>admittit</strong></span> <span class='ocrx_word' id='word_1_412' title='bbox 1337 3402 1551 3461; x_wconf 85' lang='lat' dir='ltr'><strong>tempus</strong></span> <span class='ocrx_word' id='word_1_413' title='bbox 1593 3394 1830 3457; x_wconf 85' lang='lat' dir='ltr'><strong>bibendi,</strong></span> <span class='ocrx_word' id='word_1_414' title='bbox 1867 3402 2044 3447; x_wconf 87' lang='lat' dir='ltr'><strong>tamen</strong></span> 
     </span>
    </p>
   </div>
   <div class='ocr_carea' id='block_1_51' title="bbox 459 3486 2041 3558">
    <p class='ocr_par' dir='ltr' id='par_1_51' title="bbox 459 3486 2041 3558">
     <span class='ocr_line' id='line_1_51' title="bbox 459 3486 2041 3558; baseline 0 -18"><span class='ocrx_word' id='word_1_415' title='bbox 459 3490 722 3541; x_wconf 87' lang='lat' dir='ltr'><strong>mirantur</strong></span> <span class='ocrx_word' id='word_1_416' title='bbox 749 3487 1228 3558; x_wconf 86' lang='lat' dir='ltr'><strong>pulchritudinem,</strong></span> <span class='ocrx_word' id='word_1_417' title='bbox 1250 3486 1413 3540; x_wconf 88' lang='lat' dir='ltr'><strong>etiam</strong></span> <span class='ocrx_word' id='word_1_418' title='bbox 1438 3501 1542 3538; x_wconf 91' lang='lat' dir='ltr'><strong>non</strong></span> <span class='ocrx_word' id='word_1_419' title='bbox 1577 3486 1901 3540; x_wconf 83' lang='lat' dir='ltr'><strong>adveniente</strong></span> <span class='ocrx_word' id='word_1_420' title='bbox 1921 3500 2041 3540; x_wconf 87' lang='lat' dir='ltr'><strong>usu.</strong></span> 
     </span>
    </p>
   </div>
   <div class='ocr_carea' id='block_1_52' title="bbox 460 3579 2039 3649">
    <p class='ocr_par' dir='ltr' id='par_1_52' title="bbox 460 3579 2039 3649">
     <span class='ocr_line' id='line_1_52' title="bbox 460 3579 2039 3649; baseline 0 -16"><span class='ocrx_word' id='word_1_421' title='bbox 460 3579 524 3633; x_wconf 79' lang='lat' dir='ltr'><strong>Et</strong></span> <span class='ocrx_word' id='word_1_422' title='bbox 577 3583 644 3633; x_wconf 87' lang='lat' dir='ltr'><strong>ad</strong></span> <span class='ocrx_word' id='word_1_423' title='bbox 703 3580 900 3634; x_wconf 65' lang='lat' dir='ltr'><strong>caelum</strong></span> <span class='ocrx_word' id='word_1_424' title='bbox 958 3579 1314 3649; x_wconf 82' lang='lat' dir='ltr'><strong>respicientes</strong></span> <span class='ocrx_word' id='word_1_425' title='bbox 1351 3579 1707 3642; x_wconf 90' lang='lat' dir='ltr'><strong>delectamur,</strong></span> <span class='ocrx_word' id='word_1_426' title='bbox 1766 3595 1871 3633; x_wconf 93' lang='lat' dir='ltr'><strong>non</strong></span> <span class='ocrx_word' id='word_1_427' title='bbox 1911 3582 2039 3648; x_wconf 89' lang='lat' dir='ltr'><strong>quia</strong></span> 
     </span>
    </p>
   </div>
   <div class='ocr_carea' id='block_1_53' title="bbox 461 3668 2045 3738">
    <p class='ocr_par' dir='ltr' id='par_1_53' title="bbox 461 3668 2045 3738">
     <span class='ocr_line' id='line_1_53' title="bbox 461 3668 2045 3738; baseline -0.001 -14"><span class='ocrx_word' id='word_1_428' title='bbox 461 3671 867 3724; x_wconf 86' lang='lat' dir='ltr'><strong>manducamus.</strong></span> <span class='ocrx_word' id='word_1_429' title='bbox 900 3668 956 3722; x_wconf 91' lang='lat' dir='ltr'><strong>Si</strong></span> <span class='ocrx_word' id='word_1_430' title='bbox 984 3670 1150 3737; x_wconf 84' lang='lat' dir='ltr'><strong>igitur</strong></span> <span class='ocrx_word' id='word_1_431' title='bbox 1180 3684 1342 3737; x_wconf 82' lang='lat' dir='ltr'><strong>opera</strong></span> <span class='ocrx_word' id='word_1_432' title='bbox 1379 3668 1496 3738; x_wconf 89' lang='lat' dir='ltr'><strong>ejus</strong></span> <span class='ocrx_word' id='word_1_433' title='bbox 1523 3669 1595 3723; x_wconf 89' lang='lat' dir='ltr'><strong>ita</strong></span> <span class='ocrx_word' id='word_1_434' title='bbox 1636 3679 1762 3724; x_wconf 86' lang='lat' dir='ltr'><strong>sunt</strong></span> <span class='ocrx_word' id='word_1_435' title='bbox 1799 3672 1959 3734; x_wconf 91' lang='lat' dir='ltr'><strong>bona,</strong></span> <span class='ocrx_word' id='word_1_436' title='bbox 1991 3678 2045 3724; x_wconf 92' lang='lat' dir='ltr'><strong>et</strong></span> 
     </span>
    </p>
   </div>
   <div class='ocr_carea' id='block_1_54' title="bbox 461 3762 2048 3830">
    <p class='ocr_par' dir='ltr' id='par_1_54' title="bbox 461 3762 2048 3830">
     <span class='ocr_line' id='line_1_54' title="bbox 461 3762 2048 3830; baseline -0.001 -15"><span class='ocrx_word' id='word_1_437' title='bbox 461 3770 589 3816; x_wconf 87' lang='lat' dir='ltr'><strong>ante</strong></span> <span class='ocrx_word' id='word_1_438' title='bbox 612 3770 826 3830; x_wconf 79' lang='lat' dir='ltr'><strong>gustum</strong></span> <span class='ocrx_word' id='word_1_439' title='bbox 859 3771 914 3815; x_wconf 89' lang='lat' dir='ltr'><strong>et</strong></span> <span class='ocrx_word' id='word_1_440' title='bbox 943 3776 1124 3814; x_wconf 87' lang='lat' dir='ltr'><strong>escam</strong></span> <span class='ocrx_word' id='word_1_441' title='bbox 1177 3762 1451 3816; x_wconf 87' lang='lat' dir='ltr'><strong>delectant</strong></span> <span class='ocrx_word' id='word_1_442' title='bbox 1496 3779 1620 3816; x_wconf 91' lang='lat' dir='ltr'><strong>cum</strong></span> <span class='ocrx_word' id='word_1_443' title='bbox 1675 3762 1946 3825; x_wconf 88' lang='lat' dir='ltr'><strong>videntur,</strong></span> <span class='ocrx_word' id='word_1_444' title='bbox 1992 3770 2048 3816; x_wconf 87' lang='lat' dir='ltr'><strong>et</strong></span> 
     </span>
    </p>
   </div>
   <div class='ocr_carea' id='block_1_55' title="bbox 460 3851 2044 3922">
    <p class='ocr_par' dir='ltr' id='par_1_55' title="bbox 460 3851 2044 3922">
     <span class='ocr_line' id='line_1_55' title="bbox 460 3851 2044 3922; baseline -0.001 -14"><span class='ocrx_word' id='word_1_445' title='bbox 460 3851 772 3908; x_wconf 78' lang='lat' dir='ltr'><strong>coaﬂectari</strong></span> <span class='ocrx_word' id='word_1_446' title='bbox 800 3852 1038 3914; x_wconf 84' lang='lat' dir='ltr'><strong>faciunt;</strong></span> <span class='ocrx_word' id='word_1_447' title='bbox 1076 3854 1190 3920; x_wconf 89' lang='lat' dir='ltr'><strong>ipse</strong></span> <span class='ocrx_word' id='word_1_448' title='bbox 1213 3853 1302 3922; x_wconf 88' lang='lat' dir='ltr'><strong>qui</strong></span> <span class='ocrx_word' id='word_1_449' title='bbox 1334 3867 1459 3908; x_wconf 86' lang='lat' dir='ltr'><strong>vere</strong></span> <span class='ocrx_word' id='word_1_450' title='bbox 1483 3870 1647 3921; x_wconf 85' lang='lat' dir='ltr'><strong>supra</strong></span> <span class='ocrx_word' id='word_1_451' title='bbox 1672 3869 1887 3907; x_wconf 89' lang='lat' dir='ltr'><strong>omnem</strong></span> <span class='ocrx_word' id='word_1_452' title='bbox 1924 3853 2044 3922; x_wconf 85' lang='lat' dir='ltr'><strong>pnl—</strong></span> 
     </span>
    </p>
   </div>
   <div class='ocr_carea' id='block_1_56' title="bbox 463 3944 2042 4009">
    <p class='ocr_par' dir='ltr' id='par_1_56' title="bbox 463 3944 2042 4009">
     <span class='ocr_line' id='line_1_56' title="bbox 463 3944 2042 4009; baseline 0.003 -15"><span class='ocrx_word' id='word_1_453' title='bbox 463 3945 824 3999; x_wconf 74' lang='lat' dir='ltr'><strong>eltritudinem</strong></span> <span class='ocrx_word' id='word_1_454' title='bbox 888 3944 1138 4006; x_wconf 86' lang='lat' dir='ltr'><strong>habetur.</strong></span> <span class='ocrx_word' id='word_1_455' title='bbox 1191 3956 1246 3996; x_wconf 91' lang='lat' dir='ltr'><strong>et</strong></span> <span class='ocrx_word' id='word_1_456' title='bbox 1274 3960 1403 3998; x_wconf 89' lang='lat' dir='ltr'><strong>vere</strong></span> <span class='ocrx_word' id='word_1_457' title='bbox 1455 3954 1537 3998; x_wconf 90' lang='lat' dir='ltr'><strong>est</strong></span> <span class='ocrx_word' id='word_1_458' title='bbox 1591 3947 1788 4009; x_wconf 90' lang='lat' dir='ltr'><strong>bonus,</strong></span> <span class='ocrx_word' id='word_1_459' title='bbox 1826 3963 1930 3999; x_wconf 92' lang='lat' dir='ltr'><strong>non</strong></span> <span class='ocrx_word' id='word_1_460' title='bbox 1979 3961 2042 4000; x_wconf 82' lang='lat' dir='ltr'><strong>ex</strong></span> 
     </span>
    </p>
   </div>
   <div class='ocr_carea' id='block_1_57' title="bbox 464 4038 2044 4098">
    <p class='ocr_par' dir='ltr' id='par_1_57' title="bbox 464 4038 2044 4098">
     <span class='ocr_line' id='line_1_57' title="bbox 464 4038 2044 4098; baseline 0.003 -8"><span class='ocrx_word' id='word_1_461' title='bbox 464 4039 712 4093; x_wconf 85' lang='lat' dir='ltr'><strong>mercede</strong></span> <span class='ocrx_word' id='word_1_462' title='bbox 733 4040 928 4092; x_wconf 86' lang='lat' dir='ltr'><strong>habeat</strong></span> <span class='ocrx_word' id='word_1_463' title='bbox 956 4038 1316 4098; x_wconf 86' lang='lat' dir='ltr'><strong>dilectionem.</strong></span> <span class='ocrx_word' id='word_1_464' title='bbox 1348 4042 1440 4094; x_wconf 89' lang='lat' dir='ltr'><strong>sed</strong></span> <span class='ocrx_word' id='word_1_465' title='bbox 1459 4055 1525 4093; x_wconf 85' lang='lat' dir='ltr'><strong>ex</strong></span> <span class='ocrx_word' id='word_1_466' title='bbox 1559 4051 1751 4093; x_wconf 84' lang='lat' dir='ltr'><strong>natura</strong></span> <span class='ocrx_word' id='word_1_467' title='bbox 1783 4054 2044 4095; x_wconf 90' lang='lat' dir='ltr'><strong>amorem.</strong></span> 
     </span>
    </p>
   </div>
   <div class='ocr_carea' id='block_1_58' title="bbox 465 4127 2048 4200">
    <p class='ocr_par' dir='ltr' id='par_1_58' title="bbox 465 4127 2048 4200">
     <span class='ocr_line' id='line_1_58' title="bbox 465 4127 2048 4200; baseline 0.001 -18"><span class='ocrx_word' id='word_1_468' title='bbox 465 4127 576 4196; x_wconf 75' lang='lat' dir='ltr'><strong>Ego</strong></span> <span class='ocrx_word' id='word_1_469' title='bbox 611 4142 744 4182; x_wconf 84' lang='lat' dir='ltr'><strong>sane</strong></span> <span class='ocrx_word' id='word_1_470' title='bbox 785 4143 1170 4198; x_wconf 89' lang='lat' dir='ltr'><strong>nonnunquam</strong></span> <span class='ocrx_word' id='word_1_471' title='bbox 1205 4129 1256 4183; x_wconf 87' lang='lat' dir='ltr'><strong>itt</strong></span> <span class='ocrx_word' id='word_1_472' title='bbox 1292 4132 1532 4200; x_wconf 84' lang='lat' dir='ltr'><strong>cogitatu</strong></span> <span class='ocrx_word' id='word_1_473' title='bbox 1573 4132 1675 4185; x_wconf 89' lang='lat' dir='ltr'><strong>isto</strong></span> <span class='ocrx_word' id='word_1_474' title='bbox 1699 4131 1922 4193; x_wconf 86' lang='lat' dir='ltr'><strong>adveni;</strong></span> <span class='ocrx_word' id='word_1_475' title='bbox 1956 4144 2048 4183; x_wconf 88' lang='lat' dir='ltr'><strong>ve-</strong></span> 
     </span>
    </p>
   </div>
   <div class='ocr_carea' id='block_1_59' title="bbox 466 4220 2046 4289">
    <p class='ocr_par' dir='ltr' id='par_1_59' title="bbox 466 4220 2046 4289">
     <span class='ocr_line' id='line_1_59' title="bbox 466 4220 2046 4289; baseline 0.001 -17"><span class='ocrx_word' id='word_1_476' title='bbox 466 4220 577 4274; x_wconf 89' lang='lat' dir='ltr'><strong>nite</strong></span> <span class='ocrx_word' id='word_1_477' title='bbox 630 4230 685 4274; x_wconf 84' lang='lat' dir='ltr'><strong>et</strong></span> <span class='ocrx_word' id='word_1_478' title='bbox 715 4236 809 4275; x_wconf 86' lang='lat' dir='ltr'><strong>vos</strong></span> <span class='ocrx_word' id='word_1_479' title='bbox 864 4222 930 4274; x_wconf 93' lang='lat' dir='ltr'><strong>ad</strong></span> <span class='ocrx_word' id='word_1_480' title='bbox 972 4221 1334 4289; x_wconf 84' lang='lat' dir='ltr'><strong>suspicionem</strong></span> <span class='ocrx_word' id='word_1_481' title='bbox 1373 4222 1566 4276; x_wconf 86' lang='lat' dir='ltr'><strong>bonam</strong></span> <span class='ocrx_word' id='word_1_482' title='bbox 1605 4238 1618 4274; x_wconf 89' lang='lat'><strong>:</strong></span> <span class='ocrx_word' id='word_1_483' title='bbox 1659 4237 1798 4289; x_wconf 67' lang='lat' dir='ltr'><strong>saepe</strong></span> <span class='ocrx_word' id='word_1_484' title='bbox 1823 4222 1966 4274; x_wconf 87' lang='lat' dir='ltr'><strong>cnint</strong></span> <span class='ocrx_word' id='word_1_485' title='bbox 2017 4236 2046 4274; x_wconf 92' lang='lat' dir='ltr'><strong>a</strong></span> 
     </span>
    </p>
   </div>
   <div class='ocr_carea' id='block_1_60' title="bbox 465 4312 2045 4383">
    <p class='ocr_par' dir='ltr' id='par_1_60' title="bbox 465 4312 2045 4383">
     <span class='ocr_line' id='line_1_60' title="bbox 465 4312 2045 4383; baseline 0.001 -17"><span class='ocrx_word' id='word_1_486' title='bbox 465 4313 669 4368; x_wconf 86' lang='lat' dir='ltr'><strong>sanctis</strong></span> <span class='ocrx_word' id='word_1_487' title='bbox 698 4312 1002 4383; x_wconf 89' lang='lat' dir='ltr'><strong>Evangeliis</strong></span> <span class='ocrx_word' id='word_1_488' title='bbox 1053 4322 1106 4366; x_wconf 89' lang='lat' dir='ltr'><strong>et</strong></span> <span class='ocrx_word' id='word_1_489' title='bbox 1142 4329 1269 4368; x_wconf 90' lang='lat' dir='ltr'><strong>vere</strong></span> <span class='ocrx_word' id='word_1_490' title='bbox 1317 4313 1516 4369; x_wconf 89' lang='lat' dir='ltr'><strong>divinis</strong></span> <span class='ocrx_word' id='word_1_491' title='bbox 1556 4315 1622 4369; x_wconf 92' lang='lat' dir='ltr'><strong>de</strong></span> <span class='ocrx_word' id='word_1_492' title='bbox 1655 4315 1880 4368; x_wconf 89' lang='lat' dir='ltr'><strong>Domino</strong></span> <span class='ocrx_word' id='word_1_493' title='bbox 1921 4313 2045 4368; x_wconf 82' lang='lat' dir='ltr'><strong>Jesu</strong></span> 
     </span>
    </p>
   </div>
   <div class='ocr_carea' id='block_1_61' title="bbox 466 4403 2046 4464">
    <p class='ocr_par' dir='ltr' id='par_1_61' title="bbox 466 4403 2046 4464">
     <span class='ocr_line' id='line_1_61' title="bbox 466 4403 2046 4464; baseline 0.001 -6"><span class='ocrx_word' id='word_1_494' title='bbox 466 4405 708 4464; x_wconf 86' lang='lat' dir='ltr'><strong>audiens.</strong></span> <span class='ocrx_word' id='word_1_495' title='bbox 743 4404 982 4458; x_wconf 91' lang='lat' dir='ltr'><strong>auditum</strong></span> <span class='ocrx_word' id='word_1_496' title='bbox 1006 4406 1072 4458; x_wconf 93' lang='lat' dir='ltr'><strong>ad</strong></span> <span class='ocrx_word' id='word_1_497' title='bbox 1107 4403 1281 4458; x_wconf 88' lang='lat' dir='ltr'><strong>visum</strong></span> <span class='ocrx_word' id='word_1_498' title='bbox 1309 4405 1551 4460; x_wconf 87' lang='lat' dir='ltr'><strong>converti</strong></span> <span class='ocrx_word' id='word_1_499' title='bbox 1585 4407 1874 4460; x_wconf 90' lang='lat' dir='ltr'><strong>:videbant</strong></span> <span class='ocrx_word' id='word_1_500' title='bbox 1902 4407 2046 4460; x_wconf 92' lang='lat' dir='ltr'><strong>enim</strong></span> 
     </span>
    </p>
   </div>
   <div class='ocr_carea' id='block_1_62' title="bbox 2138 1925 3719 1989">
    <p class='ocr_par' dir='ltr' id='par_1_62' title="bbox 2138 1925 3719 1989">
     <span class='ocr_line' id='line_1_62' title="bbox 2138 1925 3719 1989; baseline -0.008 0"><span class='ocrx_word' id='word_1_501' title='bbox 2138 1937 2207 1989; x_wconf 85' lang='lat' dir='ltr'><strong>ad</strong></span> <span class='ocrx_word' id='word_1_502' title='bbox 2233 1938 2729 1989; x_wconf 73' lang='lat' dir='ltr'><strong>conmittmationem</strong></span> <span class='ocrx_word' id='word_1_503' title='bbox 2757 1933 2937 1987; x_wconf 69' lang='lat' dir='ltr'><strong>amuli</strong></span> <span class='ocrx_word' id='word_1_504' title='bbox 2962 1933 3027 1984; x_wconf 73' lang='grc'><strong>⁸³.</strong></span> <span class='ocrx_word' id='word_1_505' title='bbox 3055 1931 3220 1984; x_wconf 82' lang='lat' dir='ltr'><strong>Adest</strong></span> <span class='ocrx_word' id='word_1_506' title='bbox 3252 1929 3512 1984; x_wconf 86' lang='lat' dir='ltr'><strong>Dominus</strong></span> <span class='ocrx_word' id='word_1_507' title='bbox 3550 1925 3593 1980; x_wconf 87' lang='lat' dir='ltr'><strong>si</strong></span> <span class='ocrx_word' id='word_1_508' title='bbox 3623 1925 3719 1978; x_wconf 81' lang='lat' dir='ltr'><strong>ha-</strong></span> 
     </span>
    </p>
   </div>
   <div class='ocr_carea' id='block_1_63' title="bbox 2139 2019 3718 2095">
    <p class='ocr_par' dir='ltr' id='par_1_63' title="bbox 2139 2019 3718 2095">
     <span class='ocr_line' id='line_1_63' title="bbox 2139 2019 3718 2095; baseline -0.011 -10"><span class='ocrx_word' id='word_1_509' title='bbox 2139 2033 2232 2086; x_wconf 90' lang='lat' dir='ltr'><strong>bes</strong></span> <span class='ocrx_word' id='word_1_510' title='bbox 2259 2031 2462 2094; x_wconf 89' lang='lat' dir='ltr'><strong>oculos,</strong></span> <span class='ocrx_word' id='word_1_511' title='bbox 2490 2039 2543 2084; x_wconf 92' lang='lat' dir='ltr'><strong>et</strong></span> <span class='ocrx_word' id='word_1_512' title='bbox 2570 2037 2861 2095; x_wconf 87' lang='lat' dir='ltr'><strong>antequam</strong></span> <span class='ocrx_word' id='word_1_513' title='bbox 2899 2024 3087 2078; x_wconf 90' lang='lat' dir='ltr'><strong>audias</strong></span> <span class='ocrx_word' id='word_1_514' title='bbox 3119 2022 3287 2075; x_wconf 82' lang='lat' dir='ltr'><strong>vides.</strong></span> <span class='ocrx_word' id='word_1_515' title='bbox 3316 2019 3371 2073; x_wconf 89' lang='lat' dir='ltr'><strong>Si</strong></span> <span class='ocrx_word' id='word_1_516' title='bbox 3404 2027 3582 2070; x_wconf 89' lang='lat' dir='ltr'><strong>autent</strong></span> <span class='ocrx_word' id='word_1_517' title='bbox 3608 2029 3718 2068; x_wconf 90' lang='lat' dir='ltr'><strong>non</strong></span> 
     </span>
    </p>
   </div>
   <div class='ocr_carea' id='block_1_64' title="bbox 2139 2106 3720 2187">
    <p class='ocr_par' dir='ltr' id='par_1_64' title="bbox 2139 2106 3720 2187">
     <span class='ocr_line' id='line_1_64' title="bbox 2139 2106 3720 2187; baseline -0.01 -13"><span class='ocrx_word' id='word_1_518' title='bbox 2139 2123 2286 2176; x_wconf 86' lang='lat' dir='ltr'><strong>vides</strong></span> <span class='ocrx_word' id='word_1_519' title='bbox 2315 2136 2344 2174; x_wconf 91' lang='lat' dir='ltr'><strong>a</strong></span> <span class='ocrx_word' id='word_1_520' title='bbox 2373 2120 2690 2187; x_wconf 75' lang='lat' dir='ltr'><strong>‘temetipso,</strong></span> <span class='ocrx_word' id='word_1_521' title='bbox 2744 2129 2963 2171; x_wconf 88' lang='lat' dir='ltr'><strong>movere</strong></span> <span class='ocrx_word' id='word_1_522' title='bbox 2983 2130 3105 2168; x_wconf 90' lang='lat' dir='ltr'><strong>cum</strong></span> <span class='ocrx_word' id='word_1_523' title='bbox 3137 2128 3201 2166; x_wconf 91' lang='lat' dir='ltr'><strong>eo</strong></span> <span class='ocrx_word' id='word_1_524' title='bbox 3245 2109 3337 2180; x_wconf 90' lang='lat' dir='ltr'><strong>qui</strong></span> <span class='ocrx_word' id='word_1_525' title='bbox 3374 2106 3632 2169; x_wconf 89' lang='lat' dir='ltr'><strong>ostendit,</strong></span> <span class='ocrx_word' id='word_1_526' title='bbox 3664 2113 3720 2159; x_wconf 91' lang='lat' dir='ltr'><strong>et</strong></span> 
     </span>
    </p>
   </div>
   <div class='ocr_carea' id='block_1_65' title="bbox 2139 2196 3716 2265">
    <p class='ocr_par' dir='ltr' id='par_1_65' title="bbox 2139 2196 3716 2265">
     <span class='ocr_line' id='line_1_65' title="bbox 2139 2196 3716 2265; baseline -0.011 -2"><span class='ocrx_word' id='word_1_527' title='bbox 2139 2211 2364 2265; x_wconf 89' lang='lat' dir='ltr'><strong>videbis.</strong></span> <span class='ocrx_word' id='word_1_528' title='bbox 2399 2208 2455 2263; x_wconf 93' lang='lat' dir='ltr'><strong>Si</strong></span> <span class='ocrx_word' id='word_1_529' title='bbox 2489 2217 2669 2262; x_wconf 87' lang='lat' dir='ltr'><strong>autem</strong></span> <span class='ocrx_word' id='word_1_530' title='bbox 2698 2216 2753 2261; x_wconf 91' lang='lat' dir='ltr'><strong>et</strong></span> <span class='ocrx_word' id='word_1_531' title='bbox 2784 2221 2905 2259; x_wconf 90' lang='lat' dir='ltr'><strong>cum</strong></span> <span class='ocrx_word' id='word_1_532' title='bbox 2938 2215 3216 2258; x_wconf 92' lang='lat' dir='ltr'><strong>ostensum</strong></span> <span class='ocrx_word' id='word_1_533' title='bbox 3252 2199 3344 2253; x_wconf 91' lang='lat' dir='ltr'><strong>tibi</strong></span> <span class='ocrx_word' id='word_1_534' title='bbox 3387 2196 3554 2251; x_wconf 87' lang='lat' dir='ltr'><strong>fuerit</strong></span> <span class='ocrx_word' id='word_1_535' title='bbox 3604 2209 3716 2248; x_wconf 88' lang='lat' dir='ltr'><strong>non</strong></span> 
     </span>
    </p>
   </div>
   <div class='ocr_carea' id='block_1_66' title="bbox 2138 2284 3720 2367">
    <p class='ocr_par' dir='ltr' id='par_1_66' title="bbox 2138 2284 3720 2367">
     <span class='ocr_line' id='line_1_66' title="bbox 2138 2284 3720 2367; baseline -0.013 -10"><span class='ocrx_word' id='word_1_536' title='bbox 2138 2302 2312 2367; x_wconf 88' lang='lat' dir='ltr'><strong>vides,</strong></span> <span class='ocrx_word' id='word_1_537' title='bbox 2378 2301 2674 2355; x_wconf 89' lang='lat' dir='ltr'><strong>lamentare</strong></span> <span class='ocrx_word' id='word_1_538' title='bbox 2724 2297 3024 2352; x_wconf 69' lang='lat' dir='ltr'><strong>cmeitatent</strong></span> <span class='ocrx_word' id='word_1_539' title='bbox 3074 2304 3220 2346; x_wconf 91' lang='lat' dir='ltr'><strong>tuam</strong></span> <span class='ocrx_word' id='word_1_540' title='bbox 3273 2289 3516 2346; x_wconf 87' lang='lat' dir='ltr'><strong>debebis.</strong></span> <span class='ocrx_word' id='word_1_541' title='bbox 3564 2284 3720 2340; x_wconf 81' lang='lat' dir='ltr'><strong>Sicut</strong></span> 
     </span>
    </p>
   </div>
   <div class='ocr_carea' id='block_1_67' title="bbox 2139 2379 3720 2460">
    <p class='ocr_par' dir='ltr' id='par_1_67' title="bbox 2139 2379 3720 2460">
     <span class='ocr_line' id='line_1_67' title="bbox 2139 2379 3720 2460; baseline -0.011 -13"><span class='ocrx_word' id='word_1_542' title='bbox 2139 2393 2282 2447; x_wconf 89' lang='lat' dir='ltr'><strong>enim</strong></span> <span class='ocrx_word' id='word_1_543' title='bbox 2311 2405 2418 2445; x_wconf 92' lang='lat' dir='ltr'><strong>non</strong></span> <span class='ocrx_word' id='word_1_544' title='bbox 2444 2397 2621 2460; x_wconf 87' lang='lat' dir='ltr'><strong>potest</strong></span> <span class='ocrx_word' id='word_1_545' title='bbox 2643 2386 2831 2444; x_wconf 86' lang='lat' dir='ltr'><strong>oculus</strong></span> <span class='ocrx_word' id='word_1_546' title='bbox 2868 2388 2985 2440; x_wconf 92' lang='lat' dir='ltr'><strong>sine</strong></span> <span class='ocrx_word' id='word_1_547' title='bbox 3017 2384 3221 2438; x_wconf 90' lang='lat' dir='ltr'><strong>lumine</strong></span> <span class='ocrx_word' id='word_1_548' title='bbox 3250 2381 3453 2442; x_wconf 86' lang='lat' dir='ltr'><strong>videre,</strong></span> <span class='ocrx_word' id='word_1_549' title='bbox 3487 2379 3559 2432; x_wconf 84' lang='lat' dir='ltr'><strong>ita</strong></span> <span class='ocrx_word' id='word_1_550' title='bbox 3612 2390 3720 2430; x_wconf 93' lang='lat' dir='ltr'><strong>non</strong></span> 
     </span>
    </p>
   </div>
   <div class='ocr_carea' id='block_1_68' title="bbox 2139 2468 3722 2554">
    <p class='ocr_par' dir='ltr' id='par_1_68' title="bbox 2139 2468 3722 2554">
     <span class='ocr_line' id='line_1_68' title="bbox 2139 2468 3722 2554; baseline -0.013 -14"><span class='ocrx_word' id='word_1_551' title='bbox 2139 2494 2320 2554; x_wconf 89' lang='lat' dir='ltr'><strong>potest</strong></span> <span class='ocrx_word' id='word_1_552' title='bbox 2351 2497 2450 2538; x_wconf 89' lang='lat' dir='ltr'><strong>nec</strong></span> <span class='ocrx_word' id='word_1_553' title='bbox 2505 2495 2659 2535; x_wconf 91' lang='lat' dir='ltr'><strong>mens</strong></span> <span class='ocrx_word' id='word_1_554' title='bbox 2687 2479 2805 2534; x_wconf 90' lang='lat' dir='ltr'><strong>sine</strong></span> <span class='ocrx_word' id='word_1_555' title='bbox 2857 2478 2963 2532; x_wconf 88' lang='lat' dir='ltr'><strong>Deo</strong></span> <span class='ocrx_word' id='word_1_556' title='bbox 2992 2478 3210 2530; x_wconf 87' lang='lat' dir='ltr'><strong>vivere:</strong></span> <span class='ocrx_word' id='word_1_557' title='bbox 3248 2473 3482 2527; x_wconf 90' lang='lat' dir='ltr'><strong>celerius</strong></span> <span class='ocrx_word' id='word_1_558' title='bbox 3525 2468 3722 2537; x_wconf 86' lang='lat' dir='ltr'><strong>quippe</strong></span> 
     </span>
    </p>
   </div>
   <div class='ocr_carea' id='block_1_69' title="bbox 2142 2558 3721 2644">
    <p class='ocr_par' dir='ltr' id='par_1_69' title="bbox 2142 2558 3721 2644">
     <span class='ocr_line' id='line_1_69' title="bbox 2142 2558 3721 2644; baseline -0.015 -12"><span class='ocrx_word' id='word_1_559' title='bbox 2142 2576 2444 2632; x_wconf 85' lang='lat' dir='ltr'><strong>salvabitur</strong></span> <span class='ocrx_word' id='word_1_560' title='bbox 2475 2573 2644 2644; x_wconf 86' lang='lat' dir='ltr'><strong>piscis</strong></span> <span class='ocrx_word' id='word_1_561' title='bbox 2674 2571 2791 2625; x_wconf 90' lang='lat' dir='ltr'><strong>sine</strong></span> <span class='ocrx_word' id='word_1_562' title='bbox 2818 2585 2977 2638; x_wconf 89' lang='lat' dir='ltr'><strong>aqua,</strong></span> <span class='ocrx_word' id='word_1_563' title='bbox 3009 2583 3169 2636; x_wconf 85' lang='lat' dir='ltr'><strong>quant</strong></span> <span class='ocrx_word' id='word_1_564' title='bbox 3207 2566 3384 2619; x_wconf 88' lang='lat' dir='ltr'><strong>aninta</strong></span> <span class='ocrx_word' id='word_1_565' title='bbox 3415 2562 3532 2616; x_wconf 90' lang='lat' dir='ltr'><strong>sine</strong></span> <span class='ocrx_word' id='word_1_566' title='bbox 3563 2558 3721 2613; x_wconf 82' lang='lat' dir='ltr'><strong>Chri-</strong></span> 
     </span>
    </p>
   </div>
   <div class='ocr_carea' id='block_1_70' title="bbox 2141 2648 3718 2732">
    <p class='ocr_par' dir='ltr' id='par_1_70' title="bbox 2141 2648 3718 2732">
     <span class='ocr_line' id='line_1_70' title="bbox 2141 2648 3718 2732; baseline -0.012 -12"><span class='ocrx_word' id='word_1_567' title='bbox 2141 2677 2243 2720; x_wconf 88' lang='lat' dir='ltr'><strong>sto.</strong></span> <span class='ocrx_word' id='word_1_568' title='bbox 2264 2665 2402 2732; x_wconf 85' lang='lat' dir='ltr'><strong>Quid</strong></span> <span class='ocrx_word' id='word_1_569' title='bbox 2432 2663 2606 2732; x_wconf 76' lang='lat' dir='ltr'><strong>ergo?</strong></span> <span class='ocrx_word' id='word_1_570' title='bbox 2635 2660 2771 2714; x_wconf 85' lang='lat' dir='ltr'><strong>Num</strong></span> <span class='ocrx_word' id='word_1_571' title='bbox 2800 2675 2904 2712; x_wconf 92' lang='lat' dir='ltr'><strong>non</strong></span> <span class='ocrx_word' id='word_1_572' title='bbox 2955 2658 3141 2712; x_wconf 85' lang='lat' dir='ltr'><strong>vivunt</strong></span> <span class='ocrx_word' id='word_1_573' title='bbox 3163 2655 3409 2727; x_wconf 78' lang='lat' dir='ltr'><strong>gentiles,</strong></span> <span class='ocrx_word' id='word_1_574' title='bbox 3442 2662 3495 2706; x_wconf 91' lang='lat' dir='ltr'><strong>et</strong></span> <span class='ocrx_word' id='word_1_575' title='bbox 3526 2648 3718 2712; x_wconf 66' lang='lat' dir='ltr'><strong>Judaei,</strong></span> 
     </span>
    </p>
   </div>
   <div class='ocr_carea' id='block_1_71' title="bbox 2142 2745 3718 2822">
    <p class='ocr_par' dir='ltr' id='par_1_71' title="bbox 2142 2745 3718 2822">
     <span class='ocr_line' id='line_1_71' title="bbox 2142 2745 3718 2822; baseline -0.013 -10"><span class='ocrx_word' id='word_1_576' title='bbox 2142 2770 2193 2812; x_wconf 91' lang='lat' dir='ltr'><strong>et</strong></span> <span class='ocrx_word' id='word_1_577' title='bbox 2221 2756 2498 2812; x_wconf 61' lang='lat' dir='ltr'><strong>haeretici?</strong></span> <span class='ocrx_word' id='word_1_578' title='bbox 2530 2754 2802 2819; x_wconf 84' lang='lat' dir='ltr'><strong>Permitte,</strong></span> <span class='ocrx_word' id='word_1_579' title='bbox 2830 2753 3028 2822; x_wconf 87' lang='lat' dir='ltr'><strong>inquit,</strong></span> <span class='ocrx_word' id='word_1_580' title='bbox 3079 2757 3314 2801; x_wconf 75' lang='lat' dir='ltr'><strong>mortuos</strong></span> <span class='ocrx_word' id='word_1_581' title='bbox 3345 2745 3561 2811; x_wconf 75' lang='lat' dir='ltr'><strong>sepelire</strong></span> <span class='ocrx_word' id='word_1_582' title='bbox 3597 2756 3718 2794; x_wconf 77' lang='lat' dir='ltr'><strong>suos</strong></span> 
     </span>
    </p>
   </div>
   <div class='ocr_carea' id='block_1_72' title="bbox 2142 2832 3719 2911">
    <p class='ocr_par' dir='ltr' id='par_1_72' title="bbox 2142 2832 3719 2911">
     <span class='ocr_line' id='line_1_72' title="bbox 2142 2832 3719 2911; baseline -0.013 -8"><span class='ocrx_word' id='word_1_583' title='bbox 2142 2862 2374 2903; x_wconf 83' lang='lat' dir='ltr'><strong>mortuos</strong></span> <span class='ocrx_word' id='word_1_584' title='bbox 2399 2851 2468 2900; x_wconf 71' lang='grc' dir='ltr'><strong>ν’.</strong></span> <span class='ocrx_word' id='word_1_585' title='bbox 2504 2847 2661 2901; x_wconf 83' lang='lat' dir='ltr'><strong>Venit</strong></span> <span class='ocrx_word' id='word_1_586' title='bbox 2695 2845 2832 2900; x_wconf 91' lang='lat' dir='ltr'><strong>Deus</strong></span> <span class='ocrx_word' id='word_1_587' title='bbox 2857 2851 3152 2911; x_wconf 83' lang='lat' dir='ltr'><strong>apportans</strong></span> <span class='ocrx_word' id='word_1_588' title='bbox 3193 2837 3523 2899; x_wconf 88' lang='lat' dir='ltr'><strong>hominibus,</strong></span> <span class='ocrx_word' id='word_1_589' title='bbox 3583 2832 3719 2901; x_wconf 88' lang='lat' dir='ltr'><strong>quod</strong></span> 
     </span>
    </p>
   </div>
   <div class='ocr_carea' id='block_1_73' title="bbox 2145 2930 3718 3014">
    <p class='ocr_par' dir='ltr' id='par_1_73' title="bbox 2145 2930 3718 2996">
     <span class='ocr_line' id='line_1_73' title="bbox 2145 2930 3718 2996; baseline -0.015 0"><span class='ocrx_word' id='word_1_590' title='bbox 2145 2942 2320 2996; x_wconf 88' lang='lat' dir='ltr'><strong>nullus</strong></span> <span class='ocrx_word' id='word_1_591' title='bbox 2349 2941 2629 2994; x_wconf 87' lang='lat' dir='ltr'><strong>hominum</strong></span> <span class='ocrx_word' id='word_1_592' title='bbox 2664 2937 2926 2990; x_wconf 76' lang='lat' dir='ltr'><strong>adduxit:</strong></span> <span class='ocrx_word' id='word_1_593' title='bbox 2959 2949 3063 2988; x_wconf 92' lang='lat' dir='ltr'><strong>non</strong></span> <span class='ocrx_word' id='word_1_594' title='bbox 3105 2930 3247 2986; x_wconf 89' lang='lat' dir='ltr'><strong>enim</strong></span> <span class='ocrx_word' id='word_1_595' title='bbox 3295 2936 3410 2982; x_wconf 88' lang='lat' dir='ltr'><strong>erat</strong></span> <span class='ocrx_word' id='word_1_596' title='bbox 3444 2938 3718 2980; x_wconf 92' lang='lat' dir='ltr'><strong>servorum</strong></span> 
     </span>
    </p>
   </div>
   <div class='ocr_carea' id='block_1_74' title="bbox 2146 3019 3717 3103">
    <p class='ocr_par' dir='ltr' id='par_1_74' title="bbox 2146 3019 3717 3103">
     <span class='ocr_line' id='line_1_74' title="bbox 2146 3019 3717 3103; baseline -0.013 -14"><span class='ocrx_word' id='word_1_597' title='bbox 2146 3049 2338 3103; x_wconf 83' lang='lat' dir='ltr'><strong>magna</strong></span> <span class='ocrx_word' id='word_1_598' title='bbox 2371 3037 2594 3094; x_wconf 89' lang='lat' dir='ltr'><strong>donare,</strong></span> <span class='ocrx_word' id='word_1_599' title='bbox 2627 3030 2719 3084; x_wconf 91' lang='lat' dir='ltr'><strong>sed</strong></span> <span class='ocrx_word' id='word_1_600' title='bbox 2753 3042 3031 3083; x_wconf 89' lang='lat' dir='ltr'><strong>servorum</strong></span> <span class='ocrx_word' id='word_1_601' title='bbox 3081 3033 3202 3079; x_wconf 90' lang='lat' dir='ltr'><strong>erat</strong></span> <span class='ocrx_word' id='word_1_602' title='bbox 3234 3021 3397 3091; x_wconf 81' lang='lat' dir='ltr'><strong>Regis</strong></span> <span class='ocrx_word' id='word_1_603' title='bbox 3433 3019 3717 3074; x_wconf 81' lang='lat' dir='ltr'><strong>adventum</strong></span> 
     </span>
    </p>
   </div>
   <div class='ocr_carea' id='block_1_75' title="bbox 2147 3108 3718 3186">
    <p class='ocr_par' dir='ltr' id='par_1_75' title="bbox 2147 3108 3718 3186">
     <span class='ocr_line' id='line_1_75' title="bbox 2147 3108 3718 3186; baseline -0.012 -6"><span class='ocrx_word' id='word_1_604' title='bbox 2147 3126 2515 3180; x_wconf 87' lang='lat' dir='ltr'><strong>annuntiare:</strong></span> <span class='ocrx_word' id='word_1_605' title='bbox 2549 3123 2750 3177; x_wconf 90' lang='lat' dir='ltr'><strong>donare</strong></span> <span class='ocrx_word' id='word_1_606' title='bbox 2780 3128 2962 3174; x_wconf 91' lang='lat' dir='ltr'><strong>autem</strong></span> <span class='ocrx_word' id='word_1_607' title='bbox 3002 3117 3169 3186; x_wconf 91' lang='lat' dir='ltr'><strong>ipsius</strong></span> <span class='ocrx_word' id='word_1_608' title='bbox 3216 3124 3334 3169; x_wconf 89' lang='lat' dir='ltr'><strong>erat</strong></span> <span class='ocrx_word' id='word_1_609' title='bbox 3365 3111 3555 3182; x_wconf 77' lang='lat' dir='ltr'><strong>Regis;</strong></span> <span class='ocrx_word' id='word_1_610' title='bbox 3599 3108 3718 3163; x_wconf 91' lang='lat' dir='ltr'><strong>ideo</strong></span> 
     </span>
    </p>
   </div>
   <div class='ocr_carea' id='block_1_76' title="bbox 2146 3197 3722 3284">
    <p class='ocr_par' dir='ltr' id='par_1_76' title="bbox 2146 3197 3722 3284">
     <span class='ocr_line' id='line_1_76' title="bbox 2146 3197 3722 3284; baseline -0.011 -15"><span class='ocrx_word' id='word_1_611' title='bbox 2146 3224 2200 3269; x_wconf 92' lang='lat' dir='ltr'><strong>et</strong></span> <span class='ocrx_word' id='word_1_612' title='bbox 2229 3227 2594 3284; x_wconf 78' lang='lat' dir='ltr'><strong>przeeursores</strong></span> <span class='ocrx_word' id='word_1_613' title='bbox 2621 3211 2874 3266; x_wconf 89' lang='lat' dir='ltr'><strong>dicebant</strong></span> <span class='ocrx_word' id='word_1_614' title='bbox 2903 3227 2915 3261; x_wconf 95' lang='lat'>:</span> <span class='ocrx_word' id='word_1_615' title='bbox 2947 3208 3166 3262; x_wconf 81' lang='lat' dir='ltr'><strong>Veniet.</strong></span> <span class='ocrx_word' id='word_1_616' title='bbox 3190 3204 3302 3274; x_wconf 88' lang='lat' dir='ltr'><strong>Ipse</strong></span> <span class='ocrx_word' id='word_1_617' title='bbox 3330 3212 3506 3256; x_wconf 89' lang='lat' dir='ltr'><strong>autem</strong></span> <span class='ocrx_word' id='word_1_618' title='bbox 3527 3198 3615 3269; x_wconf 90' lang='lat' dir='ltr'><strong>qui</strong></span> <span class='ocrx_word' id='word_1_619' title='bbox 3641 3197 3722 3252; x_wconf 88' lang='lat' dir='ltr'><strong>lo-</strong></span> 
     </span>
    </p>
   </div>
   <div class='ocr_carea' id='block_1_77' title="bbox 2145 3288 3721 3376">
    <p class='ocr_par' dir='ltr' id='par_1_77' title="bbox 2145 3288 3721 3376">
     <span class='ocr_line' id='line_1_77' title="bbox 2145 3288 3721 3376; baseline -0.011 -17"><span class='ocrx_word' id='word_1_620' title='bbox 2145 3307 2410 3376; x_wconf 89' lang='lat' dir='ltr'><strong>quebatur</strong></span> <span class='ocrx_word' id='word_1_621' title='bbox 2467 3303 2762 3357; x_wconf 85' lang='lat' dir='ltr'><strong>adveniens</strong></span> <span class='ocrx_word' id='word_1_622' title='bbox 2822 3300 3087 3355; x_wconf 90' lang='lat' dir='ltr'><strong>donavit:</strong></span> <span class='ocrx_word' id='word_1_623' title='bbox 3146 3312 3244 3366; x_wconf 87' lang='lat' dir='ltr'><strong>per</strong></span> <span class='ocrx_word' id='word_1_624' title='bbox 3311 3293 3528 3363; x_wconf 77' lang='lat' dir='ltr'><strong>Moysen</strong></span> <span class='ocrx_word' id='word_1_625' title='bbox 3575 3288 3721 3344; x_wconf 90' lang='lat' dir='ltr'><strong>enim</strong></span> 
     </span>
    </p>
   </div>
   <div class='ocr_carea' id='block_1_78' title="bbox 2145 3387 3725 3460">
    <p class='ocr_par' dir='ltr' id='par_1_78' title="bbox 2145 3387 3725 3460">
     <span class='ocr_line' id='line_1_78' title="bbox 2145 3387 3725 3460; baseline -0.011 -8"><span class='ocrx_word' id='word_1_626' title='bbox 2145 3398 2267 3452; x_wconf 89' lang='lat' dir='ltr'><strong>data</strong></span> <span class='ocrx_word' id='word_1_627' title='bbox 2291 3407 2372 3452; x_wconf 90' lang='lat' dir='ltr'><strong>est</strong></span> <span class='ocrx_word' id='word_1_628' title='bbox 2403 3399 2510 3460; x_wconf 78' lang='lat' dir='ltr'><strong>les,</strong></span> <span class='ocrx_word' id='word_1_629' title='bbox 2543 3393 2635 3448; x_wconf 89' lang='lat' dir='ltr'><strong>sed</strong></span> <span class='ocrx_word' id='word_1_630' title='bbox 2678 3393 2812 3446; x_wconf 93' lang='lat' dir='ltr'><strong>nihil</strong></span> <span class='ocrx_word' id='word_1_631' title='bbox 2858 3392 3058 3446; x_wconf 87' lang='lat' dir='ltr'><strong>factum</strong></span> <span class='ocrx_word' id='word_1_632' title='bbox 3098 3400 3217 3455; x_wconf 88' lang='lat' dir='ltr'><strong>est;</strong></span> <span class='ocrx_word' id='word_1_633' title='bbox 3253 3387 3425 3457; x_wconf 83' lang='lat' dir='ltr'><strong>gratia</strong></span> <span class='ocrx_word' id='word_1_634' title='bbox 3456 3391 3634 3436; x_wconf 90' lang='lat' dir='ltr'><strong>autem</strong></span> <span class='ocrx_word' id='word_1_635' title='bbox 3669 3387 3725 3435; x_wconf 85' lang='lat' dir='ltr'><strong>et</strong></span> 
     </span>
    </p>
   </div>
   <div class='ocr_carea' id='block_1_79' title="bbox 2145 3472 3726 3548">
    <p class='ocr_par' dir='ltr' id='par_1_79' title="bbox 2145 3472 3726 3548">
     <span class='ocr_line' id='line_1_79' title="bbox 2145 3472 3726 3548; baseline -0.013 -6"><span class='ocrx_word' id='word_1_636' title='bbox 2145 3490 2346 3544; x_wconf 89' lang='lat' dir='ltr'><strong>veritas</strong></span> <span class='ocrx_word' id='word_1_637' title='bbox 2371 3505 2474 3543; x_wconf 94' lang='lat' dir='ltr'><strong>non</strong></span> <span class='ocrx_word' id='word_1_638' title='bbox 2503 3488 2623 3541; x_wconf 88' lang='lat' dir='ltr'><strong>data</strong></span> <span class='ocrx_word' id='word_1_639' title='bbox 2657 3495 2759 3548; x_wconf 76' lang='lat' dir='ltr'><strong>eat,</strong></span> <span class='ocrx_word' id='word_1_640' title='bbox 2785 3484 2876 3539; x_wconf 89' lang='lat' dir='ltr'><strong>sed</strong></span> <span class='ocrx_word' id='word_1_641' title='bbox 2905 3483 3043 3536; x_wconf 86' lang='lat' dir='ltr'><strong>facta</strong></span> <span class='ocrx_word' id='word_1_642' title='bbox 3071 3488 3172 3545; x_wconf 90' lang='lat' dir='ltr'><strong>est,</strong></span> <span class='ocrx_word' id='word_1_643' title='bbox 3201 3487 3255 3533; x_wconf 90' lang='lat' dir='ltr'><strong>et</strong></span> <span class='ocrx_word' id='word_1_644' title='bbox 3284 3476 3542 3532; x_wconf 76' lang='lat' dir='ltr'><strong>correxit.</strong></span> <span class='ocrx_word' id='word_1_645' title='bbox 3573 3472 3726 3526; x_wconf 90' lang='lat' dir='ltr'><strong>Sicut</strong></span> 
     </span>
    </p>
   </div>
   <div class='ocr_carea' id='block_1_80' title="bbox 2146 3570 3727 3646">
    <p class='ocr_par' dir='ltr' id='par_1_80' title="bbox 2146 3570 3727 3646">
     <span class='ocr_line' id='line_1_80' title="bbox 2146 3570 3727 3646; baseline -0.015 -9"><span class='ocrx_word' id='word_1_646' title='bbox 2146 3583 2289 3637; x_wconf 91' lang='lat' dir='ltr'><strong>enim</strong></span> <span class='ocrx_word' id='word_1_647' title='bbox 2325 3580 2516 3634; x_wconf 90' lang='lat' dir='ltr'><strong>mulier</strong></span> <span class='ocrx_word' id='word_1_648' title='bbox 2548 3579 2633 3632; x_wconf 85' lang='lat' dir='ltr'><strong>illa</strong></span> <span class='ocrx_word' id='word_1_649' title='bbox 2661 3592 2780 3646; x_wconf 73' lang='lat' dir='ltr'><strong>qua:</strong></span> <span class='ocrx_word' id='word_1_650' title='bbox 2821 3575 3023 3629; x_wconf 83' lang='lat' dir='ltr'><strong>fontem</strong></span> <span class='ocrx_word' id='word_1_651' title='bbox 3081 3570 3360 3641; x_wconf 86' lang='lat' dir='ltr'><strong>sanguinis</strong></span> <span class='ocrx_word' id='word_1_652' title='bbox 3410 3574 3599 3622; x_wconf 86' lang='lat' dir='ltr'><strong>contra</strong></span> <span class='ocrx_word' id='word_1_653' title='bbox 3629 3577 3727 3615; x_wconf 81' lang='lat' dir='ltr'><strong>na-</strong></span> 
     </span>
    </p>
   </div>
   <div class='ocr_carea' id='block_1_81' title="bbox 2147 3654 3726 3739">
    <p class='ocr_par' dir='ltr' id='par_1_81' title="bbox 2147 3654 3726 3739">
     <span class='ocr_line' id='line_1_81' title="bbox 2147 3654 3726 3739; baseline -0.013 -12"><span class='ocrx_word' id='word_1_654' title='bbox 2147 3685 2322 3728; x_wconf 88' lang='lat' dir='ltr'><strong>turam</strong></span> <span class='ocrx_word' id='word_1_655' title='bbox 2343 3673 2599 3735; x_wconf 87' lang='lat' dir='ltr'><strong>habebat,</strong></span> <span class='ocrx_word' id='word_1_656' title='bbox 2619 3669 2840 3739; x_wconf 87' lang='lat' dir='ltr'><strong>fatigata</strong></span> <span class='ocrx_word' id='word_1_657' title='bbox 2866 3679 2950 3722; x_wconf 88' lang='lat' dir='ltr'><strong>est</strong></span> <span class='ocrx_word' id='word_1_658' title='bbox 2984 3665 3220 3720; x_wconf 86' lang='lat' dir='ltr'><strong>medelas</strong></span> <span class='ocrx_word' id='word_1_659' title='bbox 3244 3661 3524 3717; x_wconf 91' lang='lat' dir='ltr'><strong>hominum</strong></span> <span class='ocrx_word' id='word_1_660' title='bbox 3559 3654 3726 3711; x_wconf 81' lang='lat' dir='ltr'><strong>susti-</strong></span> 
     </span>
    </p>
   </div>
   <div class='ocr_carea' id='block_1_82' title="bbox 2149 3747 3725 3832">
    <p class='ocr_par' dir='ltr' id='par_1_82' title="bbox 2149 3747 3725 3832">
     <span class='ocr_line' id='line_1_82' title="bbox 2149 3747 3725 3832; baseline -0.012 -15"><span class='ocrx_word' id='word_1_661' title='bbox 2149 3778 2314 3825; x_wconf 87' lang='lat' dir='ltr'><strong>nens;</strong></span> <span class='ocrx_word' id='word_1_662' title='bbox 2349 3762 2552 3832; x_wconf 80' lang='lat' dir='ltr'><strong>profuit</strong></span> <span class='ocrx_word' id='word_1_663' title='bbox 2583 3771 2766 3814; x_wconf 89' lang='lat' dir='ltr'><strong>antent</strong></span> <span class='ocrx_word' id='word_1_664' title='bbox 2800 3758 2848 3811; x_wconf 90' lang='lat' dir='ltr'><strong>ei</strong></span> <span class='ocrx_word' id='word_1_665' title='bbox 2878 3755 3034 3818; x_wconf 93' lang='lat' dir='ltr'><strong>nihil,</strong></span> <span class='ocrx_word' id='word_1_666' title='bbox 3063 3753 3154 3808; x_wconf 90' lang='lat' dir='ltr'><strong>sed</strong></span> <span class='ocrx_word' id='word_1_667' title='bbox 3203 3747 3574 3806; x_wconf 88' lang='lat' dir='ltr'><strong>tantummodo</strong></span> <span class='ocrx_word' id='word_1_668' title='bbox 3596 3761 3725 3801; x_wconf 90' lang='lat' dir='ltr'><strong>con-</strong></span> 
     </span>
    </p>
   </div>
   <div class='ocr_carea' id='block_1_83' title="bbox 2148 3836 3723 3920">
    <p class='ocr_par' dir='ltr' id='par_1_83' title="bbox 2148 3836 3723 3920">
     <span class='ocr_line' id='line_1_83' title="bbox 2148 3836 3723 3920; baseline -0.014 -11"><span class='ocrx_word' id='word_1_669' title='bbox 2148 3866 2462 3909; x_wconf 88' lang='lat' dir='ltr'><strong>sumenatur</strong></span> <span class='ocrx_word' id='word_1_670' title='bbox 2489 3863 2540 3904; x_wconf 89' lang='lat' dir='ltr'><strong>et</strong></span> <span class='ocrx_word' id='word_1_671' title='bbox 2567 3864 2796 3920; x_wconf 89' lang='lat' dir='ltr'><strong>corpore</strong></span> <span class='ocrx_word' id='word_1_672' title='bbox 2835 3857 2889 3902; x_wconf 89' lang='lat' dir='ltr'><strong>et</strong></span> <span class='ocrx_word' id='word_1_673' title='bbox 2917 3843 3264 3900; x_wconf 88' lang='lat' dir='ltr'><strong>facultatibus</strong></span> <span class='ocrx_word' id='word_1_674' title='bbox 3293 3861 3306 3896; x_wconf 89' lang='lat'><strong>:</strong></span> <span class='ocrx_word' id='word_1_675' title='bbox 3337 3842 3408 3894; x_wconf 87' lang='lat' dir='ltr'><strong>ita</strong></span> <span class='ocrx_word' id='word_1_676' title='bbox 3426 3836 3723 3894; x_wconf 86' lang='lat' dir='ltr'><strong>secundum</strong></span> 
     </span>
    </p>
   </div>
   <div class='ocr_carea' id='block_1_84' title="bbox 2149 3926 3725 4002">
    <p class='ocr_par' dir='ltr' id='par_1_84' title="bbox 2149 3926 3725 4002">
     <span class='ocr_line' id='line_1_84' title="bbox 2149 3926 3725 4002; baseline -0.014 -2"><span class='ocrx_word' id='word_1_677' title='bbox 2149 3947 2377 4000; x_wconf 87' lang='lat' dir='ltr'><strong>formant</strong></span> <span class='ocrx_word' id='word_1_678' title='bbox 2420 3945 2578 3999; x_wconf 90' lang='lat' dir='ltr'><strong>istam</strong></span> <span class='ocrx_word' id='word_1_679' title='bbox 2612 3944 2844 3997; x_wconf 88' lang='lat' dir='ltr'><strong>humana</strong></span> <span class='ocrx_word' id='word_1_680' title='bbox 2876 3948 3068 3993; x_wconf 89' lang='lat' dir='ltr'><strong>natura</strong></span> <span class='ocrx_word' id='word_1_681' title='bbox 3099 3934 3372 4002; x_wconf 87' lang='lat' dir='ltr'><strong>accipiens</strong></span> <span class='ocrx_word' id='word_1_682' title='bbox 3401 3926 3664 3984; x_wconf 87' lang='lat' dir='ltr'><strong>medelam</strong></span> <span class='ocrx_word' id='word_1_683' title='bbox 3692 3937 3725 3977; x_wconf 68' lang='grc' dir='ltr'>ι</span> 
     </span>
    </p>
   </div>
   <div class='ocr_carea' id='block_1_85' title="bbox 2149 4027 3726 4108">
    <p class='ocr_par' dir='ltr' id='par_1_85' title="bbox 2149 4027 3726 4108">
     <span class='ocr_line' id='line_1_85' title="bbox 2149 4027 3726 4108; baseline -0.014 -16"><span class='ocrx_word' id='word_1_684' title='bbox 2149 4037 2425 4108; x_wconf 83' lang='lat' dir='ltr'><strong>prephetis</strong></span> <span class='ocrx_word' id='word_1_685' title='bbox 2451 4048 2504 4090; x_wconf 90' lang='lat' dir='ltr'><strong>et</strong></span> <span class='ocrx_word' id='word_1_686' title='bbox 2522 4033 2893 4089; x_wconf 83' lang='lat' dir='ltr'><strong>sacerdotibus</strong></span> <span class='ocrx_word' id='word_1_687' title='bbox 2918 4039 2971 4084; x_wconf 90' lang='lat' dir='ltr'><strong>et</strong></span> <span class='ocrx_word' id='word_1_688' title='bbox 3011 4045 3040 4083; x_wconf 88' lang='lat' dir='ltr'><strong>a</strong></span> <span class='ocrx_word' id='word_1_689' title='bbox 3073 4027 3187 4096; x_wconf 84' lang='lat' dir='ltr'><strong>lege</strong></span> <span class='ocrx_word' id='word_1_690' title='bbox 3222 4027 3355 4094; x_wconf 90' lang='lat' dir='ltr'><strong>ipsa,</strong></span> <span class='ocrx_word' id='word_1_691' title='bbox 3395 4037 3497 4076; x_wconf 91' lang='lat' dir='ltr'><strong>non</strong></span> <span class='ocrx_word' id='word_1_692' title='bbox 3522 4029 3605 4073; x_wconf 91' lang='lat' dir='ltr'><strong>est</strong></span> <span class='ocrx_word' id='word_1_693' title='bbox 3627 4033 3726 4072; x_wconf 88' lang='lat' dir='ltr'><strong>cu-</strong></span> 
     </span>
    </p>
   </div>
   <div class='ocr_carea' id='block_1_86' title="bbox 2148 4119 3729 4197">
    <p class='ocr_par' dir='ltr' id='par_1_86' title="bbox 2148 4119 3729 4197">
     <span class='ocr_line' id='line_1_86' title="bbox 2148 4119 3729 4197; baseline -0.014 -12"><span class='ocrx_word' id='word_1_694' title='bbox 2148 4143 2302 4195; x_wconf 88' lang='lat' dir='ltr'><strong>rata;</strong></span> <span class='ocrx_word' id='word_1_695' title='bbox 2337 4131 2430 4183; x_wconf 89' lang='lat' dir='ltr'><strong>sed</strong></span> <span class='ocrx_word' id='word_1_696' title='bbox 2483 4129 2529 4182; x_wconf 92' lang='lat' dir='ltr'><strong>is</strong></span> <span class='ocrx_word' id='word_1_697' title='bbox 2552 4128 2642 4197; x_wconf 90' lang='lat' dir='ltr'><strong>qui</strong></span> <span class='ocrx_word' id='word_1_698' title='bbox 2677 4126 2791 4179; x_wconf 83' lang='lat' dir='ltr'><strong>sine</strong></span> <span class='ocrx_word' id='word_1_699' title='bbox 2820 4123 2936 4193; x_wconf 88' lang='lat' dir='ltr'><strong>lege</strong></span> <span class='ocrx_word' id='word_1_700' title='bbox 2969 4131 3090 4176; x_wconf 89' lang='lat' dir='ltr'><strong>erat</strong></span> <span class='ocrx_word' id='word_1_701' title='bbox 3116 4119 3493 4187; x_wconf 84' lang='lat' dir='ltr'><strong>subingressus</strong></span> <span class='ocrx_word' id='word_1_702' title='bbox 3518 4123 3623 4175; x_wconf 90' lang='lat' dir='ltr'><strong>est,</strong></span> <span class='ocrx_word' id='word_1_703' title='bbox 3663 4119 3729 4164; x_wconf 84' lang='lat' dir='ltr'><strong>ut</strong></span> 
     </span>
    </p>
   </div>
   <div class='ocr_carea' id='block_1_87' title="bbox 2149 4200 3729 4288">
    <p class='ocr_par' dir='ltr' id='par_1_87' title="bbox 2149 4200 3729 4288">
     <span class='ocr_line' id='line_1_87' title="bbox 2149 4200 3729 4288; baseline -0.013 -13"><span class='ocrx_word' id='word_1_704' title='bbox 2149 4221 2451 4276; x_wconf 77' lang='lat' dir='ltr'><strong>abundaret</strong></span> <span class='ocrx_word' id='word_1_705' title='bbox 2485 4227 2788 4288; x_wconf 90' lang='lat' dir='ltr'><strong>peccatum.</strong></span> <span class='ocrx_word' id='word_1_706' title='bbox 2823 4213 2958 4280; x_wconf 83' lang='lat' dir='ltr'><strong>Quia</strong></span> <span class='ocrx_word' id='word_1_707' title='bbox 3012 4212 3172 4282; x_wconf 88' lang='lat' dir='ltr'><strong>igitur</strong></span> <span class='ocrx_word' id='word_1_708' title='bbox 3205 4224 3308 4261; x_wconf 90' lang='lat' dir='ltr'><strong>non</strong></span> <span class='ocrx_word' id='word_1_709' title='bbox 3347 4215 3465 4260; x_wconf 89' lang='lat' dir='ltr'><strong>erat</strong></span> <span class='ocrx_word' id='word_1_710' title='bbox 3492 4200 3729 4275; x_wconf 80' lang='lat' dir='ltr'><strong>hominis</strong></span> 
     </span>
    </p>
   </div>
   <div class='ocr_carea' id='block_1_88' title="bbox 2150 4290 3729 4381">
    <p class='ocr_par' dir='ltr' id='par_1_88' title="bbox 2150 4290 3729 4381">
     <span class='ocr_line' id='line_1_88' title="bbox 2150 4290 3729 4381; baseline -0.014 -15"><span class='ocrx_word' id='word_1_711' title='bbox 2150 4312 2419 4381; x_wconf 87' lang='lat' dir='ltr'><strong>corrigere</strong></span> <span class='ocrx_word' id='word_1_712' title='bbox 2453 4308 2729 4362; x_wconf 90' lang='lat' dir='ltr'><strong>hominum</strong></span> <span class='ocrx_word' id='word_1_713' title='bbox 2786 4303 3062 4374; x_wconf 82' lang='lat' dir='ltr'><strong>passiones</strong></span> <span class='ocrx_word' id='word_1_714' title='bbox 3091 4308 3146 4356; x_wconf 91' lang='lat' dir='ltr'><strong>et</strong></span> <span class='ocrx_word' id='word_1_715' title='bbox 3173 4299 3321 4359; x_wconf 89' lang='lat' dir='ltr'><strong>vitia,</strong></span> <span class='ocrx_word' id='word_1_716' title='bbox 3352 4298 3491 4350; x_wconf 89' lang='lat' dir='ltr'><strong>Deus</strong></span> <span class='ocrx_word' id='word_1_717' title='bbox 3518 4290 3729 4360; x_wconf 88' lang='lat' dir='ltr'><strong>accepit</strong></span> 
     </span>
    </p>
   </div>
   <div class='ocr_carea' id='block_1_89' title="bbox 2152 4384 3730 4469">
    <p class='ocr_par' dir='ltr' id='par_1_89' title="bbox 2152 4384 3730 4469">
     <span class='ocr_line' id='line_1_89' title="bbox 2152 4384 3730 4469; baseline -0.015 -11"><span class='ocrx_word' id='word_1_718' title='bbox 2152 4405 2362 4458; x_wconf 82' lang='lat' dir='ltr'><strong>infirme</strong></span> <span class='ocrx_word' id='word_1_719' title='bbox 2392 4405 2489 4456; x_wconf 91' lang='lat' dir='ltr'><strong>hoc</strong></span> <span class='ocrx_word' id='word_1_720' title='bbox 2527 4401 2698 4469; x_wconf 90' lang='lat' dir='ltr'><strong>ipsum</strong></span> <span class='ocrx_word' id='word_1_721' title='bbox 2725 4397 2868 4466; x_wconf 91' lang='lat' dir='ltr'><strong>quod</strong></span> <span class='ocrx_word' id='word_1_722' title='bbox 2893 4396 3004 4464; x_wconf 89' lang='lat' dir='ltr'><strong>jam</strong></span> <span class='ocrx_word' id='word_1_723' title='bbox 3028 4400 3145 4447; x_wconf 89' lang='lat' dir='ltr'><strong>erat</strong></span> <span class='ocrx_word' id='word_1_724' title='bbox 3165 4400 3492 4446; x_wconf 85' lang='lat' dir='ltr'><strong>emortuum,</strong></span> <span class='ocrx_word' id='word_1_725' title='bbox 3521 4395 3575 4439; x_wconf 91' lang='lat' dir='ltr'><strong>et</strong></span> <span class='ocrx_word' id='word_1_726' title='bbox 3601 4384 3730 4437; x_wconf 57' lang='lat' dir='ltr'><strong>sub.</strong></span> 
     </span>
    </p>
   </div>
   <div class='ocr_carea' id='block_1_90' title="bbox 466 4482 3732 4584">
    <p class='ocr_par' dir='ltr' id='par_1_90' title="bbox 466 4482 3732 4584">
     <span class='ocr_line' id='line_1_90' title="bbox 466 4482 3732 4584; baseline -0.006 -35"><span class='ocrx_word' id='word_1_727' title='bbox 466 4496 874 4550; x_wconf 83' lang='lat' dir='ltr'><strong>admirationem</strong></span> <span class='ocrx_word' id='word_1_728' title='bbox 927 4512 1118 4549; x_wconf 84' lang='lat' dir='ltr'><strong>novatn</strong></span> <span class='ocrx_word' id='word_1_729' title='bbox 1172 4496 1287 4562; x_wconf 89' lang='lat' dir='ltr'><strong>Dei,</strong></span> <span class='ocrx_word' id='word_1_730' title='bbox 1338 4495 1532 4552; x_wconf 89' lang='lat' dir='ltr'><strong>Filium</strong></span> <span class='ocrx_word' id='word_1_731' title='bbox 1586 4497 1755 4552; x_wconf 89' lang='lat' dir='ltr'><strong>Deum</strong></span> <span class='ocrx_word' id='word_1_732' title='bbox 1806 4499 1858 4551; x_wconf 93' lang='lat' dir='ltr'><strong>in</strong></span> <span class='ocrx_word' id='word_1_733' title='bbox 1905 4507 2046 4553; x_wconf 91' lang='lat' dir='ltr'><strong>terra</strong></span> <span class='ocrx_word' id='word_1_734' title='bbox 2080 4497 2398 4584; x_wconf 80' lang='lat' dir='ltr'><strong>Dingressa</strong></span> <span class='ocrx_word' id='word_1_735' title='bbox 2443 4492 2690 4554; x_wconf 84' lang='lat' dir='ltr'><strong>estvita,</strong></span> <span class='ocrx_word' id='word_1_736' title='bbox 2732 4499 2789 4541; x_wconf 92' lang='lat' dir='ltr'><strong>ut</strong></span> <span class='ocrx_word' id='word_1_737' title='bbox 2831 4485 3115 4555; x_wconf 74' lang='lat' dir='ltr'><strong>praesentia</strong></span> <span class='ocrx_word' id='word_1_738' title='bbox 3170 4482 3382 4536; x_wconf 88' lang='lat' dir='ltr'><strong>virtutis</strong></span> <span class='ocrx_word' id='word_1_739' title='bbox 3421 4482 3732 4584; x_wconf 68' lang='lat' dir='ltr'><strong>repercute-</strong></span> 
     </span>
    </p>
   </div>
   <div class='ocr_carea' id='block_1_91' title="bbox 464 4589 2041 4659">
    <p class='ocr_par' dir='ltr' id='par_1_91' title="bbox 464 4589 2041 4659">
     <span class='ocr_line' id='line_1_91' title="bbox 464 4589 2041 4659; baseline 0.003 -19"><span class='ocrx_word' id='word_1_740' title='bbox 464 4602 658 4656; x_wconf 85' lang='lat' dir='ltr'><strong>corpus</strong></span> <span class='ocrx_word' id='word_1_741' title='bbox 690 4589 977 4642; x_wconf 86' lang='lat' dir='ltr'><strong>habentem</strong></span> <span class='ocrx_word' id='word_1_742' title='bbox 1016 4605 1030 4641; x_wconf 90' lang='lat'><strong>:</strong></span> <span class='ocrx_word' id='word_1_743' title='bbox 1063 4595 1118 4642; x_wconf 93' lang='lat' dir='ltr'><strong>et</strong></span> <span class='ocrx_word' id='word_1_744' title='bbox 1155 4597 1353 4657; x_wconf 88' lang='lat' dir='ltr'><strong>putans</strong></span> <span class='ocrx_word' id='word_1_745' title='bbox 1379 4590 1568 4644; x_wconf 89' lang='lat' dir='ltr'><strong>adesse</strong></span> <span class='ocrx_word' id='word_1_746' title='bbox 1589 4589 1954 4659; x_wconf 90' lang='lat' dir='ltr'><strong>spectaculum</strong></span> <span class='ocrx_word' id='word_1_747' title='bbox 1973 4604 2041 4644; x_wconf 81' lang='lat' dir='ltr'><strong>ex</strong></span> 
     </span>
    </p>
   </div>
   <div class='ocr_carea' id='block_1_92' title="bbox 464 4678 2040 4750">
    <p class='ocr_par' dir='ltr' id='par_1_92' title="bbox 464 4678 2040 4750">
     <span class='ocr_line' id='line_1_92' title="bbox 464 4678 2040 4750; baseline 0.001 -19"><span class='ocrx_word' id='word_1_748' title='bbox 464 4678 758 4748; x_wconf 89' lang='lat' dir='ltr'><strong>Scripturis</strong></span> <span class='ocrx_word' id='word_1_749' title='bbox 789 4694 924 4749; x_wconf 88' lang='lat' dir='ltr'><strong>pene</strong></span> <span class='ocrx_word' id='word_1_750' title='bbox 963 4689 1017 4733; x_wconf 92' lang='lat' dir='ltr'><strong>et</strong></span> <span class='ocrx_word' id='word_1_751' title='bbox 1047 4688 1296 4748; x_wconf 90' lang='lat' dir='ltr'><strong>porrecta</strong></span> <span class='ocrx_word' id='word_1_752' title='bbox 1347 4696 1507 4734; x_wconf 91' lang='lat' dir='ltr'><strong>manu</strong></span> <span class='ocrx_word' id='word_1_753' title='bbox 1546 4681 1879 4750; x_wconf 88' lang='lat' dir='ltr'><strong>apprehendi</strong></span> <span class='ocrx_word' id='word_1_754' title='bbox 1919 4680 2040 4734; x_wconf 88' lang='lat' dir='ltr'><strong>flat-</strong></span> 
     </span>
    </p>
   </div>
   <div class='ocr_carea' id='block_1_93' title="bbox 463 4769 2044 4842">
    <p class='ocr_par' dir='ltr' id='par_1_93' title="bbox 463 4769 2044 4842">
     <span class='ocr_line' id='line_1_93' title="bbox 463 4769 2044 4842; baseline 0.003 -17"><span class='ocrx_word' id='word_1_755' title='bbox 463 4769 638 4825; x_wconf 86' lang='lat' dir='ltr'><strong>briam</strong></span> <span class='ocrx_word' id='word_1_756' title='bbox 671 4771 972 4825; x_wconf 74' lang='lat' dir='ltr'><strong>vestimenti</strong></span> <span class='ocrx_word' id='word_1_757' title='bbox 999 4772 1132 4842; x_wconf 88' lang='lat' dir='ltr'><strong>ejtts,</strong></span> <span class='ocrx_word' id='word_1_758' title='bbox 1176 4787 1242 4826; x_wconf 90' lang='lat' dir='ltr'><strong>ne</strong></span> <span class='ocrx_word' id='word_1_759' title='bbox 1268 4772 1407 4828; x_wconf 85' lang='lat' dir='ltr'><strong>forte</strong></span> <span class='ocrx_word' id='word_1_760' title='bbox 1440 4782 1495 4827; x_wconf 92' lang='lat' dir='ltr'><strong>et</strong></span> <span class='ocrx_word' id='word_1_761' title='bbox 1517 4788 1548 4827; x_wconf 91' lang='lat' dir='ltr'><strong>a</strong></span> <span class='ocrx_word' id='word_1_762' title='bbox 1577 4773 1816 4842; x_wconf 88' lang='lat' dir='ltr'><strong>peccatis</strong></span> <span class='ocrx_word' id='word_1_763' title='bbox 1847 4774 2044 4828; x_wconf 86' lang='lat' dir='ltr'><strong>libera—</strong></span> 
     </span>
    </p>
   </div>
   <div class='ocr_carea' id='block_1_94' title="bbox 464 4862 2046 4932">
    <p class='ocr_par' dir='ltr' id='par_1_94' title="bbox 464 4862 2046 4932">
     <span class='ocr_line' id='line_1_94' title="bbox 464 4862 2046 4932; baseline 0.003 -15"><span class='ocrx_word' id='word_1_764' title='bbox 464 4879 575 4918; x_wconf 84' lang='lat' dir='ltr'><strong>rer.</strong></span> <span class='ocrx_word' id='word_1_765' title='bbox 627 4862 744 4917; x_wconf 84' lang='lat' dir='ltr'><strong>Non</strong></span> <span class='ocrx_word' id='word_1_766' title='bbox 792 4863 956 4932; x_wconf 84' lang='lat' dir='ltr'><strong>igitur</strong></span> <span class='ocrx_word' id='word_1_767' title='bbox 1000 4863 1309 4919; x_wconf 85' lang='lat' dir='ltr'><strong>fraudemus</strong></span> <span class='ocrx_word' id='word_1_768' title='bbox 1369 4866 1728 4932; x_wconf 87' lang='lat' dir='ltr'><strong>nosmetipsos</strong></span> <span class='ocrx_word' id='word_1_769' title='bbox 1765 4879 1794 4918; x_wconf 90' lang='lat' dir='ltr'><strong>a</strong></span> <span class='ocrx_word' id='word_1_770' title='bbox 1837 4865 2046 4921; x_wconf 88' lang='lat' dir='ltr'><strong>visione</strong></span> 
     </span>
    </p>
   </div>
   <div class='ocr_carea' id='block_1_95' title="bbox 464 4956 2047 5027">
    <p class='ocr_par' dir='ltr' id='par_1_95' title="bbox 464 4956 2047 5027">
     <span class='ocr_line' id='line_1_95' title="bbox 464 4956 2047 5027; baseline 0.001 -16"><span class='ocrx_word' id='word_1_771' title='bbox 464 4957 558 5011; x_wconf 91' lang='lat' dir='ltr'><strong>Dei</strong></span> <span class='ocrx_word' id='word_1_772' title='bbox 591 4956 876 5027; x_wconf 88' lang='lat' dir='ltr'><strong>unigeniti,</strong></span> <span class='ocrx_word' id='word_1_773' title='bbox 908 4957 995 5023; x_wconf 89' lang='lat' dir='ltr'><strong>qui</strong></span> <span class='ocrx_word' id='word_1_774' title='bbox 1030 4973 1124 5026; x_wconf 90' lang='lat' dir='ltr'><strong>pro</strong></span> <span class='ocrx_word' id='word_1_775' title='bbox 1158 4958 1312 5011; x_wconf 87' lang='lat' dir='ltr'><strong>nobis</strong></span> <span class='ocrx_word' id='word_1_776' title='bbox 1340 4958 1405 5010; x_wconf 91' lang='lat' dir='ltr'><strong>ad</strong></span> <span class='ocrx_word' id='word_1_777' title='bbox 1437 4973 1536 5012; x_wconf 91' lang='lat' dir='ltr'><strong>nos</strong></span> <span class='ocrx_word' id='word_1_778' title='bbox 1567 4957 1715 5011; x_wconf 88' lang='lat' dir='ltr'><strong>venit</strong></span> <span class='ocrx_word' id='word_1_779' title='bbox 1745 4974 1758 5010; x_wconf 92' lang='lat'><strong>:</strong></span> <span class='ocrx_word' id='word_1_780' title='bbox 1789 4973 1912 5011; x_wconf 91' lang='lat' dir='ltr'><strong>nam</strong></span> <span class='ocrx_word' id='word_1_781' title='bbox 1942 4958 2047 5013; x_wconf 89' lang='lat' dir='ltr'><strong>etsi</strong></span> 
     </span>
    </p>
   </div>
   <div class='ocr_carea' id='block_1_96' title="bbox 465 5049 2050 5116">
    <p class='ocr_par' dir='ltr' id='par_1_96' title="bbox 465 5049 2050 5116">
     <span class='ocr_line' id='line_1_96' title="bbox 465 5049 2050 5116; baseline 0 -14"><span class='ocrx_word' id='word_1_782' title='bbox 465 5051 518 5102; x_wconf 89' lang='lat' dir='ltr'><strong>in</strong></span> <span class='ocrx_word' id='word_1_783' title='bbox 547 5064 774 5116; x_wconf 89' lang='lat' dir='ltr'><strong>corpore</strong></span> <span class='ocrx_word' id='word_1_784' title='bbox 802 5049 1040 5109; x_wconf 89' lang='lat' dir='ltr'><strong>advenit,</strong></span> <span class='ocrx_word' id='word_1_785' title='bbox 1073 5056 1252 5103; x_wconf 90' lang='lat' dir='ltr'><strong>tamen</strong></span> <span class='ocrx_word' id='word_1_786' title='bbox 1284 5065 1388 5103; x_wconf 92' lang='lat' dir='ltr'><strong>non</strong></span> <span class='ocrx_word' id='word_1_787' title='bbox 1421 5049 1579 5102; x_wconf 88' lang='lat' dir='ltr'><strong>latuit</strong></span> <span class='ocrx_word' id='word_1_788' title='bbox 1605 5050 1746 5104; x_wconf 88' lang='lat' dir='ltr'><strong>Deus</strong></span> <span class='ocrx_word' id='word_1_789' title='bbox 1771 5051 1911 5103; x_wconf 88' lang='lat' dir='ltr'><strong>nube</strong></span> <span class='ocrx_word' id='word_1_790' title='bbox 1941 5050 2050 5104; x_wconf 90' lang='lat' dir='ltr'><strong>cir-</strong></span> 
     </span>
    </p>
   </div>
   <div class='ocr_carea' id='block_1_97' title="bbox 463 5139 2049 5209">
    <p class='ocr_par' dir='ltr' id='par_1_97' title="bbox 463 5139 2049 5209">
     <span class='ocr_line' id='line_1_97' title="bbox 463 5139 2049 5209; baseline 0.001 -16"><span class='ocrx_word' id='word_1_791' title='bbox 463 5139 845 5194; x_wconf 89' lang='lat' dir='ltr'><strong>cumantictus.</strong></span> <span class='ocrx_word' id='word_1_792' title='bbox 875 5140 930 5193; x_wconf 90' lang='lat' dir='ltr'><strong>Si</strong></span> <span class='ocrx_word' id='word_1_793' title='bbox 955 5139 1099 5193; x_wconf 92' lang='lat' dir='ltr'><strong>enim</strong></span> <span class='ocrx_word' id='word_1_794' title='bbox 1129 5151 1184 5192; x_wconf 89' lang='lat' dir='ltr'><strong>et</strong></span> <span class='ocrx_word' id='word_1_795' title='bbox 1220 5139 1361 5209; x_wconf 89' lang='lat' dir='ltr'><strong>apud</strong></span> <span class='ocrx_word' id='word_1_796' title='bbox 1405 5155 1501 5195; x_wconf 88' lang='lat' dir='ltr'><strong>nos</strong></span> <span class='ocrx_word' id='word_1_797' title='bbox 1528 5141 1724 5194; x_wconf 72' lang='lat' dir='ltr'><strong>anima:</strong></span> <span class='ocrx_word' id='word_1_798' title='bbox 1758 5151 1930 5195; x_wconf 87' lang='lat' dir='ltr'><strong>status</strong></span> <span class='ocrx_word' id='word_1_799' title='bbox 1956 5142 2049 5196; x_wconf 81' lang='lat' dir='ltr'><strong>da-</strong></span> 
     </span>
    </p>
   </div>
   <div class='ocr_carea' id='block_1_98' title="bbox 465 5233 2046 5304">
    <p class='ocr_par' dir='ltr' id='par_1_98' title="bbox 465 5233 2046 5304">
     <span class='ocr_line' id='line_1_98' title="bbox 465 5233 2046 5304; baseline 0.001 -17"><span class='ocrx_word' id='word_1_800' title='bbox 465 5243 554 5287; x_wconf 91' lang='lat' dir='ltr'><strong>tur</strong></span> <span class='ocrx_word' id='word_1_801' title='bbox 574 5233 641 5288; x_wconf 93' lang='lat' dir='ltr'><strong>ad</strong></span> <span class='ocrx_word' id='word_1_802' title='bbox 667 5235 840 5288; x_wconf 88' lang='lat' dir='ltr'><strong>visum</strong></span> <span class='ocrx_word' id='word_1_803' title='bbox 868 5250 963 5304; x_wconf 89' lang='lat' dir='ltr'><strong>per</strong></span> <span class='ocrx_word' id='word_1_804' title='bbox 1006 5235 1215 5298; x_wconf 90' lang='lat' dir='ltr'><strong>oculos,</strong></span> <span class='ocrx_word' id='word_1_805' title='bbox 1249 5248 1345 5302; x_wconf 87' lang='lat' dir='ltr'><strong>per</strong></span> <span class='ocrx_word' id='word_1_806' title='bbox 1380 5233 1599 5296; x_wconf 75' lang='lat' dir='ltr'><strong>facient,</strong></span> <span class='ocrx_word' id='word_1_807' title='bbox 1636 5248 1732 5302; x_wconf 91' lang='lat' dir='ltr'><strong>per</strong></span> <span class='ocrx_word' id='word_1_808' title='bbox 1768 5233 2046 5298; x_wconf 79' lang='lat' dir='ltr'><strong>maxillas;</strong></span> 
     </span>
    </p>
   </div>
   <div class='ocr_carea' id='block_1_99' title="bbox 464 5321 2048 5392">
    <p class='ocr_par' dir='ltr' id='par_1_99' title="bbox 464 5321 2048 5392">
     <span class='ocr_line' id='line_1_99' title="bbox 464 5321 2048 5392; baseline 0.004 -21"><span class='ocrx_word' id='word_1_809' title='bbox 464 5321 678 5388; x_wconf 82' lang='lat' dir='ltr'><strong>qualem</strong></span> <span class='ocrx_word' id='word_1_810' title='bbox 713 5333 867 5390; x_wconf 88' lang='lat' dir='ltr'><strong>putas</strong></span> <span class='ocrx_word' id='word_1_811' title='bbox 895 5338 1017 5377; x_wconf 87' lang='lat' dir='ltr'><strong>esse</strong></span> <span class='ocrx_word' id='word_1_812' title='bbox 1056 5323 1207 5377; x_wconf 86' lang='lat' dir='ltr'><strong>illam</strong></span> <span class='ocrx_word' id='word_1_813' title='bbox 1237 5322 1451 5386; x_wconf 87' lang='lat' dir='ltr'><strong>faciem,</strong></span> <span class='ocrx_word' id='word_1_814' title='bbox 1482 5322 1694 5392; x_wconf 88' lang='lat' dir='ltr'><strong>qualem</strong></span> <span class='ocrx_word' id='word_1_815' title='bbox 1738 5323 1882 5376; x_wconf 92' lang='lat' dir='ltr'><strong>illam</strong></span> <span class='ocrx_word' id='word_1_816' title='bbox 1911 5324 2048 5378; x_wconf 88' lang='lat' dir='ltr'><strong>divi-</strong></span> 
     </span>
    </p>
   </div>
   <div class='ocr_carea' id='block_1_100' title="bbox 464 5414 2046 5483">
    <p class='ocr_par' dir='ltr' id='par_1_100' title="bbox 464 5414 2046 5483">
     <span class='ocr_line' id='line_1_100' title="bbox 464 5414 2046 5483; baseline 0.004 -19"><span class='ocrx_word' id='word_1_817' title='bbox 464 5425 590 5465; x_wconf 89' lang='lat' dir='ltr'><strong>nam</strong></span> <span class='ocrx_word' id='word_1_818' title='bbox 631 5416 1098 5479; x_wconf 89' lang='lat' dir='ltr'><strong>constitutionem,</strong></span> <span class='ocrx_word' id='word_1_819' title='bbox 1143 5415 1294 5470; x_wconf 91' lang='lat' dir='ltr'><strong>illum</strong></span> <span class='ocrx_word' id='word_1_820' title='bbox 1326 5414 1674 5483; x_wconf 90' lang='lat' dir='ltr'><strong>tranquillum</strong></span> <span class='ocrx_word' id='word_1_821' title='bbox 1712 5417 1950 5483; x_wconf 86' lang='lat' dir='ltr'><strong>oculum,</strong></span> <span class='ocrx_word' id='word_1_822' title='bbox 1984 5417 2046 5470; x_wconf 75' lang='lat' dir='ltr'><strong>il—</strong></span> 
     </span>
    </p>
   </div>
   <div class='ocr_carea' id='block_1_101' title="bbox 464 5501 2046 5575">
    <p class='ocr_par' dir='ltr' id='par_1_101' title="bbox 464 5501 2046 5575">
     <span class='ocr_line' id='line_1_101' title="bbox 464 5501 2046 5575; baseline 0.004 -18"><span class='ocrx_word' id='word_1_823' title='bbox 464 5501 572 5557; x_wconf 87' lang='lat' dir='ltr'><strong>lam</strong></span> <span class='ocrx_word' id='word_1_824' title='bbox 623 5505 906 5561; x_wconf 86' lang='lat' dir='ltr'><strong>honestam</strong></span> <span class='ocrx_word' id='word_1_825' title='bbox 949 5509 1187 5573; x_wconf 80' lang='lat' dir='ltr'><strong>linguam</strong></span> <span class='ocrx_word' id='word_1_826' title='bbox 1222 5519 1278 5564; x_wconf 90' lang='lat' dir='ltr'><strong>et</strong></span> <span class='ocrx_word' id='word_1_827' title='bbox 1307 5511 1548 5564; x_wconf 90' lang='lat' dir='ltr'><strong>motum?</strong></span> <span class='ocrx_word' id='word_1_828' title='bbox 1575 5508 1754 5564; x_wconf 87' lang='lat' dir='ltr'><strong>Unum</strong></span> <span class='ocrx_word' id='word_1_829' title='bbox 1792 5519 1872 5564; x_wconf 87' lang='lat' dir='ltr'><strong>est</strong></span> <span class='ocrx_word' id='word_1_830' title='bbox 1903 5510 2046 5575; x_wconf 89' lang='lat' dir='ltr'><strong>quod</strong></span> 
     </span>
    </p>
   </div>
   <div class='ocr_carea' id='block_1_102' title="bbox 466 5597 2036 5672">
    <p class='ocr_par' dir='ltr' id='par_1_102' title="bbox 466 5597 2036 5672">
     <span class='ocr_line' id='line_1_102' title="bbox 466 5597 2036 5672; baseline 0.003 -22"><span class='ocrx_word' id='word_1_831' title='bbox 466 5597 682 5653; x_wconf 87' lang='lat' dir='ltr'><strong>confert</strong></span> <span class='ocrx_word' id='word_1_832' title='bbox 711 5599 826 5666; x_wconf 87' lang='lat' dir='ltr'><strong>ejus</strong></span> <span class='ocrx_word' id='word_1_833' title='bbox 859 5601 1142 5667; x_wconf 88' lang='lat' dir='ltr'><strong>adventus,</strong></span> <span class='ocrx_word' id='word_1_834' title='bbox 1195 5615 1255 5659; x_wconf 91' lang='lat' dir='ltr'><strong>ut</strong></span> <span class='ocrx_word' id='word_1_835' title='bbox 1300 5603 1628 5672; x_wconf 90' lang='lat' dir='ltr'><strong>suscipiatur</strong></span> <span class='ocrx_word' id='word_1_836' title='bbox 1661 5603 1782 5658; x_wconf 89' lang='lat' dir='ltr'><strong>talis</strong></span> <span class='ocrx_word' id='word_1_837' title='bbox 1818 5603 2036 5656; x_wconf 87' lang='lat' dir='ltr'><strong>habitus</strong></span> 
     </span>
    </p>
   </div>
   <div class='ocr_carea' id='block_1_103' title="bbox 541 5778 1756 5854">
    <p class='ocr_par' dir='ltr' id='par_1_103' title="bbox 541 5778 1756 5854">
     <span class='ocr_line' id='line_1_103' title="bbox 541 5778 1756 5854; baseline 0.007 -22"><span class='ocrx_word' id='word_1_838' title='bbox 541 5784 585 5814; x_wconf 84' lang='lat'><strong>&quot;</strong></span> <span class='ocrx_word' id='word_1_839' title='bbox 618 5778 772 5835; x_wconf 79' lang='lat' dir='ltr'><strong>Joan.</strong></span> <span class='ocrx_word' id='word_1_840' title='bbox 815 5799 931 5847; x_wconf 82' lang='lat' dir='ltr'><strong>xm,</strong></span> <span class='ocrx_word' id='word_1_841' title='bbox 974 5784 1054 5839; x_wconf 80' lang='lat' dir='ltr'><strong>l5.</strong></span> <span class='ocrx_word' id='word_1_842' title='bbox 1132 5786 1174 5817; x_wconf 82' lang='grc'><strong>⁹³</strong></span> <span class='ocrx_word' id='word_1_843' title='bbox 1213 5784 1400 5841; x_wconf 79' lang='lat' dir='ltr'><strong>Matth.</strong></span> <span class='ocrx_word' id='word_1_844' title='bbox 1439 5802 1630 5854; x_wconf 68' lang='lat' dir='ltr'><strong>nuit,</strong></span> <span class='ocrx_word' id='word_1_845' title='bbox 1663 5786 1756 5841; x_wconf 72' lang='grc'><strong>20.</strong></span> 
     </span>
    </p>
   </div>
   <div class='ocr_carea' id='block_1_104' title="bbox 1847 5781 2372 5849">
    <p class='ocr_par' dir='ltr' id='par_1_104' title="bbox 1847 5781 2372 5849">
     <span class='ocr_line' id='line_1_104' title="bbox 1847 5781 2372 5849; baseline -0.002 -11"><span class='ocrx_word' id='word_1_846' title='bbox 1847 5781 1890 5816; x_wconf 63' lang='grc'><strong>⁸³</strong></span> <span class='ocrx_word' id='word_1_847' title='bbox 1919 5782 2109 5841; x_wconf 76' lang='lat' dir='ltr'><strong>Matth.</strong></span> <span class='ocrx_word' id='word_1_848' title='bbox 2138 5799 2252 5849; x_wconf 84' lang='lat' dir='ltr'><strong>vnt,</strong></span> <span class='ocrx_word' id='word_1_849' title='bbox 2283 5783 2372 5838; x_wconf 62' lang='lat'><strong>‘22.</strong></span> 
     </span>
    </p>
   </div>
   <div class='ocr_carea' id='block_1_105' title="bbox 2155 4568 3733 4652">
    <p class='ocr_par' dir='ltr' id='par_1_105' title="bbox 2155 4568 3733 4652">
     <span class='ocr_line' id='line_1_105' title="bbox 2155 4568 3733 4652; baseline -0.013 -10"><span class='ocrx_word' id='word_1_850' title='bbox 2155 4599 2304 4642; x_wconf 89' lang='lat' dir='ltr'><strong>retur</strong></span> <span class='ocrx_word' id='word_1_851' title='bbox 2337 4587 2488 4639; x_wconf 87' lang='lat' dir='ltr'><strong>virus</strong></span> <span class='ocrx_word' id='word_1_852' title='bbox 2523 4582 2817 4652; x_wconf 89' lang='lat' dir='ltr'><strong>serpentis,</strong></span> <span class='ocrx_word' id='word_1_853' title='bbox 2863 4581 2994 4647; x_wconf 90' lang='lat' dir='ltr'><strong>Quis</strong></span> <span class='ocrx_word' id='word_1_854' title='bbox 3025 4595 3129 4632; x_wconf 93' lang='lat' dir='ltr'><strong>non</strong></span> <span class='ocrx_word' id='word_1_855' title='bbox 3160 4575 3397 4630; x_wconf 88' lang='lat' dir='ltr'><strong>movebit</strong></span> <span class='ocrx_word' id='word_1_856' title='bbox 3426 4574 3490 4625; x_wconf 91' lang='lat' dir='ltr'><strong>ad</strong></span> <span class='ocrx_word' id='word_1_857' title='bbox 3519 4568 3733 4623; x_wconf 90' lang='lat' dir='ltr'><strong>deside-</strong></span> 
     </span>
    </p>
   </div>
   <div class='ocr_carea' id='block_1_106' title="bbox 2153 4661 3732 4743">
    <p class='ocr_par' dir='ltr' id='par_1_106' title="bbox 2153 4661 3732 4743">
     <span class='ocr_line' id='line_1_106' title="bbox 2153 4661 3732 4743; baseline -0.013 -11"><span class='ocrx_word' id='word_1_858' title='bbox 2153 4681 2290 4732; x_wconf 90' lang='lat' dir='ltr'><strong>rium</strong></span> <span class='ocrx_word' id='word_1_859' title='bbox 2325 4676 2565 4731; x_wconf 84' lang='lat' dir='ltr'><strong>Christi?</strong></span> <span class='ocrx_word' id='word_1_860' title='bbox 2590 4674 2870 4743; x_wconf 86' lang='lat' dir='ltr'><strong>Siquidem</strong></span> <span class='ocrx_word' id='word_1_861' title='bbox 2906 4671 3108 4726; x_wconf 82' lang='lat' dir='ltr'><strong>Christi</strong></span> <span class='ocrx_word' id='word_1_862' title='bbox 3150 4667 3330 4722; x_wconf 89' lang='lat' dir='ltr'><strong>Pater.</strong></span> <span class='ocrx_word' id='word_1_863' title='bbox 3358 4665 3433 4718; x_wconf 93' lang='lat' dir='ltr'><strong>llli</strong></span> <span class='ocrx_word' id='word_1_864' title='bbox 3466 4663 3610 4716; x_wconf 90' lang='lat' dir='ltr'><strong>enim</strong></span> <span class='ocrx_word' id='word_1_865' title='bbox 3635 4661 3732 4714; x_wconf 86' lang='lat' dir='ltr'><strong>de-</strong></span> 
     </span>
    </p>
   </div>
   <div class='ocr_carea' id='block_1_107' title="bbox 2153 4757 3731 4836">
    <p class='ocr_par' dir='ltr' id='par_1_107' title="bbox 2153 4757 3731 4836">
     <span class='ocr_line' id='line_1_107' title="bbox 2153 4757 3731 4836; baseline -0.015 -10"><span class='ocrx_word' id='word_1_866' title='bbox 2153 4782 2236 4826; x_wconf 87' lang='lat' dir='ltr'><strong>cet</strong></span> <span class='ocrx_word' id='word_1_867' title='bbox 2263 4771 2382 4823; x_wconf 84' lang='lat' dir='ltr'><strong>talis</strong></span> <span class='ocrx_word' id='word_1_868' title='bbox 2407 4781 2459 4822; x_wconf 90' lang='lat' dir='ltr'><strong>et</strong></span> <span class='ocrx_word' id='word_1_869' title='bbox 2489 4779 2637 4822; x_wconf 85' lang='lat' dir='ltr'><strong>tanta</strong></span> <span class='ocrx_word' id='word_1_870' title='bbox 2663 4765 2880 4836; x_wconf 83' lang='lat' dir='ltr'><strong>largitio</strong></span> <span class='ocrx_word' id='word_1_871' title='bbox 2911 4783 2925 4819; x_wconf 70' lang='grc' dir='ltr'>ς</span> <span class='ocrx_word' id='word_1_872' title='bbox 2953 4763 3120 4817; x_wconf 80' lang='lat' dir='ltr'><strong>Nemo</strong></span> <span class='ocrx_word' id='word_1_873' title='bbox 3159 4761 3316 4821; x_wconf 86' lang='lat' dir='ltr'><strong>enim,</strong></span> <span class='ocrx_word' id='word_1_874' title='bbox 3341 4757 3534 4824; x_wconf 92' lang='lat' dir='ltr'><strong>inquit,</strong></span> <span class='ocrx_word' id='word_1_875' title='bbox 3564 4762 3731 4822; x_wconf 83' lang='lat' dir='ltr'><strong>potest</strong></span> 
     </span>
    </p>
   </div>
   <div class='ocr_carea' id='block_1_108' title="bbox 2155 4843 3729 4925">
    <p class='ocr_par' dir='ltr' id='par_1_108' title="bbox 2155 4843 3729 4925">
     <span class='ocr_line' id='line_1_108' title="bbox 2155 4843 3729 4925; baseline -0.017 -6"><span class='ocrx_word' id='word_1_876' title='bbox 2155 4865 2325 4918; x_wconf 70' lang='lat' dir='ltr'><strong>venire</strong></span> <span class='ocrx_word' id='word_1_877' title='bbox 2353 4863 2420 4914; x_wconf 80' lang='lat' dir='ltr'><strong>ad</strong></span> <span class='ocrx_word' id='word_1_878' title='bbox 2454 4878 2554 4925; x_wconf 88' lang='lat' dir='ltr'><strong>me,</strong></span> <span class='ocrx_word' id='word_1_879' title='bbox 2582 4860 2682 4913; x_wconf 80' lang='lat' dir='ltr'><strong>nisi</strong></span> <span class='ocrx_word' id='word_1_880' title='bbox 2727 4858 2886 4911; x_wconf 73' lang='lat' dir='ltr'><strong>Pater</strong></span> <span class='ocrx_word' id='word_1_881' title='bbox 2913 4873 3054 4910; x_wconf 82' lang='lat' dir='ltr'><strong>mens</strong></span> <span class='ocrx_word' id='word_1_882' title='bbox 3098 4852 3374 4906; x_wconf 76' lang='lat' dir='ltr'><strong>attraxerit</strong></span> <span class='ocrx_word' id='word_1_883' title='bbox 3401 4863 3518 4901; x_wconf 85' lang='lat' dir='ltr'><strong>eum</strong></span> <span class='ocrx_word' id='word_1_884' title='bbox 3549 4843 3729 4914; x_wconf 76' lang='lat' dir='ltr'><strong>quiest</strong></span> 
     </span>
    </p>
   </div>
   <div class='ocr_carea' id='block_1_109' title="bbox 2155 4941 3733 5021">
    <p class='ocr_par' dir='ltr' id='par_1_109' title="bbox 2155 4941 3733 5021">
     <span class='ocr_line' id='line_1_109' title="bbox 2155 4941 3733 5021; baseline -0.015 -13"><span class='ocrx_word' id='word_1_885' title='bbox 2155 4957 2210 5009; x_wconf 84' lang='lat' dir='ltr'><strong>in</strong></span> <span class='ocrx_word' id='word_1_886' title='bbox 2241 4955 2381 5008; x_wconf 79' lang='lat' dir='ltr'><strong>ccelis</strong></span> <span class='ocrx_word' id='word_1_887' title='bbox 2412 4955 2478 5006; x_wconf 82' lang='lat'><strong>&quot;.</strong></span> <span class='ocrx_word' id='word_1_888' title='bbox 2507 4951 2762 5021; x_wconf 84' lang='lat' dir='ltr'><strong>Nonquia</strong></span> <span class='ocrx_word' id='word_1_889' title='bbox 2784 4950 2888 5003; x_wconf 88' lang='lat' dir='ltr'><strong>vim</strong></span> <span class='ocrx_word' id='word_1_890' title='bbox 2923 4949 3054 5001; x_wconf 87' lang='lat' dir='ltr'><strong>facit</strong></span> <span class='ocrx_word' id='word_1_891' title='bbox 3076 4949 3237 5010; x_wconf 89' lang='lat' dir='ltr'><strong>Deus,</strong></span> <span class='ocrx_word' id='word_1_892' title='bbox 3273 4944 3365 4998; x_wconf 91' lang='lat' dir='ltr'><strong>sed</strong></span> <span class='ocrx_word' id='word_1_893' title='bbox 3395 4941 3518 5009; x_wconf 89' lang='lat' dir='ltr'><strong>quia</strong></span> <span class='ocrx_word' id='word_1_894' title='bbox 3548 4941 3733 4992; x_wconf 91' lang='lat' dir='ltr'><strong>domat.</strong></span> 
     </span>
    </p>
   </div>
   <div class='ocr_carea' id='block_1_110' title="bbox 2154 5027 3732 5110">
    <p class='ocr_par' dir='ltr' id='par_1_110' title="bbox 2154 5027 3732 5110">
     <span class='ocr_line' id='line_1_110' title="bbox 2154 5027 3732 5110; baseline -0.014 -8"><span class='ocrx_word' id='word_1_895' title='bbox 2154 5048 2398 5102; x_wconf 88' lang='lat' dir='ltr'><strong>homines</strong></span> <span class='ocrx_word' id='word_1_896' title='bbox 2435 5044 2710 5105; x_wconf 90' lang='lat' dir='ltr'><strong>mortales,</strong></span> <span class='ocrx_word' id='word_1_897' title='bbox 2749 5057 2846 5110; x_wconf 90' lang='lat' dir='ltr'><strong>pro</strong></span> <span class='ocrx_word' id='word_1_898' title='bbox 2893 5041 3089 5110; x_wconf 90' lang='lat' dir='ltr'><strong>quibus</strong></span> <span class='ocrx_word' id='word_1_899' title='bbox 3137 5047 3364 5092; x_wconf 90' lang='lat' dir='ltr'><strong>mortem</strong></span> <span class='ocrx_word' id='word_1_900' title='bbox 3410 5027 3732 5085; x_wconf 86' lang='lat' dir='ltr'><strong>immortalis</strong></span> 
     </span>
    </p>
   </div>
   <div class='ocr_carea' id='block_1_111' title="bbox 2153 5121 3731 5211">
    <p class='ocr_par' dir='ltr' id='par_1_111' title="bbox 2153 5121 3731 5211">
     <span class='ocr_line' id='line_1_111' title="bbox 2153 5121 3731 5211; baseline -0.011 -18"><span class='ocrx_word' id='word_1_901' title='bbox 2153 5141 2408 5211; x_wconf 82' lang='lat' dir='ltr'><strong>gustavit.</strong></span> <span class='ocrx_word' id='word_1_902' title='bbox 2450 5137 2625 5192; x_wconf 85' lang='lat' dir='ltr'><strong>Nolite</strong></span> <span class='ocrx_word' id='word_1_903' title='bbox 2658 5138 2708 5190; x_wconf 93' lang='lat' dir='ltr'><strong>in</strong></span> <span class='ocrx_word' id='word_1_904' title='bbox 2743 5149 2966 5189; x_wconf 80' lang='lat' dir='ltr'><strong>vacuum</strong></span> <span class='ocrx_word' id='word_1_905' title='bbox 3007 5133 3234 5202; x_wconf 84' lang='lat' dir='ltr'><strong>gratiam</strong></span> <span class='ocrx_word' id='word_1_906' title='bbox 3268 5141 3487 5196; x_wconf 89' lang='lat' dir='ltr'><strong>ponere,</strong></span> <span class='ocrx_word' id='word_1_907' title='bbox 3529 5139 3632 5177; x_wconf 91' lang='lat' dir='ltr'><strong>non</strong></span> <span class='ocrx_word' id='word_1_908' title='bbox 3675 5121 3731 5175; x_wconf 90' lang='lat' dir='ltr'><strong>in</strong></span> 
     </span>
    </p>
   </div>
   <div class='ocr_carea' id='block_1_112' title="bbox 2151 5212 3727 5300">
    <p class='ocr_par' dir='ltr' id='par_1_112' title="bbox 2151 5212 3727 5300">
     <span class='ocr_line' id='line_1_112' title="bbox 2151 5212 3727 5300; baseline -0.015 -13"><span class='ocrx_word' id='word_1_909' title='bbox 2151 5248 2342 5287; x_wconf 89' lang='lat' dir='ltr'><strong>somno</strong></span> <span class='ocrx_word' id='word_1_910' title='bbox 2367 5227 2716 5300; x_wconf 89' lang='lat' dir='ltr'><strong>Evangelium</strong></span> <span class='ocrx_word' id='word_1_911' title='bbox 2749 5245 2762 5278; x_wconf 87' lang='lat'><strong>:</strong></span> <span class='ocrx_word' id='word_1_912' title='bbox 2799 5225 2893 5280; x_wconf 89' lang='lat' dir='ltr'><strong>sed</strong></span> <span class='ocrx_word' id='word_1_913' title='bbox 2918 5223 3239 5293; x_wconf 86' lang='lat' dir='ltr'><strong>evigilantes</strong></span> <span class='ocrx_word' id='word_1_914' title='bbox 3257 5224 3566 5286; x_wconf 89' lang='lat' dir='ltr'><strong>computate</strong></span> <span class='ocrx_word' id='word_1_915' title='bbox 3598 5212 3727 5280; x_wconf 85' lang='lat' dir='ltr'><strong>quid</strong></span> 
     </span>
    </p>
   </div>
   <div class='ocr_carea' id='block_1_113' title="bbox 2152 5306 3731 5389">
    <p class='ocr_par' dir='ltr' id='par_1_113' title="bbox 2152 5306 3731 5389">
     <span class='ocr_line' id='line_1_113' title="bbox 2152 5306 3731 5389; baseline -0.012 -13"><span class='ocrx_word' id='word_1_916' title='bbox 2152 5323 2352 5376; x_wconf 88' lang='lat' dir='ltr'><strong>factum</strong></span> <span class='ocrx_word' id='word_1_917' title='bbox 2387 5331 2488 5384; x_wconf 92' lang='lat' dir='ltr'><strong>est,</strong></span> <span class='ocrx_word' id='word_1_918' title='bbox 2551 5320 2678 5389; x_wconf 89' lang='lat' dir='ltr'><strong>quid</strong></span> <span class='ocrx_word' id='word_1_919' title='bbox 2715 5329 2901 5371; x_wconf 89' lang='lat' dir='ltr'><strong>natnnt</strong></span> <span class='ocrx_word' id='word_1_920' title='bbox 2954 5324 3058 5377; x_wconf 89' lang='lat' dir='ltr'><strong>est,</strong></span> <span class='ocrx_word' id='word_1_921' title='bbox 3095 5312 3225 5381; x_wconf 90' lang='lat' dir='ltr'><strong>quid</strong></span> <span class='ocrx_word' id='word_1_922' title='bbox 3257 5311 3534 5364; x_wconf 87' lang='lat' dir='ltr'><strong>donatum.</strong></span> <span class='ocrx_word' id='word_1_923' title='bbox 3589 5306 3731 5357; x_wconf 83' lang='lat' dir='ltr'><strong>Deus</strong></span> 
     </span>
    </p>
   </div>
   <div class='ocr_carea' id='block_1_114' title="bbox 2151 5395 3732 5477">
    <p class='ocr_par' dir='ltr' id='par_1_114' title="bbox 2151 5395 3732 5477">
     <span class='ocr_line' id='line_1_114' title="bbox 2151 5395 3732 5477; baseline -0.016 -7"><span class='ocrx_word' id='word_1_924' title='bbox 2151 5414 2345 5470; x_wconf 83' lang='lat' dir='ltr'><strong>Filium</strong></span> <span class='ocrx_word' id='word_1_925' title='bbox 2383 5427 2536 5467; x_wconf 89' lang='lat' dir='ltr'><strong>suum</strong></span> <span class='ocrx_word' id='word_1_926' title='bbox 2571 5411 2716 5464; x_wconf 88' lang='lat' dir='ltr'><strong>misit</strong></span> <span class='ocrx_word' id='word_1_927' title='bbox 2745 5426 2758 5461; x_wconf 90' lang='lat'><strong>:</strong></span> <span class='ocrx_word' id='word_1_928' title='bbox 2801 5408 2891 5477; x_wconf 87' lang='lat' dir='ltr'><strong>qni</strong></span> <span class='ocrx_word' id='word_1_929' title='bbox 2943 5421 3048 5460; x_wconf 91' lang='lat' dir='ltr'><strong>non</strong></span> <span class='ocrx_word' id='word_1_930' title='bbox 3077 5402 3260 5458; x_wconf 82' lang='lat' dir='ltr'><strong>oltedit</strong></span> <span class='ocrx_word' id='word_1_931' title='bbox 3293 5399 3363 5464; x_wconf 89' lang='lat' dir='ltr'><strong>ei,</strong></span> <span class='ocrx_word' id='word_1_932' title='bbox 3396 5397 3556 5451; x_wconf 88' lang='lat' dir='ltr'><strong>habet</strong></span> <span class='ocrx_word' id='word_1_933' title='bbox 3590 5395 3732 5463; x_wconf 79' lang='lat' dir='ltr'><strong>jmli-</strong></span> 
     </span>
    </p>
   </div>
   <div class='ocr_carea' id='block_1_115' title="bbox 2153 5487 3731 5571">
    <p class='ocr_par' dir='ltr' id='par_1_115' title="bbox 2153 5487 3731 5571">
     <span class='ocr_line' id='line_1_115' title="bbox 2153 5487 3731 5571; baseline -0.014 -11"><span class='ocrx_word' id='word_1_934' title='bbox 2153 5506 2317 5561; x_wconf 90' lang='lat' dir='ltr'><strong>cium.</strong></span> <span class='ocrx_word' id='word_1_935' title='bbox 2340 5504 2502 5567; x_wconf 83' lang='lat' dir='ltr'><strong>Misit,</strong></span> <span class='ocrx_word' id='word_1_936' title='bbox 2535 5503 2774 5571; x_wconf 88' lang='lat' dir='ltr'><strong>inquam,</strong></span> <span class='ocrx_word' id='word_1_937' title='bbox 2800 5499 2992 5552; x_wconf 84' lang='lat' dir='ltr'><strong>Filium</strong></span> <span class='ocrx_word' id='word_1_938' title='bbox 3011 5511 3164 5551; x_wconf 90' lang='lat' dir='ltr'><strong>suum</strong></span> <span class='ocrx_word' id='word_1_939' title='bbox 3191 5493 3350 5555; x_wconf 90' lang='lat' dir='ltr'><strong>Deus,</strong></span> <span class='ocrx_word' id='word_1_940' title='bbox 3371 5490 3634 5560; x_wconf 89' lang='lat' dir='ltr'><strong>justitiam</strong></span> <span class='ocrx_word' id='word_1_941' title='bbox 3664 5487 3731 5539; x_wconf 85' lang='lat' dir='ltr'><strong>ad</strong></span> 
     </span>
    </p>
   </div>
   <div class='ocr_carea' id='block_1_116' title="bbox 2155 5581 3731 5667">
    <p class='ocr_par' dir='ltr' id='par_1_116' title="bbox 2155 5581 3731 5667">
     <span class='ocr_line' id='line_1_116' title="bbox 2155 5581 3731 5667; baseline -0.012 -16"><span class='ocrx_word' id='word_1_942' title='bbox 2155 5601 2385 5667; x_wconf 91' lang='lat' dir='ltr'><strong>iniquos,</strong></span> <span class='ocrx_word' id='word_1_943' title='bbox 2413 5612 2534 5651; x_wconf 89' lang='lat' dir='ltr'><strong>eum</strong></span> <span class='ocrx_word' id='word_1_944' title='bbox 2576 5597 2664 5664; x_wconf 93' lang='lat' dir='ltr'><strong>qni</strong></span> <span class='ocrx_word' id='word_1_945' title='bbox 2714 5595 2830 5648; x_wconf 90' lang='lat' dir='ltr'><strong>sine</strong></span> <span class='ocrx_word' id='word_1_946' title='bbox 2878 5601 3097 5661; x_wconf 85' lang='lat' dir='ltr'><strong>peccato</strong></span> <span class='ocrx_word' id='word_1_947' title='bbox 3126 5589 3190 5642; x_wconf 87' lang='lat' dir='ltr'><strong>ad</strong></span> <span class='ocrx_word' id='word_1_948' title='bbox 3231 5591 3570 5656; x_wconf 82' lang='lat' dir='ltr'><strong>peccatores,</strong></span> <span class='ocrx_word' id='word_1_949' title='bbox 3595 5581 3731 5635; x_wconf 85' lang='lat' dir='ltr'><strong>ohe-</strong></span> 
     </span>
    </p>
   </div>
   <div class='ocr_carea' id='block_1_117' title="bbox 2453 5778 2906 5845">
    <p class='ocr_par' dir='ltr' id='par_1_117' title="bbox 2453 5778 2906 5845">
     <span class='ocr_line' id='line_1_117' title="bbox 2453 5778 2906 5845; baseline -0.013 -10"><span class='ocrx_word' id='word_1_950' title='bbox 2453 5782 2494 5813; x_wconf 75' lang='lat'><strong>&quot;</strong></span> <span class='ocrx_word' id='word_1_951' title='bbox 2521 5778 2678 5836; x_wconf 79' lang='lat' dir='ltr'><strong>Joan.</strong></span> <span class='ocrx_word' id='word_1_952' title='bbox 2712 5794 2786 5845; x_wconf 83' lang='lat' dir='ltr'><strong>vt,</strong></span> <span class='ocrx_word' id='word_1_953' title='bbox 2823 5778 2906 5830; x_wconf 70' lang='grc' dir='ltr'><strong>μ.</strong></span> 
     </span>
    </p>
   </div>
  </div>
