4134 6402
400 387 536 446 H73

1729 359 1798 416 ΙΝ·
1836 354 2096 414 ΜΑΤΤΗ.
2140 353 2204 418 Χ,
2245 351 2333 406 54.

3496 337 3635 394 ΗΠ

397 507 632 559 dieutem
687 498 754 552 ad
812 503 1186 555 contumaces,
1240 487 1536 562 gloriosum
1591 481 1656 537 ad
1688 477 1969 552 ignobiles,
1999 479 2045 533 Α
2073 471 2215 527 enim
2256 468 2541 536 imaginem
2568 467 2750 562 videt;
2794 479 2890 562 per
2922 461 3238 562 imaginem,
3289 457 3634 525 principalem

395 610 520 648 eum
549 591 638 662 qui
668 589 734 643 ad
763 588 1044 644 dexteram
1070 584 1248 639 Patris
1287 582 1351 636 ad
1377 594 1470 636 eos
1501 576 1588 646 qui
1621 576 1671 628 in
1700 583 1842 628 terra
1878 571 1964 640 ja-

395 687 614 747 eebaut,
651 682 846 737 Filium
877 680 945 734 ad
998 691 1208 740 servos,
1229 674 1464 745 judicem
1495 663 1961 723 condemnandum

399 792 494 846 pro
547 776 631 829 his
669 774 761 842 qui
804 779 959 827 erant
1002 766 1366 824 condemnati.
1393 763 1524 830 Quis
1555 775 1660 815 non
1709 757 1963 812 accenda-

401 868 522 922 tur?
560 867 689 933 Quis
737 882 840 920 non
872 863 1120 928 stupeat?
1145 859 1276 927 Quis
1306 873 1413 912 non
1444 871 1474 910 e
1513 854 1724 908 ﬂamma
1748 853 1846 905 ista
1881 850 1962 902 vi-

403 974 560 1014 seera
587 959 846 1013 accendat
889 955 1022 1009 sua?
1054 953 1112 1009 Si
1140 968 1244 1007 non
1275 964 1462 1005 sumus
1495 945 1708 1016 lapidei,
1761 953 1818 996 et
1841 952 1964 994 ante

401 1063 682 1104 sermones
722 1064 825 1102 non
870 1055 1112 1110 movent,
1143 1042 1347 1098 deﬂere
1392 1055 1488 1093 nos
1512 1035 1783 1098 convenit,
1836 1033 1964 1102 quia

402 1149 652 1208 putant-es
695 1153 796 1191 nos
836 1137 1039 1199 vivere,
1084 1133 1278 1188 mortui
1324 1145 1528 1184 sumus.
1569 1125 1770 1195 Quibus
1811 1123 1966 1178 Jesus

402 1245 508 1284 non
534 1230 706 1298 placet
738 1229 899 1292 Deus,
933 1228 1028 1281 hos
1062 1237 1219 1294 putas
1240 1225 1367 1294 quid
1421 1219 1744 1277 delectabit?
1779 1217 1834 1271 Si
1867 1233 1963 1270 au—

403 1333 510 1376 tem
542 1322 883 1390 pulchritudo
917 1321 968 1374 in
1004 1335 1167 1374 carne
1200 1328 1464 1380 emortua,
1497 1323 1553 1370 et
1603 1314 1807 1383 lapides
1851 1324 1966 1379 pre-

403 1415 550 1479 tiosi,
578 1423 631 1467 et
677 1413 976 1483 margaritae
1005 1411 1246 1474 claritas,
1280 1418 1458 1464 movet
1500 1406 1833 1460 alacritatem
1873 1403 1968 1456 ho-

403 1505 592 1570 minis;
622 1519 742 1558 cum
778 1507 913 1558 Deus
943 1503 1110 1558 Filius
1150 1503 1310 1557 fuerit
1342 1503 1514 1565 visus,
1546 1514 1575 1552 a
1605 1514 1710 1567 quo
1743 1505 1797 1550 ct
1826 1497 1965 1548 bona

404 1598 502 1652 ista
536 1605 659 1649 sunt
684 1595 848 1659 facta,
885 1597 1152 1664 quomodo
1173 1610 1277 1649 non
1307 1607 1431 1646 vere
1470 1593 1648 1645 veniet
1681 1589 1858 1658 passio
1879 1586 1964 1638 illa

405 1687 457 1738 in
509 1686 748 1749 homine,
780 1685 846 1738 de
881 1700 985 1753 qua
1035 1685 1236 1739 dictum
1273 1693 1392 1738 est:
1442 1681 1640 1751 Diliges
1691 1679 1966 1732 Dominum

404 1775 568 1828 Deum
617 1783 761 1828 tuum
812 1792 875 1829 ea:
915 1775 1056 1828 ωτιηὶ
1085 1777 1261 1828 anima
1291 1785 1401 1839 tua,
1435 1785 1480 1828 et
1523 1790 1586 1826 ex
1610 1773 1750 1826 omni
1782 1771 1968 1824 virtute

399 1878 514 1930 tua,
549 1877 597 1921 et
621 1885 684 1922 ea:
713 1870 849 1921 omni
873 1869 1101 1936 polentia
1126 1878 1238 1925 tua.
1260 1876 1306 1919 et
1339 1876 1504 1919 mente
1528 1876 1573 1919 et
1603 1881 1754 1917 sensu
1784 1862 1967 1916 tuo"?

401 1958 709 2026 Apparente
739 1957 881 2013 enim
937 1956 1162 2009 Domino
1213 1954 1362 2020 Jesu,
1418 1970 1524 2009 non
1578 1952 1967 2021 derelinquitur

401 2061 527 2115 pars
557 2047 734 2116 aliqua
761 2047 1064 2101 dilectionis
1090 2046 1203 2110 ulli,
1244 2047 1368 2114 quia
1411 2060 1514 2098 non
1556 2045 1813 2099 dividitur
1837 2044 1966 2097 Cha.

403 2137 536 2191 ritas
562 2137 629 2195 ad
661 2137 823 2190 Deum
854 2147 908 2190 et
941 2137 1006 2189 ad
1060 2136 1326 2199 homines,
1360 2144 1413 2189 ct
1443 2137 1509 2190 ad
1541 2145 1784 2189 emortua
1849 2148 1966 2202 qua:

401 2229 456 2280 iu
490 2236 633 2281 terra
673 2237 796 2280 sunt
838 2245 850 2280 :
879 2227 970 2281 sed
1003 2227 1141 2280 sicut
1172 2236 1456 2294 antequam
1495 2233 1753 2295 appareat
1777 2225 1879 2290 sol,
1913 2233 1967 2279 et

404 2318 644 2373 lucernis
687 2317 938 2382 fruimur,
978 2327 1028 2372 et
1068 2318 1251 2371 stellas
1284 2319 1539 2386 patimur,
1571 2328 1624 2371 et
1663 2317 1783 2369 luna
1819 2315 1965 2371 dele-

400 2419 644 2476 ctamur;
677 2426 796 2466 cum
842 2422 1021 2464 autem
1060 2411 1138 2464 sol
1173 2410 1334 2463 fuerit
1373 2410 1549 2472 visus,
1579 2408 1821 2478 quaedam
1848 2409 1968 2477 quin

403 2501 524 2554 dem
562 2515 663 2556 non
709 2511 918 2569 parcnt,
966 2501 1210 2569 quatdaiu
1254 2510 1430 2553 autem
1485 2508 1539 2552 et
1605 2498 1964 2565 occultantur,

402 2605 593 2645 omnes
621 2600 798 2644 autem
830 2600 1152 2646 convertunt
1184 2591 1349 2645 facies
1392 2605 1521 2644 suas
1549 2589 1616 2644 ad
1663 2589 1863 2657 solem;
1915 2599 1968 2645 et

403 2698 524 2738 cum
548 2683 714 2737 multa
732 2683 841 2738 sint
871 2684 1030 2750 bona,
1058 2683 1242 2740 omnia
1270 2683 1415 2737 enim
1457 2683 1596 2737 bona
1625 2682 1818 2737 valde:
1846 2698 1967 2737 cum

403 2785 582 2829 autem
613 2776 921 2844 apparuerit
940 2776 986 2829 is
1015 2789 1108 2844 per
1127 2790 1284 2845 quem
1311 2775 1412 2828 ista
1442 2772 1606 2838 bona,
1635 2777 1808 2840 bona;
1837 2774 1968 2828 nihil

403 2880 590 2922 eorum
626 2868 766 2936 quod
815 2868 1014 2923 bonum
1063 2876 1148 2922 est
1187 2867 1298 2938 jam
1332 2866 1601 2922 videbitur
1640 2867 1860 2922 bonum.
1913 2867 1969 2922 Si

405 2957 528 3025 quis
556 2958 692 3012 vidit
725 2956 950 3030 etiigiem
997 2960 1167 3024 audit,
1203 2959 1248 3014 si
1289 2959 1411 3027 quis
1442 2973 1548 3015 non
1575 2958 1788 3014 videtur
1814 2966 1869 3014 et
1915 2967 1974 3013 ut

406 3049 606 3118 videat,
662 3061 716 3106 et
769 3050 1072 3106 consentiat
1108 3051 1192 3107 his
1242 3065 1361 3120 qua:
1414 3051 1706 3105 dicuntur:
1761 3063 1974 3104 amores

405 3139 547 3194 enim
584 3141 742 3194 clarae
757 3140 1141 3209 pulchritudini
1177 3141 1812 3210 contendunt;quantum
1831 3141 1972 3194 enini

407 3230 607 3284 bonum
631 3239 715 3284 est
743 3232 884 3298 quod
917 3230 1180 3300 diligitur,
1215 3240 1360 3284 tanta
1377 3241 1432 3285 et
1461 3246 1710 3285 mensura
1741 3239 1822 3284 est
1847 3231 1974 3284 cha-

409 3319 607 3374 ritatis.
659 3318 714 3372 Si
767 3319 909 3374 enim
943 3321 1083 3374 oeuli
1126 3321 1326 3375 fuerint
1378 3328 1430 3374 in
1464 3321 1605 3375 facie
1653 3322 1798 3383 boni,
1828 3331 1975 3375 tanta

411 3411 578 3466 motio
601 3411 852 3478 eﬂicitur,
869 3421 1125 3481 quantum
1149 3421 1201 3465 et
1220 3411 1360 3465 oeuli
1387 3410 1586 3465 fuerint
1609 3410 1736 3464 moti
1760 3426 1771 3460 :
1793 3412 1840 3464 ei
1864 3410 1974 3480 (82)

411 3515 588 3558 autem
625 3505 766 3558 aliud
809 3505 1009 3573 aliquid
1042 3505 1093 3558 in
1139 3505 1332 3569 oculis,
1375 3503 1677 3571 duplicatur
1703 3518 1854 3557 amor
1886 3521 1899 3557 :
1930 3504 1972 3556 si

412 3606 519 3649 tota
546 3595 710 3651 facies
750 3594 911 3650 fuerit
933 3595 1095 3659 bona,
1122 3595 1284 3649 tritius
1301 3594 1478 3648 vultus
1501 3593 1736 3647 charitas
1756 3609 1975 3648 mensu-

412 3696 560 3740 ralur
593 3706 606 3738 :
644 3687 686 3739 si
712 3695 890 3740 autem
917 3695 971 3740 et
994 3686 1097 3739 alia
1118 3685 1357 3740 membra
1396 3683 1597 3738 fuerint
1626 3685 1783 3743 bona,
1824 3684 1976 3738 addi-

414 3785 464 3827 ta
483 3775 900 3844 pulchritudine,
933 3775 1130 3829 crescit
1151 3783 1205 3828 et
1235 3774 1578 3828 desiderium.
1603 3771 1762 3827 Jesus
1799 3783 1976 3828 autem

415 3875 558 3918 totus
609 3873 693 3918 est
719 3867 913 3927 bonus,
959 3873 1013 3918 et
1063 3880 1189 3918 vere
1221 3865 1411 3928 bonus,
1449 3863 1575 3917 boui
1616 3864 1756 3918 enim
1802 3862 1979 3917 Patris

411 3953 697 4021 progenies
727 3964 808 4006 cst
845 3952 1018 4017 bona;
1075 3953 1228 4018 cu-jus
1273 3952 1730 4021 pulchritudinem
1779 3952 1979 4006 clamat

414 4042 609 4096 caelum
648 4058 743 4110 per
767 4057 917 4096 suam
941 4041 1360 4111 speciositatem.
1409 4039 1572 4095 Istum
1615 4042 1885 4097 collaudat
1930 4055 1980 4097 et

416 4131 544 4184 solis
567 4131 838 4200 splendor,
867 4131 1026 4184 istum
1080 4130 1336 4199 przedicat
1379 4130 1505 4185 luna
1534 4141 1590 4185 et
1615 4132 1899 4201 incipiens,
1927 4144 1980 4187 et

413 4225 591 4296 plena,
621 4234 675 4280 et
697 4224 970 4278 deﬁciens.
993 4224 1280 4279 Stellarum
1309 4233 1492 4279 autem
1514 4225 1663 4279 chori
1694 4226 1853 4280 istum
1887 4241 1976 4279 co-

414 4325 631 4382 ronant,
687 4316 780 4371 sed
817 4332 921 4370 non
964 4330 1129 4384 opera
1184 4317 1236 4368 in
1267 4314 1449 4378 istum,
1486 4323 1580 4369 aut
1609 4316 1676 4370 ab
1723 4315 1981 4384 operibus

412 4408 578 4478 gloria
601 4408 736 4478 ejus,
765 4407 858 4460 sed
895 4420 958 4460 ex
1004 4407 1086 4459 sui
1129 4413 1339 4460 natura.
1371 4405 1518 4460 Mare
1541 4407 1702 4460 istum
1732 4405 1981 4462 fluctibus

2069 560 2331 632 agnoscit.
2359 557 2532 612 Filius
2568 555 2731 625 igitur
2765 555 2828 606 ad
2865 567 2962 606 nos
2993 551 3158 614 venit,
3190 563 3294 602 non
3329 556 3507 600 tamen
3538 559 3636 600 nos

2071 653 2138 724 ad
2182 653 2395 722 ipsum;
2438 647 2516 702 vel
2553 662 2692 702 nunc
2735 655 2914 698 autem
2958 658 3055 697 nos
3087 642 3155 696 ad
3201 641 3374 711 ipsum
3415 638 3637 694 simus:

2074 745 2212 797 Deus
2240 752 2426 805 vocat;
2456 750 2508 794 et
2539 739 2623 793 bis
2653 738 2741 806 qui
2776 751 2878 788 non
2914 734 3225 795 adveniunt,
3256 730 3449 785 sutlicit
3478 743 3639 798 ptena

2071 835 2192 904 quia
2227 849 2330 886 non
2355 831 2627 885 obediunt.
2657 829 2823 883 Vocat
2852 827 3014 880 Deus.
3037 825 3116 876 Ad
3145 823 3305 891 qum?”
3326 823 3402 875 Ad
3433 837 3492 874 ea
3519 833 3641 888 qua;

2072 929 2260 978 decent
2297 925 2480 978 Deum.
2529 921 2595 974 Et
2631 931 2777 974 certe
2823 918 3094 972 Abraham
3127 915 3340 967 vocavit
3379 912 3538 975 Deus,
3585 920 3640 964 et

2075 1015 2327 1086 przecepit
2361 1012 2690 1083 unigenitum
2741 1011 2931 1063 Filium
2978 1023 3130 1060 suum
3171 1005 3369 1060 offerre
3408 1003 3530 1058 sibi.
3574 1001 3640 1054 Et

2075 1111 2283 1163 videtur
2316 1105 2677 1176 perniciosum
2734 1104 2836 1156 hoc
2872 1117 3016 1165 esse,
3069 1100 3204 1153 forte
3238 1097 3370 1162 tibi,
3419 1112 3522 1150 non
3559 1105 3639 1149 ta—

2073 1213 2192 1251 men
2233 1195 2493 1258 Abrahae;
2531 1193 2798 1246 Abraham
2831 1191 2972 1243 enim
3024 1189 3230 1242 lucrum
3265 1186 3417 1240 duxit
3446 1209 3457 1240 :
3489 1184 3641 1238 vide-

2073 1290 2268 1344 bantur
2329 1287 2471 1341 eniln
2519 1283 2722 1354 iurgari
2777 1282 2983 1335 viscera
3031 1289 3086 1334 et
3138 1277 3484 1345 religiositas.
3530 1272 3636 1328 Sed

2073 1380 2247 1431 adhuc
2294 1376 2430 1444 apud
2466 1389 2562 1428 nos
2589 1373 2795 1443 jdrgari
2833 1378 3106 1438 possunt;
3143 1368 3412 1420 Abraham
3459 1373 3636 1418 autem

2075 1483 2140 1520 ne
2171 1465 2385 1535 quidem
2422 1461 2685 1517 dubitatio
2736 1461 2862 1522 fuit,
2911 1474 3010 1512 nec
3056 1458 3342 1522 cogitatus,
3377 1471 3476 1510 nec
3509 1454 3640 1509 dila-

2077 1559 2192 1612 tio:
2228 1557 2321 1611 sed
2374 1555 2656 1608 lretabatur
2703 1551 3016 1612 Abraham,
3063 1549 3186 1616 quia
3235 1549 3477 1600 victurus
3523 1553 3643 1598 erat

2076 1650 2217 1702 filius
2243 1648 2357 1715 ejus
2393 1646 2606 1701 oblatus
2636 1662 2648 1697 :
2682 1658 2834 1696 amor
2872 1653 2953 1695 est
2995 1643 3136 1692 enim
3190 1639 3540 1707 religiositas,
3587 1635 3639 1689 in

2075 1756 2180 1812 qua
2225 1751 2278 1795 et
2311 1739 2550 1794 charitas
2583 1744 2950 1796 meusuratur,
2980 1741 3036 1786 et
3076 1730 3302 1784 affectus
3349 1729 3599 1798 impletur
3627 1748 3640 1782 :

2001 1827 2042 1884 Β
2071 1835 2114 1888 si
2166 1833 2307 1888 enim
2361 1830 2603 1884 charitas
2654 1843 2758 1881 non
2800 1825 2961 1879 fuerit
3014 1823 3221 1887 otiosa,
3265 1821 3447 1875 omnia
3486 1828 3646 1873 erunt

2071 1926 2284 1981 etiamsi
2321 1923 2668 1979 coatlectatus
2700 1919 2898 1984 fueris;
2951 1927 3172 1985 propter
3221 1915 3466 1968 timorem
3499 1913 3643 1966 enim

2071 2019 2116 2073 si
2163 2017 2456 2080 obedieris,
2491 2015 2765 2085 perfectus
2811 2027 2913 2066 non
2961 2009 3104 2070 eris;
3155 2015 3375 2075 propter
3421 2005 3648 2059 commi-

2073 2109 2346 2163 nationem
2399 2119 2578 2161 autem
2627 2107 2909 2175 gehennae,
2943 2103 3066 2156 mali
3100 2101 3241 2156 senvi
3291 2099 3486 2152 malum
3518 2111 3647 2165 pro-

2073 2201 2305 2271 positum
2356 2199 2581 2253 habebis
2625 2215 2638 2251 :
2691 2206 2912 2267 propter
2955 2203 3133 2247 autem
3179 2207 3339 2262 regna
3385 2189 3645 2247 caelorum

2073 2299 2322 2352 voluntas
2370 2305 2456 2352 est
2508 2295 2850 2350 mercenarii.
2906 2294 3038 2359 Qua:
3089 2303 3270 2346 autem
3314 2291 3510 2345 decora
3564 2298 3649 2342 est

2073 2390 2200 2444 via?
2234 2399 2451 2457 stupere
2506 2389 2743 2452 bonum,
2795 2386 2984 2440 mirari
3045 2385 3403 2448 immensum,
3462 2395 3650 2437 amare

2078 2485 2264 2538 Deum.
2299 2481 2354 2536 Si
2395 2481 2540 2536 enim
2584 2481 2713 2542 seis,
2744 2496 2847 2533 non
2883 2491 3033 2549 potes
3069 2494 3173 2532 non
3203 2477 3456 2545 diligere;
3488 2475 3533 2528 si
3563 2475 3648 2528 vi-

2075 2577 2237 2641 disti,
2281 2591 2385 2628 non
2436 2584 2587 2642 potes
2633 2589 2739 2625 non
2799 2571 3132 2626 eoaﬂ'ectari.
3196 2569 3341 2623 Nihil
3389 2567 3535 2622 enim
3580 2582 3650 2620 ex

2074 2669 2326 2722 omuihus
2367 2681 2485 2734 qua:
2529 2673 2686 2728 sunt,
2745 2679 2920 2730 neque
2971 2663 3150 2717 omnia
3201 2660 3392 2727 simul,
3437 2669 3648 2713 tantum

2078 2758 2328 2820 illiciunt,
2359 2767 2622 2826 quantum
2655 2755 2888 2810 delectat
2919 2771 3058 2809 unus
3092 2754 3333 2808 omnium
3366 2751 3648 2807 Dominus.

2077 2851 2154 2905 lta
2193 2850 2348 2904 illicit
2386 2859 2441 2903 et
2487 2848 2645 2903 Pater
2684 2848 2726 2901 si
2768 2845 2932 2901 fuerit
2960 2847 3146 2901 visus:
3183 2854 3389 2899 tantum
3422 2845 3565 2898 enim
3602 2845 3649 2899 si

2080 2941 2423 3013 apparuerit,
2476 2940 2612 2994 nihil
2661 2937 2772 3006 iam
2824 2940 2946 3009 quis
3014 2937 3322 2993 sustinebit.
3371 2936 3651 2990 Videbitur

2082 3042 2260 3087 autem
2291 3033 2356 3086 ab
2386 3031 2469 3086 his
2499 3031 2589 3101 qui
2629 3031 2828 3086 mundo
2863 3040 2986 3084 sunt
3015 3029 3207 3092 corde;
3243 3029 3289 3084 si
3318 3027 3462 3082 enim
3492 3042 3649 3081 mun-

2080 3121 2207 3176 dum
2255 3120 2418 3174 fuerit
2457 3135 2571 3186 cor,
2613 3118 2830 3190 effulget
2862 3119 2987 3174 inde
3036 3120 3254 3182 lumen,
3298 3126 3351 3171 et
3383 3117 3652 3173 videbitur

2080 3213 2220 3281 quod
2252 3211 2490 3280 effulget,
2519 3221 2573 3264 et
2604 3210 2789 3264 statim
2822 3208 3505 3279 martyres,confessores,
3535 3224 3653 3262 san-

2081 3303 2432 3368 ctimonium,
2483 3301 2800 3369 virginitas,
2855 3309 3047 3353 natura
3102 3310 3353 3361 mortua,
3401 3299 3644 3354 membra

2078 3390 2336 3446 crucifixa
2381 3408 2394 3445 :
2431 3391 2754 3446 desiderium
2818 3390 2961 3444 enim
3004 3389 3173 3444 fervet
3232 3390 3284 3443 in
3334 3389 3558 3455 animis,
3598 3399 3656 3445 et

2079 3484 2425 3554 eonjungitur
2477 3483 2542 3537 ad
2591 3483 2954 3537 desideratum
3007 3501 3020 3538 :
3065 3497 3186 3537 cum
3243 3483 3386 3536 enim
3444 3483 3654 3537 adunav

2081 3578 2219 3632 verit
2255 3578 2398 3647 .quis
2451 3578 2713 3631 bonorum
2765 3584 3096 3641 conventus,
3144 3575 3265 3629 caeli
3321 3575 3648 3643 magnitudi-

2083 3685 2228 3734 nem,
2271 3681 2323 3723 et
2352 3684 2413 3723 ea
2446 3685 2564 3737 qua:
2597 3668 2648 3722 in
2683 3668 2802 3736 ipso
2841 3677 2968 3722 sunt
3001 3676 3079 3722 est
3122 3667 3484 3737 pulchritudo,
3525 3666 3654 3721 solis

2083 3762 2389 3831 praedictam
2424 3761 2747 3822 claritatem,
2773 3767 2828 3813 et
2857 3758 3084 3813 aliorqu
3115 3759 3353 3812 omnium
3389 3773 3509 3826 qua:
3541 3759 3652 3812 illic

2082 3865 2207 3906 sunt
2240 3854 2416 3917 bona;
2452 3867 2551 3907 nec
2590 3869 2693 3906 non
2722 3861 2776 3906 et
2809 3866 2871 3904 ea
2903 3866 3024 3920 qua:
3055 3851 3107 3904 in
3144 3860 3286 3904 terra
3323 3852 3650 3920 germinant,

2083 3945 2295 4009 florent,
2337 3946 2732 4014 expamluntur,
2768 3946 3084 4012 procedunt,
3131 3953 3464 4010 nascuntur;
3509 3953 3561 3998 et
3588 3959 3652 3998 ea

2083 4054 2200 4106 quae
2240 4039 2293 4091 in
2335 4052 2459 4091 aere
2495 4037 2694 4098 volant,
2738 4047 2792 4090 et
2829 4036 2877 4089 in
2913 4036 3068 4104 aquis
3111 4044 3333 4090 natant:
3367 4040 3488 4090 cu‘m
3538 4038 3653 4091 haec

2083 4129 2258 4183 omnia
2292 4129 2608 4181 adunaverit
2636 4137 2692 4179 ut
2735 4141 3066 4194 componens
3105 4127 3157 4180 in
3195 4143 3390 4190 unum,
3437 4143 3502 4182 ne
3534 4130 3654 4198 qui—

2083 4221 2206 4275 dem
2254 4230 2402 4288 gutta
2456 4227 2516 4272 ut
2566 4219 2632 4273 ad
2673 4218 2814 4271 illam
2865 4218 3317 4287 pulchritudinem
3362 4229 3552 4286 erunt,
3597 4231 3656 4274 ut

2084 4311 2406 4366 desiderium
2437 4319 2657 4380 stupore
2690 4309 2860 4378 magis
2889 4309 2978 4376 sit,
3018 4320 3074 4363 et
3105 4311 3366 4378 charitas,
3396 4321 3452 4366 et
3486 4311 3653 4366 admi-

2084 4403 2244 4466 ratio,
2290 4412 2348 4456 ut
2399 4403 2518 4455 talis
2558 4401 2670 4471 jam
2719 4401 2880 4456 homo
2925 4402 3196 4457 desideret
3229 4417 3424 4456 novam
3463 4418 3656 4472 quam-

412 4500 650 4569 prmfert,
678 4508 818 4554 terra
837 4513 958 4552 eum
984 4497 1489 4568 fructilius‘coronat
1520 4507 1573 4553 ct
1596 4497 1836 4563 ﬂoribus,
1859 4501 1983 4554 cllo.
2015 4521 2058 4574 υ
2087 4493 2208 4546 dam
2255 4492 2697 4547 constitutionem
2740 4492 2821 4546 sui
2855 4491 3179 4546 invisibilem
3217 4491 3331 4547 fieri
3369 4508 3385 4546 :
3429 4491 3652 4547 allectus

413 4609 502 4648 ros
525 4603 702 4648 autem
721 4593 767 4647 ei
796 4590 1118 4647 etanimalia
1136 4591 1260 4645 dum
1285 4593 1574 4657 exsultant,
1605 4592 1828 4646 faciunt.
1847 4591 1980 4646 Cum

414 4693 591 4739 autem
644 4686 798 4740 audis
845 4687 970 4754 quia
1005 4685 1340 4754 glorificatur
1377 4683 1549 4739 Filius
1603 4685 1670 4738 ab
1709 4684 1981 4749 omnibus,

413 4778 518 4832 noli
546 4777 785 4833 oblivisci
806 4775 980 4837 Patris
996 4792 1154 4845 quem
1180 4776 1447 4846 glorificat
1474 4775 1664 4831 Filius.
1687 4774 1791 4829 Sed
1818 4777 1882 4830 de
1901 4776 1981 4829 iu—

411 4867 701 4925 enarrabili
727 4878 782 4923 et
804 4884 909 4923 non
941 4879 1066 4922 nata
1099 4877 1288 4923 natura
1311 4868 1491 4921 Patris
1527 4870 1577 4921 in
1608 4869 1865 4923 memoria
1895 4884 1985 4924 ve—

412 4965 529 5014 nire
547 4961 708 5014 timor
740 4969 843 5014 est.
875 4959 1010 5025 Quia
1032 4974 1162 5028 ergo
1191 4959 1277 5012 ille
1311 4959 1633 5013 timorabilis
1657 4967 1737 5013 est
1768 4970 1986 5028 propter

412 5053 709 5108 bonitatem
729 5061 783 5106 et
807 5051 1303 5120 supereminentem
1341 5050 1749 5119 benignitatem,
1779 5060 1832 5104 et
1861 5051 1984 5119 quia

415 5160 515 5200 nos
535 5159 639 5198 non
665 5158 950 5212 possumus
965 5144 1030 5197 ad
1047 5144 1192 5198 illum
1219 5156 1315 5196 nec
1332 5152 1509 5196 mente
1535 5143 1833 5211 respicere;
1855 5143 1989 5195 ima-

413 5237 589 5308 ginem
619 5234 734 5302 ejus
756 5235 1160 5289 considerantes
1195 5235 1456 5286 miramur
1494 5233 1818 5287 indicihilem
1839 5232 1984 5286 illam

415 5331 665 5382 virtutem
699 5326 1120 5381 Patris:etideo
1162 5340 1280 5379 eum
1307 5327 1394 5395 qui
1436 5327 1500 5378 ad
1542 5341 1638 5378 nos
1671 5325 1813 5377 venit
1859 5338 1988 5378 con-

414 5422 749 5483 sideremus,
793 5430 846 5472 et
893 5419 1208 5475 habebimus
1257 5420 1510 5472 fructum.
1560 5416 1700 5470 Dicit
1748 5417 1892 5470 enini
1934 5425 1988 5470 et

417 5516 528 5581 ipse
572 5532 583 5566 :
618 5511 673 5565 Si
711 5511 827 5579 quis
883 5528 959 5564 me
1014 5513 1175 5578 videt,
1227 5512 1359 5564 videt
1402 5521 1446 5564 et
1499 5509 1707 5563 Patrem
1745 5509 1789 5540 ⁹τ
1828 5527 1841 5565 :
1891 5508 1984 5575 qui

486 5624 531 5653 ἐ
560 5623 712 5676 Deut.
736 5639 808 5687 vr,
841 5623 894 5675 5.
970 5624 1013 5654 ’⁷
1055 5622 1208 5679 Joan.
1241 5640 1346 5690 XIV,
1374 5625 1424 5680 9.

490 5785 604 5851 (ΒΞ)
638 5783 721 5841 Ei.
753 5786 934 5851 Forte,
971 5790 1034 5841 si.

2088 4582 2231 4636 enim
2273 4583 2339 4635 ad
2393 4582 2720 4636 invisibilem
2755 4580 3045 4635 invisibilis
3083 4581 3334 4648 habetur,
3374 4591 3430 4637 et
3463 4583 3655 4638 solitu-

2090 4675 2266 4729 dinem
2312 4676 2522 4742 qumrit.
2563 4674 2662 4740 Qui
2707 4682 2884 4728 autem
2916 4675 2982 4727 ad
3016 4675 3174 4729 istam
3218 4675 3654 4731 constitutionem

2088 4766 2408 4830 occurrerit,
2440 4767 2611 4821 nescit
2641 4766 2763 4836 quia
2807 4775 2862 4820 et
2899 4766 3094 4821 ccelum
3119 4775 3172 4822 et
3210 4777 3404 4821 terram
3430 4783 3535 4822 non
3579 4767 3658 4822 vi-

2091 4859 2210 4921 det,
2252 4874 2354 4913 ncc
2387 4859 2536 4912 novit
2576 4859 2626 4912 in
2658 4874 2762 4927 quo
2789 4859 2840 4912 in
2887 4868 3027 4914 terra
3058 4870 3136 4914 est
3178 4865 3335 4915 loco:
3369 4863 3533 4916 maris
3562 4876 3658 4915 au-

2093 4961 2200 5004 tem
2245 4967 2312 5004 ne
2351 4952 2561 5019 quidem
2608 4967 2814 5006 memor
2862 4963 2980 5019 est,
3027 4962 3081 5007 et
3118 4953 3336 5008 ﬂuiuina
3382 4955 3655 5023 despicit:

2096 5044 2259 5098 solem
2295 5059 2398 5098 non
2434 5044 2610 5111 videt,
2655 5045 2834 5098 lunam
2872 5061 2975 5099 non
3009 5047 3332 5108 considerat,
3368 5047 3656 5100 stellarum

2095 5151 2302 5189 memor
2338 5151 2442 5190 non
2483 5147 2598 5202 est;
2633 5138 2858 5206 despicit
2892 5149 3069 5193 autem
3097 5149 3152 5193 et
3186 5139 3496 5208 angelorum
3529 5140 3655 5195 cho—

2092 5245 2219 5283 ros:
2257 5245 2394 5284 unus
2433 5229 2574 5281 enim
2612 5229 2700 5283 ille
2743 5246 2849 5283 non
2899 5231 3157 5298 permittit
3191 5231 3354 5286 dividi
3397 5231 3658 5285 visionem

2090 5324 2156 5376 ad
2190 5321 2378 5378 multa.
2418 5321 2518 5388 Qui
2565 5321 2706 5374 enim
2740 5322 2792 5374 iu
2843 5322 2934 5375 tali
2983 5324 3368 5377 constitutione
3405 5323 3656 5386 habetur,

2090 5411 2262 5467 nescit
2290 5412 2413 5482 quia
2437 5422 2492 5467 et
2512 5427 2728 5468 carnem
2761 5413 2940 5480 habet,
2966 5423 3021 5468 et
3051 5415 3191 5483 quod
3228 5425 3310 5469 est
3343 5415 3655 5477 maximum,

2090 5522 2186 5560 nec
2221 5507 2412 5561 animae
2443 5522 2551 5563 suae
2593 5521 2797 5563 memor
2828 5516 2910 5560 est
2952 5525 2963 5560 :
3002 5515 3146 5561 totus
3189 5506 3330 5561 enim
3368 5515 3658 5564 evacuatus
