  <div class='ocr_page' id='page_1' title='image "/cluster/home/n/w/nwhite01/storage/ocr_20150623/24:no.6/coo.31924054873058/601.png"; bbox 0 0 4134 6404; ppageno 0'>
   <div class='ocr_carea' id='block_1_1' title="bbox 523 374 659 437">
    <p class='ocr_par' dir='ltr' id='par_1_1' title="bbox 523 374 659 437">
     <span class='ocr_line' id='line_1_1' title="bbox 523 374 659 437; baseline 0.015 -2"><span class='ocrx_word' id='word_1_1' title='bbox 523 374 659 437; x_wconf 75' lang='lat' dir='ltr'><strong>H75</strong></span> 
     </span>
    </p>
   </div>
   <div class='ocr_carea' id='block_1_2' title="bbox 1162 343 2076 455">
    <p class='ocr_par' dir='ltr' id='par_1_2' title="bbox 1162 343 2070 455">
     <span class='ocr_line' id='line_1_2' title="bbox 1162 343 2070 455; baseline -0.007 -29"><span class='ocrx_word' id='word_1_2' title='bbox 1194 343 1463 428; x_wconf 75' lang='grc' dir='ltr'>Ευεειιιι</span> <span class='ocrx_word' id='word_1_3' title='bbox 1502 359 1986 425; x_wconf 56' lang='grc' dir='ltr'>εκεεΑιιιεΝειε</span> <span class='ocrx_word' id='word_1_4' title='bbox 2026 365 2070 420; x_wconf 92' lang='lat' dir='ltr'><strong>o</strong></span> 
     </span>
    </p>
   </div>
   <div class='ocr_carea' id='block_1_3' title="bbox 2175 343 3095 455">
    <p class='ocr_par' dir='ltr' id='par_1_3' title="bbox 2175 359 3095 418">
     <span class='ocr_line' id='line_1_3' title="bbox 2175 359 3095 418; baseline 0.001 -3"><span class='ocrx_word' id='word_1_5' title='bbox 2175 407 2177 415; x_wconf 77' lang='lat'><strong>,</strong></span> <span class='ocrx_word' id='word_1_6' title='bbox 2220 362 2399 418; x_wconf 71' lang='lat' dir='ltr'><strong>PARS</strong></span> <span class='ocrx_word' id='word_1_7' title='bbox 2435 360 2527 418; x_wconf 68' lang='lat' dir='ltr'><strong>IV.</strong></span> <span class='ocrx_word' id='word_1_8' title='bbox 2565 392 2635 404; x_wconf 91' lang='lat'><strong>—-</strong></span> <span class='ocrx_word' id='word_1_9' title='bbox 2664 359 3095 418; x_wconf 50' lang='lat' dir='ltr'><strong>&#39;DOGMATICA.</strong></span> 
     </span>
    </p>
   </div>
   <div class='ocr_carea' id='block_1_4' title="bbox 3621 355 3766 411">
    <p class='ocr_par' dir='ltr' id='par_1_4' title="bbox 3621 355 3766 411">
     <span class='ocr_line' id='line_1_4' title="bbox 3621 355 3766 411; baseline -0.007 0"><span class='ocrx_word' id='word_1_10' title='bbox 3621 355 3766 411; x_wconf 70' lang='lat' dir='ltr'><strong>H70</strong></span> 
     </span>
    </p>
   </div>
   <div class='ocr_carea' id='block_1_5' title="bbox 514 475 3760 565">
    <p class='ocr_par' dir='ltr' id='par_1_5' title="bbox 514 475 3760 565">
     <span class='ocr_line' id='line_1_5' title="bbox 514 475 3760 565; baseline -0.01 -10"><span class='ocrx_word' id='word_1_11' title='bbox 514 501 569 555; x_wconf 90' lang='lat' dir='ltr'><strong>in</strong></span> <span class='ocrx_word' id='word_1_12' title='bbox 608 499 756 553; x_wconf 88' lang='lat' dir='ltr'><strong>illum</strong></span> <span class='ocrx_word' id='word_1_13' title='bbox 808 505 898 552; x_wconf 82' lang='lat' dir='ltr'><strong>est</strong></span> <span class='ocrx_word' id='word_1_14' title='bbox 938 500 1097 565; x_wconf 88' lang='lat' dir='ltr'><strong>quem</strong></span> <span class='ocrx_word' id='word_1_15' title='bbox 1135 493 1438 556; x_wconf 82' lang='lat' dir='ltr'><strong>desiderat,</strong></span> <span class='ocrx_word' id='word_1_16' title='bbox 1479 499 1534 545; x_wconf 92' lang='lat' dir='ltr'><strong>et</strong></span> <span class='ocrx_word' id='word_1_17' title='bbox 1566 489 1820 545; x_wconf 88' lang='lat' dir='ltr'><strong>universa</strong></span> <span class='ocrx_word' id='word_1_18' title='bbox 1864 488 1912 543; x_wconf 91' lang='lat' dir='ltr'><strong>ei</strong></span> <span class='ocrx_word' id='word_1_19' title='bbox 1954 496 2081 541; x_wconf 88' lang='lat' dir='ltr'><strong>sunt</strong></span> <span class='ocrx_word' id='word_1_20' title='bbox 2109 491 2157 548; x_wconf 78' lang='grc' dir='ltr'>Α</span> <span class='ocrx_word' id='word_1_21' title='bbox 2185 493 2290 538; x_wconf 90' lang='lat' dir='ltr'><strong>tur.</strong></span> <span class='ocrx_word' id='word_1_22' title='bbox 2322 485 2462 539; x_wconf 69' lang='lat' dir='ltr'><strong>Vere</strong></span> <span class='ocrx_word' id='word_1_23' title='bbox 2493 485 2654 539; x_wconf 85' lang='lat' dir='ltr'><strong>beata</strong></span> <span class='ocrx_word' id='word_1_24' title='bbox 2691 490 2744 536; x_wconf 87' lang='lat' dir='ltr'><strong>et</strong></span> <span class='ocrx_word' id='word_1_25' title='bbox 2779 481 2962 543; x_wconf 85' lang='lat' dir='ltr'><strong>Petra,</strong></span> <span class='ocrx_word' id='word_1_26' title='bbox 2993 480 3047 533; x_wconf 89' lang='lat' dir='ltr'><strong>in</strong></span> <span class='ocrx_word' id='word_1_27' title='bbox 3083 493 3188 549; x_wconf 83' lang='lat' dir='ltr'><strong>qua</strong></span> <span class='ocrx_word' id='word_1_28' title='bbox 3233 492 3424 533; x_wconf 81' lang='lat' dir='ltr'><strong>sumus</strong></span> <span class='ocrx_word' id='word_1_29' title='bbox 3463 486 3519 531; x_wconf 88' lang='lat' dir='ltr'><strong>et</strong></span> <span class='ocrx_word' id='word_1_30' title='bbox 3557 475 3717 545; x_wconf 79' lang='lat' dir='ltr'><strong>positi</strong></span> <span class='ocrx_word' id='word_1_31' title='bbox 3743 489 3760 524; x_wconf 91' lang='lat'><strong>:</strong></span> 
     </span>
    </p>
   </div>
   <div class='ocr_carea' id='block_1_6' title="bbox 511 566 2084 657">
    <p class='ocr_par' dir='ltr' id='par_1_6' title="bbox 511 566 2084 657">
     <span class='ocr_line' id='line_1_6' title="bbox 511 566 2084 657; baseline -0.009 -11"><span class='ocrx_word' id='word_1_32' title='bbox 511 584 785 657; x_wconf 85' lang='lat' dir='ltr'><strong>emortua,</strong></span> <span class='ocrx_word' id='word_1_33' title='bbox 813 597 869 649; x_wconf 85' lang='lat' dir='ltr'><strong>et</strong></span> <span class='ocrx_word' id='word_1_34' title='bbox 906 587 982 643; x_wconf 83' lang='lat' dir='ltr'><strong>illi</strong></span> <span class='ocrx_word' id='word_1_35' title='bbox 1013 583 1144 640; x_wconf 81' lang='lat' dir='ltr'><strong>vivit</strong></span> <span class='ocrx_word' id='word_1_36' title='bbox 1177 583 1297 639; x_wconf 84' lang='lat' dir='ltr'><strong>soli.</strong></span> <span class='ocrx_word' id='word_1_37' title='bbox 1332 566 1400 638; x_wconf 84' lang='lat' dir='ltr'><strong>Et</strong></span> <span class='ocrx_word' id='word_1_38' title='bbox 1429 578 1532 638; x_wconf 81' lang='lat' dir='ltr'><strong>hoc</strong></span> <span class='ocrx_word' id='word_1_39' title='bbox 1561 590 1648 637; x_wconf 87' lang='lat' dir='ltr'><strong>est</strong></span> <span class='ocrx_word' id='word_1_40' title='bbox 1693 579 1824 635; x_wconf 91' lang='lat' dir='ltr'><strong>illud</strong></span> <span class='ocrx_word' id='word_1_41' title='bbox 1872 579 2084 649; x_wconf 84' lang='lat' dir='ltr'><strong>insigne</strong></span> 
     </span>
    </p>
   </div>
   <div class='ocr_carea' id='block_1_7' title="bbox 510 674 2083 755">
    <p class='ocr_par' dir='ltr' id='par_1_7' title="bbox 510 674 2083 755">
     <span class='ocr_line' id='line_1_7' title="bbox 510 674 2083 755; baseline -0.009 -16"><span class='ocrx_word' id='word_1_42' title='bbox 510 682 654 755; x_wconf 86' lang='lat' dir='ltr'><strong>quod</strong></span> <span class='ocrx_word' id='word_1_43' title='bbox 686 683 761 737; x_wconf 91' lang='lat' dir='ltr'><strong>ait</strong></span> <span class='ocrx_word' id='word_1_44' title='bbox 805 679 1145 752; x_wconf 67' lang='lat' dir='ltr'><strong>Apostolus:</strong></span> <span class='ocrx_word' id='word_1_45' title='bbox 1203 675 1325 731; x_wconf 80' lang='lat' dir='ltr'><strong>Vivo</strong></span> <span class='ocrx_word' id='word_1_46' title='bbox 1367 692 1499 747; x_wconf 87' lang='lat' dir='ltr'><strong>ego,</strong></span> <span class='ocrx_word' id='word_1_47' title='bbox 1538 675 1659 745; x_wconf 87' lang='lat' dir='ltr'><strong>jam</strong></span> <span class='ocrx_word' id='word_1_48' title='bbox 1702 689 1807 728; x_wconf 85' lang='lat' dir='ltr'><strong>non</strong></span> <span class='ocrx_word' id='word_1_49' title='bbox 1852 688 1966 742; x_wconf 91' lang='lat' dir='ltr'><strong>ego,</strong></span> <span class='ocrx_word' id='word_1_50' title='bbox 1994 674 2083 725; x_wconf 76' lang='lat' dir='ltr'><strong>sed</strong></span> 
     </span>
    </p>
   </div>
   <div class='ocr_carea' id='block_1_8' title="bbox 508 765 2076 848">
    <p class='ocr_par' dir='ltr' id='par_1_8' title="bbox 508 765 2076 848">
     <span class='ocr_line' id='line_1_8' title="bbox 508 765 2076 848; baseline -0.009 -16"><span class='ocrx_word' id='word_1_51' title='bbox 508 774 726 848; x_wconf 73' lang='lat' dir='ltr'><strong>oivitin</strong></span> <span class='ocrx_word' id='word_1_52' title='bbox 760 789 841 829; x_wconf 81' lang='lat' dir='ltr'><strong>me</strong></span> <span class='ocrx_word' id='word_1_53' title='bbox 888 766 1131 827; x_wconf 73' lang='lat' dir='ltr'><strong>Christus</strong></span> <span class='ocrx_word' id='word_1_54' title='bbox 1151 766 1216 823; x_wconf 74' lang='grc'><strong>’³.</strong></span> <span class='ocrx_word' id='word_1_55' title='bbox 1249 767 1532 824; x_wconf 82' lang='lat' dir='ltr'><strong>Desiderio</strong></span> <span class='ocrx_word' id='word_1_56' title='bbox 1560 766 1704 820; x_wconf 90' lang='lat' dir='ltr'><strong>enim</strong></span> <span class='ocrx_word' id='word_1_57' title='bbox 1749 774 1890 820; x_wconf 91' lang='lat' dir='ltr'><strong>totus</strong></span> <span class='ocrx_word' id='word_1_58' title='bbox 1920 765 2076 818; x_wconf 84' lang='lat' dir='ltr'><strong>devo-</strong></span> 
     </span>
    </p>
   </div>
   <div class='ocr_carea' id='block_1_9' title="bbox 508 855 2085 941">
    <p class='ocr_par' dir='ltr' id='par_1_9' title="bbox 508 855 2085 941">
     <span class='ocr_line' id='line_1_9' title="bbox 508 855 2085 941; baseline -0.008 -17"><span class='ocrx_word' id='word_1_59' title='bbox 508 877 659 924; x_wconf 90' lang='lat' dir='ltr'><strong>ratus</strong></span> <span class='ocrx_word' id='word_1_60' title='bbox 700 874 757 941; x_wconf 87' lang='lat' dir='ltr'><strong>et</strong></span> <span class='ocrx_word' id='word_1_61' title='bbox 797 881 827 919; x_wconf 88' lang='lat' dir='ltr'><strong>a</strong></span> <span class='ocrx_word' id='word_1_62' title='bbox 860 865 1155 934; x_wconf 85' lang='lat' dir='ltr'><strong>semetipso</strong></span> <span class='ocrx_word' id='word_1_63' title='bbox 1184 862 1500 925; x_wconf 89' lang='lat' dir='ltr'><strong>discedens,</strong></span> <span class='ocrx_word' id='word_1_64' title='bbox 1546 859 1690 914; x_wconf 91' lang='lat' dir='ltr'><strong>illius</strong></span> <span class='ocrx_word' id='word_1_65' title='bbox 1723 866 1903 913; x_wconf 88' lang='lat' dir='ltr'><strong>autem</strong></span> <span class='ocrx_word' id='word_1_66' title='bbox 1952 855 2085 912; x_wconf 81' lang='lat' dir='ltr'><strong>affe-</strong></span> 
     </span>
    </p>
   </div>
   <div class='ocr_carea' id='block_1_10' title="bbox 492 950 2085 1027">
    <p class='ocr_par' dir='ltr' id='par_1_10' title="bbox 492 950 2085 1027">
     <span class='ocr_line' id='line_1_10' title="bbox 492 950 2085 1027; baseline -0.006 -12"><span class='ocrx_word' id='word_1_67' title='bbox 492 954 656 1025; x_wconf 61' lang='lat' dir='ltr'><strong>ctus;</strong></span> <span class='ocrx_word' id='word_1_68' title='bbox 699 958 838 1014; x_wconf 84' lang='lat' dir='ltr'><strong>bona</strong></span> <span class='ocrx_word' id='word_1_69' title='bbox 871 956 1087 1027; x_wconf 86' lang='lat' dir='ltr'><strong>quidem</strong></span> <span class='ocrx_word' id='word_1_70' title='bbox 1127 964 1307 1008; x_wconf 88' lang='lat' dir='ltr'><strong>morte</strong></span> <span class='ocrx_word' id='word_1_71' title='bbox 1340 961 1426 1008; x_wconf 87' lang='lat' dir='ltr'><strong>est</strong></span> <span class='ocrx_word' id='word_1_72' title='bbox 1460 959 1724 1016; x_wconf 88' lang='lat' dir='ltr'><strong>mortuus,</strong></span> <span class='ocrx_word' id='word_1_73' title='bbox 1756 950 1954 1015; x_wconf 82' lang='lat' dir='ltr'><strong>bonam</strong></span> <span class='ocrx_word' id='word_1_74' title='bbox 1986 965 2085 1005; x_wconf 82' lang='lat' dir='ltr'><strong>au-</strong></span> 
     </span>
    </p>
   </div>
   <div class='ocr_carea' id='block_1_11' title="bbox 507 1039 2079 1115">
    <p class='ocr_par' dir='ltr' id='par_1_11' title="bbox 507 1039 2079 1115">
     <span class='ocr_line' id='line_1_11' title="bbox 507 1039 2079 1115; baseline -0.001 -15"><span class='ocrx_word' id='word_1_75' title='bbox 507 1061 616 1105; x_wconf 85' lang='lat' dir='ltr'><strong>tem</strong></span> <span class='ocrx_word' id='word_1_76' title='bbox 644 1053 809 1106; x_wconf 85' lang='lat' dir='ltr'><strong>vitam</strong></span> <span class='ocrx_word' id='word_1_77' title='bbox 842 1047 1194 1103; x_wconf 72' lang='lat' dir='ltr'><strong>committat-it</strong></span> <span class='ocrx_word' id='word_1_78' title='bbox 1222 1055 1279 1099; x_wconf 89' lang='lat' dir='ltr'><strong>ut</strong></span> <span class='ocrx_word' id='word_1_79' title='bbox 1302 1046 1450 1100; x_wconf 91' lang='lat' dir='ltr'><strong>dicat</strong></span> <span class='ocrx_word' id='word_1_80' title='bbox 1481 1060 1494 1098; x_wconf 91' lang='lat'><strong>:</strong></span> <span class='ocrx_word' id='word_1_81' title='bbox 1536 1039 1661 1099; x_wconf 80' lang='lat' dir='ltr'><strong>Vivo</strong></span> <span class='ocrx_word' id='word_1_82' title='bbox 1684 1044 1799 1113; x_wconf 86' lang='lat' dir='ltr'><strong>jam</strong></span> <span class='ocrx_word' id='word_1_83' title='bbox 1833 1059 1938 1098; x_wconf 83' lang='lat' dir='ltr'><strong>non</strong></span> <span class='ocrx_word' id='word_1_84' title='bbox 1964 1058 2079 1115; x_wconf 89' lang='lat' dir='ltr'><strong>ego.</strong></span> 
     </span>
    </p>
   </div>
   <div class='ocr_carea' id='block_1_12' title="bbox 507 1135 2083 1219">
    <p class='ocr_par' dir='ltr' id='par_1_12' title="bbox 507 1135 2083 1219">
     <span class='ocr_line' id='line_1_12' title="bbox 507 1135 2083 1219; baseline -0.003 -22"><span class='ocrx_word' id='word_1_85' title='bbox 507 1140 567 1197; x_wconf 85' lang='lat' dir='ltr'><strong>Si</strong></span> <span class='ocrx_word' id='word_1_86' title='bbox 590 1142 714 1212; x_wconf 85' lang='lat' dir='ltr'><strong>quis</strong></span> <span class='ocrx_word' id='word_1_87' title='bbox 738 1139 1011 1219; x_wconf 80' lang='lat' dir='ltr'><strong>unanimis</strong></span> <span class='ocrx_word' id='word_1_88' title='bbox 1036 1150 1087 1194; x_wconf 89' lang='lat' dir='ltr'><strong>et</strong></span> <span class='ocrx_word' id='word_1_89' title='bbox 1120 1139 1291 1219; x_wconf 77' lang='lat' dir='ltr'><strong>ipsius</strong></span> <span class='ocrx_word' id='word_1_90' title='bbox 1327 1138 1522 1207; x_wconf 69' lang='lat' dir='ltr'><strong>linguae</strong></span> <span class='ocrx_word' id='word_1_91' title='bbox 1549 1150 1633 1192; x_wconf 87' lang='lat' dir='ltr'><strong>est</strong></span> <span class='ocrx_word' id='word_1_92' title='bbox 1669 1135 1861 1202; x_wconf 88' lang='lat' dir='ltr'><strong>Paulo,</strong></span> <span class='ocrx_word' id='word_1_93' title='bbox 1901 1138 2083 1192; x_wconf 88' lang='lat' dir='ltr'><strong>audiet</strong></span> 
     </span>
    </p>
   </div>
   <div class='ocr_carea' id='block_1_13' title="bbox 482 1218 2079 1299">
    <p class='ocr_par' dir='ltr' id='par_1_13' title="bbox 482 1218 2079 1299">
     <span class='ocr_line' id='line_1_13' title="bbox 482 1218 2079 1299; baseline -0.001 -16"><span class='ocrx_word' id='word_1_94' title='bbox 482 1224 729 1283; x_wconf 85' lang='lat' dir='ltr'><strong>&#39;Paulum</strong></span> <span class='ocrx_word' id='word_1_95' title='bbox 763 1228 1031 1293; x_wconf 80' lang='lat' dir='ltr'><strong>dicentem</strong></span> <span class='ocrx_word' id='word_1_96' title='bbox 1062 1243 1075 1281; x_wconf 91' lang='lat'><strong>:</strong></span> <span class='ocrx_word' id='word_1_97' title='bbox 1117 1218 1403 1299; x_wconf 76' lang='lat' dir='ltr'><strong>Vivo,jain_</strong></span> <span class='ocrx_word' id='word_1_98' title='bbox 1429 1242 1533 1279; x_wconf 86' lang='lat' dir='ltr'><strong>non</strong></span> <span class='ocrx_word' id='word_1_99' title='bbox 1560 1242 1673 1296; x_wconf 90' lang='lat' dir='ltr'><strong>ego.</strong></span> <span class='ocrx_word' id='word_1_100' title='bbox 1695 1223 1802 1283; x_wconf 87' lang='lat' dir='ltr'><strong>Sed</strong></span> <span class='ocrx_word' id='word_1_101' title='bbox 1831 1242 1952 1297; x_wconf 69' lang='lat' dir='ltr'><strong>quae</strong></span> <span class='ocrx_word' id='word_1_102' title='bbox 1989 1235 2079 1281; x_wconf 87' lang='lat' dir='ltr'><strong>tua</strong></span> 
     </span>
    </p>
   </div>
   <div class='ocr_carea' id='block_1_14' title="bbox 504 1318 2075 1389">
    <p class='ocr_par' dir='ltr' id='par_1_14' title="bbox 504 1318 2075 1389">
     <span class='ocr_line' id='line_1_14' title="bbox 504 1318 2075 1389; baseline -0.004 -12"><span class='ocrx_word' id='word_1_103' title='bbox 504 1333 589 1379; x_wconf 87' lang='lat' dir='ltr'><strong>est</strong></span> <span class='ocrx_word' id='word_1_104' title='bbox 616 1323 753 1386; x_wconf 62' lang='lat' dir='ltr'><strong>vita,</strong></span> <span class='ocrx_word' id='word_1_105' title='bbox 778 1330 809 1375; x_wconf 86' lang='grc' dir='ltr'>ο</span> <span class='ocrx_word' id='word_1_106' title='bbox 838 1319 1045 1375; x_wconf 82' lang='lat' dir='ltr'><strong>Paule?</strong></span> <span class='ocrx_word' id='word_1_107' title='bbox 1077 1318 1182 1375; x_wconf 84' lang='lat' dir='ltr'><strong>Sed</strong></span> <span class='ocrx_word' id='word_1_108' title='bbox 1216 1319 1356 1382; x_wconf 82' lang='lat' dir='ltr'><strong>vivit,</strong></span> <span class='ocrx_word' id='word_1_109' title='bbox 1392 1318 1583 1387; x_wconf 88' lang='lat' dir='ltr'><strong>inquit,</strong></span> <span class='ocrx_word' id='word_1_110' title='bbox 1619 1319 1673 1373; x_wconf 85' lang='lat' dir='ltr'><strong>in</strong></span> <span class='ocrx_word' id='word_1_111' title='bbox 1702 1335 1784 1373; x_wconf 85' lang='lat' dir='ltr'><strong>me</strong></span> <span class='ocrx_word' id='word_1_112' title='bbox 1814 1318 2075 1389; x_wconf 73' lang='lat' dir='ltr'><strong>Christus.</strong></span> 
     </span>
    </p>
   </div>
   <div class='ocr_carea' id='block_1_15' title="bbox 503 1411 2079 1489">
    <p class='ocr_par' dir='ltr' id='par_1_15' title="bbox 503 1411 2079 1489">
     <span class='ocr_line' id='line_1_15' title="bbox 503 1411 2079 1489; baseline -0.001 -21"><span class='ocrx_word' id='word_1_113' title='bbox 503 1414 560 1470; x_wconf 89' lang='lat' dir='ltr'><strong>lu</strong></span> <span class='ocrx_word' id='word_1_114' title='bbox 586 1431 693 1486; x_wconf 90' lang='lat' dir='ltr'><strong>quo</strong></span> <span class='ocrx_word' id='word_1_115' title='bbox 717 1415 851 1469; x_wconf 78' lang='lat' dir='ltr'><strong>vivit</strong></span> <span class='ocrx_word' id='word_1_116' title='bbox 878 1411 1152 1477; x_wconf 82' lang='lat' dir='ltr'><strong>Christus,</strong></span> <span class='ocrx_word' id='word_1_117' title='bbox 1180 1411 1455 1489; x_wconf 77' lang='lat' dir='ltr'><strong>Christum</strong></span> <span class='ocrx_word' id='word_1_118' title='bbox 1493 1412 1714 1467; x_wconf 86' lang='lat' dir='ltr'><strong>indutus</strong></span> <span class='ocrx_word' id='word_1_119' title='bbox 1742 1421 1824 1467; x_wconf 90' lang='lat' dir='ltr'><strong>est</strong></span> <span class='ocrx_word' id='word_1_120' title='bbox 1849 1431 1862 1467; x_wconf 91' lang='lat'><strong>:</strong></span> <span class='ocrx_word' id='word_1_121' title='bbox 1893 1412 2079 1467; x_wconf 88' lang='lat' dir='ltr'><strong>istius—</strong></span> 
     </span>
    </p>
   </div>
   <div class='ocr_carea' id='block_1_16' title="bbox 504 1504 2135 1576">
    <p class='ocr_par' dir='ltr' id='par_1_16' title="bbox 504 1504 2135 1576">
     <span class='ocr_line' id='line_1_16' title="bbox 504 1504 2135 1576; baseline 0 -15"><span class='ocrx_word' id='word_1_122' title='bbox 504 1506 646 1565; x_wconf 84' lang='lat' dir='ltr'><strong>modi</strong></span> <span class='ocrx_word' id='word_1_123' title='bbox 691 1505 853 1561; x_wconf 91' lang='lat' dir='ltr'><strong>homo</strong></span> <span class='ocrx_word' id='word_1_124' title='bbox 881 1507 971 1576; x_wconf 84' lang='lat' dir='ltr'><strong>qui</strong></span> <span class='ocrx_word' id='word_1_125' title='bbox 1004 1504 1619 1571; x_wconf 82' lang='lat' dir='ltr'><strong>Christoindutnsesl,</strong></span> <span class='ocrx_word' id='word_1_126' title='bbox 1663 1520 1767 1559; x_wconf 93' lang='lat' dir='ltr'><strong>non</strong></span> <span class='ocrx_word' id='word_1_127' title='bbox 1806 1505 2075 1570; x_wconf 86' lang='lat' dir='ltr'><strong>tunicam,</strong></span> <span class='ocrx_word' id='word_1_128' title='bbox 2128 1550 2135 1561; x_wconf 87' lang='lat'><strong>.</strong></span> 
     </span>
    </p>
   </div>
   <div class='ocr_carea' id='block_1_17' title="bbox 500 1597 2076 1675">
    <p class='ocr_par' dir='ltr' id='par_1_17' title="bbox 500 1597 2076 1675">
     <span class='ocr_line' id='line_1_17' title="bbox 500 1597 2076 1675; baseline 0 -23"><span class='ocrx_word' id='word_1_129' title='bbox 500 1598 595 1653; x_wconf 87' lang='lat' dir='ltr'><strong>sed</strong></span> <span class='ocrx_word' id='word_1_130' title='bbox 638 1597 776 1658; x_wconf 83' lang='lat' dir='ltr'><strong>sicut</strong></span> <span class='ocrx_word' id='word_1_131' title='bbox 809 1598 1010 1652; x_wconf 87' lang='lat' dir='ltr'><strong>ferrum</strong></span> <span class='ocrx_word' id='word_1_132' title='bbox 1040 1598 1164 1666; x_wconf 87' lang='lat' dir='ltr'><strong>igne</strong></span> <span class='ocrx_word' id='word_1_133' title='bbox 1207 1606 1349 1675; x_wconf 74' lang='lat' dir='ltr'><strong>totus</strong></span> <span class='ocrx_word' id='word_1_134' title='bbox 1398 1614 1494 1667; x_wconf 90' lang='lat' dir='ltr'><strong>per</strong></span> <span class='ocrx_word' id='word_1_135' title='bbox 1538 1607 1709 1652; x_wconf 91' lang='lat' dir='ltr'><strong>totum</strong></span> <span class='ocrx_word' id='word_1_136' title='bbox 1758 1597 2076 1663; x_wconf 84' lang='lat' dir='ltr'><strong>incanduit,</strong></span> 
     </span>
    </p>
   </div>
   <div class='ocr_carea' id='block_1_18' title="bbox 505 1685 2075 1767">
    <p class='ocr_par' dir='ltr' id='par_1_18' title="bbox 505 1685 2075 1767">
     <span class='ocr_line' id='line_1_18' title="bbox 505 1685 2075 1767; baseline 0.001 -26"><span class='ocrx_word' id='word_1_137' title='bbox 505 1697 647 1744; x_wconf 89' lang='lat' dir='ltr'><strong>totus</strong></span> <span class='ocrx_word' id='word_1_138' title='bbox 684 1703 783 1767; x_wconf 83' lang='lat' dir='ltr'><strong>per</strong></span> <span class='ocrx_word' id='word_1_139' title='bbox 818 1698 988 1743; x_wconf 89' lang='lat' dir='ltr'><strong>totum</strong></span> <span class='ocrx_word' id='word_1_140' title='bbox 1031 1686 1369 1742; x_wconf 87' lang='lat' dir='ltr'><strong>illuminatus</strong></span> <span class='ocrx_word' id='word_1_141' title='bbox 1402 1696 1506 1754; x_wconf 85' lang='lat' dir='ltr'><strong>est,</strong></span> <span class='ocrx_word' id='word_1_142' title='bbox 1539 1686 1715 1742; x_wconf 80' lang='lat' dir='ltr'><strong>nullus</strong></span> <span class='ocrx_word' id='word_1_143' title='bbox 1757 1687 1805 1743; x_wconf 91' lang='lat' dir='ltr'><strong>ei</strong></span> <span class='ocrx_word' id='word_1_144' title='bbox 1841 1685 1955 1755; x_wconf 82' lang='lat' dir='ltr'><strong>jam</strong></span> <span class='ocrx_word' id='word_1_145' title='bbox 1989 1704 2075 1742; x_wconf 88' lang='lat' dir='ltr'><strong>re-</strong></span> 
     </span>
    </p>
   </div>
   <div class='ocr_carea' id='block_1_19' title="bbox 501 1778 2071 1860">
    <p class='ocr_par' dir='ltr' id='par_1_19' title="bbox 501 1778 2071 1860">
     <span class='ocr_line' id='line_1_19' title="bbox 501 1778 2071 1860; baseline -0.001 -26"><span class='ocrx_word' id='word_1_146' title='bbox 501 1780 661 1860; x_wconf 89' lang='lat' dir='ltr'><strong>lictus</strong></span> <span class='ocrx_word' id='word_1_147' title='bbox 698 1790 784 1836; x_wconf 86' lang='lat' dir='ltr'><strong>est</strong></span> <span class='ocrx_word' id='word_1_148' title='bbox 833 1795 941 1834; x_wconf 92' lang='lat' dir='ltr'><strong>nou</strong></span> <span class='ocrx_word' id='word_1_149' title='bbox 981 1790 1193 1845; x_wconf 89' lang='lat' dir='ltr'><strong>motus,</strong></span> <span class='ocrx_word' id='word_1_150' title='bbox 1243 1795 1349 1834; x_wconf 90' lang='lat' dir='ltr'><strong>non</strong></span> <span class='ocrx_word' id='word_1_151' title='bbox 1398 1778 1632 1834; x_wconf 75' lang='lat' dir='ltr'><strong>affectio.</strong></span> <span class='ocrx_word' id='word_1_152' title='bbox 1682 1779 1788 1834; x_wconf 87' lang='lat' dir='ltr'><strong>Sed</strong></span> <span class='ocrx_word' id='word_1_153' title='bbox 1838 1793 1935 1833; x_wconf 90' lang='lat' dir='ltr'><strong>nos</strong></span> <span class='ocrx_word' id='word_1_154' title='bbox 1983 1779 2071 1847; x_wconf 91' lang='lat' dir='ltr'><strong>qui</strong></span> 
     </span>
    </p>
   </div>
   <div class='ocr_carea' id='block_1_20' title="bbox 2188 566 3753 642">
    <p class='ocr_par' dir='ltr' id='par_1_20' title="bbox 2188 566 3753 642">
     <span class='ocr_line' id='line_1_20' title="bbox 2188 566 3753 642; baseline -0.007 -10"><span class='ocrx_word' id='word_1_155' title='bbox 2188 577 2331 632; x_wconf 82' lang='lat' dir='ltr'><strong>beati</strong></span> <span class='ocrx_word' id='word_1_156' title='bbox 2368 585 2423 631; x_wconf 91' lang='lat' dir='ltr'><strong>et</strong></span> <span class='ocrx_word' id='word_1_157' title='bbox 2454 576 2622 630; x_wconf 87' lang='lat' dir='ltr'><strong>maris</strong></span> <span class='ocrx_word' id='word_1_158' title='bbox 2658 568 2853 629; x_wconf 77' lang='lat' dir='ltr'><strong>ﬂuctus</strong></span> <span class='ocrx_word' id='word_1_159' title='bbox 2888 572 2987 642; x_wconf 83' lang='lat' dir='ltr'><strong>qui</strong></span> <span class='ocrx_word' id='word_1_160' title='bbox 3014 571 3240 642; x_wconf 88' lang='lat' dir='ltr'><strong>vestigia</strong></span> <span class='ocrx_word' id='word_1_161' title='bbox 3270 570 3483 625; x_wconf 83' lang='lat' dir='ltr'><strong>Domini</strong></span> <span class='ocrx_word' id='word_1_162' title='bbox 3522 566 3753 622; x_wconf 88' lang='lat' dir='ltr'><strong>osculati</strong></span> 
     </span>
    </p>
   </div>
   <div class='ocr_carea' id='block_1_21' title="bbox 2183 659 3756 739">
    <p class='ocr_par' dir='ltr' id='par_1_21' title="bbox 2183 659 3756 739">
     <span class='ocr_line' id='line_1_21' title="bbox 2183 659 3756 739; baseline -0.007 -14"><span class='ocrx_word' id='word_1_163' title='bbox 2183 678 2343 727; x_wconf 84' lang='lat' dir='ltr'><strong>sunt:</strong></span> <span class='ocrx_word' id='word_1_164' title='bbox 2387 677 2441 725; x_wconf 89' lang='lat' dir='ltr'><strong>et</strong></span> <span class='ocrx_word' id='word_1_165' title='bbox 2478 669 2656 739; x_wconf 83' lang='lat' dir='ltr'><strong>pisces</strong></span> <span class='ocrx_word' id='word_1_166' title='bbox 2697 666 2787 737; x_wconf 86' lang='lat' dir='ltr'><strong>qui</strong></span> <span class='ocrx_word' id='word_1_167' title='bbox 2842 673 3116 735; x_wconf 69' lang='lat' dir='ltr'><strong>praecepto</strong></span> <span class='ocrx_word' id='word_1_168' title='bbox 3160 663 3337 718; x_wconf 81' lang='lat' dir='ltr'><strong>educti</strong></span> <span class='ocrx_word' id='word_1_169' title='bbox 3374 669 3527 718; x_wconf 80' lang='lat' dir='ltr'><strong>sunt.</strong></span> <span class='ocrx_word' id='word_1_170' title='bbox 3557 659 3756 715; x_wconf 81' lang='lat' dir='ltr'><strong>Beatus</strong></span> 
     </span>
    </p>
   </div>
   <div class='ocr_carea' id='block_1_22' title="bbox 2185 752 3763 832">
    <p class='ocr_par' dir='ltr' id='par_1_22' title="bbox 2185 752 3763 832">
     <span class='ocr_line' id='line_1_22' title="bbox 2185 752 3763 832; baseline -0.006 -15"><span class='ocrx_word' id='word_1_171' title='bbox 2185 771 2241 817; x_wconf 88' lang='lat' dir='ltr'><strong>et</strong></span> <span class='ocrx_word' id='word_1_172' title='bbox 2277 760 2366 817; x_wconf 92' lang='lat' dir='ltr'><strong>ille</strong></span> <span class='ocrx_word' id='word_1_173' title='bbox 2403 760 2569 832; x_wconf 82' lang='lat' dir='ltr'><strong>piscis</strong></span> <span class='ocrx_word' id='word_1_174' title='bbox 2593 758 2684 829; x_wconf 88' lang='lat' dir='ltr'><strong>qui</strong></span> <span class='ocrx_word' id='word_1_175' title='bbox 2722 758 2868 814; x_wconf 86' lang='lat' dir='ltr'><strong>dedit</strong></span> <span class='ocrx_word' id='word_1_176' title='bbox 2900 771 3000 826; x_wconf 91' lang='lat' dir='ltr'><strong>pro</strong></span> <span class='ocrx_word' id='word_1_177' title='bbox 3037 756 3266 811; x_wconf 88' lang='lat' dir='ltr'><strong>Domino</strong></span> <span class='ocrx_word' id='word_1_178' title='bbox 3310 768 3554 809; x_wconf 87' lang='lat' dir='ltr'><strong>censum.</strong></span> <span class='ocrx_word' id='word_1_179' title='bbox 3600 752 3763 807; x_wconf 90' lang='lat' dir='ltr'><strong>Beata</strong></span> 
     </span>
    </p>
   </div>
   <div class='ocr_carea' id='block_1_23' title="bbox 2185 843 3763 920">
    <p class='ocr_par' dir='ltr' id='par_1_23' title="bbox 2185 843 3763 920">
     <span class='ocr_line' id='line_1_23' title="bbox 2185 843 3763 920; baseline -0.006 -14"><span class='ocrx_word' id='word_1_180' title='bbox 2185 862 2242 907; x_wconf 90' lang='lat' dir='ltr'><strong>et</strong></span> <span class='ocrx_word' id='word_1_181' title='bbox 2282 861 2424 907; x_wconf 88' lang='lat' dir='ltr'><strong>terra</strong></span> <span class='ocrx_word' id='word_1_182' title='bbox 2477 861 2531 906; x_wconf 88' lang='lat' dir='ltr'><strong>et</strong></span> <span class='ocrx_word' id='word_1_183' title='bbox 2581 866 2730 906; x_wconf 91' lang='lat' dir='ltr'><strong>mare</strong></span> <span class='ocrx_word' id='word_1_184' title='bbox 2774 869 2789 906; x_wconf 94' lang='lat'><strong>:</strong></span> <span class='ocrx_word' id='word_1_185' title='bbox 2834 859 3063 920; x_wconf 87' lang='lat' dir='ltr'><strong>utraque</strong></span> <span class='ocrx_word' id='word_1_186' title='bbox 3114 848 3258 902; x_wconf 90' lang='lat' dir='ltr'><strong>enim</strong></span> <span class='ocrx_word' id='word_1_187' title='bbox 3309 861 3500 916; x_wconf 86' lang='lat' dir='ltr'><strong>passus</strong></span> <span class='ocrx_word' id='word_1_188' title='bbox 3548 843 3763 899; x_wconf 83' lang='lat' dir='ltr'><strong>Domini</strong></span> 
     </span>
    </p>
   </div>
   <div class='ocr_carea' id='block_1_24' title="bbox 2184 937 3765 1013">
    <p class='ocr_par' dir='ltr' id='par_1_24' title="bbox 2184 937 3765 1013">
     <span class='ocr_line' id='line_1_24' title="bbox 2184 937 3765 1013; baseline -0.006 -14"><span class='ocrx_word' id='word_1_189' title='bbox 2184 954 2558 1013; x_wconf 84' lang='lat' dir='ltr'><strong>susceperunt.</strong></span> <span class='ocrx_word' id='word_1_190' title='bbox 2598 943 2796 998; x_wconf 88' lang='lat' dir='ltr'><strong>Beatus</strong></span> <span class='ocrx_word' id='word_1_191' title='bbox 2838 951 2894 997; x_wconf 92' lang='grc' dir='ltr'><strong>ει</strong></span> <span class='ocrx_word' id='word_1_192' title='bbox 2936 940 3232 996; x_wconf 78' lang='lat' dir='ltr'><strong>Zacchams</strong></span> <span class='ocrx_word' id='word_1_193' title='bbox 3269 939 3360 1009; x_wconf 89' lang='lat' dir='ltr'><strong>qui</strong></span> <span class='ocrx_word' id='word_1_194' title='bbox 3399 937 3642 993; x_wconf 85' lang='lat' dir='ltr'><strong>cucurrit</strong></span> <span class='ocrx_word' id='word_1_195' title='bbox 3693 937 3765 990; x_wconf 85' lang='lat' dir='ltr'><strong>ad</strong></span> 
     </span>
    </p>
   </div>
   <div class='ocr_carea' id='block_1_25' title="bbox 2185 1027 3762 1102">
    <p class='ocr_par' dir='ltr' id='par_1_25' title="bbox 2185 1027 3762 1102">
     <span class='ocr_line' id='line_1_25' title="bbox 2185 1027 3762 1102; baseline -0.006 -10"><span class='ocrx_word' id='word_1_196' title='bbox 2185 1037 2370 1102; x_wconf 82' lang='lat' dir='ltr'><strong>ﬁcum,</strong></span> <span class='ocrx_word' id='word_1_197' title='bbox 2395 1045 2451 1093; x_wconf 92' lang='lat' dir='ltr'><strong>et</strong></span> <span class='ocrx_word' id='word_1_198' title='bbox 2486 1045 2713 1091; x_wconf 88' lang='lat' dir='ltr'><strong>vocatus</strong></span> <span class='ocrx_word' id='word_1_199' title='bbox 2738 1036 2805 1089; x_wconf 90' lang='lat' dir='ltr'><strong>ad</strong></span> <span class='ocrx_word' id='word_1_200' title='bbox 2833 1036 3054 1089; x_wconf 87' lang='lat' dir='ltr'><strong>domum</strong></span> <span class='ocrx_word' id='word_1_201' title='bbox 3093 1040 3201 1088; x_wconf 89' lang='lat' dir='ltr'><strong>est.</strong></span> <span class='ocrx_word' id='word_1_202' title='bbox 3232 1031 3303 1086; x_wconf 86' lang='lat' dir='ltr'><strong>Et</strong></span> <span class='ocrx_word' id='word_1_203' title='bbox 3341 1027 3619 1101; x_wconf 76' lang='lat' dir='ltr'><strong>peccatrix</strong></span> <span class='ocrx_word' id='word_1_204' title='bbox 3669 1027 3762 1083; x_wconf 75' lang='lat' dir='ltr'><strong>illa</strong></span> 
     </span>
    </p>
   </div>
   <div class='ocr_carea' id='block_1_26' title="bbox 2184 1124 3760 1198">
    <p class='ocr_par' dir='ltr' id='par_1_26' title="bbox 2184 1124 3760 1198">
     <span class='ocr_line' id='line_1_26' title="bbox 2184 1124 3760 1198; baseline -0.005 -14"><span class='ocrx_word' id='word_1_205' title='bbox 2184 1129 2401 1196; x_wconf 88' lang='lat' dir='ltr'><strong>mulier,</strong></span> <span class='ocrx_word' id='word_1_206' title='bbox 2444 1144 2564 1198; x_wconf 66' lang='lat' dir='ltr'><strong>quae</strong></span> <span class='ocrx_word' id='word_1_207' title='bbox 2606 1129 2746 1184; x_wconf 90' lang='lat' dir='ltr'><strong>bona</strong></span> <span class='ocrx_word' id='word_1_208' title='bbox 2791 1125 3200 1197; x_wconf 85' lang='lat' dir='ltr'><strong>importunitate</strong></span> <span class='ocrx_word' id='word_1_209' title='bbox 3245 1124 3485 1194; x_wconf 83' lang='lat' dir='ltr'><strong>ingressa</strong></span> <span class='ocrx_word' id='word_1_210' title='bbox 3536 1130 3615 1178; x_wconf 88' lang='lat' dir='ltr'><strong>est</strong></span> <span class='ocrx_word' id='word_1_211' title='bbox 3669 1134 3760 1176; x_wconf 83' lang='lat' dir='ltr'><strong>re-</strong></span> 
     </span>
    </p>
   </div>
   <div class='ocr_carea' id='block_1_27' title="bbox 2180 1216 3761 1280">
    <p class='ocr_par' dir='ltr' id='par_1_27' title="bbox 2180 1216 3761 1280">
     <span class='ocr_line' id='line_1_27' title="bbox 2180 1216 3761 1280; baseline -0.006 -3"><span class='ocrx_word' id='word_1_212' title='bbox 2180 1221 2596 1277; x_wconf 89' lang='lat' dir='ltr'><strong>cumbentibns:</strong></span> <span class='ocrx_word' id='word_1_213' title='bbox 2635 1219 3002 1275; x_wconf 75' lang='lat' dir='ltr'><strong>contaminata</strong></span> <span class='ocrx_word' id='word_1_214' title='bbox 3037 1218 3181 1273; x_wconf 89' lang='lat' dir='ltr'><strong>enim</strong></span> <span class='ocrx_word' id='word_1_215' title='bbox 3214 1216 3479 1280; x_wconf 80' lang='lat' dir='ltr'><strong>introivit,</strong></span> <span class='ocrx_word' id='word_1_216' title='bbox 3515 1223 3570 1271; x_wconf 91' lang='lat' dir='ltr'><strong>et</strong></span> <span class='ocrx_word' id='word_1_217' title='bbox 3606 1226 3761 1269; x_wconf 79' lang='lat' dir='ltr'><strong>mutt-</strong></span> 
     </span>
    </p>
   </div>
   <div class='ocr_carea' id='block_1_28' title="bbox 2180 1306 3760 1383">
    <p class='ocr_par' dir='ltr' id='par_1_28' title="bbox 2180 1306 3760 1383">
     <span class='ocr_line' id='line_1_28' title="bbox 2180 1306 3760 1383; baseline -0.008 -12"><span class='ocrx_word' id='word_1_218' title='bbox 2180 1315 2304 1371; x_wconf 88' lang='lat' dir='ltr'><strong>data</strong></span> <span class='ocrx_word' id='word_1_219' title='bbox 2344 1314 2529 1370; x_wconf 79' lang='lat' dir='ltr'><strong>exivit.</strong></span> <span class='ocrx_word' id='word_1_220' title='bbox 2561 1312 2703 1383; x_wconf 85' lang='lat' dir='ltr'><strong>Ergo</strong></span> <span class='ocrx_word' id='word_1_221' title='bbox 2730 1326 2918 1369; x_wconf 89' lang='lat' dir='ltr'><strong>omnes</strong></span> <span class='ocrx_word' id='word_1_222' title='bbox 2959 1310 3099 1366; x_wconf 86' lang='lat' dir='ltr'><strong>beati</strong></span> <span class='ocrx_word' id='word_1_223' title='bbox 3142 1323 3210 1364; x_wconf 77' lang='lat' dir='ltr'><strong>ex</strong></span> <span class='ocrx_word' id='word_1_224' title='bbox 3250 1310 3483 1364; x_wconf 86' lang='lat' dir='ltr'><strong>adventu</strong></span> <span class='ocrx_word' id='word_1_225' title='bbox 3528 1306 3760 1372; x_wconf 75' lang='lat' dir='ltr'><strong>Christi,</strong></span> 
     </span>
    </p>
   </div>
   <div class='ocr_carea' id='block_1_29' title="bbox 2178 1400 3759 1477">
    <p class='ocr_par' dir='ltr' id='par_1_29' title="bbox 2178 1400 3759 1477">
     <span class='ocr_line' id='line_1_29' title="bbox 2178 1400 3759 1477; baseline -0.008 -15"><span class='ocrx_word' id='word_1_226' title='bbox 2178 1419 2235 1462; x_wconf 90' lang='lat' dir='ltr'><strong>et</strong></span> <span class='ocrx_word' id='word_1_227' title='bbox 2280 1407 2477 1464; x_wconf 87' lang='lat' dir='ltr'><strong>mortui</strong></span> <span class='ocrx_word' id='word_1_228' title='bbox 2524 1406 2615 1477; x_wconf 89' lang='lat' dir='ltr'><strong>qui</strong></span> <span class='ocrx_word' id='word_1_229' title='bbox 2653 1406 2762 1474; x_wconf 77' lang='lat' dir='ltr'><strong>jam</strong></span> <span class='ocrx_word' id='word_1_230' title='bbox 2810 1420 2915 1460; x_wconf 84' lang='lat' dir='ltr'><strong>non</strong></span> <span class='ocrx_word' id='word_1_231' title='bbox 2956 1403 3186 1465; x_wconf 86' lang='lat' dir='ltr'><strong>mortui,</strong></span> <span class='ocrx_word' id='word_1_232' title='bbox 3226 1410 3279 1456; x_wconf 87' lang='lat' dir='ltr'><strong>et</strong></span> <span class='ocrx_word' id='word_1_233' title='bbox 3320 1400 3449 1457; x_wconf 65' lang='lat' dir='ltr'><strong>caeci</strong></span> <span class='ocrx_word' id='word_1_234' title='bbox 3489 1400 3600 1471; x_wconf 84' lang='lat' dir='ltr'><strong>jam</strong></span> <span class='ocrx_word' id='word_1_235' title='bbox 3649 1408 3759 1451; x_wconf 84' lang='lat' dir='ltr'><strong>uon</strong></span> 
     </span>
    </p>
   </div>
   <div class='ocr_carea' id='block_1_30' title="bbox 2178 1490 3759 1565">
    <p class='ocr_par' dir='ltr' id='par_1_30' title="bbox 2178 1490 3759 1565">
     <span class='ocr_line' id='line_1_30' title="bbox 2178 1490 3759 1565; baseline -0.007 -10"><span class='ocrx_word' id='word_1_236' title='bbox 2178 1502 2328 1565; x_wconf 60' lang='lat' dir='ltr'><strong>caeci,</strong></span> <span class='ocrx_word' id='word_1_237' title='bbox 2359 1511 2413 1553; x_wconf 90' lang='lat' dir='ltr'><strong>et</strong></span> <span class='ocrx_word' id='word_1_238' title='bbox 2448 1499 2621 1554; x_wconf 90' lang='lat' dir='ltr'><strong>claudi</strong></span> <span class='ocrx_word' id='word_1_239' title='bbox 2671 1499 2950 1556; x_wconf 83' lang='lat' dir='ltr'><strong>salientes.</strong></span> <span class='ocrx_word' id='word_1_240' title='bbox 2978 1506 3032 1550; x_wconf 91' lang='lat' dir='ltr'><strong>et</strong></span> <span class='ocrx_word' id='word_1_241' title='bbox 3063 1495 3194 1549; x_wconf 91' lang='lat' dir='ltr'><strong>muti</strong></span> <span class='ocrx_word' id='word_1_242' title='bbox 3233 1493 3541 1558; x_wconf 77' lang='lat' dir='ltr'><strong>laudantes,</strong></span> <span class='ocrx_word' id='word_1_243' title='bbox 3578 1500 3634 1545; x_wconf 89' lang='lat' dir='ltr'><strong>et</strong></span> <span class='ocrx_word' id='word_1_244' title='bbox 3669 1490 3759 1544; x_wconf 88' lang='lat' dir='ltr'><strong>ille</strong></span> 
     </span>
    </p>
   </div>
   <div class='ocr_carea' id='block_1_31' title="bbox 2178 1580 3760 1665">
    <p class='ocr_par' dir='ltr' id='par_1_31' title="bbox 2178 1580 3760 1665">
     <span class='ocr_line' id='line_1_31' title="bbox 2178 1580 3760 1665; baseline -0.008 -18"><span class='ocrx_word' id='word_1_245' title='bbox 2178 1595 2267 1665; x_wconf 91' lang='lat' dir='ltr'><strong>qui</strong></span> <span class='ocrx_word' id='word_1_246' title='bbox 2297 1593 2515 1648; x_wconf 87' lang='lat' dir='ltr'><strong>sedebat</strong></span> <span class='ocrx_word' id='word_1_247' title='bbox 2554 1593 2619 1646; x_wconf 92' lang='lat' dir='ltr'><strong>ad</strong></span> <span class='ocrx_word' id='word_1_248' title='bbox 2653 1593 2840 1662; x_wconf 86' lang='lat' dir='ltr'><strong>pedes,</strong></span> <span class='ocrx_word' id='word_1_249' title='bbox 2881 1589 2971 1658; x_wconf 90' lang='lat' dir='ltr'><strong>qui</strong></span> <span class='ocrx_word' id='word_1_250' title='bbox 3004 1598 3132 1641; x_wconf 83' lang='lat' dir='ltr'><strong>ante</strong></span> <span class='ocrx_word' id='word_1_251' title='bbox 3172 1602 3200 1640; x_wconf 91' lang='lat' dir='ltr'><strong>a</strong></span> <span class='ocrx_word' id='word_1_252' title='bbox 3246 1585 3457 1655; x_wconf 76' lang='lat' dir='ltr'><strong>legione</strong></span> <span class='ocrx_word' id='word_1_253' title='bbox 3495 1580 3760 1651; x_wconf 85' lang='lat' dir='ltr'><strong>impulsus</strong></span> 
     </span>
    </p>
   </div>
   <div class='ocr_carea' id='block_1_32' title="bbox 2179 1675 3754 1755">
    <p class='ocr_par' dir='ltr' id='par_1_32' title="bbox 2179 1675 3754 1755">
     <span class='ocr_line' id='line_1_32' title="bbox 2179 1675 3754 1755; baseline -0.01 -15"><span class='ocrx_word' id='word_1_254' title='bbox 2179 1686 2451 1740; x_wconf 90' lang='lat' dir='ltr'><strong>currebat.</strong></span> <span class='ocrx_word' id='word_1_255' title='bbox 2499 1683 2646 1755; x_wconf 86' lang='lat' dir='ltr'><strong>Beati</strong></span> <span class='ocrx_word' id='word_1_256' title='bbox 2688 1683 2779 1753; x_wconf 91' lang='lat' dir='ltr'><strong>qui</strong></span> <span class='ocrx_word' id='word_1_257' title='bbox 2822 1681 2876 1736; x_wconf 91' lang='lat' dir='ltr'><strong>in</strong></span> <span class='ocrx_word' id='word_1_258' title='bbox 2915 1678 3120 1747; x_wconf 88' lang='lat' dir='ltr'><strong>nuptiis</strong></span> <span class='ocrx_word' id='word_1_259' title='bbox 3161 1678 3414 1732; x_wconf 87' lang='lat' dir='ltr'><strong>biberunt</strong></span> <span class='ocrx_word' id='word_1_260' title='bbox 3458 1675 3644 1729; x_wconf 88' lang='lat' dir='ltr'><strong>vinum</strong></span> <span class='ocrx_word' id='word_1_261' title='bbox 3687 1687 3754 1727; x_wconf 76' lang='lat' dir='ltr'><strong>ex</strong></span> 
     </span>
    </p>
   </div>
   <div class='ocr_carea' id='block_1_33' title="bbox 2178 1766 3760 1849">
    <p class='ocr_par' dir='ltr' id='par_1_33' title="bbox 2178 1766 3760 1849">
     <span class='ocr_line' id='line_1_33' title="bbox 2178 1766 3760 1849; baseline -0.009 -17"><span class='ocrx_word' id='word_1_262' title='bbox 2178 1787 2466 1849; x_wconf 66' lang='lat' dir='ltr'><strong>praecepto.</strong></span> <span class='ocrx_word' id='word_1_263' title='bbox 2496 1776 2635 1843; x_wconf 87' lang='lat' dir='ltr'><strong>Quid</strong></span> <span class='ocrx_word' id='word_1_264' title='bbox 2667 1777 2811 1846; x_wconf 68' lang='lat' dir='ltr'><strong>fergo</strong></span> <span class='ocrx_word' id='word_1_265' title='bbox 2851 1786 3040 1828; x_wconf 87' lang='lat' dir='ltr'><strong>omnes</strong></span> <span class='ocrx_word' id='word_1_266' title='bbox 3081 1770 3265 1833; x_wconf 89' lang='lat' dir='ltr'><strong>beati,</strong></span> <span class='ocrx_word' id='word_1_267' title='bbox 3309 1776 3402 1823; x_wconf 91' lang='lat' dir='ltr'><strong>aut</strong></span> <span class='ocrx_word' id='word_1_268' title='bbox 3442 1766 3663 1836; x_wconf 86' lang='lat' dir='ltr'><strong>quidam</strong></span> <span class='ocrx_word' id='word_1_269' title='bbox 3701 1773 3760 1819; x_wconf 69' lang='grc' dir='ltr'>ετ</span> 
     </span>
    </p>
   </div>
   <div class='ocr_carea' id='block_1_34' title="bbox 487 1851 3755 1940">
    <p class='ocr_par' dir='ltr' id='par_1_34' title="bbox 487 1851 3755 1940">
     <span class='ocr_line' id='line_1_34' title="bbox 487 1851 3755 1940; baseline -0.006 -12"><span class='ocrx_word' id='word_1_270' title='bbox 487 1855 696 1928; x_wconf 82' lang='lat' dir='ltr'><strong>Christi</strong></span> <span class='ocrx_word' id='word_1_271' title='bbox 734 1887 954 1930; x_wconf 87' lang='lat' dir='ltr'><strong>sensum</strong></span> <span class='ocrx_word' id='word_1_272' title='bbox 1005 1872 1291 1937; x_wconf 81' lang='lat' dir='ltr'><strong>habemus,</strong></span> <span class='ocrx_word' id='word_1_273' title='bbox 1340 1886 1444 1925; x_wconf 91' lang='lat' dir='ltr'><strong>non</strong></span> <span class='ocrx_word' id='word_1_274' title='bbox 1478 1870 1682 1940; x_wconf 81' lang='lat' dir='ltr'><strong>pigebit</strong></span> <span class='ocrx_word' id='word_1_275' title='bbox 1728 1885 1826 1925; x_wconf 90' lang='lat' dir='ltr'><strong>nos</strong></span> <span class='ocrx_word' id='word_1_276' title='bbox 1869 1869 2072 1931; x_wconf 89' lang='lat' dir='ltr'><strong>dicere,</strong></span> <span class='ocrx_word' id='word_1_277' title='bbox 2107 1851 2146 1908; x_wconf 75' lang='grc' dir='ltr'><strong><em>Β</em></strong></span> <span class='ocrx_word' id='word_1_278' title='bbox 2177 1871 2548 1927; x_wconf 82' lang='lat' dir='ltr'><strong>miserabiles?</strong></span> <span class='ocrx_word' id='word_1_279' title='bbox 2590 1868 2759 1926; x_wconf 77' lang='lat' dir='ltr'><strong>Judas</strong></span> <span class='ocrx_word' id='word_1_280' title='bbox 2809 1866 2951 1921; x_wconf 90' lang='lat' dir='ltr'><strong>enim</strong></span> <span class='ocrx_word' id='word_1_281' title='bbox 3009 1863 3099 1934; x_wconf 88' lang='lat' dir='ltr'><strong>qui</strong></span> <span class='ocrx_word' id='word_1_282' title='bbox 3155 1864 3361 1916; x_wconf 88' lang='lat' dir='ltr'><strong>utinam</strong></span> <span class='ocrx_word' id='word_1_283' title='bbox 3420 1865 3584 1912; x_wconf 88' lang='lat' dir='ltr'><strong>natus</strong></span> <span class='ocrx_word' id='word_1_284' title='bbox 3645 1870 3755 1909; x_wconf 83' lang='lat' dir='ltr'><strong>non</strong></span> 
     </span>
    </p>
   </div>
   <div class='ocr_carea' id='block_1_35' title="bbox 501 1947 2070 2034">
    <p class='ocr_par' dir='ltr' id='par_1_35' title="bbox 501 1947 2070 2034">
     <span class='ocr_line' id='line_1_35' title="bbox 501 1947 2070 2034; baseline -0.004 -16"><span class='ocrx_word' id='word_1_285' title='bbox 501 1965 625 2034; x_wconf 78' lang='lat' dir='ltr'><strong>quia</strong></span> <span class='ocrx_word' id='word_1_286' title='bbox 657 1951 781 2019; x_wconf 79' lang='lat' dir='ltr'><strong>talis</strong></span> <span class='ocrx_word' id='word_1_287' title='bbox 808 1963 969 2020; x_wconf 91' lang='lat' dir='ltr'><strong>homo</strong></span> <span class='ocrx_word' id='word_1_288' title='bbox 999 1947 1361 2018; x_wconf 85' lang='lat' dir='ltr'><strong>Christusest</strong></span> <span class='ocrx_word' id='word_1_289' title='bbox 1393 1964 1585 2016; x_wconf 88' lang='lat' dir='ltr'><strong>factus.</strong></span> <span class='ocrx_word' id='word_1_290' title='bbox 1612 1961 2070 2028; x_wconf 87' lang='lat' dir='ltr'><strong>Quemadmodum</strong></span> 
     </span>
    </p>
   </div>
   <div class='ocr_carea' id='block_1_36' title="bbox 500 2050 2073 2120">
    <p class='ocr_par' dir='ltr' id='par_1_36' title="bbox 500 2050 2073 2120">
     <span class='ocr_line' id='line_1_36' title="bbox 500 2050 2073 2120; baseline -0.004 -10"><span class='ocrx_word' id='word_1_291' title='bbox 500 2069 701 2120; x_wconf 85' lang='lat' dir='ltr'><strong>autem,</strong></span> <span class='ocrx_word' id='word_1_292' title='bbox 730 2055 872 2110; x_wconf 87' lang='lat' dir='ltr'><strong>sicut</strong></span> <span class='ocrx_word' id='word_1_293' title='bbox 901 2054 1104 2108; x_wconf 78' lang='lat' dir='ltr'><strong>dictant</strong></span> <span class='ocrx_word' id='word_1_294' title='bbox 1143 2064 1247 2118; x_wconf 86' lang='lat' dir='ltr'><strong>est,</strong></span> <span class='ocrx_word' id='word_1_295' title='bbox 1280 2053 1544 2107; x_wconf 90' lang='lat' dir='ltr'><strong>miscetur</strong></span> <span class='ocrx_word' id='word_1_296' title='bbox 1587 2050 1812 2106; x_wconf 77' lang='lat' dir='ltr'><strong>allectus</strong></span> <span class='ocrx_word' id='word_1_297' title='bbox 1857 2050 2073 2106; x_wconf 87' lang='lat' dir='ltr'><strong>deside-</strong></span> 
     </span>
    </p>
   </div>
   <div class='ocr_carea' id='block_1_37' title="bbox 499 2127 2072 2218">
    <p class='ocr_par' dir='ltr' id='par_1_37' title="bbox 499 2127 2072 2218">
     <span class='ocr_line' id='line_1_37' title="bbox 499 2127 2072 2218; baseline -0.004 -17"><span class='ocrx_word' id='word_1_298' title='bbox 499 2149 670 2213; x_wconf 85' lang='lat' dir='ltr'><strong>ranti,</strong></span> <span class='ocrx_word' id='word_1_299' title='bbox 715 2155 770 2202; x_wconf 89' lang='lat' dir='ltr'><strong>et</strong></span> <span class='ocrx_word' id='word_1_300' title='bbox 817 2146 1007 2218; x_wconf 87' lang='lat' dir='ltr'><strong>oculus</strong></span> <span class='ocrx_word' id='word_1_301' title='bbox 1057 2145 1241 2200; x_wconf 87' lang='lat' dir='ltr'><strong>lumen</strong></span> <span class='ocrx_word' id='word_1_302' title='bbox 1293 2127 1598 2212; x_wconf 82' lang='lat' dir='ltr'><strong>suscipiens</strong></span> <span class='ocrx_word' id='word_1_303' title='bbox 1640 2143 1869 2198; x_wconf 87' lang='lat' dir='ltr'><strong>ellicitur</strong></span> <span class='ocrx_word' id='word_1_304' title='bbox 1914 2143 2072 2195; x_wconf 88' lang='lat' dir='ltr'><strong>lumi-</strong></span> 
     </span>
    </p>
   </div>
   <div class='ocr_carea' id='block_1_38' title="bbox 498 2236 2068 2306">
    <p class='ocr_par' dir='ltr' id='par_1_38' title="bbox 498 2236 2068 2306">
     <span class='ocr_line' id='line_1_38' title="bbox 498 2236 2068 2306; baseline -0.005 -12"><span class='ocrx_word' id='word_1_305' title='bbox 498 2254 667 2296; x_wconf 88' lang='lat' dir='ltr'><strong>nosus</strong></span> <span class='ocrx_word' id='word_1_306' title='bbox 695 2261 707 2295; x_wconf 89' lang='lat'><strong>:</strong></span> <span class='ocrx_word' id='word_1_307' title='bbox 738 2248 793 2295; x_wconf 89' lang='lat' dir='ltr'><strong>et</strong></span> <span class='ocrx_word' id='word_1_308' title='bbox 825 2238 1061 2303; x_wconf 91' lang='lat' dir='ltr'><strong>ferrum;</strong></span> <span class='ocrx_word' id='word_1_309' title='bbox 1109 2237 1308 2306; x_wconf 72' lang='lat' dir='ltr'><strong>saepius</strong></span> <span class='ocrx_word' id='word_1_310' title='bbox 1355 2236 1500 2291; x_wconf 89' lang='lat' dir='ltr'><strong>enim</strong></span> <span class='ocrx_word' id='word_1_311' title='bbox 1537 2245 1856 2306; x_wconf 89' lang='lat' dir='ltr'><strong>repetuntur</strong></span> <span class='ocrx_word' id='word_1_312' title='bbox 1899 2237 2068 2298; x_wconf 91' lang='lat' dir='ltr'><strong>bona;</strong></span> 
     </span>
    </p>
   </div>
   <div class='ocr_carea' id='block_1_39' title="bbox 496 2327 2069 2401">
    <p class='ocr_par' dir='ltr' id='par_1_39' title="bbox 496 2327 2069 2401">
     <span class='ocr_line' id='line_1_39' title="bbox 496 2327 2069 2401; baseline -0.003 -18"><span class='ocrx_word' id='word_1_313' title='bbox 496 2341 622 2387; x_wconf 79' lang='lat' dir='ltr'><strong>ante</strong></span> <span class='ocrx_word' id='word_1_314' title='bbox 670 2332 847 2401; x_wconf 86' lang='lat' dir='ltr'><strong>ignem</strong></span> <span class='ocrx_word' id='word_1_315' title='bbox 897 2330 1116 2399; x_wconf 90' lang='lat' dir='ltr'><strong>quidem</strong></span> <span class='ocrx_word' id='word_1_316' title='bbox 1162 2327 1362 2383; x_wconf 87' lang='lat' dir='ltr'><strong>ferrum</strong></span> <span class='ocrx_word' id='word_1_317' title='bbox 1411 2337 1560 2393; x_wconf 88' lang='lat' dir='ltr'><strong>erat,</strong></span> <span class='ocrx_word' id='word_1_318' title='bbox 1606 2327 1659 2382; x_wconf 92' lang='lat' dir='ltr'><strong>in</strong></span> <span class='ocrx_word' id='word_1_319' title='bbox 1716 2328 1838 2397; x_wconf 88' lang='lat' dir='ltr'><strong>igne</strong></span> <span class='ocrx_word' id='word_1_320' title='bbox 1892 2338 2069 2384; x_wconf 86' lang='lat' dir='ltr'><strong>autem</strong></span> 
     </span>
    </p>
   </div>
   <div class='ocr_carea' id='block_1_40' title="bbox 497 2405 2071 2494">
    <p class='ocr_par' dir='ltr' id='par_1_40' title="bbox 497 2405 2071 2494">
     <span class='ocr_line' id='line_1_40' title="bbox 497 2405 2071 2494; baseline -0.004 -16"><span class='ocrx_word' id='word_1_321' title='bbox 497 2424 635 2491; x_wconf 75' lang='lat' dir='ltr'><strong>ignis</strong></span> <span class='ocrx_word' id='word_1_322' title='bbox 666 2423 836 2494; x_wconf 90' lang='lat' dir='ltr'><strong>magis</strong></span> <span class='ocrx_word' id='word_1_323' title='bbox 863 2438 1023 2491; x_wconf 86' lang='lat' dir='ltr'><strong>quam</strong></span> <span class='ocrx_word' id='word_1_324' title='bbox 1056 2420 1258 2475; x_wconf 88' lang='lat' dir='ltr'><strong>ferrum</strong></span> <span class='ocrx_word' id='word_1_325' title='bbox 1289 2405 1373 2475; x_wconf 77' lang='lat' dir='ltr'><strong>est</strong></span> <span class='ocrx_word' id='word_1_326' title='bbox 1404 2418 1601 2473; x_wconf 69' lang='lat' dir='ltr'><strong>factus.</strong></span> <span class='ocrx_word' id='word_1_327' title='bbox 1625 2419 1822 2473; x_wconf 84' lang='lat' dir='ltr'><strong>Audite</strong></span> <span class='ocrx_word' id='word_1_328' title='bbox 1862 2419 2071 2472; x_wconf 85' lang='lat' dir='ltr'><strong>deside-</strong></span> 
     </span>
    </p>
   </div>
   <div class='ocr_carea' id='block_1_41' title="bbox 494 2501 2070 2572">
    <p class='ocr_par' dir='ltr' id='par_1_41' title="bbox 494 2501 2070 2572">
     <span class='ocr_line' id='line_1_41' title="bbox 494 2501 2070 2572; baseline -0.005 -1"><span class='ocrx_word' id='word_1_329' title='bbox 494 2501 731 2572; x_wconf 83' lang='lat' dir='ltr'><strong>rantium</strong></span> <span class='ocrx_word' id='word_1_330' title='bbox 766 2514 927 2569; x_wconf 88' lang='lat' dir='ltr'><strong>verba</strong></span> <span class='ocrx_word' id='word_1_331' title='bbox 961 2527 1026 2567; x_wconf 89' lang='lat' dir='ltr'><strong>ne</strong></span> <span class='ocrx_word' id='word_1_332' title='bbox 1058 2510 1200 2565; x_wconf 87' lang='lat' dir='ltr'><strong>forte</strong></span> <span class='ocrx_word' id='word_1_333' title='bbox 1238 2521 1292 2565; x_wconf 91' lang='lat' dir='ltr'><strong>et</strong></span> <span class='ocrx_word' id='word_1_334' title='bbox 1323 2527 1416 2564; x_wconf 83' lang='lat' dir='ltr'><strong>vos</strong></span> <span class='ocrx_word' id='word_1_335' title='bbox 1452 2510 1775 2565; x_wconf 87' lang='lat' dir='ltr'><strong>moveamini</strong></span> <span class='ocrx_word' id='word_1_336' title='bbox 1818 2512 1882 2563; x_wconf 88' lang='lat' dir='ltr'><strong>ad</strong></span> <span class='ocrx_word' id='word_1_337' title='bbox 1925 2508 2070 2563; x_wconf 78' lang='lat' dir='ltr'><strong>desi-</strong></span> 
     </span>
    </p>
   </div>
   <div class='ocr_carea' id='block_1_42' title="bbox 495 2602 2071 2671">
    <p class='ocr_par' dir='ltr' id='par_1_42' title="bbox 495 2602 2071 2671">
     <span class='ocr_line' id='line_1_42' title="bbox 495 2602 2071 2671; baseline -0.006 -7"><span class='ocrx_word' id='word_1_338' title='bbox 495 2609 728 2664; x_wconf 82' lang='lat' dir='ltr'><strong>derium.</strong></span> <span class='ocrx_word' id='word_1_339' title='bbox 760 2606 900 2661; x_wconf 88' lang='lat' dir='ltr'><strong>Dicit</strong></span> <span class='ocrx_word' id='word_1_340' title='bbox 929 2605 1033 2661; x_wconf 88' lang='lat' dir='ltr'><strong>iste</strong></span> <span class='ocrx_word' id='word_1_341' title='bbox 1079 2604 1264 2658; x_wconf 88' lang='lat' dir='ltr'><strong>ebrius</strong></span> <span class='ocrx_word' id='word_1_342' title='bbox 1310 2619 1415 2657; x_wconf 89' lang='lat' dir='ltr'><strong>non</strong></span> <span class='ocrx_word' id='word_1_343' title='bbox 1455 2603 1601 2668; x_wconf 85' lang='lat' dir='ltr'><strong>vino,</strong></span> <span class='ocrx_word' id='word_1_344' title='bbox 1631 2602 1724 2657; x_wconf 90' lang='lat' dir='ltr'><strong>sed</strong></span> <span class='ocrx_word' id='word_1_345' title='bbox 1761 2617 1920 2671; x_wconf 86' lang='lat' dir='ltr'><strong>quem</strong></span> <span class='ocrx_word' id='word_1_346' title='bbox 1956 2602 2071 2655; x_wconf 86' lang='lat' dir='ltr'><strong>inc-</strong></span> 
     </span>
    </p>
   </div>
   <div class='ocr_carea' id='block_1_43' title="bbox 496 2692 2070 2765">
    <p class='ocr_par' dir='ltr' id='par_1_43' title="bbox 496 2692 2070 2765">
     <span class='ocr_line' id='line_1_43' title="bbox 496 2692 2070 2765; baseline -0.004 -11"><span class='ocrx_word' id='word_1_347' title='bbox 496 2699 695 2754; x_wconf 88' lang='lat' dir='ltr'><strong>briavit</strong></span> <span class='ocrx_word' id='word_1_348' title='bbox 734 2698 981 2754; x_wconf 84' lang='lat' dir='ltr'><strong>Christus</strong></span> <span class='ocrx_word' id='word_1_349' title='bbox 1021 2697 1331 2752; x_wconf 89' lang='lat' dir='ltr'><strong>desiderio:</strong></span> <span class='ocrx_word' id='word_1_350' title='bbox 1364 2692 1500 2750; x_wconf 79' lang='lat' dir='ltr'><strong>Mihi</strong></span> <span class='ocrx_word' id='word_1_351' title='bbox 1544 2707 1720 2749; x_wconf 85' lang='lat' dir='ltr'><strong>autem</strong></span> <span class='ocrx_word' id='word_1_352' title='bbox 1771 2694 1908 2748; x_wconf 79' lang='lat' dir='ltr'><strong>absit</strong></span> <span class='ocrx_word' id='word_1_353' title='bbox 1954 2694 2070 2765; x_wconf 79' lang='lat' dir='ltr'><strong>glo-</strong></span> 
     </span>
    </p>
   </div>
   <div class='ocr_carea' id='block_1_44' title="bbox 491 2780 2068 2858">
    <p class='ocr_par' dir='ltr' id='par_1_44' title="bbox 491 2780 2068 2858">
     <span class='ocr_line' id='line_1_44' title="bbox 491 2780 2068 2858; baseline -0.003 -12"><span class='ocrx_word' id='word_1_354' title='bbox 491 2793 621 2848; x_wconf 83' lang='lat' dir='ltr'><strong>riari</strong></span> <span class='ocrx_word' id='word_1_355' title='bbox 652 2791 754 2847; x_wconf 81' lang='lat' dir='ltr'><strong>nisi</strong></span> <span class='ocrx_word' id='word_1_356' title='bbox 784 2780 840 2844; x_wconf 82' lang='lat' dir='ltr'><strong>in</strong></span> <span class='ocrx_word' id='word_1_357' title='bbox 880 2799 1034 2844; x_wconf 76' lang='lat' dir='ltr'><strong>crure</strong></span> <span class='ocrx_word' id='word_1_358' title='bbox 1072 2789 1268 2843; x_wconf 75' lang='lat' dir='ltr'><strong>Christi</strong></span> <span class='ocrx_word' id='word_1_359' title='bbox 1289 2788 1334 2821; x_wconf 83' lang='lat'><strong>”</strong></span> <span class='ocrx_word' id='word_1_360' title='bbox 1363 2807 1376 2843; x_wconf 89' lang='lat'><strong>:</strong></span> <span class='ocrx_word' id='word_1_361' title='bbox 1414 2788 1467 2843; x_wconf 90' lang='lat' dir='ltr'><strong>in</strong></span> <span class='ocrx_word' id='word_1_362' title='bbox 1502 2788 1698 2858; x_wconf 87' lang='lat' dir='ltr'><strong>quibus</strong></span> <span class='ocrx_word' id='word_1_363' title='bbox 1731 2786 1806 2840; x_wconf 89' lang='lat' dir='ltr'><strong>illi</strong></span> <span class='ocrx_word' id='word_1_364' title='bbox 1839 2787 2068 2841; x_wconf 82' lang='lat' dir='ltr'><strong>confun-</strong></span> 
     </span>
    </p>
   </div>
   <div class='ocr_carea' id='block_1_45' title="bbox 491 2880 2071 2953">
    <p class='ocr_par' dir='ltr' id='par_1_45' title="bbox 491 2880 2071 2953">
     <span class='ocr_line' id='line_1_45' title="bbox 491 2880 2071 2953; baseline -0.001 -17"><span class='ocrx_word' id='word_1_365' title='bbox 491 2884 712 2947; x_wconf 80' lang='lat' dir='ltr'><strong>duntur,</strong></span> <span class='ocrx_word' id='word_1_366' title='bbox 752 2883 845 2937; x_wconf 86' lang='lat' dir='ltr'><strong>alii</strong></span> <span class='ocrx_word' id='word_1_367' title='bbox 876 2882 1219 2953; x_wconf 86' lang='lat' dir='ltr'><strong>gloriantur:</strong></span> <span class='ocrx_word' id='word_1_368' title='bbox 1254 2882 1344 2951; x_wconf 85' lang='lat' dir='ltr'><strong>qui</strong></span> <span class='ocrx_word' id='word_1_369' title='bbox 1380 2880 1525 2935; x_wconf 88' lang='lat' dir='ltr'><strong>enim</strong></span> <span class='ocrx_word' id='word_1_370' title='bbox 1563 2881 1749 2934; x_wconf 90' lang='lat' dir='ltr'><strong>ebrius</strong></span> <span class='ocrx_word' id='word_1_371' title='bbox 1774 2888 1855 2934; x_wconf 86' lang='lat' dir='ltr'><strong>est</strong></span> <span class='ocrx_word' id='word_1_372' title='bbox 1897 2880 2071 2934; x_wconf 81' lang='lat' dir='ltr'><strong>nescit</strong></span> 
     </span>
    </p>
   </div>
   <div class='ocr_carea' id='block_1_46' title="bbox 488 2956 2067 3044">
    <p class='ocr_par' dir='ltr' id='par_1_46' title="bbox 488 2956 2067 3044">
     <span class='ocr_line' id='line_1_46' title="bbox 488 2956 2067 3044; baseline -0.001 -17"><span class='ocrx_word' id='word_1_373' title='bbox 488 2964 736 3036; x_wconf 80' lang='lat' dir='ltr'><strong>irrideri,</strong></span> <span class='ocrx_word' id='word_1_374' title='bbox 772 2973 864 3028; x_wconf 89' lang='lat' dir='ltr'><strong>sed</strong></span> <span class='ocrx_word' id='word_1_375' title='bbox 900 2972 1105 3030; x_wconf 75' lang='lat' dir='ltr'><strong>irridet</strong></span> <span class='ocrx_word' id='word_1_376' title='bbox 1139 2956 1461 3044; x_wconf 80' lang='lat' dir='ltr'><strong>irridentes,</strong></span> <span class='ocrx_word' id='word_1_377' title='bbox 1507 2965 1596 3027; x_wconf 81' lang='lat' dir='ltr'><strong>est</strong></span> <span class='ocrx_word' id='word_1_378' title='bbox 1636 2973 1779 3027; x_wconf 90' lang='lat' dir='ltr'><strong>enim</strong></span> <span class='ocrx_word' id='word_1_379' title='bbox 1836 2981 1978 3027; x_wconf 91' lang='lat' dir='ltr'><strong>totus</strong></span> <span class='ocrx_word' id='word_1_380' title='bbox 2015 2970 2067 3025; x_wconf 89' lang='lat' dir='ltr'><strong>in</strong></span> 
     </span>
    </p>
   </div>
   <div class='ocr_carea' id='block_1_47' title="bbox 490 3058 2069 3137">
    <p class='ocr_par' dir='ltr' id='par_1_47' title="bbox 490 3058 2069 3137">
     <span class='ocr_line' id='line_1_47' title="bbox 490 3058 2069 3137; baseline 0.001 -19"><span class='ocrx_word' id='word_1_381' title='bbox 490 3067 639 3121; x_wconf 81' lang='lat' dir='ltr'><strong>vino.</strong></span> <span class='ocrx_word' id='word_1_382' title='bbox 681 3058 738 3123; x_wconf 81' lang='lat' dir='ltr'><strong>Si</strong></span> <span class='ocrx_word' id='word_1_383' title='bbox 771 3082 901 3137; x_wconf 89' lang='lat' dir='ltr'><strong>ergo</strong></span> <span class='ocrx_word' id='word_1_384' title='bbox 947 3066 1037 3136; x_wconf 90' lang='lat' dir='ltr'><strong>qui</strong></span> <span class='ocrx_word' id='word_1_385' title='bbox 1081 3066 1135 3120; x_wconf 92' lang='lat' dir='ltr'><strong>in</strong></span> <span class='ocrx_word' id='word_1_386' title='bbox 1165 3066 1295 3120; x_wconf 89' lang='lat' dir='ltr'><strong>vino</strong></span> <span class='ocrx_word' id='word_1_387' title='bbox 1324 3072 1408 3121; x_wconf 82' lang='lat' dir='ltr'><strong>est</strong></span> <span class='ocrx_word' id='word_1_388' title='bbox 1441 3081 1546 3120; x_wconf 90' lang='lat' dir='ltr'><strong>non</strong></span> <span class='ocrx_word' id='word_1_389' title='bbox 1585 3064 1876 3131; x_wconf 84' lang='lat' dir='ltr'><strong>irridetur;</strong></span> <span class='ocrx_word' id='word_1_390' title='bbox 1909 3074 2069 3134; x_wconf 87' lang='lat' dir='ltr'><strong>putas</strong></span> 
     </span>
    </p>
   </div>
   <div class='ocr_carea' id='block_1_48' title="bbox 492 3156 2137 3250">
    <p class='ocr_par' dir='ltr' id='par_1_48' title="bbox 492 3156 2137 3250">
     <span class='ocr_line' id='line_1_48' title="bbox 492 3156 2137 3250; baseline -0.002 -38"><span class='ocrx_word' id='word_1_391' title='bbox 492 3159 666 3227; x_wconf 91' lang='lat' dir='ltr'><strong>qui-in</strong></span> <span class='ocrx_word' id='word_1_392' title='bbox 702 3158 919 3214; x_wconf 88' lang='lat' dir='ltr'><strong>Christo</strong></span> <span class='ocrx_word' id='word_1_393' title='bbox 956 3167 1040 3213; x_wconf 90' lang='lat' dir='ltr'><strong>est</strong></span> <span class='ocrx_word' id='word_1_394' title='bbox 1067 3158 1167 3213; x_wconf 91' lang='lat' dir='ltr'><strong>scit</strong></span> <span class='ocrx_word' id='word_1_395' title='bbox 1192 3158 1320 3227; x_wconf 88' lang='lat' dir='ltr'><strong>quid</strong></span> <span class='ocrx_word' id='word_1_396' title='bbox 1352 3166 1433 3212; x_wconf 86' lang='lat' dir='ltr'><strong>est</strong></span> <span class='ocrx_word' id='word_1_397' title='bbox 1474 3156 1758 3212; x_wconf 78' lang='lat' dir='ltr'><strong>confusio?</strong></span> <span class='ocrx_word' id='word_1_398' title='bbox 1791 3173 1895 3211; x_wconf 87' lang='lat' dir='ltr'><strong>non</strong></span> <span class='ocrx_word' id='word_1_399' title='bbox 1923 3156 2064 3211; x_wconf 90' lang='lat' dir='ltr'><strong>enim</strong></span> <span class='ocrx_word' id='word_1_400' title='bbox 2094 3195 2137 3250; x_wconf 66' lang='grc' dir='ltr'>ο</span> 
     </span>
    </p>
   </div>
   <div class='ocr_carea' id='block_1_49' title="bbox 490 3246 2062 3322">
    <p class='ocr_par' dir='ltr' id='par_1_49' title="bbox 490 3246 2062 3322">
     <span class='ocr_line' id='line_1_49' title="bbox 490 3246 2062 3322; baseline -0.003 -16"><span class='ocrx_word' id='word_1_401' title='bbox 490 3246 568 3306; x_wconf 74' lang='lat' dir='ltr'><strong>ita</strong></span> <span class='ocrx_word' id='word_1_402' title='bbox 602 3250 773 3322; x_wconf 81' lang='lat' dir='ltr'><strong>tangit</strong></span> <span class='ocrx_word' id='word_1_403' title='bbox 798 3251 980 3305; x_wconf 84' lang='lat' dir='ltr'><strong>vinum</strong></span> <span class='ocrx_word' id='word_1_404' title='bbox 1019 3249 1314 3314; x_wconf 89' lang='lat' dir='ltr'><strong>hominem,</strong></span> <span class='ocrx_word' id='word_1_405' title='bbox 1344 3259 1608 3318; x_wconf 89' lang='lat' dir='ltr'><strong>quantum</strong></span> <span class='ocrx_word' id='word_1_406' title='bbox 1645 3248 1816 3317; x_wconf 78' lang='lat' dir='ltr'><strong>tangit</strong></span> <span class='ocrx_word' id='word_1_407' title='bbox 1849 3248 2062 3302; x_wconf 85' lang='lat' dir='ltr'><strong>virtus:</strong></span> 
     </span>
    </p>
   </div>
   <div class='ocr_carea' id='block_1_50' title="bbox 488 3340 2071 3413">
    <p class='ocr_par' dir='ltr' id='par_1_50' title="bbox 488 3340 2071 3413">
     <span class='ocr_line' id='line_1_50' title="bbox 488 3340 2071 3413; baseline -0.001 -16"><span class='ocrx_word' id='word_1_408' title='bbox 488 3343 776 3413; x_wconf 78' lang='lat' dir='ltr'><strong>nequeita</strong></span> <span class='ocrx_word' id='word_1_409' title='bbox 814 3342 982 3413; x_wconf 81' lang='lat' dir='ltr'><strong>tangit</strong></span> <span class='ocrx_word' id='word_1_410' title='bbox 1033 3340 1172 3413; x_wconf 86' lang='lat' dir='ltr'><strong>ignis</strong></span> <span class='ocrx_word' id='word_1_411' title='bbox 1226 3354 1288 3394; x_wconf 88' lang='lat' dir='ltr'><strong>ea</strong></span> <span class='ocrx_word' id='word_1_412' title='bbox 1335 3355 1455 3410; x_wconf 65' lang='lat' dir='ltr'><strong>quae</strong></span> <span class='ocrx_word' id='word_1_413' title='bbox 1496 3340 1549 3393; x_wconf 91' lang='lat' dir='ltr'><strong>in</strong></span> <span class='ocrx_word' id='word_1_414' title='bbox 1601 3342 1774 3410; x_wconf 84' lang='lat' dir='ltr'><strong>ipsum</strong></span> <span class='ocrx_word' id='word_1_415' title='bbox 1821 3354 2071 3395; x_wconf 82' lang='lat' dir='ltr'><strong>Incurre-</strong></span> 
     </span>
    </p>
   </div>
   <div class='ocr_carea' id='block_1_51' title="bbox 488 3425 2072 3505">
    <p class='ocr_par' dir='ltr' id='par_1_51' title="bbox 488 3425 2072 3505">
     <span class='ocr_line' id='line_1_51' title="bbox 488 3425 2072 3505; baseline -0.002 -16"><span class='ocrx_word' id='word_1_416' title='bbox 488 3432 631 3501; x_wconf 86' lang='lat' dir='ltr'><strong>rint,</strong></span> <span class='ocrx_word' id='word_1_417' title='bbox 668 3445 929 3505; x_wconf 87' lang='lat' dir='ltr'><strong>quantum</strong></span> <span class='ocrx_word' id='word_1_418' title='bbox 975 3432 1245 3487; x_wconf 87' lang='lat' dir='ltr'><strong>illuminat</strong></span> <span class='ocrx_word' id='word_1_419' title='bbox 1278 3425 1579 3488; x_wconf 35' lang='lat' dir='ltr'><strong>Filius‘eos</strong></span> <span class='ocrx_word' id='word_1_420' title='bbox 1630 3433 1721 3502; x_wconf 89' lang='lat' dir='ltr'><strong>qui</strong></span> <span class='ocrx_word' id='word_1_421' title='bbox 1765 3447 1825 3487; x_wconf 88' lang='lat' dir='ltr'><strong>se</strong></span> <span class='ocrx_word' id='word_1_422' title='bbox 1869 3431 2072 3487; x_wconf 77' lang='lat' dir='ltr'><strong>fuerint</strong></span> 
     </span>
    </p>
   </div>
   <div class='ocr_carea' id='block_1_52' title="bbox 490 3510 2067 3593">
    <p class='ocr_par' dir='ltr' id='par_1_52' title="bbox 490 3510 2067 3593">
     <span class='ocr_line' id='line_1_52' title="bbox 490 3510 2067 3593; baseline 0.001 -16"><span class='ocrx_word' id='word_1_423' title='bbox 490 3522 685 3578; x_wconf 81' lang='lat' dir='ltr'><strong>induti.</strong></span> <span class='ocrx_word' id='word_1_424' title='bbox 713 3523 846 3591; x_wconf 86' lang='lat' dir='ltr'><strong>Quis</strong></span> <span class='ocrx_word' id='word_1_425' title='bbox 884 3535 1041 3592; x_wconf 86' lang='lat' dir='ltr'><strong>putas</strong></span> <span class='ocrx_word' id='word_1_426' title='bbox 1072 3523 1238 3579; x_wconf 87' lang='lat' dir='ltr'><strong>habet</strong></span> <span class='ocrx_word' id='word_1_427' title='bbox 1281 3510 1559 3578; x_wconf 85' lang='lat' dir='ltr'><strong>Christum</strong></span> <span class='ocrx_word' id='word_1_428' title='bbox 1590 3525 1682 3593; x_wconf 90' lang='lat' dir='ltr'><strong>qui</strong></span> <span class='ocrx_word' id='word_1_429' title='bbox 1720 3524 2067 3593; x_wconf 68' lang='lat' dir='ltr'><strong>praedicatur,</strong></span> 
     </span>
    </p>
   </div>
   <div class='ocr_carea' id='block_1_53' title="bbox 495 3597 2072 3685">
    <p class='ocr_par' dir='ltr' id='par_1_53' title="bbox 495 3597 2072 3685">
     <span class='ocr_line' id='line_1_53' title="bbox 495 3597 2072 3685; baseline 0.004 -19"><span class='ocrx_word' id='word_1_430' title='bbox 495 3623 555 3666; x_wconf 86' lang='grc' dir='ltr'><strong>ιιι</strong></span> <span class='ocrx_word' id='word_1_431' title='bbox 582 3626 771 3670; x_wconf 87' lang='lat' dir='ltr'><strong>noscat</strong></span> <span class='ocrx_word' id='word_1_432' title='bbox 809 3630 870 3670; x_wconf 90' lang='lat' dir='ltr'><strong>ea</strong></span> <span class='ocrx_word' id='word_1_433' title='bbox 917 3629 1036 3685; x_wconf 66' lang='lat' dir='ltr'><strong>quae</strong></span> <span class='ocrx_word' id='word_1_434' title='bbox 1071 3615 1358 3676; x_wconf 82' lang='lat' dir='ltr'><strong>dicuntur?</strong></span> <span class='ocrx_word' id='word_1_435' title='bbox 1386 3597 1508 3670; x_wconf 84' lang='lat' dir='ltr'><strong>cum</strong></span> <span class='ocrx_word' id='word_1_436' title='bbox 1553 3617 1699 3671; x_wconf 92' lang='lat' dir='ltr'><strong>enim</strong></span> <span class='ocrx_word' id='word_1_437' title='bbox 1751 3634 1858 3672; x_wconf 85' lang='lat' dir='ltr'><strong>non</strong></span> <span class='ocrx_word' id='word_1_438' title='bbox 1909 3619 2072 3674; x_wconf 78' lang='lat' dir='ltr'><strong>fuerit</strong></span> 
     </span>
    </p>
   </div>
   <div class='ocr_carea' id='block_1_54' title="bbox 496 3705 2071 3781">
    <p class='ocr_par' dir='ltr' id='par_1_54' title="bbox 496 3705 2071 3781">
     <span class='ocr_line' id='line_1_54' title="bbox 496 3705 2071 3781; baseline 0.003 -22"><span class='ocrx_word' id='word_1_439' title='bbox 496 3705 825 3760; x_wconf 84' lang='lat' dir='ltr'><strong>conscientia</strong></span> <span class='ocrx_word' id='word_1_440' title='bbox 857 3705 1000 3761; x_wconf 88' lang='lat' dir='ltr'><strong>intus</strong></span> <span class='ocrx_word' id='word_1_441' title='bbox 1031 3721 1151 3777; x_wconf 70' lang='lat' dir='ltr'><strong>qua:</strong></span> <span class='ocrx_word' id='word_1_442' title='bbox 1180 3707 1425 3763; x_wconf 88' lang='lat' dir='ltr'><strong>sermoni</strong></span> <span class='ocrx_word' id='word_1_443' title='bbox 1465 3716 1717 3770; x_wconf 87' lang='lat' dir='ltr'><strong>testetnr,</strong></span> <span class='ocrx_word' id='word_1_444' title='bbox 1748 3710 1922 3763; x_wconf 81' lang='lat' dir='ltr'><strong>otiosa</strong></span> <span class='ocrx_word' id='word_1_445' title='bbox 1952 3710 2071 3781; x_wconf 88' lang='lat' dir='ltr'><strong>ejus</strong></span> 
     </span>
    </p>
   </div>
   <div class='ocr_carea' id='block_1_55' title="bbox 492 3792 2070 3872">
    <p class='ocr_par' dir='ltr' id='par_1_55' title="bbox 492 3792 2070 3872">
     <span class='ocr_line' id='line_1_55' title="bbox 492 3792 2070 3872; baseline 0.006 -23"><span class='ocrx_word' id='word_1_446' title='bbox 492 3797 585 3866; x_wconf 88' lang='lat' dir='ltr'><strong>qui</strong></span> <span class='ocrx_word' id='word_1_447' title='bbox 628 3797 870 3869; x_wconf 86' lang='lat' dir='ltr'><strong>loquitur</strong></span> <span class='ocrx_word' id='word_1_448' title='bbox 916 3798 1081 3854; x_wconf 87' lang='lat' dir='ltr'><strong>verba</strong></span> <span class='ocrx_word' id='word_1_449' title='bbox 1135 3792 1602 3866; x_wconf 43' lang='lat' dir='ltr'><strong>habebuntur,&#39;et</strong></span> <span class='ocrx_word' id='word_1_450' title='bbox 1644 3801 1929 3867; x_wconf 86' lang='lat' dir='ltr'><strong>emcietur,</strong></span> <span class='ocrx_word' id='word_1_451' title='bbox 1978 3805 2070 3872; x_wconf 92' lang='lat' dir='ltr'><strong>qui</strong></span> 
     </span>
    </p>
   </div>
   <div class='ocr_carea' id='block_1_56' title="bbox 493 3878 2069 3965">
    <p class='ocr_par' dir='ltr' id='par_1_56' title="bbox 493 3878 2069 3965">
     <span class='ocr_line' id='line_1_56' title="bbox 493 3878 2069 3965; baseline 0.004 -21"><span class='ocrx_word' id='word_1_452' title='bbox 493 3886 753 3965; x_wconf 78' lang='lat' dir='ltr'><strong>loquitur,</strong></span> <span class='ocrx_word' id='word_1_453' title='bbox 780 3890 1042 3946; x_wconf 87' lang='lat' dir='ltr'><strong>barbarus</strong></span> <span class='ocrx_word' id='word_1_454' title='bbox 1070 3892 1139 3948; x_wconf 89' lang='lat' dir='ltr'><strong>iis</strong></span> <span class='ocrx_word' id='word_1_455' title='bbox 1168 3894 1261 3962; x_wconf 88' lang='lat' dir='ltr'><strong>qui</strong></span> <span class='ocrx_word' id='word_1_456' title='bbox 1306 3907 1413 3948; x_wconf 91' lang='lat' dir='ltr'><strong>non</strong></span> <span class='ocrx_word' id='word_1_457' title='bbox 1446 3878 1690 3948; x_wconf 88' lang='lat' dir='ltr'><strong>audiunt.</strong></span> <span class='ocrx_word' id='word_1_458' title='bbox 1722 3893 1854 3949; x_wconf 90' lang='lat' dir='ltr'><strong>Cum</strong></span> <span class='ocrx_word' id='word_1_459' title='bbox 1888 3905 2069 3950; x_wconf 89' lang='lat' dir='ltr'><strong>autem</strong></span> 
     </span>
    </p>
   </div>
   <div class='ocr_carea' id='block_1_57' title="bbox 494 3980 2074 4053">
    <p class='ocr_par' dir='ltr' id='par_1_57' title="bbox 494 3980 2074 4053">
     <span class='ocr_line' id='line_1_57' title="bbox 494 3980 2074 4053; baseline 0.003 -17"><span class='ocrx_word' id='word_1_460' title='bbox 494 3980 828 4051; x_wconf 70' lang='lat' dir='ltr'><strong>praeveniens</strong></span> <span class='ocrx_word' id='word_1_461' title='bbox 865 3981 1045 4036; x_wconf 89' lang='lat' dir='ltr'><strong>anima</strong></span> <span class='ocrx_word' id='word_1_462' title='bbox 1080 3983 1443 4039; x_wconf 88' lang='lat' dir='ltr'><strong>recondiderit</strong></span> <span class='ocrx_word' id='word_1_463' title='bbox 1474 3985 1601 4048; x_wconf 86' lang='lat' dir='ltr'><strong>sibi,</strong></span> <span class='ocrx_word' id='word_1_464' title='bbox 1636 3994 1701 4053; x_wconf 66' lang='grc' dir='ltr'><strong>ει,</strong></span> <span class='ocrx_word' id='word_1_465' title='bbox 1723 3985 1871 4039; x_wconf 86' lang='lat' dir='ltr'><strong>nnita</strong></span> <span class='ocrx_word' id='word_1_466' title='bbox 1910 3985 2074 4041; x_wconf 91' lang='lat' dir='ltr'><strong>fuerit</strong></span> 
     </span>
    </p>
   </div>
   <div class='ocr_carea' id='block_1_58' title="bbox 495 4064 2071 4146">
    <p class='ocr_par' dir='ltr' id='par_1_58' title="bbox 495 4064 2071 4146">
     <span class='ocr_line' id='line_1_58' title="bbox 495 4064 2071 4146; baseline 0.007 -23"><span class='ocrx_word' id='word_1_467' title='bbox 495 4072 794 4141; x_wconf 88' lang='lat' dir='ltr'><strong>desiderio;</strong></span> <span class='ocrx_word' id='word_1_468' title='bbox 830 4071 975 4129; x_wconf 86' lang='lat' dir='ltr'><strong>forte</strong></span> <span class='ocrx_word' id='word_1_469' title='bbox 1001 4085 1056 4130; x_wconf 90' lang='lat' dir='ltr'><strong>et</strong></span> <span class='ocrx_word' id='word_1_470' title='bbox 1096 4075 1351 4131; x_wconf 88' lang='lat' dir='ltr'><strong>irascitur</strong></span> <span class='ocrx_word' id='word_1_471' title='bbox 1386 4076 1453 4131; x_wconf 89' lang='lat' dir='ltr'><strong>ad</strong></span> <span class='ocrx_word' id='word_1_472' title='bbox 1483 4064 1781 4142; x_wconf 70' lang='lat' dir='ltr'><strong>“dicentem,</strong></span> <span class='ocrx_word' id='word_1_473' title='bbox 1809 4079 1935 4146; x_wconf 88' lang='lat' dir='ltr'><strong>quia</strong></span> <span class='ocrx_word' id='word_1_474' title='bbox 1965 4095 2071 4135; x_wconf 91' lang='lat' dir='ltr'><strong>non</strong></span> 
     </span>
    </p>
   </div>
   <div class='ocr_carea' id='block_1_59' title="bbox 498 4164 2074 4237">
    <p class='ocr_par' dir='ltr' id='par_1_59' title="bbox 498 4164 2074 4237">
     <span class='ocr_line' id='line_1_59' title="bbox 498 4164 2074 4237; baseline 0.005 -19"><span class='ocrx_word' id='word_1_475' title='bbox 498 4168 647 4219; x_wconf 88' lang='lat' dir='ltr'><strong>tanta</strong></span> <span class='ocrx_word' id='word_1_476' title='bbox 674 4165 1065 4236; x_wconf 86' lang='lat' dir='ltr'><strong>interpretatur</strong></span> <span class='ocrx_word' id='word_1_477' title='bbox 1098 4164 1297 4237; x_wconf 82' lang='lat' dir='ltr'><strong>quanta</strong></span> <span class='ocrx_word' id='word_1_478' title='bbox 1332 4168 1504 4237; x_wconf 79' lang='lat' dir='ltr'><strong>ipsam</strong></span> <span class='ocrx_word' id='word_1_479' title='bbox 1538 4178 1774 4224; x_wconf 84' lang='lat' dir='ltr'><strong>movent.</strong></span> <span class='ocrx_word' id='word_1_480' title='bbox 1806 4169 1910 4225; x_wconf 86' lang='lat' dir='ltr'><strong>Sed</strong></span> <span class='ocrx_word' id='word_1_481' title='bbox 1944 4187 2074 4226; x_wconf 87' lang='lat' dir='ltr'><strong>con-</strong></span> 
     </span>
    </p>
   </div>
   <div class='ocr_carea' id='block_1_60' title="bbox 503 4255 2072 4330">
    <p class='ocr_par' dir='ltr' id='par_1_60' title="bbox 503 4255 2072 4330">
     <span class='ocr_line' id='line_1_60' title="bbox 503 4255 2072 4330; baseline 0.006 -25"><span class='ocrx_word' id='word_1_482' title='bbox 503 4255 684 4310; x_wconf 69' lang='lat' dir='ltr'><strong>cedite</strong></span> <span class='ocrx_word' id='word_1_483' title='bbox 731 4255 1042 4325; x_wconf 79' lang='lat' dir='ltr'><strong>quicunque</strong></span> <span class='ocrx_word' id='word_1_484' title='bbox 1087 4256 1159 4309; x_wconf 80' lang='lat' dir='ltr'><strong>ita.</strong></span> <span class='ocrx_word' id='word_1_485' title='bbox 1219 4256 1619 4328; x_wconf 87' lang='lat' dir='ltr'><strong>proposuistis;</strong></span> <span class='ocrx_word' id='word_1_486' title='bbox 1680 4258 2072 4330; x_wconf 66' lang='lat' dir='ltr'><strong>ininterpreta-</strong></span> 
     </span>
    </p>
   </div>
   <div class='ocr_carea' id='block_1_61' title="bbox 494 4339 2072 4432">
    <p class='ocr_par' dir='ltr' id='par_1_61' title="bbox 494 4339 2072 4432">
     <span class='ocr_line' id='line_1_61' title="bbox 494 4339 2072 4432; baseline 0.002 -30"><span class='ocrx_word' id='word_1_487' title='bbox 494 4348 617 4403; x_wconf 83' lang='lat' dir='ltr'><strong>bilis</strong></span> <span class='ocrx_word' id='word_1_488' title='bbox 659 4347 804 4403; x_wconf 89' lang='lat' dir='ltr'><strong>enim</strong></span> <span class='ocrx_word' id='word_1_489' title='bbox 853 4349 1057 4432; x_wconf 80' lang='lat' dir='ltr'><strong>estqui</strong></span> <span class='ocrx_word' id='word_1_490' title='bbox 1102 4339 1463 4410; x_wconf 72' lang='lat' dir='ltr'><strong>desideratur.</strong></span> <span class='ocrx_word' id='word_1_491' title='bbox 1512 4350 1626 4422; x_wconf 86' lang='lat' dir='ltr'><strong>Ego</strong></span> <span class='ocrx_word' id='word_1_492' title='bbox 1678 4364 1814 4406; x_wconf 87' lang='lat' dir='ltr'><strong>sane</strong></span> <span class='ocrx_word' id='word_1_493' title='bbox 1859 4351 2072 4407; x_wconf 85' lang='lat' dir='ltr'><strong>beatam</strong></span> 
     </span>
    </p>
   </div>
   <div class='ocr_carea' id='block_1_62' title="bbox 495 4439 2074 4512">
    <p class='ocr_par' dir='ltr' id='par_1_62' title="bbox 495 4439 2074 4512">
     <span class='ocr_line' id='line_1_62' title="bbox 495 4439 2074 4512; baseline 0.002 -18"><span class='ocrx_word' id='word_1_494' title='bbox 495 4442 614 4505; x_wconf 87' lang='lat' dir='ltr'><strong>dico</strong></span> <span class='ocrx_word' id='word_1_495' title='bbox 634 4439 826 4505; x_wconf 89' lang='lat' dir='ltr'><strong>illam,</strong></span> <span class='ocrx_word' id='word_1_496' title='bbox 872 4457 991 4512; x_wconf 80' lang='lat' dir='ltr'><strong>qua:</strong></span> <span class='ocrx_word' id='word_1_497' title='bbox 1025 4442 1184 4511; x_wconf 86' lang='lat' dir='ltr'><strong>digna</strong></span> <span class='ocrx_word' id='word_1_498' title='bbox 1227 4440 1468 4509; x_wconf 80' lang='lat' dir='ltr'><strong>iudicata</strong></span> <span class='ocrx_word' id='word_1_499' title='bbox 1520 4451 1605 4497; x_wconf 88' lang='lat' dir='ltr'><strong>est</strong></span> <span class='ocrx_word' id='word_1_500' title='bbox 1639 4440 1807 4496; x_wconf 90' lang='lat' dir='ltr'><strong>Deum</strong></span> <span class='ocrx_word' id='word_1_501' title='bbox 1857 4451 2074 4511; x_wconf 90' lang='lat' dir='ltr'><strong>portare</strong></span> 
     </span>
    </p>
   </div>
   <div class='ocr_carea' id='block_1_63' title="bbox 2174 1948 3753 2035">
    <p class='ocr_par' dir='ltr' id='par_1_63' title="bbox 2174 1948 3753 2035">
     <span class='ocr_line' id='line_1_63' title="bbox 2174 1948 3753 2035; baseline -0.013 -15"><span class='ocrx_word' id='word_1_502' title='bbox 2174 1965 2354 2020; x_wconf 82' lang='lat' dir='ltr'><strong>esset!</strong></span> <span class='ocrx_word' id='word_1_503' title='bbox 2409 1974 2569 2035; x_wconf 88' lang='lat' dir='ltr'><strong>putas</strong></span> <span class='ocrx_word' id='word_1_504' title='bbox 2628 1961 2755 2030; x_wconf 83' lang='lat' dir='ltr'><strong>quia</strong></span> <span class='ocrx_word' id='word_1_505' title='bbox 2817 1959 2955 2028; x_wconf 89' lang='lat' dir='ltr'><strong>apud</strong></span> <span class='ocrx_word' id='word_1_506' title='bbox 3012 1955 3363 2024; x_wconf 79' lang='lat' dir='ltr'><strong>semetipsum</strong></span> <span class='ocrx_word' id='word_1_507' title='bbox 3417 1966 3525 2006; x_wconf 87' lang='lat' dir='ltr'><strong>non</strong></span> <span class='ocrx_word' id='word_1_508' title='bbox 3578 1948 3753 2004; x_wconf 72' lang='lat' dir='ltr'><strong>dixit:</strong></span> 
     </span>
    </p>
   </div>
   <div class='ocr_carea' id='block_1_64' title="bbox 2175 2039 3751 2119">
    <p class='ocr_par' dir='ltr' id='par_1_64' title="bbox 2175 2039 3751 2119">
     <span class='ocr_line' id='line_1_64' title="bbox 2175 2039 3751 2119; baseline -0.014 -5"><span class='ocrx_word' id='word_1_509' title='bbox 2175 2054 2391 2115; x_wconf 86' lang='lat' dir='ltr'><strong>Utinam</strong></span> <span class='ocrx_word' id='word_1_510' title='bbox 2440 2070 2544 2111; x_wconf 90' lang='lat' dir='ltr'><strong>non</strong></span> <span class='ocrx_word' id='word_1_511' title='bbox 2581 2054 2854 2115; x_wconf 74' lang='lat' dir='ltr'><strong>venisset,</strong></span> <span class='ocrx_word' id='word_1_512' title='bbox 2906 2057 2972 2104; x_wconf 87' lang='lat' dir='ltr'><strong>ut</strong></span> <span class='ocrx_word' id='word_1_513' title='bbox 3012 2063 3115 2119; x_wconf 90' lang='lat' dir='ltr'><strong>ego</strong></span> <span class='ocrx_word' id='word_1_514' title='bbox 3163 2061 3269 2101; x_wconf 88' lang='lat' dir='ltr'><strong>non</strong></span> <span class='ocrx_word' id='word_1_515' title='bbox 3322 2039 3751 2099; x_wconf 80' lang='lat' dir='ltr'><strong>condemuarer!</strong></span> 
     </span>
    </p>
   </div>
   <div class='ocr_carea' id='block_1_65' title="bbox 2172 2133 3756 2202">
    <p class='ocr_par' dir='ltr' id='par_1_65' title="bbox 2172 2133 3756 2202">
     <span class='ocr_line' id='line_1_65' title="bbox 2172 2133 3756 2202; baseline -0.009 -2"><span class='ocrx_word' id='word_1_516' title='bbox 2172 2145 2336 2202; x_wconf 81' lang='lat' dir='ltr'><strong>Putas</strong></span> <span class='ocrx_word' id='word_1_517' title='bbox 2378 2154 2433 2200; x_wconf 90' lang='lat' dir='ltr'><strong>et</strong></span> <span class='ocrx_word' id='word_1_518' title='bbox 2485 2144 2652 2202; x_wconf 66' lang='lat' dir='ltr'><strong>Judaei</strong></span> <span class='ocrx_word' id='word_1_519' title='bbox 2716 2143 2760 2197; x_wconf 88' lang='lat' dir='ltr'><strong>si</strong></span> <span class='ocrx_word' id='word_1_520' title='bbox 2810 2140 3108 2197; x_wconf 89' lang='lat' dir='ltr'><strong>voluissent</strong></span> <span class='ocrx_word' id='word_1_521' title='bbox 3172 2137 3400 2192; x_wconf 78' lang='lat' dir='ltr'><strong>fuissent</strong></span> <span class='ocrx_word' id='word_1_522' title='bbox 3470 2133 3652 2197; x_wconf 88' lang='lat' dir='ltr'><strong>beati,</strong></span> <span class='ocrx_word' id='word_1_523' title='bbox 3700 2142 3756 2187; x_wconf 90' lang='lat' dir='ltr'><strong>et</strong></span> 
     </span>
    </p>
   </div>
   <div class='ocr_carea' id='block_1_66' title="bbox 2171 2222 3755 2308">
    <p class='ocr_par' dir='ltr' id='par_1_66' title="bbox 2171 2222 3755 2308">
     <span class='ocr_line' id='line_1_66' title="bbox 2171 2222 3755 2308; baseline -0.009 -17"><span class='ocrx_word' id='word_1_524' title='bbox 2171 2237 2375 2308; x_wconf 79' lang='lat' dir='ltr'><strong>primi?</strong></span> <span class='ocrx_word' id='word_1_525' title='bbox 2424 2234 2562 2302; x_wconf 89' lang='lat' dir='ltr'><strong>Quid</strong></span> <span class='ocrx_word' id='word_1_526' title='bbox 2614 2234 2782 2305; x_wconf 81' lang='lat' dir='ltr'><strong>ergo?</strong></span> <span class='ocrx_word' id='word_1_527' title='bbox 2827 2232 2967 2299; x_wconf 89' lang='lat' dir='ltr'><strong>Quia</strong></span> <span class='ocrx_word' id='word_1_528' title='bbox 3017 2231 3308 2284; x_wconf 89' lang='lat' dir='ltr'><strong>noluerunt</strong></span> <span class='ocrx_word' id='word_1_529' title='bbox 3348 2226 3519 2282; x_wconf 64' lang='lat' dir='ltr'><strong>Judaei</strong></span> <span class='ocrx_word' id='word_1_530' title='bbox 3559 2243 3574 2280; x_wconf 90' lang='lat'><strong>:</strong></span> <span class='ocrx_word' id='word_1_531' title='bbox 3608 2222 3755 2277; x_wconf 83' lang='lat' dir='ltr'><strong>Num</strong></span> 
     </span>
    </p>
   </div>
   <div class='ocr_carea' id='block_1_67' title="bbox 2171 2317 3751 2393">
    <p class='ocr_par' dir='ltr' id='par_1_67' title="bbox 2171 2317 3751 2393">
     <span class='ocr_line' id='line_1_67' title="bbox 2171 2317 3751 2393; baseline -0.006 -11"><span class='ocrx_word' id='word_1_532' title='bbox 2171 2327 2517 2383; x_wconf 75' lang='lat' dir='ltr'><strong>incredulitas</strong></span> <span class='ocrx_word' id='word_1_533' title='bbox 2561 2341 2743 2381; x_wconf 85' lang='lat' dir='ltr'><strong>eorum</strong></span> <span class='ocrx_word' id='word_1_534' title='bbox 2806 2325 2965 2393; x_wconf 79' lang='lat' dir='ltr'><strong>fidem</strong></span> <span class='ocrx_word' id='word_1_535' title='bbox 3014 2321 3112 2377; x_wconf 86' lang='lat' dir='ltr'><strong>Dei</strong></span> <span class='ocrx_word' id='word_1_536' title='bbox 3174 2320 3490 2376; x_wconf 75' lang='lat' dir='ltr'><strong>evacuabit?</strong></span> <span class='ocrx_word' id='word_1_537' title='bbox 3532 2317 3671 2371; x_wconf 84' lang='lat' dir='ltr'><strong>absit</strong></span> <span class='ocrx_word' id='word_1_538' title='bbox 3705 2320 3751 2372; x_wconf 83' lang='lat'><strong>&#39;.</strong></span> 
     </span>
    </p>
   </div>
   <div class='ocr_carea' id='block_1_68' title="bbox 2170 2410 3745 2489">
    <p class='ocr_par' dir='ltr' id='par_1_68' title="bbox 2170 2410 3745 2489">
     <span class='ocr_line' id='line_1_68' title="bbox 2170 2410 3745 2489; baseline -0.008 -16"><span class='ocrx_word' id='word_1_539' title='bbox 2170 2422 2269 2489; x_wconf 82' lang='lat' dir='ltr'><strong>Qui</strong></span> <span class='ocrx_word' id='word_1_540' title='bbox 2300 2421 2444 2477; x_wconf 89' lang='lat' dir='ltr'><strong>enim</strong></span> <span class='ocrx_word' id='word_1_541' title='bbox 2478 2419 2627 2474; x_wconf 87' lang='lat' dir='ltr'><strong>venit</strong></span> <span class='ocrx_word' id='word_1_542' title='bbox 2662 2419 2727 2473; x_wconf 91' lang='lat' dir='ltr'><strong>ad</strong></span> <span class='ocrx_word' id='word_1_543' title='bbox 2768 2416 3068 2473; x_wconf 86' lang='lat' dir='ltr'><strong>faciendum</strong></span> <span class='ocrx_word' id='word_1_544' title='bbox 3108 2414 3268 2478; x_wconf 88' lang='lat' dir='ltr'><strong>bene,</strong></span> <span class='ocrx_word' id='word_1_545' title='bbox 3295 2412 3446 2466; x_wconf 85' lang='lat' dir='ltr'><strong>venit</strong></span> <span class='ocrx_word' id='word_1_546' title='bbox 3478 2410 3745 2479; x_wconf 75' lang='lat' dir='ltr'><strong>siquidem</strong></span> 
     </span>
    </p>
   </div>
   <div class='ocr_carea' id='block_1_69' title="bbox 2169 2500 3756 2574">
    <p class='ocr_par' dir='ltr' id='par_1_69' title="bbox 2169 2500 3756 2574">
     <span class='ocr_line' id='line_1_69' title="bbox 2169 2500 3756 2574; baseline -0.009 -6"><span class='ocrx_word' id='word_1_547' title='bbox 2169 2522 2224 2569; x_wconf 90' lang='lat' dir='ltr'><strong>et</strong></span> <span class='ocrx_word' id='word_1_548' title='bbox 2262 2514 2444 2568; x_wconf 86' lang='lat' dir='ltr'><strong>lumen</strong></span> <span class='ocrx_word' id='word_1_549' title='bbox 2480 2512 2673 2574; x_wconf 91' lang='lat' dir='ltr'><strong>oritur,</strong></span> <span class='ocrx_word' id='word_1_550' title='bbox 2714 2525 2822 2564; x_wconf 91' lang='lat' dir='ltr'><strong>non</strong></span> <span class='ocrx_word' id='word_1_551' title='bbox 2869 2517 2929 2562; x_wconf 91' lang='lat' dir='ltr'><strong>ut</strong></span> <span class='ocrx_word' id='word_1_552' title='bbox 2972 2508 3283 2571; x_wconf 81' lang='lat' dir='ltr'><strong>occidamus</strong></span> <span class='ocrx_word' id='word_1_553' title='bbox 3329 2504 3565 2573; x_wconf 81' lang='lat' dir='ltr'><strong>aliquem</strong></span> <span class='ocrx_word' id='word_1_554' title='bbox 3606 2519 3619 2555; x_wconf 91' lang='lat'><strong>:</strong></span> <span class='ocrx_word' id='word_1_555' title='bbox 3664 2500 3756 2555; x_wconf 85' lang='lat' dir='ltr'><strong>ille</strong></span> 
     </span>
    </p>
   </div>
   <div class='ocr_carea' id='block_1_70' title="bbox 2169 2593 3754 2672">
    <p class='ocr_par' dir='ltr' id='par_1_70' title="bbox 2169 2593 3754 2672">
     <span class='ocr_line' id='line_1_70' title="bbox 2169 2593 3754 2672; baseline -0.007 -13"><span class='ocrx_word' id='word_1_556' title='bbox 2169 2605 2312 2660; x_wconf 87' lang='lat' dir='ltr'><strong>enim</strong></span> <span class='ocrx_word' id='word_1_557' title='bbox 2362 2603 2533 2658; x_wconf 87' lang='lat' dir='ltr'><strong>malus</strong></span> <span class='ocrx_word' id='word_1_558' title='bbox 2578 2611 2693 2669; x_wconf 89' lang='lat' dir='ltr'><strong>est,</strong></span> <span class='ocrx_word' id='word_1_559' title='bbox 2748 2601 2840 2672; x_wconf 90' lang='lat' dir='ltr'><strong>qui</strong></span> <span class='ocrx_word' id='word_1_560' title='bbox 2890 2600 3035 2655; x_wconf 92' lang='lat' dir='ltr'><strong>bono</strong></span> <span class='ocrx_word' id='word_1_561' title='bbox 3091 2598 3259 2652; x_wconf 90' lang='lat' dir='ltr'><strong>utitur</strong></span> <span class='ocrx_word' id='word_1_562' title='bbox 3305 2595 3468 2651; x_wconf 90' lang='lat' dir='ltr'><strong>male.</strong></span> <span class='ocrx_word' id='word_1_563' title='bbox 3512 2593 3647 2648; x_wconf 82' lang='lat' dir='ltr'><strong>Nam</strong></span> <span class='ocrx_word' id='word_1_564' title='bbox 3699 2603 3754 2648; x_wconf 88' lang='lat' dir='ltr'><strong>et</strong></span> 
     </span>
    </p>
   </div>
   <div class='ocr_carea' id='block_1_71' title="bbox 2170 2691 3752 2762">
    <p class='ocr_par' dir='ltr' id='par_1_71' title="bbox 2170 2691 3752 2762">
     <span class='ocr_line' id='line_1_71' title="bbox 2170 2691 3752 2762; baseline -0.005 -7"><span class='ocrx_word' id='word_1_565' title='bbox 2170 2701 2373 2755; x_wconf 90' lang='lat' dir='ltr'><strong>ferrum</strong></span> <span class='ocrx_word' id='word_1_566' title='bbox 2420 2700 2605 2755; x_wconf 88' lang='lat' dir='ltr'><strong>datum</strong></span> <span class='ocrx_word' id='word_1_567' title='bbox 2653 2709 2736 2754; x_wconf 90' lang='lat' dir='ltr'><strong>est</strong></span> <span class='ocrx_word' id='word_1_568' title='bbox 2778 2698 2843 2752; x_wconf 90' lang='lat' dir='ltr'><strong>ad</strong></span> <span class='ocrx_word' id='word_1_569' title='bbox 2887 2697 3113 2752; x_wconf 78' lang='lat' dir='ltr'><strong>culturae</strong></span> <span class='ocrx_word' id='word_1_570' title='bbox 3172 2694 3435 2751; x_wconf 85' lang='lat' dir='ltr'><strong>medelam</strong></span> <span class='ocrx_word' id='word_1_571' title='bbox 3476 2710 3489 2746; x_wconf 91' lang='lat'><strong>:</strong></span> <span class='ocrx_word' id='word_1_572' title='bbox 3538 2691 3583 2745; x_wconf 81' lang='lat' dir='ltr'><strong>si</strong></span> <span class='ocrx_word' id='word_1_573' title='bbox 3626 2692 3752 2762; x_wconf 87' lang='lat' dir='ltr'><strong>quis</strong></span> 
     </span>
    </p>
   </div>
   <div class='ocr_carea' id='block_1_72' title="bbox 2169 2786 3747 2857">
    <p class='ocr_par' dir='ltr' id='par_1_72' title="bbox 2169 2786 3747 2857">
     <span class='ocr_line' id='line_1_72' title="bbox 2169 2786 3747 2857; baseline -0.005 -11"><span class='ocrx_word' id='word_1_574' title='bbox 2169 2804 2348 2849; x_wconf 87' lang='lat' dir='ltr'><strong>autem</strong></span> <span class='ocrx_word' id='word_1_575' title='bbox 2381 2791 2526 2847; x_wconf 86' lang='lat' dir='ltr'><strong>ferro</strong></span> <span class='ocrx_word' id='word_1_576' title='bbox 2560 2806 2688 2846; x_wconf 85' lang='lat' dir='ltr'><strong>usus</strong></span> <span class='ocrx_word' id='word_1_577' title='bbox 2719 2791 3002 2855; x_wconf 85' lang='lat' dir='ltr'><strong>occiderit,</strong></span> <span class='ocrx_word' id='word_1_578' title='bbox 3037 2805 3140 2844; x_wconf 90' lang='lat' dir='ltr'><strong>non</strong></span> <span class='ocrx_word' id='word_1_579' title='bbox 3185 2798 3268 2843; x_wconf 91' lang='lat' dir='ltr'><strong>est</strong></span> <span class='ocrx_word' id='word_1_580' title='bbox 3305 2787 3607 2857; x_wconf 84' lang='lat' dir='ltr'><strong>culpandus</strong></span> <span class='ocrx_word' id='word_1_581' title='bbox 3651 2786 3747 2855; x_wconf 87' lang='lat' dir='ltr'><strong>qui</strong></span> 
     </span>
    </p>
   </div>
   <div class='ocr_carea' id='block_1_73' title="bbox 2170 2876 3745 2954">
    <p class='ocr_par' dir='ltr' id='par_1_73' title="bbox 2170 2876 3745 2954">
     <span class='ocr_line' id='line_1_73' title="bbox 2170 2876 3745 2954; baseline -0.008 -12"><span class='ocrx_word' id='word_1_582' title='bbox 2170 2885 2412 2942; x_wconf 86' lang='lat' dir='ltr'><strong>donavit.</strong></span> <span class='ocrx_word' id='word_1_583' title='bbox 2453 2884 2733 2954; x_wconf 87' lang='lat' dir='ltr'><strong>Siquidem</strong></span> <span class='ocrx_word' id='word_1_584' title='bbox 2765 2891 2821 2938; x_wconf 89' lang='lat' dir='ltr'><strong>et</strong></span> <span class='ocrx_word' id='word_1_585' title='bbox 2854 2882 2993 2952; x_wconf 84' lang='lat' dir='ltr'><strong>ignis</strong></span> <span class='ocrx_word' id='word_1_586' title='bbox 3024 2883 3090 2935; x_wconf 88' lang='lat' dir='ltr'><strong>ad</strong></span> <span class='ocrx_word' id='word_1_587' title='bbox 3120 2895 3301 2946; x_wconf 87' lang='lat' dir='ltr'><strong>curas,</strong></span> <span class='ocrx_word' id='word_1_588' title='bbox 3333 2878 3401 2934; x_wconf 90' lang='lat' dir='ltr'><strong>ad</strong></span> <span class='ocrx_word' id='word_1_589' title='bbox 3434 2876 3745 2942; x_wconf 88' lang='lat' dir='ltr'><strong>luminaria,</strong></span> 
     </span>
    </p>
   </div>
   <div class='ocr_carea' id='block_1_74' title="bbox 2169 2973 3756 3044">
    <p class='ocr_par' dir='ltr' id='par_1_74' title="bbox 2169 2973 3756 3044">
     <span class='ocr_line' id='line_1_74' title="bbox 2169 2973 3756 3044; baseline -0.009 -8"><span class='ocrx_word' id='word_1_590' title='bbox 2169 2981 2235 3036; x_wconf 88' lang='lat' dir='ltr'><strong>ad</strong></span> <span class='ocrx_word' id='word_1_591' title='bbox 2265 2979 2619 3034; x_wconf 81' lang='lat' dir='ltr'><strong>excoctiones</strong></span> <span class='ocrx_word' id='word_1_592' title='bbox 2649 2978 2805 3031; x_wconf 86' lang='lat' dir='ltr'><strong>datus</strong></span> <span class='ocrx_word' id='word_1_593' title='bbox 2838 2984 2921 3030; x_wconf 90' lang='lat' dir='ltr'><strong>est</strong></span> <span class='ocrx_word' id='word_1_594' title='bbox 2954 2974 3109 3031; x_wconf 86' lang='lat' dir='ltr'><strong>nobis</strong></span> <span class='ocrx_word' id='word_1_595' title='bbox 3147 2994 3159 3029; x_wconf 91' lang='lat'><strong>:</strong></span> <span class='ocrx_word' id='word_1_596' title='bbox 3205 2975 3249 3028; x_wconf 90' lang='lat' dir='ltr'><strong>si</strong></span> <span class='ocrx_word' id='word_1_597' title='bbox 3295 2973 3419 3044; x_wconf 90' lang='lat' dir='ltr'><strong>quis</strong></span> <span class='ocrx_word' id='word_1_598' title='bbox 3465 2982 3645 3026; x_wconf 89' lang='lat' dir='ltr'><strong>autem</strong></span> <span class='ocrx_word' id='word_1_599' title='bbox 3688 2983 3756 3022; x_wconf 89' lang='lat' dir='ltr'><strong>eo</strong></span> 
     </span>
    </p>
   </div>
   <div class='ocr_carea' id='block_1_75' title="bbox 2169 3061 3757 3137">
    <p class='ocr_par' dir='ltr' id='par_1_75' title="bbox 2169 3061 3757 3137">
     <span class='ocr_line' id='line_1_75' title="bbox 2169 3061 3757 3137; baseline -0.008 -9"><span class='ocrx_word' id='word_1_600' title='bbox 2169 3072 2236 3128; x_wconf 87' lang='lat' dir='ltr'><strong>ad</strong></span> <span class='ocrx_word' id='word_1_601' title='bbox 2279 3072 2666 3127; x_wconf 84' lang='lat' dir='ltr'><strong>incendendam</strong></span> <span class='ocrx_word' id='word_1_602' title='bbox 2712 3068 2944 3137; x_wconf 78' lang='lat' dir='ltr'><strong>proximi</strong></span> <span class='ocrx_word' id='word_1_603' title='bbox 2989 3068 3207 3121; x_wconf 87' lang='lat' dir='ltr'><strong>domum</strong></span> <span class='ocrx_word' id='word_1_604' title='bbox 3253 3066 3415 3121; x_wconf 87' lang='lat' dir='ltr'><strong>fuerit</strong></span> <span class='ocrx_word' id='word_1_605' title='bbox 3461 3078 3624 3129; x_wconf 87' lang='lat' dir='ltr'><strong>usus,</strong></span> <span class='ocrx_word' id='word_1_606' title='bbox 3663 3061 3757 3117; x_wconf 80' lang='lat' dir='ltr'><strong>ille</strong></span> 
     </span>
    </p>
   </div>
   <div class='ocr_carea' id='block_1_76' title="bbox 2170 3156 3755 3230">
    <p class='ocr_par' dir='ltr' id='par_1_76' title="bbox 2170 3156 3755 3230">
     <span class='ocr_line' id='line_1_76' title="bbox 2170 3156 3755 3230; baseline -0.005 -14"><span class='ocrx_word' id='word_1_607' title='bbox 2170 3162 2344 3216; x_wconf 88' lang='lat' dir='ltr'><strong>malus</strong></span> <span class='ocrx_word' id='word_1_608' title='bbox 2379 3170 2463 3216; x_wconf 90' lang='lat' dir='ltr'><strong>est</strong></span> <span class='ocrx_word' id='word_1_609' title='bbox 2492 3161 2582 3230; x_wconf 93' lang='lat' dir='ltr'><strong>qui</strong></span> <span class='ocrx_word' id='word_1_610' title='bbox 2626 3161 2797 3214; x_wconf 89' lang='lat' dir='ltr'><strong>utitur</strong></span> <span class='ocrx_word' id='word_1_611' title='bbox 2838 3158 2999 3214; x_wconf 89' lang='lat' dir='ltr'><strong>male.</strong></span> <span class='ocrx_word' id='word_1_612' title='bbox 3041 3159 3228 3229; x_wconf 87' lang='lat' dir='ltr'><strong>Neque</strong></span> <span class='ocrx_word' id='word_1_613' title='bbox 3272 3173 3409 3226; x_wconf 89' lang='lat' dir='ltr'><strong>aqua</strong></span> <span class='ocrx_word' id='word_1_614' title='bbox 3447 3157 3587 3212; x_wconf 85' lang='lat' dir='ltr'><strong>mala</strong></span> <span class='ocrx_word' id='word_1_615' title='bbox 3623 3156 3755 3225; x_wconf 75' lang='lat' dir='ltr'><strong>quia</strong></span> 
     </span>
    </p>
   </div>
   <div class='ocr_carea' id='block_1_77' title="bbox 2165 3251 3755 3324">
    <p class='ocr_par' dir='ltr' id='par_1_77' title="bbox 2165 3251 3755 3324">
     <span class='ocr_line' id='line_1_77' title="bbox 2165 3251 3755 3324; baseline -0.003 -19"><span class='ocrx_word' id='word_1_616' title='bbox 2165 3253 2539 3324; x_wconf 73' lang='lat' dir='ltr'><strong>przeforantnr</strong></span> <span class='ocrx_word' id='word_1_617' title='bbox 2568 3253 2788 3324; x_wconf 90' lang='lat' dir='ltr'><strong>quidam</strong></span> <span class='ocrx_word' id='word_1_618' title='bbox 2817 3270 2830 3306; x_wconf 93' lang='lat'><strong>:</strong></span> <span class='ocrx_word' id='word_1_619' title='bbox 2863 3253 2907 3307; x_wconf 89' lang='lat' dir='ltr'><strong>si</strong></span> <span class='ocrx_word' id='word_1_620' title='bbox 2945 3251 3091 3307; x_wconf 91' lang='lat' dir='ltr'><strong>enim</strong></span> <span class='ocrx_word' id='word_1_621' title='bbox 3125 3253 3296 3322; x_wconf 90' lang='lat' dir='ltr'><strong>ipsam</strong></span> <span class='ocrx_word' id='word_1_622' title='bbox 3343 3266 3464 3320; x_wconf 73' lang='lat' dir='ltr'><strong>qua:</strong></span> <span class='ocrx_word' id='word_1_623' title='bbox 3496 3252 3561 3303; x_wconf 92' lang='lat' dir='ltr'><strong>ad</strong></span> <span class='ocrx_word' id='word_1_624' title='bbox 3598 3263 3755 3303; x_wconf 84' lang='lat' dir='ltr'><strong>nsum</strong></span> 
     </span>
    </p>
   </div>
   <div class='ocr_carea' id='block_1_78' title="bbox 2171 3340 3757 3416">
    <p class='ocr_par' dir='ltr' id='par_1_78' title="bbox 2171 3340 3757 3416">
     <span class='ocr_line' id='line_1_78' title="bbox 2171 3340 3757 3416; baseline -0.004 -16"><span class='ocrx_word' id='word_1_625' title='bbox 2171 3346 2462 3416; x_wconf 66' lang='lat' dir='ltr'><strong>plurimum</strong></span> <span class='ocrx_word' id='word_1_626' title='bbox 2503 3356 2557 3401; x_wconf 85' lang='grc' dir='ltr'><strong>ει</strong></span> <span class='ocrx_word' id='word_1_627' title='bbox 2588 3346 2654 3399; x_wconf 87' lang='lat' dir='ltr'><strong>ad</strong></span> <span class='ocrx_word' id='word_1_628' title='bbox 2693 3343 3045 3400; x_wconf 81' lang='lat' dir='ltr'><strong>refectionem</strong></span> <span class='ocrx_word' id='word_1_629' title='bbox 3083 3345 3206 3398; x_wconf 88' lang='lat' dir='ltr'><strong>data</strong></span> <span class='ocrx_word' id='word_1_630' title='bbox 3236 3352 3353 3409; x_wconf 88' lang='lat' dir='ltr'><strong>est,</strong></span> <span class='ocrx_word' id='word_1_631' title='bbox 3398 3345 3595 3399; x_wconf 90' lang='lat' dir='ltr'><strong>bonam</strong></span> <span class='ocrx_word' id='word_1_632' title='bbox 3635 3340 3757 3409; x_wconf 87' lang='lat' dir='ltr'><strong>qui-</strong></span> 
     </span>
    </p>
   </div>
   <div class='ocr_carea' id='block_1_79' title="bbox 2171 3426 3759 3505">
    <p class='ocr_par' dir='ltr' id='par_1_79' title="bbox 2171 3426 3759 3505">
     <span class='ocr_line' id='line_1_79' title="bbox 2171 3426 3759 3505; baseline -0.005 -11"><span class='ocrx_word' id='word_1_633' title='bbox 2171 3440 2315 3503; x_wconf 81' lang='lat' dir='ltr'><strong>dem,</strong></span> <span class='ocrx_word' id='word_1_634' title='bbox 2356 3438 2496 3493; x_wconf 90' lang='lat' dir='ltr'><strong>male</strong></span> <span class='ocrx_word' id='word_1_635' title='bbox 2541 3441 2605 3492; x_wconf 89' lang='lat' dir='ltr'><strong>ad</strong></span> <span class='ocrx_word' id='word_1_636' title='bbox 2653 3437 3094 3493; x_wconf 83' lang='lat' dir='ltr'><strong>interﬁciendum</strong></span> <span class='ocrx_word' id='word_1_637' title='bbox 3147 3426 3394 3501; x_wconf 85' lang='lat' dir='ltr'><strong>utuntur,</strong></span> <span class='ocrx_word' id='word_1_638' title='bbox 3432 3435 3532 3505; x_wconf 90' lang='lat' dir='ltr'><strong>ipsi</strong></span> <span class='ocrx_word' id='word_1_639' title='bbox 3578 3432 3759 3503; x_wconf 88' lang='lat' dir='ltr'><strong>potius</strong></span> 
     </span>
    </p>
   </div>
   <div class='ocr_carea' id='block_1_80' title="bbox 2171 3526 3759 3601">
    <p class='ocr_par' dir='ltr' id='par_1_80' title="bbox 2171 3526 3759 3601">
     <span class='ocr_line' id='line_1_80' title="bbox 2171 3526 3759 3601; baseline -0.003 -17"><span class='ocrx_word' id='word_1_640' title='bbox 2171 3530 2461 3601; x_wconf 82' lang='lat' dir='ltr'><strong>perniciosi</strong></span> <span class='ocrx_word' id='word_1_641' title='bbox 2495 3538 2653 3596; x_wconf 91' lang='lat' dir='ltr'><strong>sunt,</strong></span> <span class='ocrx_word' id='word_1_642' title='bbox 2690 3546 2849 3600; x_wconf 90' lang='lat' dir='ltr'><strong>quam</strong></span> <span class='ocrx_word' id='word_1_643' title='bbox 2896 3528 3195 3599; x_wconf 83' lang='lat' dir='ltr'><strong>opificium.</strong></span> <span class='ocrx_word' id='word_1_644' title='bbox 3240 3528 3305 3584; x_wconf 84' lang='lat' dir='ltr'><strong>Et</strong></span> <span class='ocrx_word' id='word_1_645' title='bbox 3346 3527 3483 3597; x_wconf 88' lang='lat' dir='ltr'><strong>lapis</strong></span> <span class='ocrx_word' id='word_1_646' title='bbox 3517 3526 3582 3580; x_wconf 90' lang='lat' dir='ltr'><strong>ad</strong></span> <span class='ocrx_word' id='word_1_647' title='bbox 3624 3540 3759 3580; x_wconf 86' lang='lat' dir='ltr'><strong>con-</strong></span> 
     </span>
    </p>
   </div>
   <div class='ocr_carea' id='block_1_81' title="bbox 2172 3617 3759 3688">
    <p class='ocr_par' dir='ltr' id='par_1_81' title="bbox 2172 3617 3759 3688">
     <span class='ocr_line' id='line_1_81' title="bbox 2172 3617 3759 3688; baseline -0.001 -15"><span class='ocrx_word' id='word_1_648' title='bbox 2172 3621 2522 3676; x_wconf 90' lang='lat' dir='ltr'><strong>structionem</strong></span> <span class='ocrx_word' id='word_1_649' title='bbox 2541 3631 2622 3676; x_wconf 89' lang='lat' dir='ltr'><strong>est</strong></span> <span class='ocrx_word' id='word_1_650' title='bbox 2646 3624 2817 3688; x_wconf 89' lang='lat' dir='ltr'><strong>datus,</strong></span> <span class='ocrx_word' id='word_1_651' title='bbox 2856 3620 2988 3677; x_wconf 86' lang='lat' dir='ltr'><strong>Cain</strong></span> <span class='ocrx_word' id='word_1_652' title='bbox 3008 3632 3187 3676; x_wconf 89' lang='lat' dir='ltr'><strong>autem</strong></span> <span class='ocrx_word' id='word_1_653' title='bbox 3224 3635 3289 3676; x_wconf 89' lang='lat' dir='ltr'><strong>eo</strong></span> <span class='ocrx_word' id='word_1_654' title='bbox 3320 3621 3386 3674; x_wconf 89' lang='lat' dir='ltr'><strong>ad</strong></span> <span class='ocrx_word' id='word_1_655' title='bbox 3424 3617 3759 3675; x_wconf 85' lang='lat' dir='ltr'><strong>interfectio-</strong></span> 
     </span>
    </p>
   </div>
   <div class='ocr_carea' id='block_1_82' title="bbox 2173 3710 3759 3779">
    <p class='ocr_par' dir='ltr' id='par_1_82' title="bbox 2173 3710 3759 3779">
     <span class='ocr_line' id='line_1_82' title="bbox 2173 3710 3759 3779; baseline -0.003 -11"><span class='ocrx_word' id='word_1_656' title='bbox 2173 3730 2294 3770; x_wconf 89' lang='lat' dir='ltr'><strong>nem</strong></span> <span class='ocrx_word' id='word_1_657' title='bbox 2317 3714 2504 3769; x_wconf 87' lang='lat' dir='ltr'><strong>fratris</strong></span> <span class='ocrx_word' id='word_1_658' title='bbox 2528 3721 2611 3769; x_wconf 90' lang='lat' dir='ltr'><strong>est</strong></span> <span class='ocrx_word' id='word_1_659' title='bbox 2631 3730 2790 3768; x_wconf 87' lang='lat' dir='ltr'><strong>usus:</strong></span> <span class='ocrx_word' id='word_1_660' title='bbox 2815 3722 3021 3768; x_wconf 90' lang='lat' dir='ltr'><strong>tantum</strong></span> <span class='ocrx_word' id='word_1_661' title='bbox 3041 3713 3184 3767; x_wconf 85' lang='lat' dir='ltr'><strong>enim</strong></span> <span class='ocrx_word' id='word_1_662' title='bbox 3205 3712 3326 3767; x_wconf 89' lang='lat' dir='ltr'><strong>mali</strong></span> <span class='ocrx_word' id='word_1_663' title='bbox 3351 3723 3477 3767; x_wconf 86' lang='lat' dir='ltr'><strong>sunt</strong></span> <span class='ocrx_word' id='word_1_664' title='bbox 3507 3710 3598 3779; x_wconf 88' lang='lat' dir='ltr'><strong>qui</strong></span> <span class='ocrx_word' id='word_1_665' title='bbox 3630 3718 3759 3764; x_wconf 86' lang='lat' dir='ltr'><strong>sunt</strong></span> 
     </span>
    </p>
   </div>
   <div class='ocr_carea' id='block_1_83' title="bbox 2176 3786 3757 3873">
    <p class='ocr_par' dir='ltr' id='par_1_83' title="bbox 2176 3786 3757 3873">
     <span class='ocr_line' id='line_1_83' title="bbox 2176 3786 3757 3873; baseline -0.005 -15"><span class='ocrx_word' id='word_1_666' title='bbox 2176 3803 2328 3869; x_wconf 91' lang='lat' dir='ltr'><strong>mali,</strong></span> <span class='ocrx_word' id='word_1_667' title='bbox 2357 3803 2482 3873; x_wconf 92' lang='lat' dir='ltr'><strong>quia</strong></span> <span class='ocrx_word' id='word_1_668' title='bbox 2524 3801 2728 3858; x_wconf 90' lang='lat' dir='ltr'><strong>bonum</strong></span> <span class='ocrx_word' id='word_1_669' title='bbox 2760 3802 2831 3857; x_wconf 87' lang='lat' dir='ltr'><strong>ad</strong></span> <span class='ocrx_word' id='word_1_670' title='bbox 2865 3801 3064 3855; x_wconf 88' lang='lat' dir='ltr'><strong>malum</strong></span> <span class='ocrx_word' id='word_1_671' title='bbox 3096 3786 3441 3856; x_wconf 86' lang='lat' dir='ltr'><strong>convertunt.</strong></span> <span class='ocrx_word' id='word_1_672' title='bbox 3466 3799 3624 3855; x_wconf 81' lang='lat' dir='ltr'><strong>Jesus</strong></span> <span class='ocrx_word' id='word_1_673' title='bbox 3651 3812 3757 3867; x_wconf 70' lang='lat' dir='ltr'><strong>pax</strong></span> 
     </span>
    </p>
   </div>
   <div class='ocr_carea' id='block_1_84' title="bbox 2172 3888 3760 3965">
    <p class='ocr_par' dir='ltr' id='par_1_84' title="bbox 2172 3888 3760 3965">
     <span class='ocr_line' id='line_1_84' title="bbox 2172 3888 3760 3965; baseline -0.006 -14"><span class='ocrx_word' id='word_1_674' title='bbox 2172 3905 2293 3961; x_wconf 87' lang='lat' dir='ltr'><strong>est,</strong></span> <span class='ocrx_word' id='word_1_675' title='bbox 2334 3906 2388 3950; x_wconf 90' lang='lat' dir='ltr'><strong>et</strong></span> <span class='ocrx_word' id='word_1_676' title='bbox 2424 3896 2574 3950; x_wconf 85' lang='lat' dir='ltr'><strong>venit</strong></span> <span class='ocrx_word' id='word_1_677' title='bbox 2619 3893 2909 3965; x_wconf 81' lang='lat' dir='ltr'><strong>paciﬁcare</strong></span> <span class='ocrx_word' id='word_1_678' title='bbox 2967 3909 3088 3964; x_wconf 74' lang='lat' dir='ltr'><strong>qua:</strong></span> <span class='ocrx_word' id='word_1_679' title='bbox 3137 3888 3195 3947; x_wconf 77' lang='lat' dir='ltr'><strong>in&#39;</strong></span> <span class='ocrx_word' id='word_1_680' title='bbox 3236 3892 3374 3948; x_wconf 64' lang='lat' dir='ltr'><strong>coelo</strong></span> <span class='ocrx_word' id='word_1_681' title='bbox 3435 3898 3560 3945; x_wconf 89' lang='lat' dir='ltr'><strong>sunt</strong></span> <span class='ocrx_word' id='word_1_682' title='bbox 3599 3898 3654 3943; x_wconf 90' lang='lat' dir='ltr'><strong>et</strong></span> <span class='ocrx_word' id='word_1_683' title='bbox 3702 3889 3760 3943; x_wconf 84' lang='lat' dir='ltr'><strong>in</strong></span> 
     </span>
    </p>
   </div>
   <div class='ocr_carea' id='block_1_85' title="bbox 2148 3980 3756 4058">
    <p class='ocr_par' dir='ltr' id='par_1_85' title="bbox 2148 3980 3756 4058">
     <span class='ocr_line' id='line_1_85' title="bbox 2148 3980 3756 4058; baseline -0.005 -16"><span class='ocrx_word' id='word_1_684' title='bbox 2148 3997 2343 4058; x_wconf 61' lang='lat' dir='ltr'><strong>terra.</strong></span> <span class='ocrx_word' id='word_1_685' title='bbox 2377 3987 2432 4042; x_wconf 90' lang='lat' dir='ltr'><strong>Si</strong></span> <span class='ocrx_word' id='word_1_686' title='bbox 2462 3988 2580 4042; x_wconf 67' lang='lat' dir='ltr'><strong>haec</strong></span> <span class='ocrx_word' id='word_1_687' title='bbox 2616 4001 2746 4042; x_wconf 89' lang='lat' dir='ltr'><strong>vera</strong></span> <span class='ocrx_word' id='word_1_688' title='bbox 2777 3995 2924 4053; x_wconf 90' lang='lat' dir='ltr'><strong>sunt,</strong></span> <span class='ocrx_word' id='word_1_689' title='bbox 2964 3986 3103 4040; x_wconf 88' lang='lat' dir='ltr'><strong>sicut</strong></span> <span class='ocrx_word' id='word_1_690' title='bbox 3128 4000 3292 4050; x_wconf 87' lang='lat' dir='ltr'><strong>vera;</strong></span> <span class='ocrx_word' id='word_1_691' title='bbox 3323 3984 3451 4054; x_wconf 92' lang='lat' dir='ltr'><strong>quid</strong></span> <span class='ocrx_word' id='word_1_692' title='bbox 3493 3980 3756 4035; x_wconf 84' lang='lat' dir='ltr'><strong>faciemus</strong></span> 
     </span>
    </p>
   </div>
   <div class='ocr_carea' id='block_1_86' title="bbox 2173 4072 3758 4149">
    <p class='ocr_par' dir='ltr' id='par_1_86' title="bbox 2173 4072 3758 4149">
     <span class='ocr_line' id='line_1_86' title="bbox 2173 4072 3758 4149; baseline -0.003 -18"><span class='ocrx_word' id='word_1_693' title='bbox 2173 4077 2261 4132; x_wconf 89' lang='lat' dir='ltr'><strong>his</strong></span> <span class='ocrx_word' id='word_1_694' title='bbox 2291 4095 2411 4149; x_wconf 64' lang='lat' dir='ltr'><strong>quae</strong></span> <span class='ocrx_word' id='word_1_695' title='bbox 2458 4079 2598 4134; x_wconf 88' lang='lat' dir='ltr'><strong>lecta</strong></span> <span class='ocrx_word' id='word_1_696' title='bbox 2630 4087 2757 4133; x_wconf 90' lang='lat' dir='ltr'><strong>sunt</strong></span> <span class='ocrx_word' id='word_1_697' title='bbox 2791 4078 2986 4134; x_wconf 81' lang='lat' dir='ltr'><strong>hodie?</strong></span> <span class='ocrx_word' id='word_1_698' title='bbox 3020 4077 3157 4132; x_wconf 89' lang='lat' dir='ltr'><strong>Dicit</strong></span> <span class='ocrx_word' id='word_1_699' title='bbox 3187 4078 3330 4133; x_wconf 92' lang='lat' dir='ltr'><strong>enim</strong></span> <span class='ocrx_word' id='word_1_700' title='bbox 3365 4077 3479 4145; x_wconf 87' lang='lat' dir='ltr'><strong>ipse</strong></span> <span class='ocrx_word' id='word_1_701' title='bbox 3509 4072 3758 4130; x_wconf 85' lang='lat' dir='ltr'><strong>Salvator</strong></span> 
     </span>
    </p>
   </div>
   <div class='ocr_carea' id='block_1_87' title="bbox 2177 4169 3759 4243">
    <p class='ocr_par' dir='ltr' id='par_1_87' title="bbox 2177 4169 3759 4243">
     <span class='ocr_line' id='line_1_87' title="bbox 2177 4169 3759 4243; baseline -0.006 -18"><span class='ocrx_word' id='word_1_702' title='bbox 2177 4171 2232 4225; x_wconf 88' lang='lat' dir='ltr'><strong>in</strong></span> <span class='ocrx_word' id='word_1_703' title='bbox 2273 4171 2603 4243; x_wconf 72' lang='lat' dir='ltr'><strong>Evangelio:</strong></span> <span class='ocrx_word' id='word_1_704' title='bbox 2646 4171 2830 4225; x_wconf 85' lang='lat' dir='ltr'><strong>Nolite</strong></span> <span class='ocrx_word' id='word_1_705' title='bbox 2862 4180 3048 4239; x_wconf 76' lang='lat' dir='ltr'><strong>putare</strong></span> <span class='ocrx_word' id='word_1_706' title='bbox 3092 4170 3216 4238; x_wconf 82' lang='lat' dir='ltr'><strong>quia</strong></span> <span class='ocrx_word' id='word_1_707' title='bbox 3259 4169 3372 4222; x_wconf 69' lang='lat' dir='ltr'><strong>ueni</strong></span> <span class='ocrx_word' id='word_1_708' title='bbox 3422 4169 3624 4220; x_wconf 87' lang='lat' dir='ltr'><strong>mittere</strong></span> <span class='ocrx_word' id='word_1_709' title='bbox 3660 4180 3759 4229; x_wconf 87' lang='lat' dir='ltr'><strong>pa-</strong></span> 
     </span>
    </p>
   </div>
   <div class='ocr_carea' id='block_1_88' title="bbox 2170 4259 3760 4331">
    <p class='ocr_par' dir='ltr' id='par_1_88' title="bbox 2170 4259 3760 4331">
     <span class='ocr_line' id='line_1_88' title="bbox 2170 4259 3760 4331; baseline -0.005 -17"><span class='ocrx_word' id='word_1_710' title='bbox 2170 4277 2291 4315; x_wconf 75' lang='lat' dir='ltr'><strong>cem</strong></span> <span class='ocrx_word' id='word_1_711' title='bbox 2338 4263 2394 4317; x_wconf 86' lang='lat' dir='ltr'><strong>in</strong></span> <span class='ocrx_word' id='word_1_712' title='bbox 2432 4272 2629 4317; x_wconf 87' lang='lat' dir='ltr'><strong>terram</strong></span> <span class='ocrx_word' id='word_1_713' title='bbox 2658 4262 2700 4321; x_wconf 89' lang='grc'><strong>³.</strong></span> <span class='ocrx_word' id='word_1_714' title='bbox 2750 4261 3006 4331; x_wconf 85' lang='lat' dir='ltr'><strong>Nunquid</strong></span> <span class='ocrx_word' id='word_1_715' title='bbox 3060 4261 3147 4313; x_wconf 82' lang='lat' dir='ltr'><strong>nix</strong></span> <span class='ocrx_word' id='word_1_716' title='bbox 3197 4259 3498 4313; x_wconf 61' lang='lat' dir='ltr'><strong>calefacere</strong></span> <span class='ocrx_word' id='word_1_717' title='bbox 3544 4263 3760 4326; x_wconf 89' lang='lat' dir='ltr'><strong>p0test,</strong></span> 
     </span>
    </p>
   </div>
   <div class='ocr_carea' id='block_1_89' title="bbox 2178 4351 3761 4427">
    <p class='ocr_par' dir='ltr' id='par_1_89' title="bbox 2178 4351 3761 4427">
     <span class='ocr_line' id='line_1_89' title="bbox 2178 4351 3761 4427; baseline -0.006 -19"><span class='ocrx_word' id='word_1_718' title='bbox 2178 4362 2273 4408; x_wconf 89' lang='lat' dir='ltr'><strong>aut</strong></span> <span class='ocrx_word' id='word_1_719' title='bbox 2316 4354 2456 4427; x_wconf 86' lang='lat' dir='ltr'><strong>ignis</strong></span> <span class='ocrx_word' id='word_1_720' title='bbox 2503 4355 2630 4411; x_wconf 85' lang='lat' dir='ltr'><strong>dare</strong></span> <span class='ocrx_word' id='word_1_721' title='bbox 2667 4352 2967 4425; x_wconf 83' lang='lat' dir='ltr'><strong>frigorem?</strong></span> <span class='ocrx_word' id='word_1_722' title='bbox 3004 4351 3256 4421; x_wconf 81' lang='lat' dir='ltr'><strong>Nunquid</strong></span> <span class='ocrx_word' id='word_1_723' title='bbox 3291 4367 3392 4422; x_wconf 79' lang='lat' dir='ltr'><strong>pax</strong></span> <span class='ocrx_word' id='word_1_724' title='bbox 3433 4357 3610 4417; x_wconf 89' lang='lat' dir='ltr'><strong>potest</strong></span> <span class='ocrx_word' id='word_1_725' title='bbox 3652 4360 3761 4400; x_wconf 91' lang='lat' dir='ltr'><strong>non</strong></span> 
     </span>
    </p>
   </div>
   <div class='ocr_carea' id='block_1_90' title="bbox 2184 4439 3760 4520">
    <p class='ocr_par' dir='ltr' id='par_1_90' title="bbox 2184 4439 3760 4520">
     <span class='ocr_line' id='line_1_90' title="bbox 2184 4439 3760 4520; baseline -0.004 -18"><span class='ocrx_word' id='word_1_726' title='bbox 2184 4448 2396 4504; x_wconf 81' lang='lat' dir='ltr'><strong>mittere</strong></span> <span class='ocrx_word' id='word_1_727' title='bbox 2460 4449 2694 4519; x_wconf 86' lang='lat' dir='ltr'><strong>pacem?</strong></span> <span class='ocrx_word' id='word_1_728' title='bbox 2747 4450 3028 4517; x_wconf 86' lang='lat' dir='ltr'><strong>Quomodo</strong></span> <span class='ocrx_word' id='word_1_729' title='bbox 3083 4461 3213 4520; x_wconf 87' lang='lat' dir='ltr'><strong>ergo</strong></span> <span class='ocrx_word' id='word_1_730' title='bbox 3270 4446 3383 4512; x_wconf 87' lang='lat' dir='ltr'><strong>ipse</strong></span> <span class='ocrx_word' id='word_1_731' title='bbox 3425 4458 3525 4513; x_wconf 80' lang='lat' dir='ltr'><strong>pax</strong></span> <span class='ocrx_word' id='word_1_732' title='bbox 3585 4439 3760 4495; x_wconf 88' lang='lat' dir='ltr'><strong>dicit:</strong></span> 
     </span>
    </p>
   </div>
   <div class='ocr_carea' id='block_1_91' title="bbox 494 4531 3760 4611">
    <p class='ocr_par' dir='ltr' id='par_1_91' title="bbox 494 4531 3760 4611">
     <span class='ocr_line' id='line_1_91' title="bbox 494 4531 3760 4611; baseline -0.001 -24"><span class='ocrx_word' id='word_1_733' title='bbox 494 4534 548 4588; x_wconf 90' lang='lat' dir='ltr'><strong>in</strong></span> <span class='ocrx_word' id='word_1_734' title='bbox 594 4543 774 4589; x_wconf 89' lang='lat' dir='ltr'><strong>utero.</strong></span> <span class='ocrx_word' id='word_1_735' title='bbox 819 4533 933 4605; x_wconf 82' lang='lat' dir='ltr'><strong>Ego</strong></span> <span class='ocrx_word' id='word_1_736' title='bbox 983 4543 1037 4591; x_wconf 87' lang='lat' dir='ltr'><strong>et</strong></span> <span class='ocrx_word' id='word_1_737' title='bbox 1083 4533 1404 4605; x_wconf 64' lang='lat' dir='ltr'><strong>praesepium</strong></span> <span class='ocrx_word' id='word_1_738' title='bbox 1448 4533 1587 4589; x_wconf 81' lang='lat' dir='ltr'><strong>illud</strong></span> <span class='ocrx_word' id='word_1_739' title='bbox 1635 4535 1830 4604; x_wconf 86' lang='lat' dir='ltr'><strong>diligo,</strong></span> <span class='ocrx_word' id='word_1_740' title='bbox 1871 4534 1925 4587; x_wconf 89' lang='lat' dir='ltr'><strong>in</strong></span> <span class='ocrx_word' id='word_1_741' title='bbox 1968 4548 2075 4603; x_wconf 89' lang='lat' dir='ltr'><strong>quo</strong></span> <span class='ocrx_word' id='word_1_742' title='bbox 2105 4533 2151 4589; x_wconf 87' lang='lat' dir='ltr'><strong>D</strong></span> <span class='ocrx_word' id='word_1_743' title='bbox 2182 4538 2367 4595; x_wconf 83' lang='lat' dir='ltr'><strong>Nolite</strong></span> <span class='ocrx_word' id='word_1_744' title='bbox 2404 4551 2592 4611; x_wconf 84' lang='lat' dir='ltr'><strong>putare</strong></span> <span class='ocrx_word' id='word_1_745' title='bbox 2624 4543 2751 4611; x_wconf 81' lang='lat' dir='ltr'><strong>quia</strong></span> <span class='ocrx_word' id='word_1_746' title='bbox 2798 4541 2915 4596; x_wconf 81' lang='lat' dir='ltr'><strong>ueni</strong></span> <span class='ocrx_word' id='word_1_747' title='bbox 2960 4556 3139 4610; x_wconf 82' lang='lat' dir='ltr'><strong>pacem</strong></span> <span class='ocrx_word' id='word_1_748' title='bbox 3185 4537 3393 4592; x_wconf 86' lang='lat' dir='ltr'><strong>mittere</strong></span> <span class='ocrx_word' id='word_1_749' title='bbox 3425 4534 3477 4587; x_wconf 87' lang='lat' dir='ltr'><strong>in</strong></span> <span class='ocrx_word' id='word_1_750' title='bbox 3525 4531 3760 4585; x_wconf 74' lang='lat' dir='ltr'><strong>terram!</strong></span> 
     </span>
    </p>
   </div>
   <div class='ocr_carea' id='block_1_92' title="bbox 491 4625 2075 4696">
    <p class='ocr_par' dir='ltr' id='par_1_92' title="bbox 491 4625 2075 4696">
     <span class='ocr_line' id='line_1_92' title="bbox 491 4625 2075 4696; baseline 0.003 -19"><span class='ocrx_word' id='word_1_751' title='bbox 491 4625 620 4680; x_wconf 66' lang='lat' dir='ltr'><strong>vitae</strong></span> <span class='ocrx_word' id='word_1_752' title='bbox 649 4627 881 4696; x_wconf 85' lang='lat' dir='ltr'><strong>positum</strong></span> <span class='ocrx_word' id='word_1_753' title='bbox 912 4636 995 4682; x_wconf 92' lang='lat' dir='ltr'><strong>est</strong></span> <span class='ocrx_word' id='word_1_754' title='bbox 1026 4627 1382 4683; x_wconf 88' lang='lat' dir='ltr'><strong>medicamen.</strong></span> <span class='ocrx_word' id='word_1_755' title='bbox 1409 4625 1477 4682; x_wconf 85' lang='lat' dir='ltr'><strong>Et</strong></span> <span class='ocrx_word' id='word_1_756' title='bbox 1506 4640 1693 4696; x_wconf 86' lang='lat' dir='ltr'><strong>magos</strong></span> <span class='ocrx_word' id='word_1_757' title='bbox 1733 4628 1922 4681; x_wconf 88' lang='lat' dir='ltr'><strong>beatos</strong></span> <span class='ocrx_word' id='word_1_758' title='bbox 1953 4626 2075 4681; x_wconf 86' lang='lat' dir='ltr'><strong>dico</strong></span> 
     </span>
    </p>
   </div>
   <div class='ocr_carea' id='block_1_93' title="bbox 490 4717 2101 4803">
    <p class='ocr_par' dir='ltr' id='par_1_93' title="bbox 490 4717 2101 4787">
     <span class='ocr_line' id='line_1_93' title="bbox 490 4717 2101 4787; baseline 0 -14"><span class='ocrx_word' id='word_1_759' title='bbox 490 4717 563 4773; x_wconf 91' lang='lat' dir='ltr'><strong>ob</strong></span> <span class='ocrx_word' id='word_1_760' title='bbox 599 4718 1026 4774; x_wconf 85' lang='lat' dir='ltr'><strong>immutationem</strong></span> <span class='ocrx_word' id='word_1_761' title='bbox 1074 4720 1229 4777; x_wconf 87' lang='lat' dir='ltr'><strong>artis.</strong></span> <span class='ocrx_word' id='word_1_762' title='bbox 1275 4717 1445 4775; x_wconf 87' lang='lat' dir='ltr'><strong>Beata</strong></span> <span class='ocrx_word' id='word_1_763' title='bbox 1472 4729 1528 4774; x_wconf 90' lang='lat' dir='ltr'><strong>et</strong></span> <span class='ocrx_word' id='word_1_764' title='bbox 1574 4718 1834 4782; x_wconf 84' lang='lat' dir='ltr'><strong>Rachael,</strong></span> <span class='ocrx_word' id='word_1_765' title='bbox 1864 4728 1919 4770; x_wconf 89' lang='lat' dir='ltr'><strong>et</strong></span> <span class='ocrx_word' id='word_1_766' title='bbox 1958 4717 2101 4787; x_wconf 31' lang='lat' dir='ltr'><strong>jam,</strong></span> 
     </span>
    </p>
   </div>
   <div class='ocr_carea' id='block_1_94' title="bbox 489 4808 2079 4882">
    <p class='ocr_par' dir='ltr' id='par_1_94' title="bbox 489 4808 2079 4882">
     <span class='ocr_line' id='line_1_94' title="bbox 489 4808 2079 4882; baseline -0.001 -17"><span class='ocrx_word' id='word_1_767' title='bbox 489 4822 596 4866; x_wconf 82' lang='lat' dir='ltr'><strong>non</strong></span> <span class='ocrx_word' id='word_1_768' title='bbox 652 4811 868 4881; x_wconf 77' lang='lat' dir='ltr'><strong>ploret,</strong></span> <span class='ocrx_word' id='word_1_769' title='bbox 914 4812 1037 4881; x_wconf 87' lang='lat' dir='ltr'><strong>quia</strong></span> <span class='ocrx_word' id='word_1_770' title='bbox 1094 4811 1212 4882; x_wconf 85' lang='lat' dir='ltr'><strong>ejus</strong></span> <span class='ocrx_word' id='word_1_771' title='bbox 1260 4810 1357 4866; x_wconf 76' lang='lat' dir='ltr'><strong>lilii</strong></span> <span class='ocrx_word' id='word_1_772' title='bbox 1402 4819 1678 4881; x_wconf 84' lang='lat' dir='ltr'><strong>martyres</strong></span> <span class='ocrx_word' id='word_1_773' title='bbox 1746 4808 2079 4863; x_wconf 77' lang='lat' dir='ltr'><strong>exstiterunt</strong></span> 
     </span>
    </p>
   </div>
   <div class='ocr_carea' id='block_1_95' title="bbox 394 4896 2073 4970">
    <p class='ocr_par' dir='ltr' id='par_1_95' title="bbox 394 4896 2073 4970">
     <span class='ocr_line' id='line_1_95' title="bbox 394 4896 2073 4970; baseline -0.003 -10"><span class='ocrx_word' id='word_1_774' title='bbox 394 4906 397 4909; x_wconf 84' lang='grc'><em>’</em></span> <span class='ocrx_word' id='word_1_775' title='bbox 490 4902 715 4960; x_wconf 84' lang='lat' dir='ltr'><strong>Christi.</strong></span> <span class='ocrx_word' id='word_1_776' title='bbox 765 4896 983 4960; x_wconf 83' lang='lat' dir='ltr'><strong>Simeon</strong></span> <span class='ocrx_word' id='word_1_777' title='bbox 1030 4914 1211 4960; x_wconf 84' lang='lat' dir='ltr'><strong>autem</strong></span> <span class='ocrx_word' id='word_1_778' title='bbox 1259 4902 1350 4959; x_wconf 89' lang='lat' dir='ltr'><strong>ille</strong></span> <span class='ocrx_word' id='word_1_779' title='bbox 1396 4911 1452 4957; x_wconf 87' lang='lat' dir='ltr'><strong>et</strong></span> <span class='ocrx_word' id='word_1_780' title='bbox 1493 4903 1652 4957; x_wconf 79' lang='lat' dir='ltr'><strong>Anna</strong></span> <span class='ocrx_word' id='word_1_781' title='bbox 1698 4900 1819 4957; x_wconf 88' lang='lat' dir='ltr'><strong>ideo</strong></span> <span class='ocrx_word' id='word_1_782' title='bbox 1867 4900 2073 4970; x_wconf 87' lang='lat' dir='ltr'><strong>gratias</strong></span> 
     </span>
    </p>
   </div>
   <div class='ocr_carea' id='block_1_96' title="bbox 498 4991 2073 5067">
    <p class='ocr_par' dir='ltr' id='par_1_96' title="bbox 498 4991 2073 5067">
     <span class='ocr_line' id='line_1_96' title="bbox 498 4991 2073 5067; baseline -0.001 -18"><span class='ocrx_word' id='word_1_783' title='bbox 498 4997 751 5065; x_wconf 73' lang='lat' dir='ltr'><strong>agebant,</strong></span> <span class='ocrx_word' id='word_1_784' title='bbox 780 4996 906 5067; x_wconf 90' lang='lat' dir='ltr'><strong>quia</strong></span> <span class='ocrx_word' id='word_1_785' title='bbox 951 4994 1353 5066; x_wconf 54' lang='lat' dir='ltr'><strong>digni‘judicati</strong></span> <span class='ocrx_word' id='word_1_786' title='bbox 1400 5005 1526 5050; x_wconf 87' lang='lat' dir='ltr'><strong>sunt</strong></span> <span class='ocrx_word' id='word_1_787' title='bbox 1561 4993 1744 5049; x_wconf 89' lang='lat' dir='ltr'><strong>videre</strong></span> <span class='ocrx_word' id='word_1_788' title='bbox 1788 5007 1947 5061; x_wconf 89' lang='lat' dir='ltr'><strong>quem</strong></span> <span class='ocrx_word' id='word_1_789' title='bbox 1978 4991 2073 5048; x_wconf 89' lang='lat' dir='ltr'><strong>de-</strong></span> 
     </span>
    </p>
   </div>
   <div class='ocr_carea' id='block_1_97' title="bbox 493 5080 2071 5158">
    <p class='ocr_par' dir='ltr' id='par_1_97' title="bbox 493 5080 2071 5158">
     <span class='ocr_line' id='line_1_97' title="bbox 493 5080 2071 5158; baseline -0.001 -16"><span class='ocrx_word' id='word_1_790' title='bbox 493 5088 809 5145; x_wconf 86' lang='lat' dir='ltr'><strong>siderabant</strong></span> <span class='ocrx_word' id='word_1_791' title='bbox 872 5089 1027 5144; x_wconf 91' lang='lat' dir='ltr'><strong>multi</strong></span> <span class='ocrx_word' id='word_1_792' title='bbox 1093 5089 1354 5158; x_wconf 91' lang='lat' dir='ltr'><strong>quidem,</strong></span> <span class='ocrx_word' id='word_1_793' title='bbox 1411 5089 1664 5143; x_wconf 87' lang='lat' dir='ltr'><strong>viderunt</strong></span> <span class='ocrx_word' id='word_1_794' title='bbox 1706 5080 1905 5141; x_wconf 86' lang='lat' dir='ltr'><strong>autem</strong></span> <span class='ocrx_word' id='word_1_795' title='bbox 1964 5099 2071 5140; x_wconf 91' lang='lat' dir='ltr'><strong>non</strong></span> 
     </span>
    </p>
   </div>
   <div class='ocr_carea' id='block_1_98' title="bbox 491 5167 2075 5251">
    <p class='ocr_par' dir='ltr' id='par_1_98' title="bbox 491 5167 2075 5251">
     <span class='ocr_line' id='line_1_98' title="bbox 491 5167 2075 5251; baseline 0.003 -22"><span class='ocrx_word' id='word_1_796' title='bbox 491 5194 703 5236; x_wconf 76' lang='lat' dir='ltr'><strong>manes.</strong></span> <span class='ocrx_word' id='word_1_797' title='bbox 729 5179 966 5238; x_wconf 69' lang='lat' dir='ltr'><strong>Joannes</strong></span> <span class='ocrx_word' id='word_1_798' title='bbox 1007 5192 1189 5236; x_wconf 90' lang='lat' dir='ltr'><strong>autem</strong></span> <span class='ocrx_word' id='word_1_799' title='bbox 1221 5167 1309 5236; x_wconf 89' lang='lat' dir='ltr'><strong>ille</strong></span> <span class='ocrx_word' id='word_1_800' title='bbox 1343 5182 1435 5251; x_wconf 87' lang='lat' dir='ltr'><strong>qui</strong></span> <span class='ocrx_word' id='word_1_801' title='bbox 1469 5182 1523 5235; x_wconf 91' lang='lat' dir='ltr'><strong>in</strong></span> <span class='ocrx_word' id='word_1_802' title='bbox 1564 5189 1785 5251; x_wconf 90' lang='lat' dir='ltr'><strong>pectore</strong></span> <span class='ocrx_word' id='word_1_803' title='bbox 1825 5178 2075 5234; x_wconf 89' lang='lat' dir='ltr'><strong>recubuit</strong></span> 
     </span>
    </p>
   </div>
   <div class='ocr_carea' id='block_1_99' title="bbox 510 5268 2075 5342">
    <p class='ocr_par' dir='ltr' id='par_1_99' title="bbox 510 5268 2075 5342">
     <span class='ocr_line' id='line_1_99' title="bbox 510 5268 2075 5342; baseline 0 -18"><span class='ocrx_word' id='word_1_804' title='bbox 510 5268 748 5337; x_wconf 86' lang='lat' dir='ltr'><strong>Domini,</strong></span> <span class='ocrx_word' id='word_1_805' title='bbox 774 5274 900 5330; x_wconf 89' lang='lat' dir='ltr'><strong>inde</strong></span> <span class='ocrx_word' id='word_1_806' title='bbox 929 5275 1191 5330; x_wconf 85' lang='lat' dir='ltr'><strong>hauriens</strong></span> <span class='ocrx_word' id='word_1_807' title='bbox 1220 5273 1378 5328; x_wconf 87' lang='lat' dir='ltr'><strong>nobis</strong></span> <span class='ocrx_word' id='word_1_808' title='bbox 1406 5272 1644 5342; x_wconf 90' lang='lat' dir='ltr'><strong>loquitur</strong></span> <span class='ocrx_word' id='word_1_809' title='bbox 1668 5291 1681 5326; x_wconf 94' lang='lat'><strong>:</strong></span> <span class='ocrx_word' id='word_1_810' title='bbox 1715 5272 1784 5327; x_wconf 87' lang='lat' dir='ltr'><strong>In</strong></span> <span class='ocrx_word' id='word_1_811' title='bbox 1814 5272 2075 5340; x_wconf 84' lang='lat' dir='ltr'><strong>principio</strong></span> 
     </span>
    </p>
   </div>
   <div class='ocr_carea' id='block_1_100' title="bbox 488 5362 2076 5435">
    <p class='ocr_par' dir='ltr' id='par_1_100' title="bbox 488 5362 2076 5435">
     <span class='ocr_line' id='line_1_100' title="bbox 488 5362 2076 5435; baseline 0.003 -20"><span class='ocrx_word' id='word_1_812' title='bbox 488 5372 604 5417; x_wconf 88' lang='lat' dir='ltr'><strong>erat</strong></span> <span class='ocrx_word' id='word_1_813' title='bbox 664 5363 888 5420; x_wconf 86' lang='lat' dir='ltr'><strong>Verbum</strong></span> <span class='ocrx_word' id='word_1_814' title='bbox 946 5368 985 5421; x_wconf 80' lang='lat'><strong>&#39;.</strong></span> <span class='ocrx_word' id='word_1_815' title='bbox 1046 5365 1241 5422; x_wconf 77' lang='lat' dir='ltr'><strong>Petrus</strong></span> <span class='ocrx_word' id='word_1_816' title='bbox 1290 5380 1419 5421; x_wconf 91' lang='lat' dir='ltr'><strong>vero</strong></span> <span class='ocrx_word' id='word_1_817' title='bbox 1462 5366 1552 5435; x_wconf 90' lang='lat' dir='ltr'><strong>qui</strong></span> <span class='ocrx_word' id='word_1_818' title='bbox 1602 5381 1631 5418; x_wconf 92' lang='lat' dir='ltr'><strong>a</strong></span> <span class='ocrx_word' id='word_1_819' title='bbox 1682 5362 1844 5418; x_wconf 82' lang='lat' dir='ltr'><strong>Patre</strong></span> <span class='ocrx_word' id='word_1_820' title='bbox 1883 5365 2076 5433; x_wconf 88' lang='lat' dir='ltr'><strong>dignus</strong></span> 
     </span>
    </p>
   </div>
   <div class='ocr_carea' id='block_1_101' title="bbox 488 5448 2073 5523">
    <p class='ocr_par' dir='ltr' id='par_1_101' title="bbox 488 5448 2073 5523">
     <span class='ocr_line' id='line_1_101' title="bbox 488 5448 2073 5523; baseline 0.001 -20"><span class='ocrx_word' id='word_1_821' title='bbox 488 5448 760 5518; x_wconf 69' lang='lat' dir='ltr'><strong>judicatus</strong></span> <span class='ocrx_word' id='word_1_822' title='bbox 819 5453 1204 5509; x_wconf 79' lang='lat' dir='ltr'><strong>revelationem</strong></span> <span class='ocrx_word' id='word_1_823' title='bbox 1277 5453 1543 5523; x_wconf 80' lang='lat' dir='ltr'><strong>accipere,</strong></span> <span class='ocrx_word' id='word_1_824' title='bbox 1594 5458 1649 5507; x_wconf 91' lang='lat' dir='ltr'><strong>et</strong></span> <span class='ocrx_word' id='word_1_825' title='bbox 1704 5451 1888 5505; x_wconf 84' lang='lat' dir='ltr'><strong>videre</strong></span> <span class='ocrx_word' id='word_1_826' title='bbox 1951 5466 2073 5505; x_wconf 91' lang='lat' dir='ltr'><strong>eum</strong></span> 
     </span>
    </p>
   </div>
   <div class='ocr_carea' id='block_1_102' title="bbox 491 5542 2076 5611">
    <p class='ocr_par' dir='ltr' id='par_1_102' title="bbox 491 5542 2076 5611">
     <span class='ocr_line' id='line_1_102' title="bbox 491 5542 2076 5611; baseline 0.002 -17"><span class='ocrx_word' id='word_1_827' title='bbox 491 5552 649 5608; x_wconf 85' lang='lat' dir='ltr'><strong>quem</strong></span> <span class='ocrx_word' id='word_1_828' title='bbox 696 5559 800 5597; x_wconf 88' lang='lat' dir='ltr'><strong>non</strong></span> <span class='ocrx_word' id='word_1_829' title='bbox 836 5545 1080 5607; x_wconf 82' lang='lat' dir='ltr'><strong>videbat,</strong></span> <span class='ocrx_word' id='word_1_830' title='bbox 1130 5554 1184 5599; x_wconf 92' lang='lat' dir='ltr'><strong>et</strong></span> <span class='ocrx_word' id='word_1_831' title='bbox 1217 5558 1442 5600; x_wconf 86' lang='lat' dir='ltr'><strong>noscere</strong></span> <span class='ocrx_word' id='word_1_832' title='bbox 1469 5558 1591 5599; x_wconf 91' lang='lat' dir='ltr'><strong>eum</strong></span> <span class='ocrx_word' id='word_1_833' title='bbox 1626 5543 1716 5611; x_wconf 78' lang='lat' dir='ltr'><strong>qui</strong></span> <span class='ocrx_word' id='word_1_834' title='bbox 1764 5542 2076 5599; x_wconf 83' lang='lat' dir='ltr'><strong>occultaba-</strong></span> 
     </span>
    </p>
   </div>
   <div class='ocr_carea' id='block_1_103' title="bbox 2174 4625 3758 4703">
    <p class='ocr_par' dir='ltr' id='par_1_103' title="bbox 2174 4625 3758 4703">
     <span class='ocr_line' id='line_1_103' title="bbox 2174 4625 3758 4703; baseline -0.009 -15"><span class='ocrx_word' id='word_1_835' title='bbox 2174 4632 2243 4688; x_wconf 90' lang='lat' dir='ltr'><strong>de</strong></span> <span class='ocrx_word' id='word_1_836' title='bbox 2273 4648 2379 4703; x_wconf 89' lang='lat' dir='ltr'><strong>qua</strong></span> <span class='ocrx_word' id='word_1_837' title='bbox 2420 4649 2552 4689; x_wconf 89' lang='lat' dir='ltr'><strong>sane</strong></span> <span class='ocrx_word' id='word_1_838' title='bbox 2598 4634 2800 4689; x_wconf 90' lang='lat' dir='ltr'><strong>dictum</strong></span> <span class='ocrx_word' id='word_1_839' title='bbox 2833 4643 2948 4698; x_wconf 79' lang='lat' dir='ltr'><strong>est,</strong></span> <span class='ocrx_word' id='word_1_840' title='bbox 2988 4642 3044 4688; x_wconf 89' lang='lat' dir='ltr'><strong>et</strong></span> <span class='ocrx_word' id='word_1_841' title='bbox 3072 4632 3137 4686; x_wconf 91' lang='lat' dir='ltr'><strong>de</strong></span> <span class='ocrx_word' id='word_1_842' title='bbox 3170 4645 3298 4701; x_wconf 88' lang='lat' dir='ltr'><strong>quo,</strong></span> <span class='ocrx_word' id='word_1_843' title='bbox 3332 4627 3454 4697; x_wconf 88' lang='lat' dir='ltr'><strong>quia</strong></span> <span class='ocrx_word' id='word_1_844' title='bbox 3497 4625 3633 4679; x_wconf 75' lang='lat' dir='ltr'><strong>venit</strong></span> <span class='ocrx_word' id='word_1_845' title='bbox 3667 4638 3758 4692; x_wconf 52' lang='lat' dir='ltr'><strong>pa.</strong></span> 
     </span>
    </p>
   </div>
   <div class='ocr_carea' id='block_1_104' title="bbox 2175 4715 3759 4794">
    <p class='ocr_par' dir='ltr' id='par_1_104' title="bbox 2175 4715 3759 4794">
     <span class='ocr_line' id='line_1_104' title="bbox 2175 4715 3759 4794; baseline -0.008 -18"><span class='ocrx_word' id='word_1_846' title='bbox 2175 4723 2393 4792; x_wconf 77' lang='lat' dir='ltr'><strong>ciﬁcare</strong></span> <span class='ocrx_word' id='word_1_847' title='bbox 2431 4740 2550 4794; x_wconf 74' lang='lat' dir='ltr'><strong>qutz</strong></span> <span class='ocrx_word' id='word_1_848' title='bbox 2578 4725 2632 4778; x_wconf 87' lang='lat' dir='ltr'><strong>in</strong></span> <span class='ocrx_word' id='word_1_849' title='bbox 2669 4722 2796 4778; x_wconf 76' lang='lat' dir='ltr'><strong>cmlo</strong></span> <span class='ocrx_word' id='word_1_850' title='bbox 2831 4732 2951 4777; x_wconf 80' lang='lat' dir='ltr'><strong>sunt</strong></span> <span class='ocrx_word' id='word_1_851' title='bbox 2990 4732 3037 4777; x_wconf 93' lang='lat' dir='ltr'><strong>et</strong></span> <span class='ocrx_word' id='word_1_852' title='bbox 3068 4722 3126 4775; x_wconf 82' lang='lat' dir='ltr'><strong>in</strong></span> <span class='ocrx_word' id='word_1_853' title='bbox 3159 4731 3299 4774; x_wconf 86' lang='lat' dir='ltr'><strong>terra</strong></span> <span class='ocrx_word' id='word_1_854' title='bbox 3325 4717 3366 4772; x_wconf 74' lang='grc'><strong>⁸.</strong></span> <span class='ocrx_word' id='word_1_855' title='bbox 3399 4715 3679 4786; x_wconf 88' lang='lat' dir='ltr'><strong>Siquidem</strong></span> <span class='ocrx_word' id='word_1_856' title='bbox 3709 4722 3759 4765; x_wconf 91' lang='lat' dir='ltr'><strong>et</strong></span> 
     </span>
    </p>
   </div>
   <div class='ocr_carea' id='block_1_105' title="bbox 2175 4809 3759 4883">
    <p class='ocr_par' dir='ltr' id='par_1_105' title="bbox 2175 4809 3759 4883">
     <span class='ocr_line' id='line_1_105' title="bbox 2175 4809 3759 4883; baseline -0.007 -15"><span class='ocrx_word' id='word_1_857' title='bbox 2175 4813 2301 4869; x_wconf 86' lang='lat' dir='ltr'><strong>alibi</strong></span> <span class='ocrx_word' id='word_1_858' title='bbox 2338 4813 2468 4869; x_wconf 86' lang='lat' dir='ltr'><strong>dicit</strong></span> <span class='ocrx_word' id='word_1_859' title='bbox 2495 4814 2844 4883; x_wconf 76' lang='lat' dir='ltr'><strong>Evangelium</strong></span> <span class='ocrx_word' id='word_1_860' title='bbox 2875 4831 2889 4869; x_wconf 89' lang='lat'><strong>:</strong></span> <span class='ocrx_word' id='word_1_861' title='bbox 2940 4811 3112 4877; x_wconf 79' lang='lat' dir='ltr'><strong>Venit,</strong></span> <span class='ocrx_word' id='word_1_862' title='bbox 3142 4828 3243 4866; x_wconf 87' lang='lat' dir='ltr'><strong>non</strong></span> <span class='ocrx_word' id='word_1_863' title='bbox 3273 4810 3349 4864; x_wconf 89' lang='lat' dir='ltr'><strong>uti</strong></span> <span class='ocrx_word' id='word_1_864' title='bbox 3373 4809 3581 4879; x_wconf 86' lang='lat' dir='ltr'><strong>judicet</strong></span> <span class='ocrx_word' id='word_1_865' title='bbox 3610 4821 3759 4859; x_wconf 80' lang='lat' dir='ltr'><strong>num-</strong></span> 
     </span>
    </p>
   </div>
   <div class='ocr_carea' id='block_1_106' title="bbox 2174 4896 3759 4973">
    <p class='ocr_par' dir='ltr' id='par_1_106' title="bbox 2174 4896 3759 4973">
     <span class='ocr_line' id='line_1_106' title="bbox 2174 4896 3759 4973; baseline -0.006 -14"><span class='ocrx_word' id='word_1_866' title='bbox 2174 4904 2336 4971; x_wconf 84' lang='lat' dir='ltr'><strong>dum,</strong></span> <span class='ocrx_word' id='word_1_867' title='bbox 2379 4906 2472 4959; x_wconf 84' lang='lat' dir='ltr'><strong>sed</strong></span> <span class='ocrx_word' id='word_1_868' title='bbox 2514 4916 2570 4959; x_wconf 81' lang='lat' dir='ltr'><strong>ut</strong></span> <span class='ocrx_word' id='word_1_869' title='bbox 2617 4906 2844 4960; x_wconf 76' lang='lat' dir='ltr'><strong>mundus</strong></span> <span class='ocrx_word' id='word_1_870' title='bbox 2887 4903 3065 4959; x_wconf 80' lang='lat' dir='ltr'><strong>salvus</strong></span> <span class='ocrx_word' id='word_1_871' title='bbox 3104 4904 3198 4973; x_wconf 78' lang='lat' dir='ltr'><strong>ﬁat</strong></span> <span class='ocrx_word' id='word_1_872' title='bbox 3246 4918 3339 4972; x_wconf 87' lang='lat' dir='ltr'><strong>per</strong></span> <span class='ocrx_word' id='word_1_873' title='bbox 3383 4902 3551 4964; x_wconf 79' lang='lat' dir='ltr'><strong>ipsum</strong></span> <span class='ocrx_word' id='word_1_874' title='bbox 3576 4899 3617 4953; x_wconf 88' lang='grc'><strong>⁸.</strong></span> <span class='ocrx_word' id='word_1_875' title='bbox 3655 4896 3759 4962; x_wconf 90' lang='lat' dir='ltr'><strong>Qui</strong></span> 
     </span>
    </p>
   </div>
   <div class='ocr_carea' id='block_1_107' title="bbox 2174 4992 3759 5068">
    <p class='ocr_par' dir='ltr' id='par_1_107' title="bbox 2174 4992 3759 5068">
     <span class='ocr_line' id='line_1_107' title="bbox 2174 4992 3759 5068; baseline -0.006 -15"><span class='ocrx_word' id='word_1_876' title='bbox 2174 4998 2349 5054; x_wconf 88' lang='lat' dir='ltr'><strong>credit</strong></span> <span class='ocrx_word' id='word_1_877' title='bbox 2377 4997 2620 5054; x_wconf 89' lang='lat' dir='ltr'><strong>salvatur</strong></span> <span class='ocrx_word' id='word_1_878' title='bbox 2645 5016 2659 5051; x_wconf 90' lang='lat'><strong>:</strong></span> <span class='ocrx_word' id='word_1_879' title='bbox 2691 5000 2778 5068; x_wconf 91' lang='lat' dir='ltr'><strong>qui</strong></span> <span class='ocrx_word' id='word_1_880' title='bbox 2806 5009 2985 5055; x_wconf 87' lang='lat' dir='ltr'><strong>autem</strong></span> <span class='ocrx_word' id='word_1_881' title='bbox 3013 5013 3119 5052; x_wconf 92' lang='lat' dir='ltr'><strong>non</strong></span> <span class='ocrx_word' id='word_1_882' title='bbox 3149 4995 3324 5051; x_wconf 88' lang='lat' dir='ltr'><strong>credit</strong></span> <span class='ocrx_word' id='word_1_883' title='bbox 3352 4992 3626 5064; x_wconf 86' lang='lat' dir='ltr'><strong>judicatus</strong></span> <span class='ocrx_word' id='word_1_884' title='bbox 3652 4996 3759 5044; x_wconf 87' lang='lat' dir='ltr'><strong>est.</strong></span> 
     </span>
    </p>
   </div>
   <div class='ocr_carea' id='block_1_108' title="bbox 2178 5085 3763 5157">
    <p class='ocr_par' dir='ltr' id='par_1_108' title="bbox 2178 5085 3763 5157">
     <span class='ocr_line' id='line_1_108' title="bbox 2178 5085 3763 5157; baseline -0.006 -11"><span class='ocrx_word' id='word_1_885' title='bbox 2178 5090 2245 5146; x_wconf 88' lang='lat' dir='ltr'><strong>Et</strong></span> <span class='ocrx_word' id='word_1_886' title='bbox 2286 5092 2524 5147; x_wconf 89' lang='lat' dir='ltr'><strong>ilerurn:</strong></span> <span class='ocrx_word' id='word_1_887' title='bbox 2570 5089 2692 5145; x_wconf 87' lang='lat' dir='ltr'><strong>Non</strong></span> <span class='ocrx_word' id='word_1_888' title='bbox 2729 5092 2845 5146; x_wconf 79' lang='lat' dir='ltr'><strong>veni</strong></span> <span class='ocrx_word' id='word_1_889' title='bbox 2884 5092 2984 5146; x_wconf 77' lang='lat' dir='ltr'><strong>nisi</strong></span> <span class='ocrx_word' id='word_1_890' title='bbox 3032 5090 3101 5143; x_wconf 82' lang='lat' dir='ltr'><strong>ad</strong></span> <span class='ocrx_word' id='word_1_891' title='bbox 3136 5104 3253 5143; x_wconf 82' lang='lat' dir='ltr'><strong>oves</strong></span> <span class='ocrx_word' id='word_1_892' title='bbox 3302 5087 3537 5157; x_wconf 82' lang='lat' dir='ltr'><strong>perditas</strong></span> <span class='ocrx_word' id='word_1_893' title='bbox 3575 5085 3763 5137; x_wconf 74' lang='lat' dir='ltr'><strong>domus</strong></span> 
     </span>
    </p>
   </div>
   <div class='ocr_carea' id='block_1_109' title="bbox 2186 5174 3761 5253">
    <p class='ocr_par' dir='ltr' id='par_1_109' title="bbox 2186 5174 3761 5253">
     <span class='ocr_line' id='line_1_109' title="bbox 2186 5174 3761 5253; baseline -0.006 -16"><span class='ocrx_word' id='word_1_894' title='bbox 2186 5181 2354 5238; x_wconf 80' lang='lat' dir='ltr'><strong>Israel</strong></span> <span class='ocrx_word' id='word_1_895' title='bbox 2391 5184 2413 5215; x_wconf 79' lang='grc'>⁸</span> <span class='ocrx_word' id='word_1_896' title='bbox 2441 5206 2453 5239; x_wconf 91' lang='lat'><strong>:</strong></span> <span class='ocrx_word' id='word_1_897' title='bbox 2486 5194 2539 5238; x_wconf 89' lang='lat' dir='ltr'><strong>et</strong></span> <span class='ocrx_word' id='word_1_898' title='bbox 2582 5195 2732 5239; x_wconf 89' lang='lat' dir='ltr'><strong>certe</strong></span> <span class='ocrx_word' id='word_1_899' title='bbox 2773 5183 2943 5253; x_wconf 80' lang='lat' dir='ltr'><strong>magis</strong></span> <span class='ocrx_word' id='word_1_900' title='bbox 2980 5181 3278 5253; x_wconf 87' lang='lat' dir='ltr'><strong>perierunt.</strong></span> <span class='ocrx_word' id='word_1_901' title='bbox 3316 5176 3457 5244; x_wconf 89' lang='lat' dir='ltr'><strong>Quid</strong></span> <span class='ocrx_word' id='word_1_902' title='bbox 3494 5190 3623 5246; x_wconf 89' lang='lat' dir='ltr'><strong>ergo</strong></span> <span class='ocrx_word' id='word_1_903' title='bbox 3657 5174 3761 5228; x_wconf 89' lang='lat' dir='ltr'><strong>ista</strong></span> 
     </span>
    </p>
   </div>
   <div class='ocr_carea' id='block_1_110' title="bbox 2183 5268 3761 5334">
    <p class='ocr_par' dir='ltr' id='par_1_110' title="bbox 2183 5268 3761 5334">
     <span class='ocr_line' id='line_1_110' title="bbox 2183 5268 3761 5334; baseline -0.008 -3"><span class='ocrx_word' id='word_1_904' title='bbox 2183 5277 2461 5331; x_wconf 88' lang='lat' dir='ltr'><strong>contraria</strong></span> <span class='ocrx_word' id='word_1_905' title='bbox 2505 5274 2676 5330; x_wconf 88' lang='lat' dir='ltr'><strong>sunt?</strong></span> <span class='ocrx_word' id='word_1_906' title='bbox 2726 5274 2862 5329; x_wconf 83' lang='lat' dir='ltr'><strong>Num</strong></span> <span class='ocrx_word' id='word_1_907' title='bbox 2911 5283 2970 5329; x_wconf 92' lang='grc' dir='ltr'><strong>ιιι</strong></span> <span class='ocrx_word' id='word_1_908' title='bbox 3022 5271 3356 5334; x_wconf 83' lang='lat' dir='ltr'><strong>dividantur,</strong></span> <span class='ocrx_word' id='word_1_909' title='bbox 3400 5268 3602 5322; x_wconf 85' lang='lat' dir='ltr'><strong>veritas</strong></span> <span class='ocrx_word' id='word_1_910' title='bbox 3653 5279 3761 5320; x_wconf 90' lang='lat' dir='ltr'><strong>non</strong></span> 
     </span>
    </p>
   </div>
   <div class='ocr_carea' id='block_1_111' title="bbox 2183 5359 3764 5437">
    <p class='ocr_par' dir='ltr' id='par_1_111' title="bbox 2183 5359 3764 5437">
     <span class='ocr_line' id='line_1_111' title="bbox 2183 5359 3764 5437; baseline -0.007 -14"><span class='ocrx_word' id='word_1_911' title='bbox 2183 5368 2486 5423; x_wconf 86' lang='lat' dir='ltr'><strong>consentiet</strong></span> <span class='ocrx_word' id='word_1_912' title='bbox 2551 5367 2689 5423; x_wconf 87' lang='lat' dir='ltr'><strong>sibi?</strong></span> <span class='ocrx_word' id='word_1_913' title='bbox 2738 5366 2792 5422; x_wconf 86' lang='lat' dir='ltr'><strong>Si</strong></span> <span class='ocrx_word' id='word_1_914' title='bbox 2850 5367 3016 5437; x_wconf 90' lang='lat' dir='ltr'><strong>igitur</strong></span> <span class='ocrx_word' id='word_1_915' title='bbox 3066 5363 3268 5421; x_wconf 89' lang='lat' dir='ltr'><strong>veritas</strong></span> <span class='ocrx_word' id='word_1_916' title='bbox 3319 5359 3632 5418; x_wconf 86' lang='lat' dir='ltr'><strong>discesserit</strong></span> <span class='ocrx_word' id='word_1_917' title='bbox 3683 5359 3764 5413; x_wconf 84' lang='lat' dir='ltr'><strong>si-</strong></span> 
     </span>
    </p>
   </div>
   <div class='ocr_carea' id='block_1_112' title="bbox 2183 5456 3760 5530">
    <p class='ocr_par' dir='ltr' id='par_1_112' title="bbox 2183 5456 3760 5530">
     <span class='ocr_line' id='line_1_112' title="bbox 2183 5456 3760 5530; baseline -0.013 -5"><span class='ocrx_word' id='word_1_918' title='bbox 2183 5459 2235 5513; x_wconf 64' lang='lat' dir='ltr'><strong>bi</strong></span> <span class='ocrx_word' id='word_1_919' title='bbox 2267 5458 2405 5530; x_wconf 79' lang='grc'>(85),</span> <span class='ocrx_word' id='word_1_920' title='bbox 2444 5461 2631 5529; x_wconf 87' lang='lat' dir='ltr'><strong>perdet</strong></span> <span class='ocrx_word' id='word_1_921' title='bbox 2654 5470 2710 5515; x_wconf 91' lang='lat' dir='ltr'><strong>et</strong></span> <span class='ocrx_word' id='word_1_922' title='bbox 2743 5469 3028 5525; x_wconf 88' lang='lat' dir='ltr'><strong>naturam;</strong></span> <span class='ocrx_word' id='word_1_923' title='bbox 3063 5457 3330 5513; x_wconf 88' lang='lat' dir='ltr'><strong>mendacii</strong></span> <span class='ocrx_word' id='word_1_924' title='bbox 3378 5456 3522 5510; x_wconf 91' lang='lat' dir='ltr'><strong>enim</strong></span> <span class='ocrx_word' id='word_1_925' title='bbox 3561 5463 3760 5509; x_wconf 81' lang='lat' dir='ltr'><strong>natura</strong></span> 
     </span>
    </p>
   </div>
   <div class='ocr_carea' id='block_1_113' title="bbox 2184 5543 3762 5615">
    <p class='ocr_par' dir='ltr' id='par_1_113' title="bbox 2184 5543 3762 5615">
     <span class='ocr_line' id='line_1_113' title="bbox 2184 5543 3762 5615; baseline -0.006 -13"><span class='ocrx_word' id='word_1_926' title='bbox 2184 5549 2237 5603; x_wconf 90' lang='lat' dir='ltr'><strong>in</strong></span> <span class='ocrx_word' id='word_1_927' title='bbox 2268 5550 2607 5605; x_wconf 82' lang='lat' dir='ltr'><strong>dissensione</strong></span> <span class='ocrx_word' id='word_1_928' title='bbox 2634 5560 2737 5613; x_wconf 88' lang='lat' dir='ltr'><strong>est,</strong></span> <span class='ocrx_word' id='word_1_929' title='bbox 2766 5560 3012 5605; x_wconf 78' lang='lat' dir='ltr'><strong>veritatis</strong></span> <span class='ocrx_word' id='word_1_930' title='bbox 3039 5559 3223 5615; x_wconf 84' lang='lat' dir='ltr'><strong>autem</strong></span> <span class='ocrx_word' id='word_1_931' title='bbox 3254 5556 3444 5601; x_wconf 89' lang='lat' dir='ltr'><strong>natura</strong></span> <span class='ocrx_word' id='word_1_932' title='bbox 3472 5543 3762 5601; x_wconf 85' lang='lat' dir='ltr'><strong>consensio</strong></span> 
     </span>
    </p>
   </div>
   <div class='ocr_carea' id='block_1_114' title="bbox 561 5648 2076 5747">
    <p class='ocr_par' dir='ltr' id='par_1_114' title="bbox 561 5648 2076 5747">
     <span class='ocr_line' id='line_1_114' title="bbox 561 5648 2076 5747; baseline 0.003 -38"><span class='ocrx_word' id='word_1_933' title='bbox 561 5655 977 5747; x_wconf 34' lang='grc' dir='ltr'><strong>ἠρεμίῃ...</strong></span> <span class='ocrx_word' id='word_1_934' title='bbox 1132 5657 1256 5747; x_wconf 46' lang='grc' dir='ltr'><strong>(ξεῖ.</strong></span> <span class='ocrx_word' id='word_1_935' title='bbox 1284 5674 1360 5727; x_wconf 71' lang='grc' dir='ltr'><strong>γι,</strong></span> <span class='ocrx_word' id='word_1_936' title='bbox 1392 5660 1479 5747; x_wconf 66' lang='grc' dir='ltr'><strong>υ.</strong></span> <span class='ocrx_word' id='word_1_937' title='bbox 1557 5654 1572 5691; x_wconf 72' lang='grc'>¹</span> <span class='ocrx_word' id='word_1_938' title='bbox 1613 5657 1771 5714; x_wconf 80' lang='lat' dir='ltr'><strong>Joan.</strong></span> <span class='ocrx_word' id='word_1_939' title='bbox 1803 5673 1840 5720; x_wconf 84' lang='grc' dir='ltr'>ι.</span> <span class='ocrx_word' id='word_1_940' title='bbox 1876 5648 1947 5712; x_wconf 54' lang='grc' dir='ltr'><strong>ίζ</strong></span> <span class='ocrx_word' id='word_1_941' title='bbox 2005 5660 2024 5690; x_wconf 84' lang='grc'>²</span> <span class='ocrx_word' id='word_1_942' title='bbox 2062 5659 2076 5713; x_wconf 93' lang='lat' dir='ltr'><strong>l</strong></span> 
     </span>
    </p>
   </div>
   <div class='ocr_carea' id='block_1_115' title="bbox 2175 5648 3758 5747">
    <p class='ocr_par' dir='ltr' id='par_1_115' title="bbox 2175 5658 3758 5733">
     <span class='ocr_line' id='line_1_115' title="bbox 2175 5658 3758 5733; baseline 0.001 -19"><span class='ocrx_word' id='word_1_943' title='bbox 2175 5677 2215 5715; x_wconf 88' lang='grc' dir='ltr'>ιι.</span> <span class='ocrx_word' id='word_1_944' title='bbox 2246 5677 2327 5730; x_wconf 92' lang='grc' dir='ltr'>ιιι,</span> <span class='ocrx_word' id='word_1_945' title='bbox 2352 5662 2406 5720; x_wconf 84' lang='grc'><strong>’5.</strong></span> <span class='ocrx_word' id='word_1_946' title='bbox 2484 5664 2504 5695; x_wconf 81' lang='grc'>³</span> <span class='ocrx_word' id='word_1_947' title='bbox 2545 5663 2734 5719; x_wconf 82' lang='lat' dir='ltr'><strong>Matth.</strong></span> <span class='ocrx_word' id='word_1_948' title='bbox 2765 5678 2818 5733; x_wconf 73' lang='grc' dir='ltr'><strong>ιι,</strong></span> <span class='ocrx_word' id='word_1_949' title='bbox 2843 5664 2930 5719; x_wconf 63' lang='lat' dir='ltr'><strong>Si.</strong></span> <span class='ocrx_word' id='word_1_950' title='bbox 3010 5664 3030 5695; x_wconf 76' lang='grc'><strong><em>⁵</em></strong></span> <span class='ocrx_word' id='word_1_951' title='bbox 3069 5663 3274 5720; x_wconf 88' lang='lat' dir='ltr'><strong>Coloss.</strong></span> <span class='ocrx_word' id='word_1_952' title='bbox 3304 5679 3343 5726; x_wconf 84' lang='lat' dir='ltr'><strong>t,</strong></span> <span class='ocrx_word' id='word_1_953' title='bbox 3374 5659 3465 5716; x_wconf 69' lang='lat'><strong>9.0.</strong></span> <span class='ocrx_word' id='word_1_954' title='bbox 3541 5661 3563 5692; x_wconf 86' lang='grc'><strong>⁸</strong></span> <span class='ocrx_word' id='word_1_955' title='bbox 3597 5658 3758 5716; x_wconf 77' lang='lat' dir='ltr'><strong>Joan.</strong></span> 
     </span>
    </p>
   </div>
   <div class='ocr_carea' id='block_1_116' title="bbox 495 5721 1259 5790">
    <p class='ocr_par' dir='ltr' id='par_1_116' title="bbox 495 5721 1259 5790">
     <span class='ocr_line' id='line_1_116' title="bbox 495 5721 1259 5790; baseline 0.003 -10"><span class='ocrx_word' id='word_1_956' title='bbox 495 5733 575 5790; x_wconf 80' lang='grc' dir='ltr'>ιιι,</span> <span class='ocrx_word' id='word_1_957' title='bbox 604 5721 691 5779; x_wconf 77' lang='grc'><strong>17.</strong></span> <span class='ocrx_word' id='word_1_958' title='bbox 771 5729 790 5760; x_wconf 77' lang='grc'>⁸</span> <span class='ocrx_word' id='word_1_959' title='bbox 825 5728 1013 5784; x_wconf 78' lang='lat' dir='ltr'><strong>Matth.</strong></span> <span class='ocrx_word' id='word_1_960' title='bbox 1039 5745 1130 5790; x_wconf 80' lang='lat' dir='ltr'><strong>xv,</strong></span> <span class='ocrx_word' id='word_1_961' title='bbox 1155 5728 1259 5783; x_wconf 72' lang='grc' dir='ltr'>ει..</span> 
     </span>
    </p>
   </div>
   <div class='ocr_carea' id='block_1_117' title="bbox 562 5836 1336 5905">
    <p class='ocr_par' dir='ltr' id='par_1_117' title="bbox 562 5836 1336 5905">
     <span class='ocr_line' id='line_1_117' title="bbox 562 5836 1336 5905; baseline 0.005 -12"><span class='ocrx_word' id='word_1_962' title='bbox 562 5836 677 5905; x_wconf 74' lang='lat'><strong>(85)</strong></span> <span class='ocrx_word' id='word_1_963' title='bbox 719 5836 842 5904; x_wconf 75' lang='grc' dir='ltr'><strong>Με..</strong></span> <span class='ocrx_word' id='word_1_964' title='bbox 873 5842 1175 5897; x_wconf 75' lang='lat' dir='ltr'><strong>dissenserit</strong></span> <span class='ocrx_word' id='word_1_965' title='bbox 1217 5843 1336 5897; x_wconf 78' lang='lat' dir='ltr'><strong>sibi.</strong></span> 
     </span>
    </p>
   </div>
  </div>
