4134 6456
438 420 571 475 H77

1777 422 1844 476 1N
1889 423 2149 477 ΜΑΤΤΗ.
2194 424 2259 486 Χ,
2298 424 2385 478 δι.

3540 428 3676 484 H78

436 544 535 589 est.
568 534 846 601 Quomodo
875 549 1003 603 ergo
1035 536 1135 589 ista
1170 536 1270 589 sibi
1302 538 1681 591 consentient?
1713 538 1868 593 Jesus
1910 553 2007 606 pax
2040 544 2085 599 Α
2116 539 2166 591 in
2220 540 2357 593 rosis
2395 538 2622 593 habetur
2673 538 2993 603 diversitas,
3040 540 3093 593 in
3146 540 3327 593 colore
3374 540 3577 595 scilicet
3621 549 3681 598 et

437 636 539 691 est,
570 636 623 681 et
664 626 776 687 ipse
817 626 944 680 dicit
983 643 997 680 :
1039 626 1215 680 Nolite
1273 640 1457 696 putare
1497 632 1624 699 quia
1674 647 1852 699 pacem
1894 632 2005 684 veni

438 720 637 771 mittere
681 719 733 771 in
776 728 987 771 terram.
1020 718 1227 771 Dictum
1279 730 1454 773 autem
1502 722 1565 774 de
1589 736 1653 775 eo
1696 730 1815 774 est-:
1855 720 2004 773 Venit

437 812 713 880 paci/icore
754 827 813 863 ea
862 827 978 879 qua:
1030 814 1082 864 in
1139 814 1275 865 caelis
1312 824 1428 866 sunt
1467 824 1513 866 et
1559 815 1614 866 in
1666 824 1825 867 terra.
1859 814 2003 878 Quo-

438 904 597 957 modo
627 918 757 971 ergo
789 918 894 956 non
925 905 1068 956 venit
1104 919 1289 970 pacem
1324 906 1377 957 in
1415 914 1610 958 terram
1653 906 1882 967 mittere,
1916 905 2003 970 qui

437 994 560 1047 ideo
600 994 764 1059 venit,
792 1001 852 1046 ut
889 1004 941 1047 et
972 1007 1033 1044 ea
1075 1007 1194 1061 qua:
1246 993 1297 1046 in
1346 994 1499 1046 cmlis
1527 1003 1580 1046 et
1613 994 1664 1046 in
1702 1003 1840 1046 terra
1886 1002 2009 1047 sunt

437 1084 763 1153 paciﬁcaret,
794 1094 847 1137 et
877 1084 941 1137 ad
971 1099 1099 1138 oves
1142 1086 1376 1152 perditas
1411 1086 1599 1138 domus
1630 1084 1797 1138 Israel
1834 1085 2000 1148 venit,

436 1183 492 1227 et
524 1176 750 1228 inventae
788 1185 912 1227 sunt
963 1177 1284 1241 pereuntes?
1334 1175 1446 1228 Non
1495 1184 1581 1229 est
1628 1176 1823 1228 missus
1859 1176 2004 1244 judi-

436 1281 582 1329 care,
629 1276 682 1320 et
731 1267 1001 1320 invenitur
1040 1267 1421 1320 condemnare.
1472 1265 1526 1319 Si
1570 1267 1691 1335 quis
1736 1267 2010 1320 desiderat

438 1371 502 1411 ea
542 1371 661 1425 qua:
711 1367 837 1412 sunt
882 1358 1092 1411 Domini
1144 1358 1393 1419 edoceri,
1433 1358 1684 1424 pt'ojiciat
1729 1358 1906 1410 omnia
1941 1371 2006 1409 ex

438 1451 601 1504 corde
634 1465 753 1513 suo,
782 1459 836 1506 et
865 1452 1066 1504 mundo
1106 1451 1261 1504 oculo
1294 1452 1486 1503 mentis
1524 1452 1782 1505 intendat.
1811 1450 2009 1517 Propo-

438 1542 597 1597 situm
632 1543 845 1610 quidem
879 1544 968 1597 Dei
994 1544 1082 1611 qui
1131 1544 1276 1595 misit
1308 1542 1497 1595 Filium
1534 1559 1688 1596 suum
1724 1543 1829 1595 tale
1860 1552 2007 1606 erat,

438 1642 499 1687 ut
546 1632 882 1687 salvarentur
928 1635 1191 1688 homines.
1215 1632 1528 1687 Obedientia
1577 1645 1755 1688 autem
1778 1634 1893 1701 ejus
1917 1634 2007 1702 qui

440 1724 641 1777 missus
679 1733 762 1778 cst
803 1739 899 1787 ea,
944 1736 1001 1778 ut
1036 1740 1135 1792 pax
1168 1735 1314 1779 esset
1359 1726 1410 1778 in
1461 1725 1613 1780 etelis
1654 1735 1705 1779 et
1744 1726 1795 1778 in
1842 1735 2005 1779 terra.

443 1815 594 1870 Unde
625 1829 755 1885 ergo
786 1830 889 1867 non
927 1815 1064 1882 pax?
1091 1817 1171 1868 Ab
1207 1815 1516 1868 inﬁrmitate
1556 1814 1751 1883 quippe
1797 1829 2005 1877 eorum,

2108 633 2313 685 odore:
2357 630 2507 695 etin
2547 630 2809 683 fructibus
2852 637 2938 683 est
2971 630 3226 694 varietas,
3271 638 3325 682 et
3359 630 3679 699 magnitudi-

2110 722 2212 785 nis,
2239 730 2293 774 et
2332 719 2550 784 coloris,
2580 727 2635 773 et
2683 728 2894 789 gustus,
2937 730 2992 774 et
3020 728 3235 774 tactus:
3275 727 3332 772 et
3376 720 3561 773 vinum
3611 737 3676 775 ex

2107 816 2215 865 vite
2246 820 2327 865 est
2370 826 2548 875 omne,
2588 811 2681 864 sed
2718 819 2904 878 gustus
2931 810 3130 864 diversi
3164 828 3177 862 :
3214 818 3267 863 et
3300 811 3430 865 olea:
3468 812 3674 865 fructus

2106 903 2473 956 variﬁcantur.
2504 902 2609 955 Sed
2634 902 2822 954 horum
2842 901 3079 954 omnium
3107 902 3359 967 varietas,
3387 911 3441 954 et
3473 903 3679 954 anima-

2107 993 2257 1059 lium,
2284 1003 2544 1047 eteorum
2573 993 2660 1062 qui
2692 1008 2757 1045 ex
2791 992 2901 1060 ipsa
2928 1002 3053 1045 sunt
3082 994 3298 1060 specie:
3332 1008 3499 1061 equus
3530 994 3672 1047 enim

2106 1100 2244 1154 equo
2279 1085 2533 1146 velocior,
2573 1093 2626 1137 et
2662 1100 2765 1137 non
2807 1093 3036 1145 tantum,
3079 1092 3339 1150 quantum
3378 1084 3536 1137 homo
3581 1084 3678 1137 ho-

2110 1179 2235 1230 mini
2274 1200 2284 1231 :
2322 1177 2496 1230 nullus
2543 1177 2683 1229 enim
2733 1190 2905 1245 equus
2956 1176 3129 1228 currit
3184 1185 3481 1229 retrorsum
3524 1192 3537 1228 :
3580 1177 3679 1229 ho-

2108 1270 2280 1322 mines
2321 1280 2496 1323 autem
2530 1269 2745 1336 quidam
2776 1276 2904 1322 sunt
2944 1266 3204 1335 religiosi,
3239 1268 3455 1335 quidam
3501 1267 3677 1322 sacri-

2107 1361 2232 1430 legi,
2267 1361 2352 1413 alii
2390 1361 2588 1428 pudici,
2620 1362 2707 1413 alii
2740 1361 3028 1424 luxuriosi,
3061 1360 3150 1413 alii
3182 1360 3439 1427 diripiunt
3471 1359 3674 1427 aliena,

2109 1454 2195 1505 alii
2242 1461 2497 1520 spargunt
2546 1468 2673 1513 sua,
2725 1451 2813 1503 alii
2860 1460 3176 1519 stuprantur
3214 1463 3317 1501 non
3373 1463 3503 1502 suas
3556 1464 3679 1501 mu—

2108 1544 2287 1608 lieres,
2318 1545 2403 1598 alii
2447 1560 2512 1598 ne
2556 1545 2768 1611 quidem
2819 1559 2945 1595 snas
2980 1542 3321 1609 contingunt.
3376 1538 3492 1593 Non
3531 1539 3676 1592 enim

2110 1647 2254 1691 tanta
2295 1638 2585 1689 diversitas
2632 1643 2714 1687 est
2749 1646 2920 1697 terrae,
2952 1642 3161 1711 ‘qnanta
3203 1634 3435 1686 varietas
3475 1634 3679 1684 anima-

2110 1745 2227 1780 rum
2257 1746 2269 1781 :
2305 1728 2389 1781 ille
2423 1728 2565 1780 enim
2598 1735 2802 1795 martyr
2835 1728 3064 1791 exsistit,
3106 1727 3241 1779 alius
3290 1724 3675 1793 persequitur;

2110 1830 2162 1872 et
2203 1830 2389 1871 natura
2437 1818 2650 1886 quidem
2704 1817 2819 1885 ipsa
2866 1825 2979 1879 est,
3032 1817 3281 1868 voluntas
3339 1823 3516 1867 autem
3582 1813 3680 1877 ad:

436 1907 527 1976 qui
576 1922 680 1960 non
731 1915 1018 1975 potuerunt
1066 1907 1345 1973 suscipere
1405 1906 1744 1974 Splendorem
1795 1904 2010 1959 luminis
2043 1896 2081 1949 Β
2115 1926 2266 1965 versa
2305 1910 2436 1980 (84).
2483 1908 2608 1963 lnde
2642 1918 2725 1962 est
2766 1918 2822 1960 ut
2866 1909 2952 1961 ille
3003 1908 3220 1974 quidem
3268 1907 3333 1959 ad
3386 1904 3681 1959 Ecclesiam

436 1998 573 2050 veri.
608 1997 724 2064 Ipse
770 1998 913 2050 enim
951 2010 1137 2064 pacem
1188 1996 1478 2064 praedicat,
1523 2006 1577 2049 et
1611 1996 1728 2049 ideo
1762 1996 2007 2048 hortatur

438 2089 541 2142 hoc
588 2086 787 2141 Paulus
834 2088 1123 2155 apostolus,
1162 2097 1217 2141 et
1263 2088 1429 2140 dicit:
1465 2086 1584 2154 Ipse
1617 2095 1689 2139 est
1732 2087 1866 2138 enim
1905 2100 2010 2153 pax

438 2191 617 2234 nostra
645 2181 684 2231 ⁷.
727 2180 924 2233 Eorum
958 2179 1163 2233 scilicet
1190 2180 1279 2247 qui
1328 2180 1559 2233 credunt
1590 2186 1644 2232 et
1687 2178 2007 2245 suscipiunt,

435 2286 539 2340 pax
586 2280 692 2326 est.
738 2270 1015 2336 Quomodo
1050 2285 1179 2339 ergo
1228 2286 1329 2321 non
1380 2284 1561 2337 parem
1608 2269 1771 2321 mittit
1808 2270 1857 2320 in
1905 2278 2010 2320 ter-

436 2360 741 2415 ram?Fi|ia
772 2363 1020 2425 credidit,
1052 2360 1540 2431 paterincredulus
1568 2361 1845 2414 remansit.
1876 2360 2006 2424 Quae

434 2455 838 2507 communicatio
872 2464 946 2507 cst
990 2454 1133 2521 fideli
1164 2454 1233 2505 ad
1274 2452 1617 2519 inﬁdelem"?
1674 2456 1821 2520 pacis
1864 2453 2006 2505 enim

434 2544 744 2613 praedicatio
774 2544 1089 2598 divisionem
1121 2553 1392 2611 operatur.
1426 2542 1593 2596 Filius
1620 2543 1819 2604 ﬁdelis,
1852 2552 2007 2610 pater

438 2635 745 2690 incredulus
785 2654 797 2689 :
829 2650 893 2690 ex
935 2636 1258 2689 necessitate
1296 2635 1361 2687 lis
1395 2645 1512 2697 est;
1557 2644 1611 2687 et
1657 2649 1776 2703 qua:
1811 2635 2009 2703 prtedi-

435 2737 591 2781 catur
618 2744 743 2797 pax,
775 2738 991 2797 Operata
1025 2738 1108 2782 est
1135 2728 1471 2788 divisionem,
1496 2739 1549 2780 et
1575 2729 1767 2781 bonam
1791 2728 2010 2781 divisio-

437 2834 591 2885 nem;
634 2820 684 2872 in
720 2834 849 2889 pace
876 2829 1054 2873 autem
1096 2820 1284 2873 salvati
1330 2834 1534 2872 smnus.
1574 2817 1641 2872 Ut
1672 2836 1776 2872 non
1827 2831 2004 2873 autem

434 2923 534 2977 ego
563 2908 703 2963 illius
734 2910 1088 2979 interpreter;
1123 2910 1253 2963 nihil
1286 2909 1427 2963 enim
1460 2918 1543 2963 est
1572 2910 1712 2979 quod
1743 2925 1851 2963 non
1890 2910 2007 2977 ejus

437 2999 725 3053 debeamus
754 3001 979 3055 audire:
1012 3000 1125 3067 ipse
1171 3000 1299 3053 dicit
1328 3018 1339 3053 :
1386 2996 1468 3052 Ne
1503 3001 1692 3067 putetis
1736 3001 1862 3069 quia
1894 3000 2006 3053 veni

435 3107 613 3159 pacem
667 3092 873 3147 mittere
921 3093 975 3145 in
1026 3100 1240 3146 terram.
1290 3091 1357 3145 Et
1406 3092 1584 3146 adhuc
1638 3093 2006 3145 vehementius

434 3181 582 3235 addit
607 3199 618 3233 :
650 3179 771 3233 Non
800 3183 910 3234 veni
933 3198 1112 3249 pacem
1138 3184 1359 3247 mittere,
1384 3184 1472 3233 sed
1498 3181 1731 3250 gladium
1750 3182 1789 3233 ³.
1816 3182 2006 3247 Quem-

2113 2010 2294 2055 currat
2328 2002 2622 2065 manicans,
2670 2000 2808 2053 alius
2855 2001 2919 2051 at!
2973 1999 3178 2068 lapides
3220 1995 3457 2052 oﬁ'endat
3494 2010 3685 2049 exsur—

2114 2107 2242 2160 gens
2281 2092 2346 2145 ad
2392 2091 2589 2143 lumen.
2633 2090 2757 2143 lude
2795 2098 2879 2143 est
2928 2101 2983 2141 ut
3034 2090 3119 2141 ille
3168 2091 3377 2141 lauetur
3416 2088 3557 2156 quod
3601 2096 3686 2139 est

2114 2182 2361 2248 pudicus,
2392 2179 2528 2233 alius
2580 2180 2810 2249 gaudeat
2853 2178 2996 2247 quod
3035 2179 3085 2229 in
3133 2176 3442 2230 libidinibus
3474 2175 3685 2228 voluta-

2113 2283 2216 2326 tur.
2259 2271 2386 2325 lnde
2414 2282 2498 2323 est
2533 2279 2589 2321 ut
2625 2268 2710 2321 ille
2753 2269 2804 2320 in
2850 2268 2962 2321 foro
2994 2269 3189 2321 vendat
3229 2279 3283 2319 et
3319 2265 3681 2329 distrahatur,

2112 2365 2247 2418 alius
2287 2365 2351 2416 ad
2400 2362 2691 2416 Ecclesiam
2743 2360 2964 2414 veniens
3013 2360 3358 2427 semetipsum
3418 2358 3682 2411 lucretur.

2110 2457 2237 2511 lude
2266 2467 2348 2511 est
2379 2466 2436 2508 ut
2472 2455 2556 2509 ille
2587 2454 2757 2508 aliena
2790 2453 2949 2518 colat,
2996 2453 3131 2506 alius
3175 2452 3275 2505 sibi
3310 2461 3513 2518 parcat.
3545 2450 3675 2503 Inde

2112 2558 2197 2601 est
2230 2557 2287 2600 ut
2326 2546 2415 2599 ille
2463 2544 2666 2612 lapides
2712 2543 2965 2604 azdiﬁcet,
2996 2542 3130 2595 alius
3162 2541 3386 2593 virtutes
3423 2553 3685 2607 superpo-

2112 2646 2222 2690 nat.
2252 2634 2379 2689 Inde
2413 2645 2494 2689 est
2533 2642 2589 2687 ut
2618 2634 2703 2687 ille
2739 2648 2934 2701 corpus
2969 2633 3231 2702 dclergat,
3271 2631 3407 2684 alius
3443 2630 3681 2683 animam

2110 2727 2319 2795 perdat.
2352 2727 2451 2780 Ista
2479 2738 2563 2779 est
2598 2743 2700 2780 non
2737 2742 2860 2795 pax,
2907 2727 3001 2781 sed
3044 2724 3347 2789 dissensio;
3384 2723 3509 2792 quia
3548 2721 3686 2775 alius

2112 2815 2269 2869 aliter
2303 2816 2488 2877 sentit,
2530 2825 2585 2869 et
2623 2815 2764 2868 alius
2800 2814 2958 2868 aliter
3008 2814 3168 2883 sapit.
3211 2813 3320 2868 Nec
3371 2814 3513 2867 enim
3559 2827 3684 2865 cum

2110 2920 2285 2960 ortum
2318 2908 2420 2961 hoc
2460 2906 2713 2960 sensibile
2754 2906 2917 2960 fuerit
2949 2907 3153 2968 lumen,
3199 2921 3389 2959 omnes
3438 2904 3687 2959 similiter

2112 3000 2429 3068 suscipiunt.
2462 2998 2565 3052 Sed
2610 2998 2685 3051 illi
2718 2998 2933 3064 (pridem
2976 2997 3067 3067 qui
3110 3012 3271 3051 sanos
3306 2996 3509 3050 habent
3557 3010 3686 3049 ocu-

2112 3091 2211 3154 los,
2248 3100 2305 3144 et
2348 3097 2670 3152 occurrunt,
2720 3098 2775 3141 et
2823 3091 3140 3152 attendunt,
3185 3096 3238 3140 et
3273 3086 3561 3139 fruuntur:
3594 3086 3684 3155 qui

2114 3192 2289 3236 autem
2342 3182 2683 3234 inﬁrmantur
2725 3180 2921 3245 oculis,
2954 3180 3235 3249 corrigunt
3269 3194 3349 3243 se,
3398 3187 3451 3233 ct
3483 3178 3684 3239 vitant,

434 3272 717 3324 admodum
750 3286 853 3323 non
900 3247 1109 3337 pacem,
1151 3281 1207 3323 et
1236 3247 1688 3340 quemadmodum
1738 3272 2009 3341 gladium?
2039 3247 2083 3307 Ο
2116 3284 2168 3330 et
2209 3273 2442 3344 fugiunt.
2490 3272 2621 3325 Nam
2669 3280 2723 3324 et
2781 3271 3081 3324 latronibus
3109 3247 3417 3324 onerosum
3468 3278 3553 3324 est
3601 3269 3687 3323 lu-

447 3356 572 3412 Vent
635 3360 770 3411 enim
846 3358 1076 3411 incidere
1148 3360 1409 3411 hominem
1496 3362 1742 3415 adversus
1805 3372 2008 3428 patrem

430 3443 696 3496 suum”:
745 3443 946 3512 accipio
982 3442 1126 3496 enim
1193 3443 1356 3495 filium
1410 3444 1557 3513 ejus,
1603 3456 1655 3498 et
1704 3461 1809 3497 non
1862 3446 2007 3499 dele-

430 3543 615 3589 ctatur
641 3543 812 3604 pater.
850 3535 1083 3587 Adverte
1114 3544 1288 3588 autem
1318 3546 1371 3588 et
1401 3536 1633 3605 ipsorum
1664 3528 2005 3589 efﬁcientiam

432 3640 779 3688 sermonum;
809 3626 933 3693 quia
975 3627 1118 3679 enim
1168 3629 1307 3681 dixit
1350 3627 1580 3696 gladium
1625 3626 1883 3692 incidere,
1914 3629 2007 3679 ad-

434 3717 543 3769 dit:
567 3714 743 3769 Nolite
774 3727 956 3783 putare
984 3718 1104 3784 quin
1139 3718 1252 3770 veni
1279 3734 1455 3787 pacem
1486 3718 1687 3770 mittere
1713 3718 1763 3769 in
1789 3728 2002 3770 terram.

432 3808 548 3861 Non
585 3809 814 3876 suscipit
849 3820 1017 3862 terra.
1063 3807 1177 3862 Non
1230 3811 1349 3863 veni
1387 3825 1571 3879 pacem
1611 3810 1868 3863 mittere:
1908 3810 2009 3862 ite-

437 3917 555 3955 rum
591 3902 711 3953 amli
747 3901 798 3953 in
831 3911 1027 3953 terram
1056 3918 1069 3954 :
1100 3900 1211 3968 Ego
1240 3902 1406 3967 enim,
1435 3902 1625 3969 inquit,
1660 3916 1844 3971 pacem
1877 3918 2008 3970 pra:-

434 3995 572 4054 dico,
605 3994 697 4045 sed
747 4002 887 4045 terra
921 4008 1024 4044 non
1067 3994 1313 4061 suscipit.
1356 3992 1468 4047 Non
1516 4010 1644 4062 ergo
1690 3994 2006 4049 seminantis

432 4085 764 4153 pl’OllOSllUlll
794 4101 806 4134 :
839 4082 956 4150 ipse
984 4084 1128 4137 enim
1160 4085 1421 4137 sustinuit
1456 4096 1512 4138 ut
1542 4084 1783 4140 facerent
1817 4102 1998 4146 uvam,

429 4176 673 4230 fecerunt
716 4185 897 4229 autem
931 4177 1132 4244 spinas.
1180 4176 1360 4245 Neque
1397 4178 1441 4231 is
1480 4178 1531 4231 in
1570 4194 1731 4231 causa
1769 4188 1875 4245 est,
1910 4179 1997 4247 qui

425 4266 697 4341 benefecit
728 4268 897 4321 vinea:
925 4286 937 4323 :
986 4267 1107 4320 Veni
1140 4269 1304 4334 enim,
1339 4269 1532 4337 inquit,
1580 4270 1805 4322 incidere
1838 4271 2007 4323 Itami-

430 4376 546 4412 nem
587 4359 833 4411 adversus
869 4372 1071 4427 patrem
1101 4376 1283 4424 suum,
1325 4372 1372 4413 et
1411 4378 1598 4413 nurum
1630 4363 1878 4417 adversus
1922 4379 2005 4415 δο-

426 4467 573 4505 crum
613 4467 787 4505 suam.
842 4451 931 4505 lsti
983 4468 1261 4507 sermones
1304 4454 1464 4507 rebus
1513 4455 1640 4521 ipsis
1696 4454 1998 4509 ﬁrmantur.

2116 3381 2256 3428 men,
2305 3376 2360 3418 et
2392 3363 2601 3416 furibus
2651 3379 2758 3417 non
2795 3363 3070 3427 dilectum,
3120 3370 3174 3414 et
3226 3360 3490 3415 adulteris
3533 3360 3687 3414 odio-

2112 3472 2250 3508 sum.
2280 3455 2517 3523 Denique
2545 3462 2601 3507 et
2640 3467 2702 3506 ca
2733 3467 2853 3521 qua:
2897 3459 3088 3520 repunt
3118 3450 3357 3519 fugiunt;
3387 3459 3563 3504 ortum
3601 3460 3688 3504 est

2109 3547 2253 3600 enim
2299 3546 2512 3610 lumen;
2554 3554 2610 3599 et
2650 3546 2740 3614 qui
2786 3554 2912 3598 sunt
2956 3542 3091 3597 ebrii
3126 3558 3229 3596 non
3277 3542 3505 3596 libenter
3543 3560 3684 3595 acci-

2110 3636 2281 3704 piunt,
2308 3636 2628 3705 quia..urget
2651 3648 2744 3687 eos
2775 3633 2951 3686 lumen
2975 3647 3286 3701 exsurgere.
3318 3632 3456 3685 Sunt
3481 3645 3611 3685 sane
3632 3642 3686 3684 et

2110 3726 2352 3794 qutcdam
2393 3724 2644 3779 animalia
2682 3722 3085 3791 versipelliones
3115 3731 3169 3777 et
3201 3721 3412 3786 bellum,
3445 3730 3498 3775 et
3533 3737 3682 3790 qua-—

2110 3831 2322 3884 cunque
2358 3817 2512 3871 istius
2544 3816 2759 3881 generis
2801 3814 3087 3873 habentur,
3128 3828 3245 3880 quae
3281 3812 3332 3865 in
3368 3819 3535 3865 totum
3578 3826 3683 3863 non

2110 3909 2382 3962 sustinent
2434 3908 2654 3963 luminis
2688 3907 2889 3961 radios.
2934 3904 3070 3957 Sunt
3112 3914 3288 3957 autem
3325 3913 3380 3957 et
3407 3902 3683 3957 hominum

2111 3999 2261 4053 multi
2297 3999 2728 4068 versipelliones,
2759 4010 2813 4052 et
2836 3997 3304 4067 versipellionibus
3336 3995 3569 4064 pejores,
3605 3994 3683 4049 vi-

2109 4106 2250 4161 perae
2278 4091 2450 4160 magis
2471 4107 2631 4161 quam
2662 4091 2936 4154 homines,
2965 4087 3369 4152 amari,invidi,
3404 4086 3680 4150 malitiosi,

2108 4199 2244 4253 quos
2276 4196 2465 4236 omnes
2502 4182 2649 4249 fugat
2682 4181 2859 4234 lumen
2890 4195 3010 4233 cum
3047 4177 3207 4231 fuerit
3249 4189 3449 4232 ortum.
3480 4177 3678 4232 lterurn

2107 4287 2289 4329 autem
2324 4290 2507 4327 sermo
2548 4274 2780 4327 recurrit
2810 4272 2872 4322 ad
2902 4272 3074 4341 ipsum
3101 4279 3402 4332 certamen,
3430 4268 3514 4321 his
3563 4282 3681 4335 quae

2108 4370 2221 4423 heri
2260 4379 2387 4421 sunt
2424 4367 2588 4419 dicta.
2626 4365 2825 4417 lterum
2863 4363 3003 4415 enim
3034 4361 3344 4430 propositus
3367 4370 3449 4413 est
3502 4359 3683 4413 Domi-

2110 4478 2210 4514 nus
2239 4460 2420 4521 .lcsus,
2453 4467 2505 4511 et
2537 4454 2812 4526 proposita
2844 4464 2968 4507 sunt
3007 4452 3107 4504 alia
3149 4451 3337 4505 multa.
3373 4450 3534 4504 Pater
3566 4448 3678 4502 liti--

427 4542 622 4607 Quanti
647 4545 787 4598 enim
814 4560 877 4597 ex
899 4545 980 4597 his
998 4546 1086 4613 qni
1110 4546 1194 4597 hic
1219 4560 1359 4597 nunc
1391 4556 1770 4608 convenerunt,
1806 4547 2002 4601 habent
2033 4577 2076 4631 υ
2109 4570 2263 4624 gans,
2298 4560 2473 4605 mater
2522 4547 2921 4609 contradicens,
2951 4559 3106 4599 soror
3146 4544 3455 4612 increpans,
3512 4542 3681 4596 frater

426 4648 613 4687 eorum
682 4651 800 4703 quae
860 4636 1111 4690 dicuntur
1170 4637 1657 4705 experimentum?
1707 4639 1801 4691 Est
1854 4641 1997 4692 enim

425 4732 579 4792 pater
617 4724 900 4793 increpans
936 4726 1077 4780 ﬁlios
1112 4727 1180 4779 ob
1224 4728 1620 4791 credulitatem,
1648 4736 1701 4781 et
1749 4729 1840 4782 lilii
1886 4746 1999 4784 mos

424 4826 614 4870 nentes
653 4826 835 4884 patres
880 4818 943 4870 ad
997 4818 1187 4881 fidem,
1233 4827 1287 4870 ct
1331 4818 1451 4872 ﬁlia:
1484 4820 1739 4874 docentes
1774 4832 1993 4876 matres.

425 4910 482 4962 Si
517 4910 660 4963 enim
706 4919 760 4965 et
797 4925 863 4963 ex
915 4911 1026 4977 ipsa
1064 4917 1251 4963 natura
1283 4925 1492 4975 omnes,
1539 4913 1631 4966 sed
1675 4929 1776 4966 non
1809 4930 1869 4966 ex
1905 4930 1997 4968 eo-

425 5002 546 5056 dem
598 5004 893 5071 proposito.
961 5003 1199 5071 Denique
1244 5012 1299 5056 et
1338 5020 1400 5057 ex
1455 5005 1838 5073 conspersione
1891 5023 1992 5060 una

422 5089 679 5160 pollinis,
728 5090 971 5160 quaedam
1013 5091 1229 5158 quidem
1294 5108 1415 5160 qua:
1470 5094 1520 5146 in
1570 5093 1832 5148 fermento
1872 5107 1996 5150 sunt

423 5182 809 5248 dissolvuntur,
848 5183 1089 5251 quaedam
1134 5191 1312 5235 autem
1344 5199 1461 5250 qua:
1499 5184 1823 5239 fermentata
1869 5196 1995 5241 sunt

423 5274 763 5327 continentur
802 5290 814 5325 :
849 5284 903 5327 et
937 5288 1126 5327 carnes
1173 5273 1331 5326 aliter
1368 5285 1616 5328 tenentur
1662 5293 1781 5345 qua:
1826 5279 1990 5332 salem

422 5364 655 5428 habent,
698 5364 853 5415 aliter
898 5380 1017 5432 qua:
1046 5364 1161 5417 sine
1212 5363 1321 5417 sale
1367 5378 1805 5434 corrumpuntur.
1856 5368 1987 5422 Nam

419 5456 521 5510 etsi
542 5455 653 5524 ipsa
683 5464 872 5507 natura
898 5457 968 5507 sit
989 5458 1191 5521 carnis,
1222 5470 1323 5508 non
1353 5464 1528 5509 tamen
1556 5458 1664 5525 ipsa
1690 5460 1987 5525 permistio.

422 5546 577 5600 Aliud
608 5547 790 5599 vinum
827 5554 910 5601 est
943 5547 1059 5601 sine
1094 5564 1247 5618 aqua,
1279 5557 1331 5601 et
1373 5547 1514 5601 aliud
1555 5566 1675 5603 cum
1732 5566 1889 5618 aqua.
1926 5552 1991 5605 Et

422 5638 705 5709 ﬁgulorum
742 5640 807 5693 ad
856 5642 1234 5708 permistiones
1298 5644 1583 5698 diversitas
1632 5644 1860 5699 habetur
1890 5663 1903 5702 :
1938 5659 1989 5700 et

495 5756 513 5780 "
558 5755 755 5825 Ephes.
783 5772 843 5819 tt,
877 5756 962 5809 Μ.
1039 5758 1061 5787 ⁸
1099 5755 1115 5808 l
1149 5758 1271 5811 Cor.
1304 5776 1375 5825 vt,
1410 5763 1489 5815 lii.

500 5849 609 5920 (84)
650 5851 900 5906 Adversa.
937 5851 1016 5905 An
1045 5853 1241 5906 diversa
1269 5856 1291 5906 ἰ)

1569 5764 1587 5791 θ
1631 5762 1816 5819 Matth.
1850 5782 1900 5829 κ,

2106 4646 2466 4716 exprobrans,
2487 4641 2626 4696 servi
2647 4648 3017 4708 exsurgentes,
3040 4636 3245 4691 ancillae
3267 4644 3677 4705 exaggerantes.

2109 4737 2491 4805 Unusquisque
2537 4734 2679 4787 enim
2710 4748 2862 4786 suam
2900 4731 3231 4784 voluntatem
3270 4738 3394 4782 ante
3449 4728 3676 4783 salutem

2106 4828 2337 4881 ﬁliorum
2377 4838 2717 4893 praeponens,
2783 4822 2952 4874 trahit
3013 4822 3077 4873 ad
3137 4835 3291 4874 suum
3340 4818 3673 4889 propositum

2104 4921 2360 4990 ignorans
2391 4917 2779 4986 proditionem.
2812 4914 3122 4969 Certamina
3175 4929 3304 4982 ergo
3333 4928 3430 4981 pro
3460 4912 3677 4967 Christo

2105 5011 2257 5064 nobis
2291 5018 2420 5063 sunt
2455 5027 2468 5062 :
2501 5006 2749 5062 Christus
2784 5014 2990 5058 tantum
3022 5008 3229 5057 lucrum
3257 5014 3376 5057 est:
3409 5002 3497 5055 ille
3529 5004 3672 5054 enim

2101 5105 2246 5155 venit
2275 5101 2340 5154 ad
2368 5100 2683 5163 Ecclesiam,
2711 5097 2849 5150 alius
2906 5096 3160 5150 distrahit
3209 5105 3262 5147 ct
3307 5094 3438 5148 emit
3474 5093 3674 5147 oblitus

2102 5193 2303 5247 Christi
2343 5207 2356 5244 :
2391 5191 2482 5245 ille
2505 5191 2653 5244 audit
2686 5190 2959 5245 Christum
2988 5205 3084 5257 per
3118 5187 3405 5256 Evangelia
3443 5186 3672 5254 loquen-

2103 5294 2231 5351 tem,
2260 5285 2396 5338 alius
2435 5294 2487 5337 et
2517 5284 2927 5351 adestpedibus,
2964 5293 3018 5335 et
3045 5291 3220 5335 mente
3252 5280 3399 5333 foras
3426 5288 3669 5349 vagatur.

2102 5377 2191 5429 Ille
2224 5377 2363 5441 patri
2399 5377 2563 5429 donat
2597 5376 2948 5443 perditionem
2976 5390 3147 5435 suam,
3177 5373 3312 5425 alius
3349 5372 3507 5425 matri
3536 5386 3669 5424 con-

2101 5470 2268 5523 sentit
2301 5478 2357 5521 ut
2389 5484 2495 5521 non
2538 5467 2647 5521 Deo
2677 5468 2816 5535 quod
2842 5467 3094 5521 convenit
3125 5466 3393 5521 restituat.
3427 5465 3507 5519 Ad
3535 5464 3671 5517 mul-

2103 5569 2183 5613 tos
2224 5560 2389 5628 igitur
2416 5560 2665 5613 convenit
2693 5559 2923 5629 jurgari,
2963 5568 3020 5612 ut
3052 5558 3232 5612 multa:
3259 5556 3673 5613 elﬁcianturco-

2102 5668 2270 5705 route.
2308 5652 2389 5703 Ad
2421 5652 2690 5707 diabolum
2735 5653 2929 5721 quippe
2978 5659 3030 5707 et
3060 5650 3258 5706 milites
3313 5649 3467 5719 ejus:
3520 5648 3669 5703 multi

2102 5768 2142 5797 ¹⁰
2181 5769 2306 5825 ibid.
2343 5769 2429 5823 55.
