4134 6402
468 384 602 440 1179

1133 378 1405 435 EUSEBll
1442 379 1922 435 ΕίΕΒΑΒΙΕΝΞΙΞ·
1955 379 2030 434 0F

2147 375 2327 431 PARS
2367 365 2456 430 Ν.
2495 404 2566 416 -
2603 373 3004 431 DOGMATICA

3571 375 3706 432 1180

467 512 645 553 autem
677 508 802 552 sunt
832 506 886 549 et
922 495 1030 549 isti.
1057 492 1288 564 Urgetur
1311 509 1442 548 sane
1471 505 1524 548 et
1549 504 1723 563 pater,
1757 503 1810 549 et
1839 503 2032 557 mater,
2062 503 2110 557 Α
2138 492 2214 546 dit
2241 509 2254 545 :
2294 501 2539 545 mortuus
2569 491 2715 546 enim
2745 501 2851 544 est.
2873 489 3049 545 Timet
3079 501 3256 546 autem
3279 507 3346 547 ne
3366 493 3488 564 quis
3511 495 3704 550 malam

467 601 520 646 et
541 589 759 651 fratres,
782 598 837 642 et
869 587 1102 656 cognati,
1130 596 1184 639 et
1209 587 1390 650 amici,
1421 597 1475 640 et
1506 588 1671 652 servi,
1704 598 1753 641 et
1793 587 2032 652 ancillae;

467 698 534 736 ex
571 683 756 735 multis
782 681 924 733 enim
953 679 1170 732 tristitia
1192 689 1294 742 est,
1338 679 1459 733 ideo
1491 688 1548 732 ut
1573 689 1628 734 et
1655 689 1799 733 tanta
1832 680 2034 734 habea-

471 787 557 829 tu'r
593 775 797 839 laetitia,
847 781 902 827 et
949 772 1220 826 addantur
1269 773 1490 840 nuptiae,
1547 783 1604 827 et
1647 774 2037 841 promissiones

467 883 627 935 opum
661 866 936 930 mortales,
963 865 1058 919 sed
1081 877 1180 917 nec
1203 876 1430 918 mortua:
1461 885 1472 920 :
1522 881 1641 934 qua:
1701 867 1844 920 enim
1891 882 2035 920 nun-

469 972 627 1025 quam
664 958 935 1019 vixerunt,
973 969 1040 1008 ne
1069 957 1289 1024 quidem
1341 967 1550 1010 mortua
1603 968 1888 1023 vocentur,
1939 958 2035 1013 sed

469 1049 569 1101 alia
600 1049 764 1116 pejori
799 1049 1214 1116 nuncupatione.
1249 1053 1352 1104 Sed
1375 1053 1426 1103 in
1454 1051 1534 1104 his
1558 1051 1821 1118 omnibus,
1861 1053 2034 1120 inquit

465 1139 776 1208 Apostolus,
822 1141 1235 1204 supervincimus
1286 1152 1497 1209 propter
1528 1158 1643 1194 eum
1681 1143 1768 1208 qui
1815 1159 1908 1194 nos
1943 1158 2035 1195 su-

467 1230 751 1299 perdilexit
787 1232 849 1286 ι’.
875 1231 1009 1284 Etsi
1060 1233 1180 1301 quis
1211 1232 1449 1301 Apostoli
1496 1233 1737 1287 imitator
1764 1243 1845 1287 est
1876 1250 1891 1299 ;
1943 1236 2033 1303 qui

467 1322 610 1374 enim
645 1321 883 1374 imitatur
918 1337 1065 1384 eum,
1109 1323 1349 1375 imitatur
1386 1323 1662 1378 Christum
1695 1342 1709 1391 ;
1747 1325 1940 1379 transit
1968 1325 2036 1379 ab

469 1412 771 1465 imitatione
831 1413 897 1466 ad
956 1413 1326 1482 principalem.
1380 1415 1671 1482 Jurgeutur
1737 1417 1919 1470 omnia
1978 1427 2035 1472 ut

467 1521 828 1572 coronemur;
867 1507 917 1558 in
953 1508 1200 1561 omnibus
1235 1509 1304 1560 sit
1341 1508 1576 1577 jurgium
1622 1511 1686 1562 ad
1737 1510 2036 1578 pulchritu-

466 1598 668 1664 dinem,
702 1599 767 1651 ad
797 1600 1191 1667 possessiones,
1221 1601 1286 1654 ad
1315 1602 1554 1666 divitias,
1610 1603 1675 1654 ad
1732 1612 1991 1672 cognatos
2015 1643 2033 1670 ,

465 1690 532 1742 ad
568 1700 810 1757 patrem,‘
831 1693 894 1744 ad
933 1695 1267 1755 matrem,ad
1298 1696 1489 1748 fratres
1513 1735 1526 1754 ,
1562 1695 1628 1746 ad
1676 1710 1862 1750 servos
1903 1713 1917 1760 ;
1981 1704 2036 1750 et

469 1783 628 1835 vicini
660 1784 1062 1851 impugnatores
1098 1786 1361 1838 exsistant
1391 1805 1404 1839 :
1442 1786 1637 1840 sufficit
1662 1788 1807 1841 enim
1855 1790 2038 1844 chari-

468 1884 549 1927 tas
597 1875 758 1929 unius
805 1884 863 1928 ut
912 1878 1341 1943 superetomnia.
1377 1877 1485 1946 Ego
1513 1889 1690 1933 autem
1728 1888 1783 1933 et
1813 1881 2027 1934 misera-

466 1963 599 2017 biles
623 1973 770 2032 puto,
803 1965 890 2032 qui
925 1982 1026 2018 non
1059 1976 1183 2018 sunt
1237 1969 1443 2036 experti
1499 1970 1798 2024 istiusmodi
1854 1973 2037 2026 turbe-

468 2056 544 2109 las
578 2067 794 2124 propter
830 2057 1114 2112 Dominum
1143 2060 1346 2112 Jesum.
1377 2059 1486 2114 Illis
1530 2069 1710 2114 autem
1747 2072 2035 2129 congratu-

466 2145 547 2200 lor
581 2149 668 2215 qui
703 2149 897 2202 habent
924 2149 976 2202 in
1023 2160 1200 2203 tuente
1250 2161 1304 2202 et
1336 2153 1674 2204 conscientia
1700 2168 1795 2206 sua
1826 2152 2030 2209 dicere.

467 2237 607 2292 Ecce
641 2239 921 2292 Dominum
961 2243 1037 2294 tui
1075 2251 1296 2310 propter
1335 2242 1446 2312 (85)
1483 2243 1733 2298 inimicus
1771 2257 1852 2299 est
1906 2247 2035 2299 mihi

467 2337 620 2397 pater
646 2345 816 2396 meus,
845 2334 1202 2400 expugnatrix
1221 2343 1412 2398 mater,
1447 2334 1616 2391 frater
1647 2335 1872 2401 insistit,
1893 2338 2036 2391 servi

465 2423 833 2486 contristant,
901 2423 1112 2478 ancillae
1144 2424 1457 2493 jurgantur,
1515 2437 1568 2480 et
1627 2429 1806 2482 nullus
1844 2429 2035 2483 horum

472 2515 603 2568 mihi
640 2523 697 2568 ut
725 2515 974 2570 inimicus
1005 2525 1088 2569 est
1121 2527 1338 2585 propter
1366 2528 1510 2570 tuam
1540 2518 1910 2572 dilectionem.
1950 2519 2039 2573 Si-

469 2608 686 2677 quidem
718 2618 771 2664 et
800 2609 852 2662 in
888 2609 1044 2663 bellis
1079 2609 1277 2664 milites
1305 2621 1538 2678 quantas
1570 2611 1754 2680 plagas
1783 2613 1852 2666 ob
1880 2628 2033 2666 amo-

469 2713 582 2751 rem
615 2700 756 2766 regis
791 2701 1097 2768 accipiunt?
1124 2717 1507 2770 nonnunquam
1544 2704 1686 2756 enim
1715 2715 1768 2757 et
1800 2703 2036 2773 gauden-

465 2800 546 2845 tes
574 2791 864 2846 ostendunt
902 2802 959 2847 et
1009 2794 1328 2863 sanguinum
1359 2793 1583 2857 .fluxus,
1641 2805 1696 2850 et
1758 2796 2034 2866 plagarum

464 2883 768 2949 cicatrices,
799 2899 897 2953 per
921 2899 1041 2951 qua:
1063 2887 1429 2952 experimenta
1459 2885 1667 2954 fulgent
1701 2902 1915 2941 amores
1939 2889 2032 2955 qui

465 2975 532 3030 ad
567 2989 746 3044 regem
771 2984 895 3027 sunt
919 2973 1112 3027 habiti.
1137 2973 1202 3027 Et
1230 2984 1382 3028 certe
1401 2986 1611 3043 quarat
1643 2979 2033 3047 unusquisque,

463 3075 520 3121 et
551 3067 730 3137 pigeat
767 3081 1231 3137 unumquemque,
1270 3076 1330 3120 ut
1362 3068 1500 3122 alius
1533 3079 1790 3139 acceptus
1815 3071 1906 3126 sit.
1943 3069 2036 3125 llle

2139 584 2304 638 vitam
2330 584 2480 638 vivat
2507 600 2522 638 :
2551 584 2749 638 mortui
2779 583 2920 637 enim
2951 598 3159 638 sumus.
3194 583 3328 639 Nam
3358 595 3412 639 et
3441 586 3532 655 qui
3565 601 3709 639 mor-

2139 675 2245 729 tuis
2269 675 2492 743 sepultis
2515 689 2730 730 mensas
2759 685 3035 745 apponunt
3067 685 3121 730 et
3153 691 3330 739 escas,
3360 677 3613 732 delirant.
3647 676 3705 732 Si

2138 763 2300 834 igitur
2325 779 2543 819 mensas
2573 779 2846 835 apponere
2873 766 3101 822 mortuis
3150 767 3567 823 deliramentum
3600 779 3702 835 est,

2137 863 2191 908 et
2213 855 2528 908 comminari
2551 856 2776 910 mortuis
2798 857 2980 912 irrisio
3001 869 3085 914 est
3112 876 3127 916 :
3157 867 3213 912 et
3239 868 3386 914 certe
3416 861 3707 916 adveniant

2136 951 2188 997 et
2221 945 2400 1007 iniure,
2431 955 2701 999 acuantur
2734 946 2918 1015 gladii,
2943 957 2996 1001 et
3032 951 3329 1015 exercitus,
3357 957 3412 1004 et
3463 949 3628 1020 leges,
3654 961 3710 1005 et

2137 1034 2448 1088 civitatibus
2481 1045 2740 1104 appareat
2775 1036 2903 1091 Jesn
2932 1037 3138 1092 Christi
3190 1040 3399 1095 Domini
3433 1042 3624 1104 virtus,
3653 1052 3710 1096 et

2138 1142 2292 1180 amor
2342 1136 2398 1180 et
2449 1129 2684 1182 flamma.
2733 1131 2931 1185 Audite
2987 1131 3151 1201 igitur
3201 1133 3294 1202 qui
3333 1133 3545 1187 Domini
3577 1131 3706 1190 Jesu

2137 1219 2426 1288 participes
2454 1221 2834 1289 mysteriorum
2860 1233 2993 1277 esus
3025 1225 3240 1278 :audite
3262 1224 3556 1292 Christum,
3589 1227 3707 1280 cul-

2139 1319 2284 1363 tores
2308 1309 2443 1377 ejus.
2471 1312 2607 1376 Quid
2635 1313 2765 1367 dicit
2803 1313 2981 1367 lumen
3030 1317 3257 1370 verum?
3280 1317 3408 1386 quid
3467 1317 3709 1387 loquitur

2138 1402 2265 1454 via?
2294 1404 2423 1472 quid
2451 1404 2826 1474 clamatjanua
2853 1406 2875 1459 ?
2904 1408 3031 1475 quid
3057 1407 3385 1462 vociferatur
3421 1409 3572 1464 vita?
3604 1410 3707 1474 Qui

2137 1494 2330 1564 diligit,
2363 1496 2558 1565 inquit,
2585 1508 2784 1561 patrem
2814 1508 2905 1551 aut
2934 1510 3152 1553 matrem
3180 1517 3337 1568 super
3364 1516 3464 1565 me,
3506 1515 3607 1554 non
3631 1509 3706 1554 est

2137 1601 2218 1638 me
2244 1587 2430 1656 dignus
2455 1587 2520 1639 “.
2551 1588 2617 1642 Et
2651 1604 2758 1643 non
2783 1589 2976 1644 sufﬁcit
3000 1591 3124 1644 hoc.
3151 1591 3345 1645 lterqu
3377 1591 3518 1644 enim
3543 1590 3704 1646 dicit:

2140 1677 2206 1730 Et
2234 1681 2324 1748 qui
2348 1696 2451 1733 non
2491 1682 2677 1747 accipit
2712 1698 2920 1734 crucem
2942 1698 3115 1748 suam,
3154 1692 3201 1735 et
3222 1684 3454 1748 sequitur
3475 1698 3575 1749 me,
3602 1699 3707 1738 non

2138 1781 2211 1822 est
2247 1788 2326 1824 me
2361 1774 2549 1842 dignus
2581 1773 2649 1825 ³³.
2682 1774 2784 1828 Ista
2813 1785 2898 1828 est
2929 1777 3137 1828 vocatio
3181 1789 3368 1828 eorum
3429 1776 3521 1843 qui
3568 1775 3710 1829 mili-

2071 1842 2113 1896 Β
2146 1871 2260 1915 tare
2300 1865 2612 1933 desiderant
2649 1865 2891 1945 Christo.
2930 1865 2986 1919 Si
3018 1867 3139 1933 quis
3182 1867 3345 1935 igitur
3375 1842 3595 1935 paratus
3626 1877 3711 1921 est

2141 1952 2403 2020 ct'ucitigi,
2434 1954 2652 2006 veniat:
2692 1955 2735 2009 si
2761 1956 2882 2024 quis
2909 1955 3090 2009 alacer
3129 1966 3214 2009 est
3260 1956 3326 2009 ad
3357 1963 3609 2021 mortem,
3662 1957 3707 2010 si

2140 2042 2259 2109 quis
2289 2053 2464 2111 potest
2489 2044 2554 2097 ad
2584 2045 2840 2114 gladium,
2871 2047 2914 2100 si
2950 2049 3074 2116 quis
3103 2047 3170 2100 ad
3203 2045 3494 2111 flammam,
3522 2047 3566 2102 si
3587 2047 3712 2116 quis

2139 2135 2206 2187 ad
2237 2137 2434 2203 ignem,
2463 2137 2509 2189 si
2541 2139 2662 2205 quis
2707 2139 2772 2191 ad
2803 2141 3098 2203 exercitus,
3124 2139 3168 2192 si
3197 2140 3320 2206 quis
3350 2139 3416 2191 ad
3456 2138 3709 2207 concupi'

2141 2227 2398 2294 scentias,
2432 2229 2477 2281 si
2511 2231 2633 2299 quis
2661 2231 2726 2281 ad
2779 2230 3053 2294 libidines,
3105 2233 3148 2285 si
3179 2233 3300 2300 quis
3344 2231 3412 2284 ad
3458 2232 3620 2298 Iram,
3665 2231 3713 2286 si

2140 2317 2262 2384 quiis
2286 2321 2350 2370 ad
2377 2320 2826 2388 indignationem,
2857 2322 2900 2376 si
2936 2324 3058 2391 quis
3083 2324 3149 2376 ad
3180 2338 3310 2391 opes
3356 2334 3412 2377 et
3450 2324 3670 2378 divitias
3693 2362 3711 2389 ,

2143 2417 2197 2461 et
2229 2411 2617 2476 possessiones,
2657 2423 2712 2471 et
2744 2413 2993 2476 aedilicia,
3039 2423 3092 2466 et
3116 2425 3471 2479 mercaturas,
3535 2424 3592 2468 et
3643 2414 3711 2467 ad

2150 2500 2483 2567 principatus
2515 2512 2565 2555 et
2595 2513 2913 2570 potestates,
2955 2505 3018 2557 ad
3051 2505 3293 2559 visibiles
3327 2516 3380 2558 et
3412 2504 3714 2560 invisibiles

2138 2591 2410 2653 inimicos,
2441 2593 2506 2645 ad
2536 2595 2761 2662 spiritus
2801 2610 3062 2663 nequam,
3090 2597 3156 2649 ad
3195 2610 3439 2660 carnem,
3473 2599 3540 2650 ad
3565 2599 3710 2665 cogi-

2141 2687 2311 2733 tatum
2349 2683 2564 2746 anima),
2597 2685 2662 2736 ad
2692 2693 2989 2737 nocturnas
3023 2685 3375 2748 ambitiones,
3414 2687 3482 2738 ad
3529 2698 3710 2742 motus

2140 2772 2488 2840 meridianos,
2524 2774 2591 2827 ad
2639 2774 2944 2842 juventutis
2973 2774 3265 2842 fervorem,
3304 2777 3372 2829 ad
3403 2775 3664 2845 impetum
3687 2817 3708 2845 ,

2120 2863 2210 2917 'ad
2235 2862 2430 2917 famem
2469 2874 2520 2918 et
2551 2866 2723 2930 sitim,
2757 2865 2825 2920 ad
2859 2867 3132 2931 homines,
3166 2868 3232 2922 ad
3256 2867 3550 2937 languores
3575 2910 3591 2936 ,
3641 2868 3710 2922 ad

2138 2955 2425 3020 sanitates,
2458 2958 2524 3011 ad
2551 2957 2786 3012 divitias.
2821 2957 2923 3012 Per
2952 2959 3066 3013 [nec
3085 2959 3229 3012 enim
3259 2960 3444 3014 omnia
3473 2961 3712 3015 vincitur

2141 3045 2468 3101 desiderium
2501 3066 2515 3102 :
2559 3050 2731 3118 magis
2756 3059 2936 3104 autem
2965 3050 3298 3107 desiderium
3331 3068 3504 3123 neque
3534 3053 3708 3108 vinci-

464 3159 683 3228 quidem
709 3159 780 3211 ita
831 3161 1130 3227 proposuit,
1184 3159 1324 3214 alius
1351 3159 1510 3214 aliter
1563 3160 1745 3215 alacer
1797 3161 1916 3216 fuit.
1965 3161 2034 3216 Ut
2062 3182 2104 3240 ο
2141 3171 2248 3228 tur,
2281 3176 2454 3229 neque
2492 3161 2820 3227 deflectitur,
2862 3163 2956 3217 sed
2988 3178 3085 3234 per
3123 3163 3228 3218 ista
3281 3165 3461 3218 omnia
3494 3165 3704 3230 vincit,

464 3249 802 3302 dinumerem
836 3247 1070 3316 singula,
1106 3249 1233 3317 quid
1279 3251 1428 3302 enim
1481 3257 1536 3302 et
1570 3249 1744 3305 habeo
1779 3252 2032 3305 dinume-

463 3356 586 3395 rare
615 3351 838 3410 propter
871 3354 992 3394 eum
1018 3341 1040 3394 ?
1071 3340 1202 3407 Quis
1257 3343 1400 3395 enim
1451 3357 1536 3396 me
1569 3357 1794 3396 exosum
1846 3342 2036 3397 habuit

461 3444 684 3504 propter
709 3433 1021 3488 Christum?
1049 3433 1179 3498 Quis
1213 3449 1297 3486 me
1327 3433 1613 3500 castigavit
1642 3442 1862 3503 propter
1886 3433 2035 3487 eum?

461 3529 595 3594 Quis
629 3543 716 3582 me
747 3539 901 3597 pater
956 3525 1259 3580 abdicavit?
1285 3526 1414 3591 Quae
1446 3535 1620 3579 mater
1671 3527 1898 3579 adversa
1945 3538 2034 3576 me

462 3620 594 3675 est?
630 3621 760 3686 Quis
804 3619 974 3673 frater
1008 3618 1296 3672 adversum
1331 3631 1416 3670 me
1455 3615 1810 3669 exsurrexit?
1854 3612 1898 3669 Ο
1926 3614 2030 3668 mi-

458 3712 766 3769 serabililas
795 3725 980 3764 eorum
1015 3710 1106 3778 qui
1139 3725 1243 3763 non
1274 3708 1472 3762 habent
1502 3707 1636 3760 ista!
1670 3706 1820 3760 Alius
1851 3714 2031 3760 autem

461 3805 611 3858 dives
640 3812 694 3858 et
721 3802 927 3872 spissus
962 3801 1255 3870 inopibus,
1293 3799 1448 3852 lmtus
1482 3808 1566 3853 est
1596 3807 1797 3860 mente,
1838 3797 1962 3866 quia
2001 3811 2031 3850 a

459 3897 772 3952 civitatibus
798 3903 851 3948 et
885 3893 1191 3946 nationibus
1230 3893 1573 3954 decantatur,
1607 3890 1731 3958 quia
1759 3889 2029 3942 theatrum

459 3996 544 4040 est
573 3986 749 4040 factus
767 3994 823 4038 et
852 3985 1060 4054 angelis
1084 3992 1137 4036 et
1174 3982 1501 4035 hominibus.
1529 3981 1915 4048 Dignus~euim
1948 3990 2031 4034 est

458 4079 548 4149 qui
574 4079 931 4141 desideratur,
965 4087 1020 4130 et
1053 4077 1177 4144 quia
1235 4075 1545 4142 increpatur
1572 4081 1626 4127 et
1661 4072 1863 4138 oditur,
1904 4072 2028 4140 quia

457 4171 662 4226 inimici
690 4170 923 4224 hominis
950 4167 1231 4222 domestici
1280 4165 1416 4234 ejus,
1440 4173 1495 4218 et
1519 4164 1644 4234 quia
1679 4163 1922 4218 abscisus
1946 4173 2031 4218 est

457 4264 525 4318 ab
553 4278 618 4317 eo
641 4271 817 4332 pater,
849 4271 905 4316 et
936 4277 1040 4314 non
1065 4261 1342 4314 consentit
1377 4267 1569 4323 mater,
1598 4258 1727 4326 quia
1780 4258 2029 4314 noctibus

452 4346 814 4425 expugnatur,
849 4363 902 4408 et
927 4369 1022 4423 per
1045 4353 1158 4408 dies
1207 4361 1524 4413 coronatur,
1558 4353 1689 4408 mihi
1712 4363 1766 4407 et
1793 4353 1925 4407 meis
1947 4353 2029 4406 vi-

453 4449 696 4502 sceribus
751 4456 805 4501 et
857 4445 998 4499 ossis
1029 4445 1165 4499 bella
1217 4459 1335 4512 qua:
1374 4459 1470 4512 pro
1501 4444 1721 4500 Christo
1762 4453 1906 4499 sunt.
1962 4445 2027 4498 Et

2137 3261 2192 3305 et
2218 3253 2409 3303 iterum
2437 3249 2725 3304 abundans
2755 3251 2805 3304 in
2831 3251 3216 3321 praedicatione
3256 3263 3360 3307 est.
3410 3253 3528 3308 Non
3557 3255 3703 3308 enim

2139 3350 2280 3394 tacet
2309 3339 2566 3405 Verbum,
2602 3339 2836 3396 Verbum
2861 3344 3034 3408 Deus;
3066 3359 3170 3398 non
3209 3354 3386 3400 tamen
3440 3361 3544 3400 vox
3566 3346 3712 3403 .Ver-

2137 3433 2284 3500 bum,
2315 3434 2444 3502 quia
2482 3449 2579 3488 nec
2611 3432 2849 3490 Joannes
2877 3437 2968 3506 qui
3008 3448 3232 3492 vocatus
3279 3450 3363 3492 est
3423 3455 3548 3506 vox,
3607 3455 3710 3494 vox

2135 3535 2276 3589 erat,
2314 3527 2407 3579 sed
2440 3526 2696 3581 Joannes.
2740 3528 2879 3594 Quid
2909 3542 3088 3582 autem
3124 3532 3250 3584 dicit
3281 3534 3369 3601 qtti
3411 3534 3555 3586 venit
3603 3535 3714 3585 sal-

2135 3632 2262 3672 vare
2284 3619 2306 3672 ?
2338 3621 2440 3683 Qui
2463 3621 2652 3672 invenit
2678 3622 2907 3673 animam
2930 3638 3100 3685 suam,
3120 3624 3300 3691 perdet
3329 3641 3446 3678 eam
3467 3625 3528 3682 ¹⁴⁵.
3545 3624 3712 3681 Forte

2134 3711 2421 3791 obscurum
2457 3714 2550 3766 tibi
2584 3713 2797 3768 videtur
2833 3714 2983 3782 quod
3011 3715 3214 3768 dictum
3241 3726 3322 3770 est
3353 3733 3370 3768 :
3403 3718 3529 3786 quia
3562 3719 3708 3772 enim

2136 3819 2240 3857 non
2274 3805 2441 3858 habes
2467 3816 2890 3871 sacramentum,
2923 3822 3094 3876 neque
3117 3823 3305 3863 omnes
3339 3812 3517 3864 omnia
3553 3811 3714 3865 intel-

2138 3896 2381 3965 ligimus,
2419 3913 2596 3966 neque
2623 3915 2813 3954 omnes
2843 3901 2910 3953 ab
2945 3901 3194 3954 omnibus
3229 3918 3530 3966 movemur,
3584 3905 3711 3958 ideo

2131 3998 2286 4056 putas
2303 3992 2464 4043 obscu
2475 4006 2527 4042 ra
2549 3990 2672 4054 τρυε
2688 3991 2874 4045 invenit
2894 3994 3124 4046 animum
3140 4009 3309 4060 suam,
3329 3997 3504 4064 perdet
3521 3997 3710 4064 eam",

2134 4081 2234 4134 hoc
2261 4090 2365 4144 est,
2403 4082 2494 4151 qui
2521 4084 2631 4136 vult
2672 4084 2915 4138 invenire
2967 4088 3172 4154 perdet.
3227 4088 3548 4154 Quomodo?
3578 4089 3711 4156 Quae

2133 4172 2369 4228 inventio
2385 4184 2487 4242 est,
2511 4190 2566 4229 et
2589 4191 2708 4246 quae
2733 4178 2996 4232 amissio?
3025 4178 3097 4232 De
3120 4183 3233 4248 ipsa
3259 4180 3556 4249 eademque
3585 4181 3708 4234 aui-

2131 4281 2215 4319 ma
2253 4267 2342 4335 qui
2373 4270 2694 4339 martyrium
2727 4273 2951 4339 patitur,
3013 4271 3154 4324 tollit
3211 4272 3543 4338 hominibus,
3598 4275 3711 4328 Deo

2129 4369 2308 4414 autem
2345 4361 2568 4413 invenit.
2604 4361 2710 4426 Qui
2749 4363 3033 4429 perdiderit
3062 4364 3292 4415 animum
3324 4381 3473 4417 suam
3497 4377 3712 4433 prapter

2132 4467 2235 4517 me,
2291 4452 2519 4506 inveniet
2566 4471 2681 4506 eam
2711 4455 2774 4507 ¹⁵.
2837 4455 3292 4524 lnterpretatione
3352 4473 3456 4510 non
3502 4458 3710 4527 indiget

454 4538 597 4591 unde
631 4537 760 4591 mihi
797 4538 897 4593 hoc
923 4553 1087 4607 supra
1115 4536 1432 4604 dignitatem
1472 4545 1554 4590 est
1613 4550 1808 4600 meam.
1855 4545 1913 4590 υῑ
1943 4536 2024 4591 vel
2060 4517 2103 4570 Β
2135 4560 2353 4611 sermo;
2385 4546 2474 4613 qui
2500 4545 2770 4600 desiderat
2797 4546 2908 4614 jam
2943 4547 3166 4600 audivit.
3210 4548 3319 4617 Ego
3345 4558 3525 4602 autem
3551 4563 3707 4602 com-

457 4629 709 4698 injuriam
740 4645 838 4700 pro
875 4630 1094 4684 Christo
1126 4628 1423 4683 sustineam
1450 4628 1473 4680 ?
1519 4627 1679 4682 Cruci
1715 4637 1896 4681 autem
1928 4629 2020 4699 ﬁgi

453 4730 510 4775 et
535 4721 751 4775 inverso
781 4723 975 4789 capite,
995 4719 1139 4775 Petri
1161 4720 1330 4788 magis
1356 4732 1439 4775 est
1465 4737 1626 4790 quam
1660 4721 1886 4775 aliorum
1931 4723 2025 4778 ho-

453 4813 684 4867 minum.
724 4812 993 4868 Ebrietate
1021 4829 1154 4883 opus
1179 4823 1261 4868 est
1286 4823 1338 4867 et
1361 4814 1595 4876 fervore,
1629 4812 1890 4867 ebrietate
1917 4831 2023 4869 non

452 4923 485 4960 a
513 4906 657 4970 vino,
685 4907 777 4959 sed
811 4921 873 4961 ea
902 4922 1020 4975 qum
1046 4906 1114 4959 ob
1131 4921 1365 4960 amorem
1388 4915 1471 4959 est
1494 4904 1714 4960 Christi.
1742 4905 1842 4971 Qui
1875 4907 2021 4960 enim

452 5009 656 5063 amant,
683 4998 813 5053 nihil
835 4999 1018 5053 vident
1047 4997 1148 5051 nisi
1166 5013 1286 5052 eum
1321 5013 1480 5068 quem
1501 4998 1748 5067 diligunt.
1771 4996 2028 5053 Nesciunt

451 5091 580 5161 quia
611 5099 692 5146 est
719 5091 857 5146 alius
893 5092 944 5145 in
979 5093 1171 5146 terra-z
1208 5090 1296 5143 ub‘i
1326 5091 1468 5142 enim
1520 5091 1809 5144 thesaurus
1863 5089 2026 5144 fuerit

452 5182 672 5247 mentis,
710 5182 820 5236 illic
852 5193 906 5236 et
936 5183 1117 5236 anima
1149 5180 1415 5248 habetur;
1449 5181 1550 5234 alia
1600 5189 1778 5234 autem
1817 5189 2025 5234 mortua

453 5273 658 5326 suntei.
680 5271 734 5326 Si
768 5275 1030 5344 inerepas,
1053 5289 1230 5328 nonne
1246 5274 1468 5342 etnn'qui
1494 5273 1671 5326 audit?
1693 5274 1747 5328 Si
1769 5275 2018 5344 eaStigas,

453 5376 630 5418 nonne
647 5381 766 5418 eum
796 5369 883 5436 qui
913 5369 1108 5423 sentit?
1125 5368 1224 5435 Qui
1239 5367 1434 5424 ChriSti
1454 5369 1595 5423 enim
1615 5381 1760 5434 sunt,
1777 5371 2019 5425 crucifixi

455 5453 738 5508 habentur.
774 5457 912 5522 Quid
942 5459 1057 5512 sine
1084 5474 1247 5514 causa
1281 5457 1532 5512 laboras?
1571 5470 1814 5515 mortuus
1843 5462 1884 5514 si
1913 5471 2022 5516 tor-

455 5558 682 5614 queatur
713 5564 814 5604 nou
849 5551 1033 5616 sentit,
1071 5552 1234 5604 etiam
1285 5550 1330 5604 si
1382 5551 1748 5620 increpaveris
1784 5569 1888 5605 non
1916 5569 2011 5604 au-

530 5640 567 5670 “
597 5640 750 5696 Rom.
784 5659 900 5709 vtu,
928 5644 1016 5698 57.
1097 5647 1138 5674 ¹²
1162 5645 1351 5699 Matth.
1403 5661 1457 5713 x,
1519 5647 1604 5703 57.
1684 5647 1727 5677 ¹³
1761 5647 1890 5701 ibid.
1918 5649 2005 5703 58.

2088 5652 2128 5682 ”
2160 5654 2288 5706 ibid.
2325 5655 2412 5708 3').

2133 4637 2310 4704 patior
2345 4647 2543 4691 nostra:
2579 4647 2808 4702 naturae,
2845 4639 2936 4708 qui
2970 4640 3040 4692 ita
3080 4654 3266 4694 sumus
3298 4640 3477 4709 egeni,
3511 4651 3569 4694 ut
3596 4657 3701 4696 nou

2133 4729 2407 4796 possimus
2435 4728 2668 4785 invicem
2707 4741 2896 4786 nostro
2929 4731 3114 4786 debito
3142 4736 3272 4786 dare
3310 4735 3530 4803 aliquid.
3561 4735 3701 4802 Quid

2134 4829 2312 4872 autem
2373 4829 2428 4873 et
2476 4836 2761 4889 possumus
2805 4822 3102 4877 retribuere
3149 4823 3367 4878 Christo
3421 4825 3697 4880 Domino?

2134 4910 2380 4962 Animam
2406 4926 2569 4980 quam
2609 4913 2833 4977 creavit,
2870 4928 3065 4982 corpus
3093 4915 3234 4982 quod
3293 4915 3566 4986 ﬁguravit,
3599 4933 3700 4986 pu-

2135 5003 2371 5057 dicitiam
2411 5019 2506 5072 per
2536 5020 2699 5073 quam
2745 5006 3066 5060 beneficium
3117 5007 3323 5073 tribuit,
3381 5010 3700 5080 martyrium

2135 5111 2232 5164 per
2261 5097 2399 5164 quod
2425 5096 2749 5162 sanctiﬁcat,
2787 5097 3056 5164 justitiam
3105 5116 3200 5168 per
3248 5115 3411 5167 quam
3449 5101 3699 5156 honorat.

2131 5189 2260 5256 Quae
2287 5191 2530 5245 videmur
2553 5193 2601 5245 ei
2625 5193 2871 5257 reddere,
2901 5196 3072 5263 magis
3091 5196 3406 5262 accipimus.
3436 5198 3703 5252 Advcuiat

2131 5283 2292 5353 igitur
2317 5284 2529 5339 ﬂamma
2547 5290 2610 5338 ad
2639 5287 2919 5348 medullas,
2947 5288 3343 5356 penetretignis
3369 5291 3436 5343 ad
3464 5293 3698 5357 viscera,

2128 5383 2181 5426 et
2206 5376 2532 5428 accendatur
2549 5377 2728 5430 anima
2750 5378 2814 5431 ad
2836 5377 3174 5446 martyrimu,
3192 5378 3256 5430 ad
3276 5378 3702 5446 confessionem,

2131 5466 2196 5519 ad
2225 5467 2560 5534 pudicitiam,
2596 5472 2662 5522 ad
2689 5469 2977 5537 justitiam,
3023 5469 3089 5520 ad
3125 5469 3577 5533 misericordiam,
3624 5472 3692 5526 ad

2127 5559 2328 5628 jejunia
2362 5578 2375 5624 ;
2421 5573 2478 5614 ut
2507 5573 2560 5615 et
2595 5562 2838 5616 diabolus
2863 5573 3164 5630 superetur,
3195 5569 3247 5614 et
3295 5561 3565 5618 daemones
3597 5565 3690 5616 de-

2511 5657 2553 5685 ”
2586 5656 2713 5709 ibid.

527 5731 637 5802 (85)
665 5735 804 5820 "Ecce
838 5737 1117 5815 hominum
1145 5741 1221 5792 tui
1255 5750 1484 5809 propter,
1519 5750 1622 5798 etc.
1661 5739 1882 5797 Videtur
1918 5744 2053 5799 verti
2091 5746 2341 5804 debuisse
2395 5747 2554 5815 Ecce,
2602 5748 2842 5818 Domine,
2875 5761 3080 5817 propter
3139 5759 3206 5816 te,
3241 5760 3371 5817 etc.,
3424 5751 3565 5820 quod
3611 5759 3688 5804 est

453 5804 636 5858 Crtcce
665 5807 823 5858 item
853 5806 966 5861 σοῦ.
