4134 6400
327 366 456 419 1181

327 489 629 547 struantur,
669 491 723 537 et
762 481 923 536 homo
948 498 1046 552 pro
1079 483 1298 539 Christo
1331 482 1610 550 salvetur;
1650 494 1705 541 et
1754 502 1897 541 sem-

328 592 426 641 per
450 578 655 646 gratias
684 585 807 647 agat
840 576 949 631 Deo
978 576 1123 631 Patri
1160 593 1255 648 per
1284 578 1628 647 unigenitum
1675 579 1791 647 ejus
1812 578 1903 633 Fi-

328 662 479 732 lium,
510 680 603 736 per
631 681 787 735 quem
815 676 897 722 est
927 668 975 723 ei
999 668 1191 736 gloria,
1217 668 1409 734 honor,
1444 670 1747 739 imperium,
1778 687 1896 726 ma-

1662 366 1729 421 IN
1764 367 2021 423 MATTH.
2068 369 2132 435 Χ,
2172 370 2265 424 27.

3445 377 3578 433 11όῖ

2021 491 2205 559 festas,
2234 506 2354 544 cum
2390 490 2589 561 Spiritu
2619 502 2826 558 sancto,
2857 502 2912 547 et
2948 509 3115 559 nunc,
3148 505 3202 551 et
3237 511 3473 565 semper,
3528 506 3579 551 et

2011 598 2107 651 per
2138 584 2317 637 omnia
2348 584 2543 638 saecula
2572 585 2912 641 saeculorum.
2939 587 3132 641 Amen.

1299 970 1855 1085 EUSEBII
1937 972 2616 1086 PAMPHILI

876 1213 1023 1299 DE
1095 1207 1677 1301 MANDATO
1758 1207 2262 1331 DOMINI,
2340 1209 2674 1315 QUOD
2747 1209 3028 1299 AIT:

1068 1398 1251 1471 Quod
1295 1398 1434 1458 dico
1482 1397 1657 1458 vobis
1700 1397 1767 1457 in
1804 1415 1989 1470 aure,
2035 1414 2231 1474 supra
2272 1408 2434 1460 tecta
2470 1401 2845 1478 pradicate,

1620 1560 1854 1620 LIBER
1898 1560 2311 1622 SEPTIMUS.

410 1886 581 1941 Verba
614 1886 727 1940 haec
757 1900 877 1955 quae
907 1884 1042 1939 lecta
1068 1894 1219 1949 sunt,
1258 1884 1473 1937 Domini
1501 1894 1769 1955 martyres
1792 1899 1917 1950 pro-
1952 1887 1992 1945 Β
2027 1886 2141 1954 ipse
2178 1889 2394 1955 quidem
2426 1898 2731 1957 opportune
2762 1900 2921 1956 tacet,
2946 1890 3221 1959 discipulis
3245 1903 3423 1947 autem
3446 1893 3589 1963 loqui

338 1983 612 2037 duxerunt
647 1982 713 2034 ad
752 1982 1102 2050 passionem;
1168 1995 1265 2049 per
1308 1982 1405 2035 hos
1456 1981 1597 2035 enim
1631 1994 1912 2034 sermones

338 2074 610 2129 flammam
651 2075 702 2127 in
743 2090 931 2128 eorum
990 2073 1304 2143 praecordiis
1358 2074 1746 2126 accenderunt.
1812 2072 1913 2124 Per

347 2160 504 2221 istam
531 2167 829 2220 doctrinam
854 2166 1027 2219 erexit
1083 2181 1195 2229 eos,
1230 2177 1287 2218 ut
1333 2175 1745 2219 contemnerent
1780 2180 1916 2232 prte-

346 2258 539 2321 seutia,
573 2266 953 2326 exsltectarent
985 2267 1160 2310 autem
1182 2258 1381 2310 futura.
1406 2256 1509 2309 Per
1550 2257 1704 2310 istam
1737 2256 1916 2309 erudi-

342 2350 541 2404 tionem
567 2352 798 2404 armavit
828 2366 920 2404 eos
947 2351 1012 2403 ad
1039 2360 1290 2404 mortem.
1320 2348 1499 2403 Utitur
1524 2359 1706 2403 autem
1734 2360 1787 2402 et
1812 2348 1914 2400 hoc

348 2443 540 2495 ordine
569 2456 793 2495 servans
810 2441 1077 2494 otlicium:
1112 2440 1365 2507 praecedit
1392 2448 1570 2491 autem
1610 2439 1912 2505 passionem

344 2544 644 2605 martyrum
683 2533 983 2587 constantia
1010 2548 1024 2585 :
1055 2532 1144 2600 qui
1184 2532 1327 2585 enim
1358 2546 1463 2584 non
1507 2531 1785 2599 przedicat,
1816 2544 1917 2583 nec

344 2628 655 2691 tenebitur;
694 2628 781 2695 qui
813 2644 917 2679 ttott
944 2642 1068 2680 cum
1105 2625 1295 2677 fiducia
1331 2624 1489 2678 fuerit
1538 2625 1769 2687 locutus,
1817 2637 1917 2677 nec

345 2720 601 2783 tristabit,
629 2720 721 2773 sed
758 2719 1009 2785 prmcedit
1037 2718 1352 2771 constantia
1398 2717 1727 2784 passionem.
1780 2714 1916 2767 Cum

341 2810 485 2864 enim
513 2810 689 2862 anima
722 2809 788 2861 de
815 2808 1050 2861 adventu
1110 2806 1201 2859 Dei
1260 2816 1344 2859 sat
1399 2806 1688 2869 habuerit,
1742 2804 1918 2857 aderit

344 2903 487 2956 enim
520 2902 659 2955 Deus
684 2901 734 2954 itt
761 2901 964 2965 anima,
988 2914 1108 2968 quae
1160 2899 1287 2951 dum
1316 2898 1494 2964 capiet
1546 2897 1753 2960 omnia,
1812 2911 1917 2949 non

344 3001 524 3061 potest
554 2992 881 3046 desiderium
909 3000 1087 3046 tacere
1122 3006 1299 3057 suum,
1332 2990 1425 3044 sed
1456 2990 1619 3044 sentit
1644 2989 1788 3059 quod
1818 2989 1917 3041 ha-

342 3086 454 3149 bet,
485 3085 737 3154 quodque
793 3099 899 3136 non
934 3082 1118 3144 habet,
1168 3083 1257 3151 qui
1303 3096 1423 3136 sese
1463 3081 1861 3133 fraudaverunt
1889 3092 1918 3131 a

347 3178 511 3233 homo.
538 3176 627 3229 Ille
659 3184 838 3229 autem
865 3174 954 3242 qui
982 3182 1194 3227 amator
1227 3173 1315 3227 Dei
1342 3182 1425 3227 est
1472 3176 1818 3235 constitutus,
1868 3178 1922 3223 et

347 3265 739 3320 humanitatem
774 3270 975 3322 servat,
1010 3262 1190 3313 statim
1218 3273 1436 3328 propter
1482 3261 1650 3314 Deum
1700 3258 1918 3328 quidem

344 3357 583 3418 laetatur,
608 3363 827 3422 propter
852 3351 1237 3405 humanitatem
1268 3359 1446 3403 autem
1479 3365 1581 3402 non
1610 3358 1751 3401 tacet
1783 3366 1797 3402 :
1826 3350 1921 3402 ho—

344 3449 520 3504 mines
555 3456 731 3501 autem
753 3444 1069 3498 beneficium
1097 3458 1201 3497 non
1229 3443 1485 3507 ferentes,
1515 3443 1761 3511 ignorant
1794 3443 1920 3510 quis

346 3541 615 3595 inhabitat
663 3540 715 3591 in
762 3539 1038 3605 loquente,
1103 3551 1208 3588 non
1244 3534 1428 3589 ferunt
1476 3550 1608 3589 sane
1653 3550 1754 3588 nec.
1781 3551 1916 3589 con-

344 3632 621 3686 stantiam.
652 3631 759 3684 Sed
783 3631 923 3683 sicut
951 3626 1119 3681 Judaei
1149 3627 1423 3697 Stephano
1450 3624 1624 3695 primo
1653 3627 1795 3681 inter
1820 3626 1918 3681 ho—

348 3725 523 3777 mines
547 3733 786 3791 martyre
814 3720 1011 3774 Christi
1047 3720 1298 3787 loquente
1324 3720 1714 3772 ohslrnxerunt
1752 3733 1914 3773 aures

349 3830 498 3879 suas,
524 3829 590 3866 ne
622 3814 995 3880 ingrederetur
1027 3812 1205 3875 Deus;
1261 3812 1331 3863 ita
1362 3821 1416 3864 et
1451 3810 1696 3863 nonnulli
1739 3810 1915 3864 homi-

350 3924 479 3961 num
506 3925 519 3959 :
550 3908 676 3975 quia
702 3905 845 3959 enim
872 3906 1177 3958 constantia
1242 3904 1517 3958 antecedit
1568 3904 1872 3973 passionem
1904 3944 1921 3970 ,

352 4001 493 4054 unde
524 4000 746 4053 deberet
774 3997 934 4051 istinc
961 4006 1017 4050 et
1055 3997 1245 4065 incipit
1299 3998 1577 4059 Dominus,
1603 3996 1694 4062 qui
1727 3996 1926 4065 produ-

350 4096 426 4146 cit
457 4102 726 4161 martyres
750 4093 814 4143 ad
848 4092 1170 4158 passionem.
1221 4089 1360 4142 Dicit
1391 4090 1533 4142 enim
1562 4107 1574 4141 :
1603 4090 1755 4154 Quod
1806 4090 1923 4142 dico

353 4185 494 4239 vobis
518 4185 568 4237 in
600 4184 849 4243 tenebris,
884 4184 941 4234 in
977 4183 1173 4234 lumine
1203 4182 1362 4233 dicite
1386 4220 1399 4243 ,
1438 4191 1482 4233 et
1531 4182 1669 4249 quod
1713 4182 1765 4233 in
1798 4196 1926 4233 aure

354 4277 603 4339 audistis,
629 4277 685 4329 in
722 4278 866 4329 tectis
894 4278 1176 4342 prtcdicute
1210 4276 1271 4329 ¹⁶.
1327 4277 1601 4329 Assumite
1631 4317 1645 4341 ,
1707 4276 1923 4344 inquit,

351 4370 736 4433 constantiam,
760 4376 954 4421 exeant
974 4367 1138 4419 verba
1165 4379 1343 4420 vestra
1373 4382 1542 4433 usque
1573 4366 1638 4420 ad
1663 4368 1924 4422 terminos

352 4468 510 4514 terra:
537 4478 549 4512 :
588 4474 654 4514 ne
691 4459 914 4513 taceatis
946 4460 996 4512 id
1028 4461 1093 4513 de
1124 4475 1228 4528 quo
1260 4460 1357 4528 ipsi
1382 4459 1518 4514 certi
1544 4461 1675 4514 estis
1705 4458 1918 4514 effecti:

2017 1993 2079 2031 ea
2113 1988 2170 2031 et
2197 1979 2438 2033 clamare
2466 1981 2758 2048 praecepit;
2792 1996 2897 2035 non
2954 1982 3148 2037 timens
3200 1984 3434 2052 quippe;
3494 1987 3593 2040 hoc

2017 2070 2167 2122 enim
2205 2070 2570 2139 ignorantium
2607 2072 2884 2124 hominum
2923 2082 3003 2126 est
3032 2074 3348 2142 dignitatem
3378 2077 3588 2131 Domini

2015 2160 2139 2217 Jesu
2165 2200 2181 2227 ,
2225 2161 2317 2216 sed
2347 2164 2685 2230 dispensans,
2708 2174 2765 2216 ttt
2794 2164 2907 2231 ipse
2937 2165 3149 2231 quidem
3182 2175 3357 2219 taceat
3389 2168 3439 2221 in
3460 2178 3593 2221 tem-

2018 2270 2171 2323 pore,
2211 2254 2464 2322 loquatur
2496 2266 2675 2308 autem
2707 2256 2757 2308 in
2787 2266 3048 2324 tempore.
3089 2255 3274 2324 Neque
3298 2258 3443 2311 enim
3496 2273 3593 2327 per

2016 2344 2195 2398 omnia
2225 2348 2390 2396 tacuit
2426 2344 2685 2398 Dominus
2712 2362 2725 2409 ;
2764 2362 2827 2399 ne
2852 2356 3172 2413 putarentur
3200 2348 3370 2401 aliena
3404 2348 3584 2417 aliqua

2029 2451 2058 2488 a
2084 2450 2143 2488 se
2176 2435 2383 2489 discere
2416 2436 2663 2504 discipuli
2694 2452 2708 2501 ;
2744 2451 2916 2504 neque
2964 2454 3181 2507 semper
3225 2439 3435 2495 locutus
3480 2452 3587 2509 est,

2018 2540 2086 2579 ne
2113 2536 2392 2594 putaretur
2423 2528 2563 2595 quod
2609 2528 2676 2581 de
2730 2543 2787 2581 se
2836 2530 2949 2596 ipse
2977 2538 3222 2583 testatur.
3276 2530 3413 2597 Quid
3446 2534 3593 2590 enim

2023 2625 2145 2672 erat
2176 2633 2395 2671 necesse
2422 2630 2475 2672 et
2504 2618 2712 2673 Joanne
2744 2622 3128 2688 prtecursore?
3172 2622 3284 2692 Ego
3313 2666 3327 2690 ,
3377 2626 3548 2692 inquit
3575 2664 3592 2689 ,

2019 2726 2121 2763 non
2152 2711 2215 2762 ab
2249 2711 2455 2763 homine
2494 2712 2696 2778 accipio
2748 2714 3108 2766 testimonium
3140 2732 3334 2778 meum,
3367 2719 3453 2768 sed
3491 2718 3593 2770 Ita-

2018 2804 2109 2857 beo
2132 2804 2485 2857 testimonium
2509 2805 2681 2873 majus
2707 2824 2737 2857 a
2755 2805 2964 2859 Joanne
2995 2808 3056 2861 ’⁸.
3078 2806 3193 2860 Non
3224 2811 3364 2861 enim
3389 2824 3591 2877 quaero,

2020 2898 2215 2965 inquit,
2245 2897 2698 2964 quemadmodum
2732 2913 2830 2965 ego
2861 2898 3121 2962 suadear,
3172 2900 3265 2952 sed
3324 2901 3594 2967 quomodo

2019 3004 2117 3043 vos
2149 3004 2253 3042 non
2284 2990 2406 3042 sitis
2435 2988 2711 3059 religiosi;
2750 2991 3017 3057 siquidem
3073 3006 3177 3043 non
3239 2991 3457 3045 lucerna
3505 2993 3596 3045 de-

2022 3079 2113 3133 bet
2144 3079 2329 3132 testari
2366 3080 2430 3133 de
2467 3079 2601 3143 sole,
2632 3079 2724 3133 sed
2756 3080 2830 3132 sol
2858 3079 3076 3134 firmare
3104 3081 3401 3135 lucernam.
3437 3082 3501 3135 Et
3530 3094 3598 3137 ne

2030 3172 2151 3239 quis
2182 3171 2424 3233 miretur,
2460 3181 2618 3239 putas
2675 3172 3015 3226 obscuriores
3046 3173 3183 3227 etIici
3239 3173 3485 3228 lucernas
3531 3191 3598 3229 ex

2025 3261 2255 3314 adventu
2281 3261 2455 3315 solis?
2484 3260 2602 3314 Non
2633 3261 2778 3313 enim
2809 3263 2950 3329 quod
2975 3271 3227 3330 putamus
3259 3264 3358 3318 hoc
3385 3275 3437 3318 et
3473 3281 3599 3332 pro-

2023 3353 2191 3414 venit,
2225 3352 2319 3405 sed
2352 3353 2453 3405 hoc
2482 3352 2623 3418 quod
2656 3366 2760 3405 non
2799 3350 3073 3405 intuemur
3107 3364 3329 3421 superat
3357 3372 3370 3407 :
3416 3354 3596 3409 lumen

2021 3443 2169 3495 enim
2208 3441 2441 3495 minusa
2470 3441 2658 3509 majori
2710 3442 2933 3507 lumine,
2971 3458 3074 3495 non
3126 3445 3302 3499 minus
3350 3446 3598 3499 dulcibus

2025 3533 2326 3586 immissum
2358 3532 2554 3586 minuit
2592 3534 2934 3589 dulcedinem
2972 3552 3205 3589 eorum:
3254 3551 3430 3605 neque
3472 3553 3595 3591 cum

2023 3623 2190 3678 stellze
2228 3638 2333 3676 non
2364 3634 2573 3692 parent,
2603 3635 2856 3694 tauquam
2882 3627 3184 3681 obscurata:
3215 3643 3244 3681 a
3273 3627 3474 3681 lumine
3493 3642 3598 3682 non

2024 3716 2313 3781 videntur;
2360 3717 2456 3770 sed
2490 3718 2540 3769 in
2580 3716 2771 3785 pelago
2798 3717 3020 3772 luminis
3068 3720 3273 3787 positae,
3311 3720 3601 3789 discretio-

2024 3822 2146 3860 nem
2171 3821 2274 3861 uon
2300 3808 2557 3876 przebent.
2584 3808 2699 3862 Non
2738 3810 3013 3878 indigebat
3063 3810 3227 3880 igitur
3255 3811 3333 3866 sol
3372 3812 3599 3879 justitias

2025 3902 2242 3955 lucerna
2276 3904 2341 3956 ad
2383 3903 2785 3968 testimonium;
2839 3904 3133 3957 dicitenim
3173 3903 3450 3959 Joannes:
3489 3903 3601 3971 Ego

2026 4013 2056 4048 a
2084 4006 2132 4049 te
2162 3996 2328 4047 debeo
2359 3994 2658 4063 baptizari;
2685 3996 2777 4049 sed
2810 3996 3085 4062 indigebat
3130 3997 3346 4065 quidem
3380 3998 3469 4050 ille
3509 3998 3600 4065 qui

2026 4087 2247 4141 lucerna
2276 4097 2393 4141 erat
2419 4089 2615 4141 ardens
2646 4106 2659 4141 :
2713 4087 2933 4143 lucerna
2984 4090 3286 4143 immissum
3321 4090 3483 4143 habet
3521 4089 3603 4141 lu-

2028 4196 2182 4245 men;
2216 4196 2320 4233 non
2356 4190 2531 4234 tamen
2560 4182 2626 4233 ab
2664 4181 2807 4234 intus
2850 4182 3191 4235 eﬂicientiam
3219 4182 3357 4236 sicut
3401 4182 3481 4235 sol
3533 4183 3597 4234 ι’.

2034 4273 2158 4335 Vos,
2200 4274 2393 4342 inquit,
2420 4275 2630 4328 modice
2659 4276 2904 4330 voluistis
2951 4276 3172 4345 gloriari
3199 4276 3250 4329 in
3286 4275 3490 4329 lumine
3518 4275 3603 4327 lu-

2028 4376 2225 4426 cernte,
2253 4363 2404 4416 vobis
2434 4364 2652 4417 lucerna
2680 4374 2763 4418 est
2788 4365 2938 4419 utilis
2973 4384 2986 4419 :
3026 4365 3101 4418 illi
3134 4375 3313 4419 autem
3346 4367 3419 4419 ita
3448 4374 3604 4419 erant

2028 4454 2179 4517 caeci,
2210 4463 2265 4506 ut
2289 4469 2355 4507 ue
2387 4454 2601 4522 quidem
2624 4456 2854 4510 lucernae
2886 4457 3125 4509 viderent
3152 4457 3314 4523 viam,
3341 4471 3515 4525 neque
3546 4458 3599 4510 in

352 4549 521 4604 nolite
571 4551 904 4605 abscondere
961 4551 1259 4615 talentum;
1318 4552 1515 4604 mittite
1559 4553 1818 4620 pecunias
1870 4553 1924 4606 in
1958 4544 2234 4627 Dlunline
2289 4546 2627 4600 ambulare"!
2678 4550 2936 4603 recte":
2991 4551 3143 4615 Ωιιοά
3208 4551 3323 4603 dico
3354 4551 3495 4604 υοῦίε
3546 4552 3600 4603 θη

355 4642 559 4697 mensis
589 4659 602 4693 :
637 4643 851 4711 exigam
884 4643 1182 4696 enim-mea
1216 4642 1280 4695 ad
1306 4642 1538 4695 salutem
1582 4642 1797 4697 illorum
1833 4642 1924 4710 qui

354 4731 560 4785 fuerint
586 4731 817 4797 operati.
853 4730 957 4785 Sed
985 4731 1128 4784 dicet
1158 4731 1278 4798 quis
1311 4747 1325 4783 :
1356 4730 1399 4783 si
1426 4731 1622 4783 bonum
1648 4739 1732 4783 est
1761 4729 1812 4782 in
1849 4728 1929 4781 lu-

359 4824 505 4878 mine
530 4823 734 4886 dicere,
771 4838 868 4875 cur
897 4822 1011 4891 ipse
1042 4822 1093 4875 in
1130 4821 1371 4875 tenebris
1405 4820 1756 4874 estloculus‘l
1806 4819 1927 4874 etsi

355 4923 555 4977 bonum
580 4931 662 4976 est
685 4936 846 4990 supra
879 4930 1019 4975 tecta
1066 4921 1380 4989 praedicare,
1423 4936 1521 4972 cur
1554 4920 1665 4988 ipse
1712 4919 1763 4971 in
1800 4934 1929 4972 aure

358 5019 570 5070 locutus
594 5015 719 5070 est?
744 5015 798 5068 Si
821 5014 964 5068 enim
989 5016 1103 5080 ipse
1129 5014 1192 5067 de
1219 5014 1512 5080 semetipso
1533 5013 1713 5066 dicere
1734 5013 1920 5066 frau...

358 5111 403 5161 is
434 5109 620 5175 utique
650 5106 763 5174 (86)
791 5122 910 5174 qua:
940 5105 1053 5172 jam
1080 5107 1266 5159 dixere
1289 5105 1483 5165 Judmi.
1520 5103 1597 5157 Tu
1644 5106 1706 5158 de
1742 5115 1926 5159 temet-

357 5206 467 5267 ipso
492 5199 811 5267 testiﬁcaris,
832 5209 881 5252 et
904 5199 1253 5252 testimonium
1272 5209 1419 5251 tuum
1448 5214 1548 5251 non
1571 5208 1643 5251 est
1667 5214 1841 5251 verum
1863 5198 1927 5250 ‘7.

358 5293 435 5347 Ne
460 5295 620 5362 igitur
650 5293 764 5359 ipse
805 5292 1081 5344 videretur
1112 5291 1367 5343 honorem
1402 5290 1501 5342 sibi
1539 5290 1825 5343 vendicare
1875 5298 1931 5342 et

357 5401 464 5437 non
498 5384 743 5437 veritatis
776 5397 937 5435 causa
974 5382 1159 5449 loqui.
1204 5392 1260 5436 et
1295 5395 1359 5434 ne
1413 5380 1772 5448 praevenirent
1818 5390 1931 5433 sla-

359 5484 525 5529 tutam
551 5492 580 5529 a
612 5476 771 5530 Patre
794 5475 1097 5544 passionem
1120 5472 1288 5529 Judaei
1318 5474 1408 5543 qui
1436 5475 1613 5528 omnia
1633 5474 1888 5528 suntausi
1912 5490 1926 5537 ;

2033 4638 2278 4700 tenebris,
2314 4639 2468 4691 dicite
2516 4642 2572 4691 in
2615 4640 2852 4705 lumine;
2886 4641 2987 4695 hoc
3029 4650 3133 4707 est,
3186 4642 3451 4696 abscousa
3484 4656 3606 4709 qua":

2030 4732 2283 4784 dicuntur
2313 4730 2544 4783 clamate
2576 4748 2589 4784 :
2631 4730 2697 4782 Et
2728 4733 2938 4801 quodin
2969 4751 3096 4786 aure
3130 4734 3375 4795 audistis,
3412 4736 3607 4801 prwdi-

2034 4835 2146 4876 cale
2176 4818 2444 4887 intectis;
2485 4826 2747 4878 assumite
2787 4826 3107 4879 constantia:
3141 4826 3412 4880 fiduciam.
3439 4828 3606 4880 Assu-

2050 4930 2258 4967 mamus
2288 4925 2342 4965 et
2375 4930 2471 4967 nos
2499 4916 2882 4968 constantiam.
2915 4916 3019 4969 Sed
3072 4917 3197 4983 quid
3245 4925 3325 4969 est
3352 4916 3492 4983 quod
3526 4915 3606 4967 in-

2035 5006 2321 5074 sequitur?
2382 5004 2658 5057 Timetnus
2689 5005 2753 5057 ad
2792 5004 3168 5072 insequentem
3222 5004 3606 5072 suspicionem.

2036 5098 2141 5151 Sed
2181 5099 2255 5150 ait
2301 5097 2556 5149 Dominus
2586 5138 2600 5162 ,
2645 5096 2825 5148 Nolite
2872 5098 3055 5148 limere
3089 5096 3153 5147 ²¹.
3192 5093 3305 5147 Non
3340 5094 3501 5163 igitur
3545 5094 3609 5145 ti-

2038 5205 2279 5243 meamus
2304 5204 2426 5242 cum
2462 5189 2820 5241 interficintur
2853 5206 2866 5241 :
2898 5190 3009 5257 ipse
3043 5188 3184 5240 enim
3238 5186 3495 5238 Dominus
3523 5185 3606 5238 di-

2037 5282 2112 5336 cit
2152 5302 2161 5335 :
2203 5278 2387 5333 Nolite
2416 5281 2598 5332 timere
2625 5296 2710 5332 eos
2736 5280 2827 5348 qui
2855 5280 3092 5332 occidunt
3126 5295 3334 5346 corpus,
3376 5279 3609 5329 animant

2037 5387 2207 5428 autem
2230 5392 2329 5427 non
2352 5384 2566 5440 possunt
2590 5375 2822 5427 occidere
2840 5376 2904 5427 “.
2931 5373 3117 5425 Divisit
3146 5374 3389 5425 timorem
3412 5389 3424 5433 ;
3445 5380 3499 5425 et
3526 5376 3608 5424 bo-

2041 5470 2273 5523 minibtts
2303 5470 2519 5538 quidem
2549 5468 2695 5521 dedit
2717 5477 3035 5537 potestatem
3072 5466 3353 5520 adversum
3392 5480 3609 5533 corpus,

430 5592 472 5621 ’θ
504 5592 690 5645 Matth.
726 5608 779 5657 ι,
812 5591 901 5645 9.7.
965 5591 1006 5621 ³⁷
1032 5589 1188 5645 Joan.
1224 5591 1453 5659 vm,13.
1516 5592 1555 5623 ’⁸
1590 5589 1741 5647 Joan.
1772 5606 1823 5657 v,
1854 5589 1918 5645 5-1

2026 5589 2057 5643 i.
2107 5589 2147 5619 ¹⁹
2177 5588 2342 5643 Matth
2404 5603 2488 5653 ιιι,
2524 5585 2605 5639 ili.
2658 5585 2701 5615 "‘
2736 5582 2887 5640 Joan.
2912 5581 3071 5649 v,'55.
3145 5584 3187 5614 ἰ
3218 5580 3404 5637 Matth.
3436 5597 3489 5647 x,
3518 5578 3608 5635 ΤΞ.

362 5663 407 5692 ’⁸
450 5664 581 5716 ibid.
617 5664 708 5716 28.

432 5782 544 5852 (86)
573 5783 669 5837 Ms.
703 5786 851 5852 [ruus
874 5794 1000 5839 esset
1037 5785 1232 5852 utique.
