4134 6412
533 365 673 422 “85

1210 368 1478 424 EUSEBII
1519 369 1998 426 CJESARIENSIS
2039 369 2188 425 OPP.
2231 369 2411 426 PARS
2452 371 2540 426 IV.
2580 403 2647 412 —
2687 372 3111 429 DOGMATICA.

3655 376 3789 430 “84

539 485 737 542 habent
768 492 952 543 enim:
1006 486 1117 552 Deo
1168 499 1347 543 autem
1400 489 1682 557 conjunxit
1711 492 1990 556 virtutem,
2039 493 2107 545 ti-
2136 495 2183 552 Α
2215 507 2423 561 passer,
2458 507 2517 548 ut
2554 496 2694 563 quod
2741 497 2920 550 minus
2963 505 3082 560 est,
3131 512 3194 552 ex
3235 499 3408 568 pretio
3455 501 3789 556 Ostenderet.

539 594 690 634 more
737 579 982 634 timorem
1003 580 1250 651 ejicieus,
1289 591 1344 636 et
1378 582 1568 650 majori
1602 591 1748 637 metu
1801 584 1947 653 quod
1992 594 2108 640 erat

539 675 716 729 minus
747 676 1094 744 repercussit.
1128 675 1185 729 Si
1217 677 1386 741 enim,
1421 676 1618 743 inquit,
1651 677 1840 731 timere
1869 685 2107 747 oportet,

538 779 640 819 non
677 765 989 831 hominem;
1018 765 1192 833 major
1219 767 1364 820 enim
1392 777 1475 821 est
1502 767 1643 822 Deus
1678 786 1690 820 :
1739 769 1834 822 sed
1892 781 2108 836 pernam

537 854 726 908 mortis
747 855 1034 909 adversum
1066 872 1265 926 corpus
1320 859 1478 913 times
1511 877 1524 913 :
1567 858 1765 914 Timete
1793 861 1984 930 magis,
2027 862 2109 916 in-

536 947 674 1018 quit,
713 963 834 1001 eum
859 949 953 1015 qui
985 960 1150 1018 potest
1178 961 1227 1004 et
1257 952 1487 1005 animam
1513 963 1560 1005 et
1588 970 1776 1020 corpus
1808 956 2022 1022 perdere
2054 955 2112 1008 in

536 1040 825 1110 gehennam
863 1041 945 1092 '3:
999 1042 1309 1098 hominibus
1339 1044 1482 1098 enim
1529 1058 1768 1115 potestas
1820 1047 2108 1102 adversum

537 1147 757 1202 corpus,
791 1143 844 1186 et
873 1134 976 1187 hoc
999 1136 1184 1200 semel,
1215 1145 1298 1190 est
1330 1137 1449 1190 data
1478 1152 1492 1190 :
1527 1138 1634 1193 Deo
1658 1151 1836 1193 autem
1877 1151 2112 1208 potestas

535 1232 621 1277 est
647 1232 701 1276 et
727 1225 1012 1279 adversum
1044 1241 1240 1295 corpus
1269 1229 1409 1296 quod
1437 1230 1707 1299 figuravit,
1740 1241 1795 1286 et
1822 1232 2110 1289 adversum

537 1315 775 1369 animam
813 1333 973 1386 quam
1000 1320 1180 1373 ereavi
1202 1329 1242 1383 t,
1280 1331 1335 1375 et
1380 1323 1605 1391 perdere
1637 1340 1739 1376 non
1768 1323 2107 1393 simpliciter,

539 1406 633 1460 sed
665 1408 716 1460 in
745 1409 1010 1476 gehenna.
1071 1410 1240 1477 Major
1281 1415 1423 1466 enim
1463 1415 1622 1468 timor
1677 1425 1760 1469 est
1811 1420 2070 1484 gehennae
2095 1459 2110 1482 ,

539 1514 701 1568 quam
735 1503 943 1556 mortis.
979 1503 1088 1558 Cur
1119 1506 1330 1571 major?
1369 1508 1492 1576 quia
1526 1509 1718 1576 duplex
1753 1519 1835 1562 est
1859 1512 2112 1579 perditio,

539 1590 732 1644 anima:
770 1601 826 1645 ct
859 1595 1102 1660 corporis
1132 1614 1144 1650 :
1178 1597 1407 1666 simplex
1433 1609 1613 1653 autem
1671 1610 1725 1652 et
1771 1603 2068 1666 corporalis
2096 1643 2110 1665 ,

540 1699 661 1752 quas
694 1685 745 1738 iu
776 1696 948 1739 morte
976 1687 1223 1742 habetur.
1254 1689 1438 1744 Primo
1470 1693 1614 1745 enim
1645 1703 1703 1746 et
1753 1694 1798 1747 si
1843 1697 2114 1749 dividatur

541 1775 868 1843 periculum,
906 1787 960 1831 et
998 1780 1248 1834 homines
1275 1782 1493 1850 quidem
1534 1799 1760 1852 corpus,
1819 1785 1960 1841 Deus
2019 1803 2114 1839 au-

2213 583 2345 650 Qua:
2383 585 2528 639 enim
2562 585 2798 654 pretiosa
2845 596 3012 653 sunt,
3046 587 3098 640 in
3139 587 3489 643 distractione
3535 605 3698 644 unum
3732 601 3790 645 et

2212 690 2379 728 unum
2421 677 2691 740 venditur,
2745 685 2800 731 et
2853 676 3119 746 ampliore
3171 679 3342 748 pretio
3388 695 3402 732 :
3450 689 3822 749 quaecunque

2212 775 2390 819 autem
2424 766 2612 821 frivola
2642 777 2734 820 aut
2765 769 2878 838 (87)
2918 769 3061 823 olera
3099 770 3361 824 habentur
3390 812 3405 837 ,
3433 771 3597 825 multa
3630 773 3789 825 simul

2220 856 2425 909 assario
2456 859 2861 914 venundantur.
2898 859 3096 914 Volens
3130 875 3258 929 ergo
3289 859 3506 916 frivolos
3539 877 3793 928 passeres

2215 949 2517 1012 ostendere,
2560 949 2802 1012 Assario,
2835 953 3027 1020 inquit,
3054 967 3161 1006 uno
3185 953 3289 1006 duo
3317 967 3565 1022 passeres
3592 954 3796 1006 distra-

2217 1038 2442 1094 huntur.
2474 1041 2699 1110 Accepit
2728 1043 2869 1110 quod
2903 1053 3019 1097 erat
3051 1043 3355 1107 minimum,
3389 1054 3448 1097 ut
3481 1045 3795 1098 hortaretur

2217 1146 2311 1184 eos
2345 1132 2432 1199 qui
2479 1132 2531 1185 in
2571 1132 2776 1187 honore
2820 1133 3152 1188 habebantur
3201 1153 3213 1188 :
3252 1133 3313 1186 Et
3357 1151 3491 1188 unus
3539 1151 3604 1187 ea:
3641 1136 3794 1203 ipsis,

2216 1225 2321 1289 ait,
2362 1241 2463 1278 non
2493 1227 2631 1278 cadit
2660 1226 2714 1279 in
2749 1237 2942 1279 terram
2975 1227 3087 1280 sine
3115 1227 3276 1281 Patre
3302 1237 3471 1280 vestro
3501 1226 3591 1297 qui
3617 1237 3691 1280 est
3737 1229 3794 1279 in

2217 1316 2356 1369 caelis
2384 1318 2451 1370 ³⁸.
2489 1316 2545 1369 Si
2581 1318 2744 1385 igitur
2773 1334 3023 1386 passeres
3060 1321 3148 1388 qui
3182 1335 3347 1388 parvo
3375 1320 3550 1388 pretio
3595 1318 3796 1372 distra-

2217 1409 2437 1472 huntur,
2480 1411 2704 1475 umbrae,
2753 1421 2809 1462 ut
2841 1411 2915 1463 ita
2955 1411 3151 1474 dicant,
3185 1422 3238 1464 et
3287 1427 3387 1466 nec
3437 1412 3561 1466 dum
3598 1426 3796 1464 carnes

2219 1517 2323 1554 non
2370 1502 2660 1570 capiuntur
2711 1519 2885 1571 neque
2924 1505 3282 1572 accipiuntur,
3338 1519 3443 1557 non
3499 1505 3635 1558 dixit
3677 1506 3796 1561 sine

2219 1593 2346 1656 Deo,
2374 1593 2465 1646 sed
2496 1591 2612 1646 sine
2636 1592 2794 1646 Patre
2825 1603 3026 1655 vestro,
3061 1595 3252 1661 inquit,
3285 1603 3342 1647 ut
3376 1595 3674 1664 propositio
3699 1612 3796 1664 pa-

2220 1691 2383 1736 terna:
2411 1682 2713 1736 dilectionis
2749 1685 3098 1751 protenderet
3133 1683 3524 1746 defensionem,
3556 1695 3611 1738 et
3646 1687 3794 1740 radi-

2219 1785 2369 1827 t-aret
2400 1766 2853 1828 adhortationem.
2897 1775 2970 1828 Ita
3015 1786 3070 1828 et
3100 1776 3153 1829 in
3192 1776 3297 1829 alio
3333 1776 3450 1829 loco
3495 1778 3796 1831 adhortans

543 1871 649 1916 tem
684 1875 737 1918 et
767 1867 1043 1930 animam;
1077 1886 1251 1938 neque
1294 1847 1377 1925 ita
1427 1847 1650 1942 aequalis
1678 1847 1763 1931 est
1803 1879 1983 1944 timor,
2019 1881 2112 1934 sed
2151 1847 2189 1899 Β
2221 1865 2606 1936 frugalitatem.
2641 1877 2696 1920 θι
2724 1867 2952 1935 Cupiens
2989 1869 3290 1936 ευιιετίιιιειε
3329 1869 3612 1924 “meum
3643 1870 3794 1924 50m"

540 1965 805 2022 quantum
845 1958 1027 2012 anima
1058 1961 1428 2016 honorabilior
1487 1974 1589 2029 est,
1630 1975 1837 2020 tantum
1893 1977 1949 2022 et
2002 1986 2114 2023 tua-

535 2043 624 2113 jor
651 2047 813 2100 timor
847 2059 926 2102 est
973 2065 1000 2103 a
1039 2051 1253 2108 timore.
1287 2053 1425 2119 Quia
1450 2056 1593 2110 enim
1651 2069 1706 2110 et
1759 2074 1975 2128 corpus,
2023 2061 2117 2112 ad-

542 2153 757 2192 versum
798 2142 940 2209 quod
973 2143 1218 2198 homines
1284 2147 1485 2200 habent
1540 2157 1906 2218 potestatem,
1968 2167 2117 2205 com-

540 2232 866 2298 prehensum
896 2242 1011 2300 est;
1038 2245 1092 2288 et
1116 2236 1219 2291 hoe
1247 2237 1298 2291 in
1328 2241 1574 2295 manibus
1600 2241 1690 2293 Dei
1727 2253 1831 2306 est,
1862 2255 1914 2297 et
1940 2245 2115 2297 anima

540 2339 701 2392 quam
753 2324 1002 2381 homines
1048 2329 1261 2382 etiamsi
1308 2330 1502 2385 vellent
1546 2334 1798 2387 occidere
1839 2352 1942 2388 non
1992 2352 2116 2405 pos-

538 2425 681 2480 seut,
709 2426 764 2471 et
792 2428 1020 2488 utraque
1052 2420 1168 2474 haec
1200 2437 1304 2475 non
1330 2423 1396 2476 ad
1427 2434 1678 2489 mortem,
1704 2426 1798 2479 sed
1825 2427 1890 2480 ad
1913 2429 2117 2496 gehen-

543 2523 664 2561 nam
705 2509 962 2564 dicuntur
995 2511 1164 2568 abire.
1203 2513 1584 2583 Multiplicatus
1616 2517 1779 2586 igitur
1818 2520 1978 2574 tim0r
2001 2533 2120 2584 est,

539 2608 596 2653 et
629 2599 975 2657 multitudine
1017 2613 1070 2657 et
1102 2606 1508 2674 magnitudine,
1547 2610 1667 2665 ideo
1703 2626 1834 2682 ergo
1862 2613 2022 2668 timor
2057 2615 2123 2668 ti-

539 2705 745 2746 morem
777 2694 964 2748 vincit.
999 2692 1105 2751 Sed
1139 2697 1289 2752 dices
1321 2716 1334 2752 :
1371 2699 1835 2766 Quemadmodum
1867 2706 2123 2774 possibile

539 2797 623 2844 est
648 2788 824 2857 perire
865 2791 1100 2846 animam
1130 2793 1182 2848 in
1227 2796 1516 2865 gehenna?
1546 2799 1602 2852 Si
1633 2798 1776 2853 enim
1809 2801 1967 2869 perit,
2005 2816 2124 2854 ror-

541 2881 809 2952 rumpitur
850 2884 966 2953 ejus
1004 2886 1403 2942 immortalitas.
1439 2889 1906 2955 Quemadmodum
1943 2903 2121 2948 autem

542 2981 598 3026 et
623 2974 856 3043 corpus?
886 2974 942 3028 Si
987 2977 1132 3030 enim
1162 2993 1373 3034 vermes
1403 2981 1512 3035 illic
1547 2993 1602 3036 et
1647 2984 1848 3038 stridor
1884 2985 2121 3039 dentimn

545 3063 808 3131 habetur;
844 3081 948 3121 non
991 3068 1164 3124 solum
1215 3071 1394 3125 anima
1439 3072 1762 3130 immortalis
1811 3093 1914 3131 non
1963 3079 2122 3145 perit,

2219 1959 2510 2023 citudines,
2558 1958 2681 2012 ait:
2723 1958 2783 2012 Si
2821 1957 2998 2026 fenum
3044 1961 3161 2030 agri
3211 1961 3352 2028 quod
3397 1961 3554 2014 deie
3597 1971 3696 2026 est,
3744 1973 3793 2015 et

2218 2050 2445 2104 crastino
2481 2050 2534 2102 in
2565 2049 2827 2103 clibanum
2859 2052 3104 2114 mittitur,
3132 2051 3270 2105 Deus
3299 2053 3373 2105 ita
3403 2055 3573 2117 vestit,
3598 2065 3797 2121 quanto

2219 2146 2386 2213 magis
2422 2144 2776 2211 vos,.modicte
2798 2143 2920 2211 ﬁdei
2945 2145 3030 2196 '7?
3057 2144 3102 2197 Α
3133 2144 3368 2199 minimis
3398 2145 3648 2199 admonet
3679 2160 3797 2211 eos,

2219 2237 2310 2304 qui
2346 2236 2550 2290 meliori
2582 2246 2710 2290 sunt
2740 2236 3002 2305 dignitate
3031 2250 3047 2288 :
3081 2236 3151 2288 ita
3185 2246 3240 2290 et
3270 2252 3414 2291 nunc
3444 2238 3569 2306 quia
3599 2239 3800 2292 nullius

2222 2329 2376 2398 pretii
2421 2338 2545 2384 sunt
2576 2342 2848 2398 passeres,
2899 2337 3162 2396 quantum
3216 2330 3282 2382 ad
3335 2330 3798 2398 comparationem

2222 2420 2535 2483 hominmn;
2591 2435 2757 2487 parvo
2809 2427 2991 2472 autem
3039 2418 3248 2485 pretio,
3281 2428 3338 2473 ttt
3389 2419 3589 2473 nullius
3643 2419 3801 2488 pretii

2220 2511 2626 2574 distrahuntur;
2674 2510 2895 2580 cupiens
2943 2523 3038 2562 nos
3071 2507 3362 2562 admonere
3390 2507 3670 2576 dignitatis
3700 2524 3800 2562 no-

2222 2611 2373 2659 strae.
2405 2602 2990 2670 producitconstantes
3020 2599 3135 2653 ﬁeri
3181 2599 3399 2654 debere.
3437 2598 3632 2653 Nonne
3671 2601 3802 2664 duo,

2224 2694 2426 2762 inquit,
2470 2709 2703 2761 passeres
2747 2693 2952 2746 assaria
2995 2691 3387 2756 distrahuntur,
3434 2701 3483 2744 et
3523 2707 3686 2744 unum
3734 2707 3804 2744 ex

2223 2787 2349 2854 ipsis
2369 2826 2384 2849 ,
2415 2801 2518 2837 non
2555 2787 2660 2838 duo
2691 2784 2875 2850 simul,
2909 2784 3004 2838 sed
3031 2799 3195 2838 unum
3225 2797 3292 2837 ex
3329 2782 3486 2851 ipsis,
3517 2799 3619 2836 non
3654 2783 3803 2836 cadit

2227 2878 2280 2929 in
2315 2876 2549 2932 terram?
2578 2875 2805 2945 Propter
2834 2875 3070 2928 volatum
3108 2875 3205 2938 ait,
3234 2889 3332 2942 pro
3364 2889 3430 2928 eo
3475 2884 3534 2928 ut
3574 2875 3802 2939 diceret,

2228 2987 2330 3025 non
2365 2970 2605 3038 capietur
2660 2971 2777 3022 sine
2828 2967 2988 3021 Patre
3029 2977 3232 3021 vestro.
3269 2965 3325 3020 Si
3364 2966 3528 3036 igitur
3568 2982 3799 3034 quorum

2227 3080 2333 3118 non
2377 3074 2461 3118 est
2500 3064 2682 3126 Pater,
2729 3077 2830 3114 uce
2865 3061 3146 3114 minimum
3195 3059 3445 3128 proditur
3483 3059 3600 3112 siue
3641 3058 3799 3126 ipso;

545 3157 638 3212 sed
679 3173 779 3212 nec
817 3174 1049 3229 corpus;
1092 3163 1333 3218 induitur
1375 3169 1518 3221 enim
1567 3169 2026 3226 immortalitatem
2071 3182 2124 3227 et
2151 3189 2194 3246 ς
2229 3155 2396 3210 multo
2435 3156 2606 3224 magis
2633 3153 2782 3207 "illis
2812 3168 3042 3222 (ιιιοτιιιιι
3081 3159 3170 3246 βδι
3195 3151 3381 3246 Pater:
3423 3149 3804 3246 βτξρθὺίιιξυξ

543 3264 764 3319 corpus.
812 3250 869 3306 Si
907 3251 1021 3308 hate
1061 3254 1277 3322 quidem
1318 3269 1603 3326 quaerunt,
1636 3262 1825 3315 intenti
1871 3278 1992 3317 esse
2032 3262 2124 3317 de-

545 3341 675 3396 bent
699 3341 768 3396 ad
799 3345 1064 3398 sermonis
1092 3345 1361 3408 virtutem,
1394 3347 1518 3415 quia
1549 3349 1691 3417 quod
1715 3364 1856 3404 nunc
1897 3351 1974 3403 ait
2005 3363 2126 3419 per-

545 3432 694 3497 dere,
725 3449 824 3504 pro
853 3450 917 3490 eo
947 3444 1006 3489 ut
1033 3436 1177 3492 dicat
1201 3439 1415 3508 punire,
1449 3450 1729 3509 acceptum
1761 3451 1881 3506 est;
1911 3442 1954 3495 si
1982 3443 2123 3497 enim

546 3527 769 3595 periret,
821 3543 926 3580 non
961 3538 1106 3583 esset
1156 3530 1210 3583 in
1254 3532 1522 3600 gehenna.
1561 3533 1821 3589 Gehenna
1859 3535 2004 3590 enim
2047 3536 2127 3589 vi—

547 3616 788 3670 ventium
818 3632 978 3686 petua
1008 3628 1110 3683 est,
1138 3635 1241 3673 non
1282 3632 1460 3674 tamen
1495 3622 1840 3694 interemptio
1884 3625 2127 3693 perdito-

552 3721 691 3760 rum.
733 3705 867 3772 Quia
901 3709 1044 3760 cuim
1087 3710 1446 3777 perditionem
1482 3712 1744 3767 timebant
1776 3714 1866 3784 qui
1899 3725 2128 3770 mortem

551 3796 829 3851 hominum
859 3800 1336 3869 pertimescebant,
1365 3804 1486 3857 ideo
1509 3805 1622 3872 ipso
1649 3805 1858 3859 timoris
1882 3821 2134 3862 sermone

554 3889 724 3941 utitur
757 3889 1034 3952 Dominus,
1071 3900 1127 3946 et
1169 3893 1346 3949 dicit:
1405 3893 1600 3948 Timete
1657 3905 1832 3949 autem
1881 3914 1996 3950 eum
2043 3899 2133 3966 qui

553 3987 722 4045 potest
759 3986 810 4032 et
851 3981 1086 4033 animam
1117 3993 1167 4034 et
1211 3999 1400 4052 corpus
1439 3984 1656 4050 perdere
1703 3986 1759 4039 in
1806 3987 2034 4056 geltenna
2063 3988 2131 4046 η’.

554 4064 742 4135 Neque
761 4068 904 4121 enim
928 4071 1262 4126 convertitur
1282 4073 1460 4126 anima
1485 4075 1550 4128 ad
1573 4075 1950 4130 mortalitatem
1979 4093 1994 4141 ;
2019 4078 2136 4133 sine

557 4155 878 4225 penitentia
913 4159 1057 4212 enim
1101 4171 1228 4216 sunt
1271 4162 1363 4217 Dei
1397 4164 1558 4220 dona.
1601 4164 1787 4235 Neque
1822 4167 2013 4222 iterum
2052 4183 2135 4224 re-

557 4251 913 4306 surrectionis
951 4254 1311 4321 promissione
1362 4257 1698 4327 infringitur,
1736 4260 1831 4314 sed
1866 4261 2008 4315 sicut
2041 4276 2137 4331 per

556 4341 728 4396 Adam
753 4359 945 4400 omnes
969 4347 1254 4412 morimur,
1282 4349 1352 4401 ita
1377 4359 1432 4402 et
1457 4365 1551 4418 per
1575 4351 1860 4406 Dominum
1894 4365 2136 4408 nostrum

557 4434 833 4488 Christum
853 4451 1042 4492 omnes
1065 4441 1414 4510 resurgimus.
1434 4441 1784 4497 Communem
1810 4444 1953 4498 enim
1981 4445 2136 4499 istam

562 4542 792 4580 mortem
818 4527 990 4582 Adam
1019 4530 1316 4586 introduxit
1358 4535 1427 4588 ob
1460 4547 1738 4602 peccatum

561 4623 669 4670 tem
699 4617 744 4672 is
773 4618 863 4686 qui
891 4620 1183 4690 assumpsit
1209 4621 1381 4675 Adam
1423 4623 1490 4677 ad
1522 4626 1996 4681 resurrectionem.
2045 4626 2138 4683 llle

562 4708 704 4761 enim
735 4710 824 4778 qui
858 4710 922 4763 de
959 4720 1105 4765 terra
1134 4722 1251 4778 est,
1284 4714 1583 4768 introduxit
1617 4728 1880 4782 mortem;
1914 4719 2004 4788 qui
2042 4736 2140 4772 au-

565 4809 672 4852 tem
705 4799 987 4854 desursum
1024 4804 1194 4868 venit,
1228 4806 1530 4860 introduxit
1564 4810 2038 4867 resurrectionem.
2075 4812 2142 4866 Et

563 4892 892 4946 resurrectio
935 4894 1147 4962 quidem
1200 4900 1502 4952 communis
1535 4909 1621 4953 est
1654 4901 1935 4977 omnibus;
1971 4906 2142 4958 haere-

562 4985 706 5040 ditas
751 4995 933 5040 autem
987 5002 1172 5041 eorum
1213 4991 1300 5057 qui
1349 5005 1411 5045 ex
1455 4993 1671 5048 viatieis
1717 4993 1919 5064 aliquid
1953 4997 2138 5066 profe~

565 5087 689 5132 runt
739 5078 870 5132 suis.
913 5076 1274 5135 Praecesserat
1307 5083 1468 5151 igitur
1507 5086 1790 5151 adventus,
1833 5089 1925 5142 sed
1959 5106 2142 5158 reper-

563 5171 733 5225 cussit
777 5187 898 5225 cum
937 5173 1131 5238 timor;
1166 5173 1376 5228 solutus
1409 5185 1494 5229 est
1530 5180 1690 5233 timor
1721 5193 1750 5231 a
1788 5179 2004 5238 timore.
2039 5181 2142 5236 Ne-

564 5263 798 5316 cessaria
840 5276 1019 5320 autem
1056 5279 1174 5321 erat
1230 5278 1283 5322 et
1334 5271 1656 5327 adhortatio.
1696 5271 1825 5339 Quae
1883 5277 2138 5330 adhorta-

570 5354 676 5408 tio?
709 5355 850 5410 Dicit
890 5359 1148 5415 Dominus
1197 5379 1209 5414 :
1263 5359 1454 5415 Nonne
1485 5364 1587 5416 duo
1622 5382 1898 5434 passeres;
1947 5370 2054 5423 duo
2088 5381 2142 5423 et

566 5461 672 5501 non
709 5449 858 5502 multi
898 5470 912 5504 :
945 5461 998 5506 et
1029 5469 1299 5522 passeres,
1332 5466 1386 5510 ct
1423 5472 1527 5508 non
1569 5458 1800 5528 majores
1836 5475 2002 5526 aves;
2039 5477 2141 5514 uno

558 5540 772 5620 .assario
828 5542 1198 5599 distrahuntur
1240 5545 1318 5597 '5?
1359 5563 1532 5617 neque
1581 5565 1688 5602 uno
1735 5552 1944 5605 assariu
2000 5569 2136 5607 unus

1188 5684 1234 5714 ²¹⁸
1261 5684 1387 5739 ibid.

648 5817 758 5884 (87)
790 5819 913 5872 Aut.
944 5819 1123 5886 Forte,
1157 5832 1231 5874 ut.

639 5677 684 5708 ’³
717 5677 904 5731 Matth.
940 5697 994 5745 χ,
1020 5683 1111 5736 28.
1188 5684 1234 5714 ²³
1261 5684 1387 5739 ibid.
1468 5689 1511 5721 ’³
1537 5689 1667 5745 ibid.
1704 5689 1792 5742 ‘29.
1871 5692 1915 5720 "‘
1947 5690 2076 5745 ibid.

2156 5694 2199 5723 "
2231 5691 2496 5758 Matthxr,
2520 5691 2607 5746 50.

2226 3248 2546 3302 fensionem.
2605 3247 2771 3300 Vestri
2821 3257 3028 3310 autem,
3080 3244 3286 3314 inquit,
3321 3254 3369 3296 et
3402 3241 3579 3307 capilli
3615 3241 3806 3310 capitis

2229 3340 2492 3395 numerati
2528 3350 2648 3394 sunt
2667 3341 2733 3392 ’⁸.
2772 3339 2957 3393 Timor
2977 3339 3043 3391 de
3067 3338 3242 3392 anima
3277 3346 3428 3401 erat,
3458 3343 3550 3388 aut
3579 3337 3645 3390 de
3685 3349 3808 3389 eor-

2228 3433 2402 3501 pore?
2451 3431 2556 3488 Sed
2601 3433 2667 3486 de
2707 3432 2906 3493 anima,
2954 3431 3150 3498 inquit,
3192 3429 3357 3484 nolite
3397 3428 3588 3482 timere
3639 3445 3652 3480 :
3701 3441 3813 3480 non

2233 3534 2484 3594 poterunt
2516 3526 2685 3590 enim,
2721 3525 2819 3585 ait,
2851 3539 2920 3578 ne
2947 3523 3164 3591 quidem
3194 3521 3286 3589 qui
3321 3520 3625 3583 voluerint,
3661 3521 3810 3574 occi-

2232 3617 2360 3670 dere
2405 3616 2663 3670 animam.
2702 3615 2806 3670 Sed
2846 3615 2913 3669 de
2942 3629 3169 3682 corpore
3201 3612 3442 3666 timetis?
3469 3611 3580 3667 Nec
3616 3612 3682 3666 de
3717 3626 3814 3666 ca-

2235 3709 2378 3776 pillis
2418 3709 2615 3778 capitis
2641 3708 2806 3762 vestri
2854 3709 3044 3761 timere
3084 3705 3320 3770 debetis;
3353 3705 3620 3758 numerati
3660 3711 3808 3759 sunt.

2241 3801 2296 3856 Si
2323 3803 2488 3872 igitur
2511 3816 2686 3872 neque
2713 3801 2779 3854 de
2807 3801 3009 3863 anima,
3058 3813 3232 3868 neque
3262 3799 3328 3853 de
3356 3812 3586 3866 corpore
3614 3797 3813 3851 timere

2238 3905 2484 3966 oportet;
2527 3904 2791 3963 quantum
2841 3894 2906 3946 ad
2953 3906 3051 3946 nos
3096 3899 3322 3957 Spectat,
3358 3888 3571 3942 ablatus
3614 3897 3699 3943 est
3741 3888 3810 3940 ti-

2244 4002 2364 4041 mor
2396 4004 2410 4040 :
2448 3984 2619 4039 Vestri
2641 3985 2800 4048 enim,
2835 3983 3030 4052 inquit,
3057 3993 3105 4036 et
3135 3981 3315 4047 capilli
3335 3982 3522 4047 capitis
3553 3982 3814 4034 numerati

2237 4091 2382 4134 sunt.
2438 4077 2575 4132 Num
2629 4079 2803 4132 nostri
2848 4087 3054 4131 tantum
3101 4075 3314 4145 capilli?
3364 4074 3620 4128 Sabulum
3666 4073 3815 4128 enim

2244 4171 2413 4225 maris
2452 4170 2584 4225 latet
2617 4169 2901 4225 scientiam
2932 4167 3069 4222 Dei?
3103 4178 3196 4222 aut
3238 4168 3382 4222 enim
3431 4167 3637 4222 semina
3679 4165 3816 4231 feni,

2245 4273 2338 4316 aut
2367 4277 2560 4332 pennae
2586 4277 2866 4331 passerum
2896 4262 3254 4332 ignorantur?
3281 4261 3552 4326 Quantum
3574 4262 3720 4315 enim
3746 4261 3816 4313 ad

2243 4371 2548 4411 sermonem
2602 4365 2841 4426 spectat,
2887 4355 3101 4409 videtur
3152 4354 3363 4418 dicere,
3415 4354 3545 4422 quia
3603 4360 3820 4407 vestros

2243 4447 2408 4500 etiam
2434 4445 2660 4513 capillos
2686 4447 2834 4499 novit
2863 4443 3027 4499 Deus.
3055 4444 3176 4498 Alia
3206 4437 3384 4498 autem
3415 4458 3534 4512 quae
3557 4451 3820 4513 putantur

1780 4554 1792 4590 :
1833 4538 2010 4591 erexit
2041 4555 2138 4592 au-
2174 4533 2216 4586 Ι)
2248 4539 2675 4608 contemptibilia
2702 4553 2824 4593 esse
2849 4553 2956 4592 non
2989 4537 3308 4601 contemnit,
3335 4536 3430 4590 sed
3457 4536 3619 4589 habet
3641 4535 3821 4589 scien-

2245 4633 2374 4686 tiam
2401 4632 2665 4685 oumium.
2701 4631 2836 4684 Nam
2867 4639 2923 4685 et
2954 4630 3081 4684 illud
3106 4631 3248 4700 quod
3275 4629 3473 4684 dicitur
3501 4630 3556 4682 in
3581 4627 3824 4697 Scriptu-

2248 4728 2344 4792 ris,
2373 4725 2566 4780 Omnia
2594 4728 2642 4779 ei
2676 4736 2800 4779 nota
2827 4736 2948 4780 sunt
2975 4739 2993 4779 :
3031 4739 3138 4778 non
3178 4723 3363 4778 frivole
3396 4723 3614 4792 quippe,
3648 4736 3823 4790 neque

2249 4832 2373 4872 eum
2423 4816 2628 4880 labore,
2669 4828 2764 4870 aut
2817 4833 2942 4871 cum
2993 4817 3200 4880 dolore,
3252 4817 3346 4870 sed
3384 4814 3822 4870 inenarrabiliter

2247 4909 2427 4963 omnia
2463 4911 2720 4978 praevenit
2762 4909 3010 4963 scientia.
3054 4908 3191 4974 Quid
3226 4924 3354 4978 ergo
3388 4918 3474 4962 est
3499 4909 3638 4977 quod
3661 4923 3823 4963 acce-

2253 5000 2328 5068 pit
2355 5001 2542 5054 dicens
2573 5018 2586 5053 :
2631 4999 2794 5054 Vestri
2826 5011 2998 5054 autent
3034 5012 3080 5054 et
3116 5001 3292 5070 capilli
3337 5002 3526 5069 capitis
3557 5002 3819 5054 numerati

2250 5095 2410 5146 sunt?
2439 5095 2561 5163 quia
2600 5095 2844 5163 provisor
2874 5105 2955 5148 est
2977 5095 3146 5150 vestri
3176 5111 3345 5164 usque
3392 5096 3461 5150 ad
3492 5096 3733 5165 Capillos.
3764 5095 3822 5150 Si

2251 5184 2412 5254 igitur
2449 5187 2681 5240 animam
2708 5188 2820 5255 jatn
2867 5189 3098 5241 armavit
3136 5187 3562 5254 immortalitate,
3600 5204 3822 5244 carnem

2251 5290 2428 5333 autem
2469 5297 2532 5334 ex
2573 5297 2637 5334 eo
2680 5282 2822 5349 quod
2871 5282 3151 5350 provideat
3176 5291 3231 5335 et
3267 5281 3519 5335 defendat
3549 5297 3722 5351 usque
3756 5284 3822 5335 ad

2250 5372 2505 5438 capillos;
2537 5374 2666 5441 quid
2709 5373 3030 5443 relinquitur
3064 5374 3132 5427 ad
3164 5374 3456 5428 timorem?
3488 5375 3616 5444 quid
3655 5377 3727 5430 ad
3759 5377 3825 5430 ti-

2252 5481 2456 5520 morem
2513 5467 2853 5536 relinquitur,
2911 5474 2968 5519 ut
3022 5465 3330 5521 hominibus
3382 5481 3578 5532 casus,
3638 5477 3825 5536 utpote

2247 5573 2432 5626 Opum,
2458 5558 2788 5623 divitiarum,
2814 5559 3134 5623 amicorum,
3163 5567 3470 5629 parentum,
3496 5557 3823 5628 propinquo-

2689 5693 2731 5724 ’⁸
2755 5692 2942 5749 Matth.
2971 5709 3024 5758 ι,
3044 5694 3133 5750 '50.
