4134 6452
380 412 508 465 H85

1709 406 1770 456 IN
1818 405 2077 463 ΜΑΤΤΗ.
2118 408 2180 472 .\,
2216 411 2306 464 2⁸1.

3493 412 3631 467 Ηὸό

370 539 488 577 rum
512 564 525 584 .
564 523 751 593 patria:
778 523 889 592 ipse
927 520 1184 577 allectus?
1216 524 1339 578 Inde
1378 532 1461 577 est
1506 533 1563 576 ut
1602 524 1746 577 dicat
1782 543 1793 577 :
1850 524 1951 591 Qui
1982 537 2027 588 Α
2060 542 2183 585 ante
2212 534 2314 587 sibi
2354 547 2577 602 parcere
2622 532 2927 586 noluerunt.
2958 531 3097 597 Quid
3128 530 3273 585 enim
3310 531 3483 586 defuit
3524 533 3632 588 illic

368 614 544 684 diligit
571 624 770 680 patrem
800 628 888 666 aut
922 626 1141 669 matrem
1174 633 1333 684 supra
1373 633 1475 680 me,
1505 633 1609 669 non
1638 627 1715 671 est
1750 634 1831 671 me
1860 621 1945 671 di-

370 712 587 775 qnus”.
621 708 747 762 Tria
778 710 919 763 enim
970 712 1067 764 ista
1112 721 1236 764 sunt
1282 726 1401 779 quae
1444 711 1588 764 circa
1636 724 1754 773 nos,
1802 722 1857 764 et
1894 713 1947 763 in

369 801 525 857 nobis
548 812 602 855 et
635 812 819 855 nostra
845 813 1012 856 sunt:
1046 804 1187 871 quod
1222 803 1365 856 enim
1394 818 1602 869 sumus,
1635 802 1816 856 anima
1854 818 1936 856 su.

372 910 515 950 mus.
551 895 606 947 Si
648 895 769 962 quis
796 904 974 949 autem
1006 909 1058 949 et
1092 895 1442 964 semetipsum
1482 894 1731 961 agnoscit
1772 895 1948 947 inten-

371 989 500 1053 tius,
531 996 585 1042 et
614 987 779 1041 veluti
819 989 871 1040 in
914 989 1153 1041 secundo
1176 987 1317 1051 loco,
1366 1002 1464 1041 nos
1498 1002 1694 1055 corpus
1726 999 1948 1050 sumus;

375 1081 477 1134 tria
504 1095 635 1149 ergo
663 1090 788 1135 sunt
820 1096 940 1149 qua:
972 1080 1022 1133 itt
1061 1080 1213 1135 nobis
1242 1088 1363 1134 sunt
1400 1098 1413 1133 :
1443 1095 1564 1148 quae
1591 1089 1769 1132 autem
1807 1079 1948 1133 circa

372 1187 493 1236 nos,
517 1174 910 1242 possessiones,
938 1173 1121 1237 amici,
1155 1182 1403 1243 parentes
1435 1183 1488 1227 et
1522 1173 1718 1242 patria.
1749 1171 1854 1226 Sed
1888 1173 1953 1225 de

373 1266 551 1319 anima
601 1266 778 1321 nullus
829 1268 990 1320 timor
1032 1275 1145 1330 est,
1186 1266 1310 1334 quia
1361 1265 1684 1319 immortalis
1717 1274 1823 1318 est.
1875 1264 1949 1317 De

372 1372 605 1425 corpore
635 1359 848 1413 ablatus
885 1367 970 1412 est
998 1359 1179 1423 timor,
1210 1358 1339 1426 quia
1370 1369 1423 1409 et
1470 1356 1644 1423 capilli
1688 1356 1952 1408 numerati

372 1460 519 1504 sunt.
554 1452 628 1505 De
662 1452 744 1505 his
784 1462 964 1505 autem
990 1466 1107 1520 qua:
1129 1461 1283 1505 extra
1313 1460 1458 1514 sunt,
1487 1450 1617 1503 dicit
1641 1447 1904 1500 Dominus
1932 1466 1944 1500 :

373 1543 437 1599 Si
465 1546 581 1613 quis
614 1544 875 1613 reliquerit
918 1555 1125 1613 propter
1158 1561 1238 1597 me
1270 1554 1319 1597 et
1363 1560 1520 1612 regna
1550 1541 1795 1595 ccelorunt
1819 1579 1832 1603 ,
1862 1555 1957 1607 pa-

373 1645 524 1698 trem,
565 1646 652 1687 aut
700 1646 939 1700 matrem,
965 1645 1056 1689 aut
1097 1635 1310 1701 fratres,
1339 1644 1431 1687 aut
1474 1634 1638 1702 ﬁlios,
1687 1642 1777 1685 aut
1820 1647 1954 1683 uxo-

372 1742 504 1793 rem,
554 1738 646 1779 aut
695 1738 968 1797 cognatos,
1018 1736 1109 1780 aut
1159 1728 1397 1790 domum,
1431 1727 1634 1778 habebit
1676 1735 1720 1777 et
1757 1724 1810 1776 in
1860 1723 1956 1775 hoc

373 1821 569 1872 mundo
626 1820 959 1886 centuplum;
1010 1820 1065 1875 in
1132 1821 1305 1891 futuro
1371 1829 1547 1872 autent
1600 1820 1758 1871 vitam
1808 1826 1957 1871 tuler-

2048 626 2111 678 ad
2160 626 2473 684 patientiam
2522 624 2652 679 Dei?
2698 624 2887 678 Nonne
2943 638 3245 692 praeconem
3294 625 3630 693 poenitentia:

2049 718 2329 772 constituit
2361 718 2441 772 eis
2477 716 2587 772 Noe
2630 732 2728 785 per
2756 730 2928 770 annos
2958 726 3198 780 centum,
3224 727 3487 785 quantum
3528 733 3628 771 au-

2053 821 2155 863 tem
2193 811 2260 861 ad
2291 824 2442 863 suam
2496 808 2909 877 promissionem
2960 823 3058 877 per
3100 806 3240 861 cxx?
3280 807 3469 862 Nonne
3499 823 3627 864 arca

2051 901 2232 965 ﬁebat,
2258 902 2375 969 ipso
2401 916 2569 969 opere
2593 900 2660 955 ad
2690 900 3069 968 paenitentiam
3096 900 3321 953 hortans
3344 899 3632 954 homines?

2051 1000 2142 1046 aut
2193 993 2461 1047 modicum
2521 1001 2639 1046 erat
2695 1007 2823 1056 vas,
2882 992 3027 1061 quod
3080 1002 3262 1060 posset
3309 993 3471 1045 etiam
3528 993 3631 1046 sub

2053 1094 2196 1139 tecto
2234 1083 2530 1137 fabricari?
2590 1083 2782 1138 Nonne
2830 1094 2994 1137 tantze
3040 1085 3255 1147 quidem
3306 1082 3628 1149 altitudinis,

2056 1185 2218 1231 tantae
2252 1185 2430 1229 autem
2484 1175 2838 1245 longitudinis
2872 1184 2926 1231 et
2973 1175 3276 1230 latitudinis
3329 1176 3630 1230 secundum

2055 1268 2400 1320 mensuram?
2472 1266 2868 1321 Fabricabatur
2945 1275 3123 1319 autem
3197 1279 3323 1318 arca
3383 1274 3442 1318 ttt
3502 1271 3632 1319 tuba

2057 1358 2285 1410 maxima
2310 1398 2325 1420 ,
2348 1357 2459 1426 jam
2487 1357 2746 1412 diluvium
2787 1356 3088 1424 praedicans
3134 1354 3403 1418 futurum,
3430 1364 3483 1408 et
3508 1363 3634 1409 ante

2055 1450 2310 1505 diluviunt
2340 1451 2711 1520 paenitentiam
2742 1450 3005 1504 clamans.
3038 1450 3097 1504 Si
3132 1449 3296 1516 igitur
3320 1463 3422 1501 cxx
3477 1449 3634 1501 annis

2057 1543 2295 1597 revocati
2322 1559 2349 1596 a
2381 1544 2604 1598 malitiis
2638 1559 2743 1598 non
2771 1542 3084 1607 suntsuasi,
3120 1542 3219 1609 ipsi
3256 1542 3362 1594 vim
3392 1540 3633 1593 fecerunt

2057 1647 2117 1690 ut
2149 1652 2308 1706 supra
2334 1651 2428 1691 eos
2454 1636 2714 1690 diluvium
2741 1635 3043 1701 adveniret,
3079 1636 3170 1703 qui
3202 1633 3418 1688 suaderi
3450 1632 3633 1687 nolue-

2058 1729 2185 1782 rint.
2217 1727 2320 1781 Sed
2356 1727 2648 1781 Sodomam
2676 1727 2871 1780 evertit
2893 1725 3035 1780 Deus
3060 1769 3073 1791 ,
3102 1725 3231 1794 quia
3272 1724 3421 1793 prius
3467 1723 3632 1777 Sodo-

2060 1822 2203 1873 mitte
2234 1829 2482 1873 naturam
2514 1836 2667 1874 suam
2712 1828 3090 1889 corruperant.
3137 1817 3205 1871 Et
3235 1827 3387 1873 certe
3417 1831 3483 1870 ne
3514 1816 3633 1886 qui-

373 1928 494 1964 nam
518 1912 582 1964 “.
616 1912 757 1980 Ergo
787 1912 929 1965 nulla
963 1914 1180 1965 occasio
1207 1912 1465 1965 derelicta
1509 1919 1592 1964 est
1639 1909 1842 1962 timori.
1884 1908 1957 1960 De
1992 1885 2030 1940 Β
2060 1911 2177 1964 dem
2221 1912 2341 1965 istic
2374 1912 2619 1981 despexit
2667 1911 2843 1975 Deus,
2878 1885 2970 1964 sed
3020 1924 3212 1979 passus
3251 1918 3338 1963 est
3380 1885 3542 1962 Loth,
3568 1907 3637 1961 ob

372 2005 550 2058 anima
575 2004 717 2058 enim
750 2006 944 2067 timere
970 2020 1076 2059 non
1105 2005 1271 2057 debes
1307 2003 1559 2056 timorem
1599 2002 1955 2062 insensatmn,

372 2110 440 2151 ne
490 2099 696 2166 puteris
744 2096 1027 2152 mortalem
1080 2095 1265 2150 dicere
1305 2093 1693 2148 immortalem.
1740 2090 1845 2145 Sed
1890 2089 1956 2143 de

370 2200 599 2254 corpore
634 2185 793 2239 times
842 2204 856 2239 :
901 2194 1130 2253 possunt
1174 2171 1319 2238 enini
1349 2182 1599 2237 occidere
1647 2196 1660 2233 ;
1713 2179 1955 2233 defendit

373 2292 543 2346 usque
571 2277 638 2331 ad
670 2275 893 2345 capillos
930 2276 1019 2343 qui
1063 2274 1293 2328 creavit.
1339 2273 1445 2326 Sed
1476 2270 1772 2325 amicitiam
1802 2284 1952 2338 quae-

372 2373 469 2436 ris,
497 2380 552 2425 et
591 2380 832 2440 patrem,
872 2378 926 2421 et
957 2380 1183 2421 matrem
1218 2383 1232 2419 :
1278 2373 1394 2419 esto
1441 2377 1649 2418 memor
1703 2362 1819 2431 ejus
1861 2361 1952 2429 qui

371 2462 493 2516 ait:
531 2461 634 2526 Qui
674 2462 846 2530 diligit
889 2470 1089 2521 patrem
1129 2467 1215 2510 aut
1258 2465 1476 2509 matrem
1508 2470 1673 2522 supra
1704 2469 1803 2516 me,
1849 2468 1953 2506 non

369 2564 449 2608 est
475 2570 554 2607 me
586 2555 775 2623 dignus
800 2552 867 2606 ’1.
897 2552 1002 2605 Sed
1034 2550 1271 2611 divitias,
1305 2556 1358 2602 et
1385 2563 1504 2617 qua:
1526 2548 1608 2602 bis
1644 2556 1770 2600 sunt
1797 2544 1948 2599 simi-

374 2645 440 2699 lia
473 2646 769 2700 desideras.
803 2645 1125 2713 Quicunque
1165 2640 1441 2709 reliquerit
1477 2649 1683 2709 patrem
1715 2648 1808 2691 aut
1836 2652 1951 2689 ma-

374 2747 531 2801 trem,
564 2746 656 2790 aut
680 2740 921 2803 domum,
956 2746 1048 2789 aut
1088 2747 1424 2803 quaecunque
1469 2739 1597 2786 sunt
1642 2745 1807 2798 supra
1842 2738 1951 2783 ter-

373 2844 488 2883 ram
534 2838 755 2900 pr0pter
784 2843 867 2881 me
901 2837 953 2881 et
1000 2841 1165 2895 regna
1194 2823 1479 2889 caelorum,
1510 2822 1819 2890 centuplum
1853 2819 1951 2873 ha-

370 2918 519 2973 bebit
548 2934 561 2971 :
594 2918 735 2971 sicut
776 2917 827 2971 hi
871 2918 961 2984 qui
1005 2916 1279 2970 seminant
1315 2915 1366 2966 in
1400 2914 1595 2966 bonam
1625 2922 1844 2973 terrain,
1899 2911 1948 2964 itt

372 3013 475 3065 isto
504 3011 719 3079 quidem
762 3009 963 3064 saeculo
995 3007 1326 3076 centuplum,
1357 3006 1408 3059 in
1455 3004 1635 3057 futuro
1663 3014 1843 3056 autem
1872 3004 1951 3056 vi-

371 3113 478 3155 tam
526 3113 809 3155 :ctcrnam.
864 3099 1041 3154 Nolite
1085 3114 1212 3165 ergo
1257 3098 1467 3150 timere.
1515 3096 1571 3149 Si
1616 3097 1763 3149 enim
1812 3109 1950 3148 unus

367 3211 558 3263 passer
588 3210 694 3248 non
722 3194 866 3246 cadit
897 3193 948 3245 in
978 3201 1177 3246 terram
1206 3190 1325 3243 sine
1358 3198 1511 3256 patre
1544 3197 1727 3242 vestro
1750 3188 1839 3255 qui
1869 3196 1952 3241 est

369 3288 420 3364 i,n
459 3285 636 3348 cwlis,
674 3282 965 3335 multorum
1013 3289 1193 3334 autem
1240 3292 1521 3347 passerum
1566 3290 1662 3329 vos
1701 3275 1953 3330 meliores

366 3380 534 3445 estis;
576 3392 681 3431 non
718 3376 880 3429 habet
925 3373 1105 3427 locum
1140 3370 1325 3423 timor.
1370 3367 1506 3433 Quia
1555 3368 1718 3434 igitur
1746 3367 1950 3420 intere-

370 3472 468 3526 mit
500 3472 770 3533 timorem,
795 3466 998 3535 reperit
1031 3463 1144 3534 (88)
1173 3460 1496 3515 constantia:
1530 3457 1785 3511 ﬁduciam
1826 3471 1948 3510 cum

365 3561 732 3626 confessione,
769 3568 824 3614 et
857 3558 985 3612 dicit
1031 3575 1044 3611 :
1078 3555 1262 3609 Omnis
1288 3553 1583 3622 quicunque
1625 3566 1706 3603 nte
1739 3549 1945 3617 confes-

365 3673 454 3708 sua
488 3657 645 3725 fuerit
677 3663 798 3707 ante
837 3652 1107 3716 homines,
1138 3648 1227 3702 isti
1274 3647 1415 3701 enim
1456 3655 1576 3699 sunt
1618 3644 1707 3711 qui
1751 3657 1945 3711 perse-

367 3758 624 3816 quuntur,
658 3746 943 3815 conﬁtebor
971 3755 1017 3798 et
1058 3759 1148 3812 ego
1183 3757 1299 3795 eum
1346 3748 1465 3791 ante
1506 3734 1723 3788 Putrem
1770 3751 1944 3786 meum

365 3840 551 3909 quiest
585 3840 641 3891 in
663 3838 804 3890 caelis
838 3836 903 3889 ".
936 3836 996 3891 Et
1027 3836 1200 3906 primo
1228 3831 1448 3901 quidem
1479 3828 1753 3896 intercipit
1790 3828 1952 3881 timo-

368 3947 506 3997 rem,
542 3931 779 3987 secundo
807 3937 985 3982 autem
1015 3928 1260 3981 itntnittit
1292 3940 1440 3994 spem
1471 3940 1483 3977 :
1516 3923 1835 3990 Quicunque
1864 3935 1950 3975 me

367 4024 650 4079 confessus
690 4023 855 4076 fuerit
900 4030 1027 4075 ante
1072 4020 1339 4083 homines,
1388 4016 1693 4071 conﬁtebor
1742 4026 1796 4068 et
1849 4028 1948 4085 ego

366 4130 488 4170 cum
523 4136 535 4170 :
586 4125 715 4182 puta
762 4115 885 4182 quia
915 4112 1225 4166 hominibus
1267 4110 1594 4164 conveniens
1636 4119 1720 4162 est
1773 4108 1942 4161 Deum

366 4210 637 4272 conﬁteri,
673 4208 839 4261 Deum
874 4206 1121 4259 homines
1166 4204 1444 4273 quomodo
1482 4203 1738 4257 convenit
1782 4199 1950 4255 conﬁ-

370 4300 509 4354 teri?
538 4297 612 4352 De
641 4298 951 4353 hominibus
981 4309 1039 4350 ut
1065 4312 1169 4350 non
1200 4298 1345 4350 dicat
1376 4296 1443 4351 ad
1470 4312 1565 4350 eos
1602 4314 1615 4349 :
1646 4294 1894 4348 Recedite
1917 4312 1947 4348 a

366 4407 467 4455 me,
499 4392 672 4444 nescio
713 4406 799 4444 vos
822 4390 899 4457 ’3;
933 4391 1027 4443 sed
1068 4400 1126 4442 ut
1164 4390 1340 4458 magis
1370 4390 1515 4443 dicat
1546 4392 1611 4442 ad
1645 4404 1738 4443 eos
1775 4406 1787 4440 :
1836 4385 1937 4441 Ve-

367 4484 493 4547 nite,
528 4483 782 4536 benedicti
816 4482 994 4535 Patris
1030 4483 1131 4534 mei
1157 4481 1221 4535 ³⁸.
1264 4482 1493 4537 Intueris
1536 4482 1945 4550 abnegationetn

2060 2004 2466 2057 contentionem
2541 2014 2815 2072 pastorum
2893 2003 3001 2056 ab.
3041 2000 3317 2055 Abraham
3375 1998 3638 2067 separari.

2059 2094 2218 2149 Forte
2268 2104 2448 2149 autem
2497 2105 2549 2149 et
2590 2095 2937 2150 continentim
2977 2093 3117 2146 sales
3169 2092 3319 2146 misit
3361 2091 3428 2145 ad
3471 2089 3639 2143 Sodo-

2058 2200 2199 2239 mam
2246 2184 2384 2241 Loth
2409 2186 2472 2251 ³⁵,
2523 2195 2583 2240 ut
2626 2185 2743 2253 ejus
2772 2174 2980 2254 justitia
3034 2183 3469 2238 continerentur.
3502 2190 3559 2233 ut
3606 2196 3636 2233 a

2054 2276 2185 2342 sale,
2234 2288 2288 2331 et
2336 2293 2440 2331 non
2488 2287 2990 2346 corrumperentur.
3033 2276 3111 2329 Illi
3163 2284 3345 2330 autetn
3396 2284 3452 2328 et
3498 2272 3640 2327 sales

2055 2370 2424 2436 calcaverunt,
2457 2380 2512 2425 et
2538 2370 2792 2425 dixerunt
2821 2375 2887 2424 ad
2928 2384 3056 2425 eum
3085 2369 3177 2438 qui
3212 2368 3499 2430 insalabat,
3530 2367 3637 2419 Ila-

2055 2462 2227 2516 hitare
2260 2464 2481 2527 venisti,
2521 2479 2625 2516 non
2664 2473 2844 2516 tamen
2877 2474 2931 2517 et
2971 2462 3237 2532 judicium
3268 2460 3535 2527 judicare.
3572 2459 3638 2514 Et

2055 2556 2169 2609 haec
2197 2557 2442 2610 dicentes
2469 2555 2672 2621 justum
2711 2557 2997 2608 adversum
3032 2570 3089 2607 se
3115 2554 3381 2621 judicium
3426 2552 3635 2606 excita-

2055 2658 2203 2713 runt,
2230 2649 2321 2716 qui
2365 2663 2468 2701 non
2503 2647 2653 2701 fuere
2695 2647 2937 2701 contenti
2979 2646 3243 2698 adversus
3269 2644 3518 2699 homines
3552 2642 3637 2695 in-

2053 2741 2231 2810 digna,
2274 2742 2367 2795 sed
2414 2748 2466 2793 et
2516 2739 2861 2793 insanierunt
2903 2739 3166 2791 adversus
3221 2738 3367 2806 ipsos
3419 2747 3641 2791 sanctos

2053 2835 2291 2902 angelos,
2328 2832 2417 2901 qui
2461 2841 2721 2885 venerant
2753 2832 3033 2884 vindicare
3070 2829 3323 2895 iniuriam
3356 2828 3636 2881 hominum

2053 2928 2120 2982 ab
2148 2928 2352 2981 eisdem
2390 2926 2709 2979 admissam.
2744 2923 2851 2977 Sed
2882 2936 3057 2991 neque
3083 2922 3192 2974 Noe
3219 2921 3465 2989 deSpcxit
3494 2920 3639 2974 Deus

2054 3021 2107 3074 in
2150 3019 2387 3081 diluvio;
2439 3017 2704 3070 numerati
2744 3017 2891 3068 enim
2927 3024 3086 3067 erant
3130 3013 3248 3079 ejus
3278 3011 3501 3081 capilli:
3547 3025 3642 3064 nc-

2054 3128 2158 3183 que
2200 3112 2336 3166 Loth
2385 3111 2523 3181 apud
2577 3109 2890 3163 Sodomam.
2940 3107 3044 3161 Alii
3095 3117 3274 3161 autem
3318 3108 3486 3161 Deum
3530 3119 3636 3158 non

1979 3227 2021 3285 ρ
2057 3217 2237 3261 tamen
2267 3206 2516 3259 homines
2550 3203 2884 3257 offenderunt
2913 3242 2929 3267 ,
2962 3200 3050 3269 qui
3088 3200 3511 3253 immutaverunt
3545 3198 3643 3250 hu-

2058 3312 2274 3350 manam
2320 3307 2591 3348 naturam.
2635 3292 2749 3344 Non
2786 3302 2869 3344 est
2899 3304 3028 3359 ergo
3077 3288 3469 3356 increpandum
3504 3287 3636 3349 Deo,

2056 3389 2181 3457 quia
2224 3401 2323 3440 nec
2358 3386 2401 3438 si
2436 3384 2575 3436 tauri
2621 3382 2943 3436 occiduntur
2982 3381 3048 3433 ad
3082 3394 3269 3441 usum,
3303 3392 3478 3447 neque
3514 3378 3639 3445 quia

2054 3496 2182 3535 oves
2210 3489 2264 3533 et
2293 3477 2591 3541 columbae;
2631 3476 2973 3528 variﬁcatum
3009 3472 3156 3526 enim
3188 3480 3270 3524 est
3316 3485 3478 3524 omne
3514 3471 3637 3545 hoc,

2053 3583 2108 3627 et
2153 3571 2481 3626 abundantia
2534 3578 2617 3622 cst
2668 3568 2869 3630 multa,
2916 3576 2969 3620 et
3014 3564 3116 3617 alia
3164 3564 3284 3615 aliis
3328 3562 3638 3616 necessaria

2054 3674 2206 3730 sunt,
2258 3673 2311 3716 et
2346 3661 2447 3715 alia
2487 3661 2646 3714 aliter
2699 3670 2878 3712 creata
2929 3667 3074 3711 sunt.
3126 3655 3276 3709 Sicut
3322 3654 3487 3724 igitur
3539 3669 3639 3724 pro

2058 3758 2224 3811 lauris
2247 3756 2338 3825 qui
2362 3754 2688 3809 occiduntur
2719 3753 2783 3805 ad
2813 3766 2967 3804 usum
2992 3766 3095 3803 non
3122 3751 3434 3816 increpatnr
3459 3746 3636 3813 Deus;

2054 3855 2107 3897 et
2141 3855 2286 3897 certe
2318 3844 2454 3895 tauri
2487 3857 2592 3895 non
2628 3848 2890 3910 peccant,
2925 3853 3106 3905 neque
3138 3847 3221 3891 est
3253 3837 3632 3907 irreligiositas

2055 3934 2107 3987 in
2141 3936 2342 3996 tauris;
2376 3948 2480 3986 non
2525 3932 2697 3985 solum
2734 3945 2841 3983 non
2869 3938 2946 3983 est
2988 3930 3375 3996 increpantium
3410 3928 3475 3979 de
3508 3942 3635 3995 per-

2052 4026 2322 4093 emptione
2361 4023 2786 4092 irreligiosorum
2809 4061 2822 4082 ,
2858 4022 2952 4075 sed
2989 4034 3040 4073 et
3076 4019 3404 4073 mirandum.
3464 4019 3637 4072 Debet

2053 4114 2193 4168 enim
2243 4115 2446 4167 laudari
2506 4115 2666 4177 Deus,
2726 4115 2853 4183 quia
2921 4125 3119 4167 terram
3180 4110 3335 4179 aquis
3389 4110 3556 4163 abluit
3608 4125 3639 4161 a

2054 4208 2329 4276 Spurcitiis
2382 4207 2743 4260 habitantium
2806 4226 2817 4259 :
2876 4208 3034 4259 debet
3079 4205 3319 4273 probari.
3368 4204 3492 4271 quia
3544 4218 3640 4271 per

2054 4302 2230 4371 ignem
2282 4300 2535 4354 conﬂavit
2591 4309 2834 4353 nostram
2886 4310 3178 4360 naturam,
3228 4307 3282 4348 ut
3320 4304 3639 4350 evocarelur

2054 4403 2237 4447 nostra
2295 4394 2560 4461 legitima.
2616 4392 2691 4444 Ita
2750 4391 2923 4445 nescit
2979 4392 3119 4444 Deus
3173 4406 3307 4459 quos
3359 4406 3467 4444 non
3524 4391 3641 4443 vult

2055 4500 2247 4548 nosse,
2286 4485 2354 4537 ita
2401 4483 2673 4549 ignoravit
2705 4498 2798 4537 eos
2829 4484 2919 4552 qui
2955 4484 3057 4537 sub
3094 4482 3234 4545 Noe;
3292 4483 3361 4536 ita
3408 4483 3637 4535 nescivit

367 4573 486 4627 Filii
513 4575 579 4629 de
607 4576 935 4643 hominibus,
977 4586 1031 4630 et
1064 4574 1462 4630 confessionem
1494 4577 1582 4629 Dei
1615 4576 1680 4629 dc
1719 4575 1949 4629 homini-
1982 4604 2024 4658 ο
2053 4589 2145 4628 eos
2175 4576 2263 4642 qui
2304 4575 2404 4629 Sub
2439 4575 2601 4639 Loth,
2640 4584 2695 4627 et
2728 4589 2821 4627 eos
2856 4575 2945 4641 qui
2981 4584 3311 4641 negaverunt
3343 4588 3465 4626 eum
3511 4582 3637 4625 ante

366 4667 507 4721 bus?
547 4668 684 4720 Nutn
728 4668 983 4735 possibile
1011 4676 1092 4722 est
1132 4668 1180 4721 ei
1224 4667 1436 4731 dicere,
1469 4669 1651 4721 nescio
1683 4666 1945 4720 Patrem?

368 4758 483 4812 Scit
508 4759 705 4827 quippe
738 4767 791 4812 et
827 4759 1095 4824 homines,
1125 4769 1179 4812 et
1213 4760 1311 4813 hos
1345 4768 1658 4828 peccatores
1686 4760 1895 4826 ignorat
1930 4778 1941 4812 :

364 4850 794 4903 additamentum
863 4852 1007 4903 enim
1068 4852 1167 4904 hoc
1236 4851 1561 4905 solutionem
1626 4850 1945 4921 quaestionis

365 4940 600 5009 praebet;
628 4940 753 5009 quia
787 4942 930 4994 enim
961 4949 1278 5009 peccatores
1304 4942 1471 5010 ignoti
1502 4953 1647 5008 sunt,
1682 4956 1787 4995 non
1818 4940 1942 5008 quia

364 5033 705 5099 ignorantur,
750 5034 844 5086 sed
873 5034 998 5103 quia
1042 5048 1146 5087 non
1194 5034 1261 5087 ab
1304 5049 1368 5087 eo
1410 5037 1744 5089 conﬁtentur
1793 5055 1805 5089 :
1848 5051 1943 5092 eos

363 5127 504 5180 euitn
559 5126 648 5193 qui
699 5127 855 5182 mala:
902 5136 1029 5182 sunt
1079 5128 1203 5182 vita:
1254 5129 1433 5183 nescit
1488 5128 1666 5183 sciens
1713 5145 1808 5185 eos
1852 5131 1941 5198 qui

365 5222 493 5272 sint.
537 5219 592 5273 Si
638 5219 781 5272 enim
809 5230 1256 5288 computarentnr
1305 5221 1448 5273 inter
1472 5221 1622 5273 vivos
1653 5220 1803 5284 mali,
1836 5236 1940 5275 non

364 5310 597 5365 venisset
623 5309 882 5363 diluvium
916 5314 1015 5365 sub
1051 5310 1163 5365 Noe
1200 5330 1212 5364 :
1245 5321 1298 5364 et
1328 5311 1462 5365 alios
1489 5312 1704 5381 quidem
1738 5327 1945 5365 connu-

366 5401 594 5455 tneravit
636 5417 773 5470 quos
801 5403 996 5468 salvat,
1030 5420 1166 5473 quos
1200 5412 1380 5458 autem
1423 5403 1619 5468 nescit,
1663 5403 1838 5471 perdit
1883 5414 1943 5458 ut

366 5503 557 5562 purget
601 5502 823 5546 terram.
865 5491 982 5548 Non
1033 5510 1160 5564 ergo
1206 5495 1393 5549 debuit
1437 5497 1516 5549 eis
1562 5508 1812 5563 parcere,
1845 5494 1939 5565 qui

437 5634 482 5666 ”
505 5634 688 5688 Matth.
718 5652 770 5699 κ,
790 5636 877 5689 57.
956 5636 998 5667 ³⁰
1026 5636 1333 5696 Mattltth,
1360 5636 1450 5693 29.

365 5704 409 5737 ⁸³
437 5704 571 5759 Gen.
604 5721 717 5767 nx,
747 5706 799 5760 9.
877 5707 921 5738 "
942 5707 1128 5760 Matth.
1172 5723 1226 5772 ι,
1260 5708 1347 5763 55.

438 5840 548 5910 (88)
578 5840 797 5901 ﬂeverit.
825 5844 1004 5909 Forte,
1038 5843 1243 5910 repetit.

1526 5636 1566 5669 ιι
1607 5634 1793 5691 Matth.
1828 5649 1919 5704 xv,
1944 5636 2031 5691 57.

2052 4668 2325 4733 homines,
2354 4668 2419 4721 de
2453 4668 2648 4734 quibus
2680 4679 2732 4719 et
2763 4666 2894 4719 dicit
2926 4684 2938 4719 :
2975 4665 3286 4734 Quicunque
3315 4683 3391 4718 me
3422 4681 3638 4734 negave-

2045 4760 2111 4812 rit
2138 4777 2314 4812 coram
2336 4759 2654 4821 hominibus,
2680 4758 2877 4825 negabo
2914 4766 2961 4810 et
2988 4774 3079 4824 ego
3109 4773 3223 4810 cum
3248 4774 3425 4810 coram
3470 4755 3630 4808 Patre

2045 4868 2157 4903 meo
2183 4854 2272 4919 qui
2299 4862 2374 4903 est
2408 4853 2462 4903 in
2495 4852 2635 4905 caelis
2662 4852 2732 4905 ³⁸.
2765 4852 2973 4920 Negant
3007 4862 3185 4905 autem
3218 4851 3492 4903 Christqu
3527 4863 3630 4901 non

2045 4942 2216 4994 solum
2254 4942 2304 4994 bi
2343 4944 2432 5011 qui
2469 4945 2520 4995 in
2557 4944 2938 5013 persecutione
2974 4952 3192 5014 negant,
3232 4942 3497 5011 siquidem
3532 4956 3631 4994 nec

2051 5033 2140 5103 qui
2165 5033 2491 5088 conﬁtentur
2517 5036 2569 5089 in
2604 5036 3098 5105 pcrsecutionibus,
3137 5035 3235 5105 ipsi
3262 5034 3357 5088 soli
3390 5033 3630 5100 suntqui

2053 5125 2421 5180 conﬁtentur:
2474 5128 2565 5181 sed
2611 5128 3004 5182 descendamus
3046 5128 3111 5181 ad
3160 5128 3396 5195 negotia,
3438 5136 3494 5177 et
3547 5124 3634 5175 fn-

2052 5219 2259 5287 giamus
2290 5220 2769 5289 irreligiositatem.
2809 5221 2909 5287 Qui
2959 5229 3084 5273 sunt
3129 5234 3259 5287 ergo
3306 5220 3635 5295 quinegaut

2052 5310 2265 5375 Filium,
2300 5322 2354 5365 et
2385 5313 2497 5377 ubi,
2526 5324 2579 5367 et
2614 5316 2666 5367 in
2697 5315 2915 5382 quibus,
2947 5314 3312 5366 advertamus.
3345 5310 3479 5366 Cum
3511 5308 3632 5376 quis

2053 5403 2355 5471 ingreditur
2391 5405 2662 5459 civitatem
2700 5406 2981 5475 gentilium
3006 5444 3023 5469 ,
3073 5414 3127 5461 et
3154 5404 3417 5473 religione
3462 5415 3631 5469 expo-

2053 5503 2237 5549 scente
2282 5495 2444 5551 fronti
2474 5497 2753 5568 imponere
2794 5498 3129 5570 signaculum
3163 5496 3341 5552 crucis
3373 5491 3633 5549 confusus

2111 5636 2153 5668 ³¹
2189 5636 2382 5695 Matth.
2407 5639 2573 5705 x,52.
2652 5638 2696 5671 ³³
2725 5637 2911 5697 Matth.
2950 5653 3077 5705 xxv,
3112 5635 3200 5691 l2.
3299 5633 3344 5667 “
3371 5632 3499 5689 ibid.
3538 5628 3628 5683 54.
