4134 6480
467 431 604 485 ίῖὸῚ

1134 425 1399 484 EUSEBII
1437 425 1915 481 CxESARIENSIS
1953 424 2102 481 OPP.
2146 425 2326 480 PARS
2366 427 2450 482 IV.
2490 457 2556 466 —
2597 423 3020 482 DOGMATICA.

3577 423 3717 478 H38

473 530 672 613 fuerit;
703 547 790 617 qui
837 546 1138 616 ingreditur
1176 560 1328 600 suam
1365 544 1814 615 glorificationem
1848 552 1903 598 et
1935 544 2039 597 vir~
2069 551 2117 606 Α
2143 545 2282 613 aequi
2329 544 2552 610 judicii;
2604 543 3044 612 concupiscentia
3088 550 3270 598 autem
3308 556 3530 598 caenosa
3567 545 3716 613 turpi

467 647 637 692 tutem
684 637 862 691 crucis
906 637 958 690 in
993 636 1169 692 fronte
1201 651 1304 690 non
1355 636 1680 700 ostenderit,
1729 637 1832 689 iste
1875 636 2037 690 etiam

467 730 585 783 sine
629 739 899 783 tormento
941 730 1156 798 negabit
1199 738 1252 782 et
1289 727 1642 782 sacrificahit.
1677 727 1811 792 Quis
1851 736 2036 780 autem

463 831 519 876 et
563 819 700 874 alius
754 820 971 889 negabit
1025 820 1340 874 Christum?
1385 819 1517 873 Cum
1567 820 1763 888 aliquis
1806 827 2034 872 vocatus

465 911 628 967 fuerit
660 913 726 966 ad
750 927 960 967 comam
1003 913 1304 981 gentilium,
1342 923 1396 966 et
1427 912 1728 981 porrexerit
1760 925 1775 967 :
1809 910 2037 964 necdum

465 1005 608 1058 enim
647 1004 749 1060 hoc
779 1013 863 1060 est
901 1005 1266 1075 prohibitum;
1312 1005 1495 1057 vinum
1541 1011 1719 1058 autem
1773 1001 1969 1056 viderit
2009 1015 2036 1052 a

465 1104 713 1150 omnante
765 1097 818 1149 in
866 1104 1072 1149 terram
1124 1094 1324 1149 effundi
1379 1104 1432 1148 et
1462 1095 1660 1158 libari,
1709 1101 1763 1147 et
1813 1106 2040 1146 accenso

465 1187 800 1257 blasphemio
830 1187 896 1240 ab
928 1185 1013 1240 his
1041 1185 1135 1255 qui
1163 1200 1224 1239 ea
1257 1200 1377 1254 qua:
1410 1192 1538 1239 sunt
1575 1182 1788 1237 Domini
1830 1182 2040 1251 ingrate

469 1280 835 1340 manducant,
869 1277 1135 1345 coeperint
1173 1274 1552 1342 blasphemare
1589 1273 1640 1325 in
1687 1270 1854 1325 Deum
1904 1287 1918 1324 :
1953 1269 2041 1324 ille

466 1378 643 1424 autem
673 1377 730 1420 ut
758 1367 1004 1421 Herodes
1042 1375 1261 1436 propter
1285 1365 1686 1418 discumbentes
1713 1361 1877 1416 fuerit
1905 1376 2036 1415 con-

466 1457 617 1512 fusus
662 1466 716 1511 et
765 1456 1018 1520 tacuerit,
1077 1471 1182 1508 non
1239 1469 1445 1522 ponens
1498 1463 1623 1507 ante
1670 1452 1856 1506 oculos
1915 1465 2040 1504 suos

467 1550 788 1612 Christum,
836 1557 994 1616 negat
1047 1545 1290 1615 profecto
1336 1561 1493 1611 quem
1549 1560 1650 1597 non
1705 1539 2040 1610 reSpondens

466 1637 775 1693 confitetur.
814 1636 878 1689 Et
920 1637 1039 1688 ideo
1084 1636 1210 1689 dicit
1243 1635 1500 1688 Dominus
1540 1653 1552 1686 :
1591 1633 1898 1702 Quicunque
1945 1647 2036 1684 ne-

466 1726 666 1796 gaverit
694 1742 776 1779 me
797 1739 976 1777 coram
1002 1723 1304 1776 hominibus
1329 1761 1343 1784 ,
1369 1721 1566 1790 negabo
1593 1730 1640 1772 et
1665 1735 1756 1788 ego
1780 1734 1895 1771 eum
1921 1725 2039 1769 ante

468 1816 684 1871 Patrem
709 1833 876 1870 meum
908 1817 998 1883 qui
1041 1827 1111 1869 est
1139 1817 1191 1867 in
1219 1815 1382 1868 caelis.
1409 1813 1575 1882 Negat
1599 1813 1740 1866 enim
1770 1825 1893 1864 eum
1920 1825 2038 1863 om-

2142 643 2318 689 meatu
2358 634 2626 706 jurgetur,
2675 645 2730 689 et
2779 634 3004 700 incipiat
3058 649 3349 704 suggerere
3395 643 3448 689 et
3504 635 3710 698 dicere,

2140 725 2365 793 Quando
2406 727 2510 780 erit
2536 723 2834 794 judicium?
2873 724 3094 792 quando
3142 725 3376 778 futurum
3423 724 3545 778 est?
3587 741 3717 778 num

2139 819 2245 872 hoc
2275 819 2512 887 pertinet
2556 818 2623 872 ad
2667 816 2875 870 Deum?
2919 816 3024 870 lste
3061 815 3275 883 reliquit
3315 816 3535 882 crelum,
3565 828 3617 870 et
3652 833 3715 869 ea

2139 924 2260 979 quae
2289 909 2430 963 circa
2461 923 2547 963 me
2578 917 2707 961 sunt
2736 908 2918 962 videt?
2956 905 3210 978 Suggerit
3239 908 3382 961 enim
3427 908 3552 961 talia
3583 923 3718 962 con-

2141 1001 2473 1071 cupiscentia
2515 1018 2530 1057 :
2583 1001 2675 1072 qui
2728 1003 2910 1071 igitur
2945 1001 3291 1055 consentiunt
3343 1000 3467 1065 his,
3521 1011 3721 1072 negant

2140 1092 2330 1149 Deum.
2371 1093 2507 1158 Quid
2563 1103 2742 1148 autem
2792 1093 2846 1147 hi
2899 1094 2989 1163 qui
3034 1093 3362 1162 perjurant?
3402 1091 3517 1147 Non
3571 1095 3718 1147 enim

2141 1193 2348 1238 tantum
2368 1192 2591 1254 peccant
2611 1183 2661 1237 in
2689 1184 2960 1238 hominem
2979 1198 3134 1252 quem
3156 1193 3435 1252 spernunt,
3461 1193 3718 1253 quantum

2142 1276 2195 1330 in
2227 1275 2393 1330 Deum
2423 1291 2581 1345 quem
2614 1284 2971 1330 contemnunt
3006 1293 3018 1328 :
3047 1277 3137 1344 qui
3169 1267 3310 1329 e'nim
3350 1275 3720 1343 juramentum

2141 1369 2459 1434 contemnit,
2499 1369 2664 1422 Deum
2689 1377 2868 1437 negat.
2898 1367 3053 1422 Unde
3081 1376 3135 1422 et
3159 1381 3387 1436 parcens
3419 1367 3574 1420 nobis
3598 1366 3722 1419 Sal—

2143 1469 2316 1526 vator,
2346 1461 2409 1514 de
2436 1459 2557 1514 aliis
2605 1460 2816 1529 quidem
2847 1461 3083 1526 mandat,
3118 1468 3375 1529 quantum
3407 1468 3462 1512 et
3495 1458 3717 1512 deberet

2142 1553 2417 1605 mandare.
2458 1552 2536 1604 Ad
2559 1549 2920 1618 juramenlum
2951 1549 3169 1604 veniens
3187 1551 3256 1603 ob
3281 1547 3489 1602 facilem
3519 1548 3716 1618 lingua:

2142 1643 2370 1712 lapsum,
2401 1657 2505 1696 non
2535 1641 2688 1703 dixit,
2713 1641 2850 1696 Vere
2870 1641 3070 1709 jurate.
3101 1639 3194 1694 sed
3221 1639 3276 1694 in
3304 1649 3473 1695 totum
3499 1641 3594 1702 ait,
3617 1639 3719 1692 Ju-

2141 1751 2260 1788 rare
2289 1735 2489 1799 nolite;
2525 1748 2591 1802 ne
2636 1733 2773 1787 forte
2823 1733 3002 1802 lingua
3031 1733 3332 1786 assuefacta
3363 1745 3490 1785 vere
3513 1729 3719 1798 jurare,

2142 1827 2209 1878 ob
2248 1825 2458 1879 facilem
2510 1825 2722 1892 lapsum
2774 1825 2855 1876 sui
2903 1825 3167 1878 oberrans
3211 1821 3622 1892 periclitaretur,
3665 1829 3723 1875 et

468 1908 552 1963 nis
583 1908 892 1977 quicunque
927 1905 1162 1958 audierit
1199 1903 1645 1970 blasphemantes
1677 1910 1730 1955 et
1766 1900 2036 1954 tacuerit:

2146 1915 2595 1984 irreligiositatem
2632 1915 2952 1968 incurreret.
2995 1912 3308 1966 Certamina
3341 1912 3503 1979 igitur
3543 1911 3724 1980 quoti-

467 2006 629 2066 negat
657 1997 833 2050 onmis
864 1995 1174 2064 quicunque
1219 1995 1453 2047 audierit
1500 2007 1718 2047 crucem
1739 2031 1755 2056 ,
1787 1999 1842 2044 et
1872 1992 2037 2058 depo-

468 2088 640 2142 suerit
687 2086 906 2140 oculum
957 2101 1111 2140 suum
1145 2087 1524 2139 erubescens:
1577 2085 1668 2151 qui
1716 2083 1934 2144 dicunt,
1970 2080 2038 2134 ad

470 2192 607 2245 quos
641 2176 827 2231 dicunt
861 2190 892 2229 a
937 2174 1250 2245 parentibus
1285 2175 1491 2243 accepi,
1528 2181 1784 2240 tanquam
1827 2169 2041 2240 propel-

469 2269 639 2322 lentes
686 2283 716 2321 a
758 2282 818 2322 se
861 2267 1080 2330 bonum,
1117 2277 1174 2321 et
1224 2276 1282 2319 ut
1331 2267 1382 2319 in
1435 2265 1632 2318 malam
1671 2263 2039 2318 haareditatem

469 2361 802 2425 incidentes;
855 2359 946 2428 qui
992 2367 1285 2412 occurrunt
1335 2356 1652 2426 quibusdam
1700 2353 2041 2408 venientibus

468 2453 535 2507 ad
561 2450 878 2516 Ecclesium,
913 2458 969 2503 et
1003 2450 1271 2519 trepidant
1305 2449 1550 2518 pedibus,
1577 2446 1703 2516 quia
1732 2453 1786 2499 et
1829 2453 2038 2510 mente;

468 2543 560 2610 qui
597 2541 881 2611 ,occultant
927 2540 1197 2610 jejunium
1241 2547 1494 2608 tanquam
1541 2540 1608 2591 ad
1655 2535 2035 2605 opprobrium;

467 2634 561 2702 qui
593 2631 998 2688 confunduntur
1038 2631 1190 2686 exire
1235 2630 1303 2684 ad
1345 2637 1633 2699 martyres,
1671 2628 1794 2696 quia
1847 2626 2038 2680 audie-

467 2734 594 2779 runt
641 2724 899 2792 quosdam
955 2722 1197 2776 dicentes
1253 2720 1374 2785 sibi,
1429 2720 1724 2774 debuerant
1779 2717 2035 2786 adjuvare

467 2825 734 2886 martyres
767 2814 1014 2869 Christi:
1057 2813 1147 2881 qui
1190 2811 1379 2865 nolunt
1425 2810 1640 2864 irrideri
1685 2811 1750 2862 ah
1803 2809 2038 2861 homini-

469 2908 592 2970 bus,
640 2906 969 2960 sustinentes
1015 2911 1202 2972 utpote
1249 2901 1376 2954 illud
1408 2899 1548 2968 quod
1598 2897 1979 2977 ait.proplieta
2016 2913 2030 2949 :

472 2996 575 3061 Qui
603 2996 798 3048 habitat
843 2997 897 3046 in
940 2994 1082 3046 cmlis
1126 2992 1363 3044 irridebit
1393 3007 1478 3044 eos
1504 2989 1568 3043 ³⁷.
1597 2991 1822 3058 Semper
1851 3003 2034 3057 perse-

466 3088 614 3140 cutio
648 3094 751 3151 est,
795 3099 1008 3152 semper
1042 3081 1312 3136 invisibile
1351 3081 1549 3134 bellum
1590 3080 1839 3145 habetur,
1894 3095 2036 3132 sem-

466 3192 567 3246 per
605 3190 840 3238 coronae,
880 3190 1095 3242 semper
1143 3173 1450 3242 abnegatio.
1494 3171 1666 3226 Vultis
1700 3171 1888 3225 videre
1922 3185 2039 3224 cer-

2144 2008 2302 2061 diaua
2328 2018 2451 2060 sunt
2475 2009 2599 2070 ista,
2630 2021 2749 2076 qua:
2777 2021 2876 2074 per
2907 2006 3023 2060 dies
3067 2021 3129 2058 ac
3155 2014 3339 2059 noctes
3369 2015 3493 2059 sunt
3525 2005 3720 2060 nobis:

2141 2097 2485 2167 pulchritudo
2511 2098 2652 2151 enim
2686 2097 2960 2166 proposita
2985 2105 3066 2150 est
3090 2097 3351 2161 mulieris,
3379 2106 3433 2151 et
3461 2097 3724 2168 effulgens

2144 2185 2340 2257 effigies
2365 2187 2511 2242 Jesu.
2573 2187 2640 2242 Et
2702 2189 2791 2242 ille
2839 2190 3056 2258 quidem
3094 2191 3340 2244 deorsum
3397 2189 3629 2258 inspexit
3670 2200 3724 2243 et

2143 2277 2314 2346 perit;
2369 2277 2505 2331 alius
2539 2289 2712 2333 autem
2743 2294 2956 2334 sursum
2989 2281 3255 2350 respexit,
3286 2289 3339 2335 et
3363 2289 3672 2349 assumptus
3705 2299 3718 2333 :

2143 2367 2234 2423 ubi
2278 2370 2420 2423 enim
2456 2385 2570 2435 cor,
2604 2370 2712 2425 illic
2763 2382 2817 2425 et
2846 2373 3034 2427 oculus
3087 2374 3336 2428 habetur.
3370 2371 3717 2440 Propositum

2143 2470 2225 2515 est
2255 2476 2383 2516 sane
2421 2472 2475 2516 et
2502 2478 2694 2517 aurum
2728 2473 2782 2517 et
2808 2462 2987 2531 Jesus,
3021 2474 3072 2518 et
3117 2481 3221 2518 non
3250 2474 3332 2519 est
3359 2465 3575 2534 quidem
3602 2479 3723 2534 pro-

2141 2548 2338 2617 positio
2394 2553 2637 2618 azqualis.
2704 2549 2847 2616 Quid
2909 2563 3111 2615 autem,
3178 2553 3304 2622 quia
3366 2568 3469 2606 nec
3531 2554 3722 2622 aequali

2144 2641 2364 2706 utimur,
2423 2643 2516 2695 sed
2565 2642 2881 2698 deeliviores
2921 2642 3184 2698 efﬁcimur
3250 2645 3314 2697 ad
3379 2644 3614 2710 minora,
3672 2654 3723 2698 et

2143 2731 2276 2784 adeo
2304 2731 2614 2786 fraudamur
2648 2735 2717 2788 ob
2769 2749 2832 2788 ea
2861 2749 2980 2804 quae
3032 2751 3136 2788 non
3165 2735 3370 2789 vivunt.
3399 2735 3456 2788 In
3489 2750 3723 2804 unoquo-

2142 2837 2246 2891 que
2303 2825 2463 2895 igitur
2518 2826 2817 2880 istiusmodi
2877 2836 2998 2881 actu
3035 2827 3330 2881 certamina
3371 2835 3497 2882 sunt
3527 2828 3721 2895 posita,

2142 2921 2196 2967 et
2258 2921 2551 2969 certamina
2613 2917 2927 2984 domestica,
3000 2917 3124 2986 quia
3188 2918 3254 2970 ab
3319 2916 3464 2970 intus
3530 2915 3720 2970 mulier

2143 3005 2369 3071 videtur,
2405 3017 2458 3061 et
2504 3008 2843 3077 pulchritudo
2895 3023 2961 3062 ex
3007 3009 3446 3077 concupiscentia
3495 3007 3717 3062 exarde-

2143 3097 2264 3160 scit,
2311 3107 2365 3150 et
2397 3112 2494 3150 nos
2544 3109 2818 3167 provocat,
2867 3108 2920 3153 et
2966 3098 3190 3152 ambitio
3221 3098 3473 3162 delectat,
3519 3108 3572 3153 et
3599 3113 3713 3152 ser-

2147 3204 2236 3242 mo
2290 3192 2554 3254 hortatur,
2609 3201 2660 3243 et
2709 3189 2774 3244 lis
2819 3200 2873 3244 et
2917 3189 3227 3244 colluCtatio
3276 3205 3342 3244 ex
3394 3191 3507 3244 rixa
3559 3189 3715 3245 elfici-

472 3267 673 3320 tamina
727 3264 1134 3335 religiositatis?
1181 3262 1574 3331 Nonnunquam
1635 3261 1885 3315 efferbuit
1923 3261 2044 3330 quis
2072 3266 2112 3324 C
2148 3290 2256 3343 um
2303 3291 2358 3334 ει
2386 3295 2490 3334 non
2519 3281 2780 3335 adversus
2831 3284 3148 3352 sanguine",
3178 3283 3378 3352 quippe
3409 3291 3718 3344 “carnem,

465 3358 547 3415 ira
585 3359 871 3413 adversum
920 3358 1193 3412 subditum
1231 3356 1366 3420 sibi;
1422 3366 1816 3409 rememoratus
1855 3363 2036 3406 autem

467 3451 700 3514 Domini,
733 3451 980 3518 deposuit
1009 3441 1360 3502 acerbitatem
1405 3465 1418 3499 :
1455 3445 1607 3515 pejus
1635 3447 1776 3499 enim
1813 3455 1894 3500 est
1925 3444 2037 3499 fer—

465 3544 583 3599 vori
637 3545 871 3597 incensa:
927 3541 1018 3596 ira:
1072 3541 1348 3603 resistere,
1398 3555 1561 3606 quam
1609 3537 1838 3591 flammze
1892 3538 2032 3605 ignis

465 3649 584 3704 qua:
611 3648 641 3686 a
684 3631 814 3686 foris
861 3629 1110 3685 habetur.
1151 3628 1284 3694 Quia
1335 3627 1497 3696 igitur
1550 3636 1754 3696 martyr
1804 3635 1886 3679 est
1924 3627 2020 3694 qui

466 3736 681 3796 propter
741 3723 910 3777 Deum
961 3725 1029 3775 ad
1081 3721 1406 3775 exteriorem
1453 3717 1726 3772 flammam
1769 3717 1973 3772 resistit
2007 3731 2034 3768 ,τ

468 3843 674 3902 martyr
711 3839 767 3885 et
795 3829 948 3883 valde
975 3839 1205 3897 martyr,
1246 3827 1337 3896 qui
1372 3827 1666 3896 exstinguit
1690 3826 1917 3881 interius
1955 3825 2037 3880 in-

464 3924 714 3977 cendiqu
746 3921 960 3975 invidiae
986 3929 1202 3989 propter
1230 3919 1509 3972 Dominum
1536 3916 1754 3984 Jesum;
1786 3933 2036 3972 nonnun-

466 4030 627 4083 quam
666 4013 810 4067 enitn
856 4012 1068 4066 videtur
1097 4011 1299 4079 aliquid
1332 4011 1533 4064 bonum
1585 4020 1675 4064 aut
1716 4011 1936 4077 malum,
1982 4021 2036 4066 et

465 4107 710 4175 exsurgit
749 4105 970 4168 invidia,
1004 4118 1056 4158 et
1087 4117 1245 4157 nemo
1285 4103 1463 4168 videt;
1513 4103 1684 4157 latent
1729 4104 1873 4158 enim
1919 4118 2038 4172 quae

467 4199 613 4251 intus
639 4205 786 4251 sunt.
830 4195 967 4262 Quia
999 4204 1177 4248 autem
1215 4203 1444 4248 testatur
1477 4195 1617 4248 Deus
1641 4195 1927 4248 adversum
1954 4195 2037 4248 in-

467 4289 664 4344 vidiam
715 4290 782 4342 ad
835 4288 982 4342 illum
1031 4287 1361 4356 respiciens,
1409 4287 1548 4340 sicut
1585 4285 1890 4357 Joses(88')
1926 4302 2033 4341 non

467 4381 687 4436 vidente
747 4381 971 4434 Domino
999 4379 1108 4451 (89)
1148 4381 1239 4449 qui
1263 4388 1381 4434 erat
1412 4381 1462 4432 in
1490 4387 1656 4442 terra,
1687 4381 1753 4432 ad
1795 4380 2039 4433 invisibi-

466 4472 570 4527 lem
600 4472 871 4542 respexit,
907 4481 962 4525 et
1001 4473 1304 4526 mercedem
1346 4471 1605 4542 propositi
1640 4473 1892 4536 sumpsit.
1926 4469 2035 4526 lte-

467 4578 585 4619 rum
620 4565 711 4634 qui
746 4562 986 4618 refrenat
1036 4562 1292 4617 invidiam
1341 4573 1548 4633 martyr
1584 4563 1816 4629 exsistit,
1864 4571 1918 4617 et
1944 4563 2034 4632 qui

467 4654 748 4710 alacritate
771 4655 1096 4724 iudicaverit
1126 4653 1264 4712 male
1293 4654 1360 4708 de
1400 4655 1565 4708 fratre
1609 4653 1774 4722 loqui,
1805 4664 1858 4708 et
1885 4670 2023 4709 mea-

469 4753 581 4798 tum
625 4758 794 4812 usque
834 4745 900 4797 ad
951 4743 1188 4812 linguam
1222 4743 1529 4812 protulerit,
1570 4760 1630 4801 os
1665 4755 1844 4801 autem
1877 4761 2035 4800 suum

469 4841 692 4903 propter
724 4832 816 4886 Dei
851 4833 1097 4888 timorem
1144 4850 1251 4889 non
1291 4838 1587 4905 aperuerit,
1639 4838 1746 4893 iste
1785 4839 2036 4893 invisibi-

470 4926 593 4980 liter
621 4924 916 4979 confitetur
956 4924 1149 4982 Deum.
1181 4927 1249 4980 Et
1291 4930 1377 4981 cui
1415 4929 1623 4983 licitum
1673 4939 1757 4984 est
1784 4929 2040 4985 fraudare

467 5028 521 5074 et
550 5031 655 5072 non
689 5016 938 5083 fraudat;
966 5025 1020 5070 et
1047 5017 1133 5071 cui
1167 5017 1373 5072 licitum
1403 5031 1486 5075 est
1518 5021 1688 5076 furari
1733 5021 2038 5092 conjugium

466 5108 738 5174 alienum,
793 5116 850 5164 et
898 5107 1074 5178 parcit
1123 5107 1176 5161 in
1229 5111 1482 5166 omnibus
1537 5111 1623 5166 his
1678 5111 2040 5181 quae'oculus

467 5199 736 5255 sensibilis
787 5215 892 5254 non
950 5200 1134 5267 videt,
1187 5198 1472 5255 invisibilis
1529 5215 1711 5256 autem
1765 5203 2034 5268 intuetur,

468 5292 729 5362 martyria
747 5303 804 5345 et
820 5291 1192 5347 confessiones
1213 5292 1500 5348 habentur.
1518 5291 1728 5364 Negant
1755 5305 1934 5348 autem
1977 5305 2036 5346 re

467 5386 582 5455 ipsa
625 5394 679 5440 et
718 5399 880 5453 opere
914 5385 1012 5451 illi,
1045 5401 1182 5455 quos
1221 5401 1345 5441 cum
1381 5387 1616 5442 tenuerit
1652 5388 2038 5456 concupiscen-

469 5479 576 5544 tia,
631 5487 685 5532 et
734 5487 854 5547 post
922 5479 1036 5534 lucc
1099 5480 1310 5537 venerit
1382 5479 1676 5548 Scriptura:
1738 5479 2038 5543 memoria,

2067 4622 2116 4680 D

2147 3375 2241 3428 sed
2269 3374 2552 3429 adversum
2593 3375 2889 3430 invisibiles
2926 3374 3179 3430 inimicos
3211 3375 3558 3430 invisibiliter
3575 3383 3634 3429 et
3670 3375 3722 3428 in

2147 3463 2232 3518 his
2271 3464 2525 3518 omnibus
2555 3465 2853 3519 certamina
2886 3475 3011 3518 sunt
3058 3473 3113 3518 et
3141 3479 3362 3534 agones.
3420 3463 3555 3519 Cum
3581 3462 3718 3532 jeju-

2147 3557 2292 3611 nium
2325 3567 2378 3612 et
2401 3571 2526 3610 esca
2555 3559 2891 3627 proponitur,
2921 3573 3042 3610 cum
3067 3558 3184 3611 sitis
3213 3567 3266 3611 et
3289 3556 3576 3625 jejunium,
3601 3571 3724 3611 cum

2145 3652 2397 3719 pudicitia
2430 3661 2487 3706 et
2532 3650 2718 3713 libido,
2767 3665 2886 3704 cum
2937 3649 3180 3705 Ecclesia
3221 3661 3278 3705 et
3329 3652 3562 3714 theatra,
3603 3664 3724 3702 eum

2145 3743 2258 3796 dies
2283 3743 2488 3797 Domini
2507 3755 2561 3797 et
2585 3743 2698 3798 dies
2726 3743 3128 3809 daemoniorum,
3156 3759 3277 3797 cum
3299 3741 3519 3798 affectus
3535 3740 3600 3794 ad
3623 3743 3724 3795 ho~

2145 3837 2316 3890 mines
2345 3844 2398 3889 et
2428 3835 2664 3890 charitas
2690 3836 2756 3890 ad
2788 3837 2976 3890 Deum.
3011 3835 3077 3889 Et
3116 3836 3168 3889 in
3195 3835 3282 3889 his
3316 3834 3568 3889 omnibus
3600 3832 3725 3901 qui-

2145 3928 2269 3982 dam
2303 3929 2517 3996 quidem
2555 3937 2778 3997 negant,
2826 3928 3043 3997 quidam
3071 3938 3248 3982 autem
3283 3925 3642 3990 confitentur;
3670 3934 3724 3980 et

2147 4021 2514 4090 unusquisque
2547 4020 2648 4075 sibi
2686 4027 2949 4089 procurat
2982 4019 3178 4073 bonum
3215 4026 3308 4072 aut
3335 4017 3558 4082 malum,
3578 4015 3724 4085 judi-

2145 4111 2290 4166 cium
2323 4119 2414 4164 aut
2470 4111 2733 4180 requiem,
2765 4111 3065 4180 gehennam
3113 4116 3206 4162 aut
3240 4123 3404 4178 regna
3442 4110 3724 4162 caelorum.

2145 4201 2284 4268 Quid
2316 4213 2493 4257 autem
2537 4203 2589 4256 hi
2649 4203 2738 4271 qui
2777 4203 3096 4268 sortiuntur,
3149 4203 3240 4270 qui
3270 4202 3336 4255 ad
3367 4210 3518 4255 vates
3554 4201 3724 4254 idolo-

2143 4312 2260 4351 rum
2290 4295 2558 4364 pergunt?
2596 4294 2687 4348 Isti
2726 4294 2936 4348 occulte
2970 4293 3279 4348 sacrificant
3327 4292 3501 4352 idolis,
3539 4299 3594 4346 et
3626 4306 3723 4345 ne-

2145 4394 2273 4456 gant
2297 4385 2492 4440 Deum.
2536 4384 2672 4452 Quid
2715 4384 2768 4438 hi
2823 4385 2915 4454 qui
2944 4386 3172 4438 credunt
3209 4384 3336 4452 quia
3363 4398 3394 4437 a
3441 4382 3611 4437 stellis
3644 4383 3724 4435 eis

2144 4479 2282 4533 mala
2317 4478 2664 4548 proveniunt,
2719 4487 2774 4531 et
2825 4476 2994 4530 fatum
3036 4490 3157 4531 esse
3184 4474 3466 4529 fatentur?
3497 4473 3632 4539 Quid
3669 4473 3720 4527 lii

2144 4570 2234 4638 qui
2259 4570 2634 4638 auspicantur,
2663 4570 2753 4635 qui
2787 4567 2904 4621 dies
2925 4574 2981 4619 et
3010 4578 3169 4619 voces
3193 4575 3247 4619 et
3267 4577 3460 4633 passus
3488 4563 3722 4616 vitantes

2143 4659 2488 4714 custodiunt?
2517 4660 2622 4711 Aut
2649 4671 2753 4710 non
2800 4656 2968 4725 plena:
2998 4664 3124 4708 sunt
3158 4655 3242 4708 his
3272 4667 3461 4707 omnes
3488 4650 3721 4704 maxime

2146 4751 2400 4804 mulieres
2428 4749 2782 4804 observantes
2828 4745 2989 4800 talia?
3039 4744 3173 4812 Quis
3205 4744 3418 4798 locutus
3455 4740 3575 4795 est?
3600 4739 3721 4807 quis

2137 4860 2233 4916 per
2278 4857 2438 4898 nares
2469 4840 2720 4910 spiritum
2770 4838 3032 4910 protulit?
3061 4837 3181 4906 quis
3229 4844 3409 4889 motus
3448 4832 3568 4886 est?
3599 4843 3719 4899 qua;

2136 4937 2251 4992 avis
2284 4933 2505 4998 volavit,
2541 4944 2597 4986 et
2647 4932 2812 4997 unde,
2869 4939 2963 4984 aut
2989 4930 3282 4999 quomodo,
3331 4934 3424 4979 aut
3449 4920 3720 4993 qualiter?

2135 5028 2260 5098 quis
2290 5024 2559 5080 ululavit-‘1
2611 5023 2788 5079 Canes
2841 5022 3102 5076 debemus
3147 5019 3427 5074 recludere
3467 5015 3618 5079 tales,
3651 5026 3720 5067 ne

2135 5119 2431 5187 procedant
2460 5129 2490 5169 e
2520 5114 2790 5169 domibus.
2817 5111 2961 5167 Fieri
2985 5111 3127 5165 enim
3155 5123 3260 5162 non
3291 5114 3488 5176 potest,
3527 5115 3586 5158 ut
3611 5120 3720 5157 non

2138 5207 2341 5278 aliquid
2373 5206 2480 5260 tale
2507 5212 2779 5260 occurrat.
2812 5201 3183 5271 Vosmetipsos
3221 5197 3467 5266 probate,
3495 5205 3550 5250 et
3579 5195 3721 5248 vide-

2132 5299 2262 5354 bitis
2296 5299 2506 5368 quoties
2534 5297 2600 5350 ad
2640 5293 2947 5350 istiusmodi
2987 5289 3240 5347 certastis
3287 5287 3548 5358 auspicia,
3577 5299 3714 5354 quo-

2137 5389 2237 5443 ties
2271 5397 2412 5442 mota
2447 5397 2534 5443 est
2563 5383 3024 5454 concupiscentia,
3069 5382 3164 5435 sed
3195 5387 3249 5434 et
3269 5377 3530 5433 memoria
3560 5375 3656 5430 Dei
3695 5391 3709 5426 :

2137 5491 2192 5536 et
2216 5489 2335 5534 erat
2359 5489 2657 5544 certamen,
2683 5487 2736 5532 et
2759 5476 3052 5541 contentio,
3077 5481 3131 5528 et
3151 5485 3361 5526 cursus.
3397 5469 3462 5523 Et
3487 5468 3625 5523 sicut
3656 5466 3709 5519 in

469 5569 593 5638 quia
648 5579 734 5624 est
785 5571 927 5627 Deus
978 5573 1067 5644 qui
1122 5574 1269 5629 videt
1309 5579 1363 5628 et
1410 5572 1640 5643 judicat,
1677 5582 1726 5628 et
1785 5572 1909 5643 quia
1961 5578 2044 5627 est
2139 5569 2409 5641 palaestris
2439 5568 2580 5624 alius
2609 5565 2903 5637 aliquando
2956 5563 3205 5634 superior
3233 5558 3460 5616 efficitur
3503 5557 3629 5623 alio,
3655 5566 3712 5612 et

535 5705 578 5735 ³⁷
603 5703 748 5759 Psal.
775 5721 837 5772 ιι,
867 5707 915 5761 4.

536 5859 672 5930 (88')
719 5860 889 5916 loses.
921 5861 1102 5931 Forte,
1140 5863 1330 5918 Moses.

2199 5859 2310 5929 (89)
2341 5856 2442 5912 Ms.
2468 5856 2599 5910 sicut
2628 5851 2821 5923 Ioseph
2848 5867 2948 5907 non
2977 5851 3170 5905 ridente
3193 5846 3436 5900 Domino.
