4134 6402
375 396 513 450 1189

1430 384 1515 437 DE
1556 379 1896 437 OPERIBUS
1936 377 2135 431 BONlS
2173 375 2261 429 ET
2301 376 2529 431 MALIS.

3491 384 3631 438 H90

376 512 663 583 aliquando
686 508 907 565 inferior
932 505 1098 574 iacet,
1126 514 1177 558 et
1208 505 1260 557 in
1290 503 1403 571 ipsa
1434 500 1823 557 colluctatione
1846 497 1955 551 fre-
1985 500 2030 557 Α
2060 496 2145 549 nia
2215 494 2547 563 dispendium
2596 492 2996 547 obumbratum.
3055 493 3153 548 Ubi
3209 504 3292 550 est
3343 496 3635 553 hesternos

374 614 601 676 quenter
646 600 929 657 conversio
984 608 1066 653 est
1110 597 1281 660 facta;
1336 598 1405 648 ita
1437 604 1491 647 et
1527 608 1720 648 sensus
1755 591 1950 659 saepius

376 711 499 751 cum
528 692 964 760 concupiscentia
994 689 1229 743 luctatus
1266 695 1350 740 est
1381 686 1433 738 in
1461 684 1692 747 lectulis,
1724 682 1776 736 in
1812 681 1949 745 foro,

380 785 431 840 in
461 784 642 848 domo,
679 783 731 835 itt
766 782 1013 843 theatris,
1047 780 1099 833 in
1144 777 1516 847 lupanaribus.
1560 775 1624 828 Et
1654 775 1768 829 haec
1821 772 1953 826 facit

380 890 499 945 quae
544 885 598 929 et
638 873 811 927 oculis
848 872 1088 925 videmus
1125 870 1452 923 visibiliter:
1489 868 1659 919 tenuit
1688 863 1950 932 concupi-

380 968 610 1030 scentia,
646 973 701 1017 et
736 961 937 1033 pepulit
968 978 1206 1025 sensum,
1241 971 1294 1013 et
1330 958 1529 1013 occidit
1569 956 1861 1025 cogitatus,
1897 962 1953 1008 et

380 1058 723 1129 superposuit
778 1071 838 1110 se
877 1056 1329 1123 concupiscentia.
1380 1054 1575 1107 lterum
1621 1058 1801 1103 autem
1846 1048 1949 1100 vim

380 1147 589 1203 faciens
633 1160 829 1199 sensus
873 1152 1150 1199 correctus
1205 1150 1302 1201 est,
1367 1150 1417 1194 et
1464 1139 1745 1207 superbior
1778 1136 1952 1189 factus

380 1248 487 1304 est,
519 1238 790 1309 superavit
823 1234 1145 1290 desiderium
1188 1232 1530 1287 libidinosum
1564 1245 1578 1282 :
1614 1230 1803 1282 horum
1836 1240 1953 1279 om-

382 1333 530 1386 nium
558 1330 987 1399 experimentum
1016 1326 1152 1393 apud
1180 1339 1277 1378 vos
1308 1332 1414 1378 est.
1447 1322 1611 1375 Scitis
1640 1320 1783 1373 enim
1813 1332 1952 1385 quo-

386 1420 487 1475 ties
537 1420 601 1473 ad
645 1418 1161 1488 concupiscentiam,
1193 1414 1402 1484 quoties
1443 1413 1509 1466 ad
1538 1411 1811 1465 libidinem
1837 1409 1953 1462 ille-

382 1514 454 1567 cti
488 1514 642 1575 estis,
671 1512 881 1581 quoties
912 1509 976 1561 ad
1005 1506 1312 1572 avaritiam,
1342 1504 1559 1574 quoties
1583 1502 1648 1557 ad
1680 1502 1948 1566 fraudem,

384 1605 595 1674 quoties
623 1604 688 1656 ad
725 1604 883 1667 iram,
918 1600 1127 1669 quoties
1163 1598 1228 1653 ad
1278 1596 1696 1663 indignationem
1733 1610 1747 1647 :
1784 1592 1951 1646 decli-

382 1696 467 1750 vis
487 1696 630 1750 enim
656 1711 782 1749 caro
815 1694 880 1747 ad
914 1694 1012 1745 ista
1038 1701 1120 1745 est
1150 1691 1299 1754 vitia,
1324 1700 1375 1744 et
1409 1689 1572 1759 ipsius
1595 1687 1775 1741 carnis
1807 1700 1953 1739 mea-

386 1795 491 1841 tus.
520 1786 697 1840 Vincit
738 1795 914 1840 autem
946 1785 1058 1837 haec
1086 1783 1353 1851 cogitatus
1380 1781 1681 1834 colluctatis
1712 1793 1807 1847 per
1840 1776 1951 1845 spi-

2057 586 2191 651 dies,
2249 596 2303 638 ut
2335 586 2409 638 sis
2448 584 2708 639 sollicitus
2756 584 2820 637 de
2874 585 3174 640 hodierno?
3209 588 3295 641 ubi
3353 600 3477 644 sunt
3514 606 3636 660 quae

2057 674 2172 728 heri
2221 675 2273 729 in
2327 685 2566 728 ventrem
2604 675 2764 726 missa
2816 684 2961 739 sunt,
3008 684 3066 729 ut
3120 677 3310 732 iterum
3364 696 3636 749 praepares

2056 766 2260 821 multa?
2286 765 2476 834 Figura
2510 774 2591 819 est
2616 780 2853 833 praesens
2882 768 3158 832 saeculum,
3190 779 3243 822 et
3271 785 3373 823 non
3399 774 3630 830 veritas:

2058 860 2263 911 umbrae
2306 857 2547 911 volantes
2592 867 2737 911 sunt.
2779 857 2916 923 Quid
2978 859 3216 915 velocius
3267 864 3379 917 sole
3436 865 3488 918 in
3526 881 3635 934 quo

2060 958 2401 1003 mensuratur
2431 948 2584 1001 vita?
2613 949 2893 1017 Evigilate,
2929 950 3069 1016 iusti,
3098 960 3151 1003 et
3191 952 3355 1005 nolite
3381 969 3627 1021 peccare.

2058 1042 2339 1095 Peccatum
2395 1048 2577 1094 autem
2624 1041 2851 1095 ellicitur
2890 1042 2959 1094 ob
3006 1044 3365 1111 ignorantiam
3400 1045 3513 1100 Dei.
3573 1047 3628 1099 Si

2057 1131 2201 1184 enim
2258 1130 2472 1199 agnitus
2506 1131 2673 1184 fuerit
2722 1131 2861 1185 Deus
2896 1133 2985 1202 qui
3020 1134 3200 1185 omnia
3246 1136 3502 1199 intuetur,
3542 1153 3629 1191 re-

2056 1222 2358 1289 percutitur
2389 1236 2550 1275 omne
2593 1232 2896 1289 peccatum.
2957 1226 3061 1277 Deo
3091 1226 3235 1278 enim
3274 1238 3537 1294 prmsente
3579 1240 3629 1283 et

2057 1314 2275 1367 vidente
2304 1313 2425 1381 quis
2450 1314 2579 1368 velit
2628 1313 2836 1367 furari?
2862 1314 2960 1381 Qui
2993 1326 3171 1370 autem
3204 1319 3443 1386 furatur,
3481 1323 3628 1389 prius

2060 1405 2522 1475 irreligiositatem
2556 1406 2811 1473 admittit,
2844 1416 2898 1461 et
2940 1409 3013 1461 ita
3063 1418 3241 1464 nocet.
3282 1411 3338 1466 Si
3370 1414 3513 1465 enim
3544 1430 3629 1468 co-

2057 1499 2282 1567 gitasset
2328 1499 2459 1553 Cain
2503 1500 2627 1568 quia
2659 1501 2804 1554 videt
2832 1503 2995 1564 Deus,
3041 1518 3312 1572 nunquam
3342 1504 3627 1557 occidisset

2056 1587 2210 1654 Abel,
2242 1604 2400 1657 quem
2445 1600 2501 1643 et
2532 1590 2821 1658 abnegavit
2868 1592 3110 1647 fratrem.
3140 1593 3196 1646 Si
3224 1594 3485 1648 vidissent
3519 1595 3627 1648 Eva

2058 1690 2113 1733 et
2156 1680 2325 1733 Adam
2356 1681 2542 1743 Deum,
2594 1696 2697 1734 non
2744 1683 3006 1736 vidissent
3068 1686 3336 1739 arborem.
3379 1684 3627 1752 Nunquid

2062 1786 2347 1839 possumus
2392 1773 2445 1826 in
2474 1774 2606 1828 duas
2630 1773 2794 1828 facies
2827 1775 2985 1828 simul
3025 1778 3194 1830 visum
3223 1778 3501 1831 intendere
3534 1794 3630 1830 no-

386 1879 571 1933 ritum.
604 1877 676 1930 Ita
716 1889 1099 1942 nonnunquam
1135 1874 1381 1925 videmus
1409 1885 1695 1941 pauperem
1726 1888 1738 1923 :
1775 1876 1831 1921 et
1858 1868 1954 1920 nti-
1988 1862 2029 1915 Β
2055 1876 2224 1917 strum
2249 1866 2272 1917 ?
2302 1865 2405 1920 Sed
2432 1882 2537 1921 non
2561 1867 2782 1935 suscipit
2804 1866 3009 1921 oculus.
3043 1866 3159 1921 Non
3199 1883 3478 1935 possumus
3501 1884 3629 1937 ergo

386 1969 676 2023 sericordia
712 1967 925 2034 quidem
973 1963 1163 2027 ﬂectit,
1196 1962 1419 2015 avaritia
1470 1971 1647 2014 autem
1700 1969 1951 2023 revocat;

386 2061 440 2107 et
466 2053 710 2108 volumus
726 2062 1079 2119 agnoscentes
1104 2066 1223 2104 cum
1249 2064 1414 2119 gener
1432 2059 1514 2103 est
1537 2049 1779 2103 misereri
1805 2049 1949 2119 (90);

389 2145 441 2199 id
472 2153 653 2197 autem
690 2145 833 2212 quod
881 2142 1113 2195 alienum
1144 2152 1228 2195 est
1261 2156 1365 2195 non
1396 2142 1543 2194 sinit.
1576 2141 1652 2194 lta
1678 2151 1953 2195 certamen

387 2242 469 2287 est
500 2234 789 2285 maximum
816 2233 865 2284 itt
897 2232 1195 2285 istiusmodi
1220 2230 1463 2295 actibus;
1497 2230 1561 2283 de
1594 2231 1702 2283 Deo
1730 2229 1873 2282 enim
1903 2236 1956 2282 et

390 2325 456 2379 de
488 2338 791 2379 mammona
846 2331 1115 2376 certamen
1155 2322 1403 2383 habetur,
1437 2320 1561 2387 quia
1602 2326 1656 2371 et
1700 2315 1957 2370 Dominus

390 2415 506 2485 ipse
535 2415 667 2469 dicit
698 2437 709 2470 :
754 2412 920 2467 Nemo
954 2423 1114 2480 potest
1161 2415 1360 2465 duobus
1406 2412 1631 2464 dominis
1663 2410 1851 2463 servire
1876 2408 1954 2474 '3;

389 2514 445 2562 et
474 2506 699 2576 opponit
733 2520 1093 2559 mammonam
1128 2504 1319 2557 anima:
1348 2502 1401 2554 in
1442 2502 1551 2555 Deo
1580 2501 1775 2555 viventi
1802 2519 1816 2565 ;
1850 2517 1956 2555 non

389 2597 515 2667 quia
543 2596 961 2651 commutatione
991 2596 1188 2663 aliqua,
1222 2594 1316 2648 sed
1346 2594 1468 2660 quia
1494 2594 1719 2647 eﬂlcitur
1740 2593 1791 2646 id
1815 2594 1957 2662 quod

391 2688 507 2743 ﬁeri
538 2704 643 2743 non
671 2688 906 2742 deberet.
940 2687 1078 2757 Ergo
1108 2695 1372 2755 martyres
1414 2685 1711 2739 eﬂiciamur
1750 2684 1863 2749 Dei,
1904 2693 1958 2739 et

393 2792 498 2831 non
529 2793 714 2847 parum
747 2791 993 2844 putemus
1015 2780 1153 2846 quod
1179 2778 1254 2829 ait
1284 2794 1297 2829 :
1322 2776 1621 2842 Couﬁtebor
1644 2784 1694 2828 et
1719 2790 1809 2843 ego
1839 2790 1958 2828 eum

389 2882 568 2920 coram
600 2867 757 2920 Patre
788 2883 897 2919 meo
928 2870 1015 2936 qui
1054 2881 1127 2921 est
1156 2868 1206 2920 in
1240 2866 1379 2919 rmlis
1404 2866 1469 2919 ”.
1522 2866 1626 2920 Ista
1664 2866 1807 2919 enim
1842 2880 1960 2934 qua:

396 2959 482 3013 hic
521 2970 665 3022 sunt,
694 2961 970 3014 nobiscum
1019 2977 1122 3013 non
1148 2970 1404 3028 pergent;
1448 2960 1492 3013 si
1525 2969 1703 3012 autem
1737 2959 1958 3024 vadunt,

394 3051 746 3105 convincatur
774 3066 987 3116 sermo;
1032 3067 1216 3105 verum
1250 3052 1409 3105 isthic
1442 3059 1689 3118 manent;
1721 3066 1838 3121 quae
1862 3065 1959 3103 au-

396 3150 502 3196 tem
549 3157 616 3195 ex
663 3143 790 3210 ipsis
841 3152 966 3196 sunt
1010 3154 1255 3212 peccata,
1305 3144 1580 3197 nobiscum
1607 3153 1659 3196 et
1712 3153 1837 3196 ante
1865 3157 1961 3197 nos

392 3242 639 3302 pergunt.
684 3234 821 3298 Quid
854 3235 920 3286 ad
953 3234 1147 3286 damna
1188 3234 1584 3303 properamus?
1618 3234 1873 3288 Venimus
1904 3233 1958 3287 in

394 3329 533 3379 hanc
564 3325 759 3388 vitam;
817 3334 1025 3377 utamur
1085 3324 1303 3376 lumine.
1341 3325 1476 3389 Quid
1537 3336 1713 3377 autem
1756 3326 1961 3390 prtebet

393 3414 571 3469 lumen
606 3417 687 3470 his
725 3417 816 3483 qui
854 3416 1053 3469 habent
1080 3414 1307 3467 oculos?
1360 3415 1743 3467 Discretionem
1778 3414 1960 3480 utique

394 3506 752 3576 negotiorum.
793 3506 847 3559 Si
875 3507 1003 3575 quid
1050 3506 1210 3575 igitur
1257 3507 1538 3559 honestum
1578 3515 1681 3569 est,
1728 3521 1847 3558 cum
1882 3505 1959 3559 fe-

394 3597 685 3651 stinatione
734 3605 981 3665 petatur;
1032 3613 1135 3650 non
1172 3597 1314 3651 enim
1364 3606 1422 3648 ut
1466 3595 1797 3662 decipiamus
1840 3610 1956 3659 vos,

393 3688 771 3759 praesidemus;
824 3705 928 3743 non
959 3693 1016 3742 ut
1053 3702 1312 3757 pauperes
1347 3702 1437 3739 vos
1466 3686 1746 3749 faciamus,
1774 3700 1958 3737 mone-

393 3792 535 3841 mus,
568 3779 662 3831 sed
692 3779 881 3832 divites
917 3777 1095 3846 potius
1145 3777 1197 3829 in
1227 3790 1390 3843 regno
1438 3774 1713 3828 caelorum.
1749 3772 1862 3826 Non
1902 3781 1961 3826 ut

394 3870 708 3937 dejiciamus
734 3884 927 3937 corpus
954 3878 1188 3924 vestrum
1213 3868 1451 3937 jejuniis,
1477 3867 1570 3920 sed
1599 3875 1658 3920 ut
1676 3865 1962 3919 induamus

395 3974 492 4014 vos
520 3960 961 4026 immortalitate;
1000 3974 1104 4012 non
1141 3968 1197 4011 ιιι
1229 3958 1541 4012 occidamus
1584 3956 1637 4009 in
1674 3956 1958 4025 martyrio,

394 4054 492 4105 sed
542 4042 600 4105 (tt
649 4066 751 4104 non
780 4052 932 4107 ,eatis
971 4052 1023 4105 in
1061 4052 1355 4120 gehennam
1406 4063 1632 4117 corpore
1660 4057 1715 4102 et
1759 4050 1960 4100 anima.

397 4138 512 4195 Non
538 4156 723 4196 sumus
758 4142 920 4210 igitur
948 4141 1149 4194 inimici
1186 4140 1383 4205 vestri;
1417 4154 1520 4193 non
1548 4141 1690 4193 enim
1722 4148 1781 4192 ut
1815 4138 1965 4192 frau-

398 4232 590 4286 demus
619 4246 713 4286 vos
741 4232 981 4299 patribus
1013 4242 1069 4285 et
1097 4231 1284 4284 amicis
1321 4233 1433 4285 haec
1464 4231 1752 4299 loquimur,
1786 4232 1881 4285 sed
1906 4239 1963 4285 ut

399 4338 507 4377 non
536 4324 838 4377 excidatisa
870 4324 975 4377 Deo
997 4322 1175 4385 Patre,
1208 4323 1488 4376 lucremini
1521 4331 1701 4375 autem
1729 4330 1963 4376 vosmet-

401 4415 545 4484 ipsos
573 4433 586 4469 :
621 4415 722 4469 hoc
761 4416 903 4469 enim
928 4416 1096 4469 solum
1132 4424 1213 4469 est
1244 4415 1474 4480 lucrum,
1501 4415 1604 4469 alia
1631 4424 1810 4469 autem
1841 4430 1960 4469 om-

2060 1955 2113 2008 in
2144 1955 2310 2009 Deum
2340 1965 2393 2010 et
2424 1958 2477 2010 in
2518 1958 2798 2011 mulierem
2836 1959 2995 2012 simul
3039 1959 3264 2013 videre:
3299 1962 3439 2015 sicut
3484 1962 3627 2014 enim

2059 2062 2216 2101 nemo
2243 2055 2418 2117 potest
2447 2050 2657 2104 duobus
2693 2050 2926 2105 dominis
2967 2053 3195 2116 servire,
3238 2053 3311 2105 ita
3342 2069 3500 2107 nemo
3536 2068 3631 2121 po-

2059 2147 2165 2192 test
2199 2140 2329 2193 duos
2358 2140 2534 2193 vultus
2572 2141 2727 2195 simul
2768 2141 3055 2210 inspicere.
3086 2142 3318 2196 Tantum
3361 2160 3627 2213 pr0pona-

2056 2238 2143 2284 tur
2162 2239 2288 2283 ante
2311 2230 2495 2285 oculos
2522 2230 2679 2297 Deus,
2707 2241 2760 2286 et
2777 2232 2955 2285 omnia
2981 2234 3031 2285 in
3064 2232 3450 2302 tranquillitate
3467 2243 3622 2297 sunt;

2058 2323 2149 2377 sed
2191 2338 2291 2375 nec
2352 2322 2536 2376 labore
2579 2335 2660 2375 est
2696 2338 2849 2392 opus,
2891 2324 3081 2378 sutIicit
3128 2326 3269 2377 enim
3316 2326 3405 2393 qui
3450 2327 3625 2379 adest.

2058 2411 2157 2477 Qui
2192 2413 2413 2479 respicit
2448 2411 2515 2464 ad
2543 2413 2731 2477 Deum,
2775 2415 3005 2482 primum
3041 2413 3255 2480 quidem
3288 2414 3448 2467 habet
3476 2415 3628 2482 adju-

2059 2500 2253 2553 torium
2300 2515 2329 2552 a
2365 2509 2665 2568 praesente;
2716 2502 2953 2572 posthaec
2994 2515 3174 2557 autem
3210 2514 3264 2558 et
3310 2505 3628 2574 possibilem

2058 2594 2159 2647 sibi
2190 2592 2545 2646 imitationem
2578 2602 2632 2647 et
2661 2594 2906 2648 timorem
2957 2594 3118 2662 boni;
3151 2607 3204 2651 et
3248 2598 3299 2651 in
3331 2598 3492 2651 tutela
3520 2608 3624 2659 est,

2058 2693 2113 2739 et
2140 2700 2243 2738 non
2280 2684 2491 2738 accedit
2523 2696 2802 2754 peccatum
2840 2689 2891 2742 in
2922 2690 3044 2743 isto.
3092 2688 3263 2743 Uuum
3296 2704 3362 2744 ex
3387 2690 3470 2743 ltis
3494 2703 3632 2759 opus

2059 2784 2159 2839 est,
2203 2785 2259 2827 ut
2289 2784 2541 2829 credatur
2584 2778 2708 2846 quia
2738 2788 2821 2834 est
2874 2778 3031 2846 Deus,
3063 2794 3117 2834 et
3148 2782 3300 2835 adest
3327 2789 3380 2833 et
3398 2782 3544 2835 videt
3576 2788 3633 2834 et

2059 2875 2332 2922 scrutatur
2364 2883 2421 2922 et
2470 2867 2599 2919 nihil
2628 2876 2709 2919 est
2745 2869 2887 2934 quod
2936 2884 3058 2921 eum
3107 2869 3275 2935 pOSsit
3329 2867 3533 2933 latere;
3577 2878 3630 2920 et

2060 2956 2241 3010 omnia
2287 2957 2466 3011 faettta
2502 2965 2680 3010 erunt.
2724 2956 2782 3010 Si
2834 2968 3012 3011 autem
3066 2959 3386 3012 subduxeris
3439 2958 3631 3011 tunda-

2064 3057 2327 3115 mentutn,
2370 3048 2506 3102 nmil
2548 3048 2708 3103 stabit
2749 3064 2816 3103 ex
2852 3050 2934 3103 his
2970 3064 3088 3118 qua:
3121 3051 3456 3119 superposita
3487 3060 3630 3105 sunt.

2066 3137 2121 3191 Si
2154 3139 2277 3206 quis
2310 3153 2446 3207 ergo
2473 3139 2773 3208 irreligioso
2800 3142 3078 3208 proposito
3108 3141 3421 3195 subduxerit
3444 3143 3634 3207 Deum,

2058 3231 2166 3299 jam
2198 3239 2255 3283 ut
2281 3233 2398 3285 sine
2436 3231 2638 3284 lumine
2676 3245 2837 3297 agens
2870 3231 3067 3298 ubique
3107 3230 3347 3283 offendit.
3385 3232 3489 3285 Sed
3512 3247 3632 3299 nos,

2061 3321 2277 3385 fratres,
2314 3320 2382 3373 ad
2415 3322 2585 3374 Deum
2613 3321 2900 3384 viventem,
2927 3322 2990 3373 ad
3023 3336 3141 3374 eum
3175 3322 3265 3390 qui
3304 3332 3404 3383 est,
3440 3325 3529 3393 qui
3555 3324 3636 3378 fe-

2063 3411 2134 3463 cit
2174 3411 2378 3473 omnia,
2423 3412 2513 3478 qui
2549 3410 2723 3464 salvat
2766 3412 3036 3475 universa,
3082 3424 3493 3481 convertamur;
3529 3418 3631 3470 alia

2059 3499 2203 3554 enim
2231 3500 2405 3551 omnia
2428 3501 2633 3551 vanitas
2666 3501 2951 3553 vanitalum
2975 3514 3093 3554 sunt
3124 3501 3170 3534 ⁸ο
3201 3521 3213 3555 :
3245 3505 3459 3572 sapietts
3488 3508 3630 3560 enim

2065 3601 2199 3653 erat,
2245 3592 2335 3660 qui
2360 3594 2472 3645 lucc
2506 3592 2931 3660 proclamaverat
2964 3613 2977 3647 :
3012 3595 3077 3646 Et
3103 3612 3277 3649 omnia
3308 3600 3531 3666 vanitas,
3579 3612 3633 3654 ct

2067 3696 2236 3734 unum
2270 3692 2351 3735 eSt
2384 3696 2593 3735 verum.
2648 3681 2762 3736 Non
2792 3684 2955 3749 igitur
3000 3666 3119 3739 sine
3158 3701 3314 3740 causa
3348 3703 3634 3757 erogemus

2066 3782 2306 3828 nostram
2338 3775 2501 3826 vitam
2534 3792 2547 3828 :
2601 3774 2701 3829 erit
2733 3775 2873 3828 enim
2925 3786 3134 3844 tempus
3176 3794 3294 3831 cum
3329 3794 3636 3847 quaeremus

2068 3866 2184 3919 dies
2225 3865 2346 3931 bos,
2380 3866 2433 3919 in
2467 3866 2663 3935 quibus
2696 3866 2801 3919 Deo
2837 3867 3114 3921 debuimus
3148 3872 3349 3923 vivere.
3394 3872 3507 3939 lpsc
3540 3888 3634 3928 att-

2071 3968 2175 4010 tem
2222 3959 2316 4027 qui
2360 3958 2531 4011 bonus
2566 3969 2649 4012 est
2695 3958 2856 4022 Deus,
2904 3960 3140 4013 omnium
3176 3973 3410 4016 vestram
3462 3966 3635 4032 erigat

2068 4053 2279 4105 animas
2318 4053 2383 4104 ad
2421 4053 2749 4119 agnitionem
2794 4068 2980 4117 suam;
3021 4055 3104 4108 cui
3152 4066 3234 4109 est
3272 4072 3366 4125 per
3394 4056 3636 4127 unigeni-

2068 4152 2177 4195 tum
2208 4158 2365 4196 suum
2396 4142 2612 4205 Filium,
2657 4142 2849 4211 gloria,
2893 4144 3083 4210 honor,
3123 4146 3428 4214 imperium,
3467 4149 3636 4217 maje-

2064 4243 2177 4288 stas
2202 4249 2322 4287 cum
2354 4234 2558 4302 Spiritu
2590 4243 2801 4299 sancto,
2832 4244 2887 4290 et
2916 4252 3077 4303 nunc,
3108 4246 3163 4292 et
3194 4252 3426 4308 semper,
3454 4249 3508 4292 et
3540 4254 3637 4309 per

2068 4325 2247 4380 omnia
2269 4324 2466 4378 saecula
2499 4326 2842 4382 sazculorum.
2872 4327 3064 4381 Amen.

1362 4742 1927 4857 EUSEBll
2011 4741 2692 4853 PAMPHILI

1036 4986 1184 5074 DE
1259 4982 1859 5077 OPERIBUS
1932 4981 2290 5075 BONIS
2363 4985 2512 5072 ET
2583 4982 2993 5107 MALts,

1682 5174 1916 5234 LIBER
1959 5173 2345 5236 OCTAVUS.

471 5476 755 5533 Multorum
790 5474 1067 5530 hominum
1090 5477 1199 5529 vita
1232 5474 1283 5527 in
1320 5483 1465 5528 terra
1496 5483 1579 5528 est
1604 5475 1812 5543 posita;
1840 5474 1969 5528 eda-

401 5571 656 5623 citatibus
682 5568 823 5633 enim
854 5567 1239 5622 etlibidinibus
1271 5575 1325 5620 et
1357 5566 1809 5635 concupiscentiis
1841 5581 1964 5635 gra-

476 5683 517 5713 ³⁸
546 5680 937 5744 Μθιιιι.νι,Ξ1ι.
1014 5681 1057 5712 ³⁸
1082 5680 1272 5735 Matth.
1302 5683 1369 5743 x,'
1392 5678 1479 5733 ⁵52.

473 5796 584 5868 (90)
614 5797 735 5858 Ms.,
774 5806 1134 5867 cognoscentes
1172 5812 1507 5863 congenercm
1534 5795 1791 5849 misereri.

1556 5679 1601 5710 ⁸ο
1632 5679 1804 5734 Eccle.
1843 5694 1881 5743 ι,
1920 5680 1974 5736 1.

2079 5477 2207 5539 vati,
2246 5491 2417 5544 neque
2449 5476 2716 5546 respicere
2744 5489 2954 5529 sursum
2981 5474 3046 5527 ad
3074 5471 3237 5527 Deum
3266 5478 3488 5541 possunt
3516 5470 3636 5539 quia

2075 5569 2282 5633 nolunt,
2322 5584 2497 5640 neque
2519 5584 2681 5640 opera
2722 5566 2838 5634 ejus
2864 5567 3065 5631 videre,
3100 5578 3273 5636 neque
3294 5578 3360 5618 cx
3388 5564 3640 5632 operibus
