4134 6420
471 386 598 440 1191

1141 381 1411 438 EUSEBII
1449 381 1925 438 CESARIENSIS
1958 379 2108 436 OPP.
2150 383 2331 438 PARS
2367 384 2454 440 IV.
2498 416 2565 425 —
2606 383 3028 441 DOGMATICA.

3600 388 3734 444 H9?

469 496 718 565 epiticem
749 507 1042 563 agnoscere
1067 513 1079 547 :
1103 494 1193 548 ubi
1224 496 1367 548 enim
1395 495 1620 550 declivis
1650 494 1816 550 fuerit
1846 494 2046 555 anima,
2081 498 2127 554 Α
2154 495 2402 550 diabolus
2429 510 2533 549 non
2579 512 2702 550 cum
2755 505 2912 551 nocet
2959 508 3085 551 tunc
3121 495 3293 552 solum
3332 507 3387 552 et
3428 499 3597 556 malus
3629 513 3736 557 est’

472 589 621 652 illnc,
656 597 714 642 ut
746 587 816 641 ita
854 587 1047 648 dicam,
1080 594 1134 638 et
1161 583 1392 638 efficitur
1417 587 1560 655 quod
1587 585 1882 640 desiderat.
1909 585 2057 639 Sicut

471 681 614 734 enim
644 692 708 732 ea
737 691 857 746 qua:
885 674 952 728 ab
989 675 1111 742 igne
1140 672 1415 739 ealefiunt,
1445 671 1768 738 efﬁciuntur,
1798 687 1855 727 ut
1883 675 1951 726 ita
1980 675 2061 726 di-

473 786 616 835 cam,
651 770 822 839 ignis;
854 777 909 822 et
936 782 1056 836 quae
1085 766 1328 821 odoratis
1349 765 1538 833 juncta
1572 765 1789 828 fuerint,
1818 766 2060 820 efliciun-

477 873 584 927 tur,
613 863 870 926 odorata;
915 869 970 913 et
1005 875 1127 928 quae
1178 857 1492 923 contrariis,
1534 857 1806 911 contraria
1852 877 1864 911 :
1905 859 1975 910 ita
2007 867 2060 910 et

474 957 653 1010 anima
686 954 775 1008 ubi
821 953 1043 1008 declivis
1086 950 1380 1016 exstiterit,
1435 950 1500 1002 ad
1555 949 1657 1004 hoc
1690 950 1972 1003 deducitur
2005 958 2061 1002 et

475 1058 689 1102 natura.
718 1046 968 1116 Tingitur
1019 1044 1162 1098 enim
1193 1043 1588 1107 alacritatibus,
1622 1051 1677 1095 et
1719 1040 1909 1095 similis
1943 1056 2058 1092 Ino-

477 1140 714 1194 tionibus
741 1139 970 1192 efﬁcitur
1020 1137 1154 1201 suis,
1188 1145 1242 1190 et
1277 1134 1596 1205 dignitatem
1639 1143 1822 1203 utpote
1854 1143 2059 1186 naturae

475 1248 583 1288 non
618 1231 854 1294 salvans,
885 1231 938 1284 in
973 1229 1131 1284 malis
1166 1227 1400 1282 eflieitur
1456 1227 1622 1281 mala.
1661 1227 1717 1281 Si
1764 1237 1943 1280 autem
1989 1223 2058 1278 ad

475 1340 538 1380 ea
594 1339 717 1393 quae
761 1337 922 1393 supra
969 1336 1028 1376 se
1053 1329 1180 1376 sunt
1228 1320 1548 1388 respexerit,
1597 1334 1810 1374 sursum
1843 1314 2056 1378 eercta,

475 1417 830 1473 constituitur
885 1416 951 1468 ad
985 1429 1046 1469 ea
1082 1428 1200 1481 qua:
1237 1423 1293 1467 et
1335 1412 1665 1468 desideravit
1703 1428 1716 1464 :
1766 1409 2056 1463 multorum

477 1515 620 1567 enim
651 1511 994 1568 conversatio
1043 1524 1150 1564 non
1181 1509 1483 1572 hominum,
1525 1507 1620 1561 sed
1659 1519 1912 1575 pecorum
1953 1511 2056 1556 est.

477 1604 623 1660 Nihil
655 1605 798 1658 enim
845 1602 986 1657 aliud
1037 1603 1299 1672 cogitant,
1349 1599 1451 1654 nisi
1487 1607 1547 1653 ut
1577 1599 1925 1657 manducent,
1963 1604 2058 1649 aut

476 1696 688 1762 bibant,
718 1704 811 1750 aut
838 1695 1072 1764 rapiant,
1112 1702 1204 1747 aut
1231 1692 1590 1756 fraudentur;
1638 1690 1688 1743 in
1722 1689 1805 1743 his
1835 1688 1980 1742 enim
2004 1697 2058 1740 et

478 1790 686 1851 vivunt,
712 1790 758 1843 si
810 1797 989 1842 tamen
1041 1795 1095 1840 et
1126 1787 1290 1839 vitam
1327 1786 1486 1838 istam
1526 1791 1738 1852 oportet
1759 1782 1871 1850 jam
1898 1782 2000 1834 dici
2039 1797 2050 1833 :

478 1897 586 1936 non
612 1880 942 1935 suﬂicientes
985 1878 1130 1932 enim
1179 1876 1335 1930 malis
1388 1877 1471 1930 his
1506 1891 1626 1942 quae
1675 1890 1702 1926 a
1749 1873 1881 1928 foris
1909 1883 2058 1938 sunt,
2091 1859 2132 1914 Β

477 1972 583 2040 iam
615 1981 671 2027 et
699 1985 918 2025 carnem
951 1985 1103 2024 suam
1138 1969 1513 2024 contaminare
1543 1967 1791 2033 student;
1825 1968 1904 2021 sic
1931 1981 2062 2037 gau-

479 2063 606 2116 dent
639 2060 785 2114 enim
822 2059 873 2113 in
912 2058 1090 2124 malis,
1123 2067 1179 2111 ut
1235 2056 1436 2112 inimici
1485 2057 1588 2110 sibi
1616 2074 1630 2120 ;
1664 2065 1866 2108 etcum
1896 2056 2062 2110 debe-

479 2159 602 2205 rent
629 2140 836 2220 lugere,
873 2148 1000 2218 quia
1034 2163 1139 2201 non
1173 2147 1307 2202 bene
1334 2147 1546 2212 vivunt,
1583 2145 1833 2201 laetantur
1866 2146 1918 2199 in
1945 2160 2064 2199 ma-

480 2241 547 2297 lis
577 2251 632 2297 et
666 2243 951 2296 tristantur
984 2241 1037 2294 in
1081 2241 1235 2295 bonis
1265 2257 1278 2294 :
1312 2239 1578 2309 duplicem
1617 2249 1799 2307 utp0te
1841 2240 2062 2294 czecita-

483 2342 590 2387 tem
631 2333 914 2397 habentes,
966 2342 1021 2387 et
1073 2331 1215 2401 quod
1263 2331 1534 2386 malorum
1591 2345 1698 2384 non
1756 2329 2063 2398 intelligunt

483 2422 766 2487 malitiam,
797 2432 852 2477 et
894 2421 1038 2492 quod
1075 2422 1342 2476 honorum
1384 2435 1490 2474 non
1538 2429 1822 2474 assumunt
1849 2417 2064 2473 fruitio-

482 2530 643 2581 nem;
675 2524 1011 2570 concurrunt
1036 2515 1179 2568 enim
1207 2513 1496 2568 adversum
1521 2527 1608 2576 se,
1633 2521 1685 2564 et
1714 2511 1815 2566 sibi
1846 2523 2064 2567 contra-

482 2607 562 2660 ria
606 2615 918 2676 operantur.
962 2605 1191 2660 Plurimi
1239 2604 1384 2658 enim
1443 2618 1828 2672 nonnunquam
1881 2617 2066 2673 proce-

482 2700 619 2753 dunt
646 2699 779 2766 laeti,
821 2699 946 2767 quia
974 2705 1221 2752 ventrem
1262 2693 1539 2764 replerunt
1580 2709 1758 2756 suum,
1793 2707 1847 2748 et
1887 2703 2065 2748 mente

482 2791 735 2844 exierunt
762 2806 859 2844 sua
901 2788 1014 2860 (91)
1055 2798 1151 2843 :et
1182 2787 1400 2842 beatum
1447 2787 1587 2840 diem
1636 2789 1825 2841 dicunt
1868 2788 1920 2840 in
1955 2803 2066 2856 quo

483 2896 592 2936 non
627 2881 900 2936 vixerunt.
955 2879 1073 2933 Vita
1106 2880 1249 2934 enim
1304 2880 1587 2932 horninum
1619 2879 1719 2932 ista
1753 2888 1836 2932 est
1879 2887 1936 2931 ιιι
1979 2894 2067 2932 ra-

487 2976 634 3030 tione
680 2983 928 3037 utantur,
973 2972 1100 3042 quia
1143 2982 1199 3026 et
1226 2969 1574 3024 rationabiles
1615 2971 1897 3025 habentur.
1932 2971 2064 3025 Cum

486 3076 666 3120 autem
699 3066 929 3119 obrutus
983 3063 1145 3118 fuerit
1192 3076 1408 3125 sensus,
1459 3063 1675 3116 transiit
1730 3063 1850 3116 sine
1903 3079 2065 3116 causa

487 3158 622 3221 dies,
653 3165 707 3212 et
733 3173 838 3211 non
867 3156 1028 3211 debet
1057 3155 1360 3225 computari
1394 3156 1446 3207 in
1476 3155 1605 3221 vita,
1659 3155 1713 3208 in
1738 3169 1844 3224 quo
1876 3169 2066 3210 sensus

487 3265 594 3304 non
629 3250 868 3319 respexit
907 3249 974 3302 ad
1026 3262 1286 3317 superna.
1320 3245 1536 3300 Utinam
1592 3256 1772 3300 autem
1804 3261 1976 3316 neque
1999 3248 2065 3302 ad

485 3342 678 3406 vitam,
701 3356 878 3408 neque
902 3342 967 3394 ad
1002 3338 1203 3393 malam
1235 3338 1448 3392 videret
1479 3335 1618 3409 (92).
1645 3336 1802 3390 Aliud
1819 3349 1900 3390 est
1923 3338 2066 3390 enim

485 3434 720 3487 otiosum
753 3445 875 3485 esse
905 3446 933 3483 a
961 3428 1106 3483 malo
1130 3437 1184 3481 et
1214 3429 1377 3493 bono,
1416 3439 1469 3480 et
1495 3443 1613 3480 esse
1650 3437 1904 3495 tanquam
1937 3427 2068 3480 dor-

489 3526 746 3578 mientem
772 3532 867 3576 aut
888 3532 1198 3588 mortuum;
1232 3531 1287 3576 et
1317 3522 1464 3576 aliud
1497 3521 1631 3576 bone
1669 3522 1879 3592 quidem
1909 3523 2065 3590 mori,

488 3617 632 3670 malo
662 3625 840 3669 autem
875 3616 1072 3669 vivere.
1116 3613 1179 3667 Et
1209 3628 1384 3683 neque
1432 3625 1624 3667 natura
1671 3615 1904 3670 hominis
1944 3630 2070 3669 sua-

489 3712 578 3763 det
603 3724 716 3770 eos,
751 3721 924 3776 neque
959 3708 1276 3776 Scriptura:
1311 3717 1364 3762 et
1389 3717 1610 3774 errant;
1640 3723 1814 3777 neque
1838 3725 2072 3778 prazsen-

492 3803 587 3866 tia,
615 3816 788 3872 neque
813 3801 992 3854 futura
1023 3801 1267 3854 suadent.
1300 3799 1554 3866 Quazdam
1595 3802 1736 3854 enim
1781 3803 2072 3872 reprehen-

490 3899 700 3952 sionem
739 3896 998 3966 pra-bent,
1028 3896 1276 3964 quaedam
1309 3903 1488 3947 autem
1526 3904 1745 3963 propter
1773 3911 1920 3965 Spem
1952 3913 2072 3950 sur-

491 4004 609 4043 sum
649 3989 947 4042 adducunt.
1005 3985 1257 4040 Videmus
1287 3987 1429 4039 enirn
1459 3994 1512 4039 et
1553 3988 1879 4052 morientes;
1925 3990 2075 4044 vide-

494 4096 612 4134 tnus
653 4090 707 4134 et
730 4079 970 4148 sepultos
999 4091 1053 4132 et
1085 4095 1189 4132 non
1223 4081 1481 4150 sepultos,
1511 4093 1564 4135 et
1604 4096 1696 4135 eos
1727 4083 1814 4150 qui
1850 4081 2071 4147 deﬂent,

492 4182 548 4228 et
574 4173 780 4237 dolent,
809 4181 863 4225 et
893 4172 1261 4226 lamentantur
1281 4191 1294 4226 :
1315 4187 1438 4227 vere
1468 4173 1537 4226 ita
1562 4189 1748 4229 smnus
1771 4183 1828 4228 ut
1857 4191 1962 4229 non
1995 4175 2075 4228 vi-

493 4266 684 4320 dentes
717 4279 832 4318 eos.
863 4263 941 4317 lla
985 4265 1128 4317 enim
1154 4275 1404 4334 putamus
1427 4267 1589 4318 vitam
1631 4281 1751 4322 esse
1778 4281 1919 4331 eam,
1955 4281 2076 4336 qua:

493 4371 600 4411 non
632 4367 716 4411 est
736 4357 842 4409 vita
875 4373 888 4410 :
924 4371 1046 4409 nam
1087 4366 1141 4410 et
1175 4358 1563 4410 manducantes
1593 4356 1854 4425 laedimur,
1891 4369 1944 4411 et
1975 4359 2077 4412 ite-

496 4467 614 4505 rum
651 4451 1044 4505 desideramus.
1099 4451 1197 4516 Qui
1230 4449 1539 4504 libidinibus
1568 4467 1768 4519 corpus
1809 4453 2078 4507 maculant

2161 586 2253 640 sed
2283 587 2408 647 quia
2441 589 2722 656 proposuit
2759 604 2974 655 nocere,
3020 590 3182 644 habet
3210 591 3469 646 malitiam
3503 605 3559 647 et
3585 604 3736 649 ante—

2162 692 2322 746 quam
2364 676 2578 732 efﬁciat.
2628 677 2695 732 Et
2743 678 2980 747 maligno
3025 677 3224 734 sufﬁcit
3253 681 3455 737 malitia
3493 697 3614 737 sua.
3647 683 3737 739 Si-

2159 771 2375 839 quidem
2405 780 2461 824 et
2509 783 2788 840 agrotans,
2819 772 3035 826 etiamsi
3070 787 3176 826 non
3214 775 3527 843 castigetur,
3557 785 3739 832 tamen

2162 863 2323 917 habet
2348 863 2548 916 malum
2582 863 2896 932 languorem
2924 883 2937 918 :
2972 865 3044 917 ita
3074 874 3128 918 et
3153 866 3243 933 qui
3278 868 3492 934 languet
3517 867 3697 920 anima
3721 908 3737 932 ,

2159 953 2372 1008 etiamsi
2411 968 2515 1008 non
2551 955 2748 1009 missus
2775 955 2938 1010 fuerit
2968 956 3021 1010 in
3060 957 3387 1026 gehennam,
3415 969 3594 1012 tamen
3616 972 3739 1027 pro-

2160 1055 2315 1098 curat
2342 1045 2442 1099 sibi
2470 1045 2694 1098 malum.
2728 1045 2862 1112 Quis
2908 1057 3088 1102 autem
3125 1055 3180 1102 et
3217 1047 3570 1102 exhortatur?
3596 1047 3740 1102 Tan-

2162 1144 2271 1189 tum
2295 1143 2378 1191 est
2404 1137 2549 1192 enim
2594 1137 2794 1191 malum
2826 1138 3048 1205 malum,
3097 1139 3250 1209 cujus
3287 1147 3614 1194 tentamenta
3646 1154 3740 1208 ge-

2161 1229 2393 1282 hennam
2434 1238 2650 1298 parant.
2679 1229 2890 1284 Etcum
2917 1231 3030 1285 hzec
3071 1231 3145 1286 ita
3182 1233 3314 1297 sint,
3345 1247 3443 1286 nos
3473 1241 3652 1287 tamen
3681 1241 3742 1286 ut

2161 1320 2365 1375 inimici
2402 1321 2629 1391 proprii,
2675 1323 2744 1375 ita
2786 1323 3034 1375 videmur
3057 1322 3260 1377 vivere.
3303 1322 3393 1377 Ille
3424 1324 3567 1377 enim
3594 1322 3742 1376 laeta-

2161 1421 2269 1475 tur,
2298 1412 2424 1480 quia
2460 1413 2715 1466 mentitus
2751 1413 2933 1476 latuit;
2978 1414 3114 1467 alius
3155 1414 3370 1484 gaudet,
3399 1413 3524 1482 quia
3549 1427 3742 1482 prove.

2161 1506 2240 1559 nit
2269 1507 2319 1561 ei
2357 1507 2633 1575 decipere.
2683 1507 2750 1559 Et
2789 1507 3011 1560 avaritia
3038 1507 3246 1562 lucrum
3282 1514 3465 1576 putata
3496 1513 3580 1560 est
3613 1519 3737 1559 cum

2159 1597 2230 1652 sit
2257 1599 2546 1664 damnum;
2578 1607 2633 1652 et
2675 1597 2840 1652 libido
2871 1598 3136 1668 voluptas,
3174 1612 3294 1652 cum
3345 1597 3414 1652 sit
3448 1596 3626 1650 luctus
3655 1594 3741 1649 his

2157 1690 2249 1759 qui
2303 1692 2521 1759 sapiunt
2554 1691 2708 1745 bene.
2766 1690 2833 1744 Et
2865 1705 3127 1745 conversa
3179 1698 3306 1744 sunt
3348 1688 3506 1744 nobis
3531 1689 3736 1752 omnia,

2158 1783 2283 1850 quia
2313 1779 2758 1850 circumscriptus
2803 1797 2833 1834 a
2866 1781 3024 1835 nobis
3051 1790 3134 1836 est
3157 1782 3443 1851 cogitatus.
3499 1781 3564 1834 Et
3594 1791 3742 1835 certe

2163 1873 2304 1942 cogit
2331 1882 2386 1928 et
2409 1875 2686 1928 contendit
2710 1889 2924 1939 sensus,
2967 1883 3025 1928 ut
3053 1888 3160 1928 non
3183 1873 3432 1941 ejiciatur
3458 1887 3488 1925 a
3521 1887 3742 1941 posses-

2163 1967 2314 2021 sione
2345 1982 2462 2022 sua.
2502 1966 2635 2020 Nam
2667 1967 2767 2021 etsi
2806 1966 3173 2036 unusquisque
3219 1975 3465 2019 nostrum
3492 1963 3744 2017 obruitur

2164 2074 2192 2113 a
2222 2059 2566 2127 passionibus
2594 2059 2871 2124 vitiorum,
2901 2067 3076 2112 tamen
3107 2057 3173 2111 ad
3221 2056 3325 2110 alia
3353 2069 3544 2110 sensus
3568 2055 3744 2122 digni-

2167 2159 2329 2204 tatem
2369 2164 2524 2204 suam
2555 2149 2837 2204 vindicans
2870 2157 3091 2218 apparet
3123 2170 3135 2204 :
3173 2157 3230 2202 ut
3254 2157 3406 2218 puta,
3453 2162 3556 2202 non
3585 2146 3744 2200 video

2166 2255 2282 2294 mea
2327 2241 2491 2304 mala,
2530 2241 2623 2293 sed
2655 2239 2831 2292 aliena
2873 2238 3012 2292 mala
3063 2241 3302 2293 irascens
3335 2236 3616 2293 consentio
3662 2235 3746 2290 in-

2167 2333 2352 2388 teriori
2389 2333 2614 2399 homini,
2663 2332 2764 2402 legi
2793 2342 2975 2401 utpote
3021 2331 3133 2386 Dei.
3172 2331 3235 2385 Et
3267 2331 3391 2400 quia
3441 2330 3620 2382 anima
3648 2342 3746 2382 na-

2168 2438 2285 2480 tura
2309 2426 2480 2494 magis
2513 2424 2697 2494 juncta
2726 2432 2810 2478 est
2841 2425 3015 2490 bonis,
3050 2424 3173 2493 quia
3203 2424 3317 2478 odit
3348 2420 3520 2476 malos
3541 2430 3596 2475 et
3624 2420 3744 2475 lau-

2165 2522 2255 2574 dat
2297 2519 2490 2582 bonos,
2535 2518 2729 2588 duplex
2757 2517 3125 2572 testimonium
3168 2519 3329 2572 habet
3357 2517 3424 2570 ad
3453 2529 3747 2585 utrumque

2165 2623 2220 2666 et
2281 2611 2541 2665 malorum
2593 2619 2645 2664 et
2694 2609 2980 2664 bonorum.
3029 2607 3230 2678 Duplex
3285 2608 3404 2662 ideo
3454 2609 3580 2676 quia
3611 2608 3747 2676 odit,

2165 2703 2373 2757 etiamsi
2411 2704 2660 2772 ipsa'non
2696 2700 3035 2756 commodum
3061 2715 3216 2754 suum
3243 2708 3425 2766 amat;
3455 2707 3510 2752 et
3534 2712 3603 2754 ex
3644 2700 3747 2754 hoc

2165 2797 2400 2850 ostendit
2433 2794 2560 2864 quia
2589 2809 2694 2847 non
2724 2793 3028 2848 delectatur
3057 2803 3248 2847 natura
3275 2791 3393 2859 ejus
3423 2791 3489 2845 ad
3523 2791 3744 2848 tnalum.

2168 2887 2224 2941 Si
2254 2887 2413 2955 igitur
2458 2885 2659 2950 anima,
2707 2893 2764 2937 ut
2800 2894 3082 2938 ostensum
3111 2889 3217 2946 est,
3269 2882 3336 2935 ad
3386 2879 3587 2934 bonum
3624 2895 3748 2950 pro-
3833 2926 3852 2942 ,

2167 2978 2360 3032 clivior
2385 2986 2486 3041 est,
2519 2993 2616 3030 cur
2649 2991 2754 3028 non
2795 2974 2848 3029 in
2889 2975 3003 3028 suis
3033 2973 3252 3028 manet?
3277 2984 3498 3043 propter
3528 2975 3747 3043 placibi-

2168 3071 2372 3124 litatem
2405 3070 2602 3138 quippe
2626 3069 2705 3122 sui
2741 3086 2754 3121 :
2792 3066 2892 3121 sibi
2925 3067 3067 3120 enim
3099 3067 3336 3135 placere,
3372 3067 3598 3122 tenebra:
3617 3077 3742 3121 sunt

2093 3197 2134 3253 ο
2171 3164 2396 3228 animm;
2435 3163 2528 3216 sed
2577 3176 2695 3231 quae
2747 3161 2885 3230 apud
2916 3159 3164 3214 homines
3209 3169 3471 3229 putantur
3515 3161 3741 3231 placida,

2172 3255 2502 3310 contrariam
2559 3253 2760 3307 habent
2790 3252 3080 3313 virtutem;
3127 3250 3308 3304 odium
3338 3252 3502 3309 enim
3534 3260 3589 3306 et
3641 3266 3745 3305 non

2175 3348 2499 3419 placibilitas
2526 3358 2628 3400 est.
2667 3345 2724 3399 Si
2756 3347 2900 3400 enim
2943 3358 3066 3398 vere
3097 3358 3363 3409 amemus,
3399 3359 3504 3396 non
3534 3352 3751 3397 contra-

2177 3443 2256 3495 ria
2285 3457 2403 3510 qua:
2428 3455 2568 3492 nunc
2597 3439 2752 3492 nobis
2778 3438 3042 3490 donamus
3065 3438 3408 3491 donaremus.
3438 3434 3556 3492 Non
3584 3436 3755 3493 ebrie-

2179 3543 2340 3586 tatem
2371 3532 2587 3600 quippe,
2631 3530 2723 3583 sed
2759 3529 3023 3598 jejunium
3067 3546 3081 3582 :
3117 3543 3220 3581 non
3260 3530 3490 3594 theatra,
3529 3530 3625 3584 sed
3659 3544 3755 3586 ec-

2177 3625 2398 3682 clesiam
2447 3642 2461 3678 :
2512 3638 2618 3676 non
2667 3621 2886 3689 lapides,
2923 3621 3016 3674 sed
3053 3621 3216 3674 Deum
3276 3639 3290 3677 :
3341 3637 3443 3676 non
3477 3621 3622 3690 lites,
3661 3624 3757 3677 sed

2178 3735 2366 3790 pacem
2404 3735 2418 3772 :
2454 3732 2558 3772 non
2596 3714 2966 3793 homicidium,
3001 3713 3091 3767 sed
3126 3713 3344 3766 tutelam
3376 3712 3564 3767 salutis
3599 3732 3613 3768 :
3647 3729 3757 3767 non

2180 3812 2618 3874 fornicationem,
2650 3809 2743 3863 sed
2772 3806 3106 3878 pudicitiam.
3139 3804 3193 3858 Si
3226 3805 3368 3859 enim
3397 3806 3761 3874 nosmetipsos

2179 3917 2512 3967 amaremus,
2538 3918 2666 3956 vere
2697 3905 3025 3955 donaremus
3051 3899 3204 3954 nobis
3233 3898 3396 3954 bona.
3447 3897 3582 3964 Quia
3609 3897 3757 3951 enim

2179 3998 2412 4060 odimus,
2444 3997 2706 4049 donamus
2757 4002 2812 4046 et
2857 4005 3210 4060 procuramus
3261 3989 3417 4043 nobis
3457 3987 3618 4042 mala.
3650 3985 3759 4041 Sed

2181 4091 2325 4144 sicut
2352 4097 2572 4150 matres,
2608 4087 2678 4137 ita
2704 4095 2757 4139 et
2794 4084 3206 4137 menshabetur.
3242 4082 3586 4150 Quaecunque
3613 4080 3760 4135 enim

2181 4192 2388 4236 matres
2421 4187 2642 4247 parcent
2678 4176 2790 4230 suis
2827 4176 2968 4241 filiis,
2995 4190 3099 4228 non
3136 4175 3412 4228 mittentes
3438 4188 3530 4228 eos
3556 4173 3621 4226 ad
3646 4183 3761 4227 stu-

2184 4277 2304 4333 dia;
2358 4273 2424 4326 ad
2479 4272 2770 4324 utilitatem
2817 4270 3015 4338 quippe
3064 4269 3186 4320 dum
3225 4266 3479 4321 videntur
3535 4267 3763 4333 donare,

2185 4373 2384 4420 nocent
2422 4385 2434 4419 :
2477 4365 2546 4417 ita
2584 4372 2638 4417 et
2672 4376 2768 4415 nos
2800 4377 2894 4429 per
2921 4361 3218 4414 caecitatem
3273 4359 3468 4413 mentis
3509 4368 3762 4427 putantes

2189 4458 2392 4526 aliquid
2441 4455 2594 4508 nobis
2639 4453 2864 4514 donare,
2912 4451 3212 4519 decipimus
3254 4464 3353 4504 nos
3388 4459 3442 4503 et
3479 4464 3760 4503 uocemus.

493 4553 552 4596 et
584 4545 775 4596 animae
809 4552 1025 4606 nocent,
1065 4558 1168 4594 non
1208 4543 1465 4596 recedunt
1493 4557 1523 4594 a
1559 4557 1733 4608 noxa;
1781 4545 1874 4598 sed
1905 4555 1960 4598 et
1983 4561 2073 4598 ac-
2109 4559 2155 4618 ι)
2184 4551 2250 4606 Ει
2279 4558 2426 4602 certe
2453 4547 2737 4600 incurrunt
2773 4543 2927 4596 nobis
2953 4551 3007 4595 et
3041 4541 3335 4595 adveniunt
3370 4556 3761 4611 nonnunquam

495 4637 719 4701 cedunt,
772 4645 830 4689 ut
887 4651 1122 4704 aucupes
1162 4635 1448 4699 malorum,
1507 4636 1733 4689 multum
1793 4636 2080 4704 vigilantes

499 4739 597 4796 per
648 4735 859 4780 noctem
893 4726 1032 4780 male
1085 4743 1098 4778 :
1133 4739 1224 4779 aut
1263 4727 1406 4778 enim
1441 4725 1822 4781 ambitionibus
1873 4729 2082 4795 inquie-

504 4827 707 4882 tantur,
753 4828 846 4869 ant
886 4832 914 4869 a
951 4819 1399 4886 concupiscentiis
1435 4819 1753 4883 illiciuntur,
1798 4827 1892 4873 aut
1917 4837 1945 4873 a
1984 4835 2079 4874 co-

500 4911 853 4980 gitationibus
886 4910 1042 4962 titulis
1079 4912 1407 4964 excitantur.
1450 4911 1504 4964 Si
1535 4921 1714 4964 autem
1760 4921 1814 4966 et
1869 4922 2084 4980 oportet

503 5003 772 5070 cogitatus
804 5001 1012 5065 vocari,
1045 5008 1099 5052 et
1138 5001 1391 5054 meditata
1444 5015 1538 5068 per
1570 5011 1782 5054 noctem
1827 4995 2083 5056 festinant

503 5095 817 5164 procedere,
855 5103 911 5145 ut
947 5107 1008 5146 ea
1035 5106 1154 5160 qum
1176 5105 1271 5159 per
1300 5102 1510 5147 noctem
1541 5093 1846 5163 cogitarunt
1879 5094 2080 5148 admit-

506 5195 619 5240 tant
652 5197 906 5254 tanquam
964 5185 1276 5254 ignorantes
1316 5205 1329 5238 :
1375 5187 1501 5253 quia
1549 5189 1637 5254 qui
1675 5184 1802 5239 facit
1852 5185 2078 5250 malutn,

503 5276 734 5344 amplius
765 5277 926 5331 habet
979 5275 1198 5339 malum,
1240 5290 1402 5344 quam
1450 5278 1494 5330 is
1548 5277 1642 5346 qui
1696 5292 1725 5329 a
1764 5292 1823 5332 se
1877 5279 2081 5347 patitur

505 5369 726 5425 malum.
770 5368 923 5422 Sicut
972 5371 1116 5422 enim
1155 5369 1294 5437 ignis
1323 5367 1426 5420 alia
1459 5369 1672 5438 quidem
1704 5371 1992 5432 comburit,
2026 5369 2081 5423 in

505 5459 798 5526 semetipso
852 5467 1029 5512 autem
1078 5460 1326 5513 ardorem
1383 5457 1636 5512 incendii'
1659 5459 1866 5528 primus
1896 5459 2078 5526 habet,

509 5549 580 5602 ita
605 5557 660 5605 et
683 5549 884 5602 malitia
914 5550 1148 5618 primum
1179 5550 1516 5619 possidentes
1541 5561 1718 5603 nocet.
1764 5550 2002 5622 Denique
2026 5562 2080 5604 et

581 5771 692 5903 $91)
725 5771 822 5825 Ms.
850 5785 1014 5824 mente
1043 5775 1348 5827 exstiterunt
1373 5791 1488 5829 sua.

608 5841 698 5903 9°.)
729 5839 823 5893 Ms.
859 5843 925 5892 ad
974 5845 1168 5894 malam
1215 5845 1392 5896 vitam.
1427 5844 1488 5898 Fc

608 5839 698 5903 92')
729 5839 823 5893 Ms.
859 5843 925 5892 ad
974 5845 1168 5894 malam
1215 5845 1392 5896 vitam.
1427 5844 1586 5898 Forte
1636 5842 1918 5910 legendum
1964 5851 2071 5907 est,

2185 4651 2240 4697 et
2273 4641 2499 4708 vestigia
2540 4639 2829 4698 honorum,
2857 4645 2911 4686 et
2953 4641 3234 4703 gustamus
3263 4632 3550 4702 aliquoties
3579 4642 3633 4687 et
3665 4648 3763 4686 nos

2183 4732 2595 4789 delectationem
2622 4741 2687 4783 ex
2721 4725 2999 4795 pudicitia.
3047 4725 3104 4779 Si
3137 4736 3319 4780 autem
3348 4735 3402 4780 et
3433 4724 3765 4780 voluerimus

2182 4835 2532 4894 perseverare
2557 4821 2608 4873 in
2642 4827 2822 4889 gustu,
2852 4827 2906 4870 et
2929 4831 3265 4885 comparare,
3299 4825 3560 4885 quantum
3601 4816 3763 4870 vehe-

2185 4915 2418 4970 mentior
2439 4922 2525 4967 est
2545 4913 2784 4966 suavitas
2813 4926 2878 4965 ex
2904 4911 3186 4982 pudicitia,
3211 4924 3370 4979 quam
3399 4923 3461 4962 ea
3491 4923 3609 4977 qua:
3636 4923 3666 4961 a
3708 4907 3762 4961 li-

2184 5007 2374 5063 bidine
2411 5005 2574 5060 venit.
2611 5003 2864 5058 Suavitas
2891 5005 3035 5057 enim
3065 5017 3131 5058 ex
3161 5001 3414 5070 pudicitia
3444 5001 3562 5055 sine
3591 5000 3764 5069 paeni-

2185 5097 2352 5152 tentia
2372 5106 2477 5161 est,
2493 5095 2837 5149 immaculata
2856 5105 2960 5162 est,
2980 5093 3350 5159 immutabilis,
3370 5094 3590 5159 munda,
3608 5107 3766 5162 pura,

2183 5198 2392 5253 sancta,
2411 5199 2464 5240 et
2489 5189 2709 5241 nomine
2733 5199 2787 5240 et
2813 5201 2976 5256 opere
3000 5197 3054 5240 et
3074 5187 3306 5241 actibus.
3332 5185 3408 5238 Ex
3426 5185 3648 5240 libidine
3670 5201 3759 5238 au-

2190 5289 2294 5334 tem
2323 5294 2507 5342 suave,
2538 5288 2712 5348 turpe,
2742 5280 3139 5342 absconditum,
3176 5278 3294 5332 sine
3326 5277 3542 5343 ﬁducia,
3575 5287 3767 5332 conta-

2193 5373 2476 5435 tninatum,
2501 5372 2774 5425 turbidum
2795 5381 2846 5425 et
2866 5385 3091 5438 corpore
3112 5379 3162 5424 et
3181 5371 3385 5434 anima,
3406 5384 3529 5423 cum
3553 5369 3766 5434 timore,

2188 5477 2310 5517 cum
2340 5465 2568 5528 turbela,
2601 5478 2722 5517 cum
2752 5464 3038 5532 sanguine,
3063 5478 3184 5515 cum
3213 5473 3443 5516 tremore
3472 5477 3636 5516 suave
3665 5471 3765 5514 est.

2188 5552 2649 5619 Quemadmodum
2671 5570 2799 5623 ergo
2813 5554 3010 5609 suave?
3027 5554 3085 5609 Si
3103 5555 3226 5623 quis
3239 5565 3418 5610 autem
3435 5555 3670 5608 suaviter
3687 5562 3753 5607 de

2186 5785 2384 5824 Ulmum
2421 5783 2592 5826 autent
2633 5786 2793 5841 neque
2833 5785 2899 5823 aa
2929 5779 3130 5836 vilium,
3165 5785 3327 5840 neque
3360 5769 3427 5821 ad
3465 5769 3665 5822 malum
3695 5767 3762 5820 viv

2183 5851 2333 5895 reret.
