4134 6400
430 376 569 433 “93

1525 374 1612 427 DE
1650 371 1991 428 OPERIBUS
2031 368 2230 426 BONlS
2269 370 2357 425 ET
2395 368 2626 425 MALIS.

3549 367 3689 427 HM

432 499 614 554 lectari
648 499 816 568 cupit,
854 512 982 555 vere
1012 500 1317 554 secundum
1374 498 1622 569 Apostoli
1662 512 1850 553 vocem
1911 498 2009 550 ha-
2037 500 2083 556 Α
2112 510 2243 549 num
2274 492 2541 556 mulieris,
2572 500 2629 547 et
2656 487 2923 559 decerpsit
2972 488 3041 544 de
3093 491 3289 544 arbore
3336 488 3593 555 fructum,
3629 501 3685 547 et

431 592 520 642 bet
555 592 713 642 viam.
748 589 924 642 Suave
964 599 1047 643 est
1081 590 1225 642 enim
1255 589 1297 642 si
1332 587 1601 643 liberetur
1640 588 1766 657 quis
1801 603 1829 641 a
1866 602 2004 641 con-

430 680 663 743 fusione,
696 695 725 733 a
760 681 990 743 turbela,
1030 696 1059 733 a
1096 682 1425 750 suspicione.
1485 681 1578 735 lsti
1625 683 1770 735 enim
1809 680 2004 736 oculus

430 786 536 824 non
566 771 720 825 laetus
744 781 847 834 est,
884 775 981 826 sed
1017 773 1284 840 sapientia
1344 772 1608 841 gaudens,
1658 782 1715 826 et
1767 773 1914 825 visus
1952 779 2005 826 et

430 860 597 928 purus
646 870 700 914 et
741 862 995 915 mundus.
1055 863 1156 917 Ubi
1200 870 1378 917 autem
1421 864 1760 917 conscientia
1813 864 2001 931 fuerit,

429 950 804 1017 circumspicit
837 954 1023 1006 oculus
1078 967 1145 1006 ne
1182 954 1303 1021 quis
1348 954 1525 1009 vidit:
1578 955 1692 1009 sitit
1726 969 1845 1020 cor,
1876 970 2002 1025 pro-

429 1047 548 1107 pter
599 1037 711 1108 (95)
762 1053 829 1093 ea
879 1054 1000 1108 quae
1043 1042 1374 1108 suspicatur,
1415 1054 1469 1097 et
1519 1044 1571 1097 in
1623 1044 1873 1114 plurimis
1915 1054 2003 1099 tuv

431 1129 533 1183 tela
575 1128 686 1199 (94)
720 1142 829 1195 est,
881 1140 936 1186 et
983 1147 1091 1186 non
1147 1144 1232 1188 est
1280 1135 1384 1189 iste
1442 1138 1733 1190 suavitatis
1783 1148 1998 1205 gustus.

428 1218 568 1284 Quid
598 1222 744 1273 enim
774 1236 939 1276 suave
970 1232 1054 1278 est
1082 1224 1137 1278 in
1164 1224 1241 1278 ira
1270 1225 1295 1279 τ
1339 1236 1394 1278 et
1430 1237 1579 1283 certe
1618 1227 2002 1283 contendimus

428 1320 484 1365 et
517 1312 609 1365 ira:
646 1313 930 1368 adversum
958 1330 1058 1370 nos
1086 1318 1312 1373 donare.
1349 1317 1491 1385 Quid
1525 1334 1693 1375 suave
1724 1328 1809 1375 est
1843 1321 1895 1375 in
1926 1323 2002 1375 in-

429 1403 569 1456 vidia
607 1402 1097 1473 (95)“!Tabescunt
1148 1408 1291 1463 enim
1335 1421 1388 1463 et
1438 1425 1586 1473 ossa,
1638 1422 1693 1465 et
1732 1427 1905 1477 mens,
1946 1420 2001 1467 et

428 1494 660 1547 medulla
703 1496 1083 1552 invidentium.
1116 1500 1223 1554 Sed
1265 1501 1309 1555 si
1354 1511 1685 1571 apparerent
1715 1505 1998 1573 passiones

426 1599 546 1639 cum
583 1586 795 1655 ﬂerent,
827 1606 934 1645 non
963 1600 1149 1647 essent
1181 1594 1486 1661 passiones.
1520 1594 1678 1650 Sicut
1699 1597 1843 1651 enim
1892 1600 1995 1650 do-

426 1677 544 1731 lens
581 1680 767 1734 oculus
800 1697 904 1735 non
941 1683 1105 1747 videt,
1149 1695 1206 1739 et
1240 1686 1291 1739 in
1329 1695 1594 1756 quantum
1646 1686 1815 1752 dolet,
1875 1697 1998 1741 Ian-

426 1782 538 1825 tum
568 1782 620 1826 et
655 1788 683 1825 a
712 1773 918 1829 visione
952 1775 1283 1843 impeditur:
1318 1777 1393 1831 ita
1422 1787 1478 1832 et
1508 1777 1689 1831 anima
1722 1793 1842 1847 quae
1878 1792 2001 1845 pas-

424 1862 605 1917 siones
652 1864 905 1930 incurrit,
954 1880 1060 1919 non
1093 1868 1338 1921 intuetur
1385 1868 1735 1937 ignominiam
1789 1881 1995 1923 suam:

422 1954 693 2023 siquidem
733 1972 829 2011 nec
855 1956 1038 2011 ebrius
1069 1959 1233 2012 sentit
1261 1974 1382 2033 cum
1422 1960 1700 2014 irridetur.
1738 1960 1999 2030 Evigilate

424 2044 589 2114 igitur
639 2054 692 2099 et
748 2047 1091 2113 resipiscite;
1137 2048 1534 2102 confundimini
1586 2050 1709 2116 quia
1760 2051 1827 2102 ab
1875 2049 1997 2103 aliis

423 2135 683 2189 ediscitis.
726 2136 1045 2204 Quicunque
1070 2138 1215 2192 enim
1251 2146 1377 2205 post
1410 2139 1720 2207 passionem
1766 2154 1994 2206 percus-

423 2236 613 2280 serunt
646 2242 739 2280 cor
762 2229 1113 2297 pmniteutes,
1144 2229 1357 2282 liberati
1390 2240 1539 2285 sunt.
1583 2231 1639 2284 Si
1673 2240 1853 2284 autem
1890 2244 1994 2283 non

423 2326 830 2382 percusserunt,
878 2319 1105 2371 necdum
1160 2319 1375 2374 liberati
1422 2322 1491 2374 ab
1545 2320 1811 2373 ebrietate
1844 2329 1991 2375 sunt.

423 2406 531 2460 Sed
557 2407 809 2460 illicimur
840 2409 955 2461 visu
983 2410 1048 2461 ad
1084 2410 1539 2478 pulchritudinem
1562 2411 1830 2465 vultuum.
1855 2410 1993 2475 Quid

422 2498 560 2552 caelo
592 2508 675 2551 est
706 2498 919 2564 melius,
948 2501 1121 2569 quid?
1168 2501 1359 2556 Melius
1389 2510 1473 2557 est
1501 2504 1729 2557 credere
1766 2502 1875 2555 Deo
1910 2503 1993 2555 di-

422 2589 562 2642 centi
602 2606 616 2642 :
650 2588 902 2658 Respicite
935 2593 988 2645 in
1018 2592 1183 2645 altum
1210 2594 1380 2647 Deum
1413 2594 1581 2648 oculis
1608 2596 1808 2657 vestris,
1839 2603 1887 2646 et
1921 2594 1993 2647 vi-

419 2678 537 2731 dste
563 2680 681 2746 quis
716 2681 951 2733 condidit
988 2686 1167 2735 omnia
1199 2684 1302 2737 ista
1335 2684 1401 2735 “.
1429 2684 1567 2750 Quid
1604 2685 1671 2737 ita
1706 2684 1993 2753 pulchrum

421 2767 475 2821 in
503 2771 659 2823 oculo
680 2781 763 2823 est
796 2773 1056 2836 mulieris,
1088 2784 1349 2841 quantum
1382 2775 1461 2827 sol
1494 2775 1657 2829 habet
1684 2776 1735 2829 in
1772 2773 1992 2843 fulgori-

421 2860 701 2915 bussuis?
736 2863 873 2928 Quid
910 2865 981 2917 ita
1020 2865 1177 2919 ﬂoret
1205 2867 1255 2919 in
1288 2866 1469 2921 fronte
1521 2868 1761 2929 mortali,
1818 2882 1993 2934 quan-

422 2960 535 3005 tum
579 2955 630 3005 in
674 2954 818 3007 omni
867 2955 1005 3008 creto
1042 2956 1289 3024 splendet
1326 2957 1471 3025 quod
1502 2957 1751 3009 videtur?
1782 2956 1907 3024 quia
1941 2964 1996 3011 et

423 3040 544 3094 aliis
576 3041 815 3095 varietas
846 3044 1132 3111 vestigium
1181 3044 1337 3098 illieit
1389 3053 1446 3097 ut
1479 3043 1669 3097 stellm.
1722 3043 1826 3097 Sed
1857 3043 1994 3097 forte

2112 588 2160 639 vi
2192 589 2249 641 in
2281 585 2399 653 ejus
2423 599 2518 640 ore
2541 583 2797 652 imposuit
2822 600 2838 637 :
2869 581 2963 637 sed
2991 582 3255 652 scriptum
3282 590 3386 646 est,
3414 583 3536 652 quia
3568 598 3687 637 mu-

2068 678 2209 731 'lier
2254 690 2414 731 suasa
2466 674 2740 744 protendit
2785 688 3008 727 manum
3056 674 3124 728 ad
3179 675 3450 739 arborem,
3511 684 3566 727 et
3620 689 3685 728 os

2106 766 2360 835 aperiens
2409 780 2587 830 suum,
2632 764 2860 819 immisit
2912 763 3171 819 fructum.
3232 764 3446 820 Utinam
3497 774 3679 818 autem

2109 858 2297 913 fuisset
2320 858 2437 912 vis!
2481 858 2562 911 vis
2611 857 2754 910 enim
2812 872 2920 912 non
2965 866 3226 926 procurat
3276 864 3529 923 mortem,
3583 857 3679 911 sed

2108 952 2203 1005 dat
2234 962 2291 1007 ut
2318 953 2648 1022 ignoscatur.
2683 950 2789 1005 Sed
2821 950 3276 1020 quemadmodum
3307 948 3565 1018 scriptum
3597 956 3682 1001 est

2105 1043 2401 1110 videamus,
2463 1052 2523 1097 ut
2585 1043 2802 1098 edoceri
2864 1042 3137 1111 possimus
3183 1050 3446 1110 quantum
3501 1048 3681 1109 potest

2106 1136 2369 1205 diabolus.
2396 1136 2704 1191 Amicitiam
2735 1134 2910 1199 ﬂnxit,
2937 1134 3176 1188 ostendit
3198 1133 3676 1203 pulchritudinem,

2104 1227 2292 1291 suasit,
2320 1226 2591 1296 promisit,
2626 1226 2746 1280 ideo
2780 1225 2905 1294 quia
2932 1226 3040 1278 vim
3069 1226 3251 1279 facere
3284 1238 3393 1278 non
3440 1221 3675 1275 valebat.

2103 1314 2169 1368 Et
2200 1331 2341 1369 nunc
2371 1314 2525 1369 multi
2563 1316 2793 1370 suadent
2818 1314 2944 1378 sibi,
2978 1314 3105 1384 quia
3161 1306 3461 1367 tr'abuntur
3486 1326 3517 1366 a
3552 1311 3676 1378 qui-

2101 1407 2346 1461 busdam.
2386 1406 2464 1459 llli
2496 1406 2639 1459 enim
2668 1407 2760 1476 qui
2789 1405 2922 1461 foris
2948 1414 3096 1471 sunt,
3144 1404 3286 1459 forte
3336 1410 3515 1457 autem
3569 1403 3674 1455 ali-

2102 1498 2194 1567 qui
2227 1507 2281 1552 et
2311 1512 2376 1551 ex
2412 1498 2495 1552 his
2523 1498 2613 1565 qui
2651 1498 2793 1551 intus
2821 1506 2967 1564 sunt,
2994 1506 3187 1564 putant
3208 1511 3269 1552 se
3312 1510 3342 1550 s
3388 1495 3561 1550 stellis
3596 1504 3677 1548 at-

2104 1586 2269 1653 trahi,
2294 1586 2492 1640 malum
2518 1585 2662 1639 malo
2688 1594 2943 1642 curantes
2967 1600 2983 1650 ;
3011 1594 3204 1641 etcum
3232 1585 3495 1641 deberent
3520 1599 3673 1639 suam

2104 1679 2363 1735 malitiam
2390 1678 2662 1743 conﬁteri,
2698 1678 2848 1733 aliud
2882 1679 3059 1749 majus
3108 1676 3307 1731 malum
3340 1675 3670 1745 praecedenti

2104 1770 2247 1825 malo
2278 1780 2670 1839 supraponunt.
2696 1770 3019 1825 Creaturam
3051 1770 3249 1840 quippe
3289 1769 3526 1838 propriis
3558 1782 3677 1822 ma-

2100 1860 2165 1912 lis
2195 1861 2650 1924 contaminantes,
2676 1860 2822 1913 aliud
2860 1868 3041 1914 autem
3070 1872 3191 1912 cum
3220 1858 3463 1926 superati
3487 1872 3515 1910 a
3544 1870 3675 1911 con-

2101 1951 2451 2019 cupiscentiis
2485 1952 2708 2017 fuerint,
2743 1950 3057 2006 remiserint
3085 1960 3266 2004 autem
3303 1948 3483 2003 fenum
3519 1949 3666 2016 cogi-

2102 2051 2247 2099 tatus
2272 2044 2379 2107 sui,
2407 2052 2599 2112 putant
2630 2042 2949 2097 inﬂrmitate
2977 2040 3295 2110 frequenter
3322 2054 3381 2095 se
3412 2040 3577 2104 vinci,
3622 2048 3677 2095 et

2100 2149 2206 2189 non
2248 2150 2345 2190 suo
2396 2136 2673 2204 proposito
2726 2134 3048 2203 negligenti.
3100 2132 3156 2185 Si
3185 2133 3307 2200 quis
3337 2139 3516 2184 autem
3551 2130 3670 2185 vult

2099 2232 2348 2277 naturam
2377 2237 2691 2292 agnoscere,
2730 2240 2833 2279 non
2871 2223 2955 2277 his
2988 2238 3108 2292 quae
3143 2221 3450 2291 praescribit
3502 2238 3672 2292 agno-

2099 2323 2254 2379 scat;
2298 2314 2420 2383 quia
2462 2329 2558 2369 nec
2589 2313 2750 2369 debet
2800 2314 3041 2368 accusari
3079 2313 3273 2383 regalis
3310 2329 3561 2369 nummus
3602 2315 3673 2368 ab

2099 2406 2362 2463 adultero.
2421 2406 2570 2460 Illam
2614 2404 2990 2460 fortitudinem
3026 2415 3236 2460 natura:
3274 2415 3327 2461 et
3370 2406 3665 2476 cogitatum

2099 2497 2299 2562 videat,
2336 2511 2459 2551 cum
2506 2498 2951 2567 concupiscentia
3006 2496 3279 2565 hortatur,
3328 2513 3450 2552 cum
3506 2497 3671 2552 libido

2100 2598 2272 2657 rogat,
2308 2596 2361 2641 et
2396 2604 2501 2643 nox
2534 2589 2879 2644 occasionem
2907 2587 3152 2657 prtebet:
3201 2588 3475 2657 quomodo
3517 2588 3664 2658 cogi-

2100 2689 2245 2733 tatus
2277 2694 2306 2732 e
2333 2688 2520 2733 contra
2548 2679 2817 2733 obstruit:
2849 2678 2976 2747 quia
3001 2687 3055 2731 et
3077 2678 3128 2731 in
3159 2678 3501 2747 passionibus
3531 2694 3670 2732 mar-

2101 2780 2299 2840 tyrum,
2334 2784 2526 2823 manus
2552 2769 2766 2837 quidem
2801 2770 3027 2833 radunt,
3063 2769 3204 2823 oculi
3236 2779 3419 2823 autem
3453 2770 3668 2823 minan-

2098 2868 2203 2925 tur,
2236 2870 2291 2914 et
2325 2860 2515 2917 dentes
2545 2862 2671 2914 dum
2705 2860 2940 2915 strident
2986 2870 3210 2927 terrent,
3251 2869 3307 2917 et
3353 2862 3589 2932 tyranni,
3621 2874 3670 2916 et

2096 2952 2278 3023 gladii,
2309 2961 2362 3006 et
2396 2952 2555 3021 ignis,
2581 2962 2635 3008 et
2664 2951 2811 3007 mille
2837 2954 3047 3023 species
3074 2953 3269 3008 mortis
3304 2963 3668 3023 apponuntur,

2096 3054 2152 3097 et
2177 3043 2449 3112 cogitatus
2475 3058 2581 3097 non
2622 3041 2883 3099 ﬂectitur.
2913 3044 3018 3099 Sed
3047 3044 3186 3099 alius
3223 3045 3401 3100 victus
3427 3054 3510 3099 est
3536 3063 3550 3099 :
3578 3046 3668 3097 sed

422 3132 465 3184 si
493 3141 680 3187 essent
712 3133 762 3185 in
794 3134 991 3198 medio,
1018 3142 1075 3186 ut
1105 3134 1171 3185 ad
1202 3133 1662 3201 comparationem
1703 3132 1844 3197 dico,
1898 3133 1995 3186 ali.
2024 3155 2065 3213 α
2100 3148 2206 3187 non
2241 3149 2269 3187 a
2305 3134 2463 3189 victis
2503 3134 2699 3191 debent
2735 3135 2949 3202 agmina
2987 3134 3245 3189 militaria
3281 3134 3540 3204 iudicari.
3583 3122 3674 3191 Ille

422 3225 613 3276 munia:
641 3225 865 3276 diversa:
890 3240 904 3285 ;
936 3233 985 3275 et
1022 3224 1067 3276 si
1107 3223 1363 3291 possibile
1392 3220 1536 3276 eSset
1563 3231 1614 3277 et
1651 3224 1848 3275 artium
1877 3224 1994 3291 pul-

422 3314 759 3367 chritudines
789 3314 938 3382 poni,
968 3315 1337 3366 adunarentur
1365 3321 1543 3365 autem
1574 3321 1629 3366 et
1657 3314 1839 3366 omnia
1874 3316 1992 3367 aui-

424 3404 606 3467 tnalia,
636 3413 688 3456 et
720 3413 1111 3472 proponeretur
1144 3403 1304 3457 lectio
1332 3402 1443 3472 (96)
1476 3420 1490 3458 :
1527 3402 1711 3459 statim
1740 3406 1891 3471 porci
1927 3405 1992 3456 ad

420 3506 628 3549 stercus
656 3504 961 3557 currerent,
991 3509 1177 3548 mures
1204 3494 1269 3547 ad
1296 3493 1399 3546 alia
1432 3492 1736 3548 istiusmodi
1792 3507 1991 3547 conve-

422 3588 625 3641 nientia
654 3587 754 3641 sibi
785 3596 839 3641 et
865 3588 1037 3640 amica
1072 3603 1085 3640 :
1121 3586 1256 3641 asini
1306 3594 1511 3651 autem,
1546 3594 1601 3639 et
1632 3584 1736 3638 alia
1771 3601 1890 3653 qua:
1919 3585 1990 3638 ita

421 3688 547 3733 sunt
576 3678 725 3732 tarda
761 3678 1037 3743 animalia,
1094 3678 1183 3731 illa
1233 3678 1451 3746 quidem
1499 3676 1681 3729 fenum
1724 3685 1990 3745 peterent,

420 3771 524 3824 alia
550 3772 618 3823 ad
652 3784 716 3827 ca
752 3784 873 3839 qum
912 3776 1239 3823 consuerunt
1273 3783 1331 3822 se
1352 3766 1661 3836 jungerent.
1693 3765 1864 3821 llomo
1896 3782 1989 3819 au-

419 3869 527 3915 tem
562 3860 876 3929 dignitatem
919 3860 1157 3914 hominis
1183 3859 1403 3914 salvans
1434 3858 1501 3912 ad
1531 3868 1676 3913 artes
1722 3869 1989 3921 curreret,

417 3964 471 4006 et
500 3954 566 4007 ad
596 3950 905 4020 spectacula
933 3950 1130 4003 artium
1158 3958 1497 4018 properaret.
1552 3946 1609 4001 Si
1662 3947 1781 4016 quis
1810 3957 1990 3999 autem

419 4053 564 4100 esset
609 4046 772 4098 homo
812 4057 941 4098 vere
989 4052 1042 4096 et
1090 4042 1329 4096 hominis
1354 4040 1573 4095 salvans
1605 4055 1863 4106 sensum;
1895 4043 1989 4093 dc-

419 4135 653 4205 spiciens
684 4147 737 4188 et
762 4134 1018 4189 deridens
1054 4134 1385 4202 relinqueret
1424 4133 1613 4202 utique
1664 4130 1989 4185 sollicitudi-

418 4240 540 4279 nem
571 4227 936 4294 propositam;
972 4223 1271 4291 respiceret
1309 4229 1492 4275 autem
1524 4236 1743 4274 sursum
1782 4220 1846 4273 ad
1873 4232 1990 4273 coe—

422 4316 552 4377 lum,
578 4322 632 4367 et
661 4314 866 4367 videret
893 4328 1012 4381 qua:
1044 4313 1096 4365 in
1126 4311 1269 4366 caelo
1309 4320 1365 4366 et
1416 4311 1672 4379 superius
1710 4309 1851 4364 ccelo
1893 4308 1990 4363 ha-

419 4405 635 4467 bentur,
692 4419 799 4457 non
850 4403 1021 4458 oculis
1065 4402 1157 4456 sed
1212 4411 1415 4467 mente,
1463 4409 1516 4454 et
1558 4414 1664 4453 non
1715 4408 1991 4467 pateretur

2100 3226 2244 3278 enim
2280 3227 2372 3294 qui
2408 3226 2581 3281 victus
2614 3235 2713 3293 est,
2743 3226 2949 3278 ordinis
2976 3226 3149 3279 aciem
3200 3226 3447 3291 dimisit;
3491 3228 3559 3281 ab
3590 3228 3675 3283 his

2100 3327 2279 3366 autem
2311 3314 2402 3380 qui
2442 3321 2719 3381 superant,
2754 3313 2949 3367 debent
2994 3314 3214 3382 agnosci
3252 3317 3492 3383 agmines
3528 3318 3670 3369 mili-

2100 3414 2261 3457 tares.
2292 3405 2423 3470 Quia
2460 3419 2633 3476 neque
2660 3420 2689 3459 a
2724 3404 2883 3461 caacis
2911 3404 3103 3459 oculus
3139 3405 3448 3475 iudicatur,
3496 3423 3671 3478 neque

2097 3508 2125 3545 a
2161 3494 2339 3548 surdis
2373 3495 2545 3561 auris,
2576 3511 2753 3567 neque
2785 3496 2852 3551 ab
2878 3498 3271 3566 aegrotantibus
3317 3506 3533 3564 natura,
3570 3515 3671 3553 nec

2098 3586 2166 3638 ab
2192 3585 2551 3644 infructuosis
2596 3587 2883 3643 arboribus
2925 3588 3081 3657 culpa
3115 3598 3323 3644 naturae
3371 3590 3530 3646 debet
3576 3607 3666 3645 as-

2097 3675 2230 3729 cribi
2262 3694 2275 3729 :
2310 3678 2439 3747 quia
2474 3693 2575 3732 nec
2607 3678 2803 3731 mortui
2835 3679 3079 3734 homines
3106 3680 3356 3735 homines
3384 3690 3534 3746 sunt,
3570 3696 3667 3735 nec

2098 3767 2148 3819 in
2188 3767 2324 3822 vivis
2356 3768 2641 3837 irreligiosi
2672 3780 2726 3824 et
2756 3770 2922 3839 impii,
2955 3786 3129 3840 neque
3166 3781 3450 3843 assumpta
3516 3773 3666 3828 dele-

2098 3858 2262 3913 ctatio
2306 3859 2610 3918 libidinosis
2658 3871 2960 3931 reputatur.
3014 3860 3138 3918 Haec
3179 3863 3323 3918 enim
3375 3872 3460 3920 est
3502 3879 3665 3920 noxa.

2096 3950 2160 4003 Et
2192 3951 2394 4004 utinam
2419 3952 2698 4022 expediret
2728 3952 2924 4021 aliquid
2950 3968 3150 4017 sermo,
3185 3961 3317 4008 utet
3350 3954 3545 4010 iterum
3570 3956 3667 4012 tie-

2095 4050 2197 4095 ret.
2251 4040 2390 4107 Quia
2442 4042 2586 4096 enim
2644 4057 3029 4112 nonnunquam
3078 4052 3339 4111 putantur
3390 4060 3668 4101 sermones

2095 4131 2398 4186 contrarios
2455 4134 2524 4188 ob
2585 4135 2976 4202 speclatiouem
3027 4134 3139 4206 (97)
3192 4135 3398 4191 fructus
3446 4137 3665 4200 aﬂ‘erre,

2096 4224 2235 4278 sicut
2278 4222 2425 4295 ,Deus
2466 4223 2635 4280 Israel
2661 4224 2881 4293 culpans
2922 4225 3091 4280 dicit:
3125 4224 3367 4280 Sustinui
3391 4234 3447 4281 ut
3476 4228 3667 4297 facere:

2095 4329 2270 4381 uvam,
2328 4314 2449 4382 fecit
2497 4324 2675 4370 autem
2708 4316 2886 4383 spinas
2929 4314 3014 4381 ";
3056 4317 3365 4372 exhortatio
3422 4320 3664 4388 quautam

2096 4404 2329 4459 eﬂicitur
2372 4406 2438 4458 ad
2495 4405 2821 4471 docendum,
2873 4420 2937 4461 eo
2988 4408 3133 4475 quod
3188 4424 3292 4461 non
3340 4408 3667 4464 fructificant

420 4499 671 4551 deorsum
730 4496 781 4549 in
826 4508 985 4549 coeno
1032 4493 1288 4547 volutari.
1327 4491 1433 4546 Sed
1487 4491 1613 4560 quid
1672 4491 1935 4545 faciemus
1967 4489 1990 4541 τ
2022 4476 2065 4530 D
2097 4497 2279 4550 verba.
2317 4496 2595 4565 Siquidem
2617 4504 2671 4551 et
2699 4496 2805 4550 illic
2833 4498 2961 4551 dicit
2993 4498 3131 4551 Deus
3159 4515 3175 4552 :
3204 4498 3395 4552 Omnia
3422 4516 3667 4568 quincun-

422 4590 560 4644 Deus
591 4588 835 4656 superius
861 4586 1000 4641 caelo
1027 4594 1109 4640 est
1154 4594 1208 4639 et
1257 4580 1478 4652 ubique.
1514 4582 1762 4637 Mortalia
1811 4589 1989 4635 autem

419 4681 562 4733 circa
597 4680 737 4732 latus
766 4677 1021 4741 illicinnt,
1055 4686 1109 4729 et
1138 4688 1312 4743 neque
1345 4674 1610 4735 dicentes,
1667 4685 1841 4740 neque
1894 4686 1991 4723 au-

418 4772 632 4826 dientes
676 4767 981 4823 excitamur
1024 4781 1055 4820 a
1100 4779 1292 4820 somno
1334 4780 1351 4829 ;
1406 4765 1499 4818 sed
1546 4763 1684 4816 sicut
1733 4777 1855 4816 cera
1902 4769 1994 4813 aut

419 4862 697 4932 plumbum
728 4859 962 4915 infusum
992 4860 1215 4913 auribus
1252 4856 1451 4911 nostris
1478 4852 1698 4908 obturat
1725 4852 1994 4907 sermonis

422 4956 749 5023 ingressum,
772 4960 826 5005 et
856 4950 1158 5005 clamamus
1196 4948 1315 5001 sine
1350 4960 1512 5001 causa
1543 4962 1557 4998 :
1592 4943 1814 4998 trabunt
1848 4944 1990 4997 enim

422 5060 542 5112 qua:
573 5046 854 5098 attrahunt
883 5056 985 5096 non
1019 5055 1141 5094 cum
1173 5040 1245 5103 vi,
1280 5038 1547 5105 siquidem
1604 5050 1704 5090 nec
1757 5036 1934 5104 pisces
1962 5051 1990 5088 a

421 5135 630 5206 laqueis
675 5133 803 5188 cum‘
834 5134 883 5187 vi
919 5132 1213 5186 trahuntur
1264 5129 1503 5198 quandiu
1551 5136 1607 5181 et
1651 5127 1989 5195 capiuntur:

419 5241 594 5295 neque
622 5224 866 5281 diabolus
900 5229 1005 5279 vim
1037 5225 1167 5277 facit
1196 5220 1529 5284 hominibus,
1567 5217 1660 5272 sed
1718 5218 1987 5271 hortatur.

419 5315 535 5372 Non
560 5319 703 5372 enim
730 5317 992 5386 scriptum
1026 5324 1130 5377 est,
1180 5316 1303 5381 quia
1338 5310 1547 5378 accepit
1584 5307 1828 5363 diabolus
1870 5321 1989 5361 ma-

488 5435 532 5468 “
563 5435 664 5490 lss.
691 5451 778 5501 η,
804 5434 893 5490 26.
972 5433 1016 5466 ⁸³
1044 5435 1144 5489 lsa.
1172 5449 1226 5497 v,
1261 5431 1314 5484 ι.
1394 5429 1438 5461 ⁵³
1464 5426 1596 5482 ibid.

491 5526 602 5598 (95)
626 5527 749 5598 bis"
779 5526 908 5598 salit
932 5545 1020 5581 cor
1054 5536 1283 5598 propter.

492 5595 601 5665 ('95)
634 5596 838 5651 Tutela.
865 5597 1046 5659 Forte,
1077 5595 1300 5647 turbela.

490 5662 602 5739 (95)
633 5665 758 5729 Msa,
787 5668 913 5730 quid
940 5682 1097 5718 stutve
1124 5675 1197 5717 est
1222 5665 1277 5716 in
1304 5662 1496 5714 invidis
1522 5662 1545 5713 .’

742 5763 1013 5819 Ρηιιοι..
1064 5759 1180 5817 Gtt.
1230 5756 1458 5817 XXIV.

2096 4602 2194 4655 que
2224 4587 2375 4638 debui
2399 4586 2569 4655 facere
2599 4586 2699 4654 feci
2734 4587 2895 4639 viuere
2930 4602 3058 4639 mea:
3088 4586 3155 4640 δ’.
3192 4587 3324 4653 Quia
3364 4589 3509 4642 enim
3538 4605 3669 4643 con-

2100 4678 2294 4731 trarius
2322 4679 2711 4746 exspectationi
2743 4678 2918 4730 attulit
2949 4678 3179 4744 fructus,
3210 4679 3307 4743 ait,
3354 4678 3665 4734 Subducam

2096 4767 2321 4821 imbrem
2354 4769 2420 4821 ab
2438 4782 2500 4822 ea
2528 4784 2541 4822 :
2575 4768 2759 4836 utquid
2792 4768 2933 4840 enim
2955 4767 3164 4837 pluvias
3194 4767 3245 4822 ei
3272 4768 3440 4822 vinea:
3480 4769 3531 4822 in
3560 4784 3665 4837 qua

2100 4874 2203 4911 non
2237 4866 2535 4927 exsurgunt
2560 4857 2804 4911 fructus?
2836 4857 2901 4911 Et
2928 4858 3054 4922 alia,
3088 4858 3284 4929 inquit,
3313 4860 3494 4913 omnia
3526 4875 3667 4927 quae.

2098 4962 2311 5016 cunque
2340 4946 2440 5001 feci
2473 4948 2537 5000 ad
2567 4946 3041 5002 fructiﬁcationem
3074 4946 3210 5016 ejus,
3244 4949 3489 5020 quazdam
3538 4950 3660 5019 qui-

2100 5039 2218 5090 dem
2255 5036 2518 5102 auferam,
2551 5037 2793 5107 qumdam
2830 5046 3009 5091 autem
3045 5046 3306 5101 evertam,
3341 5046 3397 5089 ut
3438 5051 3540 5090 non
3568 5052 3659 5092 cu-

2098 5125 2309 5179 stodita:
2358 5127 2524 5195 spinre
2567 5135 2621 5179 et
2664 5125 2835 5180 imbre
2868 5125 3054 5197 rigatis
3105 5125 3388 5180 ﬂorescant
3426 5143 3440 5180 :
3475 5137 3567 5179 aut
3597 5140 3666 5181 ex

2099 5216 2333 5285 negotiis
2364 5229 2453 5269 aut
2483 5232 2548 5271 ex
2581 5216 2880 5283 Scripturis
2928 5218 3304 5271 condiscamus
3341 5218 3664 5285 religiosita-

2100 5316 2227 5362 tem.
2264 5307 2309 5363 Α
2351 5308 2580 5379 negotiis
2613 5309 2827 5378 quidem
2856 5309 3131 5361 videamus
3156 5308 3401 5361 mortalia
3438 5318 3493 5361 ut
3524 5323 3670 5363 mor-

2169 5512 2282 5582 (96)
2312 5510 2504 5582 Lectio.
2572 5510 2730 5582 Forte
2759 5511 2964 5566 electio.

2171 5577 2285 5649 (97)
2341 5580 2528 5634 Graece
2575 5580 2737 5635 fuisse
2799 5582 3037 5645 videtur,
3100 5577 3249 5650 παρὰ
3314 5578 3670 5649 προσδοκίαν,

2100 5661 2287 5723 ργιεεεν
2310 5653 2767 5718 exspectationem.

3270 5740 3348 5801 38
