4134 6428
465 382 606 442 {[95

470 500 617 562 talia,
657 493 992 551 transeuntia
1020 494 1432 548 uttranseuntia
1481 512 1492 546 :

468 602 549 645 sta
600 599 692 642 aut
746 588 1052 651 inhonesta,
1089 584 1170 639 vel
1203 601 1232 637 a
1269 585 1496 652 negotiis
1542 596 1598 639 et
1633 599 1660 637 a
1690 583 1895 648 litteris
1930 583 2042 653 (98)

469 680 786 744 vide.,Deus
821 687 1042 746 propter
1075 678 1504 732 misericordiam
1537 678 1619 730 sui
1650 676 1842 730 scribit
1869 677 2043 730 homi-

471 787 570 826 nes
600 771 970 824 inobedientes
995 782 1118 822 esse
1149 783 1254 822 non
1286 769 1508 822 debere.
1551 766 1717 820 Putas
1749 765 2046 834 fatigantur

473 863 690 932 quidam
723 876 843 915 esse
864 860 1089 930 pudici?
1123 859 1236 912 Non
1269 861 1462 913 mirum
1489 869 1668 912 autem
1702 858 1744 911 si
1772 855 2046 910 libidinosi

477 973 583 1011 non
617 955 802 1011 satiati
829 957 941 1024 jam
979 964 1218 1010 cessant.
1261 954 1317 1008 Si
1356 955 1498 1008 enim
1524 954 1606 1006 his
1631 952 1722 1020 qui
1759 952 1892 1006 bene
1919 966 2047 1005 cur-

473 1061 605 1106 runt
647 1052 802 1105 labor
844 1058 948 1113 est,
1001 1051 1084 1102 his
1119 1049 1209 1117 qui
1249 1047 1388 1101 male
1420 1055 1648 1100 currunt
1696 1060 1791 1097 cur
1822 1043 2049 1097 satietas

474 1159 581 1197 non
631 1141 910 1196 habetur?
959 1139 1238 1209 Fatigatur
1271 1138 1393 1207 quis
1441 1136 1650 1190 faciens
1682 1137 1862 1200 bene;
1909 1133 2050 1187 male

473 1243 654 1286 autem
684 1231 893 1285 faciens
935 1245 1040 1283 non
1065 1229 1342 1282 satiatur?
1396 1226 1580 1294 Equus
1616 1227 1670 1279 in
1711 1239 1877 1278 cursu
1931 1221 2047 1277 elli-

473 1322 617 1375 citur
649 1322 850 1375 sudans
877 1337 892 1385 ;
926 1328 980 1372 et
1002 1319 1176 1372 malus
1209 1332 1437 1372 currens
1469 1325 1628 1384 putas
1654 1331 1758 1368 non
1792 1313 2052 1382 fatigatur

475 1413 532 1468 in
553 1412 787 1466 sudore?
805 1411 921 1464 Non
946 1412 1087 1464 enim
1117 1419 1320 1463 tantum
1341 1408 1596 1476 exprimit
1613 1419 1807 1460 cursus
1829 1418 2051 1472 equum,

477 1513 739 1572 quantum
767 1517 859 1556 eos
893 1502 985 1570 qui
1035 1501 1242 1554 malitia
1291 1508 1541 1553 utuntur.
1587 1496 1808 1551 Cessate
1839 1510 1868 1548 a
1901 1493 2057 1548 mali-

477 1594 571 1648 tiis
615 1595 834 1656 vestris,
892 1599 946 1644 et
998 1592 1193 1645 iterum
1242 1591 1492 1644 odientes
1539 1588 1738 1640 malum
1763 1583 2054 1655 jungimini

477 1685 641 1738 bono.
684 1681 799 1735 Non
834 1681 1051 1750 prodest
1087 1680 1295 1734 malitia
1323 1680 1505 1741 malo;
1541 1677 1742 1731 malum
1767 1675 1912 1729 enim
1948 1684 2053 1735 est,

479 1775 691 1830 etiamsi
720 1776 1019 1829 sentiamus
1059 1781 1152 1826 aut
1180 1788 1288 1826 non
1320 1771 1645 1826 sentiamus.
1680 1769 1849 1836 Magis
1875 1774 2052 1819 autem

1139 373 1404 431 EUSEBll
1445 370 1919 429 (ΣᾸΞΞᾹΒΙΕΝΞΙΒ
1957 369 2087 424 OPP

2175 368 2333 422 ἈΗΒ
2372 366 2459 420 iv.
2494 398 2560 407 -
2600 349 3022 420 ΒΟΟΜΛΊἸΟΑ.

3592 358 3732 414 “96

1544 507 1646 546 non
1687 493 1836 547 vides
1873 493 2039 546 hone-
2071 502 2116 556 Α
2145 492 2321 546 visio!
2362 490 2449 544 ubi
2503 497 2628 542 sunt
2668 485 2856 542 oculi?
2894 500 2926 540 ο
2973 485 3129 539 bonae
3183 479 3578 536 adhortationis
3607 493 3734 538 sen—

2148 599 2236 637 sus
2263 585 2276 636 !
2316 583 2404 636 ubi
2433 581 2671 636 sensus?
2699 579 2788 633 ubi
2821 574 3138 646 cogitatus?
3191 571 3332 640 Quid
3372 570 3734 640 reprehendi-

2152 676 2223 730 sti
2257 674 2344 727 illa
2375 673 2398 725 ’ἐ
2429 672 2559 740 quid
2598 668 2864 739 agnovisti
2903 665 3146 720 in-istis?
3182 664 3270 717 ubi
3295 661 3586 715 annotinus
3603 675 3732 716 cur-

2149 782 2264 828 sus,
2295 775 2355 818 ut
2387 776 2443 818 et
2465 775 2780 832 perseveres
2813 760 2866 814 in
2905 757 3164 827 praesenti
3209 768 3354 808 anno
3393 753 3446 807 in
3483 765 3644 806 caeno
3677 759 3734 804 to

2150 858 2372 912 volvens
2419 856 2444 910 ’ἒ
2499 855 2588 909 ubi
2639 863 2767 908 sunt
2819 866 2941 921 qua:
2996 848 3331 904 manducasti
3394 853 3519 898 ante
3568 843 3735 896 istum

2151 950 2315 1013 diem,
2351 957 2410 1002 ut
2461 946 2686 1001 festines
2733 942 2848 1014 (99)
2900 951 2956 995 et
2995 939 3200 994 hodie?
3231 953 3392 1007 quem
3422 935 3659 988 fructum
3700 947 3737 986 a

2153 1040 2380 1094 libidine
2434 1037 2718 1106 accepisti,
2776 1044 2834 1088 ut
2893 1034 3092 1087 iterum
3144 1030 3210 1084 ad
3268 1029 3438 1096 ipsam
3477 1024 3738 1093 iniuriam

2154 1130 2386 1185 curras?
2439 1130 2495 1182 Si
2553 1137 2731 1180 autem
2791 1140 2891 1178 nos
2940 1122 3151 1177 hortari
3201 1129 3382 1174 vestra
3429 1114 3740 1172 obedientia

2154 1221 2339 1287 vultis,
2371 1219 2663 1273 ostendere
2693 1215 2771 1287 (1)
2801 1217 2915 1284 ipso
2959 1226 3124 1281 Opere
3179 1210 3392 1264 fructus
3443 1203 3740 1260 sermonis.

2155 1311 2308 1366 Nunc
2339 1323 2518 1364 autem
2558 1317 2614 1362 et
2645 1322 2740 1359 vos
2784 1302 3146 1358 adlrortamini
3191 1318 3207 1354 :
3238 1300 3334 1354 sed
3384 1308 3594 1365 tempus
3631 1307 3741 1348 non

2157 1403 2444 1473 permittit.
2494 1399 2638 1453 Deus
2667 1408 2846 1450 autem
2894 1395 3086 1448 liberet
3111 1408 3206 1446 vos
3233 1391 3300 1445 ab
3331 1390 3478 1443 omni
3514 1386 3741 1449 malitia,

2158 1501 2212 1546 et
2261 1491 2467 1559 repleat
2517 1503 2615 1542 vos
2671 1487 2782 1540 suis
2831 1483 3010 1547 bonis,
3047 1493 3107 1537 ut
3138 1479 3380 1534 afferatis
3423 1475 3660 1532 fructum
3687 1475 3742 1527 in

2157 1583 2456 1637 centesimo
2488 1589 2542 1634 et
2570 1576 2908 1645 sexagesimo
2944 1583 3000 1628 et
3035 1572 3312 1627 tricesimo
3340 1581 3590 1629 numero.
3645 1580 3744 1636 per

2158 1673 2437 1728 Christum
2498 1668 2638 1736 ejus,
2692 1680 2789 1736 per
2840 1678 3000 1731 quem
3049 1671 3135 1716 est
3183 1661 3294 1716 Deo
3339 1657 3490 1711 Patri
3535 1657 3736 1727 gloria,

2160 1767 2355 1828 honor,
2409 1760 2720 1830 imperium,
2777 1757 3061 1826 maiestas,
3101 1768 3232 1809 cum
3277 1751 3484 1820 Spiritu
3525 1757 3743 1812 sancto,

483 1867 846 1921 sentientibus
887 1864 1116 1933 simplex
1163 1871 1268 1926 est,
1323 1875 1428 1915 non
1466 1859 1828 1914 sentientibus
1875 1866 2053 1910 autem
2090 1836 2129 1889 Β
2163 1865 2216 1911 et
2252 1868 2396 1908 nunc
2442 1861 2496 1906 et
2536 1863 2772 1918 semper,
2812 1858 2866 1903 et
2907 1863 3002 1917 per
3045 1845 3230 1900 omnia
3285 1840 3480 1898 saecula
3516 1837 3746 1895 saeculo-

482 1958 700 2026 duplex.
738 1955 996 2023 Respicite
1039 1957 1092 2006 in
1134 1954 1302 2006 altum
1344 1952 1514 2006 oculis
1557 1951 1761 2014 uestris,
1792 1957 1839 2002 et
1887 1948 2056 2000 uidete

481 2047 599 2115 quis
638 2047 907 2099 constituit
937 2045 1112 2098 omnia
1149 2045 1251 2098 ista
1288 2043 1350 2097 “.
1379 2043 1423 2098 Ο
1463 2044 1616 2097 bonae
1655 2039 2048 2095 adhortationis

2166 1960 2304 2001 rum.
2331 1944 2524 1996 Amen.

479 2161 3740 2226 ,Wm

1464 2386 2023 2506 EUSEBII
2101 2379 2794 2496 PAMPHILI

1277 2629 1455 2716 DE
1561 2620 2381 2717 OPERIBUS
2487 2616 2977 2711 BONIS

1376 2817 1487 2876 Ex
1517 2811 1809 2892 Epistula
1842 2809 2032 2871 Pauli
2060 2810 2140 2870 ad
2169 2809 2535 2871 Corinthios
2564 2806 2862 2878 secunda,

1846 2975 2082 3038 LIBER
2126 2974 2410 3034 NONUS.

561 3276 1040 3339 Resurrectionem
1094 3273 1310 3328 Domini
1363 3280 1420 3328 et
1463 3282 1773 3340 regressum
1823 3269 1940 3336 ejus
1998 3268 2065 3323 ad
2095 3273 2136 3330 c
2175 3274 2339 3320 tutem
2373 3274 2636 3334 quantum
2670 3265 2736 3318 ad
2765 3278 2887 3318 eum
2926 3263 3018 3334 qui
3054 3261 3362 3317 videbatur.
3399 3258 3464 3314 Et
3494 3273 3600 3313 xxx
3627 3259 3756 3314 totis

490 3372 658 3426 caelos
690 3369 821 3438 ipsis
852 3365 1024 3421 oculis
1078 3362 1327 3416 videntes
1374 3359 1627 3430 apostoli,
1674 3357 2067 3412 dubitationem

491 3478 654 3534 quam
710 3456 1191 3528 ante-passionem
1245 3453 1519 3508 habebant
1577 3451 1968 3517 deposuerunt,
2017 3454 2072 3500 et

492 3566 709 3609 omnem
747 3547 1190 3604 incredulitatem
1227 3559 1256 3597 a
1291 3559 1352 3598 se
1379 3542 1724 3612 pepulerunt.
1765 3538 1887 3608 Ipso
1925 3537 2070 3592 enim

493 3647 614 3700 visu
648 3641 751 3698 sibi
783 3640 916 3695 satis
952 3639 1218 3693 facientes
1255 3635 1378 3703 quia
1406 3633 1706 3687 resurrexit
1757 3639 1815 3685 et
1862 3644 2074 3684 assum-

468 3745 620 3806 ,ptus
644 3733 710 3788 ad
745 3731 912 3786 caelos
937 3737 1021 3783 est
1061 3729 1343 3791 Dominus,
1375 3723 1464 3776 alii
1495 3737 1592 3791 pro
1617 3721 1738 3775 aliis
1765 3719 1942 3775 effecti
1970 3735 2073 3774 no-

497 3833 744 3879 scuntur.
774 3820 968 3875 Petrus
990 3817 1135 3872 enim
1172 3830 1268 3885 pro
1290 3813 1622 3882 juramentis
1665 3821 1721 3865 et
1754 3810 2073 3880 abnegatio-

499 3915 680 3976 nibus,
718 3923 900 3980 praeco
932 3900 1134 3962 'mnndi
1185 3904 1408 3958 effectus
1434 3911 1535 3957 est.
1590 3900 1739 3954 Visio
1770 3900 1914 3954 enim
1950 3913 2074 3952 eum

502 4005 869 4060 firmissimam
904 4009 1113 4069 petram
1141 3995 1340 4060 effecit,
1377 3995 1448 4047 ita
1485 4001 1544 4046 ut
1573 3992 1624 4045 in
1654 4007 1775 4046 eum
1806 4003 1859 4044 ct
1890 3989 2077 4044 Eccle-

507 4099 587 4151 sia
620 4094 1003 4154 aedificaretur,
1033 4099 1086 4144 et
1113 4089 1228 4159 ipse
1255 4094 1464 4154 martyr
1510 4085 1802 4136 exsisteret
1843 4079 2071 4135 Christi.

511 4185 752 4240 Thomas
789 4193 1025 4250 quoque,
1061 4179 1149 4246 qui
1186 4185 1242 4230 et
1292 4184 1415 4243 post
1463 4174 1947 4237 resurrectionem,
1978 4185 2078 4222 an-

509 4289 723 4346 tequam
755 4273 1183 4342 experimentum
1219 4269 1512 4335 acciperet,
1547 4264 1744 4318 dubius
1780 4272 1922 4328 erat,
1955 4261 2078 4332 quia

512 4367 661 4422 misit
692 4365 886 4435 digitos
916 4376 1043 4416 suos
1075 4361 1128 4413 in
1173 4355 1532 4412 foraminibus
1564 4353 1869 4414 clavorum,
1906 4360 1962 4405 et
1999 4351 2079 4404 si-

499 4458 669 4512 bimet
703 4455 804 4526 ipsi
841 4453 978 4508 satis
1005 4450 1153 4514 fecit,
1185 4447 1469 4502 Dominum
1498 4459 1622 4497 eum
1653 4452 1707 4497 et
1742 4442 1907 4494 Deum
1945 4455 2080 4494 con-

505 4548 686 4603 fessus
739 4553 841 4599 est.
893 4544 1025 4598 Erat
1073 4540 1219 4596 enim
1263 4534 1579 4593 incredibile
1605 4535 1769 4587 Deum
1799 4533 2083 4587 advenisse

504 4642 559 4694 in
587 4652 834 4707 corpore,
864 4644 918 4692 et
939 4635 1216 4690 hominem
1247 4630 1413 4686 videri
1451 4626 1731 4683 caelestem
1762 4642 1776 4677 :
1803 4633 1921 4678 erat
1975 4639 2079 4677 non
2116 4617 2159 4671 D

507 4731 858 4794 credendum,
890 4728 1016 4799 quia
1043 4742 1109 4781 ex
1140 4725 1349 4794 virgine
1397 4730 1517 4776 erat
1555 4717 1809 4772 nativitas
1841 4715 1958 4782 ejus
1996 4730 2084 4769 se-

505 4824 740 4881 cundum
761 4821 1109 4876 carnem.lsti
1131 4821 1275 4873 enim
1295 4813 1641 4887 conscientiae
1661 4809 2082 4865 satisfactionem

508 4915 621 4971 sola
674 4910 910 4967 habebat
935 4923 1055 4978 qua:
1085 4905 1566 4977 pepereratvirgo.
1612 4901 1854 4954 Necdum
1907 4907 2083 4953 autem

507 5016 706 5061 natura
752 4999 1078 5062 testabatur,
1133 5011 1308 5066 neque
1359 5003 1534 5047 mater
1589 4991 1826 5046 habebat
1882 4987 2084 5055 aliquid

507 5096 616 5151 tale
664 5092 974 5160 semetipsa,
1026 5101 1200 5156 neque
1246 5085 1312 5139 de
1357 5084 1442 5138 his
1480 5098 1600 5152 quae
1649 5083 1926 5142 deorsum,
1991 5077 2085 5132 sed

507 5188 695 5244 omnia
726 5193 882 5240 erant
908 5179 1272 5238 incredibilia.
1305 5177 1491 5230 Gratia
1519 5175 1663 5230 enim
1697 5182 1816 5228 erat
1866 5172 2087 5226 inenar-

509 5276 721 5338 rabilis,
751 5283 806 5327 et
836 5270 1169 5340 indulgentia
1202 5263 1560 5321 incredibilis.
1605 5261 1723 5315 Alia
1755 5260 1898 5314 enim
1929 5265 2088 5312 erant

512 5366 1018 5436 quae-videbantur:
1069 5361 1162 5432 qui
1210 5358 1356 5413 enim
1409 5355 1712 5420 videbatur,
1747 5366 1873 5406 vere
1903 5360 1957 5404 et
1987 5350 2086 5404 ho-

513 5463 717 5515 minem
771 5456 1114 5512 ostendebat.
1165 5451 1308 5508 Nihil
1359 5450 1502 5505 enim
1557 5445 1841 5502 differebat
1888 5445 1954 5498 ab
1983 5441 2088 5496 alio

515 5551 738 5606 homine
772 5557 1036 5618 quantum
1065 5545 1131 5598 ad
1158 5545 1370 5599 visum:
1403 5542 1530 5612 quia
1573 5536 1886 5594 continebat
1919 5536 2094 5590 virtu-

586 5643 632 5674 “
669 5643 770 5696 lsa.
801 5656 892 5702 χι,
932 5639 1022 5692 26.

586 5731 704 5802 (98)
730 5731 984 5802 Γραφῶν.
1018 5729 1328 5802 serutari:-

595 5794 704 5867 [99)
734 5794 790 5853 Id
827 5794 931 5860 est,
961 5794 1204 5863 epularis.
1238 5794 1352 5848 Vox
1380 5795 1633 5849 barbara.

2174 3353 2332 3407 annis
2365 3366 2473 3406 non
2511 3350 2715 3406 fecerat
2749 3353 2984 3421 signum,
3028 3359 3089 3405 ut
3137 3350 3315 3420 primo
3362 3347 3615 3404 suaderet
3644 3363 3747 3402 nor-

2173 3444 2257 3498 bis
2295 3443 2422 3512 quia
2475 3456 2702 3497 carnem
2764 3443 3079 3513 assumpsit,
3129 3450 3184 3496 et
3229 3441 3554 3496 concederet
3598 3440 3750 3493 carni

2175 3535 2436 3604 prolicere
2467 3534 2519 3588 in
2551 3543 2733 3597 aetate,
2763 3542 2818 3588 et
2841 3548 2946 3587 non
2993 3535 3058 3587 de
3106 3547 3165 3587 se
3216 3531 3481 3600 suspicari
3513 3530 3656 3601 quod
3697 3539 3753 3584 et

2176 3627 2520 3693 suspicarere
2548 3625 2764 3694 quidam
2798 3624 3040 3679 hazretici
3071 3640 3085 3678 :
3113 3632 3168 3678 et
3209 3624 3312 3678 ista
3339 3620 3751 3691 dispensatione

2177 3720 2318 3774 facta
2357 3718 2629 3788 praebebat
2659 3729 2714 3772 et
2761 3718 2863 3771 hoc
2909 3717 3370 3771 incredulitatem.
3410 3713 3558 3768 Nihil
3604 3714 3754 3768 enim

2181 3811 2412 3880 amplius
2461 3811 2755 3878 putabatur
2790 3823 2930 3872 esse,
2983 3824 3148 3877 quam
3204 3807 3251 3862 is
3296 3806 3390 3875 qui
3448 3805 3753 3859 videbatur.

2178 3903 2315 3957 Nam
2369 3911 2423 3956 et
2487 3903 2555 3956 ad
2607 3901 2936 3970 baptismum
2981 3897 3208 3953 Joannis
3251 3895 3763 3962 veniebatzbaptl-

2181 4009 2355 4050 smum
2395 4001 2573 4046 autem
2608 4007 2714 4046 non
2760 4000 2880 4045 erat
2918 3989 3143 4058 simplex
3186 4006 3200 4043 :
3239 3987 3572 4058 ptenitentiae
3615 3985 3762 4039 enim

2181 4094 2301 4141 erat
2318 4085 2670 4152 baptismum,
2695 4081 2947 4150 quodque
2975 4079 3151 4133 adhuc
3178 4077 3349 4146 magis
3371 4076 3645 4131 hominem
3671 4089 3766 4128 os-

2185 4178 2456 4237 tendebat,
2493 4189 2657 4244 quam
2695 4187 2818 4226 eum
2851 4172 2944 4240 qui
2977 4169 3362 4224 occultabatur
3411 4167 3464 4220 in
3512 4165 3758 4220 homine.

2187 4273 2356 4325 Erant
2391 4270 2556 4339 igitur
2583 4271 2685 4324 ista
2729 4269 3123 4338 impedimenta
3157 4265 3304 4328 fidei,
3335 4277 3456 4331 quae
3497 4260 3760 4315 videban-

2188 4371 2296 4425 tur,
2331 4376 2451 4429 quae
2481 4361 2704 4422 fiebant,
2732 4374 2881 4425 esca,
2931 4371 3179 4421 somnus,
3232 4354 3515 4424 provectio
3563 4351 3762 4416 artatis,

2187 4453 2240 4506 in
2275 4462 2416 4506 terra
2445 4451 2830 4505 deambulatio.
2879 4449 2935 4503 Si
2975 4457 3157 4502 autem
3183 4446 3342 4500 vellet
3371 4454 3426 4500 et
3451 4441 3625 4496 Mater
3677 4442 3763 4494 di-

2188 4547 2330 4607 cere,
2363 4542 2500 4608 Quia
2524 4543 2680 4609 'virgo
2714 4555 2941 4595 manens
2989 4553 3112 4592 eum
3163 4538 3323 4591 enixa
3383 4550 3553 4600 sum;
3599 4533 3762 4586 unius

2193 4635 2439 4710 mulieris
2469 4643 2659 4686 contra
2691 4642 2944 4686 naturam
2996 4629 3365 4684 testimonium
3396 4626 3578 4681 minus
3623 4623 3770 4677 vale-

2194 4735 2297 4789 ret,
2323 4733 2378 4777 et
2407 4725 2639 4776 maxime
2675 4723 2816 4791 apud
2851 4721 3087 4776 Judzeos.
3133 4717 3230 4773 His
3259 4718 3425 4788 igitur
3465 4716 3632 4769 tantis
3667 4715 3771 4768 im-

2195 4813 2523 4883 pedimentis
2554 4812 2866 4866 constitutis
2905 4811 2971 4864 ad
3001 4810 3184 4875 fidem,
3214 4810 3454 4862 arduum
3512 4815 3633 4858 erat
3680 4819 3772 4857 su-

2195 4905 2327 4972 scipi
2357 4904 2792 4971 praedicationem
2820 4920 2834 4957 :
2865 4909 2919 4955 et
2952 4901 3186 4954 maxime
3216 4900 3342 4967 quia
3361 4897 3450 4965 qui
3486 4895 3774 4948 videbatur

2195 5009 2301 5048 non
2331 5002 2444 5046 erat
2475 4993 2569 5062 qui
2607 5001 2660 5047 et
2685 4992 3000 5046 dicebatur:
3029 4990 3473 5060 praedicationem
3499 4984 3776 5055 praebebat

2196 5085 2332 5139 nihil
2367 5085 2562 5154 suscipi
2602 5085 2799 5139 debere
2828 5100 2950 5154 quae
2998 5082 3322 5137 videbantur
3361 5097 3374 5133 :
3417 5077 3640 5132 credere
3676 5090 3777 5128 au-

2200 5186 2307 5230 tem
2357 5175 2480 5244 quia
2535 5174 2587 5228 in
2639 5173 2908 5243 principio
2965 5180 3082 5225 erat
3125 5169 3390 5233 Verbum,
3436 5178 3490 5221 et
3535 5164 3775 5220 Verbum

2197 5275 2316 5320 erat
2361 5268 2576 5328 vivens,
2628 5275 2684 5320 et
2734 5265 2875 5319 Deus
2925 5272 3040 5317 erat
3089 5258 3376 5324 Verbum;
3410 5259 3524 5312 haec
3572 5254 3639 5309 ad
3685 5255 3776 5308 illa

2195 5371 2315 5426 quin
2343 5355 2793 5423 inspiciebantur,
2830 5351 3030 5405 nullam
3061 5347 3386 5402 videbantur
3411 5346 3615 5400 habere
3643 5357 3776 5397 con-

2197 5447 2529 5501 sensionem.
2581 5444 3049 5510 Quemadmodum
3085 5455 3220 5511 ergo
3258 5439 3312 5494 id
3358 5437 3503 5507 quod
3536 5435 3772 5490 incredi—

2201 5537 2307 5590 bile
2346 5546 2428 5590 est
2457 5534 2686 5590 efﬁcitur
2716 5531 2998 5600 credibile,
3046 5531 3162 5602 ipse
3209 5529 3340 5588 dicit
3381 5527 3640 5585 Dominus
3674 5524 3776 5582 :Si

2278 5719 2353 5787 tl)
2385 5716 2593 5783 Melius,
2619 5716 2890 5770 ostendite.
