4134 6404
352 399 374 451 Ι
396 396 485 451 19⁸1

1662 391 1747 448 DE
1787 392 2126 448 OPERIBL'S
2169 387 2381 445 BONIS.

3480 387 3611 440 1198

352 530 507 581 opera
543 531 643 566 non
678 513 816 581 facio
852 528 967 583 qua‘
997 512 1177 564 nullus
1207 510 1344 565 alius
1371 511 1522 580 facit,
1546 513 1703 566 nolite
1728 513 1935 565 credere
1966 518 2011 568 A
2041 508 2134 577 qui
2166 506 2329 559 etiam
2362 503 2652 557 mandabat
2682 502 2885 555 curatis
2928 514 2992 553 ne
3028 499 3268 555 dicerent
3304 499 3463 554 alicui
3491 515 3614 569 quae

352 608 481 659 mihi
522 608 585 659 ³³.
631 606 783 661 Sicut
838 607 981 659 enim
1035 606 1178 673 quod
1225 606 1514 659 videbatur
1556 606 1719 659 dabat
1772 604 1928 657 fidem

352 699 476 765 quia.
531 698 693 749 homo
750 706 891 758 erat,
951 697 1021 748 ita
1082 698 1208 747 dum
1258 704 1602 764 operaretur,
1658 696 1932 763 praebebat

352 791 681 858 agnitionem
738 792 863 860 quia
925 790 1083 843 Deus.
1137 788 1469 854 Dormiebat,
1515 787 1931 841 describebatur

351 882 515 935 homo
542 900 556 947 ;
594 882 864 935 suscitans
883 892 1062 933 autem
1092 889 1358 945 mortuos,
1387 880 1713 933 ostendebat
1738 880 1924 932 Deum.

354 974 469 1028 Non
505 976 649 1029 enim
684 989 907 1028 somnus
938 971 1156 1040 quidem
1191 975 1516 1041 suggerebat
1564 970 1798 1025 hominis
1835 984 1931 1021 na-

352 1074 551 1129 turam,
582 1067 911 1120 resurrectio
943 1073 1122 1117 autem
1156 1074 1493 1116 mortuorum
1535 1078 1641 1117 non
1676 1062 1931 1114 ostende-

355 1161 444 1209 bat
483 1157 648 1209 Deum
675 1158 852 1209 vivum
875 1172 938 1209 ex
969 1158 1185 1209 vivente
1211 1156 1319 1210 Deo
1347 1174 1358 1208 ε
1397 1169 1569 1222 neque
1595 1154 1930 1206 manducans

352 1248 569 1314 quidem
616 1248 908 1301 exhibebat
962 1247 1257 1311 hominem,
1320 1262 1384 1301 ex
1439 1247 1629 1314 paucis
1676 1246 1819 1297 enim
1853 1243 1930 1311 (2)

353 1334 585 1401 panibus
636 1349 863 1402 pascens
912 1335 1077 1387 millia
1154 1335 1433 1387 hominum
1483 1349 1587 1387 non
1638 1332 1935 1387 exhibebat

357 1425 520 1476 Deum
566 1442 578 1475 :
634 1440 807 1492 neque
860 1428 979 1479 navi
1035 1428 1252 1495 quidem
1301 1428 1558 1495 navigare
1614 1424 1935 1480 ostendebat

353 1516 668 1579 hominem;
728 1517 780 1569 in
819 1517 1048 1570 summis
1101 1527 1278 1570 autem
1330 1518 1587 1571 fluctibus
1631 1516 1931 1581 ambulare,

353 1620 460 1657 non
512 1605 830 1660 ostendebat
875 1608 1040 1661 Deum
1103 1609 1287 1661 maris.
1343 1607 1448 1662 Sed
1499 1611 1639 1661 sicut
1684 1607 1934 1661 humanae

354 1702 563 1747 natura:
601 1694 937 1749 formabatur
973 1707 1031 1750 ut
1057 1697 1335 1751 diceretur
1380 1698 1563 1761 homo,
1618 1698 1687 1751 ita
1737 1697 1936 1750 divini-

356 1786 484 1838 tatis
517 1786 632 1853 ejus
660 1802 824 1855 opera
855 1788 1259 1842 abscondebant
1284 1799 1337 1844 et
1362 1790 1659 1844 hominem.
1696 1788 1801 1842 Sed
1836 1790 1931 1839 ad-

354 1875 626 1928 mirabilia
665 1877 879 1944 quidem
909 1892 1028 1946 quae
1058 1888 1188 1930 ante
1218 1879 1526 1946 passionem
1566 1893 1717 1931 suam
1765 1877 1931 1930 faeie-

352 1965 466 2029 bat,
501 1966 823 2021 ostendebat
857 1969 982 2035 quia
1029 1969 1227 2029 divinae
1264 1970 1484 2023 virtutis
1527 1980 1671 2024 esset
1730 1971 1929 2023 adven-

355 2066 440 2110 tus
481 2076 493 2109 :
537 2058 602 2111 de
635 2060 1031 2112 resurrectione
1089 2074 1266 2114 autem
1304 2060 1419 2129 ejus
1453 2062 1600 2131 signa
1647 2076 1765 2130 qum
1795 2077 1932 2131 prac-

354 2155 656 2212 cesserant,
692 2163 796 2201 non
828 2148 1082 2202 omnibus
1123 2151 1454 2203 exhibebant
1506 2152 1762 2202 virtutem
1794 2158 1845 2203 et
1872 2149 1934 2202 ti-

355 2239 476 2290 dem
515 2239 933 2293 resurrectionis
956 2239 1095 2307 ejus,
1128 2240 1220 2293 sed
1256 2255 1393 2308 opus
1426 2249 1547 2293 erat
1593 2241 1715 2293 aliis
1767 2241 1934 2307 signis

354 2345 474 2396 quae
512 2345 572 2383 ea
608 2330 889 2383 firmarent
934 2349 946 2382 :
1004 2330 1129 2397 quia
1158 2345 1268 2384 non
1294 2331 1471 2384 solum
1517 2344 1754 2399 praesens
1780 2341 1934 2384 ante-

353 2436 515 2489 quam
552 2430 831 2488 pateretur
855 2430 1112 2489 operatus
1147 2430 1230 2475 est
1257 2422 1528 2475 mirabilia
1557 2438 1571 2473 :
1600 2422 1694 2476 sed
1728 2423 1852 2491 quia
1880 2432 1933 2476 et

350 2522 594 2565 mortuos
637 2512 941 2575 suscitavit,
990 2520 1043 2565 et
1094 2514 1208 2580 ipse
1267 2528 1556 2582 resurgens
1587 2513 1927 2567 mirificatur.

352 2601 458 2655 tbi
483 2616 612 2670 ergo
645 2602 743 2655 ista
777 2609 901 2655 sunt
930 2602 1201 2655 mirabilia
1242 2617 1363 2671 quae
1414 2611 1535 2671 post
1575 2608 1935 2659 resurreCtio-

351 2708 474 2746 nem
543 2704 699 2747 erant
762 2694 1010 2748 facienda
1058 2696 1081 2747 ?
1139 2710 1315 2763 neque
1387 2696 1529 2749 enim
1584 2697 1932 2766 semetipsum

350 2783 552 2837 mundo
599 2785 860 2846 ostendit,
912 2799 1085 2854 neque
1121 2784 1344 2839 Iudaeis.
1404 2784 1461 2839 Si
1512 2786 1677 2853 igitur
1705 2800 1809 2841 non
1840 2802 1932 2842 os—

355 2875 523 2927 tendit
553 2877 934 2944 semetipsum,
962 2875 1235 2943 quomodo
1255 2886 1433 2944 potest
1456 2877 1577 2945 quis
1601 2878 1783 2932 dicere
1808 2878 1932 2947 quia

354 2964 561 3018 faciens
600 2966 869 3020 mirabilia
921 2967 1238 3022 credibilem
1297 2968 1427 3023 fecit
1470 2969 1932 3023 resurrectionem

352 3069 503 3108 suam
530 3056 553 3107 ?
585 3054 783 3111 Judaeis
817 3059 961 3112 enim
988 3060 1339 3128 semetipsum
1373 3075 1476 3114 non
1519 3061 1929 3125 demonstravit,

353 3163 421 3201 ne
453 3148 645 3217 duplex
682 3152 749 3204 ab
782 3150 860 3205 eis
887 3150 1266 3219 irreligiositas
1303 3160 1626 3205 tentaretur.
1680 3151 1788 3205 Sed
1826 3166 1930 3204 non

351 3247 604 3306 poterant
638 3240 856 3293 nolente
886 3240 1020 3304 Deo,
1056 3252 1239 3295 etnon
1261 3242 1594 3296 concedente
1620 3239 1928 3307 Unigenito,

352 3329 589 3382 secundo
631 3346 753 3385 eum
782 3330 997 3400 afligere
1026 3332 1173 3385 cruci
1203 3349 1215 3384 :
1243 3332 1511 3399 siquidem
1548 3344 1649 3383 nec
1700 3331 1931 3397 primam

352 3420 635 3473 audaciam
672 3422 1048 3491 perfecissent,
1094 3421 1196 3474 nisi
1247 3419 1411 3475 Pater
1454 3421 1837 3483 concessisset,
1880 3432 1932 3475 et

350 3512 520 3564 Filius
562 3512 920 3581 permisisset.
966 3512 1071 3566 Sed
1125 3512 1338 3566 interim
1370 3512 1626 3566 alacritas
1670 3513 1806 3565 mala
1836 3514 1931 3565 du-

354 3602 475 3668 plex
516 3600 797 3656 habuisset
830 3602 1053 3654 malitiae
1100 3600 1336 3671 fructum
1376 3620 1389 3653 :
1429 3600 1541 3654 sive
1576 3600 1720 3655 enim
1751 3601 1931 3671 affige-

353 3703 477 3744 reut
514 3691 732 3755 iterum,
765 3691 880 3745 sive
915 3706 1023 3745 non
1055 3690 1356 3760 alligarent,
1380 3690 1579 3744 vellent
1608 3700 1823 3753 autem;
1853 3692 1933 3744 in-

354 3784 512 3836 terim
542 3783 641 3851 ipsi
677 3783 945 3851 duplicem
972 3783 1237 3837 haberent
1274 3783 1637 3850 iniquitatem.
1671 3782 1804 3836 Erat
1836 3798 1933 3835 au-

352 3882 463 3928 tem
487 3876 700 3943 etquod
730 3874 888 3928 fiebat
922 3874 1163 3929 secundo
1186 3872 1515 3943 superfluum
1541 3893 1553 3927 ε
1584 3874 1751 3928 semel
1775 3874 1920 3928 enim

354 3968 690 4022 reconditum
724 3976 841 4020 erat
872 3976 930 4019 ut
954 3966 1291 4034 dispensatio
1309 3964 1677 4034 compleretur
1707 3965 1785 4019 :si
1813 3966 1931 4034 qui-

353 4064 475 4114 dem
509 4075 606 4115 uec
647 4058 902 4127 possibile
937 4066 1053 4111 erat
1078 4066 1199 4126 post
1229 4056 1687 4111 resurrectionem
1735 4072 1933 4125 corpus

355 4151 636 4220 quodjam
669 4150 1131 4203 immortalitatem
1184 4149 1361 4202 fuerat
1408 4148 1689 4216 adeptum,
1728 4148 1928 4201 iterum

360 4245 643 4296 incurrere
673 4251 922 4295 mortem.
958 4239 1064 4293 Sed
1100 4240 1241 4293 sicut
1267 4239 1502 4293 animam
1545 4240 1725 4294 nullus
1756 4250 1934 4308 potest

352 4334 601 4387 occidere
633 4332 758 4401 quia
789 4341 873 4387 est
896 4331 1238 4394 immortalis,
1263 4331 1339 4385 ita
1372 4342 1425 4385 et
1443 4346 1662 4400 corpus,
1694 4347 1815 4385 cum
1850 4332 1931 4385 in-

350 4426 539 4478 dutum
615 4423 776 4478 fuerit
850 4422 1293 4487 immortalitate,
1354 4423 1512 4477 istam
1567 4424 1933 4492 habetlpost

2036 600 2176 668 passi
2214 597 2441 650 fuissent
2472 595 2607 648 bene
2641 594 2740 663 (5).
2769 592 3141 647 Conservabat
3186 590 3331 645 enim
3380 591 3611 659 dignita-

2034 697 2142 741 tem
2176 685 2612 746 resurrectionis,
2655 690 2708 738 et
2739 682 3095 753 regressionis
3128 695 3241 736 sua:
3272 683 3337 735 ad
3368 681 3610 741 Patrem,

2034 788 2083 833 et
2115 778 2380 831 adventus
2408 776 2640 845 Spiritus
2664 775 2859 829 sancti.
2898 774 3039 840 Quid
3078 773 3223 827 enim
3266 773 3440 843 magis
3482 788 3612 826 sua-

2035 869 2195 921 debat
2225 866 2520 935 discipulos
2557 866 2697 933 ejus,
2738 865 2781 919 si
2818 865 2931 933 ipse
2975 862 3178 917 faceret
3215 862 3391 932 signa,
3434 871 3528 917 aut
3566 865 3612 918 si

2034 973 2098 1011 ex
2134 956 2266 1026 ipsis
2289 956 2554 1024 praeberet
2579 956 2830 1008 virtutem
2855 953 3034 1007 facere
3061 952 3267 1022 majora
3298 967 3462 1021 quam
3497 953 3615 1020 ipse

2034 1048 2300 1103 faciebat?
2332 1049 2505 1116 Ipsum
2536 1047 2679 1101 enim
2728 1046 2909 1100 facere
2943 1045 3116 1114 signa,
3152 1054 3209 1099 ut
3244 1054 3371 1114 puta
3414 1045 3614 1115 ejicere

2034 1140 2299 1194 daemonia
2332 1154 2359 1192 a
2392 1138 2715 1206 corporibus
2759 1136 3047 1205 possessis,
3092 1145 3404 1203 suspectum
3452 1150 3480 1188 a
3514 1133 3615 1189 Ju-

2035 1233 2163 1285 daeis
2185 1240 2267 1285 est
2286 1230 2412 1298 quia
2447 1230 2499 1282 in
2534 1228 2838 1283 Beelzebub
2866 1229 2967 1282 hoc
2994 1227 3142 1281 facit.
3169 1226 3404 1295 Cupiens
3427 1237 3609 1280 autem

2037 1337 2261 1392 arguere
2290 1321 2411 1389 quia
2444 1320 2533 1374 Dei
2562 1334 2723 1387 opera
2752 1318 2982 1387 principi
3016 1317 3406 1371 daemoniorum
3434 1317 3612 1370 ascri-

2037 1414 2168 1467 bunt
2202 1414 2393 1477 Judaei,
2446 1422 2498 1466 et
2545 1410 2783 1465 maxime
2823 1424 2885 1465 ea
2935 1424 3057 1477 quae
3103 1409 3391 1464 adversum
3431 1408 3608 1478 ipsum

2035 1506 2331 1574 principem
2372 1504 2759 1557 daemoniorum
2790 1509 2844 1554 et
2872 1500 2992 1568 ejus
3027 1500 3325 1555 exercitum
3370 1499 3594 1563 ﬁebant,

2038 1596 2259 1649 adduxit
2291 1597 2341 1648 in
2375 1595 2609 1647 medium
2649 1594 2717 1646 de
2748 1590 3028 1660 discipulis
3067 1591 3201 1651 suis,
3246 1598 3301 1644 et
3338 1589 3476 1645 dixit
3506 1606 3519 1642 :
3553 1590 3617 1643 Si

2036 1704 2127 1755 ego
2159 1688 2209 1739 in
2254 1685 2536 1739 Beelzebub
2570 1686 2723 1754 ejicio
2759 1684 3042 1745 daemonia,
3088 1682 3189 1750 ﬁlii
3232 1682 3388 1736 vestri
3425 1683 3479 1734 in
3513 1696 3617 1749 quo

2037 1780 2249 1847 ejiciunt
2290 1778 2371 1829 se?
2404 1777 2517 1831 Hoc
2546 1786 2648 1841 est,
2684 1776 2770 1831 isti
2806 1777 2909 1831 mei
2960 1773 3206 1843 discipuli
3230 1774 3321 1841 qui
3359 1788 3429 1828 ex
3462 1774 3618 1827 vobis

2037 1882 2182 1934 sunt,
2218 1872 2267 1923 in
2298 1885 2404 1939 quo
2442 1863 2701 1934 ejiciunt?
2732 1867 2866 1934 Quia
2904 1867 3070 1936 igitur
3108 1880 3169 1919 ea
3216 1879 3338 1935 quae
3383 1864 3450 1917 ab
3496 1864 3618 1932 ipso

2039 1963 2257 2023 fiebant,
2295 1969 2517 2030 propter
2561 1959 2827 2012 malitiam
2879 1955 3292 2026 suscipientium
3341 1954 3613 2008 aliis.ha-

2036 2048 2238 2101 bebaut
2279 2047 2647 2115 suspiciones:
2688 2045 2967 2113 discipulis
3010 2045 3121 2099 suis
3174 2045 3353 2099 omnia
3400 2058 3620 2098 conser-

2037 2138 2217 2199 vabat,
2252 2146 2310 2189 ut
2365 2150 2642 2204 praecones
2690 2134 3110 2189 resurrectionis
3154 2143 3396 2189 mortuos
3444 2134 3619 2188 susci-

2038 2239 2231 2294 tantes,
2278 2245 2449 2284 caecos
2497 2230 2758 2284 facientes
2814 2230 3033 2296 videre,
3090 2229 3298 2284 claudis
3349 2230 3618 2284 donantes

2037 2320 2336 2385 ambulare,
2361 2331 2414 2374 et
2440 2321 2679 2390 leprosos
2704 2322 3082 2388 emundantes,
3106 2335 3420 2376 sermonum
3443 2322 3621 2392 digni-

2038 2421 2196 2466 tatem
2251 2427 2347 2481 per
2401 2412 2667 2467 mirabilia
2721 2414 3093 2468 ostenderent.
3154 2414 3294 2479 Quid
3344 2414 3487 2467 enim
3541 2415 3616 2466 ita

2036 2512 2245 2572 poterat
2268 2502 2506 2557 Lazarus
2539 2512 2659 2571 post
2686 2512 2921 2571 quatuor
2942 2505 3057 2558 dies
3100 2517 3391 2573 resurgens
3413 2518 3443 2557 a
3470 2518 3619 2557 mor—

2039 2600 2146 2654 tuis
2182 2600 2421 2669 praebere
2453 2600 2517 2653 ad
2545 2598 2702 2652 fidem
2738 2597 2823 2652 his
2851 2598 2940 2666 qui
2971 2598 3243 2662 viderant,
3265 2613 3428 2668 quam
3469 2606 3528 2650 ut
3565 2611 3623 2652 et

2041 2695 2139 2765 ipsi
2168 2693 2411 2763 discipuli
2451 2708 2573 2747 cum
2614 2693 2750 2747 alios
2784 2693 3118 2747 suscitarent
3162 2706 3259 2763 per
3299 2692 3623 2759 semetipsos

2041 2795 2282 2841 mortuos
2324 2784 2674 2854 praebebant?
2710 2783 2777 2838 Et
2819 2785 2945 2853 quid
2997 2784 3102 2839 tale
3131 2786 3195 2838 ad
3237 2784 3396 2839 fidem
3428 2784 3618 2843 valuit.

2042 2885 2098 2929 ut
2139 2876 2396 2929 Dominus
2424 2890 2527 2929 non
2572 2874 2796 2929 edoctus
2843 2875 3055 2929 litteras
3092 2875 3318 2944 legeret,
3357 2886 3622 2943 quantum

2045 2967 2234 3021 Petrus
2265 2983 2369 3020 non
2407 2968 2631 3021 edoctus
2653 2967 2891 3037 linguam
2923 2967 3107 3030 ullam,
3143 2966 3282 3021 forte
3308 2982 3373 3019 ne
3404 2967 3624 3034 quidem

2038 3069 2091 3113 et.
2116 3060 2371 3129 patriam,
2421 3060 2559 3114 bene
2600 3060 2748 3114 omni
2804 3060 3118 3128 loqueretur
3160 3059 3360 3130 lingua,
3409 3068 3463 3112 et
3502 3074 3625 3110 om-

1962 3182 2002 3236 C
2040 3167 2163 3207 nem
2200 3151 2447 3206 audiret?
2484 3152 2640 3207 Unde
2666 3160 2720 3206 et
2749 3152 2958 3205 Lazaro
3010 3161 3347 3219 resurgente,
3399 3158 3451 3203 et
3500 3150 3622 3201 aliis

2041 3244 2333 3313 aliquantis
2387 3243 2616 3295 mortuis
2654 3240 2931 3295 suscitatis
2983 3240 3145 3294 etiam
3184 3240 3342 3294 caecis
3389 3240 3621 3293 νίιυοιιιίο

2041 3335 2162 3395 bus,
2201 3334 2295 3386 sed
2321 3342 2375 3385 et
2407 3332 2495 3383 illo
2528 3330 2620 3401 qui
2669 3331 2739 3384 ita
2783 3329 2963 3385 fuerat
3014 3344 3174 3384 natus
3222 3329 3514 3399 recipiente
3543 3329 3622 3381 vi-

2042 3435 2181 3487 sum,
2208 3420 2317 3473 imo
2348 3420 2648 3488 accipiente
2671 3461 2684 3485 ,
2729 3421 3036 3475 emundatis
3070 3420 3237 3474 etiam
3271 3420 3517 3489 plurimis
3545 3418 3622 3470 lc-

2041 3512 2238 3578 prosis,
2297 3523 2352 3566 et
2413 3512 2618 3565 sanatis
2681 3512 2922 3568 millibus
2994 3512 3308 3578 hominum,
3392 3514 3624 3580 negabat

2042 3603 2255 3669 Petrus,
2279 3614 2333 3659 et
2360 3604 2579 3671 jurabat
2608 3619 2674 3661 ne
2698 3604 2915 3674 quidem
2958 3612 3017 3657 ut
3050 3603 3322 3658 hominem
3363 3618 3422 3657 se
3452 3604 3620 3658 scire.

2042 3696 2177 3764 Quia
2211 3708 2392 3753 autem
2422 3700 2570 3754 venit
2623 3699 2862 3769 Spiritus
2905 3706 3126 3753 sanctus
3165 3698 3363 3752 missus
3399 3713 3425 3748 a
3463 3697 3501 3748 F
3510 3697 3619 3759 ilio,

2042 3800 2097 3845 ct
2120 3790 2367 3845 coelfecit
2414 3791 2557 3846 intus
2591 3790 2940 3846 sanctificans
2970 3791 3181 3854 virtus,
3218 3788 3354 3845 alius
3387 3806 3486 3859 pro
3518 3790 3623 3842 alia

2046 3881 2217 3936 factus
2259 3882 2471 3946 Petrus,
2519 3894 2575 3937 et
2613 3884 2723 3953 jam
2772 3882 2976 3950 Spiritu
3028 3881 3352 3949 baptizatus,
3389 3896 3493 3935 non
3537 3896 3626 3935 so-

2043 3973 2152 4027 lum
2185 3988 2293 4026 non
2316 3983 2477 4043 negat
2506 3975 2571 4028 ad
2592 3990 2773 4029 vocem
2798 3974 3008 4043 puellae,
3033 3976 3125 4029 sed
3162 3981 3217 4027 et
3254 3973 3398 4027 omni
3434 3973 3626 4043 popqu

2043 4063 2250 4117 resistit
2293 4072 2392 4117 :et
2422 4064 2511 4132 qui
2560 4074 2719 4119 antea
2773 4080 2831 4119 se
2880 4064 3270 4127 abscondebat,
3319 4079 3463 4117 nunc
3503 4078 3625 4117 cum

2047 4152 2240 4207 fiducia
2273 4154 2338 4206 ad
2375 4154 2637 4208 terminos
2670 4170 2843 4224 usque
2873 4165 3033 4209 terra:
3073 4154 3355 4222 praedicat,
3382 4163 3439 4207 et
3466 4155 3626 4210 docet

2044 4244 2347 4299 universos.
2382 4244 2458 4299 lta
2493 4248 2758 4301 adventus
2790 4246 3028 4315 Spiritus
3052 4247 3252 4312 sancti,
3283 4246 3375 4315 qui
3414 4246 3626 4315 ingres-

2047 4346 2140 4387 sus
2187 4342 2269 4388 est
2307 4334 2359 4387 in
2420 4335 2733 4404 discipulos,
2787 4346 2842 4390 et
2886 4318 3099 4400 effecit,
3154 4336 3618 4391 resurrectionem

2046 4422 2259 4479 Domini
2285 4434 2341 4480 et
2370 4428 2796 4495 assumptiouem
2840 4427 3011 4483 visam
3060 4427 3397 4497 praedicavit,
3430 4438 3485 4482 et
3510 4427 3629 4495 ejus

352 4508 807 4571 resurrectionem
832 4514 1266 4584 promissionem.
1291 4514 1443 4580 Quod
1465 4513 1935 4568 enimimmortale
1970 4533 2013 4587 ι)
2044 4516 2299 4570 virtutem
2338 4518 2701 4571 annuntiavit.
2746 4520 2879 4574 Cum
2912 4520 3055 4573 enim
3093 4519 3338 4575 coelIecit
3364 4518 3625 4588 Spiritus,

352 4608 686 4675 indulgentia
716 4606 921 4661 factum
949 4616 1053 4667 est,
1084 4621 1187 4659 non
1219 4608 1527 4675 potestiam
1561 4608 1934 4675 iuleremptio-

351 4715 475 4753 nem
508 4699 575 4752 ab
597 4698 906 4751 hominibus
934 4695 1286 4766 patiJudaeis
1329 4696 1493 4765 igitur
1519 4705 1643 4766 post
1690 4711 1935 4751 resurre-

350 4790 553 4845 tiouem
598 4804 704 4842 non
753 4802 810 4842 se
851 4788 1136 4841 ostendere
1178 4787 1489 4851 Dominum,
1544 4787 1816 4857 parcentis
1850 4794 1937 4840 est

349 4883 552 4939 Iudaeis
579 4899 592 4936 :
623 4882 714 4951 qui
755 4880 897 4936 enim
949 4878 1378 4949 Hierosolymam
1422 4878 1657 4942 deflevit,
1703 4892 1932 4948 procur-

348 4991 475 5029 rere
527 4974 758 5043 duplicia
792 4974 968 5035 mala;
1014 4988 1120 5026 non
1164 4973 1345 5027 facere
1390 4978 1571 5025 autem
1622 4971 1796 5040 signa,
1846 4980 1939 5025 aut

351 5066 623 5119 modicum
655 5065 781 5133 quid
822 5064 1100 5133 discipulis
1125 5062 1433 5123 ostendere,
1459 5070 1517 5114 ut
1546 5068 1670 5129 puta
1702 5060 1932 5129 piscium

349 5153 535 5207 subito
558 5151 956 5206 multitudinem
983 5161 1218 5222 captam,
1245 5160 1339 5205 aut
1370 5151 1515 5204 aliud
1549 5150 1751 5219 aliquid
1786 5152 1927 5217 tale;

347 5262 457 5299 non
498 5253 618 5301 erat
661 5244 1043 5299 ostentationis
1081 5253 1311 5313 tempus,
1357 5256 1531 5311 neque
1578 5241 1931 5310 semetipsum

347 5335 708 5388 ostendentis.
744 5331 929 5402 Neque
958 5333 1102 5388 enim
1139 5346 1262 5387 cum
1302 5331 1506 5385 faceret
1554 5338 1681 5385 ante
1722 5332 1930 5398 passio-

350 5440 474 5479 nem
530 5424 800 5480 mirabilia
856 5425 1149 5488 Dominus,
1204 5432 1487 5477 ostentans
1542 5436 1600 5475 se
1662 5420 1931 5491 faciebat,

420 5606 465 5636 "
491 5605 646 5660 Joan.
673 5622 726 5670 ι,
753 5605 854 5669 57;
890 5620 977 5669 xv,
1004 5603 1094 5658 2L

452 5727 504 5791 '2)
544 5725 718 5779 Enim.
756 5724 943 5787 Forte,
971 5734 1164 5777 autem.

424 5726 503 5868 £5)
547 5796 765 5851 Phrasis
802 5794 1013 5859 Graeca,
1058 5796 1164 5847 ἆτιε,

1170 5604 1214 5635 ’⁸⁸
1246 5602 1377 5659 Luc.
1410 5620 1485 5671 XI,
1524 5604 1603 5659 l9.

2046 4616 2443 4663 trausmutatus
2478 4619 2562 4663 est
2602 4610 2790 4665 Petrus
2827 4629 2842 4663 :
2889 4620 3032 4666 totus
3077 4612 3297 4677 clamat,
3346 4611 3459 4679 jam
3518 4627 3625 4666 non

2045 4713 2269 4769 negans,
2306 4701 2399 4754 sed
2441 4701 2741 4769 praedicans
2786 4702 3147 4758 Salvatorem.
3184 4703 3497 4773 Stephanus
3528 4719 3627 4758 au-

2048 4798 2155 4843 tem
2179 4798 2235 4844 et
2266 4790 2379 4860 ipse
2422 4791 2547 4846 silet
2581 4793 2646 4846 ad
2691 4794 2913 4864 lapides.
2968 4804 3023 4849 et
3075 4794 3361 4850 Dominum
3413 4812 3629 4850 aunuu~

2046 4879 2164 4943 tiat,
2192 4894 2353 4949 quem
2404 4883 2469 4936 ad
2504 4884 2784 4938 dexteram
2827 4884 3007 4939 Patris
3045 4894 3279 4941 stantem
3327 4901 3630 4954 conspexe-

2038 4980 2123 5023 rat
2172 4986 2185 5023 :
2242 4980 2298 5023 et
2348 4971 2486 5026 alius
2540 4974 2682 5028 aliud
2740 4975 3117 5045 eloquebatur,
3153 4987 3209 5031 et
3252 4977 3371 5033 sine
3420 4976 3624 5031 solatio

2039 5069 2195 5114 erant
2232 5064 2438 5131 negotia
2484 5062 2820 5120 Judzeorum.
2884 5067 3039 5122 Sicut
3110 5070 3254 5122 enim
3317 5069 3371 5122 in
3422 5068 3629 5122 diluvio

2043 5152 2261 5206 interim
2304 5154 2521 5220 quidem
2569 5155 2680 5210 Noe
2721 5172 2826 5211 non
2873 5160 3199 5214 credebatur
3239 5160 3366 5213 dum
3426 5158 3632 5213 faceret

2044 5257 2228 5296 arcam
2264 5266 2275 5298 :
2310 5261 2430 5298 cum
2464 5257 2643 5301 autem
2678 5250 2860 5304 subito
2890 5259 3060 5305 totum
3106 5250 3303 5306 coelum
3350 5244 3628 5305 emitteret

2047 5334 2255 5401 fluvios,
2290 5346 2434 5391 terra
2471 5348 2650 5395 autem
2688 5354 2966 5400 eructaret
2986 5358 3178 5416 aquas,
3202 5353 3256 5398 et
3282 5344 3407 5398 inde
3441 5350 3627 5397 arcta-

2052 5436 2203 5482 retur
2232 5428 2586 5489 incredulitas
2636 5443 2692 5491 et
2727 5437 2792 5493 de
2822 5436 2959 5494 c0310
2991 5446 3044 5492 et
3078 5435 3141 5491 de
3182 5445 3325 5490 terra
3365 5436 3431 5492 ab
3472 5432 3631 5503 aquis

450 5798 503 5866 5)
547 5796 765 5851 Phrasis
802 5794 1013 5859 Graeca,
1058 5796 1215 5848 ἅτινα
1248 5797 1305 5848 εὑ
1346 5796 1409 5849 ἂν
1456 5795 1677 5861 ἔπαθον,
1711 5812 1829 5867 quae
1866 5797 1931 5854 be

2038 5797 2127 5854 lcia
2152 5795 2503 5865 accepissent.
