  <div class='ocr_page' id='page_1' title='image "/cluster/home/n/w/nwhite01/storage/ocr_20150623/24:no.6/coo.31924054873058/613.png"; bbox 0 0 4134 6432; ppageno 0'>
   <div class='ocr_carea' id='block_1_1' title="bbox 472 370 609 425">
    <p class='ocr_par' dir='ltr' id='par_1_1' title="bbox 472 370 609 425">
     <span class='ocr_line' id='line_1_1' title="bbox 472 370 609 425; baseline 0.022 -3"><span class='ocrx_word' id='word_1_1' title='bbox 472 370 609 425; x_wconf 70' lang='grc'><strong>1199</strong></span> 
     </span>
    </p>
   </div>
   <div class='ocr_carea' id='block_1_2' title="bbox 465 482 950 554">
    <p class='ocr_par' dir='ltr' id='par_1_2' title="bbox 465 482 950 554">
     <span class='ocr_line' id='line_1_2' title="bbox 465 482 950 554; baseline -0.01 -13"><span class='ocrx_word' id='word_1_2' title='bbox 465 496 524 541; x_wconf 88' lang='lat' dir='ltr'><strong>ut</strong></span> <span class='ocrx_word' id='word_1_3' title='bbox 563 482 950 554; x_wconf 74' lang='lat' dir='ltr'><strong>pm‘foearetur</strong></span> 
     </span>
    </p>
   </div>
   <div class='ocr_carea' id='block_1_3' title="bbox 462 568 2049 646">
    <p class='ocr_par' dir='ltr' id='par_1_3' title="bbox 462 568 2049 646">
     <span class='ocr_line' id='line_1_3' title="bbox 462 568 2049 646; baseline -0.003 -17"><span class='ocrx_word' id='word_1_4' title='bbox 462 574 838 646; x_wconf 82' lang='lat' dir='ltr'><strong>gustiabantur</strong></span> <span class='ocrx_word' id='word_1_5' title='bbox 895 586 1002 627; x_wconf 89' lang='lat' dir='ltr'><strong>non</strong></span> <span class='ocrx_word' id='word_1_6' title='bbox 1050 570 1361 635; x_wconf 76' lang='lat' dir='ltr'><strong>credentes,</strong></span> <span class='ocrx_word' id='word_1_7' title='bbox 1416 577 1474 624; x_wconf 91' lang='lat' dir='ltr'><strong>et</strong></span> <span class='ocrx_word' id='word_1_8' title='bbox 1529 568 1873 626; x_wconf 79' lang='lat' dir='ltr'><strong>admirabilia</strong></span> <span class='ocrx_word' id='word_1_9' title='bbox 1911 571 2049 624; x_wconf 88' lang='lat' dir='ltr'><strong>indi-</strong></span> 
     </span>
    </p>
   </div>
   <div class='ocr_carea' id='block_1_4' title="bbox 460 661 2048 736">
    <p class='ocr_par' dir='ltr' id='par_1_4' title="bbox 460 661 2048 736">
     <span class='ocr_line' id='line_1_4' title="bbox 460 661 2048 736; baseline 0.001 -18"><span class='ocrx_word' id='word_1_10' title='bbox 460 674 731 736; x_wconf 84' lang='lat' dir='ltr'><strong>gnantes:</strong></span> <span class='ocrx_word' id='word_1_11' title='bbox 767 663 1010 719; x_wconf 76' lang='lat' dir='ltr'><strong>videntes</strong></span> <span class='ocrx_word' id='word_1_12' title='bbox 1037 663 1181 721; x_wconf 88' lang='lat' dir='ltr'><strong>enim</strong></span> <span class='ocrx_word' id='word_1_13' title='bbox 1206 663 1314 728; x_wconf 77' lang='lat' dir='ltr'><strong>;isti</strong></span> <span class='ocrx_word' id='word_1_14' title='bbox 1337 676 1405 717; x_wconf 91' lang='lat' dir='ltr'><strong>ne</strong></span> <span class='ocrx_word' id='word_1_15' title='bbox 1428 661 1508 731; x_wconf 72' lang='lat'><strong>(4)</strong></span> <span class='ocrx_word' id='word_1_16' title='bbox 1535 661 1754 732; x_wconf 83' lang='lat' dir='ltr'><strong>quidem</strong></span> <span class='ocrx_word' id='word_1_17' title='bbox 1804 670 2048 719; x_wconf 83' lang='lat' dir='ltr'><strong>mortuos</strong></span> 
     </span>
    </p>
   </div>
   <div class='ocr_carea' id='block_1_5' title="bbox 460 755 2045 825">
    <p class='ocr_par' dir='ltr' id='par_1_5' title="bbox 460 755 2045 825">
     <span class='ocr_line' id='line_1_5' title="bbox 460 755 2045 825; baseline 0 -13"><span class='ocrx_word' id='word_1_18' title='bbox 460 757 754 812; x_wconf 89' lang='lat' dir='ltr'><strong>suscitatos</strong></span> <span class='ocrx_word' id='word_1_19' title='bbox 816 755 885 809; x_wconf 85' lang='lat' dir='ltr'><strong>ab</strong></span> <span class='ocrx_word' id='word_1_20' title='bbox 943 755 1205 824; x_wconf 81' lang='lat' dir='ltr'><strong>Apostolo</strong></span> <span class='ocrx_word' id='word_1_21' title='bbox 1259 764 1650 825; x_wconf 76' lang='lat' dir='ltr'><strong>exsurgentes,</strong></span> <span class='ocrx_word' id='word_1_22' title='bbox 1712 771 1811 825; x_wconf 89' lang='lat' dir='ltr'><strong>per</strong></span> <span class='ocrx_word' id='word_1_23' title='bbox 1882 756 2045 811; x_wconf 86' lang='lat' dir='ltr'><strong>alium</strong></span> 
     </span>
    </p>
   </div>
   <div class='ocr_carea' id='block_1_6' title="bbox 459 843 2046 914">
    <p class='ocr_par' dir='ltr' id='par_1_6' title="bbox 459 843 2046 914">
     <span class='ocr_line' id='line_1_6' title="bbox 459 843 2046 914; baseline 0 -14"><span class='ocrx_word' id='word_1_24' title='bbox 459 845 684 901; x_wconf 88' lang='lat' dir='ltr'><strong>claudos</strong></span> <span class='ocrx_word' id='word_1_25' title='bbox 723 843 1086 909; x_wconf 86' lang='lat' dir='ltr'><strong>ambulantes,</strong></span> <span class='ocrx_word' id='word_1_26' title='bbox 1127 858 1225 914; x_wconf 88' lang='lat' dir='ltr'><strong>per</strong></span> <span class='ocrx_word' id='word_1_27' title='bbox 1268 843 1498 900; x_wconf 86' lang='lat' dir='ltr'><strong>alterum</strong></span> <span class='ocrx_word' id='word_1_28' title='bbox 1531 845 1638 898; x_wconf 87' lang='lat' dir='ltr'><strong>alia</strong></span> <span class='ocrx_word' id='word_1_29' title='bbox 1687 845 1839 913; x_wconf 83' lang='lat' dir='ltr'><strong>signa</strong></span> <span class='ocrx_word' id='word_1_30' title='bbox 1894 860 2046 901; x_wconf 93' lang='lat' dir='ltr'><strong>com-</strong></span> 
     </span>
    </p>
   </div>
   <div class='ocr_carea' id='block_1_7' title="bbox 461 934 2048 1011">
    <p class='ocr_par' dir='ltr' id='par_1_7' title="bbox 461 934 2048 1011">
     <span class='ocr_line' id='line_1_7' title="bbox 461 934 2048 1011; baseline 0.001 -21"><span class='ocrx_word' id='word_1_31' title='bbox 461 936 633 1007; x_wconf 86' lang='lat' dir='ltr'><strong>pleta,</strong></span> <span class='ocrx_word' id='word_1_32' title='bbox 664 945 721 991; x_wconf 90' lang='lat' dir='ltr'><strong>et</strong></span> <span class='ocrx_word' id='word_1_33' title='bbox 743 951 843 1005; x_wconf 89' lang='lat' dir='ltr'><strong>per</strong></span> <span class='ocrx_word' id='word_1_34' title='bbox 875 936 1040 990; x_wconf 88' lang='lat' dir='ltr'><strong>alium</strong></span> <span class='ocrx_word' id='word_1_35' title='bbox 1077 934 1291 1004; x_wconf 75' lang='lat' dir='ltr'><strong>linguas</strong></span> <span class='ocrx_word' id='word_1_36' title='bbox 1329 936 1613 991; x_wconf 85' lang='lat' dir='ltr'><strong>audientes</strong></span> <span class='ocrx_word' id='word_1_37' title='bbox 1648 936 2048 1011; x_wconf 40' lang='lat' dir='ltr'><strong>pluritna’s;ar-</strong></span> 
     </span>
    </p>
   </div>
   <div class='ocr_carea' id='block_1_8' title="bbox 452 1028 2043 1100">
    <p class='ocr_par' dir='ltr' id='par_1_8' title="bbox 452 1028 2043 1100">
     <span class='ocr_line' id='line_1_8' title="bbox 452 1028 2043 1100; baseline 0.002 -19"><span class='ocrx_word' id='word_1_38' title='bbox 452 1030 592 1084; x_wconf 79' lang='lat' dir='ltr'><strong>ctati</strong></span> <span class='ocrx_word' id='word_1_39' title='bbox 623 1030 892 1084; x_wconf 89' lang='lat' dir='ltr'><strong>meatibus</strong></span> <span class='ocrx_word' id='word_1_40' title='bbox 916 1028 1224 1085; x_wconf 90' lang='lat' dir='ltr'><strong>istiusmodi</strong></span> <span class='ocrx_word' id='word_1_41' title='bbox 1255 1030 1697 1100; x_wconf 75' lang='lat' dir='ltr'><strong>signorum,quze</strong></span> <span class='ocrx_word' id='word_1_42' title='bbox 1735 1031 1800 1085; x_wconf 89' lang='lat' dir='ltr'><strong>de</strong></span> <span class='ocrx_word' id='word_1_43' title='bbox 1831 1046 2043 1087; x_wconf 86' lang='lat' dir='ltr'><strong>sursum</strong></span> 
     </span>
    </p>
   </div>
   <div class='ocr_carea' id='block_1_9' title="bbox 459 1120 2045 1190">
    <p class='ocr_par' dir='ltr' id='par_1_9' title="bbox 459 1120 2045 1190">
     <span class='ocr_line' id='line_1_9' title="bbox 459 1120 2045 1190; baseline 0.003 -19"><span class='ocrx_word' id='word_1_44' title='bbox 459 1120 726 1189; x_wconf 81' lang='lat' dir='ltr'><strong>apostolis</strong></span> <span class='ocrx_word' id='word_1_45' title='bbox 750 1120 964 1174; x_wconf 80' lang='lat' dir='ltr'><strong>fuerant</strong></span> <span class='ocrx_word' id='word_1_46' title='bbox 985 1122 1209 1185; x_wconf 84' lang='lat' dir='ltr'><strong>donata,</strong></span> <span class='ocrx_word' id='word_1_47' title='bbox 1237 1121 1425 1175; x_wconf 88' lang='lat' dir='ltr'><strong>eadem</strong></span> <span class='ocrx_word' id='word_1_48' title='bbox 1452 1136 1571 1190; x_wconf 75' lang='lat' dir='ltr'><strong>qua:</strong></span> <span class='ocrx_word' id='word_1_49' title='bbox 1596 1121 1648 1175; x_wconf 90' lang='lat' dir='ltr'><strong>in</strong></span> <span class='ocrx_word' id='word_1_50' title='bbox 1681 1130 1823 1176; x_wconf 89' lang='lat' dir='ltr'><strong>terra</strong></span> <span class='ocrx_word' id='word_1_51' title='bbox 1857 1122 2045 1176; x_wconf 84' lang='lat' dir='ltr'><strong>viden-</strong></span> 
     </span>
    </p>
   </div>
   <div class='ocr_carea' id='block_1_10' title="bbox 462 1209 2045 1282">
    <p class='ocr_par' dir='ltr' id='par_1_10' title="bbox 462 1209 2045 1282">
     <span class='ocr_line' id='line_1_10' title="bbox 462 1209 2045 1282; baseline 0.002 -18"><span class='ocrx_word' id='word_1_52' title='bbox 462 1224 541 1267; x_wconf 88' lang='lat' dir='ltr'><strong>tes</strong></span> <span class='ocrx_word' id='word_1_53' title='bbox 576 1211 865 1278; x_wconf 82' lang='lat' dir='ltr'><strong>mirabilia,</strong></span> <span class='ocrx_word' id='word_1_54' title='bbox 916 1211 1006 1279; x_wconf 84' lang='lat' dir='ltr'><strong>qni</strong></span> <span class='ocrx_word' id='word_1_55' title='bbox 1041 1209 1156 1265; x_wconf 86' lang='lat' dir='ltr'><strong>ausi</strong></span> <span class='ocrx_word' id='word_1_56' title='bbox 1203 1209 1422 1265; x_wconf 81' lang='lat' dir='ltr'><strong>fuerant</strong></span> <span class='ocrx_word' id='word_1_57' title='bbox 1465 1211 1783 1280; x_wconf 85' lang='lat' dir='ltr'><strong>magistrum</strong></span> <span class='ocrx_word' id='word_1_58' title='bbox 1829 1210 2045 1282; x_wconf 78' lang='lat' dir='ltr'><strong>aﬂigere</strong></span> 
     </span>
    </p>
   </div>
   <div class='ocr_carea' id='block_1_11' title="bbox 442 1303 2038 1372">
    <p class='ocr_par' dir='ltr' id='par_1_11' title="bbox 442 1303 2038 1372">
     <span class='ocr_line' id='line_1_11' title="bbox 442 1303 2038 1372; baseline 0.003 -17"><span class='ocrx_word' id='word_1_59' title='bbox 442 1304 631 1369; x_wconf 81' lang='lat' dir='ltr'><strong>cruci,</strong></span> <span class='ocrx_word' id='word_1_60' title='bbox 669 1303 866 1358; x_wconf 86' lang='lat' dir='ltr'><strong>incerti</strong></span> <span class='ocrx_word' id='word_1_61' title='bbox 897 1312 1054 1358; x_wconf 89' lang='lat' dir='ltr'><strong>erant</strong></span> <span class='ocrx_word' id='word_1_62' title='bbox 1098 1305 1229 1371; x_wconf 88' lang='lat' dir='ltr'><strong>quid</strong></span> <span class='ocrx_word' id='word_1_63' title='bbox 1269 1303 1515 1359; x_wconf 85' lang='lat' dir='ltr'><strong>facerent</strong></span> <span class='ocrx_word' id='word_1_64' title='bbox 1571 1303 1853 1372; x_wconf 84' lang='lat' dir='ltr'><strong>discipulis</strong></span> <span class='ocrx_word' id='word_1_65' title='bbox 1895 1305 2038 1372; x_wconf 87' lang='lat' dir='ltr'><strong>ejus.</strong></span> 
     </span>
    </p>
   </div>
   <div class='ocr_carea' id='block_1_12' title="bbox 450 1393 2040 1467">
    <p class='ocr_par' dir='ltr' id='par_1_12' title="bbox 450 1393 2040 1467">
     <span class='ocr_line' id='line_1_12' title="bbox 450 1393 2040 1467; baseline -0.003 -15"><span class='ocrx_word' id='word_1_66' title='bbox 450 1398 571 1463; x_wconf 82' lang='lat' dir='ltr'><strong>Qua</strong></span> <span class='ocrx_word' id='word_1_67' title='bbox 601 1398 770 1467; x_wconf 78' lang='lat' dir='ltr'><strong>igitur</strong></span> <span class='ocrx_word' id='word_1_68' title='bbox 804 1396 870 1452; x_wconf 84' lang='lat' dir='ltr'><strong>de</strong></span> <span class='ocrx_word' id='word_1_69' title='bbox 898 1410 1084 1456; x_wconf 88' lang='lat' dir='ltr'><strong>causa.</strong></span> <span class='ocrx_word' id='word_1_70' title='bbox 1116 1394 1216 1453; x_wconf 85' lang='lat' dir='ltr'><strong>sub</strong></span> <span class='ocrx_word' id='word_1_71' title='bbox 1240 1395 1533 1465; x_wconf 70' lang='lat' dir='ltr'><strong>praesentia</strong></span> <span class='ocrx_word' id='word_1_72' title='bbox 1557 1394 1773 1463; x_wconf 90' lang='lat' dir='ltr'><strong>quidem</strong></span> <span class='ocrx_word' id='word_1_73' title='bbox 1805 1393 2040 1460; x_wconf 90' lang='lat' dir='ltr'><strong>Domini,</strong></span> 
     </span>
    </p>
   </div>
   <div class='ocr_carea' id='block_1_13' title="bbox 414 1485 2036 1558">
    <p class='ocr_par' dir='ltr' id='par_1_13' title="bbox 414 1485 2036 1558">
     <span class='ocr_line' id='line_1_13' title="bbox 414 1485 2036 1558; baseline -0.001 -17"><span class='ocrx_word' id='word_1_74' title='bbox 414 1498 509 1551; x_wconf 87' lang='lat' dir='ltr'><strong>_et</strong></span> <span class='ocrx_word' id='word_1_75' title='bbox 540 1487 772 1558; x_wconf 83' lang='lat' dir='ltr'><strong>apostoli</strong></span> <span class='ocrx_word' id='word_1_76' title='bbox 804 1488 1119 1542; x_wconf 86' lang='lat' dir='ltr'><strong>dubitantes</strong></span> <span class='ocrx_word' id='word_1_77' title='bbox 1141 1486 1346 1545; x_wconf 79' lang='lat' dir='ltr'><strong>fuerint</strong></span> <span class='ocrx_word' id='word_1_78' title='bbox 1372 1486 1664 1554; x_wconf 82' lang='lat' dir='ltr'><strong>aliquoties</strong></span> <span class='ocrx_word' id='word_1_79' title='bbox 1689 1485 1904 1541; x_wconf 88' lang='lat' dir='ltr'><strong>oblatos</strong></span> <span class='ocrx_word' id='word_1_80' title='bbox 1930 1485 2036 1540; x_wconf 89' lang='lat' dir='ltr'><strong>sibi</strong></span> 
     </span>
    </p>
   </div>
   <div class='ocr_carea' id='block_1_14' title="bbox 456 1575 2039 1647">
    <p class='ocr_par' dir='ltr' id='par_1_14' title="bbox 456 1575 2039 1647">
     <span class='ocr_line' id='line_1_14' title="bbox 456 1575 2039 1647; baseline -0.003 -15"><span class='ocrx_word' id='word_1_81' title='bbox 456 1594 560 1632; x_wconf 89' lang='lat' dir='ltr'><strong>non</strong></span> <span class='ocrx_word' id='word_1_82' title='bbox 617 1578 858 1647; x_wconf 86' lang='lat' dir='ltr'><strong>potuisse</strong></span> <span class='ocrx_word' id='word_1_83' title='bbox 902 1590 1130 1643; x_wconf 86' lang='lat' dir='ltr'><strong>curare;</strong></span> <span class='ocrx_word' id='word_1_84' title='bbox 1179 1584 1303 1647; x_wconf 90' lang='lat' dir='ltr'><strong>post</strong></span> <span class='ocrx_word' id='word_1_85' title='bbox 1346 1575 1807 1632; x_wconf 89' lang='lat' dir='ltr'><strong>resurrectionem</strong></span> <span class='ocrx_word' id='word_1_86' title='bbox 1859 1585 2039 1628; x_wconf 89' lang='lat' dir='ltr'><strong>autem</strong></span> 
     </span>
    </p>
   </div>
   <div class='ocr_carea' id='block_1_15' title="bbox 453 1664 2038 1740">
    <p class='ocr_par' dir='ltr' id='par_1_15' title="bbox 453 1664 2038 1740">
     <span class='ocr_line' id='line_1_15' title="bbox 453 1664 2038 1740; baseline -0.004 -17"><span class='ocrx_word' id='word_1_87' title='bbox 453 1681 509 1723; x_wconf 90' lang='lat' dir='ltr'><strong>et</strong></span> <span class='ocrx_word' id='word_1_88' title='bbox 570 1669 778 1740; x_wconf 80' lang='lat' dir='ltr'><strong>majora</strong></span> <span class='ocrx_word' id='word_1_89' title='bbox 829 1684 992 1738; x_wconf 83' lang='lat' dir='ltr'><strong>quam</strong></span> <span class='ocrx_word' id='word_1_90' title='bbox 1055 1670 1315 1727; x_wconf 84' lang='lat' dir='ltr'><strong>Dominus</strong></span> <span class='ocrx_word' id='word_1_91' title='bbox 1368 1667 1499 1727; x_wconf 80' lang='lat' dir='ltr'><strong>fecit</strong></span> <span class='ocrx_word' id='word_1_92' title='bbox 1546 1667 1698 1735; x_wconf 82' lang='lat' dir='ltr'><strong>signa</strong></span> <span class='ocrx_word' id='word_1_93' title='bbox 1754 1664 1932 1719; x_wconf 83' lang='lat' dir='ltr'><strong>facere</strong></span> <span class='ocrx_word' id='word_1_94' title='bbox 1961 1664 2038 1735; x_wconf 82' lang='lat'><strong>(5)</strong></span> 
     </span>
    </p>
   </div>
   <div class='ocr_carea' id='block_1_16' title="bbox 454 1757 2039 1833">
    <p class='ocr_par' dir='ltr' id='par_1_16' title="bbox 454 1757 2039 1833">
     <span class='ocr_line' id='line_1_16' title="bbox 454 1757 2039 1833; baseline -0.002 -18"><span class='ocrx_word' id='word_1_95' title='bbox 454 1762 746 1833; x_wconf 80' lang='lat' dir='ltr'><strong>discipuli?</strong></span> <span class='ocrx_word' id='word_1_96' title='bbox 777 1763 878 1819; x_wconf 87' lang='lat' dir='ltr'><strong>sub</strong></span> <span class='ocrx_word' id='word_1_97' title='bbox 911 1762 1027 1831; x_wconf 88' lang='lat' dir='ltr'><strong>ejus</strong></span> <span class='ocrx_word' id='word_1_98' title='bbox 1044 1766 1188 1817; x_wconf 89' lang='lat' dir='ltr'><strong>enim</strong></span> <span class='ocrx_word' id='word_1_99' title='bbox 1222 1761 1513 1831; x_wconf 77' lang='lat' dir='ltr'><strong>przesentia</strong></span> <span class='ocrx_word' id='word_1_100' title='bbox 1541 1760 1663 1814; x_wconf 92' lang='lat' dir='ltr'><strong>ideo</strong></span> <span class='ocrx_word' id='word_1_101' title='bbox 1696 1758 1828 1812; x_wconf 85' lang='lat' dir='ltr'><strong>niltil</strong></span> <span class='ocrx_word' id='word_1_102' title='bbox 1859 1757 2039 1812; x_wconf 88' lang='lat' dir='ltr'><strong>facere</strong></span> 
     </span>
    </p>
   </div>
   <div class='ocr_carea' id='block_1_17' title="bbox 993 476 2046 551">
    <p class='ocr_par' dir='ltr' id='par_1_17' title="bbox 993 476 2046 551">
     <span class='ocr_line' id='line_1_17' title="bbox 993 476 2046 551; baseline -0.002 -17"><span class='ocrx_word' id='word_1_103' title='bbox 993 479 1130 551; x_wconf 55' lang='grc' dir='ltr'><strong>δήια</strong></span> <span class='ocrx_word' id='word_1_104' title='bbox 1171 487 1227 533; x_wconf 92' lang='lat' dir='ltr'><strong>et</strong></span> <span class='ocrx_word' id='word_1_105' title='bbox 1284 493 1381 546; x_wconf 91' lang='lat' dir='ltr'><strong>per</strong></span> <span class='ocrx_word' id='word_1_106' title='bbox 1410 477 1688 547; x_wconf 82' lang='lat' dir='ltr'><strong>apostolos</strong></span> <span class='ocrx_word' id='word_1_107' title='bbox 1720 476 1891 535; x_wconf 70' lang='lat' dir='ltr'><strong>Judaei</strong></span> <span class='ocrx_word' id='word_1_108' title='bbox 1949 493 2046 533; x_wconf 88' lang='lat' dir='ltr'><strong>an-</strong></span> 
     </span>
    </p>
   </div>
   <div class='ocr_carea' id='block_1_18' title="bbox 1132 340 3026 418">
    <p class='ocr_par' dir='ltr' id='par_1_18' title="bbox 1132 340 3026 418">
     <span class='ocr_line' id='line_1_18' title="bbox 1132 340 3026 418; baseline 0.001 -2"><span class='ocrx_word' id='word_1_109' title='bbox 1132 360 1408 418; x_wconf 68' lang='lat' dir='ltr'><strong>nusnun</strong></span> <span class='ocrx_word' id='word_1_110' title='bbox 1449 340 1927 415; x_wconf 63' lang='lat' dir='ltr'><strong>(ZESAltlENSlS</strong></span> <span class='ocrx_word' id='word_1_111' title='bbox 1962 358 2113 415; x_wconf 71' lang='lat' dir='ltr'><strong>opp.</strong></span> <span class='ocrx_word' id='word_1_112' title='bbox 2154 359 2335 414; x_wconf 79' lang='lat' dir='ltr'><strong>PARS</strong></span> <span class='ocrx_word' id='word_1_113' title='bbox 2374 360 2462 416; x_wconf 77' lang='lat' dir='ltr'><strong>tv.</strong></span> <span class='ocrx_word' id='word_1_114' title='bbox 2503 387 2567 399; x_wconf 91' lang='grc'><strong>-</strong></span> <span class='ocrx_word' id='word_1_115' title='bbox 2605 356 3026 417; x_wconf 61' lang='lat' dir='ltr'><strong>poenarias.</strong></span> 
     </span>
    </p>
   </div>
   <div class='ocr_carea' id='block_1_19' title="bbox 3601 368 3737 425">
    <p class='ocr_par' dir='ltr' id='par_1_19' title="bbox 3601 368 3737 425">
     <span class='ocr_line' id='line_1_19' title="bbox 3601 368 3737 425; baseline 0.007 -1"><span class='ocrx_word' id='word_1_116' title='bbox 3601 368 3737 425; x_wconf 61' lang='lat'><strong>£9.30</strong></span> 
     </span>
    </p>
   </div>
   <div class='ocr_carea' id='block_1_20' title="bbox 2150 476 3736 556">
    <p class='ocr_par' dir='ltr' id='par_1_20' title="bbox 2150 476 3736 556">
     <span class='ocr_line' id='line_1_20' title="bbox 2150 476 3736 556; baseline 0.006 -25"><span class='ocrx_word' id='word_1_117' title='bbox 2150 476 2265 532; x_wconf 80' lang='lat' dir='ltr'><strong>Non</strong></span> <span class='ocrx_word' id='word_1_118' title='bbox 2289 477 2433 535; x_wconf 87' lang='lat' dir='ltr'><strong>enim</strong></span> <span class='ocrx_word' id='word_1_119' title='bbox 2470 478 2740 535; x_wconf 88' lang='lat' dir='ltr'><strong>insomnia</strong></span> <span class='ocrx_word' id='word_1_120' title='bbox 2770 487 2930 535; x_wconf 81' lang='lat' dir='ltr'><strong>erant</strong></span> <span class='ocrx_word' id='word_1_121' title='bbox 2961 479 3113 549; x_wconf 80' lang='lat' dir='ltr'><strong>regni</strong></span> <span class='ocrx_word' id='word_1_122' title='bbox 3146 493 3271 549; x_wconf 84' lang='lat' dir='ltr'><strong>spes</strong></span> <span class='ocrx_word' id='word_1_123' title='bbox 3305 499 3317 534; x_wconf 89' lang='lat'><strong>:</strong></span> <span class='ocrx_word' id='word_1_124' title='bbox 3359 483 3452 539; x_wconf 86' lang='lat' dir='ltr'><strong>sed</strong></span> <span class='ocrx_word' id='word_1_125' title='bbox 3484 495 3736 556; x_wconf 85' lang='lat' dir='ltr'><strong>suspecta</strong></span> 
     </span>
    </p>
   </div>
   <div class='ocr_carea' id='block_1_21' title="bbox 2152 564 3735 641">
    <p class='ocr_par' dir='ltr' id='par_1_21' title="bbox 2152 564 3735 641">
     <span class='ocr_line' id='line_1_21' title="bbox 2152 564 3735 641; baseline 0.007 -21"><span class='ocrx_word' id='word_1_126' title='bbox 2152 564 2349 621; x_wconf 80' lang='lat' dir='ltr'><strong>fuisset</strong></span> <span class='ocrx_word' id='word_1_127' title='bbox 2398 568 2738 638; x_wconf 69' lang='lat' dir='ltr'><strong>praedicatio,</strong></span> <span class='ocrx_word' id='word_1_128' title='bbox 2791 569 2837 625; x_wconf 89' lang='lat' dir='ltr'><strong>si</strong></span> <span class='ocrx_word' id='word_1_129' title='bbox 2890 582 3054 638; x_wconf 89' lang='lat' dir='ltr'><strong>regna</strong></span> <span class='ocrx_word' id='word_1_130' title='bbox 3113 570 3330 639; x_wconf 79' lang='lat' dir='ltr'><strong>quidem</strong></span> <span class='ocrx_word' id='word_1_131' title='bbox 3377 573 3735 641; x_wconf 69' lang='lat' dir='ltr'><strong>prmdicarent</strong></span> 
     </span>
    </p>
   </div>
   <div class='ocr_carea' id='block_1_22' title="bbox 2150 659 3735 733">
    <p class='ocr_par' dir='ltr' id='par_1_22' title="bbox 2150 659 3735 733">
     <span class='ocr_line' id='line_1_22' title="bbox 2150 659 3735 733; baseline 0.008 -19"><span class='ocrx_word' id='word_1_132' title='bbox 2150 659 2411 726; x_wconf 65' lang='lat' dir='ltr'><strong>coelestia,</strong></span> <span class='ocrx_word' id='word_1_133' title='bbox 2436 661 2503 716; x_wconf 90' lang='lat' dir='ltr'><strong>de</strong></span> <span class='ocrx_word' id='word_1_134' title='bbox 2550 662 2634 720; x_wconf 89' lang='lat' dir='ltr'><strong>his</strong></span> <span class='ocrx_word' id='word_1_135' title='bbox 2673 670 2852 717; x_wconf 89' lang='lat' dir='ltr'><strong>autem</strong></span> <span class='ocrx_word' id='word_1_136' title='bbox 2900 676 3081 719; x_wconf 82' lang='lat' dir='ltr'><strong>essent</strong></span> <span class='ocrx_word' id='word_1_137' title='bbox 3136 666 3347 720; x_wconf 88' lang='lat' dir='ltr'><strong>solliciti</strong></span> <span class='ocrx_word' id='word_1_138' title='bbox 3394 683 3513 733; x_wconf 64' lang='lat' dir='ltr'><strong>quae</strong></span> <span class='ocrx_word' id='word_1_139' title='bbox 3548 669 3601 723; x_wconf 91' lang='lat' dir='ltr'><strong>in</strong></span> <span class='ocrx_word' id='word_1_140' title='bbox 3633 670 3735 726; x_wconf 77' lang='lat' dir='ltr'><strong>hac</strong></span> 
     </span>
    </p>
   </div>
   <div class='ocr_carea' id='block_1_23' title="bbox 2149 754 3732 835">
    <p class='ocr_par' dir='ltr' id='par_1_23' title="bbox 2149 754 3732 835">
     <span class='ocr_line' id='line_1_23' title="bbox 2149 754 3732 835; baseline 0.008 -26"><span class='ocrx_word' id='word_1_141' title='bbox 2149 754 2256 809; x_wconf 84' lang='lat' dir='ltr'><strong>vita</strong></span> <span class='ocrx_word' id='word_1_142' title='bbox 2291 754 2563 810; x_wconf 85' lang='lat' dir='ltr'><strong>habentur</strong></span> <span class='ocrx_word' id='word_1_143' title='bbox 2609 771 2622 809; x_wconf 90' lang='lat'><strong>:</strong></span> <span class='ocrx_word' id='word_1_144' title='bbox 2660 757 2755 812; x_wconf 90' lang='lat' dir='ltr'><strong>sed</strong></span> <span class='ocrx_word' id='word_1_145' title='bbox 2787 758 2973 812; x_wconf 85' lang='lat' dir='ltr'><strong>statim</strong></span> <span class='ocrx_word' id='word_1_146' title='bbox 3025 760 3278 828; x_wconf 90' lang='lat' dir='ltr'><strong>operibus</strong></span> <span class='ocrx_word' id='word_1_147' title='bbox 3325 762 3626 819; x_wconf 74' lang='lat' dir='ltr'><strong>formantes</strong></span> <span class='ocrx_word' id='word_1_148' title='bbox 3653 764 3732 835; x_wconf 90' lang='lat'><strong>(9)</strong></span> 
     </span>
    </p>
   </div>
   <div class='ocr_carea' id='block_1_24' title="bbox 2148 846 3732 916">
    <p class='ocr_par' dir='ltr' id='par_1_24' title="bbox 2148 846 3732 916">
     <span class='ocr_line' id='line_1_24' title="bbox 2148 846 3732 916; baseline 0.005 -15"><span class='ocrx_word' id='word_1_149' title='bbox 2148 846 2482 911; x_wconf 88' lang='lat' dir='ltr'><strong>suasionem,</strong></span> <span class='ocrx_word' id='word_1_150' title='bbox 2514 848 2753 916; x_wconf 88' lang='lat' dir='ltr'><strong>undique</strong></span> <span class='ocrx_word' id='word_1_151' title='bbox 2792 849 2858 903; x_wconf 91' lang='lat' dir='ltr'><strong>ad</strong></span> <span class='ocrx_word' id='word_1_152' title='bbox 2900 865 3062 905; x_wconf 89' lang='lat' dir='ltr'><strong>unam</strong></span> <span class='ocrx_word' id='word_1_153' title='bbox 3092 854 3441 907; x_wconf 86' lang='lat' dir='ltr'><strong>concordiam</strong></span> <span class='ocrx_word' id='word_1_154' title='bbox 3488 853 3732 909; x_wconf 84' lang='lat' dir='ltr'><strong>conﬂue-</strong></span> 
     </span>
    </p>
   </div>
   <div class='ocr_carea' id='block_1_25' title="bbox 2148 936 3734 1014">
    <p class='ocr_par' dir='ltr' id='par_1_25' title="bbox 2148 936 3734 1014">
     <span class='ocr_line' id='line_1_25' title="bbox 2148 936 3734 1014; baseline 0.007 -24"><span class='ocrx_word' id='word_1_155' title='bbox 2148 936 2301 993; x_wconf 86' lang='lat' dir='ltr'><strong>bant.</strong></span> <span class='ocrx_word' id='word_1_156' title='bbox 2335 937 2579 1007; x_wconf 80' lang='lat' dir='ltr'><strong>Aposloli</strong></span> <span class='ocrx_word' id='word_1_157' title='bbox 2612 938 2829 1007; x_wconf 85' lang='lat' dir='ltr'><strong>quidem</strong></span> <span class='ocrx_word' id='word_1_158' title='bbox 2857 954 2952 1008; x_wconf 89' lang='lat' dir='ltr'><strong>per</strong></span> <span class='ocrx_word' id='word_1_159' title='bbox 2987 940 3255 996; x_wconf 83' lang='lat' dir='ltr'><strong>mirabilia</strong></span> <span class='ocrx_word' id='word_1_160' title='bbox 3287 944 3734 1014; x_wconf 64' lang='lat' dir='ltr'><strong>firtnabantpraa-</strong></span> 
     </span>
    </p>
   </div>
   <div class='ocr_carea' id='block_1_26' title="bbox 2147 1028 3731 1104">
    <p class='ocr_par' dir='ltr' id='par_1_26' title="bbox 2147 1028 3731 1104">
     <span class='ocr_line' id='line_1_26' title="bbox 2147 1028 3731 1104; baseline 0.006 -23"><span class='ocrx_word' id='word_1_161' title='bbox 2147 1028 2472 1083; x_wconf 86' lang='lat' dir='ltr'><strong>dicationem</strong></span> <span class='ocrx_word' id='word_1_162' title='bbox 2505 1047 2519 1083; x_wconf 92' lang='lat'><strong>:</strong></span> <span class='ocrx_word' id='word_1_163' title='bbox 2545 1030 2828 1086; x_wconf 88' lang='lat' dir='ltr'><strong>credentes</strong></span> <span class='ocrx_word' id='word_1_164' title='bbox 2851 1040 3058 1099; x_wconf 90' lang='lat' dir='ltr'><strong>autem,</strong></span> <span class='ocrx_word' id='word_1_165' title='bbox 3107 1048 3173 1087; x_wconf 83' lang='lat' dir='ltr'><strong>ex</strong></span> <span class='ocrx_word' id='word_1_166' title='bbox 3199 1049 3264 1090; x_wconf 92' lang='lat' dir='ltr'><strong>eo</strong></span> <span class='ocrx_word' id='word_1_167' title='bbox 3293 1036 3435 1104; x_wconf 91' lang='lat' dir='ltr'><strong>quod</strong></span> <span class='ocrx_word' id='word_1_168' title='bbox 3468 1036 3731 1092; x_wconf 84' lang='lat' dir='ltr'><strong>distrahe-</strong></span> 
     </span>
    </p>
   </div>
   <div class='ocr_carea' id='block_1_27' title="bbox 2145 1118 3728 1193">
    <p class='ocr_par' dir='ltr' id='par_1_27' title="bbox 2145 1118 3728 1193">
     <span class='ocr_line' id='line_1_27' title="bbox 2145 1118 3728 1193; baseline 0.006 -21"><span class='ocrx_word' id='word_1_169' title='bbox 2145 1118 2275 1172; x_wconf 84' lang='lat' dir='ltr'><strong>bant</strong></span> <span class='ocrx_word' id='word_1_170' title='bbox 2302 1134 2395 1171; x_wconf 86' lang='lat' dir='ltr'><strong>sua</strong></span> <span class='ocrx_word' id='word_1_171' title='bbox 2421 1159 2436 1186; x_wconf 94' lang='lat'><strong>,</strong></span> <span class='ocrx_word' id='word_1_172' title='bbox 2468 1134 2532 1175; x_wconf 78' lang='lat' dir='ltr'><strong>ex</strong></span> <span class='ocrx_word' id='word_1_173' title='bbox 2578 1135 2644 1175; x_wconf 90' lang='lat' dir='ltr'><strong>eo</strong></span> <span class='ocrx_word' id='word_1_174' title='bbox 2683 1122 2825 1190; x_wconf 88' lang='lat' dir='ltr'><strong>quod</strong></span> <span class='ocrx_word' id='word_1_175' title='bbox 2854 1124 3037 1179; x_wconf 91' lang='lat' dir='ltr'><strong>omnia</strong></span> <span class='ocrx_word' id='word_1_176' title='bbox 3073 1123 3272 1179; x_wconf 86' lang='lat' dir='ltr'><strong>dabant</strong></span> <span class='ocrx_word' id='word_1_177' title='bbox 3310 1126 3628 1193; x_wconf 68' lang='lat' dir='ltr'><strong>praesentia,</strong></span> <span class='ocrx_word' id='word_1_178' title='bbox 3661 1143 3728 1181; x_wconf 78' lang='lat' dir='ltr'><strong>ex</strong></span> 
     </span>
    </p>
   </div>
   <div class='ocr_carea' id='block_1_28' title="bbox 2144 1212 3725 1285">
    <p class='ocr_par' dir='ltr' id='par_1_28' title="bbox 2144 1212 3725 1285">
     <span class='ocr_line' id='line_1_28' title="bbox 2144 1212 3725 1285; baseline 0.004 -20"><span class='ocrx_word' id='word_1_179' title='bbox 2144 1224 2210 1265; x_wconf 88' lang='lat' dir='ltr'><strong>eo</strong></span> <span class='ocrx_word' id='word_1_180' title='bbox 2252 1212 2395 1280; x_wconf 90' lang='lat' dir='ltr'><strong>quod</strong></span> <span class='ocrx_word' id='word_1_181' title='bbox 2443 1214 2624 1268; x_wconf 86' lang='lat' dir='ltr'><strong>omnia</strong></span> <span class='ocrx_word' id='word_1_182' title='bbox 2662 1215 2728 1267; x_wconf 87' lang='lat' dir='ltr'><strong>ad</strong></span> <span class='ocrx_word' id='word_1_183' title='bbox 2770 1228 2933 1284; x_wconf 87' lang='lat' dir='ltr'><strong>regna</strong></span> <span class='ocrx_word' id='word_1_184' title='bbox 2987 1214 3253 1268; x_wconf 72' lang='lat' dir='ltr'><strong>ctelorum</strong></span> <span class='ocrx_word' id='word_1_185' title='bbox 3290 1216 3725 1285; x_wconf 83' lang='lat' dir='ltr'><strong>transferebant;</strong></span> 
     </span>
    </p>
   </div>
   <div class='ocr_carea' id='block_1_29' title="bbox 2145 1302 3726 1378">
    <p class='ocr_par' dir='ltr' id='par_1_29' title="bbox 2145 1302 3726 1378">
     <span class='ocr_line' id='line_1_29' title="bbox 2145 1302 3726 1378; baseline 0.007 -26"><span class='ocrx_word' id='word_1_186' title='bbox 2145 1309 2273 1355; x_wconf 81' lang='lat' dir='ltr'><strong>ante</strong></span> <span class='ocrx_word' id='word_1_187' title='bbox 2303 1302 2594 1357; x_wconf 88' lang='lat' dir='ltr'><strong>adventum</strong></span> <span class='ocrx_word' id='word_1_188' title='bbox 2628 1304 2795 1372; x_wconf 88' lang='lat' dir='ltr'><strong>ipsius</strong></span> <span class='ocrx_word' id='word_1_189' title='bbox 2825 1304 2975 1372; x_wconf 83' lang='lat' dir='ltr'><strong>regni</strong></span> <span class='ocrx_word' id='word_1_190' title='bbox 3008 1305 3368 1361; x_wconf 84' lang='lat' dir='ltr'><strong>testabantur.</strong></span> <span class='ocrx_word' id='word_1_191' title='bbox 3404 1306 3500 1363; x_wconf 83' lang='lat' dir='ltr'><strong>His</strong></span> <span class='ocrx_word' id='word_1_192' title='bbox 3543 1309 3726 1378; x_wconf 83' lang='lat' dir='ltr'><strong>itaque</strong></span> 
     </span>
    </p>
   </div>
   <div class='ocr_carea' id='block_1_30' title="bbox 2143 1390 3727 1469">
    <p class='ocr_par' dir='ltr' id='par_1_30' title="bbox 2143 1390 3727 1469">
     <span class='ocr_line' id='line_1_30' title="bbox 2143 1390 3727 1469; baseline 0.007 -25"><span class='ocrx_word' id='word_1_193' title='bbox 2143 1390 2312 1460; x_wconf 77' lang='lat' dir='ltr'><strong>gestis</strong></span> <span class='ocrx_word' id='word_1_194' title='bbox 2360 1402 2671 1462; x_wconf 84' lang='lat' dir='ltr'><strong>repetamus</strong></span> <span class='ocrx_word' id='word_1_195' title='bbox 2727 1409 2971 1460; x_wconf 89' lang='lat' dir='ltr'><strong>sensum,</strong></span> <span class='ocrx_word' id='word_1_196' title='bbox 3016 1405 3071 1451; x_wconf 91' lang='lat' dir='ltr'><strong>et</strong></span> <span class='ocrx_word' id='word_1_197' title='bbox 3127 1396 3410 1452; x_wconf 86' lang='lat' dir='ltr'><strong>videamus</strong></span> <span class='ocrx_word' id='word_1_198' title='bbox 3461 1400 3554 1469; x_wconf 91' lang='lat' dir='ltr'><strong>qui</strong></span> <span class='ocrx_word' id='word_1_199' title='bbox 3605 1411 3727 1456; x_wconf 89' lang='lat' dir='ltr'><strong>erat</strong></span> 
     </span>
    </p>
   </div>
   <div class='ocr_carea' id='block_1_31' title="bbox 2146 1480 3726 1556">
    <p class='ocr_par' dir='ltr' id='par_1_31' title="bbox 2146 1480 3726 1556">
     <span class='ocr_line' id='line_1_31' title="bbox 2146 1480 3726 1556; baseline 0.007 -21"><span class='ocrx_word' id='word_1_200' title='bbox 2146 1492 2274 1536; x_wconf 92' lang='lat' dir='ltr'><strong>tunc</strong></span> <span class='ocrx_word' id='word_1_201' title='bbox 2300 1484 2439 1549; x_wconf 85' lang='lat' dir='ltr'><strong>apud</strong></span> <span class='ocrx_word' id='word_1_202' title='bbox 2470 1480 2905 1555; x_wconf 83' lang='lat' dir='ltr'><strong>Hierosolymam</strong></span> <span class='ocrx_word' id='word_1_203' title='bbox 2943 1493 3141 1548; x_wconf 87' lang='lat' dir='ltr'><strong>status,</strong></span> <span class='ocrx_word' id='word_1_204' title='bbox 3169 1501 3288 1555; x_wconf 71' lang='lat' dir='ltr'><strong>quae</strong></span> <span class='ocrx_word' id='word_1_205' title='bbox 3337 1486 3568 1554; x_wconf 89' lang='lat' dir='ltr'><strong>turbela,</strong></span> <span class='ocrx_word' id='word_1_206' title='bbox 3604 1490 3726 1556; x_wconf 83' lang='lat' dir='ltr'><strong>quis</strong></span> 
     </span>
    </p>
   </div>
   <div class='ocr_carea' id='block_1_32' title="bbox 2142 1571 3725 1646">
    <p class='ocr_par' dir='ltr' id='par_1_32' title="bbox 2142 1571 3725 1646">
     <span class='ocr_line' id='line_1_32' title="bbox 2142 1571 3725 1646; baseline 0.006 -22"><span class='ocrx_word' id='word_1_207' title='bbox 2142 1572 2324 1626; x_wconf 81' lang='lat' dir='ltr'><strong>fervor</strong></span> <span class='ocrx_word' id='word_1_208' title='bbox 2356 1571 2738 1627; x_wconf 87' lang='lat' dir='ltr'><strong>insanientium</strong></span> <span class='ocrx_word' id='word_1_209' title='bbox 2762 1572 3071 1628; x_wconf 70' lang='lat' dir='ltr'><strong>Iudaeorum</strong></span> <span class='ocrx_word' id='word_1_210' title='bbox 3101 1593 3114 1629; x_wconf 91' lang='lat'><strong>:</strong></span> <span class='ocrx_word' id='word_1_211' title='bbox 3149 1576 3418 1646; x_wconf 88' lang='lat' dir='ltr'><strong>siquidem</strong></span> <span class='ocrx_word' id='word_1_212' title='bbox 3465 1588 3521 1633; x_wconf 88' lang='lat' dir='ltr'><strong>et</strong></span> <span class='ocrx_word' id='word_1_213' title='bbox 3565 1579 3657 1633; x_wconf 87' lang='lat' dir='ltr'><strong>lilii</strong></span> <span class='ocrx_word' id='word_1_214' title='bbox 3692 1593 3725 1633; x_wconf 86' lang='lat' dir='ltr'><strong>a</strong></span> 
     </span>
    </p>
   </div>
   <div class='ocr_carea' id='block_1_33' title="bbox 2141 1663 3725 1733">
    <p class='ocr_par' dir='ltr' id='par_1_33' title="bbox 2141 1663 3725 1733">
     <span class='ocr_line' id='line_1_33' title="bbox 2141 1663 3725 1733; baseline 0.006 -18"><span class='ocrx_word' id='word_1_215' title='bbox 2141 1664 2385 1731; x_wconf 69' lang='lat' dir='ltr'><strong>patribus</strong></span> <span class='ocrx_word' id='word_1_216' title='bbox 2434 1663 2751 1721; x_wconf 86' lang='lat' dir='ltr'><strong>recedentes</strong></span> <span class='ocrx_word' id='word_1_217' title='bbox 2814 1665 3033 1720; x_wconf 87' lang='lat' dir='ltr'><strong>sibilant</strong></span> <span class='ocrx_word' id='word_1_218' title='bbox 3086 1667 3151 1721; x_wconf 88' lang='lat' dir='ltr'><strong>ad</strong></span> <span class='ocrx_word' id='word_1_219' title='bbox 3206 1668 3392 1733; x_wconf 83' lang='lat' dir='ltr'><strong>fidem,</strong></span> <span class='ocrx_word' id='word_1_220' title='bbox 3432 1678 3485 1723; x_wconf 93' lang='lat' dir='ltr'><strong>et</strong></span> <span class='ocrx_word' id='word_1_221' title='bbox 3534 1670 3655 1724; x_wconf 66' lang='lat' dir='ltr'><strong>filim</strong></span> <span class='ocrx_word' id='word_1_222' title='bbox 3692 1686 3725 1725; x_wconf 89' lang='lat' dir='ltr'><strong>e</strong></span> 
     </span>
    </p>
   </div>
   <div class='ocr_carea' id='block_1_34' title="bbox 2145 1754 3722 1822">
    <p class='ocr_par' dir='ltr' id='par_1_34' title="bbox 2145 1754 3722 1822">
     <span class='ocr_line' id='line_1_34' title="bbox 2145 1754 3722 1822; baseline 0.006 -17"><span class='ocrx_word' id='word_1_223' title='bbox 2145 1754 2355 1808; x_wconf 89' lang='lat' dir='ltr'><strong>sinibus</strong></span> <span class='ocrx_word' id='word_1_224' title='bbox 2386 1764 2620 1809; x_wconf 88' lang='lat' dir='ltr'><strong>matrum</strong></span> <span class='ocrx_word' id='word_1_225' title='bbox 2657 1755 2723 1809; x_wconf 90' lang='lat' dir='ltr'><strong>ad</strong></span> <span class='ocrx_word' id='word_1_226' title='bbox 2756 1755 2915 1809; x_wconf 89' lang='lat' dir='ltr'><strong>fidem</strong></span> <span class='ocrx_word' id='word_1_227' title='bbox 2948 1757 3242 1811; x_wconf 89' lang='lat' dir='ltr'><strong>currebant</strong></span> <span class='ocrx_word' id='word_1_228' title='bbox 3272 1757 3499 1822; x_wconf 85' lang='lat' dir='ltr'><strong>Christi,</strong></span> <span class='ocrx_word' id='word_1_229' title='bbox 3528 1769 3584 1814; x_wconf 92' lang='lat' dir='ltr'><strong>et</strong></span> <span class='ocrx_word' id='word_1_230' title='bbox 3607 1769 3722 1814; x_wconf 91' lang='lat' dir='ltr'><strong>tur-</strong></span> 
     </span>
    </p>
   </div>
   <div class='ocr_carea' id='block_1_35' title="bbox 444 1822 3724 1927">
    <p class='ocr_par' dir='ltr' id='par_1_35' title="bbox 444 1822 3724 1927">
     <span class='ocr_line' id='line_1_35' title="bbox 444 1822 3724 1927; baseline -0.002 -16"><span class='ocrx_word' id='word_1_231' title='bbox 444 1822 771 1922; x_wconf 29' lang='lat' dir='ltr'><strong>.potuerunt,</strong></span> <span class='ocrx_word' id='word_1_232' title='bbox 808 1822 1252 1923; x_wconf 38' lang='lat' dir='ltr'><strong>quiavoporteba&#39;t</strong></span> <span class='ocrx_word' id='word_1_233' title='bbox 1277 1852 1538 1922; x_wconf 87' lang='lat' dir='ltr'><strong>ampliora</strong></span> <span class='ocrx_word' id='word_1_234' title='bbox 1581 1852 1737 1921; x_wconf 86' lang='lat' dir='ltr'><strong>signa</strong></span> <span class='ocrx_word' id='word_1_235' title='bbox 1767 1849 1834 1905; x_wconf 88' lang='lat' dir='ltr'><strong>ad</strong></span> <span class='ocrx_word' id='word_1_236' title='bbox 1871 1851 2035 1904; x_wconf 73' lang='lat' dir='ltr'><strong>satis~</strong></span> <span class='ocrx_word' id='word_1_237' title='bbox 2064 1873 2109 1927; x_wconf 74' lang='grc' dir='ltr'><strong>Β</strong></span> <span class='ocrx_word' id='word_1_238' title='bbox 2138 1842 2255 1899; x_wconf 86' lang='lat' dir='ltr'><strong>bcla</strong></span> <span class='ocrx_word' id='word_1_239' title='bbox 2280 1853 2400 1899; x_wconf 89' lang='lat' dir='ltr'><strong>erat</strong></span> <span class='ocrx_word' id='word_1_240' title='bbox 2427 1845 2567 1915; x_wconf 90' lang='lat' dir='ltr'><strong>apud</strong></span> <span class='ocrx_word' id='word_1_241' title='bbox 2593 1822 2839 1901; x_wconf 81' lang='lat' dir='ltr'><strong>infideles</strong></span> <span class='ocrx_word' id='word_1_242' title='bbox 2870 1846 3091 1916; x_wconf 90' lang='lat' dir='ltr'><strong>ubique.</strong></span> <span class='ocrx_word' id='word_1_243' title='bbox 3134 1847 3229 1903; x_wconf 92' lang='lat' dir='ltr'><strong>llle</strong></span> <span class='ocrx_word' id='word_1_244' title='bbox 3277 1849 3423 1904; x_wconf 91' lang='lat' dir='ltr'><strong>enim</strong></span> <span class='ocrx_word' id='word_1_245' title='bbox 3450 1851 3724 1908; x_wconf 86' lang='lat' dir='ltr'><strong>irasceba-</strong></span> 
     </span>
    </p>
   </div>
   <div class='ocr_carea' id='block_1_36' title="bbox 453 1939 2034 1999">
    <p class='ocr_par' dir='ltr' id='par_1_36' title="bbox 453 1939 2034 1999">
     <span class='ocr_line' id='line_1_36' title="bbox 453 1939 2034 1999; baseline -0.003 -1"><span class='ocrx_word' id='word_1_246' title='bbox 453 1944 746 1999; x_wconf 85' lang='lat' dir='ltr'><strong>factionem</strong></span> <span class='ocrx_word' id='word_1_247' title='bbox 801 1942 1216 1998; x_wconf 86' lang='lat' dir='ltr'><strong>resurrectionis</strong></span> <span class='ocrx_word' id='word_1_248' title='bbox 1266 1943 1494 1996; x_wconf 76' lang='lat' dir='ltr'><strong>servari.</strong></span> <span class='ocrx_word' id='word_1_249' title='bbox 1549 1940 1605 1994; x_wconf 87' lang='lat' dir='ltr'><strong>Si</strong></span> <span class='ocrx_word' id='word_1_250' title='bbox 1645 1941 1789 1994; x_wconf 87' lang='lat' dir='ltr'><strong>enim</strong></span> <span class='ocrx_word' id='word_1_251' title='bbox 1841 1939 2034 1994; x_wconf 87' lang='lat' dir='ltr'><strong>antici-</strong></span> 
     </span>
    </p>
   </div>
   <div class='ocr_carea' id='block_1_37' title="bbox 445 2032 2034 2104">
    <p class='ocr_par' dir='ltr' id='par_1_37' title="bbox 445 2032 2034 2104">
     <span class='ocr_line' id='line_1_37' title="bbox 445 2032 2034 2104; baseline -0.003 -12"><span class='ocrx_word' id='word_1_252' title='bbox 445 2044 646 2104; x_wconf 84' lang='lat' dir='ltr'><strong>pantes</strong></span> <span class='ocrx_word' id='word_1_253' title='bbox 671 2034 774 2089; x_wconf 85' lang='lat' dir='ltr'><strong>sub</strong></span> <span class='ocrx_word' id='word_1_254' title='bbox 815 2034 1101 2103; x_wconf 64' lang='lat' dir='ltr'><strong>praesentia</strong></span> <span class='ocrx_word' id='word_1_255' title='bbox 1154 2033 1366 2087; x_wconf 84' lang='lat' dir='ltr'><strong>Domini</strong></span> <span class='ocrx_word' id='word_1_256' title='bbox 1411 2032 1705 2099; x_wconf 87' lang='lat' dir='ltr'><strong>fecissent;</strong></span> <span class='ocrx_word' id='word_1_257' title='bbox 1749 2047 1870 2098; x_wconf 84' lang='lat' dir='ltr'><strong>quae</strong></span> <span class='ocrx_word' id='word_1_258' title='bbox 1912 2042 2034 2102; x_wconf 89' lang='lat' dir='ltr'><strong>post</strong></span> 
     </span>
    </p>
   </div>
   <div class='ocr_carea' id='block_1_38' title="bbox 448 2123 2035 2191">
    <p class='ocr_par' dir='ltr' id='par_1_38' title="bbox 448 2123 2035 2191">
     <span class='ocr_line' id='line_1_38' title="bbox 448 2123 2035 2191; baseline -0.001 -11"><span class='ocrx_word' id='word_1_259' title='bbox 448 2125 905 2181; x_wconf 83' lang='lat' dir='ltr'><strong>resurrectionem</strong></span> <span class='ocrx_word' id='word_1_260' title='bbox 960 2124 1077 2191; x_wconf 89' lang='lat' dir='ltr'><strong>ejus</strong></span> <span class='ocrx_word' id='word_1_261' title='bbox 1123 2123 1318 2179; x_wconf 88' lang='lat' dir='ltr'><strong>fecisse</strong></span> <span class='ocrx_word' id='word_1_262' title='bbox 1367 2123 1645 2189; x_wconf 80' lang='lat' dir='ltr'><strong>videntur,</strong></span> <span class='ocrx_word' id='word_1_263' title='bbox 1682 2123 2035 2180; x_wconf 87' lang='lat' dir='ltr'><strong>babebantet</strong></span> 
     </span>
    </p>
   </div>
   <div class='ocr_carea' id='block_1_39' title="bbox 450 2215 2031 2285">
    <p class='ocr_par' dir='ltr' id='par_1_39' title="bbox 450 2215 2031 2285">
     <span class='ocr_line' id='line_1_39' title="bbox 450 2215 2031 2285; baseline -0.001 -13"><span class='ocrx_word' id='word_1_264' title='bbox 450 2218 556 2274; x_wconf 79' lang='lat' dir='ltr'><strong>ista</strong></span> <span class='ocrx_word' id='word_1_265' title='bbox 593 2217 876 2273; x_wconf 88' lang='lat' dir='ltr'><strong>destruere</strong></span> <span class='ocrx_word' id='word_1_266' title='bbox 906 2215 1102 2280; x_wconf 66' lang='lat' dir='ltr'><strong>Judaei,</strong></span> <span class='ocrx_word' id='word_1_267' title='bbox 1143 2223 1404 2284; x_wconf 89' lang='lat' dir='ltr'><strong>quantum</strong></span> <span class='ocrx_word' id='word_1_268' title='bbox 1430 2215 1496 2271; x_wconf 87' lang='lat' dir='ltr'><strong>ad</strong></span> <span class='ocrx_word' id='word_1_269' title='bbox 1527 2217 1673 2285; x_wconf 89' lang='lat' dir='ltr'><strong>ipsos</strong></span> <span class='ocrx_word' id='word_1_270' title='bbox 1715 2225 1771 2272; x_wconf 90' lang='lat' dir='ltr'><strong>et</strong></span> <span class='ocrx_word' id='word_1_271' title='bbox 1802 2215 1921 2271; x_wconf 84' lang='lat' dir='ltr'><strong>aliis</strong></span> <span class='ocrx_word' id='word_1_272' title='bbox 1967 2231 2031 2270; x_wconf 88' lang='lat' dir='ltr'><strong>ea</strong></span> 
     </span>
    </p>
   </div>
   <div class='ocr_carea' id='block_1_40' title="bbox 352 2306 2033 2378">
    <p class='ocr_par' dir='ltr' id='par_1_40' title="bbox 352 2306 2033 2378">
     <span class='ocr_line' id='line_1_40' title="bbox 352 2306 2033 2378; baseline 0 -15"><span class='ocrx_word' id='word_1_273' title='bbox 352 2320 359 2327; x_wconf 84' lang='lat'><strong><em>‘</em></strong></span> <span class='ocrx_word' id='word_1_274' title='bbox 444 2308 632 2364; x_wconf 75' lang='lat' dir='ltr'><strong>valere</strong></span> <span class='ocrx_word' id='word_1_275' title='bbox 662 2307 1083 2378; x_wconf 84' lang='lat' dir='ltr'><strong>suspicionibus.</strong></span> <span class='ocrx_word' id='word_1_276' title='bbox 1115 2306 1274 2363; x_wconf 88' lang='lat' dir='ltr'><strong>Nunc</strong></span> <span class='ocrx_word' id='word_1_277' title='bbox 1296 2317 1477 2362; x_wconf 87' lang='lat' dir='ltr'><strong>autem</strong></span> <span class='ocrx_word' id='word_1_278' title='bbox 1509 2323 1615 2362; x_wconf 92' lang='lat' dir='ltr'><strong>non</strong></span> <span class='ocrx_word' id='word_1_279' title='bbox 1646 2317 1892 2377; x_wconf 91' lang='lat' dir='ltr'><strong>possunt.</strong></span> <span class='ocrx_word' id='word_1_280' title='bbox 1917 2308 2033 2363; x_wconf 85' lang='lat' dir='ltr'><strong>Sub</strong></span> 
     </span>
    </p>
   </div>
   <div class='ocr_carea' id='block_1_41' title="bbox 391 2398 2028 2470">
    <p class='ocr_par' dir='ltr' id='par_1_41' title="bbox 391 2398 2028 2470">
     <span class='ocr_line' id='line_1_41' title="bbox 391 2398 2028 2470; baseline 0 -15"><span class='ocrx_word' id='word_1_281' title='bbox 391 2404 401 2418; x_wconf 82' lang='lat'><em>‘</em></span> <span class='ocrx_word' id='word_1_282' title='bbox 444 2400 734 2470; x_wconf 73' lang='lat' dir='ltr'><strong>prtesentia</strong></span> <span class='ocrx_word' id='word_1_283' title='bbox 765 2399 909 2455; x_wconf 88' lang='lat' dir='ltr'><strong>enim</strong></span> <span class='ocrx_word' id='word_1_284' title='bbox 937 2398 1150 2455; x_wconf 89' lang='lat' dir='ltr'><strong>Domini</strong></span> <span class='ocrx_word' id='word_1_285' title='bbox 1178 2414 1344 2454; x_wconf 90' lang='lat' dir='ltr'><strong>unum</strong></span> <span class='ocrx_word' id='word_1_286' title='bbox 1373 2399 1671 2457; x_wconf 76' lang='lat' dir='ltr'><strong>daemonem</strong></span> <span class='ocrx_word' id='word_1_287' title='bbox 1699 2399 1898 2469; x_wconf 87' lang='lat' dir='ltr'><strong>ejicere</strong></span> <span class='ocrx_word' id='word_1_288' title='bbox 1923 2413 2028 2456; x_wconf 90' lang='lat' dir='ltr'><strong>non</strong></span> 
     </span>
    </p>
   </div>
   <div class='ocr_carea' id='block_1_42' title="bbox 444 2489 2027 2563">
    <p class='ocr_par' dir='ltr' id='par_1_42' title="bbox 444 2489 2027 2563">
     <span class='ocr_line' id='line_1_42' title="bbox 444 2489 2027 2563; baseline -0.002 -16"><span class='ocrx_word' id='word_1_289' title='bbox 444 2502 699 2563; x_wconf 82' lang='lat' dir='ltr'><strong>poterant</strong></span> <span class='ocrx_word' id='word_1_290' title='bbox 730 2491 957 2560; x_wconf 87' lang='lat' dir='ltr'><strong>apostoli</strong></span> <span class='ocrx_word' id='word_1_291' title='bbox 997 2507 1014 2545; x_wconf 89' lang='lat'><strong>:</strong></span> <span class='ocrx_word' id='word_1_292' title='bbox 1045 2500 1167 2559; x_wconf 90' lang='lat' dir='ltr'><strong>post</strong></span> <span class='ocrx_word' id='word_1_293' title='bbox 1199 2492 1640 2547; x_wconf 90' lang='lat' dir='ltr'><strong>resurrectionen</strong></span> <span class='ocrx_word' id='word_1_294' title='bbox 1669 2500 1850 2547; x_wconf 89' lang='lat' dir='ltr'><strong>autem</strong></span> <span class='ocrx_word' id='word_1_295' title='bbox 1885 2489 2027 2559; x_wconf 89' lang='lat' dir='ltr'><strong>ejus,</strong></span> 
     </span>
    </p>
   </div>
   <div class='ocr_carea' id='block_1_43' title="bbox 438 2582 2030 2652">
    <p class='ocr_par' dir='ltr' id='par_1_43' title="bbox 438 2582 2030 2652">
     <span class='ocr_line' id='line_1_43' title="bbox 438 2582 2030 2652; baseline 0 -13"><span class='ocrx_word' id='word_1_296' title='bbox 438 2599 553 2640; x_wconf 14' lang='lat' dir='ltr'><strong>{non</strong></span> <span class='ocrx_word' id='word_1_297' title='bbox 583 2583 754 2639; x_wconf 84' lang='lat' dir='ltr'><strong>solum</strong></span> <span class='ocrx_word' id='word_1_298' title='bbox 772 2582 870 2648; x_wconf 91' lang='lat' dir='ltr'><strong>illi,</strong></span> <span class='ocrx_word' id='word_1_299' title='bbox 897 2582 991 2639; x_wconf 85' lang='lat' dir='ltr'><strong>sed</strong></span> <span class='ocrx_word' id='word_1_300' title='bbox 1020 2591 1073 2636; x_wconf 91' lang='lat' dir='ltr'><strong>et</strong></span> <span class='ocrx_word' id='word_1_301' title='bbox 1094 2582 1148 2637; x_wconf 88' lang='lat' dir='ltr'><strong>hi</strong></span> <span class='ocrx_word' id='word_1_302' title='bbox 1173 2583 1266 2652; x_wconf 91' lang='lat' dir='ltr'><strong>qui</strong></span> <span class='ocrx_word' id='word_1_303' title='bbox 1295 2584 1366 2637; x_wconf 83' lang='lat' dir='ltr'><strong>ab</strong></span> <span class='ocrx_word' id='word_1_304' title='bbox 1394 2582 1500 2638; x_wconf 91' lang='lat' dir='ltr'><strong>illis</strong></span> <span class='ocrx_word' id='word_1_305' title='bbox 1524 2582 1679 2638; x_wconf 89' lang='lat' dir='ltr'><strong>istius</strong></span> <span class='ocrx_word' id='word_1_306' title='bbox 1703 2583 1917 2638; x_wconf 89' lang='lat' dir='ltr'><strong>virtutis</strong></span> <span class='ocrx_word' id='word_1_307' title='bbox 1942 2597 2030 2639; x_wconf 85' lang='lat' dir='ltr'><strong>se-</strong></span> 
     </span>
    </p>
   </div>
   <div class='ocr_carea' id='block_1_44' title="bbox 442 2672 2028 2744">
    <p class='ocr_par' dir='ltr' id='par_1_44' title="bbox 442 2672 2028 2744">
     <span class='ocr_line' id='line_1_44' title="bbox 442 2672 2028 2744; baseline 0 -13"><span class='ocrx_word' id='word_1_308' title='bbox 442 2689 568 2731; x_wconf 85' lang='lat' dir='ltr'><strong>men</strong></span> <span class='ocrx_word' id='word_1_309' title='bbox 599 2682 944 2744; x_wconf 86' lang='lat' dir='ltr'><strong>acceperunt,</strong></span> <span class='ocrx_word' id='word_1_310' title='bbox 965 2672 1208 2742; x_wconf 82' lang='lat' dir='ltr'><strong>ejiciurit.</strong></span> <span class='ocrx_word' id='word_1_311' title='bbox 1224 2675 1281 2729; x_wconf 92' lang='lat' dir='ltr'><strong>Si</strong></span> <span class='ocrx_word' id='word_1_312' title='bbox 1305 2674 1451 2729; x_wconf 89' lang='lat' dir='ltr'><strong>enim</strong></span> <span class='ocrx_word' id='word_1_313' title='bbox 1474 2683 1529 2728; x_wconf 93' lang='lat' dir='ltr'><strong>et</strong></span> <span class='ocrx_word' id='word_1_314' title='bbox 1544 2674 1708 2729; x_wconf 87' lang='lat' dir='ltr'><strong>dubia</strong></span> <span class='ocrx_word' id='word_1_315' title='bbox 1731 2682 1893 2732; x_wconf 89' lang='lat' dir='ltr'><strong>erant</strong></span> <span class='ocrx_word' id='word_1_316' title='bbox 1908 2689 2028 2743; x_wconf 72' lang='lat' dir='ltr'><strong>quae</strong></span> 
     </span>
    </p>
   </div>
   <div class='ocr_carea' id='block_1_45' title="bbox 438 2765 2025 2838">
    <p class='ocr_par' dir='ltr' id='par_1_45' title="bbox 438 2765 2025 2838">
     <span class='ocr_line' id='line_1_45' title="bbox 438 2765 2025 2838; baseline -0.003 -14"><span class='ocrx_word' id='word_1_317' title='bbox 438 2776 571 2825; x_wconf 72' lang='lat' dir='ltr'><strong>ante</strong></span> <span class='ocrx_word' id='word_1_318' title='bbox 634 2767 943 2838; x_wconf 80' lang='lat' dir='ltr'><strong>passionem</strong></span> <span class='ocrx_word' id='word_1_319' title='bbox 983 2765 1438 2835; x_wconf 81' lang='lat' dir='ltr'><strong>praedicabantur,</strong></span> <span class='ocrx_word' id='word_1_320' title='bbox 1502 2768 1911 2838; x_wconf 84' lang='lat' dir='ltr'><strong>protensionem</strong></span> <span class='ocrx_word' id='word_1_321' title='bbox 1947 2766 2025 2837; x_wconf 89' lang='lat'><strong>(6)</strong></span> 
     </span>
    </p>
   </div>
   <div class='ocr_carea' id='block_1_46' title="bbox 437 2853 2024 2925">
    <p class='ocr_par' dir='ltr' id='par_1_46' title="bbox 437 2853 2024 2925">
     <span class='ocr_line' id='line_1_46' title="bbox 437 2853 2024 2925; baseline 0.001 -16"><span class='ocrx_word' id='word_1_322' title='bbox 437 2855 633 2913; x_wconf 67' lang='lat' dir='ltr'><strong>habuit</strong></span> <span class='ocrx_word' id='word_1_323' title='bbox 665 2856 1015 2913; x_wconf 87' lang='lat' dir='ltr'><strong>incredulitas</strong></span> <span class='ocrx_word' id='word_1_324' title='bbox 1046 2853 1309 2923; x_wconf 87' lang='lat' dir='ltr'><strong>majorem</strong></span> <span class='ocrx_word' id='word_1_325' title='bbox 1333 2864 1454 2922; x_wconf 91' lang='lat' dir='ltr'><strong>post</strong></span> <span class='ocrx_word' id='word_1_326' title='bbox 1474 2858 1809 2925; x_wconf 86' lang='lat' dir='ltr'><strong>passionem.</strong></span> <span class='ocrx_word' id='word_1_327' title='bbox 1841 2857 2024 2912; x_wconf 83' lang='lat' dir='ltr'><strong>Incre-</strong></span> 
     </span>
    </p>
   </div>
   <div class='ocr_carea' id='block_1_47' title="bbox 442 2948 2019 3016">
    <p class='ocr_par' dir='ltr' id='par_1_47' title="bbox 442 2948 2019 3016">
     <span class='ocr_line' id='line_1_47' title="bbox 442 2948 2019 3016; baseline 0 -12"><span class='ocrx_word' id='word_1_328' title='bbox 442 2948 754 3005; x_wconf 85' lang='lat' dir='ltr'><strong>dibilissimi</strong></span> <span class='ocrx_word' id='word_1_329' title='bbox 781 2949 928 3007; x_wconf 84' lang='lat' dir='ltr'><strong>enim</strong></span> <span class='ocrx_word' id='word_1_330' title='bbox 955 2948 1155 3011; x_wconf 67' lang='lat' dir='ltr'><strong>Judaei,</strong></span> <span class='ocrx_word' id='word_1_331' title='bbox 1177 2957 1441 3016; x_wconf 76' lang='lat' dir='ltr'><strong>patientes</strong></span> <span class='ocrx_word' id='word_1_332' title='bbox 1477 2950 1578 3005; x_wconf 90' lang='lat' dir='ltr'><strong>sibi</strong></span> <span class='ocrx_word' id='word_1_333' title='bbox 1615 2949 1929 3005; x_wconf 89' lang='lat' dir='ltr'><strong>scandalum</strong></span> <span class='ocrx_word' id='word_1_334' title='bbox 1965 2950 2019 3004; x_wconf 94' lang='lat' dir='ltr'><strong>in</strong></span> 
     </span>
    </p>
   </div>
   <div class='ocr_carea' id='block_1_48' title="bbox 442 3037 2023 3108">
    <p class='ocr_par' dir='ltr' id='par_1_48' title="bbox 442 3037 2023 3108">
     <span class='ocr_line' id='line_1_48' title="bbox 442 3037 2023 3108; baseline 0 -17"><span class='ocrx_word' id='word_1_335' title='bbox 442 3039 559 3108; x_wconf 82' lang='lat' dir='ltr'><strong>ipsa</strong></span> <span class='ocrx_word' id='word_1_336' title='bbox 588 3039 840 3108; x_wconf 80' lang='lat' dir='ltr'><strong>passione</strong></span> <span class='ocrx_word' id='word_1_337' title='bbox 863 3038 1382 3102; x_wconf 85' lang='lat' dir='ltr'><strong>Domini,-dicebant</strong></span> <span class='ocrx_word' id='word_1_338' title='bbox 1415 3055 1430 3092; x_wconf 91' lang='lat'><strong>:</strong></span> <span class='ocrx_word' id='word_1_339' title='bbox 1474 3038 1537 3097; x_wconf 90' lang='lat' dir='ltr'><strong>Si</strong></span> <span class='ocrx_word' id='word_1_340' title='bbox 1573 3037 1751 3093; x_wconf 75' lang='lat' dir='ltr'><strong>Filius</strong></span> <span class='ocrx_word' id='word_1_341' title='bbox 1789 3039 1885 3094; x_wconf 82' lang='lat' dir='ltr'><strong>Dei</strong></span> <span class='ocrx_word' id='word_1_342' title='bbox 1923 3050 2023 3107; x_wconf 72' lang='lat' dir='ltr'><strong>est,</strong></span> 
     </span>
    </p>
   </div>
   <div class='ocr_carea' id='block_1_49' title="bbox 442 3129 2021 3201">
    <p class='ocr_par' dir='ltr' id='par_1_49' title="bbox 442 3129 2021 3201">
     <span class='ocr_line' id='line_1_49' title="bbox 442 3129 2021 3201; baseline 0.001 -18"><span class='ocrx_word' id='word_1_343' title='bbox 442 3130 723 3185; x_wconf 81' lang='lat' dir='ltr'><strong>descendat</strong></span> <span class='ocrx_word' id='word_1_344' title='bbox 755 3145 894 3183; x_wconf 78' lang='lat' dir='ltr'><strong>nunc</strong></span> <span class='ocrx_word' id='word_1_345' title='bbox 914 3129 978 3183; x_wconf 88' lang='lat' dir='ltr'><strong>de</strong></span> <span class='ocrx_word' id='word_1_346' title='bbox 997 3145 1149 3183; x_wconf 69' lang='lat' dir='ltr'><strong>cruce</strong></span> <span class='ocrx_word' id='word_1_347' title='bbox 1172 3129 1241 3183; x_wconf 62' lang='lat'><strong>‘7.</strong></span> <span class='ocrx_word' id='word_1_348' title='bbox 1278 3129 1335 3185; x_wconf 91' lang='lat' dir='ltr'><strong>Si</strong></span> <span class='ocrx_word' id='word_1_349' title='bbox 1362 3131 1504 3185; x_wconf 84' lang='lat' dir='ltr'><strong>enim</strong></span> <span class='ocrx_word' id='word_1_350' title='bbox 1529 3144 1635 3185; x_wconf 85' lang='lat' dir='ltr'><strong>non</strong></span> <span class='ocrx_word' id='word_1_351' title='bbox 1659 3129 2021 3201; x_wconf 86' lang='lat' dir='ltr'><strong>descenderit,</strong></span> 
     </span>
    </p>
   </div>
   <div class='ocr_carea' id='block_1_50' title="bbox 2141 1934 3723 2011">
    <p class='ocr_par' dir='ltr' id='par_1_50' title="bbox 2141 1934 3723 2011">
     <span class='ocr_line' id='line_1_50' title="bbox 2141 1934 3723 2011; baseline 0.006 -24"><span class='ocrx_word' id='word_1_352' title='bbox 2141 1945 2229 1987; x_wconf 94' lang='lat' dir='ltr'><strong>tur</strong></span> <span class='ocrx_word' id='word_1_353' title='bbox 2269 1934 2397 1995; x_wconf 88' lang='lat' dir='ltr'><strong>filio.</strong></span> <span class='ocrx_word' id='word_1_354' title='bbox 2443 1936 2566 2004; x_wconf 89' lang='lat' dir='ltr'><strong>quia</strong></span> <span class='ocrx_word' id='word_1_355' title='bbox 2627 1936 2923 2007; x_wconf 83' lang='lat' dir='ltr'><strong>sapientior</strong></span> <span class='ocrx_word' id='word_1_356' title='bbox 2974 1939 3116 2007; x_wconf 89' lang='lat' dir='ltr'><strong>patri</strong></span> <span class='ocrx_word' id='word_1_357' title='bbox 3167 1954 3265 1994; x_wconf 89' lang='lat' dir='ltr'><strong>suo</strong></span> <span class='ocrx_word' id='word_1_358' title='bbox 3309 1943 3598 2011; x_wconf 88' lang='lat' dir='ltr'><strong>apparuit:</strong></span> <span class='ocrx_word' id='word_1_359' title='bbox 3633 1943 3723 1997; x_wconf 87' lang='lat' dir='ltr'><strong>illa</strong></span> 
     </span>
    </p>
   </div>
   <div class='ocr_carea' id='block_1_51' title="bbox 2137 2026 3724 2098">
    <p class='ocr_par' dir='ltr' id='par_1_51' title="bbox 2137 2026 3724 2098">
     <span class='ocr_line' id='line_1_51' title="bbox 2137 2026 3724 2098; baseline 0.007 -20"><span class='ocrx_word' id='word_1_360' title='bbox 2137 2038 2315 2081; x_wconf 89' lang='lat' dir='ltr'><strong>autem</strong></span> <span class='ocrx_word' id='word_1_361' title='bbox 2358 2026 2648 2095; x_wconf 88' lang='lat' dir='ltr'><strong>abjiciebat</strong></span> <span class='ocrx_word' id='word_1_362' title='bbox 2702 2028 2892 2095; x_wconf 90' lang='lat' dir='ltr'><strong>lilium,</strong></span> <span class='ocrx_word' id='word_1_363' title='bbox 2942 2029 3070 2098; x_wconf 91' lang='lat' dir='ltr'><strong>quia</strong></span> <span class='ocrx_word' id='word_1_364' title='bbox 3122 2031 3313 2087; x_wconf 85' lang='lat' dir='ltr'><strong>matris</strong></span> <span class='ocrx_word' id='word_1_365' title='bbox 3366 2032 3724 2089; x_wconf 86' lang='lat' dir='ltr'><strong>incredulitas</strong></span> 
     </span>
    </p>
   </div>
   <div class='ocr_carea' id='block_1_52' title="bbox 2138 2118 3720 2185">
    <p class='ocr_par' dir='ltr' id='par_1_52' title="bbox 2138 2118 3720 2185">
     <span class='ocr_line' id='line_1_52' title="bbox 2138 2118 3720 2185; baseline 0.006 -15"><span class='ocrx_word' id='word_1_366' title='bbox 2138 2132 2242 2171; x_wconf 90' lang='lat' dir='ltr'><strong>non</strong></span> <span class='ocrx_word' id='word_1_367' title='bbox 2296 2119 2673 2174; x_wconf 87' lang='lat' dir='ltr'><strong>conscntiebat</strong></span> <span class='ocrx_word' id='word_1_368' title='bbox 2726 2118 2885 2185; x_wconf 79' lang='lat' dir='ltr'><strong>fidei);</strong></span> <span class='ocrx_word' id='word_1_369' title='bbox 2959 2130 3013 2175; x_wconf 92' lang='lat' dir='ltr'><strong>et</strong></span> <span class='ocrx_word' id='word_1_370' title='bbox 3044 2121 3213 2177; x_wconf 85' lang='lat' dir='ltr'><strong>frater</strong></span> <span class='ocrx_word' id='word_1_371' title='bbox 3243 2123 3557 2179; x_wconf 81' lang='lat' dir='ltr'><strong>minabatur</strong></span> <span class='ocrx_word' id='word_1_372' title='bbox 3608 2125 3720 2179; x_wconf 89' lang='lat' dir='ltr'><strong>fra—</strong></span> 
     </span>
    </p>
   </div>
   <div class='ocr_carea' id='block_1_53' title="bbox 2137 2209 3722 2284">
    <p class='ocr_par' dir='ltr' id='par_1_53' title="bbox 2137 2209 3722 2284">
     <span class='ocr_line' id='line_1_53' title="bbox 2137 2209 3722 2284; baseline 0.006 -22"><span class='ocrx_word' id='word_1_373' title='bbox 2137 2209 2379 2278; x_wconf 82' lang='lat' dir='ltr'><strong>trt;jatn</strong></span> <span class='ocrx_word' id='word_1_374' title='bbox 2430 2222 2609 2266; x_wconf 86' lang='lat' dir='ltr'><strong>autem</strong></span> <span class='ocrx_word' id='word_1_375' title='bbox 2647 2225 2701 2267; x_wconf 88' lang='lat' dir='ltr'><strong>et</strong></span> <span class='ocrx_word' id='word_1_376' title='bbox 2730 2213 2983 2269; x_wconf 89' lang='lat' dir='ltr'><strong>dominus</strong></span> <span class='ocrx_word' id='word_1_377' title='bbox 3039 2228 3219 2268; x_wconf 90' lang='lat' dir='ltr'><strong>servo.</strong></span> <span class='ocrx_word' id='word_1_378' title='bbox 3254 2214 3397 2284; x_wconf 85' lang='lat' dir='ltr'><strong>Ignis</strong></span> <span class='ocrx_word' id='word_1_379' title='bbox 3441 2217 3584 2270; x_wconf 91' lang='lat' dir='ltr'><strong>enim</strong></span> <span class='ocrx_word' id='word_1_380' title='bbox 3633 2216 3722 2271; x_wconf 90' lang='lat' dir='ltr'><strong>ille</strong></span> 
     </span>
    </p>
   </div>
   <div class='ocr_carea' id='block_1_54' title="bbox 2133 2302 3722 2379">
    <p class='ocr_par' dir='ltr' id='par_1_54' title="bbox 2133 2302 3722 2379">
     <span class='ocr_line' id='line_1_54' title="bbox 2133 2302 3722 2379; baseline 0.004 -25"><span class='ocrx_word' id='word_1_381' title='bbox 2133 2316 2293 2370; x_wconf 88' lang='lat' dir='ltr'><strong>quem</strong></span> <span class='ocrx_word' id='word_1_382' title='bbox 2324 2302 2473 2358; x_wconf 85' lang='lat' dir='ltr'><strong>misit</strong></span> <span class='ocrx_word' id='word_1_383' title='bbox 2495 2304 2758 2359; x_wconf 89' lang='lat' dir='ltr'><strong>Dominus</strong></span> <span class='ocrx_word' id='word_1_384' title='bbox 2783 2304 2966 2373; x_wconf 85' lang='lat' dir='ltr'><strong>Jesus,</strong></span> <span class='ocrx_word' id='word_1_385' title='bbox 3011 2307 3224 2376; x_wconf 56' lang='lat' dir='ltr'><strong>aliquos</strong></span> <span class='ocrx_word' id='word_1_386' title='bbox 3267 2307 3488 2376; x_wconf 91' lang='lat' dir='ltr'><strong>quidem</strong></span> <span class='ocrx_word' id='word_1_387' title='bbox 3521 2309 3722 2379; x_wconf 77' lang='lat' dir='ltr'><strong>tetigit,</strong></span> 
     </span>
    </p>
   </div>
   <div class='ocr_carea' id='block_1_55' title="bbox 2134 2392 3716 2465">
    <p class='ocr_par' dir='ltr' id='par_1_55' title="bbox 2134 2392 3716 2465">
     <span class='ocr_line' id='line_1_55' title="bbox 2134 2392 3716 2465; baseline 0.006 -21"><span class='ocrx_word' id='word_1_388' title='bbox 2134 2392 2346 2462; x_wconf 85' lang='lat' dir='ltr'><strong>aliquos</strong></span> <span class='ocrx_word' id='word_1_389' title='bbox 2380 2403 2562 2448; x_wconf 87' lang='lat' dir='ltr'><strong>autem</strong></span> <span class='ocrx_word' id='word_1_390' title='bbox 2592 2394 2860 2463; x_wconf 86' lang='lat' dir='ltr'><strong>despexit,</strong></span> <span class='ocrx_word' id='word_1_391' title='bbox 2889 2406 2944 2453; x_wconf 92' lang='lat' dir='ltr'><strong>et</strong></span> <span class='ocrx_word' id='word_1_392' title='bbox 2970 2395 3218 2465; x_wconf 85' lang='lat' dir='ltr'><strong>implevit</strong></span> <span class='ocrx_word' id='word_1_393' title='bbox 3253 2398 3465 2453; x_wconf 91' lang='lat' dir='ltr'><strong>turbela</strong></span> <span class='ocrx_word' id='word_1_394' title='bbox 3518 2400 3716 2453; x_wconf 84' lang='lat' dir='ltr'><strong>civita—</strong></span> 
     </span>
    </p>
   </div>
   <div class='ocr_carea' id='block_1_56' title="bbox 2137 2484 3720 2557">
    <p class='ocr_par' dir='ltr' id='par_1_56' title="bbox 2137 2484 3720 2557">
     <span class='ocr_line' id='line_1_56' title="bbox 2137 2484 3720 2557; baseline 0.005 -19"><span class='ocrx_word' id='word_1_395' title='bbox 2137 2495 2265 2549; x_wconf 91' lang='lat' dir='ltr'><strong>tem,</strong></span> <span class='ocrx_word' id='word_1_396' title='bbox 2298 2484 2472 2551; x_wconf 87' lang='lat' dir='ltr'><strong>vicos,</strong></span> <span class='ocrx_word' id='word_1_397' title='bbox 2501 2487 2752 2557; x_wconf 77' lang='lat' dir='ltr'><strong>regiones</strong></span> <span class='ocrx_word' id='word_1_398' title='bbox 2785 2496 2840 2543; x_wconf 94' lang='lat' dir='ltr'><strong>et</strong></span> <span class='ocrx_word' id='word_1_399' title='bbox 2874 2488 3083 2544; x_wconf 90' lang='lat' dir='ltr'><strong>domos.</strong></span> <span class='ocrx_word' id='word_1_400' title='bbox 3114 2488 3248 2543; x_wconf 89' lang='lat' dir='ltr'><strong>Erat</strong></span> <span class='ocrx_word' id='word_1_401' title='bbox 3289 2498 3470 2545; x_wconf 89' lang='lat' dir='ltr'><strong>autem</strong></span> <span class='ocrx_word' id='word_1_402' title='bbox 3511 2491 3720 2546; x_wconf 88' lang='lat' dir='ltr'><strong>turbela</strong></span> 
     </span>
    </p>
   </div>
   <div class='ocr_carea' id='block_1_57' title="bbox 2131 2567 3720 2649">
    <p class='ocr_par' dir='ltr' id='par_1_57' title="bbox 2131 2567 3720 2649">
     <span class='ocr_line' id='line_1_57' title="bbox 2131 2567 3720 2649; baseline 0.006 -23"><span class='ocrx_word' id='word_1_403' title='bbox 2131 2567 2450 2642; x_wconf 85' lang='lat' dir='ltr'><strong>quibusdam</strong></span> <span class='ocrx_word' id='word_1_404' title='bbox 2487 2577 2704 2645; x_wconf 91' lang='lat' dir='ltr'><strong>quidem</strong></span> <span class='ocrx_word' id='word_1_405' title='bbox 2736 2577 2806 2632; x_wconf 90' lang='lat' dir='ltr'><strong>ad</strong></span> <span class='ocrx_word' id='word_1_406' title='bbox 2830 2570 3055 2641; x_wconf 85' lang='lat' dir='ltr'><strong>bonum,</strong></span> <span class='ocrx_word' id='word_1_407' title='bbox 3084 2580 3412 2649; x_wconf 89' lang='lat' dir='ltr'><strong>quibusdam</strong></span> <span class='ocrx_word' id='word_1_408' title='bbox 3445 2590 3626 2637; x_wconf 88' lang='lat' dir='ltr'><strong>autem</strong></span> <span class='ocrx_word' id='word_1_409' title='bbox 3651 2583 3720 2636; x_wconf 90' lang='lat' dir='ltr'><strong>ad</strong></span> 
     </span>
    </p>
   </div>
   <div class='ocr_carea' id='block_1_58' title="bbox 2130 2664 3720 2737">
    <p class='ocr_par' dir='ltr' id='par_1_58' title="bbox 2130 2664 3720 2737">
     <span class='ocr_line' id='line_1_58' title="bbox 2130 2664 3720 2737; baseline 0.005 -19"><span class='ocrx_word' id='word_1_410' title='bbox 2130 2664 2329 2732; x_wconf 79' lang='lat' dir='ltr'><strong>duplex</strong></span> <span class='ocrx_word' id='word_1_411' title='bbox 2354 2664 2577 2722; x_wconf 91' lang='lat' dir='ltr'><strong>malum.</strong></span> <span class='ocrx_word' id='word_1_412' title='bbox 2614 2665 2856 2722; x_wconf 86' lang='lat' dir='ltr'><strong>lliienim</strong></span> <span class='ocrx_word' id='word_1_413' title='bbox 2894 2669 2985 2737; x_wconf 91' lang='lat' dir='ltr'><strong>qui</strong></span> <span class='ocrx_word' id='word_1_414' title='bbox 3030 2669 3424 2737; x_wconf 83' lang='lat' dir='ltr'><strong>figurabantur,</strong></span> <span class='ocrx_word' id='word_1_415' title='bbox 3461 2677 3514 2726; x_wconf 92' lang='lat' dir='ltr'><strong>et</strong></span> <span class='ocrx_word' id='word_1_416' title='bbox 3534 2685 3720 2735; x_wconf 81' lang='lat' dir='ltr'><strong>perse-</strong></span> 
     </span>
    </p>
   </div>
   <div class='ocr_carea' id='block_1_59' title="bbox 2128 2757 3718 2832">
    <p class='ocr_par' dir='ltr' id='par_1_59' title="bbox 2128 2757 3718 2832">
     <span class='ocr_line' id='line_1_59' title="bbox 2128 2757 3718 2832; baseline 0.004 -21"><span class='ocrx_word' id='word_1_417' title='bbox 2128 2757 2399 2812; x_wconf 88' lang='lat' dir='ltr'><strong>cntionem</strong></span> <span class='ocrx_word' id='word_1_418' title='bbox 2424 2758 2785 2824; x_wconf 88' lang='lat' dir='ltr'><strong>sustinebant,</strong></span> <span class='ocrx_word' id='word_1_419' title='bbox 2811 2767 3003 2816; x_wconf 91' lang='lat' dir='ltr'><strong>etcum</strong></span> <span class='ocrx_word' id='word_1_420' title='bbox 3048 2759 3231 2814; x_wconf 71' lang='lat' dir='ltr'><strong>laetitia</strong></span> <span class='ocrx_word' id='word_1_421' title='bbox 3271 2762 3453 2816; x_wconf 87' lang='lat' dir='ltr'><strong>omnia</strong></span> <span class='ocrx_word' id='word_1_422' title='bbox 3475 2762 3545 2817; x_wconf 91' lang='lat' dir='ltr'><strong>ob</strong></span> <span class='ocrx_word' id='word_1_423' title='bbox 3566 2776 3718 2832; x_wconf 75' lang='lat' dir='ltr'><strong>Spem</strong></span> 
     </span>
    </p>
   </div>
   <div class='ocr_carea' id='block_1_60' title="bbox 2127 2848 3717 2920">
    <p class='ocr_par' dir='ltr' id='par_1_60' title="bbox 2127 2848 3717 2920">
     <span class='ocr_line' id='line_1_60' title="bbox 2127 2848 3717 2920; baseline 0.004 -18"><span class='ocrx_word' id='word_1_424' title='bbox 2127 2848 2279 2918; x_wconf 90' lang='lat' dir='ltr'><strong>regni</strong></span> <span class='ocrx_word' id='word_1_425' title='bbox 2311 2848 2552 2905; x_wconf 71' lang='lat' dir='ltr'><strong>caelestis</strong></span> <span class='ocrx_word' id='word_1_426' title='bbox 2578 2850 2956 2919; x_wconf 85' lang='lat' dir='ltr'><strong>patiebantur;</strong></span> <span class='ocrx_word' id='word_1_427' title='bbox 2982 2852 3119 2906; x_wconf 88' lang='lat' dir='ltr'><strong>mala</strong></span> <span class='ocrx_word' id='word_1_428' title='bbox 3150 2867 3267 2920; x_wconf 66' lang='lat' dir='ltr'><strong>quae</strong></span> <span class='ocrx_word' id='word_1_429' title='bbox 3284 2853 3634 2920; x_wconf 88' lang='lat' dir='ltr'><strong>putabantur,</strong></span> <span class='ocrx_word' id='word_1_430' title='bbox 3663 2853 3717 2908; x_wconf 92' lang='lat' dir='ltr'><strong>in</strong></span> 
     </span>
    </p>
   </div>
   <div class='ocr_carea' id='block_1_61' title="bbox 2125 2936 3716 3012">
    <p class='ocr_par' dir='ltr' id='par_1_61' title="bbox 2125 2936 3716 3012">
     <span class='ocr_line' id='line_1_61' title="bbox 2125 2936 3716 3012; baseline 0.003 -20"><span class='ocrx_word' id='word_1_431' title='bbox 2125 2936 2285 2992; x_wconf 90' lang='lat' dir='ltr'><strong>bonis</strong></span> <span class='ocrx_word' id='word_1_432' title='bbox 2332 2939 2433 2995; x_wconf 88' lang='lat' dir='ltr'><strong>sibi</strong></span> <span class='ocrx_word' id='word_1_433' title='bbox 2475 2939 2746 2994; x_wconf 89' lang='lat' dir='ltr'><strong>thesauris</strong></span> <span class='ocrx_word' id='word_1_434' title='bbox 2789 2940 3171 2995; x_wconf 85' lang='lat' dir='ltr'><strong>recondebam.</strong></span> <span class='ocrx_word' id='word_1_435' title='bbox 3218 2940 3541 3012; x_wconf 86' lang='lat' dir='ltr'><strong>Quicunque</strong></span> <span class='ocrx_word' id='word_1_436' title='bbox 3571 2942 3716 2997; x_wconf 88' lang='lat' dir='ltr'><strong>enim</strong></span> 
     </span>
    </p>
   </div>
   <div class='ocr_carea' id='block_1_62' title="bbox 2126 3028 3720 3101">
    <p class='ocr_par' dir='ltr' id='par_1_62' title="bbox 2126 3028 3720 3101">
     <span class='ocr_line' id='line_1_62' title="bbox 2126 3028 3720 3101; baseline 0.004 -20"><span class='ocrx_word' id='word_1_437' title='bbox 2126 3028 2450 3084; x_wconf 84' lang='lat' dir='ltr'><strong>videbantur</strong></span> <span class='ocrx_word' id='word_1_438' title='bbox 2477 3028 2646 3100; x_wconf 80' lang='lat' dir='ltr'><strong>legem</strong></span> <span class='ocrx_word' id='word_1_439' title='bbox 2689 3030 2971 3086; x_wconf 90' lang='lat' dir='ltr'><strong>vindicare</strong></span> <span class='ocrx_word' id='word_1_440' title='bbox 3015 3029 3244 3100; x_wconf 76' lang='lat' dir='ltr'><strong>Moysei,</strong></span> <span class='ocrx_word' id='word_1_441' title='bbox 3274 3031 3407 3101; x_wconf 87' lang='lat' dir='ltr'><strong>legis</strong></span> <span class='ocrx_word' id='word_1_442' title='bbox 3439 3045 3720 3087; x_wconf 87' lang='lat' dir='ltr'><strong>sermones</strong></span> 
     </span>
    </p>
   </div>
   <div class='ocr_carea' id='block_1_63' title="bbox 2126 3117 3715 3191">
    <p class='ocr_par' dir='ltr' id='par_1_63' title="bbox 2126 3117 3715 3191">
     <span class='ocr_line' id='line_1_63' title="bbox 2126 3117 3715 3191; baseline 0.003 -19"><span class='ocrx_word' id='word_1_443' title='bbox 2126 3117 2444 3188; x_wconf 79' lang='lat' dir='ltr'><strong>ignorantes</strong></span> <span class='ocrx_word' id='word_1_444' title='bbox 2477 3121 2751 3175; x_wconf 85' lang='lat' dir='ltr'><strong>contraria</strong></span> <span class='ocrx_word' id='word_1_445' title='bbox 2794 3120 2894 3191; x_wconf 82' lang='lat' dir='ltr'><strong>legi</strong></span> <span class='ocrx_word' id='word_1_446' title='bbox 2928 3120 3307 3189; x_wconf 86' lang='lat' dir='ltr'><strong>operabantur.</strong></span> <span class='ocrx_word' id='word_1_447' title='bbox 3344 3121 3446 3177; x_wconf 87' lang='lat' dir='ltr'><strong>Per</strong></span> <span class='ocrx_word' id='word_1_448' title='bbox 3467 3137 3532 3177; x_wconf 89' lang='lat' dir='ltr'><strong>ea</strong></span> <span class='ocrx_word' id='word_1_449' title='bbox 3568 3120 3715 3176; x_wconf 86' lang='lat' dir='ltr'><strong>enim</strong></span> 
     </span>
    </p>
   </div>
   <div class='ocr_carea' id='block_1_64' title="bbox 446 3206 3711 3286">
    <p class='ocr_par' dir='ltr' id='par_1_64' title="bbox 446 3206 3711 3286">
     <span class='ocr_line' id='line_1_64' title="bbox 446 3206 3711 3286; baseline -0.001 -14"><span class='ocrx_word' id='word_1_450' title='bbox 446 3220 540 3274; x_wconf 84' lang='lat' dir='ltr'><strong>sed</strong></span> <span class='ocrx_word' id='word_1_451' title='bbox 572 3226 818 3273; x_wconf 88' lang='lat' dir='ltr'><strong>mortuus</strong></span> <span class='ocrx_word' id='word_1_452' title='bbox 846 3215 1028 3281; x_wconf 82' lang='lat' dir='ltr'><strong>fuerit,</strong></span> <span class='ocrx_word' id='word_1_453' title='bbox 1057 3217 1327 3286; x_wconf 90' lang='lat' dir='ltr'><strong>inquiunt,</strong></span> <span class='ocrx_word' id='word_1_454' title='bbox 1353 3228 1567 3272; x_wconf 89' lang='lat' dir='ltr'><strong>mortua</strong></span> <span class='ocrx_word' id='word_1_455' title='bbox 1605 3218 1714 3272; x_wconf 88' lang='lat' dir='ltr'><strong>erit</strong></span> <span class='ocrx_word' id='word_1_456' title='bbox 1733 3226 1790 3273; x_wconf 81' lang='lat' dir='ltr'><strong>et</strong></span> <span class='ocrx_word' id='word_1_457' title='bbox 1816 3220 2015 3276; x_wconf 73' lang='lat' dir='ltr'><strong>virtus,</strong></span> <span class='ocrx_word' id='word_1_458' title='bbox 2049 3206 2091 3263; x_wconf 89' lang='lat' dir='ltr'>C</span> <span class='ocrx_word' id='word_1_459' title='bbox 2126 3226 2246 3279; x_wconf 65' lang='lat' dir='ltr'><strong>qua:</strong></span> <span class='ocrx_word' id='word_1_460' title='bbox 2276 3210 2661 3282; x_wconf 89' lang='lat' dir='ltr'><strong>gloriabantur,</strong></span> <span class='ocrx_word' id='word_1_461' title='bbox 2678 3229 2772 3283; x_wconf 90' lang='lat' dir='ltr'><strong>per</strong></span> <span class='ocrx_word' id='word_1_462' title='bbox 2795 3214 2908 3282; x_wconf 88' lang='lat' dir='ltr'><strong>ipsa</strong></span> <span class='ocrx_word' id='word_1_463' title='bbox 2933 3219 3384 3285; x_wconf 83' lang='lat' dir='ltr'><strong>etarguebantur.</strong></span> <span class='ocrx_word' id='word_1_464' title='bbox 3405 3217 3533 3270; x_wconf 86' lang='lat' dir='ltr'><strong>Erat</strong></span> <span class='ocrx_word' id='word_1_465' title='bbox 3551 3216 3711 3286; x_wconf 80' lang='lat' dir='ltr'><strong>igitur</strong></span> 
     </span>
    </p>
   </div>
   <div class='ocr_carea' id='block_1_65' title="bbox 426 3307 2086 3380">
    <p class='ocr_par' dir='ltr' id='par_1_65' title="bbox 426 3307 2086 3380">
     <span class='ocr_line' id='line_1_65' title="bbox 426 3307 2086 3380; baseline 0.002 -19"><span class='ocrx_word' id='word_1_466' title='bbox 426 3310 579 3379; x_wconf 67' lang='lat' dir='ltr'><strong>Quia</strong></span> <span class='ocrx_word' id='word_1_467' title='bbox 615 3323 746 3380; x_wconf 85' lang='lat' dir='ltr'><strong>ergo</strong></span> <span class='ocrx_word' id='word_1_468' title='bbox 778 3308 961 3378; x_wconf 83' lang='lat' dir='ltr'><strong>passio</strong></span> <span class='ocrx_word' id='word_1_469' title='bbox 993 3308 1260 3378; x_wconf 90' lang='lat' dir='ltr'><strong>protendit</strong></span> <span class='ocrx_word' id='word_1_470' title='bbox 1304 3307 1382 3379; x_wconf 90' lang='lat'><strong>(7)</strong></span> <span class='ocrx_word' id='word_1_471' title='bbox 1419 3322 1637 3363; x_wconf 37' lang='lat' dir='ltr'><strong>eorum-</strong></span> <span class='ocrx_word' id='word_1_472' title='bbox 1661 3309 2019 3364; x_wconf 88' lang='lat' dir='ltr'><strong>incredulita-</strong></span> <span class='ocrx_word' id='word_1_473' title='bbox 2077 3357 2086 3365; x_wconf 86' lang='lat'><strong>.</strong></span> 
     </span>
    </p>
   </div>
   <div class='ocr_carea' id='block_1_66' title="bbox 442 3397 2024 3471">
    <p class='ocr_par' dir='ltr' id='par_1_66' title="bbox 442 3397 2024 3471">
     <span class='ocr_line' id='line_1_66' title="bbox 442 3397 2024 3471; baseline 0.002 -16"><span class='ocrx_word' id='word_1_474' title='bbox 442 3412 576 3465; x_wconf 86' lang='lat' dir='ltr'><strong>tem,</strong></span> <span class='ocrx_word' id='word_1_475' title='bbox 604 3400 815 3470; x_wconf 63' lang='lat' dir='ltr'><strong>major)</strong></span> <span class='ocrx_word' id='word_1_476' title='bbox 851 3407 1031 3461; x_wconf 83' lang='lat' dir='ltr'><strong>autem</strong></span> <span class='ocrx_word' id='word_1_477' title='bbox 1064 3398 1220 3468; x_wconf 85' lang='lat' dir='ltr'><strong>signa</strong></span> <span class='ocrx_word' id='word_1_478' title='bbox 1255 3397 1565 3455; x_wconf 75' lang='lat' dir='ltr'><strong>efﬁciuntur</strong></span> <span class='ocrx_word' id='word_1_479' title='bbox 1590 3414 1689 3468; x_wconf 91' lang='lat' dir='ltr'><strong>per</strong></span> <span class='ocrx_word' id='word_1_480' title='bbox 1725 3401 2024 3471; x_wconf 86' lang='lat' dir='ltr'><strong>discipulos</strong></span> 
     </span>
    </p>
   </div>
   <div class='ocr_carea' id='block_1_67' title="bbox 441 3489 2024 3561">
    <p class='ocr_par' dir='ltr' id='par_1_67' title="bbox 441 3489 2024 3561">
     <span class='ocr_line' id='line_1_67' title="bbox 441 3489 2024 3561; baseline 0.004 -14"><span class='ocrx_word' id='word_1_481' title='bbox 441 3493 509 3547; x_wconf 84' lang='lat' dir='ltr'><strong>ad</strong></span> <span class='ocrx_word' id='word_1_482' title='bbox 544 3492 1012 3552; x_wconf 86' lang='lat' dir='ltr'><strong>confirmationem</strong></span> <span class='ocrx_word' id='word_1_483' title='bbox 1042 3491 1305 3549; x_wconf 85' lang='lat' dir='ltr'><strong>adventus</strong></span> <span class='ocrx_word' id='word_1_484' title='bbox 1338 3489 1462 3560; x_wconf 80' lang='lat' dir='ltr'><strong>&#39;ejus</strong></span> <span class='ocrx_word' id='word_1_485' title='bbox 1487 3508 1502 3558; x_wconf 90' lang='lat'><strong>;</strong></span> <span class='ocrx_word' id='word_1_486' title='bbox 1529 3492 1703 3561; x_wconf 88' lang='lat' dir='ltr'><strong>magis</strong></span> <span class='ocrx_word' id='word_1_487' title='bbox 1739 3502 1920 3548; x_wconf 90' lang='lat' dir='ltr'><strong>autem</strong></span> <span class='ocrx_word' id='word_1_488' title='bbox 1955 3498 2024 3553; x_wconf 88' lang='lat' dir='ltr'><strong>ad</strong></span> 
     </span>
    </p>
   </div>
   <div class='ocr_carea' id='block_1_68' title="bbox 430 3580 2026 3651">
    <p class='ocr_par' dir='ltr' id='par_1_68' title="bbox 430 3580 2026 3651">
     <span class='ocr_line' id='line_1_68' title="bbox 430 3580 2026 3651; baseline 0.003 -15"><span class='ocrx_word' id='word_1_489' title='bbox 430 3583 911 3641; x_wconf 78' lang='lat' dir='ltr'><strong>confirmationem</strong></span> <span class='ocrx_word' id='word_1_490' title='bbox 977 3581 1313 3643; x_wconf 89' lang='lat' dir='ltr'><strong>incredibilis</strong></span> <span class='ocrx_word' id='word_1_491' title='bbox 1365 3580 1826 3651; x_wconf 70' lang='lat' dir='ltr'><strong>resurrectionis,</strong></span> <span class='ocrx_word' id='word_1_492' title='bbox 1881 3586 2026 3641; x_wconf 91' lang='lat' dir='ltr'><strong>acci-</strong></span> 
     </span>
    </p>
   </div>
   <div class='ocr_carea' id='block_1_69' title="bbox 436 3670 2023 3745">
    <p class='ocr_par' dir='ltr' id='par_1_69' title="bbox 436 3670 2023 3745">
     <span class='ocr_line' id='line_1_69' title="bbox 436 3670 2023 3745; baseline 0.003 -19"><span class='ocrx_word' id='word_1_493' title='bbox 436 3674 657 3743; x_wconf 79' lang='lat' dir='ltr'><strong>pientes</strong></span> <span class='ocrx_word' id='word_1_494' title='bbox 690 3670 1117 3731; x_wconf 81' lang='lat' dir='ltr'><strong>satisfactionem</strong></span> <span class='ocrx_word' id='word_1_495' title='bbox 1164 3686 1230 3729; x_wconf 76' lang='lat' dir='ltr'><strong>ex</strong></span> <span class='ocrx_word' id='word_1_496' title='bbox 1282 3673 1519 3729; x_wconf 88' lang='lat' dir='ltr'><strong>adventu</strong></span> <span class='ocrx_word' id='word_1_497' title='bbox 1556 3674 1792 3745; x_wconf 91' lang='lat' dir='ltr'><strong>Spiritus</strong></span> <span class='ocrx_word' id='word_1_498' title='bbox 1822 3677 2023 3742; x_wconf 89' lang='lat' dir='ltr'><strong>sancti,</strong></span> 
     </span>
    </p>
   </div>
   <div class='ocr_carea' id='block_1_70' title="bbox 445 3762 2021 3834">
    <p class='ocr_par' dir='ltr' id='par_1_70' title="bbox 445 3762 2021 3834">
     <span class='ocr_line' id='line_1_70' title="bbox 445 3762 2021 3834; baseline 0.002 -15"><span class='ocrx_word' id='word_1_499' title='bbox 445 3775 499 3820; x_wconf 83' lang='lat' dir='ltr'><strong>et</strong></span> <span class='ocrx_word' id='word_1_500' title='bbox 537 3763 762 3834; x_wconf 83' lang='lat' dir='ltr'><strong>apostoli</strong></span> <span class='ocrx_word' id='word_1_501' title='bbox 809 3762 1018 3818; x_wconf 88' lang='lat' dir='ltr'><strong>fuerant</strong></span> <span class='ocrx_word' id='word_1_502' title='bbox 1076 3765 1278 3827; x_wconf 80' lang='lat' dir='ltr'><strong>vocati,</strong></span> <span class='ocrx_word' id='word_1_503' title='bbox 1331 3766 1519 3820; x_wconf 91' lang='lat' dir='ltr'><strong>statim</strong></span> <span class='ocrx_word' id='word_1_504' title='bbox 1563 3765 1823 3834; x_wconf 90' lang='lat' dir='ltr'><strong>operibus</strong></span> <span class='ocrx_word' id='word_1_505' title='bbox 1883 3767 2021 3834; x_wconf 88' lang='lat' dir='ltr'><strong>ipsis</strong></span> 
     </span>
    </p>
   </div>
   <div class='ocr_carea' id='block_1_71' title="bbox 428 3855 2026 3928">
    <p class='ocr_par' dir='ltr' id='par_1_71' title="bbox 428 3855 2026 3928">
     <span class='ocr_line' id='line_1_71' title="bbox 428 3855 2026 3928; baseline 0.003 -17"><span class='ocrx_word' id='word_1_506' title='bbox 428 3855 801 3911; x_wconf 73' lang='lat' dir='ltr'><strong>ostendebant</strong></span> <span class='ocrx_word' id='word_1_507' title='bbox 856 3864 1118 3925; x_wconf 85' lang='lat' dir='ltr'><strong>quantum</strong></span> <span class='ocrx_word' id='word_1_508' title='bbox 1182 3864 1365 3927; x_wconf 85' lang='lat' dir='ltr'><strong>posset</strong></span> <span class='ocrx_word' id='word_1_509' title='bbox 1424 3857 1713 3927; x_wconf 67' lang='lat' dir='ltr'><strong>prmsentia</strong></span> <span class='ocrx_word' id='word_1_510' title='bbox 1789 3858 2026 3928; x_wconf 81' lang='lat' dir='ltr'><strong>Spiritus</strong></span> 
     </span>
    </p>
   </div>
   <div class='ocr_carea' id='block_1_72' title="bbox 443 3943 2024 4014">
    <p class='ocr_par' dir='ltr' id='par_1_72' title="bbox 443 3943 2024 4014">
     <span class='ocr_line' id='line_1_72' title="bbox 443 3943 2024 4014; baseline 0.002 -14"><span class='ocrx_word' id='word_1_511' title='bbox 443 3945 646 4000; x_wconf 81' lang='lat' dir='ltr'><strong>sancti.</strong></span> <span class='ocrx_word' id='word_1_512' title='bbox 677 3943 863 3999; x_wconf 90' lang='lat' dir='ltr'><strong>Primo</strong></span> <span class='ocrx_word' id='word_1_513' title='bbox 883 3943 1103 4012; x_wconf 87' lang='lat' dir='ltr'><strong>quidem</strong></span> <span class='ocrx_word' id='word_1_514' title='bbox 1126 3946 1253 4014; x_wconf 86' lang='lat' dir='ltr'><strong>quia</strong></span> <span class='ocrx_word' id='word_1_515' title='bbox 1275 3946 1402 3999; x_wconf 91' lang='lat' dir='ltr'><strong>dum</strong></span> <span class='ocrx_word' id='word_1_516' title='bbox 1438 3954 1622 3999; x_wconf 88' lang='lat' dir='ltr'><strong>essent</strong></span> <span class='ocrx_word' id='word_1_517' title='bbox 1655 3945 1835 4012; x_wconf 76' lang='lat' dir='ltr'><strong>multi,</strong></span> <span class='ocrx_word' id='word_1_518' title='bbox 1860 3964 2024 4003; x_wconf 90' lang='lat' dir='ltr'><strong>unum</strong></span> 
     </span>
    </p>
   </div>
   <div class='ocr_carea' id='block_1_73' title="bbox 443 4024 2028 4105">
    <p class='ocr_par' dir='ltr' id='par_1_73' title="bbox 443 4024 2028 4105">
     <span class='ocr_line' id='line_1_73' title="bbox 443 4024 2028 4105; baseline 0.006 -18"><span class='ocrx_word' id='word_1_519' title='bbox 443 4024 597 4089; x_wconf 79' lang='lat' dir='ltr'><strong>erant</strong></span> <span class='ocrx_word' id='word_1_520' title='bbox 627 4033 820 4105; x_wconf 87' lang='lat' dir='ltr'><strong>spiritu</strong></span> <span class='ocrx_word' id='word_1_521' title='bbox 872 4040 928 4087; x_wconf 92' lang='lat' dir='ltr'><strong>et</strong></span> <span class='ocrx_word' id='word_1_522' title='bbox 973 4032 1153 4086; x_wconf 89' lang='lat' dir='ltr'><strong>anima</strong></span> <span class='ocrx_word' id='word_1_523' title='bbox 1195 4048 1209 4083; x_wconf 92' lang='lat'>:</span> <span class='ocrx_word' id='word_1_524' title='bbox 1257 4033 1385 4103; x_wconf 88' lang='lat' dir='ltr'><strong>quia</strong></span> <span class='ocrx_word' id='word_1_525' title='bbox 1433 4049 1573 4091; x_wconf 91' lang='lat' dir='ltr'><strong>unus</strong></span> <span class='ocrx_word' id='word_1_526' title='bbox 1611 4042 1667 4088; x_wconf 91' lang='lat' dir='ltr'><strong>et</strong></span> <span class='ocrx_word' id='word_1_527' title='bbox 1719 4035 1860 4091; x_wconf 88' lang='lat' dir='ltr'><strong>idem</strong></span> <span class='ocrx_word' id='word_1_528' title='bbox 1909 4047 2028 4096; x_wconf 85' lang='lat' dir='ltr'><strong>erat</strong></span> 
     </span>
    </p>
   </div>
   <div class='ocr_carea' id='block_1_74' title="bbox 443 4121 2024 4193">
    <p class='ocr_par' dir='ltr' id='par_1_74' title="bbox 443 4121 2024 4193">
     <span class='ocr_line' id='line_1_74' title="bbox 443 4121 2024 4193; baseline 0.003 -13"><span class='ocrx_word' id='word_1_529' title='bbox 443 4122 700 4193; x_wconf 79' lang='lat' dir='ltr'><strong>Spiritus,</strong></span> <span class='ocrx_word' id='word_1_530' title='bbox 732 4121 824 4193; x_wconf 92' lang='lat' dir='ltr'><strong>qui</strong></span> <span class='ocrx_word' id='word_1_531' title='bbox 860 4124 959 4176; x_wconf 89' lang='lat' dir='ltr'><strong>bas</strong></span> <span class='ocrx_word' id='word_1_532' title='bbox 984 4122 1303 4179; x_wconf 80' lang='lat' dir='ltr'><strong>emcientias</strong></span> <span class='ocrx_word' id='word_1_533' title='bbox 1348 4125 1645 4183; x_wconf 82' lang='lat' dir='ltr'><strong>dividebat.</strong></span> <span class='ocrx_word' id='word_1_534' title='bbox 1685 4124 1837 4181; x_wconf 90' lang='lat' dir='ltr'><strong>Sicut</strong></span> <span class='ocrx_word' id='word_1_535' title='bbox 1877 4130 2024 4183; x_wconf 90' lang='lat' dir='ltr'><strong>enim</strong></span> 
     </span>
    </p>
   </div>
   <div class='ocr_carea' id='block_1_75' title="bbox 441 4212 2025 4287">
    <p class='ocr_par' dir='ltr' id='par_1_75' title="bbox 441 4212 2025 4287">
     <span class='ocr_line' id='line_1_75' title="bbox 441 4212 2025 4287; baseline 0.004 -20"><span class='ocrx_word' id='word_1_536' title='bbox 441 4212 648 4281; x_wconf 74' lang='lat' dir='ltr'><strong>lapides</strong></span> <span class='ocrx_word' id='word_1_537' title='bbox 684 4221 740 4268; x_wconf 91' lang='lat' dir='ltr'><strong>et</strong></span> <span class='ocrx_word' id='word_1_538' title='bbox 783 4212 983 4268; x_wconf 82' lang='lat' dir='ltr'><strong>lateres</strong></span> <span class='ocrx_word' id='word_1_539' title='bbox 1011 4212 1163 4273; x_wconf 87' lang='lat' dir='ltr'><strong>mnlti</strong></span> <span class='ocrx_word' id='word_1_540' title='bbox 1211 4212 1486 4282; x_wconf 85' lang='lat' dir='ltr'><strong>conjuncti</strong></span> <span class='ocrx_word' id='word_1_541' title='bbox 1538 4223 1593 4269; x_wconf 92' lang='lat' dir='ltr'><strong>et</strong></span> <span class='ocrx_word' id='word_1_542' title='bbox 1637 4218 1921 4287; x_wconf 87' lang='lat' dir='ltr'><strong>compositi</strong></span> <span class='ocrx_word' id='word_1_543' title='bbox 1971 4219 2025 4275; x_wconf 89' lang='lat' dir='ltr'><strong>in</strong></span> 
     </span>
    </p>
   </div>
   <div class='ocr_carea' id='block_1_76' title="bbox 440 4298 2027 4379">
    <p class='ocr_par' dir='ltr' id='par_1_76' title="bbox 440 4298 2027 4379">
     <span class='ocr_line' id='line_1_76' title="bbox 440 4298 2027 4379; baseline 0.003 -20"><span class='ocrx_word' id='word_1_544' title='bbox 440 4299 743 4359; x_wconf 65' lang='lat' dir='ltr'><strong>aediﬁcatus</strong></span> <span class='ocrx_word' id='word_1_545' title='bbox 778 4298 855 4371; x_wconf 90' lang='lat'><strong>(8)</strong></span> <span class='ocrx_word' id='word_1_546' title='bbox 893 4315 1059 4356; x_wconf 89' lang='lat' dir='ltr'><strong>unum</strong></span> <span class='ocrx_word' id='word_1_547' title='bbox 1094 4310 1150 4355; x_wconf 90' lang='lat' dir='ltr'><strong>et</strong></span> <span class='ocrx_word' id='word_1_548' title='bbox 1202 4302 1445 4358; x_wconf 89' lang='lat' dir='ltr'><strong>membra</strong></span> <span class='ocrx_word' id='word_1_549' title='bbox 1514 4302 1673 4374; x_wconf 88' lang='lat' dir='ltr'><strong>plura</strong></span> <span class='ocrx_word' id='word_1_550' title='bbox 1752 4316 2027 4379; x_wconf 84' lang='lat' dir='ltr'><strong>praecepto</strong></span> 
     </span>
    </p>
   </div>
   <div class='ocr_carea' id='block_1_77' title="bbox 444 4392 2028 4469">
    <p class='ocr_par' dir='ltr' id='par_1_77' title="bbox 444 4392 2028 4469">
     <span class='ocr_line' id='line_1_77' title="bbox 444 4392 2028 4469; baseline 0.006 -22"><span class='ocrx_word' id='word_1_551' title='bbox 444 4392 764 4451; x_wconf 63' lang='lat' dir='ltr'><strong>aedificantis</strong></span> <span class='ocrx_word' id='word_1_552' title='bbox 794 4392 845 4448; x_wconf 94' lang='lat' dir='ltr'><strong>in</strong></span> <span class='ocrx_word' id='word_1_553' title='bbox 870 4407 1032 4449; x_wconf 89' lang='lat' dir='ltr'><strong>unam</strong></span> <span class='ocrx_word' id='word_1_554' title='bbox 1067 4394 1443 4469; x_wconf 84' lang='lat' dir='ltr'><strong>compaginem</strong></span> <span class='ocrx_word' id='word_1_555' title='bbox 1480 4395 1799 4453; x_wconf 89' lang='lat' dir='ltr'><strong>adunantur</strong></span> <span class='ocrx_word' id='word_1_556' title='bbox 1831 4416 1845 4453; x_wconf 92' lang='lat'><strong>:</strong></span> <span class='ocrx_word' id='word_1_557' title='bbox 1875 4398 1949 4454; x_wconf 89' lang='lat' dir='ltr'><strong>ita</strong></span> <span class='ocrx_word' id='word_1_558' title='bbox 1972 4409 2028 4456; x_wconf 90' lang='lat' dir='ltr'><strong>et</strong></span> 
     </span>
    </p>
   </div>
   <div class='ocr_carea' id='block_1_78' title="bbox 444 4481 2023 4554">
    <p class='ocr_par' dir='ltr' id='par_1_78' title="bbox 444 4481 2023 4554">
     <span class='ocr_line' id='line_1_78' title="bbox 444 4481 2023 4554; baseline 0.008 -21"><span class='ocrx_word' id='word_1_559' title='bbox 444 4482 673 4551; x_wconf 83' lang='lat' dir='ltr'><strong>apostoli</strong></span> <span class='ocrx_word' id='word_1_560' title='bbox 714 4497 823 4538; x_wconf 91' lang='lat' dir='ltr'><strong>uno</strong></span> <span class='ocrx_word' id='word_1_561' title='bbox 868 4483 1129 4551; x_wconf 86' lang='lat' dir='ltr'><strong>baptizati</strong></span> <span class='ocrx_word' id='word_1_562' title='bbox 1168 4481 1374 4554; x_wconf 89' lang='lat' dir='ltr'><strong>Spiritu</strong></span> <span class='ocrx_word' id='word_1_563' title='bbox 1416 4486 1808 4554; x_wconf 85' lang='lat' dir='ltr'><strong>separationem</strong></span> <span class='ocrx_word' id='word_1_564' title='bbox 1839 4488 2023 4545; x_wconf 88' lang='lat' dir='ltr'><strong>multi-</strong></span> 
     </span>
    </p>
   </div>
   <div class='ocr_carea' id='block_1_79' title="bbox 2124 3298 3718 3369">
    <p class='ocr_par' dir='ltr' id='par_1_79' title="bbox 2124 3298 3718 3369">
     <span class='ocr_line' id='line_1_79' title="bbox 2124 3298 3718 3369; baseline 0.005 -16"><span class='ocrx_word' id='word_1_565' title='bbox 2124 3298 2324 3354; x_wconf 82' lang='lat' dir='ltr'><strong>Judaeis</strong></span> <span class='ocrx_word' id='word_1_566' title='bbox 2362 3302 2475 3369; x_wconf 89' lang='lat' dir='ltr'><strong>ipsa</strong></span> <span class='ocrx_word' id='word_1_567' title='bbox 2513 3303 2718 3357; x_wconf 83' lang='lat' dir='ltr'><strong>veritas</strong></span> <span class='ocrx_word' id='word_1_568' title='bbox 2769 3318 2897 3357; x_wconf 85' lang='lat' dir='ltr'><strong>nox.</strong></span> <span class='ocrx_word' id='word_1_569' title='bbox 2946 3303 3341 3361; x_wconf 87' lang='lat' dir='ltr'><strong>lnterfecerunt</strong></span> <span class='ocrx_word' id='word_1_570' title='bbox 3363 3306 3507 3362; x_wconf 90' lang='lat' dir='ltr'><strong>enim</strong></span> <span class='ocrx_word' id='word_1_571' title='bbox 3531 3316 3585 3363; x_wconf 90' lang='lat' dir='ltr'><strong>et</strong></span> <span class='ocrx_word' id='word_1_572' title='bbox 3619 3308 3718 3362; x_wconf 91' lang='lat' dir='ltr'><strong>oh-</strong></span> 
     </span>
    </p>
   </div>
   <div class='ocr_carea' id='block_1_80' title="bbox 2119 3390 3718 3462">
    <p class='ocr_par' dir='ltr' id='par_1_80' title="bbox 2119 3390 3718 3462">
     <span class='ocr_line' id='line_1_80' title="bbox 2119 3390 3718 3462; baseline 0.004 -17"><span class='ocrx_word' id='word_1_573' title='bbox 2119 3390 2432 3462; x_wconf 84' lang='lat' dir='ltr'><strong>jurgarunt,</strong></span> <span class='ocrx_word' id='word_1_574' title='bbox 2464 3400 2519 3452; x_wconf 92' lang='lat' dir='ltr'><strong>et</strong></span> <span class='ocrx_word' id='word_1_575' title='bbox 2545 3392 2894 3449; x_wconf 89' lang='lat' dir='ltr'><strong>descendenti</strong></span> <span class='ocrx_word' id='word_1_576' title='bbox 2919 3393 2984 3448; x_wconf 92' lang='lat' dir='ltr'><strong>de</strong></span> <span class='ocrx_word' id='word_1_577' title='bbox 3012 3409 3176 3449; x_wconf 89' lang='lat' dir='ltr'><strong>cruce</strong></span> <span class='ocrx_word' id='word_1_578' title='bbox 3202 3395 3461 3451; x_wconf 82' lang='lat' dir='ltr'><strong>dixerunt</strong></span> <span class='ocrx_word' id='word_1_579' title='bbox 3485 3396 3558 3459; x_wconf 85' lang='lat' dir='ltr'><strong>ei,</strong></span> <span class='ocrx_word' id='word_1_580' title='bbox 3607 3410 3718 3451; x_wconf 91' lang='lat' dir='ltr'><strong>non</strong></span> 
     </span>
    </p>
   </div>
   <div class='ocr_carea' id='block_1_81' title="bbox 2124 3485 3716 3559">
    <p class='ocr_par' dir='ltr' id='par_1_81' title="bbox 2124 3485 3716 3559">
     <span class='ocr_line' id='line_1_81' title="bbox 2124 3485 3716 3559; baseline 0.003 -21"><span class='ocrx_word' id='word_1_581' title='bbox 2124 3485 2427 3540; x_wconf 90' lang='lat' dir='ltr'><strong>descendit.</strong></span> <span class='ocrx_word' id='word_1_582' title='bbox 2473 3486 2764 3541; x_wconf 88' lang='lat' dir='ltr'><strong>Descendit</strong></span> <span class='ocrx_word' id='word_1_583' title='bbox 2807 3494 2990 3543; x_wconf 85' lang='lat' dir='ltr'><strong>autem</strong></span> <span class='ocrx_word' id='word_1_584' title='bbox 3023 3486 3091 3540; x_wconf 90' lang='lat' dir='ltr'><strong>ad</strong></span> <span class='ocrx_word' id='word_1_585' title='bbox 3136 3485 3366 3554; x_wconf 86' lang='lat' dir='ltr'><strong>inferos,</strong></span> <span class='ocrx_word' id='word_1_586' title='bbox 3403 3498 3460 3543; x_wconf 90' lang='lat' dir='ltr'><strong>et</strong></span> <span class='ocrx_word' id='word_1_587' title='bbox 3507 3488 3716 3559; x_wconf 88' lang='lat' dir='ltr'><strong>majora</strong></span> 
     </span>
    </p>
   </div>
   <div class='ocr_carea' id='block_1_82' title="bbox 2124 3576 3715 3646">
    <p class='ocr_par' dir='ltr' id='par_1_82' title="bbox 2124 3576 3715 3646">
     <span class='ocr_line' id='line_1_82' title="bbox 2124 3576 3715 3646; baseline 0.002 -15"><span class='ocrx_word' id='word_1_588' title='bbox 2124 3586 2212 3632; x_wconf 92' lang='lat' dir='ltr'><strong>est</strong></span> <span class='ocrx_word' id='word_1_589' title='bbox 2261 3585 2540 3646; x_wconf 81' lang='lat' dir='ltr'><strong>cperatus.</strong></span> <span class='ocrx_word' id='word_1_590' title='bbox 2622 3576 2678 3633; x_wconf 89' lang='lat' dir='ltr'><strong>Si</strong></span> <span class='ocrx_word' id='word_1_591' title='bbox 2747 3577 2894 3632; x_wconf 92' lang='lat' dir='ltr'><strong>enim</strong></span> <span class='ocrx_word' id='word_1_592' title='bbox 2956 3577 3337 3635; x_wconf 87' lang='lat' dir='ltr'><strong>descendisset</strong></span> <span class='ocrx_word' id='word_1_593' title='bbox 3401 3581 3467 3635; x_wconf 88' lang='lat' dir='ltr'><strong>de</strong></span> <span class='ocrx_word' id='word_1_594' title='bbox 3532 3595 3715 3646; x_wconf 89' lang='lat' dir='ltr'><strong>cruce,</strong></span> 
     </span>
    </p>
   </div>
   <div class='ocr_carea' id='block_1_83' title="bbox 2123 3667 3715 3742">
    <p class='ocr_par' dir='ltr' id='par_1_83' title="bbox 2123 3667 3715 3742">
     <span class='ocr_line' id='line_1_83' title="bbox 2123 3667 3715 3742; baseline 0.002 -21"><span class='ocrx_word' id='word_1_595' title='bbox 2123 3676 2385 3737; x_wconf 89' lang='lat' dir='ltr'><strong>poterant</strong></span> <span class='ocrx_word' id='word_1_596' title='bbox 2413 3667 2595 3722; x_wconf 90' lang='lat' dir='ltr'><strong>dicere</strong></span> <span class='ocrx_word' id='word_1_597' title='bbox 2620 3668 2746 3737; x_wconf 89' lang='lat' dir='ltr'><strong>quia</strong></span> <span class='ocrx_word' id='word_1_598' title='bbox 2779 3668 3079 3723; x_wconf 89' lang='lat' dir='ltr'><strong>moriturus</strong></span> <span class='ocrx_word' id='word_1_599' title='bbox 3109 3680 3197 3724; x_wconf 91' lang='lat' dir='ltr'><strong>est</strong></span> <span class='ocrx_word' id='word_1_600' title='bbox 3238 3670 3290 3723; x_wconf 93' lang='lat' dir='ltr'><strong>in</strong></span> <span class='ocrx_word' id='word_1_601' title='bbox 3332 3685 3397 3725; x_wconf 92' lang='lat' dir='ltr'><strong>eo</strong></span> <span class='ocrx_word' id='word_1_602' title='bbox 3423 3669 3558 3742; x_wconf 81' lang='grc'><strong>(10),</strong></span> <span class='ocrx_word' id='word_1_603' title='bbox 3590 3686 3715 3724; x_wconf 90' lang='lat' dir='ltr'><strong>cum</strong></span> 
     </span>
    </p>
   </div>
   <div class='ocr_carea' id='block_1_84' title="bbox 2125 3760 3719 3818">
    <p class='ocr_par' dir='ltr' id='par_1_84' title="bbox 2125 3760 3719 3818">
     <span class='ocr_line' id='line_1_84' title="bbox 2125 3760 3719 3818; baseline 0.003 -6"><span class='ocrx_word' id='word_1_604' title='bbox 2125 3773 2234 3813; x_wconf 88' lang='lat' dir='ltr'><strong>non</strong></span> <span class='ocrx_word' id='word_1_605' title='bbox 2269 3766 2414 3814; x_wconf 90' lang='lat' dir='ltr'><strong>esset</strong></span> <span class='ocrx_word' id='word_1_606' title='bbox 2452 3769 2723 3815; x_wconf 89' lang='lat' dir='ltr'><strong>mortuus.</strong></span> <span class='ocrx_word' id='word_1_607' title='bbox 2764 3760 3027 3816; x_wconf 83' lang='lat' dir='ltr'><strong>Malitiose</strong></span> <span class='ocrx_word' id='word_1_608' title='bbox 3047 3763 3191 3816; x_wconf 89' lang='lat' dir='ltr'><strong>enim</strong></span> <span class='ocrx_word' id='word_1_609' title='bbox 3228 3770 3282 3817; x_wconf 89' lang='lat' dir='ltr'><strong>et</strong></span> <span class='ocrx_word' id='word_1_610' title='bbox 3319 3762 3561 3818; x_wconf 72' lang='lat' dir='ltr'><strong>Iudaica:</strong></span> <span class='ocrx_word' id='word_1_611' title='bbox 3603 3779 3719 3817; x_wconf 84' lang='lat' dir='ltr'><strong>ma-</strong></span> 
     </span>
    </p>
   </div>
   <div class='ocr_carea' id='block_1_85' title="bbox 2127 3850 3719 3924">
    <p class='ocr_par' dir='ltr' id='par_1_85' title="bbox 2127 3850 3719 3924">
     <span class='ocr_line' id='line_1_85' title="bbox 2127 3850 3719 3924; baseline 0.002 -19"><span class='ocrx_word' id='word_1_612' title='bbox 2127 3850 2461 3905; x_wconf 87' lang='lat' dir='ltr'><strong>chinationis</strong></span> <span class='ocrx_word' id='word_1_613' title='bbox 2487 3862 2607 3907; x_wconf 88' lang='lat' dir='ltr'><strong>erat</strong></span> <span class='ocrx_word' id='word_1_614' title='bbox 2636 3852 2928 3924; x_wconf 83' lang='lat' dir='ltr'><strong>suspicari,</strong></span> <span class='ocrx_word' id='word_1_615' title='bbox 2963 3863 3021 3906; x_wconf 91' lang='lat' dir='ltr'><strong>ut</strong></span> <span class='ocrx_word' id='word_1_616' title='bbox 3049 3854 3212 3908; x_wconf 85' lang='lat' dir='ltr'><strong>etiam</strong></span> <span class='ocrx_word' id='word_1_617' title='bbox 3241 3856 3354 3909; x_wconf 66' lang='lat' dir='ltr'><strong>haec</strong></span> <span class='ocrx_word' id='word_1_618' title='bbox 3377 3853 3643 3924; x_wconf 82' lang='lat' dir='ltr'><strong>fingerent</strong></span> <span class='ocrx_word' id='word_1_619' title='bbox 3663 3864 3719 3909; x_wconf 89' lang='lat' dir='ltr'><strong>et</strong></span> 
     </span>
    </p>
   </div>
   <div class='ocr_carea' id='block_1_86' title="bbox 2126 3939 3714 4015">
    <p class='ocr_par' dir='ltr' id='par_1_86' title="bbox 2126 3939 3714 4015">
     <span class='ocr_line' id='line_1_86' title="bbox 2126 3939 3714 4015; baseline 0.003 -21"><span class='ocrx_word' id='word_1_620' title='bbox 2126 3941 2397 3995; x_wconf 88' lang='lat' dir='ltr'><strong>audirent.</strong></span> <span class='ocrx_word' id='word_1_621' title='bbox 2428 3939 2582 3995; x_wconf 86' lang='lat' dir='ltr'><strong>Nunc</strong></span> <span class='ocrx_word' id='word_1_622' title='bbox 2611 3951 2793 3996; x_wconf 89' lang='lat' dir='ltr'><strong>autem</strong></span> <span class='ocrx_word' id='word_1_623' title='bbox 2837 3941 2965 4010; x_wconf 87' lang='lat' dir='ltr'><strong>quia</strong></span> <span class='ocrx_word' id='word_1_624' title='bbox 3011 3957 3191 4012; x_wconf 90' lang='lat' dir='ltr'><strong>neque</strong></span> <span class='ocrx_word' id='word_1_625' title='bbox 3231 3943 3449 4000; x_wconf 85' lang='lat' dir='ltr'><strong>diabolo</strong></span> <span class='ocrx_word' id='word_1_626' title='bbox 3507 3959 3714 4015; x_wconf 78' lang='lat' dir='ltr'><strong>propo-</strong></span> 
     </span>
    </p>
   </div>
   <div class='ocr_carea' id='block_1_87' title="bbox 2127 4031 3720 4105">
    <p class='ocr_par' dir='ltr' id='par_1_87' title="bbox 2127 4031 3720 4105">
     <span class='ocr_line' id='line_1_87' title="bbox 2127 4031 3720 4105; baseline 0.003 -21"><span class='ocrx_word' id='word_1_627' title='bbox 2127 4031 2278 4086; x_wconf 91' lang='lat' dir='ltr'><strong>nenti</strong></span> <span class='ocrx_word' id='word_1_628' title='bbox 2325 4032 2604 4100; x_wconf 88' lang='lat' dir='ltr'><strong>possibilia</strong></span> <span class='ocrx_word' id='word_1_629' title='bbox 2649 4033 2931 4095; x_wconf 89' lang='lat' dir='ltr'><strong>obediunt,</strong></span> <span class='ocrx_word' id='word_1_630' title='bbox 2979 4046 3156 4105; x_wconf 92' lang='lat' dir='ltr'><strong>neque</strong></span> <span class='ocrx_word' id='word_1_631' title='bbox 3181 4031 3299 4102; x_wconf 88' lang='lat' dir='ltr'><strong>ejus</strong></span> <span class='ocrx_word' id='word_1_632' title='bbox 3341 4034 3466 4089; x_wconf 87' lang='lat' dir='ltr'><strong>filiis</strong></span> <span class='ocrx_word' id='word_1_633' title='bbox 3505 4037 3595 4105; x_wconf 90' lang='lat' dir='ltr'><strong>qui</strong></span> <span class='ocrx_word' id='word_1_634' title='bbox 3627 4049 3720 4090; x_wconf 84' lang='lat' dir='ltr'><strong>vo-</strong></span> 
     </span>
    </p>
   </div>
   <div class='ocr_carea' id='block_1_88' title="bbox 2126 4120 3716 4196">
    <p class='ocr_par' dir='ltr' id='par_1_88' title="bbox 2126 4120 3716 4196">
     <span class='ocr_line' id='line_1_88' title="bbox 2126 4120 3716 4196; baseline 0.004 -22"><span class='ocrx_word' id='word_1_635' title='bbox 2126 4120 2334 4176; x_wconf 89' lang='lat' dir='ltr'><strong>luntate</strong></span> <span class='ocrx_word' id='word_1_636' title='bbox 2365 4121 2485 4192; x_wconf 87' lang='lat' dir='ltr'><strong>ejus</strong></span> <span class='ocrx_word' id='word_1_637' title='bbox 2516 4122 2611 4177; x_wconf 82' lang='lat' dir='ltr'><strong>filii</strong></span> <span class='ocrx_word' id='word_1_638' title='bbox 2669 4124 3032 4190; x_wconf 86' lang='lat' dir='ltr'><strong>habebantur,</strong></span> <span class='ocrx_word' id='word_1_639' title='bbox 3082 4124 3313 4194; x_wconf 63' lang='lat' dir='ltr'><strong>praebuit</strong></span> <span class='ocrx_word' id='word_1_640' title='bbox 3348 4127 3493 4196; x_wconf 93' lang='lat' dir='ltr'><strong>quod</strong></span> <span class='ocrx_word' id='word_1_641' title='bbox 3546 4126 3716 4182; x_wconf 84' lang='lat' dir='ltr'><strong>locuti</strong></span> 
     </span>
    </p>
   </div>
   <div class='ocr_carea' id='block_1_89' title="bbox 2127 4212 3716 4286">
    <p class='ocr_par' dir='ltr' id='par_1_89' title="bbox 2127 4212 3716 4286">
     <span class='ocr_line' id='line_1_89' title="bbox 2127 4212 3716 4286; baseline 0.002 -17"><span class='ocrx_word' id='word_1_642' title='bbox 2127 4224 2275 4269; x_wconf 89' lang='lat' dir='ltr'><strong>sunt.</strong></span> <span class='ocrx_word' id='word_1_643' title='bbox 2306 4212 2442 4267; x_wconf 85' lang='lat' dir='ltr'><strong>Cum</strong></span> <span class='ocrx_word' id='word_1_644' title='bbox 2476 4214 2620 4270; x_wconf 90' lang='lat' dir='ltr'><strong>enim</strong></span> <span class='ocrx_word' id='word_1_645' title='bbox 2651 4224 2837 4284; x_wconf 90' lang='lat' dir='ltr'><strong>posset</strong></span> <span class='ocrx_word' id='word_1_646' title='bbox 2873 4216 3227 4283; x_wconf 87' lang='lat' dir='ltr'><strong>descendere,</strong></span> <span class='ocrx_word' id='word_1_647' title='bbox 3270 4232 3378 4272; x_wconf 91' lang='lat' dir='ltr'><strong>non</strong></span> <span class='ocrx_word' id='word_1_648' title='bbox 3410 4218 3716 4286; x_wconf 86' lang='lat' dir='ltr'><strong>descendit,</strong></span> 
     </span>
    </p>
   </div>
   <div class='ocr_carea' id='block_1_90' title="bbox 2128 4305 3719 4380">
    <p class='ocr_par' dir='ltr' id='par_1_90' title="bbox 2128 4305 3719 4380">
     <span class='ocr_line' id='line_1_90' title="bbox 2128 4305 3719 4380; baseline 0.005 -21"><span class='ocrx_word' id='word_1_649' title='bbox 2128 4321 2198 4360; x_wconf 89' lang='lat' dir='ltr'><strong>ne</strong></span> <span class='ocrx_word' id='word_1_650' title='bbox 2236 4305 2585 4362; x_wconf 90' lang='lat' dir='ltr'><strong>intercideret</strong></span> <span class='ocrx_word' id='word_1_651' title='bbox 2635 4308 3058 4377; x_wconf 89' lang='lat' dir='ltr'><strong>dispensationis</strong></span> <span class='ocrx_word' id='word_1_652' title='bbox 3113 4323 3321 4376; x_wconf 88' lang='lat' dir='ltr'><strong>curam,</strong></span> <span class='ocrx_word' id='word_1_653' title='bbox 3364 4325 3537 4379; x_wconf 91' lang='lat' dir='ltr'><strong>neque</strong></span> <span class='ocrx_word' id='word_1_654' title='bbox 3576 4325 3719 4380; x_wconf 72' lang='lat' dir='ltr'><strong>prte-</strong></span> 
     </span>
    </p>
   </div>
   <div class='ocr_carea' id='block_1_91' title="bbox 2128 4395 3718 4470">
    <p class='ocr_par' dir='ltr' id='par_1_91' title="bbox 2128 4395 3718 4470">
     <span class='ocr_line' id='line_1_91' title="bbox 2128 4395 3718 4470; baseline 0.004 -19"><span class='ocrx_word' id='word_1_655' title='bbox 2128 4395 2285 4452; x_wconf 88' lang='lat' dir='ltr'><strong>bcret</strong></span> <span class='ocrx_word' id='word_1_656' title='bbox 2334 4397 2534 4454; x_wconf 81' lang='lat' dir='ltr'><strong>Judaeis</strong></span> <span class='ocrx_word' id='word_1_657' title='bbox 2590 4408 2649 4453; x_wconf 93' lang='lat' dir='ltr'><strong>ut</strong></span> <span class='ocrx_word' id='word_1_658' title='bbox 2684 4399 2871 4454; x_wconf 91' lang='lat' dir='ltr'><strong>iisdem</strong></span> <span class='ocrx_word' id='word_1_659' title='bbox 2926 4398 3176 4454; x_wconf 90' lang='lat' dir='ltr'><strong>obedisse</strong></span> <span class='ocrx_word' id='word_1_660' title='bbox 3225 4402 3517 4459; x_wconf 86' lang='lat' dir='ltr'><strong>videretur.</strong></span> <span class='ocrx_word' id='word_1_661' title='bbox 3572 4401 3718 4470; x_wconf 87' lang='lat' dir='ltr'><strong>Quid</strong></span> 
     </span>
    </p>
   </div>
   <div class='ocr_carea' id='block_1_92' title="bbox 2132 4488 3711 4560">
    <p class='ocr_par' dir='ltr' id='par_1_92' title="bbox 2132 4488 3711 4560">
     <span class='ocr_line' id='line_1_92' title="bbox 2132 4488 3711 4560; baseline 0.005 -18"><span class='ocrx_word' id='word_1_662' title='bbox 2132 4489 2276 4543; x_wconf 90' lang='lat' dir='ltr'><strong>enim</strong></span> <span class='ocrx_word' id='word_1_663' title='bbox 2308 4498 2426 4544; x_wconf 87' lang='lat' dir='ltr'><strong>erat</strong></span> <span class='ocrx_word' id='word_1_664' title='bbox 2463 4488 2732 4544; x_wconf 70' lang='lat' dir='ltr'><strong>difﬁcilius</strong></span> <span class='ocrx_word' id='word_1_665' title='bbox 2760 4504 2792 4545; x_wconf 90' lang='lat' dir='ltr'><strong>e</strong></span> <span class='ocrx_word' id='word_1_666' title='bbox 2835 4504 2996 4545; x_wconf 91' lang='lat' dir='ltr'><strong>cruce</strong></span> <span class='ocrx_word' id='word_1_667' title='bbox 3037 4491 3365 4549; x_wconf 87' lang='lat' dir='ltr'><strong>descendere</strong></span> <span class='ocrx_word' id='word_1_668' title='bbox 3389 4493 3588 4560; x_wconf 91' lang='lat' dir='ltr'><strong>Deum,</strong></span> <span class='ocrx_word' id='word_1_669' title='bbox 3616 4505 3711 4550; x_wconf 89' lang='lat' dir='ltr'><strong>aut</strong></span> 
     </span>
    </p>
   </div>
   <div class='ocr_carea' id='block_1_93' title="bbox 358 4558 3719 4657">
    <p class='ocr_par' dir='ltr' id='par_1_93' title="bbox 358 4558 3719 4657">
     <span class='ocr_line' id='line_1_93' title="bbox 358 4558 3719 4657; baseline 0.005 -32"><span class='ocrx_word' id='word_1_670' title='bbox 358 4593 377 4612; x_wconf 74' lang='grc' dir='ltr'><em>ο</em></span> <span class='ocrx_word' id='word_1_671' title='bbox 443 4574 651 4641; x_wconf 75' lang='lat' dir='ltr'><strong>tudinis</strong></span> <span class='ocrx_word' id='word_1_672' title='bbox 686 4574 1074 4642; x_wconf 88' lang='lat' dir='ltr'><strong>deposuerunt.</strong></span> <span class='ocrx_word' id='word_1_673' title='bbox 1121 4573 1523 4644; x_wconf 85' lang='lat' dir='ltr'><strong>Conjunctione</strong></span> <span class='ocrx_word' id='word_1_674' title='bbox 1565 4587 1745 4633; x_wconf 89' lang='lat' dir='ltr'><strong>autem</strong></span> <span class='ocrx_word' id='word_1_675' title='bbox 1798 4579 2022 4650; x_wconf 89' lang='lat' dir='ltr'><strong>spiritus</strong></span> <span class='ocrx_word' id='word_1_676' title='bbox 2058 4558 2101 4613; x_wconf 72' lang='grc' dir='ltr'>θ</span> <span class='ocrx_word' id='word_1_677' title='bbox 2128 4579 2197 4634; x_wconf 90' lang='lat' dir='ltr'><strong>ab</strong></span> <span class='ocrx_word' id='word_1_678' title='bbox 2240 4581 2431 4638; x_wconf 90' lang='lat' dir='ltr'><strong>inferis</strong></span> <span class='ocrx_word' id='word_1_679' title='bbox 2481 4583 2776 4640; x_wconf 88' lang='lat' dir='ltr'><strong>ascendere</strong></span> <span class='ocrx_word' id='word_1_680' title='bbox 2822 4583 3132 4638; x_wconf 87' lang='lat' dir='ltr'><strong>viventem?</strong></span> <span class='ocrx_word' id='word_1_681' title='bbox 3165 4584 3306 4653; x_wconf 78' lang='lat' dir='ltr'><strong>Ergo</strong></span> <span class='ocrx_word' id='word_1_682' title='bbox 3355 4600 3462 4641; x_wconf 91' lang='lat' dir='ltr'><strong>non</strong></span> <span class='ocrx_word' id='word_1_683' title='bbox 3492 4597 3719 4657; x_wconf 88' lang='lat' dir='ltr'><strong>propter</strong></span> 
     </span>
    </p>
   </div>
   <div class='ocr_carea' id='block_1_94' title="bbox 440 4661 2023 4736">
    <p class='ocr_par' dir='ltr' id='par_1_94' title="bbox 440 4661 2023 4736">
     <span class='ocr_line' id='line_1_94' title="bbox 440 4661 2023 4736; baseline 0.007 -21"><span class='ocrx_word' id='word_1_684' title='bbox 440 4661 664 4728; x_wconf 82' lang='lat' dir='ltr'><strong>arctati,</strong></span> <span class='ocrx_word' id='word_1_685' title='bbox 701 4678 865 4718; x_wconf 93' lang='lat' dir='ltr'><strong>unum</strong></span> <span class='ocrx_word' id='word_1_686' title='bbox 911 4673 1070 4720; x_wconf 84' lang='lat' dir='ltr'><strong>erant</strong></span> <span class='ocrx_word' id='word_1_687' title='bbox 1103 4678 1296 4720; x_wconf 89' lang='lat' dir='ltr'><strong>omnes</strong></span> <span class='ocrx_word' id='word_1_688' title='bbox 1324 4674 1382 4720; x_wconf 91' lang='lat' dir='ltr'><strong>et</strong></span> <span class='ocrx_word' id='word_1_689' title='bbox 1418 4666 1613 4736; x_wconf 90' lang='lat' dir='ltr'><strong>spiritu</strong></span> <span class='ocrx_word' id='word_1_690' title='bbox 1649 4676 1707 4723; x_wconf 93' lang='lat' dir='ltr'><strong>et</strong></span> <span class='ocrx_word' id='word_1_691' title='bbox 1755 4671 1939 4725; x_wconf 88' lang='lat' dir='ltr'><strong>anima</strong></span> <span class='ocrx_word' id='word_1_692' title='bbox 1968 4679 2023 4726; x_wconf 90' lang='lat' dir='ltr'><strong>et</strong></span> 
     </span>
    </p>
   </div>
   <div class='ocr_carea' id='block_1_95' title="bbox 439 4751 2024 4821">
    <p class='ocr_par' dir='ltr' id='par_1_95' title="bbox 439 4751 2024 4821">
     <span class='ocr_line' id='line_1_95' title="bbox 439 4751 2024 4821; baseline 0.009 -16"><span class='ocrx_word' id='word_1_693' title='bbox 439 4751 803 4809; x_wconf 86' lang='lat' dir='ltr'><strong>consensione</strong></span> <span class='ocrx_word' id='word_1_694' title='bbox 839 4762 894 4809; x_wconf 92' lang='lat' dir='ltr'><strong>et</strong></span> <span class='ocrx_word' id='word_1_695' title='bbox 943 4756 1258 4813; x_wconf 82' lang='lat' dir='ltr'><strong>concordia.</strong></span> <span class='ocrx_word' id='word_1_696' title='bbox 1317 4756 1384 4812; x_wconf 88' lang='lat' dir='ltr'><strong>Et</strong></span> <span class='ocrx_word' id='word_1_697' title='bbox 1437 4771 1546 4813; x_wconf 89' lang='lat' dir='ltr'><strong>non</strong></span> <span class='ocrx_word' id='word_1_698' title='bbox 1607 4758 1781 4814; x_wconf 86' lang='lat' dir='ltr'><strong>solum</strong></span> <span class='ocrx_word' id='word_1_699' title='bbox 1833 4760 1889 4816; x_wconf 88' lang='lat' dir='ltr'><strong>in</strong></span> <span class='ocrx_word' id='word_1_700' title='bbox 1939 4761 2024 4821; x_wconf 90' lang='lat' dir='ltr'><strong>bis</strong></span> 
     </span>
    </p>
   </div>
   <div class='ocr_carea' id='block_1_96' title="bbox 432 4841 2020 4921">
    <p class='ocr_par' dir='ltr' id='par_1_96' title="bbox 432 4841 2020 4921">
     <span class='ocr_line' id='line_1_96' title="bbox 432 4841 2020 4921; baseline 0.01 -28"><span class='ocrx_word' id='word_1_701' title='bbox 432 4859 563 4911; x_wconf 69' lang='lat' dir='ltr'><strong>quae</strong></span> <span class='ocrx_word' id='word_1_702' title='bbox 592 4841 661 4899; x_wconf 86' lang='lat' dir='ltr'><strong>ab</strong></span> <span class='ocrx_word' id='word_1_703' title='bbox 688 4843 833 4899; x_wconf 90' lang='lat' dir='ltr'><strong>intus</strong></span> <span class='ocrx_word' id='word_1_704' title='bbox 848 4854 977 4901; x_wconf 90' lang='lat' dir='ltr'><strong>sunt</strong></span> <span class='ocrx_word' id='word_1_705' title='bbox 1003 4861 1196 4915; x_wconf 89' lang='lat' dir='ltr'><strong>unum,</strong></span> <span class='ocrx_word' id='word_1_706' title='bbox 1225 4848 1322 4904; x_wconf 87' lang='lat' dir='ltr'><strong>sed</strong></span> <span class='ocrx_word' id='word_1_707' title='bbox 1347 4848 1512 4905; x_wconf 91' lang='lat' dir='ltr'><strong>etiam</strong></span> <span class='ocrx_word' id='word_1_708' title='bbox 1542 4857 1599 4905; x_wconf 92' lang='lat' dir='ltr'><strong>et</strong></span> <span class='ocrx_word' id='word_1_709' title='bbox 1624 4851 1694 4905; x_wconf 88' lang='lat' dir='ltr'><strong>ab</strong></span> <span class='ocrx_word' id='word_1_710' title='bbox 1721 4851 1807 4906; x_wconf 91' lang='lat' dir='ltr'><strong>bis</strong></span> <span class='ocrx_word' id='word_1_711' title='bbox 1836 4865 1957 4921; x_wconf 60' lang='lat' dir='ltr'><strong>qua:</strong></span> <span class='ocrx_word' id='word_1_712' title='bbox 1988 4868 2020 4908; x_wconf 88' lang='lat' dir='ltr'><strong>a</strong></span> 
     </span>
    </p>
   </div>
   <div class='ocr_carea' id='block_1_97' title="bbox 443 4935 2021 5006">
    <p class='ocr_par' dir='ltr' id='par_1_97' title="bbox 443 4935 2021 5006">
     <span class='ocr_line' id='line_1_97' title="bbox 443 4935 2021 5006; baseline 0.008 -19"><span class='ocrx_word' id='word_1_713' title='bbox 443 4936 580 4997; x_wconf 81' lang='lat' dir='ltr'><strong>foris</strong></span> <span class='ocrx_word' id='word_1_714' title='bbox 605 4944 756 5000; x_wconf 88' lang='lat' dir='ltr'><strong>sunt,</strong></span> <span class='ocrx_word' id='word_1_715' title='bbox 788 4935 1185 5006; x_wconf 68' lang='lat' dir='ltr'><strong>praedicabatur</strong></span> <span class='ocrx_word' id='word_1_716' title='bbox 1205 4954 1396 4996; x_wconf 90' lang='lat' dir='ltr'><strong>eorum</strong></span> <span class='ocrx_word' id='word_1_717' title='bbox 1424 4940 1607 4996; x_wconf 87' lang='lat' dir='ltr'><strong>anima</strong></span> <span class='ocrx_word' id='word_1_718' title='bbox 1629 4951 1683 4996; x_wconf 90' lang='lat' dir='ltr'><strong>et</strong></span> <span class='ocrx_word' id='word_1_719' title='bbox 1705 4944 2021 5001; x_wconf 85' lang='lat' dir='ltr'><strong>concordia.</strong></span> 
     </span>
    </p>
   </div>
   <div class='ocr_carea' id='block_1_98' title="bbox 443 5028 2022 5102">
    <p class='ocr_par' dir='ltr' id='par_1_98' title="bbox 443 5028 2022 5102">
     <span class='ocr_line' id='line_1_98' title="bbox 443 5028 2022 5102; baseline 0.004 -15"><span class='ocrx_word' id='word_1_720' title='bbox 443 5030 766 5100; x_wconf 77' lang='lat' dir='ltr'><strong>Quicunque</strong></span> <span class='ocrx_word' id='word_1_721' title='bbox 785 5029 954 5095; x_wconf 86' lang='lat' dir='ltr'><strong>enim,</strong></span> <span class='ocrx_word' id='word_1_722' title='bbox 986 5028 1186 5099; x_wconf 85' lang='lat' dir='ltr'><strong>inquit,</strong></span> <span class='ocrx_word' id='word_1_723' title='bbox 1232 5046 1396 5102; x_wconf 85' lang='lat' dir='ltr'><strong>agros</strong></span> <span class='ocrx_word' id='word_1_724' title='bbox 1430 5032 1713 5091; x_wconf 85' lang='lat' dir='ltr'><strong>habebant</strong></span> <span class='ocrx_word' id='word_1_725' title='bbox 1760 5043 1857 5090; x_wconf 93' lang='lat' dir='ltr'><strong>aut</strong></span> <span class='ocrx_word' id='word_1_726' title='bbox 1885 5035 2022 5094; x_wconf 85' lang='lat' dir='ltr'><strong>alias</strong></span> 
     </span>
    </p>
   </div>
   <div class='ocr_carea' id='block_1_99' title="bbox 440 5118 2022 5197">
    <p class='ocr_par' dir='ltr' id='par_1_99' title="bbox 440 5118 2022 5197">
     <span class='ocr_line' id='line_1_99' title="bbox 440 5118 2022 5197; baseline 0.004 -20"><span class='ocrx_word' id='word_1_727' title='bbox 440 5136 592 5192; x_wconf 90' lang='lat' dir='ltr'><strong>opes,</strong></span> <span class='ocrx_word' id='word_1_728' title='bbox 615 5121 726 5190; x_wconf 84' lang='lat' dir='ltr'><strong>jam</strong></span> <span class='ocrx_word' id='word_1_729' title='bbox 755 5137 861 5179; x_wconf 91' lang='lat' dir='ltr'><strong>non</strong></span> <span class='ocrx_word' id='word_1_730' title='bbox 907 5136 1005 5179; x_wconf 89' lang='lat' dir='ltr'><strong>sua</strong></span> <span class='ocrx_word' id='word_1_731' title='bbox 1047 5123 1308 5193; x_wconf 86' lang='lat' dir='ltr'><strong>putabant</strong></span> <span class='ocrx_word' id='word_1_732' title='bbox 1357 5140 1478 5193; x_wconf 66' lang='lat' dir='ltr'><strong>qua:</strong></span> <span class='ocrx_word' id='word_1_733' title='bbox 1524 5118 1814 5197; x_wconf 87' lang='lat' dir='ltr'><strong>aliquando</strong></span> <span class='ocrx_word' id='word_1_734' title='bbox 1864 5135 2022 5185; x_wconf 86' lang='lat' dir='ltr'><strong>erant</strong></span> 
     </span>
    </p>
   </div>
   <div class='ocr_carea' id='block_1_100' title="bbox 442 5212 2020 5286">
    <p class='ocr_par' dir='ltr' id='par_1_100' title="bbox 442 5212 2020 5286">
     <span class='ocr_line' id='line_1_100' title="bbox 442 5212 2020 5286; baseline 0.003 -15"><span class='ocrx_word' id='word_1_735' title='bbox 442 5228 572 5281; x_wconf 80' lang='lat' dir='ltr'><strong>sua;</strong></span> <span class='ocrx_word' id='word_1_736' title='bbox 599 5214 694 5270; x_wconf 90' lang='lat' dir='ltr'><strong>sed</strong></span> <span class='ocrx_word' id='word_1_737' title='bbox 721 5214 777 5269; x_wconf 88' lang='lat' dir='ltr'><strong>in</strong></span> <span class='ocrx_word' id='word_1_738' title='bbox 809 5227 1100 5270; x_wconf 90' lang='lat' dir='ltr'><strong>commune</strong></span> <span class='ocrx_word' id='word_1_739' title='bbox 1124 5212 1487 5284; x_wconf 75' lang='lat' dir='ltr'><strong>proferemus,</strong></span> <span class='ocrx_word' id='word_1_740' title='bbox 1514 5224 1569 5271; x_wconf 92' lang='lat' dir='ltr'><strong>et</strong></span> <span class='ocrx_word' id='word_1_741' title='bbox 1601 5216 1733 5285; x_wconf 87' lang='lat' dir='ltr'><strong>ipsis</strong></span> <span class='ocrx_word' id='word_1_742' title='bbox 1762 5216 2020 5286; x_wconf 88' lang='lat' dir='ltr'><strong>operibus</strong></span> 
     </span>
    </p>
   </div>
   <div class='ocr_carea' id='block_1_101' title="bbox 441 5304 2023 5377">
    <p class='ocr_par' dir='ltr' id='par_1_101' title="bbox 441 5304 2023 5377">
     <span class='ocr_line' id='line_1_101' title="bbox 441 5304 2023 5377; baseline 0.003 -18"><span class='ocrx_word' id='word_1_743' title='bbox 441 5317 591 5374; x_wconf 84' lang='lat' dir='ltr'><strong>spem</strong></span> <span class='ocrx_word' id='word_1_744' title='bbox 640 5304 1050 5370; x_wconf 85' lang='lat' dir='ltr'><strong>confirmantes,</strong></span> <span class='ocrx_word' id='word_1_745' title='bbox 1110 5304 1483 5367; x_wconf 86' lang='lat' dir='ltr'><strong>distrahebant</strong></span> <span class='ocrx_word' id='word_1_746' title='bbox 1525 5321 1707 5377; x_wconf 84' lang='lat' dir='ltr'><strong>agros,</strong></span> <span class='ocrx_word' id='word_1_747' title='bbox 1743 5309 2023 5365; x_wconf 85' lang='lat' dir='ltr'><strong>venunda-</strong></span> 
     </span>
    </p>
   </div>
   <div class='ocr_carea' id='block_1_102' title="bbox 444 5384 2019 5468">
    <p class='ocr_par' dir='ltr' id='par_1_102' title="bbox 444 5384 2019 5468">
     <span class='ocr_line' id='line_1_102' title="bbox 444 5384 2019 5468; baseline 0.005 -17"><span class='ocrx_word' id='word_1_748' title='bbox 444 5395 575 5451; x_wconf 87' lang='lat' dir='ltr'><strong>hant</strong></span> <span class='ocrx_word' id='word_1_749' title='bbox 620 5410 771 5465; x_wconf 83' lang='lat' dir='ltr'><strong>opes,</strong></span> <span class='ocrx_word' id='word_1_750' title='bbox 827 5396 1203 5453; x_wconf 84' lang='lat' dir='ltr'><strong>distrahebant</strong></span> <span class='ocrx_word' id='word_1_751' title='bbox 1245 5396 1425 5451; x_wconf 82' lang='lat' dir='ltr'><strong>omnia</strong></span> <span class='ocrx_word' id='word_1_752' title='bbox 1473 5384 1594 5468; x_wconf 68' lang='lat' dir='ltr'><strong>quae</strong></span> <span class='ocrx_word' id='word_1_753' title='bbox 1648 5396 2019 5468; x_wconf 82' lang='lat' dir='ltr'><strong>possidebant.</strong></span> 
     </span>
    </p>
   </div>
   <div class='ocr_carea' id='block_1_103' title="bbox 512 5489 1121 5553">
    <p class='ocr_par' dir='ltr' id='par_1_103' title="bbox 512 5489 1121 5553">
     <span class='ocr_line' id='line_1_103' title="bbox 512 5489 1121 5553; baseline 0.005 -12"><span class='ocrx_word' id='word_1_754' title='bbox 512 5491 559 5521; x_wconf 66' lang='grc'><strong>⁵⁷</strong></span> <span class='ocrx_word' id='word_1_755' title='bbox 594 5489 781 5544; x_wconf 80' lang='lat' dir='ltr'><strong>Matth.</strong></span> <span class='ocrx_word' id='word_1_756' title='bbox 823 5506 993 5553; x_wconf 75' lang='lat' dir='ltr'><strong>xxvii,</strong></span> <span class='ocrx_word' id='word_1_757' title='bbox 1030 5490 1121 5544; x_wconf 68' lang='grc'><strong>40.</strong></span> 
     </span>
    </p>
   </div>
   <div class='ocr_carea' id='block_1_104' title="bbox 512 5578 1098 5645">
    <p class='ocr_par' dir='ltr' id='par_1_104' title="bbox 512 5578 1098 5645">
     <span class='ocr_line' id='line_1_104' title="bbox 512 5578 1098 5645; baseline 0.005 -14"><span class='ocrx_word' id='word_1_758' title='bbox 512 5582 591 5645; x_wconf 69' lang='grc'><strong>(4)</strong></span> <span class='ocrx_word' id='word_1_759' title='bbox 621 5578 723 5635; x_wconf 83' lang='lat' dir='ltr'><strong>Ne.</strong></span> <span class='ocrx_word' id='word_1_760' title='bbox 761 5579 920 5634; x_wconf 82' lang='lat' dir='ltr'><strong>Forte</strong></span> <span class='ocrx_word' id='word_1_761' title='bbox 939 5599 1098 5635; x_wconf 83' lang='lat' dir='ltr'><strong>nunc.</strong></span> 
     </span>
    </p>
   </div>
   <div class='ocr_carea' id='block_1_105' title="bbox 478 5648 1289 5722">
    <p class='ocr_par' dir='ltr' id='par_1_105' title="bbox 478 5648 1289 5722">
     <span class='ocr_line' id='line_1_105' title="bbox 478 5648 1289 5722; baseline 0.01 -21"><span class='ocrx_word' id='word_1_762' title='bbox 478 5692 487 5701; x_wconf 86' lang='lat'><strong>.</strong></span> <span class='ocrx_word' id='word_1_763' title='bbox 513 5649 591 5722; x_wconf 69' lang='lat' dir='ltr'><strong>(le</strong></span> <span class='ocrx_word' id='word_1_764' title='bbox 628 5648 844 5722; x_wconf 50' lang='lat' dir='ltr'><strong>facere.</strong></span> <span class='ocrx_word' id='word_1_765' title='bbox 875 5649 1063 5718; x_wconf 81' lang='lat' dir='ltr'><strong>Forte,</strong></span> <span class='ocrx_word' id='word_1_766' title='bbox 1098 5653 1289 5722; x_wconf 64' lang='lat' dir='ltr'><strong>fucare.</strong></span> 
     </span>
    </p>
   </div>
   <div class='ocr_carea' id='block_1_106' title="bbox 535 5717 928 5781">
    <p class='ocr_par' dir='ltr' id='par_1_106' title="bbox 535 5717 928 5781">
     <span class='ocr_line' id='line_1_106' title="bbox 535 5717 928 5781; baseline 0.003 -12"><span class='ocrx_word' id='word_1_767' title='bbox 535 5717 593 5781; x_wconf 78' lang='lat'><strong>6)</strong></span> <span class='ocrx_word' id='word_1_768' title='bbox 629 5718 928 5771; x_wconf 80' lang='grc' dir='ltr'><strong>Ἐπίτασιν.</strong></span> 
     </span>
    </p>
   </div>
   <div class='ocr_carea' id='block_1_107' title="bbox 500 5786 945 5865">
    <p class='ocr_par' dir='ltr' id='par_1_107' title="bbox 500 5786 945 5865">
     <span class='ocr_line' id='line_1_107' title="bbox 500 5786 945 5865; baseline 0.009 -29"><span class='ocrx_word' id='word_1_769' title='bbox 500 5786 594 5865; x_wconf 69' lang='grc' dir='ltr'><strong>ι(ἲ)</strong></span> <span class='ocrx_word' id='word_1_770' title='bbox 638 5786 945 5840; x_wconf 75' lang='grc' dir='ltr'><strong>Ἐπιτεενει.</strong></span> 
     </span>
    </p>
   </div>
   <div class='ocr_carea' id='block_1_108' title="bbox 2129 4672 3718 4748">
    <p class='ocr_par' dir='ltr' id='par_1_108' title="bbox 2129 4672 3718 4748">
     <span class='ocr_line' id='line_1_108' title="bbox 2129 4672 3718 4748; baseline 0.006 -23"><span class='ocrx_word' id='word_1_771' title='bbox 2129 4672 2624 4743; x_wconf 87' lang='lat' dir='ltr'><strong>impossibilitatem</strong></span> <span class='ocrx_word' id='word_1_772' title='bbox 2658 4674 2939 4732; x_wconf 78' lang='lat' dir='ltr'><strong>excusatio</strong></span> <span class='ocrx_word' id='word_1_773' title='bbox 2965 4677 3194 4743; x_wconf 82' lang='lat' dir='ltr'><strong>exstitit,</strong></span> <span class='ocrx_word' id='word_1_774' title='bbox 3221 4677 3316 4733; x_wconf 89' lang='lat' dir='ltr'><strong>sed</strong></span> <span class='ocrx_word' id='word_1_775' title='bbox 3352 4688 3572 4748; x_wconf 89' lang='lat' dir='ltr'><strong>propter</strong></span> <span class='ocrx_word' id='word_1_776' title='bbox 3600 4680 3718 4735; x_wconf 81' lang='lat' dir='ltr'><strong>dis-</strong></span> 
     </span>
    </p>
   </div>
   <div class='ocr_carea' id='block_1_109' title="bbox 2127 4764 3715 4839">
    <p class='ocr_par' dir='ltr' id='par_1_109' title="bbox 2127 4764 3715 4839">
     <span class='ocr_line' id='line_1_109' title="bbox 2127 4764 3715 4839; baseline 0.004 -20"><span class='ocrx_word' id='word_1_777' title='bbox 2127 4764 2506 4834; x_wconf 87' lang='lat' dir='ltr'><strong>pensationem</strong></span> <span class='ocrx_word' id='word_1_778' title='bbox 2531 4766 2822 4837; x_wconf 85' lang='lat' dir='ltr'><strong>permissio</strong></span> <span class='ocrx_word' id='word_1_779' title='bbox 2858 4768 3020 4822; x_wconf 91' lang='lat' dir='ltr'><strong>morti</strong></span> <span class='ocrx_word' id='word_1_780' title='bbox 3044 4768 3164 4833; x_wconf 88' lang='lat' dir='ltr'><strong>fuit,</strong></span> <span class='ocrx_word' id='word_1_781' title='bbox 3202 4777 3260 4827; x_wconf 91' lang='lat' dir='ltr'><strong>ut</strong></span> <span class='ocrx_word' id='word_1_782' title='bbox 3288 4769 3495 4839; x_wconf 85' lang='lat' dir='ltr'><strong>majora</strong></span> <span class='ocrx_word' id='word_1_783' title='bbox 3525 4780 3715 4827; x_wconf 87' lang='lat' dir='ltr'><strong>osten-</strong></span> 
     </span>
    </p>
   </div>
   <div class='ocr_carea' id='block_1_110' title="bbox 2128 4857 3717 4932">
    <p class='ocr_par' dir='ltr' id='par_1_110' title="bbox 2128 4857 3717 4932">
     <span class='ocr_line' id='line_1_110' title="bbox 2128 4857 3717 4932; baseline 0.001 -15"><span class='ocrx_word' id='word_1_784' title='bbox 2128 4857 2282 4917; x_wconf 83' lang='lat' dir='ltr'><strong>deret</strong></span> <span class='ocrx_word' id='word_1_785' title='bbox 2307 4871 2472 4927; x_wconf 90' lang='lat' dir='ltr'><strong>quam</strong></span> <span class='ocrx_word' id='word_1_786' title='bbox 2504 4857 2578 4913; x_wconf 92' lang='lat' dir='ltr'><strong>illi</strong></span> <span class='ocrx_word' id='word_1_787' title='bbox 2623 4861 2828 4930; x_wconf 88' lang='lat' dir='ltr'><strong>precati</strong></span> <span class='ocrx_word' id='word_1_788' title='bbox 2878 4868 3023 4916; x_wconf 88' lang='lat' dir='ltr'><strong>sunt.</strong></span> <span class='ocrx_word' id='word_1_789' title='bbox 3087 4860 3202 4932; x_wconf 85' lang='lat' dir='ltr'><strong>Ego</strong></span> <span class='ocrx_word' id='word_1_790' title='bbox 3251 4871 3431 4919; x_wconf 87' lang='lat' dir='ltr'><strong>autem</strong></span> <span class='ocrx_word' id='word_1_791' title='bbox 3478 4862 3717 4919; x_wconf 91' lang='lat' dir='ltr'><strong>libenter</strong></span> 
     </span>
    </p>
   </div>
   <div class='ocr_carea' id='block_1_111' title="bbox 2128 4938 3716 5021">
    <p class='ocr_par' dir='ltr' id='par_1_111' title="bbox 2128 4938 3716 5021">
     <span class='ocr_line' id='line_1_111' title="bbox 2128 4938 3716 5021; baseline 0.004 -14"><span class='ocrx_word' id='word_1_792' title='bbox 2128 4956 2315 5007; x_wconf 82' lang='lat' dir='ltr'><strong>mente</strong></span> <span class='ocrx_word' id='word_1_793' title='bbox 2364 4962 2588 5005; x_wconf 88' lang='lat' dir='ltr'><strong>recurro</strong></span> <span class='ocrx_word' id='word_1_794' title='bbox 2638 4950 2705 5005; x_wconf 90' lang='lat' dir='ltr'><strong>ad</strong></span> <span class='ocrx_word' id='word_1_795' title='bbox 2754 4950 2908 5021; x_wconf 90' lang='lat' dir='ltr'><strong>illud,</strong></span> <span class='ocrx_word' id='word_1_796' title='bbox 2955 4967 3079 5008; x_wconf 90' lang='lat' dir='ltr'><strong>cum</strong></span> <span class='ocrx_word' id='word_1_797' title='bbox 3119 4938 3296 5010; x_wconf 86' lang='lat' dir='ltr'><strong>adhuc</strong></span> <span class='ocrx_word' id='word_1_798' title='bbox 3346 4968 3537 5011; x_wconf 89' lang='lat' dir='ltr'><strong>recens</strong></span> <span class='ocrx_word' id='word_1_799' title='bbox 3594 4966 3716 5014; x_wconf 83' lang='lat' dir='ltr'><strong>erat</strong></span> 
     </span>
    </p>
   </div>
   <div class='ocr_carea' id='block_1_112' title="bbox 2126 5039 3708 5111">
    <p class='ocr_par' dir='ltr' id='par_1_112' title="bbox 2126 5039 3708 5111">
     <span class='ocr_line' id='line_1_112' title="bbox 2126 5039 3708 5111; baseline 0.006 -16"><span class='ocrx_word' id='word_1_800' title='bbox 2126 5039 2313 5111; x_wconf 82' lang='lat' dir='ltr'><strong>passio</strong></span> <span class='ocrx_word' id='word_1_801' title='bbox 2339 5039 2571 5108; x_wconf 87' lang='lat' dir='ltr'><strong>Christi,</strong></span> <span class='ocrx_word' id='word_1_802' title='bbox 2602 5057 2796 5099; x_wconf 86' lang='lat' dir='ltr'><strong>recens</strong></span> <span class='ocrx_word' id='word_1_803' title='bbox 2827 5043 2992 5101; x_wconf 89' lang='lat' dir='ltr'><strong>etiam</strong></span> <span class='ocrx_word' id='word_1_804' title='bbox 3030 5053 3087 5100; x_wconf 90' lang='lat' dir='ltr'><strong>et</strong></span> <span class='ocrx_word' id='word_1_805' title='bbox 3110 5041 3418 5103; x_wconf 68' lang='lat' dir='ltr'><strong>Iudaeorum</strong></span> <span class='ocrx_word' id='word_1_806' title='bbox 3458 5050 3708 5107; x_wconf 87' lang='lat' dir='ltr'><strong>audacia.</strong></span> 
     </span>
    </p>
   </div>
   <div class='ocr_carea' id='block_1_113' title="bbox 2128 5130 3712 5214">
    <p class='ocr_par' dir='ltr' id='par_1_113' title="bbox 2128 5130 3712 5214">
     <span class='ocr_line' id='line_1_113' title="bbox 2128 5130 3712 5214; baseline 0.006 -29"><span class='ocrx_word' id='word_1_807' title='bbox 2128 5130 2327 5189; x_wconf 83' lang='lat' dir='ltr'><strong>Petrus</strong></span> <span class='ocrx_word' id='word_1_808' title='bbox 2349 5133 2495 5189; x_wconf 89' lang='lat' dir='ltr'><strong>enim</strong></span> <span class='ocrx_word' id='word_1_809' title='bbox 2524 5133 2848 5214; x_wconf 79' lang='lat' dir='ltr'><strong>loquebatur</strong></span> <span class='ocrx_word' id='word_1_810' title='bbox 2876 5151 2983 5192; x_wconf 90' lang='lat' dir='ltr'><strong>non</strong></span> <span class='ocrx_word' id='word_1_811' title='bbox 3015 5149 3079 5191; x_wconf 88' lang='lat' dir='ltr'><strong>ea</strong></span> <span class='ocrx_word' id='word_1_812' title='bbox 3103 5151 3222 5205; x_wconf 66' lang='lat' dir='ltr'><strong>quae</strong></span> <span class='ocrx_word' id='word_1_813' title='bbox 3246 5147 3376 5193; x_wconf 87' lang='lat' dir='ltr'><strong>ante</strong></span> <span class='ocrx_word' id='word_1_814' title='bbox 3400 5138 3712 5209; x_wconf 88' lang='lat' dir='ltr'><strong>passionem</strong></span> 
     </span>
    </p>
   </div>
   <div class='ocr_carea' id='block_1_114' title="bbox 2131 5222 3713 5298">
    <p class='ocr_par' dir='ltr' id='par_1_114' title="bbox 2131 5222 3713 5298">
     <span class='ocr_line' id='line_1_114' title="bbox 2131 5222 3713 5298; baseline 0.005 -18"><span class='ocrx_word' id='word_1_815' title='bbox 2131 5222 2371 5290; x_wconf 88' lang='lat' dir='ltr'><strong>dicebat,</strong></span> <span class='ocrx_word' id='word_1_816' title='bbox 2409 5233 2466 5280; x_wconf 90' lang='lat' dir='ltr'><strong>et</strong></span> <span class='ocrx_word' id='word_1_817' title='bbox 2500 5226 2729 5295; x_wconf 86' lang='lat' dir='ltr'><strong>apostoli</strong></span> <span class='ocrx_word' id='word_1_818' title='bbox 2765 5228 3128 5294; x_wconf 85' lang='lat' dir='ltr'><strong>testabantur,</strong></span> <span class='ocrx_word' id='word_1_819' title='bbox 3159 5226 3404 5284; x_wconf 78' lang='lat' dir='ltr'><strong>etJudaei</strong></span> <span class='ocrx_word' id='word_1_820' title='bbox 3434 5230 3713 5298; x_wconf 86' lang='lat' dir='ltr'><strong>dolebant.</strong></span> 
     </span>
    </p>
   </div>
   <div class='ocr_carea' id='block_1_115' title="bbox 2131 5312 3767 5389">
    <p class='ocr_par' dir='ltr' id='par_1_115' title="bbox 2131 5312 3767 5389">
     <span class='ocr_line' id='line_1_115' title="bbox 2131 5312 3767 5389; baseline 0.004 -18"><span class='ocrx_word' id='word_1_821' title='bbox 2131 5312 2329 5381; x_wconf 80' lang='lat' dir='ltr'><strong>etiam</strong></span> <span class='ocrx_word' id='word_1_822' title='bbox 2380 5329 2490 5373; x_wconf 88' lang='lat' dir='ltr'><strong>non</strong></span> <span class='ocrx_word' id='word_1_823' title='bbox 2541 5315 2812 5371; x_wconf 85' lang='lat' dir='ltr'><strong>habebant</strong></span> <span class='ocrx_word' id='word_1_824' title='bbox 2863 5317 2952 5375; x_wconf 90' lang='lat' dir='ltr'><strong>cui</strong></span> <span class='ocrx_word' id='word_1_825' title='bbox 3001 5326 3293 5389; x_wconf 87' lang='lat' dir='ltr'><strong>erogarent</strong></span> <span class='ocrx_word' id='word_1_826' title='bbox 3339 5320 3616 5389; x_wconf 85' lang='lat' dir='ltr'><strong>pecunias,</strong></span> <span class='ocrx_word' id='word_1_827' title='bbox 3654 5331 3719 5378; x_wconf 90' lang='lat' dir='ltr'><strong>ut</strong></span> <span class='ocrx_word' id='word_1_828' title='bbox 3758 5340 3767 5343; x_wconf 42' lang='grc' dir='ltr'>ι</span> 
     </span>
    </p>
   </div>
   <div class='ocr_carea' id='block_1_116' title="bbox 2137 5404 3716 5469">
    <p class='ocr_par' dir='ltr' id='par_1_116' title="bbox 2137 5404 3716 5469">
     <span class='ocr_line' id='line_1_116' title="bbox 2137 5404 3716 5469; baseline 0.009 -15"><span class='ocrx_word' id='word_1_829' title='bbox 2137 5404 2468 5467; x_wconf 59' lang='lat' dir='ltr'><strong>restirrcctio</strong></span> <span class='ocrx_word' id='word_1_830' title='bbox 2492 5406 2863 5460; x_wconf 81' lang='lat' dir='ltr'><strong>occultaretur</strong></span> <span class='ocrx_word' id='word_1_831' title='bbox 2891 5424 2905 5461; x_wconf 91' lang='lat'><strong>:</strong></span> <span class='ocrx_word' id='word_1_832' title='bbox 2943 5407 3141 5464; x_wconf 88' lang='lat' dir='ltr'><strong>milites</strong></span> <span class='ocrx_word' id='word_1_833' title='bbox 3168 5409 3315 5467; x_wconf 58' lang='lat' dir='ltr'><strong>enim,</strong></span> <span class='ocrx_word' id='word_1_834' title='bbox 3343 5411 3716 5469; x_wconf 83' lang='lat' dir='ltr'><strong>custodientes</strong></span> 
     </span>
    </p>
   </div>
   <div class='ocr_carea' id='block_1_117' title="bbox 2198 5586 2712 5655">
    <p class='ocr_par' dir='ltr' id='par_1_117' title="bbox 2198 5586 2712 5655">
     <span class='ocr_line' id='line_1_117' title="bbox 2198 5586 2712 5655; baseline 0.004 -16"><span class='ocrx_word' id='word_1_835' title='bbox 2198 5589 2275 5645; x_wconf 78' lang='lat' dir='ltr'><strong>f8)</strong></span> <span class='ocrx_word' id='word_1_836' title='bbox 2310 5586 2430 5647; x_wconf 79' lang='lat' dir='ltr'><strong>Ms.,</strong></span> <span class='ocrx_word' id='word_1_837' title='bbox 2452 5589 2712 5655; x_wconf 68' lang='lat' dir='ltr'><strong>aediﬁciis.</strong></span> 
     </span>
    </p>
   </div>
   <div class='ocr_carea' id='block_1_118' title="bbox 2196 5655 2746 5725">
    <p class='ocr_par' dir='ltr' id='par_1_118' title="bbox 2196 5655 2746 5725">
     <span class='ocr_line' id='line_1_118' title="bbox 2196 5655 2746 5725; baseline 0.007 -17"><span class='ocrx_word' id='word_1_838' title='bbox 2196 5655 2272 5717; x_wconf 84' lang='lat'><strong>(9)</strong></span> <span class='ocrx_word' id='word_1_839' title='bbox 2304 5656 2427 5716; x_wconf 80' lang='lat' dir='ltr'><strong>Ms..</strong></span> <span class='ocrx_word' id='word_1_840' title='bbox 2456 5659 2746 5725; x_wconf 82' lang='lat' dir='ltr'><strong>ﬁrmantes.</strong></span> 
     </span>
    </p>
   </div>
   <div class='ocr_carea' id='block_1_119' title="bbox 2193 5725 2745 5797">
    <p class='ocr_par' dir='ltr' id='par_1_119' title="bbox 2193 5725 2745 5797">
     <span class='ocr_line' id='line_1_119' title="bbox 2193 5725 2745 5797; baseline 0.009 -19"><span class='ocrx_word' id='word_1_841' title='bbox 2193 5728 2306 5797; x_wconf 83' lang='lat' dir='ltr'><strong>(l0)</strong></span> <span class='ocrx_word' id='word_1_842' title='bbox 2337 5725 2438 5781; x_wconf 78' lang='lat' dir='ltr'><strong>Eo.</strong></span> <span class='ocrx_word' id='word_1_843' title='bbox 2477 5726 2636 5783; x_wconf 84' lang='lat' dir='ltr'><strong>Forte</strong></span> <span class='ocrx_word' id='word_1_844' title='bbox 2662 5746 2745 5783; x_wconf 77' lang='lat' dir='ltr'><strong>ea.</strong></span> 
     </span>
    </p>
   </div>
  </div>
