4134 6418
430 410 561 468 ΗΜ

1750 452 1777 461 ρ
1798 407 1835 460 Ε
1875 403 2217 462 OPERIBUS
2258 402 2479 459 BONIS.

3552 407 3692 462 i202

430 532 755 592 acceperant
791 523 916 591 ista,
954 524 1093 578 sicut
1134 532 1184 578 et
1234 517 1474 594 proditor
1522 523 1709 581 Iudas.
1747 524 2005 580 Sciebant
2033 528 2085 588 Α
2112 527 2369 583 cedonas.
2401 521 2531 589 Qum
2574 531 2754 578 autem
2784 521 3069 591 probatio?
3098 524 3221 594 quia
3278 523 3518 580 tribulati
3570 540 3683 581 non

426 618 574 673 enim
617 614 784 669 Judaei
808 616 1093 670 adversum
1120 630 1178 669 se
1214 617 1403 684 duplas
1440 617 1567 671 dare
1597 617 1869 685 pecunias.
1901 616 2002 671 De-

426 707 624 761 derunt
653 713 707 759 et
728 705 1126 774 adonegandam
1157 706 1570 761 resurrectionis
1598 706 1755 761 ﬁdem
1783 724 1796 760 :
1827 706 2002 760 sciunt

427 799 624 867 quippe
653 806 706 851 et
742 799 872 851 dare
922 797 1085 861 male,
1121 806 1174 851 et
1204 798 1456 864 accipere
1489 814 1594 852 non
1626 799 1783 853 bene.
1820 798 2001 864 Siqui-

428 889 545 942 dem
581 898 636 943 et
668 888 866 955 Joseph
921 888 1285 942 distrahentes
1330 899 1657 958 acceperunt
1701 904 1805 943 non
1842 888 1999 955 bene,

422 990 477 1033 et
531 981 815 1034 Dominum
862 995 1024 1033 causa
1063 981 1386 1049 proditionis
1440 991 1708 1045 emerunt,
1742 991 1799 1036 et
1836 982 2003 1036 abne-

424 1074 640 1139 gatione
690 1072 1109 1125 resurrectionis
1163 1074 1450 1125 adversum
1492 1086 1549 1125 se
1594 1081 1998 1139 compararunt.

421 1158 477 1213 ln
513 1163 649 1214 mala
682 1164 823 1216 enim
855 1164 1174 1216 mercatoria
1199 1164 1464 1226 meditati,
1501 1165 1859 1231 perditionem
1897 1164 2001 1219 sibi

423 1264 784 1322 procurarunt
815 1264 1148 1321 perpetuam.
1180 1256 1285 1309 Sed
1314 1256 1379 1308 ad
1405 1254 1599 1310 Judam
1647 1257 1864 1327 quidem
1915 1258 2002 1310 fu-

428 1359 540 1397 rem
581 1345 688 1397 vim
746 1345 1017 1398 habebant
1068 1346 1343 1415 pet-unite;
1400 1347 1466 1398 ad
1520 1361 1641 1399 eum
1696 1354 1873 1400 autem
1908 1348 1999 1413 qui

423 1435 652 1497 dicebat,
700 1434 940 1489 Pecunia
984 1446 1038 1489 et
1084 1451 1272 1489 aurum
1320 1451 1425 1489 non
1475 1445 1560 1489 est
1609 1437 1761 1501 mihi,
1799 1436 1999 1490 nullatn

426 1526 661 1578 habebat
700 1525 901 1579 malitia
950 1527 1229 1591 virtutem,
1286 1529 1381 1580 sed
1444 1529 1875 1596 augustabantur
1906 1542 1996 1583 sa-

424 1616 673 1669 cerdotes
693 1616 1014 1683 et-populus,
1042 1624 1095 1668 et
1122 1614 1329 1668 turbela
1356 1624 1475 1669 erat
1498 1615 1781 1669 bonorum.
1813 1615 2013 1686 Neque

423 1706 565 1759 enim
596 1719 755 1773 quem
795 1706 1319 1771 comprehenderunt
1340 1706 1453 1772 jam
1485 1708 1783 1773 habebant,
1821 1722 2000 1777 neque

420 1812 577 1865 quem
600 1796 978 1849 detinuerunt:
1001 1797 1235 1864 undique
1266 1798 1411 1851 enim
1437 1798 1662 1866 spiritus
1691 1800 1998 1852 scaturiens

2105 626 2391 677 cesserunt
2428 614 2705 671 charitati.
2751 613 2853 680 Qui
2907 614 3051 669 enim
3101 630 3207 670 non
3266 615 3609 684 tribulatur,-
3639 620 3687 673 si

2106 709 2622 770 subministraverit,
2674 705 2869 761 similis
2909 718 2994 760 est
3023 706 3097 761 illi
3144 708 3236 776 qui
3274 708 3401 763 dum
3454 708 3689 763 mandu-

2103 812 2215 865 cat,
2246 816 2307 855 ea
2341 814 2460 868 quae
2503 797 2841 866 superaverit
2887 797 3069 853 donat.
3122 799 3223 866 Qui
3277 808 3457 854 autem
3513 801 3693 855 adhuc

2103 892 2271 949 esurit
2330 899 2384 943 et
2437 888 2761 956 compatitur
2800 905 2830 941 e
2882 902 3020 955 pane
3066 903 3187 954 suo,
3237 888 3326 942 ille
3372 897 3454 943 est
3502 888 3689 943 fratris

2103 991 2311 1037 amator
2343 1000 2356 1035 :
2382 980 2645 1047 siquidem
2670 988 2724 1033 et
2754 979 2854 1031 sub
2890 980 3114 1032 Domino
3137 979 3287 1045 Iesu,
3318 995 3438 1033 cum
3464 981 3684 1048 quidam

2104 1077 2388 1129 mitterent
2423 1071 2587 1125 multa
2631 1071 2683 1123 in
2732 1072 2931 1139 templo
2978 1086 3042 1125 ex
3093 1073 3177 1125 his
3213 1087 3332 1140 quae
3386 1071 3682 1137 habebant,

2105 1167 2263 1220 vidua
2303 1165 2406 1217 duo
2443 1165 2663 1217 mittens
2702 1162 2909 1215 minuta
2949 1178 3137 1216 omnes
3179 1165 3457 1230 superavit
3492 1162 3545 1215 in
3585 1164 3683 1217 do-

2103 1258 2207 1311 nis.
2244 1256 2308 1310 Et
2337 1264 2484 1309 certe
2520 1255 2645 1322 quid
2670 1263 2824 1308 erant
2858 1253 2945 1306 illa
2986 1254 3090 1307 duo
3122 1255 3325 1307 minuta
3368 1270 3488 1322 qua:
3522 1254 3682 1307 vidua

2104 1346 2294 1401 misit?
2324 1345 2592 1410 Quantum
2624 1344 2688 1395 ad
2721 1358 2831 1396 rem
2863 1342 3082 1412 quidem
3117 1345 3250 1398 satis
3281 1359 3445 1414 parva
3475 1362 3488 1397 :
3520 1358 3688 1411 quan-

2105 1448 2216 1491 tum
2255 1437 2318 1490 ad
2352 1436 2684 1490 alacritatem
2726 1442 2908 1487 autem
2953 1434 3108 1489 valde
3140 1451 3353 1504 magna.
3385 1435 3504 1489 Non
3537 1434 3684 1488 enim

2102 1527 2169 1582 ad
2210 1528 2263 1581 id
2324 1527 2593 1594 inspicere
2642 1526 2902 1580 debemus
2948 1526 3093 1594 quod
3145 1526 3330 1578 datum
3365 1536 3468 1588 est,
3507 1528 3600 1581 sed
3637 1528 3691 1581 si-

2103 1619 2230 1689 quid
2259 1619 2435 1673 eidem
2484 1618 2796 1673 derelictmn
2841 1626 2941 1671 est.
2989 1618 3056 1672 Et
3085 1616 3163 1670 ita
3205 1617 3543 1671 admirabilis
3595 1616 3685 1672 ille

2102 1710 2192 1778 qui
2224 1718 2465 1777 superat.
2493 1708 2611 1761 Non
2636 1709 2833 1776 quippe
2856 1707 3205 1776 quaerendum
3231 1717 3313 1761 est
3338 1708 3382 1761 si
3410 1708 3681 1761 modicum

2103 1808 2185 1854 est
2214 1802 2354 1869 quod
2387 1816 2414 1852 a
2457 1786 2615 1852 vidua
2647 1802 2826 1860 datur,
2860 1799 2954 1853 sed
2986 1800 3030 1852 si
3079 1798 3281 1867 aliquid
3321 1799 3369 1852 ei
3430 1799 3681 1853 relictum

420 1886 735 1939 fonticabat.
771 1885 834 1937 Et
861 1884 1051 1938 Petrus
1078 1887 1296 1954 quidem
1316 1886 1479 1940 istinc
1512 1887 1730 1940 aliunde
1756 1888 1916 1949 alius,
1942 1897 1997 1942 et
2028 1886 2071 1940 Β
2102 1899 2203 1943 est.
2248 1888 2306 1942 Si
2336 1890 2479 1943 enim
2515 1888 2654 1942 facta
2688 1888 2857 1941 fuerit
2883 1889 3220 1955 comparatio
3249 1888 3316 1941 de
3342 1887 3421 1940 eis
3442 1901 3561 1954 qua:
3590 1901 3679 1939 re-

421 1977 558 2032 aller
589 1992 655 2030 ex
684 1976 770 2028 illa
803 1985 976 2043 parte,
1002 1987 1051 2030 et
1098 1978 1186 2043 qui
1217 1981 1443 2031 necdum
1484 1978 1789 2032 crediderat
1817 1980 1994 2033 initia-

420 2068 511 2121 hat
538 2069 796 2123 clamare.
831 2071 899 2123 Et
920 2068 1058 2122 illius
1083 2068 1298 2136 quidem
1323 2066 1483 2131 ﬁlius,
1516 2066 1735 2121 alterius
1760 2068 1889 2129 ﬁlia,
1922 2067 1998 2120 ala

419 2159 591 2213 terius
630 2160 863 2228 conjux;
907 2170 953 2213 et
985 2159 1127 2213 illius
1162 2159 1353 2227 domus
1382 2159 1494 2225 ipse
1525 2158 1913 2223 paterfamilias
1945 2167 1999 2213 et

420 2264 610 2303 servus
680 2260 733 2302 et
775 2249 973 2301 famula
1034 2249 1182 2318 (ll);
1226 2249 1461 2316 undique
1501 2246 1734 2316 Spiritus
1786 2247 1997 2303 fructus

419 2340 748 2394 scaturiebat
804 2356 953 2396 suus.
1014 2340 1129 2393 Non
1190 2349 1397 2393 tantum
1451 2340 1595 2392 enim
1648 2341 1998 2407 permittebat

416 2430 618 2485 Iudaeis
654 2431 943 2493 visionem,
974 2440 1237 2500 quantum
1278 2430 1635 2499 perditionem
1678 2446 1992 2497 agnoscere.

418 2518 543 2573 Haec
568 2506 688 2574 cum
738 2522 811 2574 ita
860 2522 1051 2576 ﬁerent
1100 2524 1238 2589 apud
1277 2521 1550 2584 Judaeum;
1595 2530 1812 2589 oportet
1849 2522 1992 2575 enim

417 2613 701 2666 ostendere
732 2627 830 2666 nos
870 2613 1010 2665 unde
1039 2614 1105 2665 ad
1146 2612 1245 2666 hos
1274 2628 1461 2666 sumus
1497 2614 1746 2667 conversi
1783 2620 2029 2667 sermo-'

419 2718 545 2770 nes;
587 2705 698 2773 jam
751 2720 858 2758 non
905 2715 1021 2758 erat
1063 2705 1320 2773 possibile
1369 2704 1453 2757 his
1501 2704 1592 2773 qui
1650 2707 1994 2759 crediderant

416 2794 659 2856 Christo,
722 2795 862 2863 apud
916 2793 1154 2849 Judazam
1211 2794 1356 2864 pasci
1390 2816 1401 2848 :
1434 2795 1699 2862 siquidem
1755 2795 1799 2849 si
1850 2803 1996 2849 esset

415 2886 538 2953 quis
567 2886 729 2950 ﬁlius,
761 2884 1084 2949 ejiciebatur
1126 2900 1156 2938 e
1201 2886 1362 2940 domo
1414 2887 1539 2954 quia
1587 2886 1761 2941 factus
1820 2886 1997 2941 fuerat

416 2976 590 3031 ﬁdelis
632 2978 719 3031 :si
746 2977 937 3041 frater,
982 2994 1090 3031 non
1144 2978 1378 3033 habebat
1423 2981 1726 3047 portionem
1761 2978 1993 3032 haeredi-

418 3068 570 3132 tatis,
629 3067 753 3135 quia
805 3066 916 3134 jam
967 3069 1201 3123 habebat
1252 3079 1462 3139 partem
1510 3071 1660 3139 regni
1707 3070 1991 3124 ccclesiis:

412 3164 467 3209 et
533 3156 657 3210 ﬁlia:
713 3157 1142 3220 abdicabanlur,
1197 3167 1252 3212 et
1318 3157 1458 3213 servi
1529 3160 1991 3224 emcndabantur,

412 3247 741 3301 sustinentes
820 3260 1010 3315 pcnnas
1071 3248 1198 3315 quia
1267 3248 1472 3302 ﬁdeles.
1537 3247 1660 3302 ilzec
1722 3263 1842 3301 cum
1912 3244 2058 3302 itaC

410 3346 721 3402 agerentur,
758 3335 946 3403 etiam
976 3352 1083 3389 non
1124 3333 1435 3390 suﬁicerent
1474 3336 1658 3390 ﬁdeles
1706 3338 1845 3405 apud
1886 3336 1985 3389 Ju-

410 3428 579 3481 dazam
633 3441 857 3494 pascere
910 3425 1310 3479 multitudinem
1360 3426 1697 3479 credentium
1733 3425 1981 3487 Christo;

409 3515 635 3585 apostoli
669 3516 1024 3585 przedicautes
1046 3519 1287 3585 gentium
1319 3516 1767 3584 complacuerunt
1793 3524 1848 3569 et
1882 3516 1987 3569 hoc

413 3610 617 3662 donare
652 3608 896 3662 ﬁdelibus
916 3608 1007 3676 qui
1039 3606 1365 3677 ingentibus
1398 3607 1763 3672 habebantur,
1793 3616 1851 3660 ut
1876 3607 1985 3660 col-

412 3698 640 3769 ligerent
675 3701 938 3766 quasdam
974 3699 1227 3768 pecunias
1254 3707 1309 3753 et
1352 3712 1501 3765 Opes,
1526 3706 1579 3751 et
1607 3698 1884 3751 mitterent
1919 3699 1986 3752 ad

404 3788 645 3843 Judazam
695 3790 1047 3843 credentibus
1079 3790 1297 3843 Christo
1329 3808 1342 3842 ε
1376 3799 1434 3843 ut
1468 3805 1561 3843 eos
1602 3805 1738 3858 quos
1764 3789 1984 3843 abdica-

408 3889 599 3934 verant
634 3890 887 3948 parentcs
919 3880 989 3934 ob
1012 3878 1194 3945 ﬁdem,
1233 3895 1327 3934 eos
1365 3889 1652 3948 pascerent
1678 3891 1864 3948 gentes
1893 3895 1989 3935 ne-

406 3970 647 4026 cessaria
668 3971 1026 4026 destinantes.
1053 3970 1119 4023 Et
1146 3970 1473 4041 colligebant
1508 3972 1769 4040 pecunias
1794 3972 1887 4042 qui
1915 3987 1985 4027 ex

407 4062 656 4132 gentibus
680 4064 749 4116 ob
779 4062 1067 4114 alimonias
1098 4061 1305 4115 scilicet
1342 4073 1657 4116 sanctorum
1708 4064 1803 4131 qui
1841 4064 1986 4131 apud

406 4151 835 4223 Hierosolymam
863 4152 1235 4205 morabantur.
1280 4152 1350 4206 Et
1388 4153 1488 4206 ista
1534 4167 1678 4206 nunc
1724 4168 1848 4221 pars
1903 4160 1986 4207 est

402 4257 524 4311 qua:
572 4244 729 4296 hodie
783 4242 919 4295 lccla
967 4242 1020 4296 in
1072 4242 1315 4311 Ep.stola
1363 4242 1537 4307 Pauli,
1584 4244 1838 4297 videtur:
1875 4258 1981 4296 non

401 4333 557 4388 valde
613 4348 737 4388 cara
804 4332 960 4403 (η),
1023 4334 1165 4387 sicut
1248 4333 1392 4387 facta
1469 4343 1597 4388 sunt
1663 4351 1782 4404 qua:
1858 4344 1983 4390 ante

312 4492 327 4499 ἰ
401 4424 686 4492 praedicata
737 4434 882 4477 sunt.
939 4423 1332 4493 Evangelizans
1362 4425 1524 4492 igitur
1554 4425 1847 4493 Apostolus
1878 4425 1983 4481 Co-

301 4568 307 4575 .
400 4518 630 4572 :inthios
689 4532 784 4585 per
849 4516 1077 4570 aliorum
1156 4514 1607 4577 sollicitudinem,
1668 4529 1868 4583 eosque
1914 4515 1981 4569 ad

2105 1980 2231 2035 licta
2259 1989 2408 2047 sunt,
2449 1980 2696 2034 invenies
2743 1979 2938 2033 divites
2983 1980 3202 2048 quidem
3254 1979 3387 2032 nihil
3429 1979 3680 2043 dedisse;

2100 2072 2258 2136 plura
2293 2076 2438 2127 enim
2482 2082 2609 2127 sunt
2637 2086 2758 2140 quae
2795 2071 2984 2125 relicta
3015 2079 3143 2124 sunt
3190 2070 3298 2133 eis;
3340 2071 3560 2123 viduam
3586 2084 3687 2123 au-

2102 2172 2209 2218 tem
2268 2173 2438 2217 totam
2499 2164 2820 2217 substantiae
2871 2161 3187 2217 facultatem
3245 2162 3478 2217 dedisse.
3542 2163 3694 2230 Erga

2100 2255 2235 2309 nihil
2276 2257 2446 2324 magis
2483 2264 2583 2318 est,
2620 2256 2663 2309 si
2701 2254 2831 2323 quis
2852 2255 3058 2308 habens
3092 2254 3254 2307 donat
3287 2271 3303 2311 :
3342 2257 3434 2308 sed
3467 2254 3510 2309 si
3558 2255 3680 2321 quis

2099 2362 2205 2400 non
2256 2347 2439 2411 habet,
2482 2354 2639 2412 urget
2690 2345 3014 2399 charitatem
3066 2354 3123 2399 ut
3174 2346 3355 2398 faciat.
3400 2344 3473 2396 lla
3504 2356 3557 2398 et
3589 2344 3679 2397 illa

2097 2438 2279 2500 vidua,
2325 2450 2444 2502 quae
2477 2434 2715 2501 suscepit
2750 2434 2915 2486 Eliam
2948 2433 3197 2486 infamem
3240 2432 3379 2502 (15),
3417 2448 3445 2484 a
3479 2433 3679 2501 pugillo

2099 2530 2315 2601 pollinis
2350 2529 2620 2597 primitias
2658 2528 2889 2581 offerens
2927 2528 3224 2594 prophetm,
3270 2537 3324 2580 et
3370 2529 3486 2595 ipsa
3527 2538 3678 2595 pasta

2097 2631 2174 2674 est
2206 2629 2257 2674 et
2291 2619 2409 2689 plus
2437 2618 2650 2672 cteteris
2678 2617 2881 2669 habuit.
2911 2617 2983 2669 ita
3021 2624 3076 2670 et
3109 2615 3457 2679 Macedones,
3488 2617 3581 2684 qui
3618 2616 3674 2669 in

2098 2710 2265 2763 multo
2307 2710 2678 2774 experimento
2715 2706 3079 2759 tribulationis
3112 2705 3278 2773 :quia
3322 2705 3468 2758 enim
3506 2706 3681 2759 multa

2098 2808 2215 2854 erat
2237 2800 2376 2867 apud
2404 2800 2519 2852 illos
2544 2798 2822 2851 tribulatio
2855 2797 3156 2850 inediarum
3182 2813 3201 2861 ;,
3222 2796 3508 2849 incurrunt
3529 2794 3674 2848 enim

2098 2902 2484 2956 nonnunquam
2535 2886 2666 2939 tales
2708 2885 3016 2938 hominibus
3059 2883 3471 2946 tribulationes;
3520 2881 3676 2935 altis-

2096 2980 2232 3033 sima
2257 2978 2531 3033 tribulatio
2565 2991 2831 3030 summam
2866 2976 3187 3029 charitalem
3220 2974 3457 3027 ostendit
3485 2992 3505 3027 :7
3547 2976 3677 3040 quia

2096 3070 2151 3122 in
2183 3067 2346 3121 multo
2372 3066 2749 3134 experimento,
2783 3064 2984 3132 inquit,
3014 3063 3377 3116 tribulationis
3400 3062 3680 3117 abundan—

2099 3160 2171 3211 tia
2190 3158 2373 3227 gaudii
2393 3172 2573 3211 eorum
2593 3158 2661 3208 ιθ.
2702 3154 2975 3221 Quantum
3010 3155 3155 3209 enim
3184 3154 3252 3208 ad
3289 3168 3421 3222 opes
3444 3162 3677 3221 spectat,

2100 3248 2377 3302 tribulatio
2407 3256 2526 3300 erat
2548 3247 2628 3300 eis
2664 3264 2678 3297 :
2710 3253 2972 3311 quantum
3004 3253 3183 3297 autem
3225 3244 3292 3296 ad
3322 3244 3674 3308 charitatem,

2090 3340 2365 3408 gaudium.
2404 3337 2541 3391 Dare
2583 3338 2727 3392 enim
2759 3353 2826 3391 ex
2860 3337 2942 3390 his
2972 3352 3091 3405 quae
3120 3337 3235 3404 ipse
3266 3352 3371 3390 non
3402 3336 3584 3398 habet,
3619 3349 3675 3390 et

2091 3445 2210 3483 cum
2235 3431 2431 3499 gaudio
2456 3431 2607 3496 dare,
2636 3432 2748 3484 haec
2788 3438 2869 3484 est
2893 3446 3103 3484 summa
3143 3430 3437 3485 credulitas
3464 3430 3531 3485 de
3555 3444 3670 3486 etn-

2092 3518 2318 3573 lestibus
2357 3520 2561 3589 regnis.
2612 3520 2848 3589 Cupiens
2877 3510 3007 3589 ergo
3043 3522 3332 3575 ostendere
3377 3521 3674 3589 Apostolus

2089 3617 2291 3677 quanta
2339 3610 2418 3663 eis
2459 3618 2576 3664 erat
2626 3611 2914 3678 angustia,
2967 3618 3021 3663 et
3067 3621 3328 3680 quantum
3364 3608 3672 3679 gaudebant

2090 3700 2279 3754 dantes
2330 3715 2397 3755 ex
2432 3714 2496 3755 eo
2525 3700 2666 3768 quod
2720 3716 2824 3753 non
2855 3698 3167 3765 habebant;
3222 3701 3277 3754 in
3324 3701 3494 3754 multo
3538 3700 3675 3756 dicit

2089 3792 2459 3860 experimento
2491 3791 2859 3845 tribulationis
2888 3792 3221 3850 abundantia
3248 3792 3428 3861 gaudii
3453 3806 3676 3854 eorum,

2090 3892 2145 3937 et
2175 3883 2437 3936 altissima
2487 3892 2779 3951 paupertas
2807 3897 3025 3936 eorum.
3064 3882 3341 3936 Altissima
3376 3892 3671 3951 paupertas

2091 3975 2349 4028 radicitus
2382 3988 2475 4028 eos
2508 3973 2640 4027 nihil
2664 3973 2868 4028 habere
2894 3974 3186 4040 signiﬁcat.
3234 3974 3555 4037 Abundauit,
3583 3974 3669 4025 in-

2092 4066 2230 4135 quit,
2264 4067 2315 4117 in
2346 4067 2541 4139 divitiis
2580 4066 2943 4135 simplicitatis
2989 4082 3189 4120 eorum.
3218 4065 3385 4119 Multa
3422 4065 3673 4134 probatio

2092 4156 2454 4211 tribulationis
2485 4174 2498 4210 :
2530 4157 2625 4211 sed
2674 4158 2958 4213 abundans
2981 4197 2996 4221 ,
3038 4158 3234 4226 inquit,
3267 4157 3521 4225 gaudium
3574 4170 3670 4211 eo-

2091 4257 2301 4311 rum,et
2332 4247 2593 4301 altissima
2631 4256 2922 4316 paupertas
2953 4262 3142 4301 eorum
3176 4265 3191 4302 :
3224 4257 3280 4302 et
3310 4246 3675 4309 abundantia,

2089 4338 2300 4408 inquit,
2338 4339 2650 4392 divitiarum
2674 4339 3052 4407 simplicitatis
3083 4352 3290 4393 eorum.
3317 4338 3398 4392 Ab
3426 4338 3671 4393 adversis

2089 4431 2296 4498 accepit
2341 4430 2819 4497 comparationem,
2869 4428 3160 4484 ostendens
3191 4428 3314 4497 quia
3349 4428 3514 4481 multa
3547 4428 3683 4495 quia

2089 4518 2209 4573 dem
2239 4519 2520 4574 tribulatio
2543 4527 2665 4575 erat
2694 4520 2837 4589 apud
2877 4535 2973 4574 eos
3005 4519 3329 4581 inediarum,
3372 4532 3477 4571 non
3517 4526 3675 4571 tanta-

399 4604 632 4658 simiiem
687 4575 1047 4656 imitationem
1098 4601 1415 4668 adhortans,
1479 4611 1537 4655 ut
1583 4575 1835 4657 alacriter
1874 4605 1979 4657 im-
2013 4575 2058 4631 D
2088 4620 2266 4664 autem
2300 4621 2563 4679 quantum
2613 4619 2668 4673 et
2715 4575 2993 4680 gaudium.
3045 4609 3113 4663 Et
3155 4608 3419 4663 altissima
3448 4608 3670 4676 quidem

398 4696 668 4764 pertirent
741 4694 992 4747 ﬁdelibus
1070 4694 1159 4762 qui
1234 4695 1373 4761 apud
1454 4691 1699 4748 Judzeam
1784 4704 1977 4763 erant,

397 4786 598 4855 quique
670 4785 903 4838 abdicati
970 4798 1001 4837 a
1068 4784 1183 4837 suis
1246 4785 1570 4838 necessariis
1642 4784 1978 4856 indigebant,

396 4892 497 4930 nec
548 4874 684 4929 ullas
742 4875 1137 4945 promissiones
1179 4873 1432 4929 Judaicas
1480 4886 1573 4930 aut
1630 4877 1978 4934 hatreditatcs

394 4965 669 5020 habebant
706 4983 719 5018 :
760 4964 879 5018 ideo
913 4964 1161 5018 scribens
1190 4963 1259 5018 ad
1296 4978 1389 5018 eos
1434 4964 1633 5019 Paulus
1669 4967 1740 5019 ita
1789 4968 1917 5022 dicit
1956 4986 1969 5022 :

396 5057 595 5125 Natam
623 5056 797 5109 autem
832 5055 972 5108 vobis
1012 5056 1172 5124 facio,
1208 5056 1422 5123 fratres,
1458 5057 1684 5123 gratiam
1724 5056 1820 5110 Dei
1859 5074 1975 5127 quia

392 5150 519 5202 data
548 5156 623 5201 est
656 5151 708 5200 in
744 5146 993 5201 Ecclesiis
1028 5145 1377 5212 Macedonica,
1422 5147 1547 5215 quia
1591 5147 1644 5199 in
1681 5148 1842 5201 mu!to
1884 5165 1974 5201 ex-

391 5248 680 5307 perimenta
710 5238 1065 5290 tribulationis
1094 5237 1423 5291 abundantia
1457 5238 1639 5307 gaudii
1684 5254 1887 5303 eorum,
1923 5247 1974 5291 et

391 5330 656 5382 altissima
680 5338 960 5397 paupertas
996 5343 1177 5381 eorum
1211 5328 1495 5381 abundavit
1526 5330 1579 5381 in
1609 5328 1820 5381 divitias
1846 5330 1973 5382 sima

391 5418 642 5489 plicitatis
675 5436 855 5474 eorum
884 5420 950 5478 ⁸³.
988 5420 1246 5476 Scribens
1284 5420 1579 5475 Corinthiis
1619 5422 1809 5487 probat
1856 5420 1970 5475 Ma-

461 5560 509 5591 “
533 5558 572 5610 ll
598 5559 724 5613 Cor.
763 5574 877 5622 vm,
906 5559 1017 5627 ιβ.
1096 5559 1139 5593 δ’
1171 5559 1297 5616 ibid.
1327 5559 1379 5613 2.
1457 5559 1500 5592 ⁵ο
1530 5559 1660 5615 ibid.

461 5696 509 5770 (l
527 5698 574 5770 li
604 5697 726 5770 δίδη
765 5700 991 5770 familia.

465 5766 577 5839 (12)
610 5766 773 5824 Cum.
809 5768 992 5833 Forte,
1025 5773 1191 5823 ciam.

1738 5561 1783 5593 ’ί
1808 5560 1935 5618 ibid.
1963 5560 2016 5617 4.

2080 4713 2412 4771 paupertas,
2461 4704 2554 4759 sed
2584 4703 2783 4757 divitiae
2812 4700 3199 4769 simplicitatis,
3228 4702 3358 4767 quia
3379 4699 3669 4753 secundum

2088 4794 2332 4847 uirtutem
2364 4804 2437 4847 tcs
2457 4793 2729 4846 timonium
2757 4792 3022 4861 perhibeo,
3052 4799 3102 4843 et
3134 4807 3291 4858 super
3314 4791 3445 4843 uires
3470 4791 3536 4844 '°.
3559 4791 3669 4842 lict:

2085 4887 2233 4940 enim
2281 4895 2363 4939 est
2389 4926 2404 4950 ,
2454 4895 2507 4940 et
2533 4883 2885 4938 tribulatione
2923 4882 3215 4937 voluntarii
3264 4881 3525 4935 fuerunt:
3563 4893 3667 4933 non

2084 4977 2193 5029 vim
2240 4976 2429 5045 passi,
2467 4975 2559 5029 sed
2589 4989 2710 5029 cum
2757 4972 2924 5027 multa
2958 4971 3346 5026 exhortatione
3373 4970 3670 5023 obsecran-

2083 5075 2188 5120 tes.
2220 5065 2335 5119 Non
2374 5065 2545 5119 solum
2580 5064 2724 5118 enim
2771 5080 2801 5117 a
2852 5062 3014 5117 nobis
3048 5077 3154 5117 non
3184 5068 3308 5115 sunt
3354 5059 3623 5113 obsecrati
3652 5096 3675 5120 μ

2084 5157 2177 5211 sed
2210 5165 2264 5211 et
2296 5158 2397 5225 ipsi
2423 5158 2805 5211 obsecrarunt.
2848 5154 2952 5208 Sed
2986 5168 3103 5206 cum
3135 5152 3324 5215 multa,
3349 5150 3543 5218 inquit,
3577 5164 3669 5201 ex-

2084 5246 2380 5299 hortatione
2431 5246 2759 5299 obsecrantes
2811 5253 3055 5313 rogantes
3088 5258 3181 5296 nos
3203 5240 3270 5295 '“.
3327 5239 3464 5306 Quia
3519 5239 3665 5291 enim

2082 5351 2206 5390 cum
2258 5336 2424 5390 multa
2469 5337 2844 5390 obsecratione
2880 5334 3085 5388 dictum
3112 5372 3127 5399 ,
3162 5331 3384 5386 dubium
3438 5330 3665 5383 videba-

2085 5436 2193 5492 tur,
2230 5435 2413 5481 utrum
2445 5427 2763 5482 Macedones
2795 5432 3078 5495 rogassent
3113 5421 3390 5494 apostolos
3416 5420 3670 5489 suscipi:-

2160 5702 2269 5772 (ίὸ)
2304 5700 2585 5771 Infamem.
2618 5700 2799 5768 Forte,
2834 5703 2884 5755 in
2914 5702 3077 5770 (ante.
