4134 6414
410 396 548 452 1203

1085 395 1350 452 EUSEBII
1393 395 1865 454 CaESARlENSIS
1906 397 2055 453 OPP.
2099 398 2279 456 PARS
2319 400 2407 456 1V.
2451 432 2519 440 -——
2559 399 2980 458 DOGMATICA.

3540 405 3679 465 1204

407 529 470 569 re
498 513 565 568 ab
593 511 727 583 ipsis
761 525 879 582 quae
900 511 1224 577 olferebant,
1262 521 1354 566 aut
1387 512 1614 582 apostoli
1643 512 1992 576 Macedonas.
2033 519 2078 577 Α
2108 518 2466 583 manducans,
2487 518 2770 574 nobiseum
2792 519 3086 574 dormiens.
3106 519 3182 574 Ex
3224 520 3379 577 nobis
3408 535 3675 593 sputatus,

405 614 468 660 ut
489 617 611 660 sese
632 602 932 673 penderent
961 603 1028 656 ad
1064 603 1324 668 dandum,
1342 603 1462 658 ideo
1480 603 1640 658 dicit:
1667 604 1801 658 Cum
1824 604 1990 657 multa

405 695 774 751 exhortatione
819 694 1150 747 obsecrantes
1179 709 1293 756 nos,
1342 695 1620 762 offerentes
1647 695 1902 764 gaudium
1943 705 1990 747 et

404 783 829 838 communionem
882 769 1164 837 ministerii
1196 785 1336 853 quod
1366 784 1424 852 ﬁt
1476 786 1531 838 in
1578 795 1809 839 sanctos.
1875 785 1990 837 Non

405 875 549 927 enim
575 875 750 944 rogari
777 873 903 943 quis
934 874 1092 930 debet
1125 877 1192 928 ad
1228 875 1688 939 misericordiam,
1714 877 1806 930 sed
1835 891 1994 945 roga-

408 981 466 1018 re
495 965 676 1033 potius
707 973 766 1018 ut
797 965 1167 1020 communicet
1200 965 1323 1020 aliis
1365 985 1376 1019 :
1412 975 1461 1019 et
1495 983 1598 1020 non
1643 969 1777 1020 sicut
1811 984 1994 1036 spera-

405 1059 572 1109 vimus
596 1057 680 1120 ";
721 1065 1046 1125 superarunt
1085 1057 1231 1109 enim
1265 1064 1320 1112 et
1351 1065 1591 1111 nostram
1625 1060 1994 1128 exspectatio-

409 1161 554 1201 nem.
591 1146 728 1214 Quid
757 1163 886 1218 ergo
911 1149 936 1202 ?
964 1148 1267 1205 Senserunt
1300 1149 1527 1218 apostoli
1561 1150 1796 1219 inopiam
1817 1150 1994 1206 Mace-

410 1238 630 1304 donum,
672 1249 725 1292 et
754 1239 968 1308 pigebat
1003 1255 1098 1295 eos
1127 1242 1308 1296 dicere
1334 1240 1535 1310 aliquid
1563 1260 1576 1307 ;
1607 1242 1868 1309 apostolis
1893 1258 1993 1296 au-

414 1338 518 1381 tem
560 1329 863 1383 tacentibus
885 1345 989 1384 non
1021 1330 1277 1385 tacebant
1299 1331 1391 1399 qui
1418 1333 1871 1396 obsecrabantur,
1903 1333 1994 1386 sed

411 1421 712 1490 semetipsos
736 1461 749 1482 ,
785 1421 960 1490 inquit
1004 1462 1019 1486 ,
1063 1423 1320 1476 dederunt
1357 1424 1527 1492 primo
1584 1423 1840 1488 Domino,
1877 1424 1995 1478 dein

409 1521 458 1564 et
485 1511 632 1563 nobis
680 1528 773 1580 per
799 1511 1119 1566 voluntatem
1167 1512 1263 1567 Dei
1293 1530 1306 1564 :
1341 1515 1445 1567 hoc
1493 1523 1614 1577 est,
1649 1516 1847 1569 donum
1901 1514 1994 1568 Dei

409 1603 558 1656 venit
587 1603 653 1657 ad
687 1617 802 1667 eos,
832 1605 1054 1659 hortans
1098 1619 1194 1660 eos
1216 1605 1281 1659 ad
1314 1620 1478 1675 Opera
1515 1607 1677 1672 bona,
1710 1617 1768 1660 ut
1802 1607 1994 1660 exhor-

409 1703 581 1744 temur
608 1691 804 1757 Titum,
835 1705 890 1747 ut
922 1696 1366 1764 quemadmodum
1385 1699 1561 1766 carpit,
1586 1699 1662 1751 ita
1685 1706 1734 1750 et
1756 1699 1994 1766 perficiat

409 1784 462 1834 in
484 1800 570 1837 vos
612 1785 839 1852 gratiam
862 1787 1017 1839 istam
1043 1787 1110 1837 ⁸³.
1141 1786 1279 1852 Quid
1295 1788 1397 1842 sibi
1429 1788 1544 1842 vult
1577 1797 1631 1841 ut
1665 1790 1998 1842 exhortemur
2057 1798 2063 1810 ‘

2098 625 2127 663 a
2170 609 2325 664 nobis
2347 618 2432 664 est
2463 619 2664 672 tentus,
2708 623 2737 662 a
2770 609 2926 664 nobis
2970 610 3382 676 condemnatus,
3412 627 3672 683 quantum

2093 700 2158 752 ad
2193 707 2443 752 naturam
2493 697 2814 751 humanam.
2859 695 3117 752 Proﬁciat
3165 709 3345 754 autem
3397 717 3578 759 sermo
3609 708 3677 760 ad

2094 797 2312 843 caetera.
2345 787 2603 855 Iniuriam
2630 802 2824 856 paSsus
2853 798 2955 853 est,
3005 803 3178 844 cmsus
3203 799 3304 853 est,
3331 801 3547 860 sputum
3582 813 3676 850 ac-

2095 882 2478 952 ccpit,-illusus
2503 891 2608 946 est,
2635 879 2826 934 aﬂixus
2849 891 2932 936 est
2959 883 3131 946 cruci,
3162 883 3228 937 fel
3263 895 3314 938 et
3347 898 3558 940 acetum
3595 889 3678 942 bi-

2097 974 2195 1028 bit.
2229 974 2366 1039 Quid
2387 975 2691 1028 invenietur
2721 974 2772 1026 in
2797 983 3222 1028 commutatione
3254 986 3414 1029 tantm
3444 979 3677 1047 gratize?

2094 1063 2260 1117 Istam
2291 1063 2455 1134 igitur
2485 1064 2716 1133 gratiam
2759 1078 2859 1116 nos
2884 1065 3181 1118 admonens
3213 1067 3527 1134 Apostolus,
3549 1070 3680 1122 hor-

2097 1164 2243 1208 tatur
2289 1155 2355 1208 ad
2390 1168 2552 1222 opera
2601 1154 2763 1208 bona.
2801 1155 2962 1208 Scitis
2992 1158 3153 1217 enim,
3196 1157 3389 1225 inquit,
3444 1160 3675 1227 gratiam

2096 1244 2308 1298 Domini
2335 1246 2504 1298 nostri
2530 1243 2660 1297 Jesu
2691 1242 2913 1310 Christi,
2946 1248 3068 1314 quia
3109 1260 3323 1315 propter
3358 1266 3465 1314 eos,
3491 1262 3676 1306 etnon

2096 1346 2318 1404 propter
2349 1351 2428 1400 se,
2463 1336 2612 1402 inops
2662 1335 2836 1404 factus
2883 1349 2956 1390 est
2993 1355 3111 1391 cum
3139 1351 3268 1392 esset
3307 1341 3471 1406 dires,
3507 1353 3560 1395 ut
3589 1360 3679 1397 vos

2095 1427 2239 1480 illius
2274 1428 2454 1496 inopia
2482 1429 2667 1480 divites
2695 1428 2875 1480 essetis
2908 1429 2975 1481 ⁸⁷.
2999 1428 3055 1483 Si
3089 1431 3203 1484 lucc
3239 1431 3362 1484 fecit
3397 1436 3680 1501 magister,

2097 1519 2199 1572 ista
2249 1520 2568 1573 condiscant
2606 1519 2898 1587 discipuli,
2939 1530 2985 1572 et
3032 1523 3334 1586 consilimn,
3368 1525 3560 1591 inquit,
3627 1527 3683 1580 in

2098 1607 2196 1660 isto
2225 1607 2291 1660 do
2323 1608 2370 1639 ⁵⁸
2406 1627 2418 1661 :
2453 1608 2555 1662 hoc
2581 1617 2684 1670 est,
2719 1607 2784 1659 ad
2807 1608 3166 1661 imitationem
3191 1609 3396 1663 Christi
3425 1626 3680 1679 provoco.

2101 1701 2215 1756 Hoc
2244 1703 2382 1755 enim
2425 1702 2568 1755 vobis
2605 1711 2678 1754 est
2726 1701 2876 1753 utile.
2932 1700 3063 1752 Illud
3114 1702 3258 1753 enim
3306 1715 3410 1754 uoa
3467 1701 3684 1756 Christo

2100 1803 2218 1846 erat
2271 1792 2422 1855 utile,
2463 1793 2654 1862 quique
2690 1809 2793 1845 non
2848 1793 3019 1845 solum
3062 1792 3277 1859 facere,
3334 1797 3422 1845 sed
3462 1803 3508 1845 et
3555 1794 3685 1847 velle

413 1873 588 1929 Titum
621 1875 645 1928 ?
691 1876 826 1942 Quia
867 1878 1011 1931 enim
1042 1918 1056 1943 ,
1103 1880 1315 1947 inquit,
1360 1880 1596 1935 vidimus
1648 1879 1996 1934 Macedonum
2031 1869 2072 1924 Β
2101 1885 2327 1951 capiatis
2373 1886 2437 1936 ab
2476 1900 2617 1937 anno
2644 1884 2836 1952 priore.
2892 1883 3098 1936 Facere
3139 1898 3242 1936 non
3277 1893 3360 1937 est
3395 1884 3568 1953 majus
3592 1895 3686 1937 aut

409 1966 627 2020 divitias
660 1967 1068 2034 simplicitatis;
1103 1980 1160 2022 ut
1195 1983 1301 2023 non
1333 1971 1682 2025 vinceremini
1737 1971 1788 2024 in
1819 1969 1994 2032 bonis,

341 2121 346 2124 ι
413 2058 722 2128 rogavimus
763 2057 945 2113 Titum
977 2061 1162 2113 venire
1212 2062 1279 2115 ad
1313 2076 1408 2115 vos
1433 2100 1448 2124 ,
1489 2071 1542 2116 et
1575 2077 1734 2131 pares
1761 2077 1854 2116 vos
1885 2059 1997 2114 etlio

410 2166 536 2206 cere
569 2151 634 2205 ad
669 2151 1022 2214 Macedonas,
1054 2160 1110 2204 et
1143 2153 1421 2206 exhortari
1457 2167 1525 2206 ne
1556 2153 1939 2222 relinquamini
1967 2169 1997 2205 a

411 2243 616 2299 divitiis
647 2245 834 2314 gratiae
887 2245 1087 2314 hujus:
1120 2242 1190 2297 Et
1233 2244 1371 2296 sicut
1421 2247 1473 2296 in
1521 2246 1663 2297 omni
1714 2245 1999 2299 obundatis

408 2339 538 2406 ﬁde,
563 2349 610 2391 et
634 2353 892 2402 sermone,
912 2348 965 2390 et
991 2337 1209 2390 scientia
1229 2378 1243 2402 ,
1273 2345 1319 2389 et
1346 2338 1489 2388 omni
1516 2335 1873 2389 sollicitudine
1899 2379 1912 2401 ,
1951 2348 1997 2388 et

389 2431 626 2497 insuper
650 2439 822 2483 vestra
856 2430 911 2483 in
957 2445 1050 2482 nos
1081 2427 1357 2491 charitate,
1386 2438 1466 2480 -ut
1492 2437 1541 2480 et
1595 2429 1649 2479 in
1692 2430 1792 2479 hac
1827 2429 1998 2497 gratia

410 2520 689 2575 abundetis
720 2522 788 2574 “.
822 2521 876 2574 In
909 2522 1052 2585 aliis,
1096 2519 1294 2588 inquit,
1338 2520 1593 2572 omnibus
1636 2519 2000 2572 circumveni-

413 2613 522 2667 tis:
561 2622 619 2664 ut
658 2628 764 2667 non
801 2622 982 2667 autem
1015 2611 1511 2668 circumvenientes
1565 2608 1618 2661 io
1660 2610 1804 2672 aliis,
1841 2610 1998 2664 dere-

410 2703 729 2772 linquamini
768 2704 820 2757 in
860 2704 1209 2771 quibusdam,
1240 2700 1618 2765 etexuamini,
1664 2700 1848 2770 rogavi
1902 2701 1997 2754 Ti—

415 2806 548 2860 tum,
583 2795 721 2848 utin
755 2796 1011 2850 omnibus
1057 2797 1351 2864 primatum
1388 2798 1618 2851 teneatis
1649 2814 1662 2850 :
1701 2793 1824 2847 Non
1847 2793 2000 2862 quasi

411 2888 676 2955 imperans
703 2887 844 2950 dico,
873 2887 964 2939 sed
990 2897 1201 2954 promer
1234 2887 1464 2940 aliorum
1491 2887 1908 2941 sollicitudinem
1926 2886 1997 2949 ⁵⁸,

415 2980 518 3031 hoc
549 2987 630 3030 est
670 2975 1024 3030 Macedonum
1073 2979 1308 3032 alienum
1341 2991 1356 3031 :
1390 2979 1434 3031 si
1483 2981 1781 3032 secundum
1825 2978 1998 3046 impe-

417 3067 556 3122 rium
591 3067 745 3135 ﬁunt,
779 3066 1102 3122 videbuntur
1137 3084 1200 3122 ex
1256 3068 1580 3122 necessitate
1611 3068 1725 3121 ﬁeri
1751 3108 1766 3131 ,
1796 3077 1847 3122 ct
1893 3083 1997 3121 non

419 3161 622 3214 habent
664 3162 899 3215 fructum
954 3177 965 3213 :
1013 3160 1104 3214 sed
1139 3170 1356 3228 propter
1406 3159 1631 3212 aliorum
1674 3159 1997 3214 sollicitudi—

415 3268 537 3307 nem
567 3293 582 3318 ,
609 3262 656 3306 et
689 3261 876 3306 uestra!
902 3250 1177 3304 charitatis
1223 3251 1493 3318 ingenium
1532 3252 1815 3320 probamus
1851 3266 1867 3301 :
1897 3253 2000 3305 hoc

412 3352 530 3405 cst,
563 3343 918 3396 admonemus
951 3356 1049 3394 vos
1100 3341 1457 3394 Macedonum
1509 3342 1814 3395 claritatem
1860 3340 1998 3409 (14),

417 3443 474 3487 ut
503 3433 786 3487 audientes
816 3434 882 3487 ad
919 3432 1152 3485 similem
1201 3432 1436 3485 veniatis
1466 3431 1664 3485 zelum.
1700 3431 1835 3496 Quia
1869 3446 1999 3500 ergo

419 3524 485 3578 de
517 3523 759 3591 pecuniis
789 3521 1086 3591 propositio
1130 3530 1247 3574 erat
1273 3560 1286 3585 ,
1323 3531 1378 3574 et
1410 3522 1476 3575 de
1520 3522 1774 3590 operibus
1803 3522 1996 3586 bonis;

419 3616 652 3683 cupiens
689 3627 782 3666 eos
821 3613 1018 3668 docere
1048 3613 1338 3681 Apostolus
1387 3615 1512 3683 quia
1547 3614 1678 3667 nihil
1715 3613 1862 3681 (ligni
1917 3622 2001 3664 at-

418 3719 525 3772 que
555 3703 667 3773 (lii)
708 3704 977 3774 recepturi
1031 3705 1202 3769 estis,
1241 3715 1295 3757 et
1345 3705 1470 3772 quia
1521 3705 1572 3757 in
1622 3704 1708 3758 his
1747 3704 2003 3758 Dominus

418 3796 566 3862 prior
596 3795 762 3864 cmpit
787 3834 802 3859 ,
832 3803 886 3849 et
918 3795 1160 3850 debitum
1207 3795 1483 3849 reddimus
1536 3805 1591 3848 et
1628 3809 1730 3849 non
1769 3795 2000 3865 gratiam

417 3886 891 3955 praeseminamus,
921 3884 1054 3939 dicit
1087 3902 1100 3936 :
1136 3884 1301 3939 Scitis
1341 3886 1481 3939 enim
1508 3886 1738 3954 gratiam
1788 3883 2001 3939 Domini

422 3979 585 4033 nostri
627 3977 758 4032 Jesu
803 3975 1042 4043 Christi,
1076 3976 1203 4046 quia
1253 3986 1471 4045 propter
1519 3993 1613 4031 nos
1643 3977 1792 4045 inops
1831 3977 2004 4045 factus

420 4079 518 4134 est,
543 4084 659 4122 cum
688 4069 831 4121 dives
858 4076 988 4121 esset
1021 4066 1090 4123 ".
1116 4066 1252 4133 Quia
1281 4069 1423 4122 enim
1449 4069 1514 4123 de
1544 4069 1791 4137 pecuniis
1815 4069 2006 4124 dandis

418 4169 540 4214 erat
569 4159 618 4213 ei
655 4174 834 4214 sermo
859 4199 874 4222 ,
909 4159 1126 4229 pigebat
1161 4169 1339 4214 autem
1383 4159 1578 4215 divites
1627 4159 1744 4230 (l6)
1772 4160 2004 4228 aperiri;

419 4249 670 4318 opposuit
697 4249 1009 4315 Dominum,
1037 4251 1129 4319 qui
1163 4264 1291 4305 vere
1325 4251 1494 4314 dives,
1530 4252 1686 4320 inops
1715 4265 1814 4320 pro
1849 4251 2006 4306 nobis

422 4341 600 4396 lactus
639 4351 744 4406 est,
771 4351 830 4396 ut
864 4342 930 4396 ad
964 4343 1321 4397 imitationem
1377 4343 1469 4396 Dei
1504 4345 1796 4398 suscitaret
1828 4344 2004 4398 homi-

423 4451 540 4489 nes.
566 4432 732 4490 Scitis
757 4437 914 4502 enim,
942 4436 1138 4506 inquit,
1176 4437 1408 4506 gratiam
1444 4435 1659 4490 Domini
1686 4437 1852 4490 nostri
1879 4435 2008 4490 Jesu

2028 3206 2070 3261 C

2100 1977 2237 2032 velle
2271 1977 2380 2048 (l8)
2412 1976 2548 2031 ?|lle
2572 1986 2752 2030 autem
2779 1975 2951 2042 majus
2985 1990 3108 2030 esse
3136 1977 3320 2029 dicens
3348 1975 3484 2030 velle
3518 1993 3683 2043 quam

2097 2068 2299 2129 facere.
2341 2070 2414 2122 ita
2443 2083 2567 2123 cum
2628 2068 2709 2120 eis
2765 2067 3007 2135 loquitur
3038 2082 3138 2133 per
3186 2067 3494 2135 epistolam.
3548 2067 3683 2133 Quid

2096 2164 2179 2210 est
2203 2171 2332 2225 ergo
2360 2155 2503 2223 quod
2531 2154 2727 2207 dicitur
2749 2153 2818 2207 ad
2845 2169 2962 2217 eos,
2995 2139 3131 2222 quos
3153 2156 3403 2208 hortatur
3427 2156 3493 2206 ad
3523 2170 3685 2222 opera

2098 2246 2281 2301 bona?
2328 2247 2464 2313 Quia
2510 2246 2654 2298 cnim
2686 2245 2961 2298 faciebant
2997 2247 3239 2312 quidem,
3275 2262 3378 2299 non
3410 2245 3688 2300 babébant

2099 2347 2278 2391 autem
2305 2351 2334 2389 e
2375 2351 2468 2389 sua
2523 2336 2787 2392 electione
2819 2347 2877 2391 ut
2929 2338 3069 2391 ultro
3107 2337 3382 2403 facerent;
3436 2339 3692 2390 hortatur

2099 2442 2191 2482 eos
2227 2437 2284 2480 ut
2319 2426 2462 2482 ultro
2510 2439 2900 2496 proponerent,
2936 2429 3036 2482 hoc
3079 2441 3161 2484 est
3198 2440 3256 2482 ut
3289 2445 3395 2484 non
3427 2431 3691 2485 admone-

2101 2528 2307 2584 rentur,
2341 2521 2432 2574 sed
2466 2529 2522 2573 ut
2546 2520 2688 2574 ultro
2742 2521 3106 2587 complerent.
3135 2522 3240 2585 Qui
3271 2538 3374 2574 non
3406 2522 3576 2574 solum
3606 2522 3689 2588 fa-

2100 2627 2232 2674 cere,
2260 2612 2452 2680 inquit,
2481 2612 2572 2663 sed
2599 2621 2645 2664 et
2671 2611 2797 2665 velle
2839 2613 3072 2680 cwpistis
3109 2613 3172 2664 ab
3219 2628 3359 2665 anno
3390 2613 3567 2680 priore
3593 2613 3638 2643 ”
3671 2627 3688 2663 :

2104 2702 2262 2754 Nunc
2309 2717 2432 2754 vero
2487 2711 2534 2754 et
2588 2701 2731 2770 facta
2769 2705 3000 2770 perﬁcito
3055 2720 3072 2757 :
3132 2714 3186 2756 ut
3241 2705 3688 2773 quemadmodum

2100 2801 2373 2860 promptus
2402 2793 2610 2844 animus
2642 2803 2715 2845 est
2743 2794 3027 2847 voluntatis
3056 2834 3070 2857 ,
3120 2797 3196 2848 ita
3225 2807 3271 2847 et
3299 2794 3563 2861 perﬁciati
3626 2809 3690 2847 ea:

2101 2899 2161 2935 eo
2206 2882 2345 2950 quod
2371 2881 2569 2934 habetis
2602 2883 2670 2934 εο.
2701 2882 2970 2937 Prmrcdit
2996 2893 3279 2954 promptus
3308 2887 3527 2938 animus
3563 2901 3688 2953 pcr-

2105 2976 2418 3029 fectionem.
2451 2974 2552 3040 Qui
2603 2976 2746 3028 enim
2781 2976 2998 3028 nolebat
3039 2977 3169 3028 dare
3219 2990 3314 3027 sua
3347 3017 3359 3034 .
3391 2977 3691 3029 necessita—

2109 3080 2214 3122 tem
2258 3084 2362 3121 non
2393 3066 2629 3121 habebat
2684 3068 3074 3137 compulsionis
3106 3068 3414 3135 :siquidcm
3453 3084 3556 3121 non
3591 3084 3689 3121 cx-

2107 3161 2248 3214 actio
2275 3159 2367 3214 sed
2404 3159 2703 3212 admonitio
2736 3154 2964 3220 eratﬁit
2991 3159 3447 3228 quemadmodum
3505 3175 3686 3226 prom-

2106 3266 2229 3324 ptus
2264 3253 2476 3307 animus
2513 3262 2596 3305 est
2627 3251 2947 3314 voluntatis,
3003 3251 3073 3303 ita
3104 3260 3158 3303 et
3191 3251 3485 3319 pcrliciatis
3518 3266 3582 3304 ex
3625 3267 3698 3306 eo

2103 3344 2247 3414 quod
2282 3343 2512 3397 habetis.
2555 3340 2709 3408 Quod
2739 3342 2880 3395 enim
2925 3341 2967 3394 si
3003 3352 3285 3409 promptus
3328 3352 3409 3394 est
3439 3342 3688 3410 quidem,

2105 3451 2208 3490 non
2243 3435 2441 3489 habeat
2474 3443 2681 3498 autem,
2707 3441 2761 3486 et
2797 3431 2971 3486 defuit
3000 3442 3056 3484 ut
3095 3432 3418 3499 perliceret;
3455 3447 3559 3485 non
3591 3432 3692 3487 de-

2105 3530 2293 3583 relicta
2341 3538 2426 3582 est
2469 3528 2586 3597 ejus
2617 3526 2891 3579 voluntas.
2947 3525 3224 3590 Qnmritur
3263 3524 3408 3577 enim
3442 3539 3546 3576 non
3571 3525 3696 3592 quis

2105 3621 2232 3690 quid
2269 3620 2488 3686 habeat,
2521 3618 2616 3672 sed
2645 3618 2768 3686 quis
2798 3616 2924 3683 quid
2955 3616 3104 3669 velit.
3139 3614 3276 3680 Quid
3301 3623 3481 3667 autem
3511 3615 3557 3667 si
3586 3631 3690 3668 non

2106 3712 2264 3766 habet
2295 3711 2438 3780 quis,
2464 3709 2809 3778 descripserit
2837 3717 3013 3760 autem
3060 3708 3161 3760 sibi
3190 3717 3242 3760 ct
3289 3708 3508 3772 dixerit,
3545 3708 3696 3776 quia,

2107 3804 2150 3859 si
2178 3803 2508 3872 possiderem
2547 3809 2754 3854 tantum
2783 3841 2798 3865 ,
2835 3807 3010 3854 totum
3063 3799 3249 3854 darem
3309 3799 3638 3870 pauperibus
3673 3799 3702 3853 ἵ

2108 3904 2369 3964 quantum
2402 3895 2468 3947 ad
2499 3891 2837 3945 alacritatem
2883 3890 3100 3958 quidem
3133 3901 3340 3958 spectat
3369 3932 3384 3956 ,
3433 3901 3488 3944 et
3520 3891 3701 3959 possi-

2109 3985 2199 4039 det
2225 3993 2280 4038 et
2330 3983 2496 4039 dedit.
2550 3982 2740 4038 Omnis
2773 3984 2916 4036 enim
2944 3983 3151 4036 fructus
3184 3982 3236 4035 in
3270 3981 3554 4036 alacritate
3615 3991 3698 4035 est

2108 4076 2337 4144 positus.
2374 4073 2771 4143 Nonnunquam
2831 4074 2975 4128 enim
3029 4075 3120 4143 qui
3155 4073 3331 4139 dant,
3385 4073 3698 4127 mercedem

2111 4180 2217 4218 non
2249 4164 2450 4218 habent
2477 4204 2493 4230 ,
2547 4172 2803 4233 tanquam
2835 4163 3083 4217 dederint
3117 4184 3127 4217 :
3161 4165 3253 4236 qui
3285 4174 3460 4216 autem
3496 4178 3699 4230 propo-

2111 4263 2362 4319 suerunt,
2393 4269 2556 4324 super
2585 4256 2796 4309 dantes.
2826 4253 2968 4320 Quid
2995 4253 3140 4307 enim
3185 4254 3230 4306 si
3283 4255 3373 4306 dat
3399 4254 3596 4322 aliquis
3646 4265 3698 4306 et

2112 4344 2469 4400 murmurat?
2507 4344 2635 4412 quid
2712 4344 2756 4396 si
2809 4344 3050 4412 przebet,
3101 4343 3304 4412 pigrior
3337 4353 3516 4396 autem
3568 4341 3702 4395 est?

2112 4434 2249 4500 Quid
2287 4445 2468 4489 autem
2502 4436 2546 4490 si
2604 4450 2709 4490 non
2773 4434 2941 4489 habet
2992 4433 3112 4501 quis
3140 4474 3154 4497 ,
3207 4433 3322 4486 vult
3375 4433 3602 4486 tamen?
3644 4442 3701 4485 ut
3736 4479 3740 4482 η

424 4526 641 4592 Christi,
663 4529 792 4596 quia
834 4538 1047 4597 propter
1077 4544 1170 4582 nos
1197 4527 1345 4596 inaps
1380 4527 1550 4595 {actus
1587 4537 1661 4580 est
1697 4543 1814 4580 cum
1867 4535 2005 4580 esset
2041 4550 2084 4604 ι)
2113 4527 2573 4594 quemadmodum
2613 4534 2895 4594 promptus
2945 4532 3029 4577 est
3053 4565 3068 4589 ,
3107 4524 3322 4592 inquit,
3356 4523 3572 4576 animus
3602 4536 3701 4574 vo-

426 4619 588 4682 dives,
621 4628 676 4670 ut
708 4616 1058 4686 illiusinopia
1082 4634 1168 4672 vos
1191 4618 1376 4671 divites
1397 4618 1594 4671 essetis.
1628 4616 1684 4671 Si
1723 4618 1838 4672 hzec
1872 4617 2011 4672 Deus

429 4717 648 4776 propter
679 4709 947 4778 homines,
975 4724 1078 4763 nec
1103 4708 1362 4776 :equalia;
1407 4708 1451 4762 si
1482 4718 1659 4762 tamen
1697 4717 1783 4762 est
1812 4708 2015 4776 aliquid

427 4800 658 4870 aiquale.
695 4798 829 4866 Quis
855 4802 997 4854 enim
1028 4809 1272 4855 nostrum
1304 4809 1481 4871 potest
1514 4816 1542 4853 a
1569 4800 1677 4854 Deo
1714 4801 1824 4871 (17)
1856 4801 2017 4856 homo

429 4893 543 4946 ﬂeri
573 4891 599 4946 1
630 4892 707 4946 lla
739 4891 882 4945 enim
915 4890 1068 4946 lieret
1107 4891 1332 4960 mquale,
1385 4893 1430 4945 si
1469 4901 1649 4947 tamen
1680 4901 1734 4946 et
1765 4907 1898 4946 crux
1930 4907 2018 4948 se-

428 4994 690 5052 queretur
749 4983 839 5036 tali
884 4990 1098 5037 natura.
1155 4982 1220 5036 Et
1270 4983 1443 5038 teneri
1476 4984 1618 5038 enim
1651 5023 1666 5048 ,
1699 4992 1751 5037 et
1800 4993 2014 5053 sputum

430 5074 700 5143 accipere.
725 5081 781 5127 et
815 5072 987 5138 illudi,
1019 5082 1075 5127 et
1104 5072 1482 5138 condemnari,
1509 5083 1564 5128 et
1583 5073 1742 5137 mori,
1775 5073 2016 5128 debitum

429 5166 650 5232 quidem
688 5174 899 5219 tantum
953 5172 1172 5234 poterat
1227 5178 1350 5219 esse
1386 5179 1401 5220 :
1444 5164 1560 5220 haec
1614 5173 1794 5219 autem
1841 5165 2022 5219 dimit-

433 5270 574 5321 tens,
607 5265 662 5310 et
713 5272 868 5311 suam
902 5257 1129 5327 gloriam
1173 5256 1511 5311 abscondens
1539 5297 1553 5318 ,
1581 5257 1878 5327 assumpsit
1924 5273 2022 5311 no-

433 5356 602 5403 stram
635 5347 1059 5419 ignobilitatem,
1090 5349 1376 5403 nobiscum
1411 5347 1713 5415 ambulans,
1743 5349 2024 5404 nobiscum

506 5531 549 5562 ⁶¹
579 5531 763 5587 llCor.
797 5549 913 5598 vm,
934 5533 987 5586 5.
1055 5535 1100 5566 ⁸³
1144 5534 1275 5588 ibid.
1303 5532 1356 5586 6.

439 5598 482 5630 “
517 5600 648 5656 ibid.
690 5601 776 5656 12.

512 5692 624 5753 (14)
656 5691 984 5745 Claritatem.
1015 5695 1180 5748 Forte
1201 5695 1534 5746 charitatem.

516 5757 628 5826 (15)
659 5760 840 5823 Atque.
877 5761 1036 5814 Forte
1067 5766 1132 5813 ad
1161 5781 1220 5815 ea
1247 5779 1387 5827 qum.

523 5827 634 5896 (16)
659 5828 1002 5896 Λνῡίγεσθαὶι,
1035 5831 1087 5884 id
1118 5841 1220 5895 est,
1254 5831 1454 5885 [oculos
1487 5831 1712 5899 aperire

1434 5531 1479 5564 ⁵³
1507 5532 1633 5589 ibid.
1657 5535 1708 5587 7.
1775 5535 2041 5590 ³³11)ἰ‹1.8.

2117 4618 2340 4672 luntatis
2365 4657 2379 4682 ,
2430 4617 2504 4670 ita
2541 4626 2596 4671 et
2631 4616 2929 4685 perﬁciatis
2963 4630 3027 4668 ex
3069 4629 3135 4668 eo
3185 4615 3326 4682 quod
3377 4614 3608 4668 habetis.
3645 4611 3706 4666 Si

2117 4709 2254 4762 enim
2305 4707 2558 4761 alacritas
2589 4707 2858 4775 proposita
2892 4716 3007 4770 est;
3059 4715 3113 4757 ut
3165 4720 3230 4758 ea:
3270 4722 3327 4758 eo
3375 4707 3515 4772 quod
3550 4706 3704 4759 habet

2120 4800 2230 4865 det,
2258 4810 2471 4869 accepta
2499 4809 2574 4853 est
2603 4798 2646 4830 ⁶¹
2677 4817 2690 4852 :
2719 4809 2927 4851 tantum
2977 4805 3258 4866 promptus
3289 4799 3502 4851 animus
3524 4798 3614 4860 sit,
3651 4807 3708 4851 et

2123 4899 2318 4944 caetera
2351 4899 2649 4957 sequuntur
2676 4904 2782 4941 non
2812 4903 2876 4942 ex
2909 4903 2972 4942 eo
3005 4891 3146 4956 quod
3183 4903 3287 4940 non
3321 4888 3501 4941 habet.
3538 4887 3708 4941 Nemo

2125 4983 2290 5048 enim,
2348 4980 2546 5050 inquit,
2581 4980 2776 5049 quaerit
2807 4979 2948 5048 quod
2999 4995 3102 5034 non
3152 4979 3320 5033 babes
3345 5019 3358 5042 ,
3422 4978 3515 5032 sed
3545 4993 3610 5031 ex
3645 4993 3709 5033 eo

2127 5076 2269 5143 quod
2299 5075 2490 5129 habes.
2522 5071 2638 5127 Non
2674 5075 2816 5127 enim
2840 5073 2943 5126 hoc
2965 5083 3070 5134 est,
3108 5071 3303 5140 inquit,
3335 5071 3477 5138 quod
3509 5073 3709 5139 quieri-

2131 5175 2218 5220 tur
2240 5182 2268 5220 a
2309 5166 2485 5232 nobis,
2518 5177 2578 5220 ut
2606 5180 2704 5219 vos
2745 5165 2960 5234 quidem
2991 5162 3350 5225 evacuemiui,
3387 5161 3476 5214 alii
3530 5172 3711 5215 autem

2130 5258 2392 5312 ditentur.
2421 5255 2545 5310 Non
2566 5256 2704 5311 enim
2737 5268 2791 5309 ut
2828 5256 2948 5308 aliis
2979 5255 3340 5324 refrigerium,
3368 5252 3510 5305 vobis
3538 5263 3713 5307 autem

2132 5348 2404 5403 tribulatio
2439 5347 2504 5401 sit
2536 5363 2553 5400 :
2584 5348 2676 5400 sed
2710 5346 2998 5400 secundum
3023 5344 3405 5415 (equalitatem,
3440 5342 3636 5410 inquit,
3659 5343 3714 5394 in

2118 5535 2163 5566 ⁸⁸
2197 5531 2327 5586 ibid.
2357 5531 2411 5584 9.
2489 5529 2532 5558 "
2566 5527 2694 5582 ibid.
2755 5527 2801 5557 ⁸⁸
2832 5523 2960 5578 ibid.
2994 5521 3075 5575 10.
3132 5521 3176 5551 ⁸³
3215 5518 3343 5573 ibid.
3390 5519 3434 5549 ⁶⁰
3468 5517 3595 5572 ibid.
3626 5515 3714 5570 11.

2218 5689 2328 5759 (17)
2362 5689 2417 5743 ld
2440 5696 2541 5750 est,
2563 5700 2634 5759 ex
2673 5687 2802 5759 l_)eo,
2837 5684 2944 5736 ἀπὸ
2982 5685 3139 5759 Θεοῦ,

2218 5749 2328 5829 (18)
2366 5760 2467 5812 Aut
2495 5749 2640 5812 velle.
2674 5755 2836 5811 Forte
2869 5769 3025 5820 quant
3055 5753 3203 5820 velle,
3237 5752 3268 5822 ἦ
3295 5749 3489 5804 θέλειν.
