4134 6450
368 406 503 469 Η.ὓὸ

1603 412 1691 470 DE
1732 416 2075 474 OPEllliiUS
2116 420 2336 479 BONIS.

3494 436 3515 490 l
3528 436 3633 493 206

362 526 606 596 pra-senti
635 536 861 592 tempore
892 526 957 579 δ’.
999 524 1111 579 Non
1144 567 1157 590 ,
1213 528 1386 595 inquit
1418 568 1431 593 ,
1467 529 1570 584 hoc
1608 530 1729 587 dico
1755 573 1770 597 ,
1808 534 1943 587 Date
1976 538 2018 593 A
2050 535 2226 587 dinem
2259 546 2496 589 nostram
2524 537 2588 591 ⁸⁷.
2615 536 2669 590 In
2716 552 2817 605 qua
2852 553 2909 593 re
2936 540 3015 595 sic
3043 556 3140 597 nos
3168 545 3517 611 arctavinms,
3551 568 3621 604 uc

362 620 542 672 omnia
571 634 690 684 qua:
723 618 931 673 habetis
961 657 976 683 ,
1022 628 1076 671 et
1105 634 1199 673 vos
1232 621 1503 676 clﬁciuiiui
1542 639 1811 693 pauperes
1839 666 1853 688 ,
1894 638 1949 680 et

363 710 500 764 alios
525 712 711 764 (litate.
753 710 857 765 Sed
899 714 1027 779 quid
1061 715 1193 765 aio?
1224 716 1321 779 Qui
1353 714 1515 768 habet
1548 718 1680 769 duas
1715 718 1944 785 tunicas,

365 806 558 859 habeat
607 822 768 859 unam
797 846 811 871 ,
840 805 931 858 det
964 815 1142 858 autem
1178 823 1283 859 non
1322 808 1541 861 habenti
1589 823 1773 869 unam,
1810 822 1860 862 et
1890 810 1949 862 lit

362 898 661 962 aequalitas.
724 896 824 949 Sed
857 913 920 949 ex
960 899 1283 963 aequalitate.
1327 898 1539 965 inquit,
1593 901 1647 951 in
1701 900 1947 966 prtesenti

363 993 612 1051 tempore.
667 985 722 1039 in
787 988 1059 1052 prmscnti,
1124 988 1311 1053 iuqttit,
1350 989 1452 1042 vita
1496 1000 1670 1042 vestra
1707 992 1948 1044 abundat

362 1077 429 1129 ad
463 1078 671 1130 illormu
707 1078 964 1144 inopiam.
993 1078 1092 1144 Qui
1130 1079 1311 1142 habet,
1364 1081 1536 1150 inquit
1563 1123 1576 1146 ,
1629 1082 1761 1135 duas
1794 1083 1942 1135 tuni-

363 1185 476 1234 cas,
504 1188 662 1225 unam
710 1172 1035 1241 superﬂuam
1060 1215 1074 1237 ,
1122 1174 1167 1227 is
1199 1177 1288 1242 qui
1326 1193 1423 1229 nec
1458 1193 1614 1229 uuam
1648 1178 1807 1232 habet
1838 1196 1943 1233 non

365 1260 610 1324 l'raudet;
642 1275 696 1315 ut
731 1279 833 1315 una
876 1275 961 1316 tua
1014 1264 1281 1333 superﬂua
1336 1284 1437 1319 nou
1479 1270 1550 1322 sit
1580 1269 1674 1321 tibi
1721 1271 1942 1335 inutilis,

362 1350 456 1404 sed
495 1351 581 1405 fiat
613 1354 719 1405 alio
753 1354 912 1407 utilis.
939 1353 1037 1407 Sea
1063 1372 1126 1408 ea:
1144 1358 1441 1425 a'qttalitate
1474 1360 1527 1411 in
1549 1363 1792 1426 pra'senti
1822 1374 1947 1415 tem-

363 1456 488 1507 pore
513 1452 682 1495 vestra
728 1446 1053 1497 abundantia
1076 1447 1311 1513 suppleat
1354 1448 1565 1501 illorum
1603 1452 1830 1518 inopiam
1866 1454 1948 1505 5’:

364 1529 469 1585 hoc
499 1542 580 1583 est
606 1571 621 1594 ,
658 1535 896 1586 ahumlat
942 1536 1025 1588 his
1059 1538 1147 1604 qui
1180 1554 1243 1590 ex
1277 1541 1527 1607 gentibus
1553 1552 1678 1595 sunt
1717 1562 1729 1595 :
1766 1544 1945 1598 mitta-

364 1631 452 1674 tur
485 1623 569 1676 his
593 1624 683 1690 qui
727 1636 853 1678 sunt
897 1627 1038 1694 apud
1070 1626 1310 1682 Judteam
1338 1672 1353 1692 ,
1386 1633 1476 1700 qui
1526 1644 1750 1702 propter
1776 1635 1937 1690 Chri-

361 1722 503 1767 stum
536 1716 965 1782 persecutionem
996 1719 1264 1773 sustinent
1294 1743 1304 1773 :
1341 1734 1393 1775 ut
1444 1736 1491 1776 et
1529 1725 1743 1779 illorum
1777 1730 1945 1780 abun-

361 1804 568 1867 dantia,
600 1806 825 1875 spiritus
860 1817 1047 1875 utpote
1078 1812 1270 1879 gratia,
1304 1812 1371 1866 sit
1396 1816 1461 1868 ad
1492 1827 1684 1869 vestra:
1707 1817 1941 1883 inopiam

2054 625 2180 691 quis
2216 640 2314 681 nos
2347 626 2619 692 vituperet
2653 628 2703 681 in
2750 630 2851 683 hac
2895 631 3250 700 amplitudine
3300 651 3420 704 qua:
3472 639 3634 692 mini-

2052 722 2258 766 stratur
2311 731 2407 784 per
2458 733 2578 772 nos.
2628 719 2762 785 Quia
2801 720 2944 773 enim
3007 722 3258 791 colligere
3308 728 3569 792 pecunias
3604 746 3633 781 a

2049 801 2311 859 fratribus
2334 818 2585 876 acceptas
2615 808 2901 862 videbatur
2918 810 3073 862 malis
3099 813 3464 881 SuSpicionem
3482 816 3631 879 dare,

2050 888 2183 942 dicit
2209 893 2329 945 ideo
2369 896 2490 959 quia
2523 897 2867 951 sollicitiores
2897 898 3159 965 eligentes
3191 902 3434 956 misimus
3462 920 3475 956 :
3506 907 3631 972 quia

2048 982 2429 1051 circumspecti
2460 985 2659 1040 luimus
2698 1004 2762 1040 ne
2802 989 2923 1056 quis
2952 992 3371 1054 reprehenderet
3405 993 3455 1046 id
3488 997 3631 1062 quod

2050 1074 2251 1138 liebat;
2294 1092 2362 1128 ne
2389 1080 2510 1145 quis
2533 1076 2699 1133 Judas
2727 1082 2981 1133 inventus
3006 1080 3303 1148 iuraretur,
3333 1094 3388 1137 et
3416 1088 3632 1155 vitupe-

2048 1177 2195 1219 rat-et
2245 1169 2601 1222 ministerium
2648 1183 2912 1226 nostrum.
2964 1172 3306 1227 Praiidemus
3341 1177 3476 1227 enim
3512 1192 3630 1245 qua:

2049 1257 2182 1310 bona
2213 1270 2356 1323 sunt,
2401 1277 2502 1313 non
2548 1274 2752 1315 tantum
2787 1282 2963 1318 coram
3023 1266 3128 1319 Deo
3178 1266 3266 1334 qui
3297 1268 3447 1319 novit
3499 1283 3631 1321 cou-

2047 1354 2351 1416 scientiaui,
2394 1354 2485 1406 sed
2527 1365 2573 1407 et
2601 1372 2781 1409 coram
2835 1358 3133 1411 hominibus
3165 1360 3209 1390 ⁸⁸
3244 1378 3257 1412 :
3294 1367 3350 1411 ut
3387 1374 3453 1411 ne
3484 1360 3627 1426 quis,

2049 1441 2243 1507 inquit,
2274 1447 2613 1497 occasionem
2659 1448 2933 1513 acciperet
2964 1448 3335 1511 vituperandi.
3381 1447 3627 1500 Misimus

2049 1542 2220 1583 autem
2264 1547 2380 1583 cum
2417 1533 2523 1585 illis
2556 1543 2602 1585 et
2639 1534 2860 1601 fratrem
2894 1550 3158 1599 nostrum,
3191 1555 3349 1606 quem
3383 1542 3630 1607 probavi-

2048 1635 2162 1676 mus
2190 1625 2244 1676 in
2278 1625 2457 1679 multis
2506 1644 2641 1695 sa’pe
2688 1630 2977 1683 sollicitum
3009 1631 3218 1683 esset”.
3252 1632 3444 1685 Statim
3482 1632 3625 1687 enim

2049 1713 2138 1778 qui
2186 1713 2421 1766 dedisset
2451 1719 2708 1783 pecunias
2749 1728 2961 1787 poterat
3020 1735 3139 1774 esse
3185 1732 3469 1789 suspectus
3501 1723 3627 1791 quia

2049 1804 2140 1870 qui
2175 1803 2370 1873 accipit
2406 1805 2666 1866 lucratur.
2697 1820 2751 1862 et
2780 1825 2884 1862 nou
2922 1809 3128 1879 perfert
3160 1815 3225 1865 ad
3268 1827 3379 1865 rem
3412 1814 3478 1866 ad
3506 1828 3629 1881 quae

362 1894 508 1959 (mei,
537 1904 595 1949 ut
622 1896 714 1950 tia:
752 1900 1035 1966 aequalitas
1061 1918 1073 1953 ;
1104 1916 1199 1955 vos
1229 1917 1293 1956 εχ
1324 1904 1410 1957 m3
1440 1921 1559 1972 quae
1591 1908 1804 1960 habetis
1846 1922 1932 1975 pe.
1977 1898 2017 1956 Β
2048 1895 2216 1959 dedit,
2241 1910 2293 1949 et
2322 1897 2526 1966 pigrior
2557 1898 2978 1956 eﬂiciebaturad
3014 1902 3247 1955 dandum
3279 1922 3294 1957 :
3327 1905 3447 1958 ideo
3480 1921 3629 1959 com-

361 1990 556 2053 cuniis,
584 1991 657 2043 illi
688 2004 753 2043 ex
781 1993 982 2060 quibus
1003 1993 1201 2047 habent
1232 1997 1409 2050 donis.
1436 1996 1730 2053 Etillorutn
1762 2001 1939 2071 inopia

360 2080 660 2147 replebitur
700 2091 880 2135 vestra
910 2084 1285 2155 abundantia;
1320 2100 1494 2141 vestra
1544 2101 1721 2143 autent
1760 2094 1939 2163 inopia

362 2165 689 2221 abundantia
732 2168 802 2223 sit
828 2171 1067 2235 illortttn,
1104 2184 1160 2224 ut
1198 2176 1287 2227 liat
1315 2177 1630 2244 aequalitas;
1686 2184 1941 2249 pecunia-

360 2272 481 2311 rum
515 2259 731 2327 quidem
761 2275 789 2313 a
830 2263 983 2316 vobis
1013 2264 1065 2317 in
1096 2265 1233 2330 illos,
1268 2267 1622 2324 donationum
1665 2283 1841 2327 autem
1872 2277 1941 2329 ab

360 2345 467 2397 illis
502 2346 553 2399 in
590 2363 683 2399 vos
707 2389 724 2412 ,
762 2351 895 2403 sicut
951 2354 1201 2417 scriptum
1237 2366 1311 2408 est
1353 2372 1372 2410 :
1407 2357 1510 2423 Qui
1549 2362 1807 2428 mit/tum,
1838 2381 1939 2419 non

361 2438 685 2499 abundavit;
725 2449 771 2490 ει
803 2440 891 2507 qui
929 2442 1214 2504 modicum,
1248 2462 1350 2497 non
1382 2448 1552 2513 defuit
1576 2452 1657 2502 illi
1690 2452 1755 2503 ⁸⁸.
1795 2454 1940 2508 Scri-

359 2535 508 2593 ptum
543 2536 647 2589 est,
676 2530 798 2597 quia
838 2532 1089 2598 populus,
1126 2535 1251 2586 dum
1294 2538 1574 2591 transisset
1607 2557 1776 2604 mare,
1801 2553 1943 2596 esset

360 2613 415 2667 iu
451 2616 709 2681 deserto,
758 2628 814 2671 et
864 2634 1037 2687 neque
1094 2622 1388 2677 seminaret
1446 2641 1623 2694 neque
1675 2640 1937 2694 meteret;

360 2704 505 2759 Deus
554 2709 784 2762 reddens
830 2712 997 2764 vicem
1052 2712 1190 2779 patri
1238 2730 1425 2768 eorum
1459 2717 1736 2772 Abraham
1771 2761 1786 2785 ,
1843 2739 1941 2791 pro

359 2810 544 2850 mensa
577 2799 780 2853 scilicet
815 2801 902 2854 illa
945 2818 1063 2870 quae
1092 2815 1374 2874 susceptos
1402 2808 1625 2877 angelos
1651 2813 1812 2877 pavit,
1842 2828 1942 2881 pro

360 2900 498 2955 pane
541 2889 685 2955 quod
714 2893 917 2961 angelis
940 2896 1209 2961 apposuit,
1242 2910 1436 2963 panem
1469 2901 1781 2966 angelorum
1803 2920 1940 2972 prte-

363 2978 478 3029 buit
510 2980 631 3034 liliis
657 2983 891 3036 Abrahae
918 3024 932 3048 ,
971 3000 1068 3052 pro
1098 3001 1161 3039 eo
1192 2992 1333 3056 quod
1368 2992 1480 3059 ipse
1511 2994 1717 3060 angelis
1749 3012 1940 3062 panem

360 3071 638 3125 hominum
688 3075 739 3126 iu
800 3081 1143 3145 susceptione
1206 3094 1558 3149 opposuerat.
1621 3086 1725 3140 Isto
1779 3089 1944 3157 igitur

360 3160 536 3216 fructu
587 3180 796 3218 manna:
846 3167 1155 3223 adVenieuti
1204 3171 1270 3223 de
1308 3173 1449 3226 cmlo
1494 3175 1679 3228 exibat
1713 3178 1941 3247 pupulus

359 3252 617 3320 colligens
639 3266 830 3322 parata
875 3272 973 3324 pro
1006 3272 1166 3311 cursu
1194 3260 1427 3313 Abrahze
1457 3266 1743 3318 ctsudore.
1780 3267 1940 3320 Colli-

360 3354 548 3411 gentes
577 3355 756 3397 autem
802 3356 858 3398 ut
885 3346 1054 3400 Judaei
1088 3363 1191 3400 non
1229 3348 1569 3404 suliiciebant
1602 3354 1653 3405 in
1689 3371 1938 3409 mensura

360 3446 479 3497 quae
533 3431 748 3487 fuerant
782 3448 1050 3503 praecepta
1081 3438 1338 3506 colligere
1367 3480 1381 3503 ,
1425 3443 1519 3493 sed
1574 3442 1793 3509 quidam
1822 3459 1938 3496 am-

361 3522 526 3589 plius,
554 3523 643 3575 alii
688 3527 865 3579 minus
892 3528 1221 3591 colligebant
1249 3544 1483 3597 manna;
1533 3532 1812 3586 venientes
1840 3550 1935 3586 au-

361 3623 465 3663 tem
491 3623 547 3665 ut
576 3627 975 3682 meusurarent,
1009 3621 1073 3671 ad
1108 3620 1480 3687 aequalitatem
1528 3623 1941 3677 addurclnintur

358 3702 535 3756 inviti.
571 3703 669 3770 Qui
707 3706 850 3758 enim
883 3710 1035 3775 plura
1070 3710 1361 3779 collegerat
1408 3713 1459 3766 iu
1504 3728 1773 3777 mensura,
1820 3731 1938 3767 am-

360 3794 499 3860 plius
524 3810 627 3848 non
659 3797 893 3852 habebat
922 3815 936 3863 ;
967 3804 1055 3867 qui
1104 3812 1283 3855 autem
1334 3805 1533 3866 minus,
1568 3804 1702 3857 nihil
1732 3805 1940 3858 minue-

358 3884 519 3936 batur
549 3901 668 3938 cum
709 3899 1110 3943 mensurarcnt.
1173 3891 1277 3945 lsta
1332 3894 1496 3962 igitur
1531 3896 1942 3962 comparatione

356 3983 658 4043 opportune
688 3992 816 4031 usus
847 3988 930 4033 est
961 3980 1252 4048 Apostolus
1282 3982 1494 4047 dicens,
1526 3984 1658 4037 sicut
1689 3986 1942 4053 scriptum

357 4074 433 4121 cst
464 4081 482 4118 :
519 4065 623 4130 Qui
663 4068 910 4131 multum,
947 4086 1049 4123 non
1099 4074 1424 4138 abundavit;
1468 4085 1518 4128 et
1541 4077 1631 4143 qui
1656 4076 1941 4139 modicum,

358 4172 463 4209 non
504 4158 671 4225 defuit
706 4159 807 4213 illi.
839 4160 940 4225 Qui
993 4163 1137 4215 enim
1190 4165 1415 4218 multum
1470 4165 1687 4233 collegit
1723 4181 1940 4229 manna,

358 4263 466 4301 non
503 4249 835 4315 abundavit;
872 4256 1236 4308 mensurando
1267 4258 1408 4309 enim
1466 4256 1532 4309 ad
1582 4256 1941 4323 mqualitatem

358 4339 510 4392 venit
544 4350 637 4394 :et
668 4342 759 4410 qui
810 4344 1082 4397 modicum
1124 4345 1354 4414 collegit
1384 4385 1400 4410 ,
1448 4361 1552 4399 non
1594 4345 1763 4399 deluit
1813 4346 1887 4399 illi
1924 4364 1937 4413 ;

1924 4389 1939 4413 θ

360 4431 485 4485 dum
515 4444 928 4489 mcusuraretur
953 4436 1119 4497 enim,
1147 4436 1456 4505 replebatur
1487 4439 1533 4490 ei
1565 4440 1706 4507 quod
1738 4439 1940 4493 deerat.

2048 1986 2266 2038 meudat
2297 2001 2394 2040 eos
2419 1987 2509 2054 qui
2546 1990 2695 2043 missi
2721 1999 2867 2053 sunt,
2905 2000 2963 2043 ut
2998 2006 3101 2044 non
3128 1992 3500 2046 destrueretur
3531 1994 3629 2047 do-

2044 2076 2289 2129 nantium
2334 2077 2613 2133 alacritas.
2660 2079 2908 2133 Misimus
2959 2092 3133 2133 autem
3162 2122 3176 2143 ,
3222 2083 3340 2145 ait,
3371 2100 3489 2135 cum
3523 2084 3630 2138 illis

2043 2168 2260 2236 fratrem
2306 2181 2542 2222 nostrum
2583 2186 2737 2237 quem
2781 2171 3116 2236 probavimus
3170 2173 3224 2223 in
3278 2174 3455 2223 multis
3494 2189 3631 2238 saepe

2042 2256 2331 2309 sollicitum
2370 2273 2503 2320 esse,
2540 2274 2679 2309 nunc
2714 2270 2889 2310 autem
2917 2257 3281 2310 sollicitiorem
3313 2259 3629 2324 conﬁdentia

2043 2348 2207 2401 multa
2238 2350 2289 2400 in
2324 2365 2434 2411 vos,
2460 2349 2566 2402 sive
2589 2365 2683 2417 pro
2718 2348 2837 2401 Tito
2868 2350 3060 2410 quiest
3096 2350 3274 2402 socius
3305 2366 3447 2402 meus
3495 2358 3542 2401 et
3577 2350 3629 2401 in

2044 2442 2183 2494 vobis
2207 2442 2428 2510 adjutor
2472 2443 2537 2495 ad
2579 2457 2816 2508 pra‘seus
2846 2442 3205 2503 ministerium
3234 2484 3248 2507 ,
3274 2445 3381 2497 sive
3436 2445 3630 2511 fratres

2044 2531 2208 2581 nostri
2241 2530 2461 2595 apostoli
2494 2529 2853 2582 Ecclesiarum
2882 2530 3067 2599 gloriae
3104 2529 3324 2585 Christi.
3356 2531 3495 2600 Ergo
3521 2549 3628 2585 non

2044 2638 2140 2676 vos
2168 2623 2344 2692 pigeat
2379 2624 2444 2676 ad
2470 2625 2914 2685 ostentationem,
2943 2638 3063 2692 qua:
3082 2626 3154 2676 sit
3180 2623 3421 2679 charitas
3450 2634 3629 2679 vestra

2042 2722 2096 2765 et
2127 2722 2307 2765 nostra
2339 2696 2510 2779 glori?)
2540 2730 2635 2781 pro
2660 2715 2857 2768 vobis.
2894 2714 3301 2771 Praevenieutes
3335 2716 3503 2782 enim,
3546 2715 3631 2769 in-

2044 2803 2185 2870 quit,
2223 2802 2436 2871 gloriati
2487 2819 2676 2858 sumus
2712 2807 2763 2858 in
2798 2806 2919 2860 illos
2946 2808 3297 2860 ostendentes
3350 2808 3400 2859 in
3435 2806 3628 2860 faciem

2046 2893 2415 2947 Ecclesiarum
2458 2916 2468 2949 :
2496 2905 2551 2947 et
2582 2897 2827 2949 homines
2851 2898 3068 2964 quidem
3097 2898 3520 2951 commendavit.
3557 2897 3633 2951 De

2051 2984 2167 3050 ipso
2224 2992 2404 3036 autem
2459 2983 2675 3049 negotio
2707 2985 3001 3037 exhortans
3044 3000 3137 3036 eos
3166 2986 3339 3039 dicit:
3377 2986 3516 3038 Nam
3568 2987 3635 3039 de

2016 3072 2338 3123 Aministerio
2369 3072 2509 3139 quod
2540 3074 2597 3139 ﬁt
2634 3072 2687 3124 in
2731 3082 2944 3124 sanctos
2981 3073 3130 3140 ipsos
3166 3073 3256 3141 qui
3310 3083 3465 3125 erant
3493 3074 3633 3142 apud

2047 3160 2480 3230 Hierosolymam
2505 3201 2520 3226 ,
2551 3177 2616 3214 ca:
2647 3162 2943 3214 abundanti
2990 3171 3064 3215 est
3111 3162 3240 3213 mihi
3286 3163 3513 3215 scribere
3543 3179 3637 3215 vo-

2046 3254 2125 3304 bis
2157 3251 2222 3305 ”.
2247 3251 2358 3305 Cur
2386 3267 2449 3304 ex
2487 3251 2781 3304 abundanti
2807 3251 2831 3300 ἲ
2864 3250 2989 3301 Scio
3026 3253 3161 3302 enim
3197 3263 3492 3315 promptum
3510 3256 3632 3305 ani-

2044 3358 2185 3391 mum
2216 3355 2459 3392 vestrum.
2492 3339 2662 3404 Quem
2695 3354 2798 3391 non
2834 3337 3009 3393 solmn
3038 3341 3171 3403 scio,
3205 3343 3298 3393 sed
3337 3353 3385 3393 et
3432 3346 3496 3394 de
3529 3358 3632 3409 quo

2042 3429 2242 3497 glorior
2260 3430 2322 3480 de
2342 3429 2481 3480 vobis
2505 3436 2645 3493 apud
2675 3426 3018 3509 Macedonas,
3041 3430 3167 3497 quia
3186 3429 3390 3481 Achaia
3416 3446 3631 3498 pra'pa-

2044 3529 2161 3570 rata
2189 3528 2262 3571 est
2294 3519 2356 3570 ab
2386 3534 2523 3570 anno
2553 3519 2749 3585 priore.
2787 3519 2854 3571 Et
2888 3532 2991 3570 non
3021 3519 3141 3571 dico
3172 3535 3297 3587 quia
3330 3520 3631 3573 secundum

2043 3609 2442 3662 {ciiiulatiouem
2495 3608 2849 3661 Macedonum
2906 3610 3115 3664 debetis
3155 3625 3251 3662 vos
3301 3609 3630 3676 adhortari;

2044 3701 2138 3755 sed
2175 3699 2447 3753 a’mulatio
2483 3710 2653 3753 vestra
2698 3710 2945 3767 provocat
2974 3700 3255 3767 plurimos.
3296 3699 3437 3766 Ergo
3465 3702 3634 3755 nolite

2047 3792 2159 3845 ﬁeri
2195 3790 2421 3845 secundi
2453 3791 2545 3843 sed
2582 3790 2741 3858 primi
2775 3830 2789 3855 ,
2843 3791 3104 3844 habentes
3145 3790 3519 3859 secundarios.
3574 3792 3631 3845 Si

2046 3884 2213 3953 igitur
2248 3898 2352 3935 nou
2397 3890 2481 3935 est
2510 3896 2734 3934 necesse
2780 3882 3047 3944 scribere,
3084 3881 3212 3950 quid
3250 3880 3421 3933 mittis
3455 3881 3478 3933 ?
3510 3881 3635 3934 Misi

2048 3985 2221 4027 autem
2249 3974 2478 4041 fratres,
2510 3988 2572 4024 ne
2601 3972 2655 4024 in
2679 3988 2738 4025 eo
2761 3974 2899 4040 quod
2927 3972 3223 4040 gloriamur
3244 3971 3307 4023 de
3335 3971 3637 4033 vobis,eva-

2045 4075 2228 4119 cuetur
2253 4067 2306 4116 in
2337 4064 2434 4115 hac
2458 4071 2648 4130 parte;
2681 4072 2757 4123 ut,
2781 4061 3227 4130 quemadmodum
3252 4062 3513 4128 dixeram,
3541 4078 3636 4132 pa-

2045 4158 2147 4211 rati
2174 4157 2286 4209 sitis
2308 4155 2373 4207 “.
2406 4154 2659 4208 Dubietas
2707 4154 2851 4207 enim
2885 4170 2898 4205 :
2931 4151 3033 4217 Ne,
3070 4154 3114 4205 si
3137 4155 3370 4205 venerint
3396 4192 3409 4216 ,
3438 4154 3634 4220 inquit,

2046 4265 2246 4302 mecum
2272 4245 2608 4310 Macedones,
2637 4257 2683 4299 et
2717 4245 3005 4298 invenerint
3040 4260 3129 4298 vos
3164 4246 3474 4312 imparatos,
3501 4262 3600 4297 con
3620 4275 3632 4286 -

2049 4339 2337 4407 fundantur
2383 4352 2521 4398 nos;
2554 4336 2825 4405 quomodo
2860 4350 2958 4388 nos
2989 4336 3079 4403 qui
3137 4336 3302 4389 fuerit
3347 4335 3633 4404 gloriatus,

2046 4442 2138 4484 aut
2167 4432 2379 4485 dicatur
2407 4430 2480 4483 ita
2509 4439 2563 4482 ut
2590 4445 2695 4481 non
2721 4429 2962 4481 dicamus
2990 4444 3077 4479 vos
3112 4428 3167 4479 in
3200 4428 3496 4481 substantia
3529 4428 3636 4480 ista

359 4521 436 4575 Ita
476 4530 531 4576 et
578 4538 723 4577 nunc
751 4524 845 4578 liat
894 4526 1175 4594 aequalitas
1215 4544 1280 4580 ex
1312 4542 1508 4581 manna
1537 4530 1639 4583 isto
1679 4530 1799 4582 lidei
1838 4549 1850 4582 :
1888 4538 1942 4584 et

2048 4521 2459 4593 gloriﬁcationis
2517 4520 2660 4573 dico.
2720 4517 3095 4571 Necessarium
3148 4533 3270 4583 ergo
3339 4518 3635 4570 existimavi

359 4612 558 4679 quibus
607 4614 884 4668 abundant
933 4630 1063 4681 opes
1095 4656 1109 4679 ,
1144 4616 1365 4669 mittant
1397 4617 1480 4671 bis
1510 4618 1599 4685 qui
1649 4617 1892 4685 indigent
1925 4634 1939 4670 :

361 4702 556 4770 quibus
580 4712 760 4757 autem
789 4706 1033 4759 abundat
1065 4709 1263 4774 gratia,
1291 4709 1698 4762 communicent
1734 4708 1817 4762 his
1851 4708 1943 4776 qui

363 4810 465 4847 non
489 4796 685 4850 habent
702 4798 949 4865 gratiam.
976 4796 1192 4852 Gratias
1210 4810 1383 4853 autem
1405 4801 1511 4854 Deo
1536 4802 1627 4869 qui
1652 4801 1796 4853 dedit
1812 4816 1947 4853 eant-

362 4894 477 4939 dem
514 4888 923 4943 sollicitudinem
964 4906 1058 4959 pro
1090 4893 1232 4945 vobis
1271 4896 1321 4945 in
1353 4897 1509 4946 corde
1548 4893 1655 4945 Titi
1688 4894 1730 4923 ⁵⁵
1770 4912 1780 4944 :
1814 4909 1946 4959 quo-

363 4980 505 5031 niam
541 4980 953 5034 exhortationem
979 4983 1189 5051 quidem
1235 4986 1461 5051 suscepit
1486 5001 1504 5047 ;
1533 4986 1622 5037 sed
1652 5000 1768 5037 cum
1796 4979 1952 5036 sollt‘n'

362 5069 519 5121 citior
546 5081 675 5122 esset
717 5074 780 5124 de
816 5074 959 5126 vobis
982 5114 995 5137 ,
1047 5074 1185 5127 ultro
1234 5076 1500 5143 profectus
1540 5088 1615 5127 est
1669 5076 1736 5126 ad
1768 5091 1853 5127 vos
1878 5074 1941 5127 ⁸⁸.

363 5156 553 5211 Omnia
597 5158 757 5223 ultro,
815 5161 1138 5216 Macedones
1170 5164 1332 5228 ultro,
1367 5164 1520 5218 Titus
1556 5164 1717 5217 ultro.
1768 5161 1947 5216 Eiiici-

364 5248 519 5315 mini,
570 5250 768 5319 inquit,
799 5262 854 5306 et
889 5268 986 5307 vos
1017 5253 1179 5308 ultro.
1220 5254 1352 5310 Post
1379 5256 1493 5310 hazc
1519 5265 1699 5310 autem
1734 5255 1862 5308 dicit
1890 5264 1943 5308 et

365 5355 523 5406 quem
549 5357 672 5396 cum
720 5342 909 5397 eodem
947 5346 1180 5409 miserit,
1221 5355 1274 5400 et
1307 5345 1533 5402 laudans
1556 5362 1651 5402 eos
1700 5348 1945 5401 testimo-

366 5432 471 5483 niis
503 5437 891 5492 commendans
915 5455 1051 5509 quos
1085 5440 1330 5502 miserat,
1358 5442 1504 5495 addit
1540 5455 1555 5495 :
1587 5440 1653 5493 In
1687 5441 1786 5493 hac
1822 5455 1945 5507 gra—

365 5524 441 5574 tia
474 5526 812 5582 ministratur
834 5548 926 5599 per
962 5548 1055 5588 nos
1086 5537 1139 5587 in
1184 5535 1410 5605 gloriam
1434 5534 1555 5601 Dei,
1598 5544 1645 5588 et
1681 5532 1945 5588 sollicitu-

441 5722 958 5799 "IICOr.vttt.13,
996 5738 1077 5791 ιι.
1156 5737 1489 5792 ⁶³ἰι)ἰι1.22.
1598 5736 1920 5790 “tritus.

2051 4630 2237 4682 rogare
2263 4612 2452 4678 fratres
2476 4622 2530 4663 ut
2559 4621 2776 4679 pergant
2812 4609 2881 4662 ad
2909 4625 3018 4675 vos,
3072 4618 3118 4662 et
3165 4616 3461 4676 prwparent
3510 4616 3635 4660 ante

2051 4706 2371 4775 promissam
2422 4702 2832 4755 benedictionem
2892 4716 2994 4752 non
3043 4699 3195 4767 quasi
3252 4699 3532 4751 avaritiam
3562 4698 3631 4749 ⁷⁸.

2054 4799 2154 4864 Qui
2190 4797 2335 4852 enim
2374 4797 2488 4859 dat,
2532 4794 2729 4861 accipit
2758 4791 2965 4860 magis;
3000 4800 3053 4845 et.
3099 4790 3189 4858 qui
3216 4789 3432 4843 videtur
3465 4788 3636 4842 dona-

2026 4906 2133 4955 .re,
2166 4887 2527 4943 benedicitur.
2557 4884 2922 4952 Prmparatatn
2956 4892 3139 4935 autem
3165 4897 3305 4943 esse,
3341 4880 3536 4948 inquit,
3559 4880 3633 4932 ita

2051 4989 2109 5036 ut
2134 4979 2565 5035 benedictionem
2596 4992 2702 5031 non
2732 4976 2888 5045 quasi
2937 4975 3244 5028 avaritiam.
3275 4970 3352 5024 Ne
3388 4972 3508 5039 quis
3536 4985 3636 5038 pu-

2053 5081 2149 5139 tet,
2183 5072 2278 5135 ait,
2310 5070 2588 5123 avaritiam
2618 5082 2738 5122 esse
2761 5068 2901 5135 quod
2926 5067 3189 5134 accipitur
3228 5065 3292 5116 ad
3320 5063 3626 5117 necessita-

2057 5172 2163 5216 tem
2198 5170 2530 5215 sanctorum.
2563 5157 2680 5211 Iloc
2709 5168 2887 5211 autem
2918 5158 3036 5210 dico
3071 5156 3318 5226 quoniam
3344 5157 3431 5223 qui
3478 5169 3634 5223 parce

2055 5254 2297 5316 sentiunt,
2334 5268 2491 5319 parce
2514 5260 2562 5304 et
2584 5259 2777 5304 metet:
2815 5250 2905 5313 qui
2938 5248 3159 5301 seminat
3192 5246 3627 5305 benedictionem,

2055 5345 2461 5399 benedictionem
2502 5351 2549 5395 et
2582 5352 2755 5395 metet.
2788 5340 3155 5408 Unusquisque
3193 5339 3327 5390 sicut
3359 5336 3633 5404 proposuit

2057 5438 2213 5491 corde
2243 5436 2406 5504 faciat
2432 5434 2501 5486 ⁷³.
2557 5432 2671 5486 Non
2700 5433 2845 5487 enim
2876 5432 3046 5484 virtus
3095 5444 3230 5497 opus
3255 5438 3367 5493 est,
3397 5428 3491 5480 sed
3522 5425 3637 5478 ani-

2059 5545 2179 5585 mus
2235 5535 2539 5597 promptus.
2598 5522 3061 5590 Quemadmodqu
3118 5534 3246 5590 ergo
3293 5519 3453 5573 debet
3512 5516 3636 5585 quis

2030 5738 2072 5769 ⁸⁸
2108 5736 2232 5791 ibid.
2278 5733 2360 5790 16.
2470 5735 2514 5765 5“
2556 5732 2684 5787 ibid.
2714 5733 2797 5785 17.
2876 5730 2917 5761 ⁶⁷
2945 5727 3075 5784 ibid.
3114 5726 3195 5782 l9.
3307 5724 3350 5755 ⁸⁸
3376 5721 3503 5780 ibid.
3540 5721 3633 5776 Si.

352 5804 695 5887 futue”.
776 5808 819 5840 το
852 5807 892 5862 ιι
944 5810 1065 5863 Cor.
1107 5807 1350 5875 ix,t,2.
1428 5807 1627 5865 “ibid.
1676 5808 1725 5861 δ.
1806 5807 1940 5861 "ibi

2046 5807 2090 5861 ‘5.
2169 5805 2213 5837 ⁷³
2247 5805 2377 5861 ibid.
2411 5804 2463 5857 6.
