4062 6400
1305 480 1395 490 _.._
1409 481 2908 504 .b

1333 632 2649 820 ΕΥΣΕΒΙΟΥ

2649 458 3610 532 Ἣ

1537 936 1766 1023 ΤΟΥ
1817 935 2421 1032 ΠΑΜΦΙΛΟΥ

944 1125 1260 1258 ΕΙΣ
1370 1130 1902 1266 ΤΟΥΣ

2007 1135 3000 1323 ΨΑΑΜΟΥΣ

1645 1363 1784 1417 ΑΠΟ
1820 1366 1947 1419 ΡΙΘ¹
1984 1369 2111 1424 ΕΩΣ
2146 1372 2273 1428 PN’.

1080 1707 1840 1894 EUSEBII
1924 1715 2845 1881 PAMPHILI

684 1995 2197 2141 COMMENTARIORUM
2277 2017 2442 2143 IN
2518 2017 3239 2157 PSALMOS

1710 2264 1749 2305 Α
1793 2264 1950 2309 cxxx
1991 2267 2076 2310 AD
2120 2269 2194 2312 CL
2269 2316 2277 2329 ,

933 2403 1335 2478 RELIQUUE
1375 2406 1903 2472 SUPERSTITES
1945 2412 2029 2474 IN
2072 2414 2490 2482 CODICIBUS
2533 2420 2983 2492 VATICANIS.

496 2562 603 2637 (Ex
632 2564 956 2623 Bibliotheca
981 2583 1114 2623 noua
1138 2566 1367 2624 Patrum
1402 2569 1699 2628 cardinalis
1730 2571 1938 2645 Angelo
1980 2575 2108 2645 MAI,
2140 2587 2180 2634 ι.
2224 2577 2314 2647 ιν,
2357 2596 2411 2651 p.
2445 2581 2536 2638 67.
2566 2582 2694 2657 Ejus
2722 2589 3098 2673 praefationem
3133 2601 3402 2670 superiori

1322 2670 1325 2673 λ
1658 2675 1804 2722 torno
1832 2672 2242 2745 praemisimus.)

864 2955 1157 3013 ΨΑΛΜΟΣ
1196 2959 1345 3015 ΡΙΘθ.

758 3047 899 3118 ’ῼδὴ
928 3048 1048 3102 τῶν
1079 3051 1455 3122 ἀναϐαθμῶν.

382 3136 446 3190 Οἱ
477 3139 879 3205 καταπεσόντες
910 3141 1019 3196 ἀπὸ
1064 3142 1172 3196 τῶν
1215 3142 1310 3197 τοῦ
1354 3144 1489 3199 Θεοῦ
1524 3145 1727 3212 καλῶν,
1756 3147 1892 3204 ἀνα-

310 3226 585 3283 σαίνουσιν
616 3232 707 3285 ἐπὶ
733 3231 924 3297 ταῦτα,
959 3236 1480 3306 παρασκευάσαντες
1514 3238 1593 3302 εἰς
1624 3240 1724 3310 τὴν
1757 3242 1892 3295 ἀνά-

1925 2971 1973 3027 Δ

2518 2973 2841 3034 PSALM‘US
2878 2976 3065 3038 CXIX.

2354 3065 2517 3123 Vens.
2551 3068 2601 3122 1.
2631 3068 2910 3125 Canticum
2941 3075 3223 3143 graduum.

2068 3154 2172 3222 Qui
2206 3170 2236 3210 a
2266 3156 2361 3212 Dei
2392 3159 2550 3215 bonis
2575 3162 2920 3230 exciderunt,
2945 3168 3012 3220 ad
3041 3167 3157 3224 htec
3187 3169 3366 3229 denuo
3391 3185 3574 3231 assur-

1993 3258 2148 3318 gunt,
2206 3250 2252 3305 si
2302 3252 2369 3306 ad
2423 3253 2734 3324 hujusmodi
2789 3259 3162 3315 ascensionem
3211 3273 3384 3321 semet
3417 3280 3568 3323 com-

308 3322 469 3377 εασιν
495 3324 747 3389 ἑαυτούς’
773 3325 871 3398 τὴν
897 3322 990 3381 οὖν
1013 3328 1366 3400 παρασκευὴν
1393 3328 1592 3394 ἱκανῶς
1620 3330 1873 3397 ἐπιδείξαι

1991 3343 2329 3410 paraverint.
2402 3322 2554 3402 Hanc
2615 3363 2745 3419 ergo
2814 3352 3265 3421 praeparationem
3338 3371 3451 3426 prae
3510 3374 3571 3415 se

308 3414 339 3466 ὁ
379 3416 687 3489 Ψαλμῳδὺς
733 3417 820 3472 διὰ
874 3418 969 3472 τοῦ
1021 3418 1239 3492 πρώτου
1288 3418 1503 3491 ψαλμοῦ
1550 3422 1759 3492 εἰσάγει
1791 3423 1890 3495 τὴν

308 3507 572 3563 ἀνάϐασιν
597 3508 696 3581 τὴν
723 3510 812 3564 διὰ
843 3511 950 3565 τῶν
977 3511 1225 3582 Ολίψεων.

743 3695 884 3751 Ἀπὸ
919 3697 1208 3767 γλώσσης
1233 3697 1461 3765 δολίας.

376 3786 666 3841 Τουτὲστιν
712 3787 819 3841 ἀπὸ
871 3788 1053 3861 πάσης
1102 3789 1445 3861 ψευδοδοξίας
1500 3790 1595 3844 καὶ
1638 3791 1882 3863 ἀπάτης*

306 3879 476 3933 δεῖται
539 3878 649 3951 γὰρ
697 3881 726 3931 ὁ
773 3881 831 3933 ὲν
863 3880 1004 3952 ἀρχῇ
1065 3884 1349 3953 προκοπῆς
1397 3883 1681 3953 τυγχάνων
1737 3870 1886 3947 ὅπως

309 3970 497 4042 μηδεὶς
530 3971 691 4025 αὑτὸν
725 3972 1159 4044 παραλογίζηται
1191 3975 1249 4028 ὲν
1285 3973 1653 4047 πιθανολογίᾳ.

730 4155 792 4209 Τί
826 4154 1031 4225 δοθείη
1061 4156 1207 4219 ’σοι;
1235 4174 1288 4210 κ.
1321 4174 1373 4210 τ.
1406 4155 1456 4213 λ.

381 4248 719 4314 Ἐπαγούσας
751 4252 779 4304 ὁ
801 4249 973 4320 Λόγος
1002 4249 1096 4303 τοῦ
1130 4249 1592 4324 προσευξαμένου,
1620 4251 1764 4308 κατά
1794 4253 1875 4319 τὸ,

1993 3432 2177 3490 ferens
2234 3434 2557 3504 Psalmista,
2629 3441 2807 3513 primo
2872 3442 2976 3498 boc
3037 3447 3302 3514 graduum
3359 3449 3571 3518 psalmo

1990 3525 2403 3593 ascensionem,
2476 3544 2597 3600 quae
2672 3547 2772 3603 per
2837 3532 3249 3593 tribulationem
3292 3537 3397 3606 ﬁt,
3465 3555 3567 3596 ex-

1988 3616 2163 3685 ponit.

2372 3707 2538 3764 Vens.
2573 3708 2630 3763 2.
2678 3712 2724 3766 Α
2761 3712 2941 3784 lingua
2968 3716 3175 3772 dolosa.

2058 3798 2113 3853 id
2169 3810 2254 3856 est
2303 3800 2373 3856 ab
2422 3802 2570 3857 omni
2621 3803 2798 3860 fallaci
2843 3808 3111 3863 sententia
3138 3817 3193 3863 et
3219 3810 3558 3881 deceptione.

1987 3889 2214 3962 Oportet
2266 3893 2408 3948 enim
2467 3910 2592 3950 eum
2658 3897 2749 3965 qui
2814 3897 3029 3954 initium
3089 3901 3410 3970 proﬁciendi
3477 3904 3562 3959 ta-

1951 3984 2103 4050 .cit,
2155 3999 2186 4039 a
2232 3986 2452 4042 nemine
2504 3985 2656 4043 falsis
2718 3991 3158 4060 persuasionibus
3208 3993 3261 4048 in
3313 4009 3558 4051 errorem

1984 4076 2198 4155 abducL

2304 4167 2468 4223 Vens.
2500 4169 2553 4223 ’5.
2600 4168 2740 4235 Quid
2772 4172 2926 4224 detur
2960 4172 3100 4226 tibi?
3128 4182 3237 4228 etc.

2052 4255 2254 4310 Audito
2273 4266 2466 4313 orante
2479 4256 2644 4323 Deus,
2659 4258 2824 4314 veluti
2844 4259 2998 4323 illud,
3012 4261 3197 4316 Adhuc
3219 4273 3268 4318 te
3291 4263 3554 4336 loquente,

299 4341 430 4396 Ἔτι
475 4341 813 4408 λαλοῦντός
863 4358 1000 4407 σου,
1047 4320 1184 4433 ὶξοῦ
1226 4320 1483 4414 πάρειμι,
1524 4345 1873 4419 ἀποκρίνεται

1980 4365 2095 4404 ecce
2146 4349 2335 4404 adsum
2364 4351 2381 4382 ί
2406 4391 2420 4417 ,
2454 4351 2748 4421 respondet
2771 4352 2844 4415 ei,
2882 4353 3119 4424 dicitque
3151 4373 3166 4411 :
3204 4356 3380 4415 Macte
3428 4361 3553 4415 ani-

295 4433 448 4506 αὑτῷ
486 4433 578 4488 καί
607 4450 772 4505 φησι·
801 4433 1025 4506 Θάρσει,
1052 4424 1097 4487 ὦ
1134 4428 1310 4499 οὗτος,
1345 4432 1501 4498 εἰδὼς
1521 4435 1603 4489 ὄτι
1639 4435 1878 4508 προστά-

292 4540 393 4600 την
422 4529 517 4583 καὶ
545 4529 861 4600 ὑπέρμαχον
911 4528 1053 4599 ἔχεις
1092 4527 1344 4593 δυνατὸν,
1377 4529 1562 4594 ὅπλοις
1593 4529 1874 4603 χρώμενον

291 4619 433 4694 ὑπὲρ
461 4620 556 4674 σοῦ
587 4620 727 4674 κατὰ
756 4620 864 4674 τῶν
894 4619 1001 4673 σῶν
1034 4619 1308 4693 πολεμίων
1332 4639 1344 4651 ·
1377 4620 1504 4694 βέλη
1531 4639 1591 4675 τε
1614 4622 1722 4694 γὰρ
1745 4623 1873 4693 ἠκό-

288 4730 453 4782 νησεν
483 4714 602 4781 κατ’
629 4711 805 4766 αὐτῶν
826 4752 841 4778 ,
889 4712 982 4766 καὶ
1026 4711 1301 4785 ἄνθρακας
1331 4714 1626 4785 ἡτοίμασεν
1671 4715 1880 4796 ἐρημο-Δ

292 4807 479 4870 ποιοὺς
524 4807 607 4870 εἰς
650 4806 869 4870 αὐτοὺς,
919 4806 1298 4878 μετελεύσεται
1352 4808 1410 4860 ὲν
1442 4808 1562 4872 ταῖς
1607 4810 1729 4862 κατ’
1778 4809 1875 4863 αὑ-

290 4894 400 4949 τῶν
430 4894 752 4968 τιμωρίαις·
785 4896 838 4949 τι
878 4891 971 4949 οὖν
1010 4895 1173 4950 πλέον
1207 4898 1380 4959 αἰτεῖς
1419 4894 1637 4967 δοθῆναί
1683 4913 1799 4963 σοι;
1836 4896 1869 4967 ἢ

291 4988 345 5041 τί
367 4988 528 5060 θέλῃς
556 4986 908 5059 προστιθέναι
942 5004 1023 5042 σοι
1055 4986 1194 5060 μετὰ
1219 4987 1320 5058 τὴν
1348 4984 1615 5059 τοσαύτην
1649 4985 1744 5041 τοῦ
1773 4992 1873 5041 Δυ-

289 5078 452 5135 νατοῦ
485 5079 628 5134 κατὰ
654 5078 998 5145 τῶνάσεὸῶν
1028 5079 1421 5151 παρασκευήν;

524 5170 687 5225 Μετὰ
708 5167 827 5225 τῶν
861 5169 1268 5241 σκηνωμάτων
1294 5167 1494 5239 Κηδάρ
1525 5168 1622 5242 (1).

354 5261 546 5334 Κηδὰρ
574 5261 746 5332 πάγος
777 5264 970 5331 γενεᾶς
983 5262 1206 5316 δύναται
1223 5262 1317 5316 καὶ
1342 5259 1652 5333 σκοτασμός
1669 5277 1683 5293 ⁸
1706 5261 1859 5316 Κατ-

279 5355 568 5426 εσκήνωσα
592 5349 706 5419 οὖν,
740 5355 893 5426 φησὶ,
926 5353 1066 5426 μετὰ
1091 5353 1199 5408 τῶν
1228 5353 1601 5426 σκηνωμάτων
1619 5352 1714 5407 τοῦ
1731 5370 1859 5407 σκο-

275 5444 511 5516 τασμοῦ,
546 5446 683 5517 ὅπερ
713 5447 828 5501 ἐστὶ
852 5444 946 5500 τοῦ
983 5444 1233 5516 σώματος
1260 5445 1354 5499 τοῦ
1395 5444 1626 5498 θανάτου
1646 5461 1659 5475 ·
1703 5445 1854 5517 καὶὴ

273 5536 421 5609 ψυχή
455 5555 556 5608 μου
587 5538 750 5611 αὑτὴ,
781 5540 936 5610 φησὶ,
974 5538 1145 5594 πολλὰ
1173 5537 1461 5601 πλεονάκις
1501 5536 1849 5611 παρῴκησεν.

348 5649 365 5679 ¹
395 5647 498 5704 lsa.
533 5664 688 5717 um,
731 5650 766 5705 9

1975 4456 2083 4507 mo,
2118 4455 2152 4497 ο
2191 4441 2386 4508 homo;
2435 4444 2577 4498 nosti
2609 4444 2757 4498 enim
2800 4444 3036 4501 validum
3086 4456 3137 4504 te
3185 4459 3552 4518 protectorem

1971 4531 2418 4603 defensoremque
2447 4534 2668 4603 habere,
2702 4536 2870 4592 armis
2907 4553 3003 4604 pro
3031 4548 3086 4594 te
3130 4531 3396 4597 adversus
3446 4545 3549 4599 ho-

1945 4624 2082 4677 stes
2108 4621 2476 4678 decertantem
2505 4643 2520 4680 :
2562 4641 2687 4680 nam
2735 4627 2961 4697 sagittas
2987 4641 3173 4686 contra
3202 4632 3347 4702 ipsos
3380 4636 3548 4703 acuit,

1970 4713 2328 4771 desolatorios
2355 4717 2624 4773 carbones
2652 4719 2910 4776 adversus
2937 4736 3034 4776 eos
3069 4724 3316 4792 paravit,
3359 4733 3416 4780 et
3458 4725 3547 4781 in-

1971 4812 2212 4860 structus
2247 4805 2530 4876 suppliciis
2558 4820 2819 4865 venturus
2851 4819 2957 4868 est.
2981 4810 3121 4879 Quid
3163 4830 3294 4883 ergo
3326 4815 3548 4886 insuper

1971 4890 2067 4947 tibi
2110 4893 2228 4949 dari
2279 4896 2560 4966 postulas?
2608 4898 2693 4953 vel
2736 4900 2996 4970 quidnam
3052 4902 3148 4958 tibi
3208 4902 3329 4962 addi
3368 4904 3541 4974 ‘velis,

1968 4991 2091 5050 post
2148 4992 2361 5041 tantum
2412 4988 2653 5057 potentis
2705 4987 2798 5044 Dei
2841 4998 3035 5047 contra
3084 4993 3280 5064 impios
3308 5011 3542 5068 appara-

1971 5081 2084 5128 tum
2108 5073 2133 5128 ?
2900 5090 2903 5093 ’

2255 5167 2419 5223 Vens.
2447 5168 2500 5223 5.
2528 5168 2659 5222 Cum
2686 5170 3044 5229 tabernaculis
3065 5173 3255 5234 Cedar.

2040 5254 2216 5313 Cedar
2234 5260 2357 5328 gelu
2386 5261 2754 5331 generationis
2779 5272 2833 5320 et
2854 5266 3209 5323 obscuritatis
3238 5268 3537 5340 signiﬁcat.

1967 5344 2220 5404 Habitari
2249 5351 2455 5421 itaque,
2484 5353 2580 5417 ait,
2608 5355 2658 5408 in
2687 5357 3051 5414 tabernaculis
3077 5360 3452 5425 obscuritatis,
3476 5360 3539 5418 id

1965 5450 2050 5496 est
2078 5441 2132 5497 in
2172 5444 2386 5499 mortali
2416 5459 2694 5515 corpore:
2725 5461 2783 5505 et
2812 5451 2996 5507 anima
3038 5467 3155 5507 mea
3211 5452 3326 5523 ipsa
3367 5468 3533 5524 sape,

1964 5534 2159 5605 inquit,
2190 5536 2387 5607 diuque
2413 5538 2589 5595 incola
2628 5541 2751 5600 fuit.
3388 5557 3393 5560 ’

347 5764 424 5840 (1)
458 5767 626 5827 Recte
663 5768 792 5826 cod.
826 5768 891 5826 C.
926 5772 1297 5828 tantummodo
1342 5773 1464 5830 sic:
1523 5772 1582 5827 ὐ
1618 5771 1873 5838 Εὐσέϐιος

1972 5770 2095 5844 ηδὰρ
2123 5772 2482 5846 ἑρμηνεύεται
2519 5777 2872 5848 σκοτασμόν
2909 5776 2963 5851 (a
2986 5746 3139 5851 Tm),
3250 5745 3255 5749 ἡ

638 5868 912 5931 Parant.
946 5867 1066 5931 Gtt.
1112 5867 1347 5933 XXIV;

3185 5879 3215 5938 1
3282 5912 3289 5917 .
