4062 6400
267 5917 272 5919 _
290 5925 396 5991 Ἃ

479 298 549 353 Η
1198 297 1463 354 EUSEBII
1503 295 1968 352 CESARIENSZS
2001 296 2151 352 OPP.
2194 296 2374 353 PARS
2411 298 2498 355 lli.
2543 331 2604 341 -—
2645 299 3050 356 EXEGETICA.
3655 312 3726 367 η

1017 390 1336 447 PSALMUS
1362 390 1523 446 CXX.

675 483 850 538 Vsus.
879 483 927 536 l.
961 481 1150 536 Levavi
1171 483 1348 536 oculos
1377 500 1514 536 meus
1546 485 1599 536 in
1629 493 1849 538 manus.

551 575 846 631 'Ab-hostili
877 575 1140 630 servitute
1172 577 1474 642 expeditus,
1508 586 1674 646 atque
1707 577 1760 628 in
1794 577 1904 644 ipsa
1937 578 2050 645 jam

473 671 568 725 Via
595 671 940 730 consumtus,
975 683 1090 735 quat
1117 668 1183 722 ad
1214 669 1306 722 Dei
1334 669 1611 724 civitatem
1658 668 1830 734 ducit,
1865 671 2054 725 oculos

484 768 552 821 ad
591 774 803 820 montes
835 765 933 817 bac
968 763 1086 816 illac
1121 762 1339 825 attollit,
1372 764 1671 817 observans
1699 773 1861 830 atque
1890 761 2054 815 vesti-

483 871 653 926 gans,
687 855 954 909 undenam
997 851 1097 907 sibi
1139 851 1398 906 auxilium
1422 852 1493 906 sit
1517 852 1849 908 adfuturum.
1883 853 2051 908 Porro

482 948 694 1002 cunctis
717 946 896 1000 mundi
927 941 1172 1015 partibus
1204 959 1268 998 ac
1298 944 1706 998 summitatibus
1723 945 2046 1014 exploratis,

484 1040 635 1094 nulla.
653 1039 706 1094 iu
726 1054 801 1094 τε
838 1037 1082 1093 sensibili
1110 1052 1223 1092 rem
1249 1036 1534 1105 quaesitam
1559 1037 1845 1106 comperit.
1875 1037 2053 1092 Mente

485 1133 650 1200 igitur
686 1132 988 1201 animmque
1011 1130 1190 1184 oculis
1224 1129 1292 1183 ad
1330 1139 1607 1184 auctorem
1633 1141 2050 1202 creatoremqne

485 1239 662 1278 rerum
686 1224 924 1278 omnium
947 1224 1284 1292 confugiens,
1315 1221 1388 1278 ibi
1415 1221 1578 1283 sistit,
1596 1221 1933 1291 alterumque
1948 1223 2050 1278 hoc

480 1316 749 1371 canticum
771 1315 1003 1370 concinuit
1023 1316 1207 1370 dicens
1231 1333 1244 1368 :
1269 1313 1537 1368 Auxilium
1552 1329 1722 1367 meum
1748 1331 1778 1367 a
1805 1313 2044 1378 Domino,

478 1409 568 1478 qui
597 1407 716 1478 fecit
741 1407 923 1460 caelum
949 1416 996 1460 et
1025 1417 1239 1461 terram.

794 1567 956 1622 Vens.
1083 1566 1335 1621 Dominus
1369 1567 1628 1620 custodiet
1662 1578 1728 1621 te.

544 1657 680 1712 Eum
728 1661 820 1727 qui
874 1672 1089 1726 semper
1122 1657 1186 1710 ad
1241 1657 1404 1710 Deum
1456 1666 1686 1725 spectat,
1731 1657 1846 1727 ipse
1915 1658 2045 1728 vigil

2715 394 3000 448 ΨΑΛΜΟΣ
3039 397 3168 450 ΡΚ’.

2327 481 2470 552 Ἦρα
2504 484 2647 551 τοὺς
2681 485 3022 554 ὀφθαλμούς
3049 504 3168 555 μου
3201 489 3292 554 εἰς
3315 488 3388 542 τὰ
3426 489 3552 558 ὄρη.

2238 577 2294 628 '0
2321 575 2418 647 τῆς
2444 575 2683 640 δουλείας
2720 577 2824 630 ὑπὸ
2852 579 2964 639 τοῖς
2995 577 3207 649 ἐχθροῖς
3238 580 3596 650 ἀπαλλαγεὶς,
3631 583 3728 637 καὶ

2154 667 2273 722 κατ’
2301 667 2468 737 αὐτὴν
2512 667 2614 738 ἤδη
2643 667 2881 736 γεγονὼς
2917 669 3014 738 τὴν
3059 669 3177 722 ὸόὸν
3215 672 3314 742 τὴν
3355 673 3594 740 ἄγουσαν
3632 675 3724 727 ἐπὶ

2151 760 2248 831 τὴν
2271 759 2366 812 τοῦ
2387 759 2521 812 Θεοῦ
2547 760 2719 824 πόλιν,
2747 761 2858 815 ἄνω
2883 762 3008 824 τοὺς
3035 760 3347 833 ὀφθαλμοὺς
3372 759 3475 818 ὧδε
3503 768 3724 820 κάκεῖσε

2150 854 2231 916 είς
2281 851 2347 905 τά
2386 851 2485 924 ὅρη
2531 853 2766 924 ἐπαίρει,
2805 852 3080 906 κατανοῶν
3125 857 3218 907 καὶ
3255 857 3727 928 πολυπραγμονῶν

2153 942 2314 994 πόθεν
2360 941 2507 1012 αύτῷ
2545 941 2661 1012 ἥξει
2708 941 2956 1013 βοήθειασ
3011 942 3079 995 τὰ
3128 943 3267 1014 μέρη
3311 944 3367 997 δὲ
3402 946 3580 1000 πάντα
3630 947 3727 1002 τοῦ

2149 1033 2354 1109 κόσμου
2405 1033 2500 1086 καὶ
2549 1031 2620 1086 τά
2676 1032 2782 1104 ὕψη
2841 1033 3232 1105 περιαθρήσας,
3280 1035 3338 1088 ἐν
3393 1037 3566 1090 οὐδενὶ
3615 1039 3727 1093 τῶν

2149 1124 2419 1196 αἰσθητῶν
2452 1125 2692 1196 εὑρίσκει
2720 1126 2781 1178 τὸ
2824 1126 3154 1197 ζητούμενον
3174 1143 3188 1158 ο
3234 1126 3310 1198 νῷ
3339 1128 3394 1182 δὲ
3425 1129 3518 1182 καὶ
3545 1130 3722 1202 ψυχῆς

2147 1215 2442 1286 ὀφθαλμοῖς
2471 1215 2564 1267 ἐπὶ
2599 1215 2688 1268 τὸν
2723 1218 2950 1288 ποιητὴν
2991 1217 3064 1286 (2)
3108 1218 3200 1270 καὶ
3237 1218 3566 1290 δημιουργὸν
3615 1222 3723 1274 τῶν

2146 1309 2283 1361 ὅλων
2317 1306 2663 1379 ἀναδραμὼν,
2690 1307 2922 1362 ἐνταῦθα
2952 1309 3185 1374 ἵσταται,
3213 1310 3308 1364 καὶ
3340 1310 3435 1382 τὴν
3464 1311 3723 1384 δευτέραν

2147 1399 2289 1472 ᾠδὴν
2322 1400 2436 1472 ᾅδει
2467 1399 2640 1468 λέγων
2658 1417 2672 1430 ·
2717 1399 2789 1453 Ἠ
2807 1399 3058 1468 ,βοήθειά
3075 1418 3194 1470 μου
3211 1401 3367 1470 παρὰ
3382 1404 3600 1472 Kvpt'ov
3615 1405 3722 1459 τοῦ

2150 1491 2521 1562 ποιήσαντος
2536 1493 2645 1547 τόν
2660 1487 2921 1563 diuvat-Cr
2936 1493 3032 1545 καὶ
3053 1492 3168 1560 τὴν
3183 1493 3319 1562 γῆν.

2619 1585 2832 1652 Κύριος
2858 1584 3063 1653 φυλάξ
3070 1602 3118 1638 ει
3145 1601 3240 1638 σε.

2216 1670 2319 1726 Τὸν
2354 1672 2644 1736 διαπαντὸς
2689 1674 2769 1736 είς
2817 1673 2905 1727 τὸν
2954 1673 3086 1726 Θεὸν
3147 1675 3435 1747 ἀφορῶντα
3483 1676 3645 1742 αὐτὸς
3690 1677 3722 1732 ὁ

474 1749 711 1804 custodit
737 1744 898 1814 Eous,
933 1749 1156 1820 ejusque
1196 1747 1476 1803 dexter-un
1520 1749 1751 1819 protegit
1796 1765 2035 1815 manum,

2148 1764 2354 1827 ἄϋπνος
2392 1762 2648 1832 φυλάττει
2680 1764 2832 1826 Θεὸς,
2857 1763 2951 1817 καὶ
2978 1764 3168 1817 τούτου
3213 1744 3310 1837 την
3350 1765 3529 1831 δεξιὰν
3562 1769 3723 1839 χεῖρα.

473 1842 598 1911 quia
619 1852 674 1898 et
700 1842 786 1898 ille
819 1843 1058 1898 dexteris
1089 1844 1297 1897 actibus
1328 1845 1513 1906 utitur,
1560 1853 1615 1895 et
1662 1843 1910 1898 inimicos
1943 1859 2038 1897 sua

473 1934 696 1988 dextera
751 1934 984 2004 repellit.
1054 1933 1215 1989 Certe
1275 1933 1381 1989 Deo
1437 1935 1758 1990 dilectorum
1807 1934 2039 1990 dexterae

474 2023 796 2078 insidiantur
833 2023 1173 2093 potissimum
1203 2025 1407 2078 hostes.
1456 2022 1547 2077 Sic
1605 2023 1788 2091 itaque
1837 2023 2038 2077 dictum

477 2113 578 2168 fuit
609 2131 623 2168 :
658 2111 904 2168 EtJesus
931 2116 1145 2168 indutus
1171 2125 1282 2168 erat
1317 2114 1536 2170 vestibus
1558 2114 1808 2181 sordidis,
1840 2114 2042 2167 stabat-

469 2221 570 2274 que
609 2205 853 2259 diabolus
902 2223 934 2258 a
989 2206 1190 2259 dextris
1239 2207 1353 2273 ejus
1398 2210 1441 2263 '.
1481 2236 1554 2249 —
1583 2204 1860 2273 Praecipue
1911 2221 2040 2260 vero

469 2297 614 2354 Deus
665 2313 696 2353 a
742 2297 984 2368 nequitia
1054 2309 1262 2364 tuotur,
1319 2299 1528 2355 etiamsi
1582 2297 1720 2354 forte
1769 2298 2037 2352 exteriora

471 2399 655 2447 nostra
691 2405 785 2445 seu
826 2405 1024 2460 corpus
1072 2381 1293 2462 afﬂigat.
1345 2389 1710 2458 Quamobrem
1735 2399 1788 2444 et
1814 2390 1880 2444 de
1904 2388 2039 2444 Jobo

469 2484 746 2538 mandavit
775 2500 790 2538 :
819 2484 1062 2538 Animam
1109 2484 1221 2552 ejus
1255 2494 1458 2539 tantum
1485 2501 1632 2538 serva
1660 2483 1698 2538 ³.
1730 2482 1901 2537 Porro
1922 2483 2040 2536 ani-

470 2589 554 2628 ma
583 2573 785 2645 indiget
825 2575 1015 2638 tutela,
1088 2591 1208 2629 cum
1239 2576 1361 2630 vitae
1389 2577 1570 2629 exitus
1605 2585 1820 2642 tempus
1845 2574 2036 2639 instat,

466 2679 523 2726 et
578 2685 700 2724 cum
765 2669 832 2723 ad
894 2667 987 2722 Dei
1046 2668 1324 2722 civitatem
1357 2666 1462 2720 iter
1491 2663 1690 2732 carpit.
1723 2663 1860 2731 Quid
1893 2665 2036 2716 enim

2146 1853 2358 1916 σκέπει,
2413 1853 2509 1907 ἆτε
2555 1853 2756 1920 δεξιαῖς
2813 1853 3042 1920 πράξεσι
3096 1857 3399 1926 χρωμένου,
3450 1859 3546 1910 καὶ
3593 1859 3721 1921 τοὺς

2141 1947 2368 2018 ἐχθροὺς
2391 1947 2702 2011 ἐλαύνοντος
2730 1950 2794 2018 τῇ
2821 1947 3016 2001 ἑαυτοῦ
3043 1947 3192 2019 δεξιᾷ
3210 1964 3224 1979 ο
3255 1948 3489 2019 μάλιστα
3512 1950 3621 2021 γὰρ
3648 1953 3716 2022 τῇ

2139 2039 2289 2111 δεξιᾷ
2310 2038 2416 2092 τῶν
2446 2039 2705 2108 θεοφιλῶν
2727 2039 3095 2092 ἐπιϐουλεύειν
3124 2040 3418 2110 πειρῶνται
3441 2042 3489 2094 οἱ
3511 2041 3716 2112 ἐχθροίσ

2140 2131 2282 2185 οὕτω
2325 2129 2458 2200 γοῦν
2503 2131 2750 2202 εἴρηται·
2788 2131 2897 2184 Καὶ
2945 2131 3175 2198 Ἰησοῦς
3218 2128 3298 2201 ἦν
3324 2131 3718 2202 ἐνδεδυμένος

2139 2221 2336 2292 ἱμάτια
2360 2220 2622 2290 ῥυπαρὰ,
2658 2221 2753 2275 καὶ
2785 2224 2817 2275 ό
2845 2221 3121 2289 διάϐολος
3147 2222 3385 2289 ἑστήκει
3401 2224 3468 2277 ἐκ
3496 2222 3708 2288 δεξιῶν

2139 2311 2346 2366 αὑτοῦ.
2385 2342 2455 2353 -
2490 2311 2741 2366 Μάλιστα
2783 2311 2841 2364 δὲ
2874 2311 3004 2376 Θεὸς
3046 2313 3153 2366 ἀπὸ
3194 2313 3391 2376 κακίας
3433 2315 3714 2382 φυλάττει,

2139 2402 2242 2456 κᾶν
2276 2401 2344 2455 τὰ
2374 2402 2529 2466 ἐκτὸς
2559 2403 2593 2472 ἢ
2623 2404 2685 2456 τὸ
2719 2403 2876 2474 σῶμα
2906 2403 3046 2474 λυπῇ
3069 2421 3082 2434 ·
3104 2405 3229 2475 περὶ
3261 2405 3391 2474 γοῦν
3427 2404 3543 2459 ’1ὼὸ
3573 2424 3716 2478 παρα

2143 2493 2387 2564 ήγγειλεο
2423 2495 2630 2562 Μόνην
2671 2493 2787 2562 τὴν
2847 2493 3059 2563 ψυχὴν
3082 2494 3267 2548 αὐτοῦ
3308 2485 3710 2564 διαφύλαξονο

2136 2585 2307 2640 δεῖται
2335 2584 2392 2638 δὲ
2431 2584 2674 2655 φυλακῆς
2719 2587 2752 2656 ή
2785 2584 2930 2656 ψυχὴ
2976 2584 3117 2638 κατὰ
3151 2585 3242 2638 τὸν
3275 2585 3376 2655 τῆς
3406 2585 3581 2650 ἐξόδου
3614 2584 3712 2640 τοῦ

2139 2674 2253 2746 βίου
2280 2675 2598 2746 καιρὸν,καὶ
2624 2674 2766 2728 κατὰ
2780 2676 2877 2746 τὴν
2902 2676 3102 2730 εἴσοδον
3117 2675 3213 2748 τὴν
3231 2677 3310 2738 είς
3336 2677 3434 2746 τὴν
3457 2676 3549 2729 τοῦ
3579 2675 3711 2730 Θεοῦ

467 2761 714 2832 proderit
748 2798 765 2821 ,
823 2757 870 2813 si
920 2758 1190 2828 quispiam
1247 2758 1298 2812 in
1352 2756 1526 2811 medio
1579 2756 1776 2810 itinere
1835 2756 2035 2810 cadens

2140 2767 2292 2820 πόλιν
2313 2785 2326 2798 ·
2369 2767 2422 2820 τί
2453 2766 2562 2840 γὰρ
2593 2767 2781 2837 όφελος
2804 2769 2852 2820 εί
2895 2770 2951 2821 ὲν
2984 2767 3133 2839 μέσῳ
3166 2768 3266 2839 τῆς
3292 2769 3407 2822 ὁδοῦ
3431 2769 3609 2822 πεσών
3628 2788 3713 2834 τις

471 2850 700 2922 pereat?
756 2848 943 2919 Itaque
1012 2849 1280 2904 nemiuem
1333 2859 1460 2903 ante
1521 2864 1749 2904 mortem
1818 2848 2034 2902 beatum

2140 2858 2416 2925 άπώλετο;
2445 2861 2525 2914 διὸ
2571 2861 2645 2932 μὴ
2689 2859 3000 2931 μακαρίσῃς
3030 2859 3316 2930 ἄνθρωπον
3349 2861 3454 2932 πρὸ
3487 2861 3584 2933 τῆς
3623 2879 3712 2914 τε-

472 2945 643 2998 (licas.
965 2957 969 2959 ‘

2140 2951 2332 3024 λευτῆς
2368 2951 2555 3006 αὐτοῦ.

681 3032 847 3089 Vsus.
881 3034 935 3090 6.
987 3033 1090 3087 Per
1135 3032 1271 3086 diem
1319 3031 1399 3086 sol
1447 3047 1548 3084 non
1592 3041 1702 3084 uret
1752 3039 1820 3084 te.

2375 3043 2616 3114 Ἡμέρας
2649 3046 2681 3097 ό
2711 3042 2882 3111 ἥλιος
2915 3043 2986 3096 οὐ
3018 3043 3351 3113 συγκαύσει
3379 3060 3470 3097 σε.

539 3125 824 3195 Splendida
845 3129 1013 3181 nubes
1039 3127 1178 3179 haud
1195 3141 1288 3179 eos
1312 3125 1440 3179 sinit
1465 3124 1546 3177 uri
1574 3124 1707 3186 sole,
1730 3123 1822 3193 qui
1841 3125 1905 3176 ad
1928 3121 2032 3176 De-

2204 3138 2416 3207 Νεφέλη
2435 3136 2665 3209 φωτεινὴ
2689 3137 2789 3190 οὐκ
2812 3136 2878 3206 ἐᾷ
2909 3133 3256 3204 συγκαίεσθαι
3279 3134 3383 3188 ὑπὸ
3403 3135 3552 3206 ἡλίου
3585 3138 3713 3200 τοὺς

468 3235 555 3272 um
585 3229 837 3288 pergunt.
857 3218 1084 3288 Parique
1106 3217 1312 3270 ratione
1328 3232 1483 3284 opem
1505 3216 1630 3280 fert,
1649 3218 1942 3286 quominus
1963 3232 2032 3271 ne

2140 3231 2277 3284 κατά
2303 3229 2434 3282 Θεὸν
2466 3227 2746 3291 ὁδεύοντας
2764 3243 2778 3258 ⁸
2806 3226 2900 3281 καὶ
2927 3225 3274 3294 ἀναλογοῦντι
3298 3226 3500 3298 ταύτης
3522 3227 3712 3298 βοηθεῖ

466 3328 494 3364 a
531 3318 793 3364 nocturno
811 3310 1025 3378 quidem
1056 3306 1307 3359 Iuminari
1328 3306 1709 3359 detrimentum
1732 3305 2028 3376 patiantur.

988 3397 1308 3453 PSALMUS
1334 3395 1518 3453 CXXI.

471 3495 628 3554 νεηε.
655 3496 706 3549 Ι.
728 3493 961 3549 ιιιίιιιιις
981 3509 1094 3546 sum
1123 3494 1175 3544 iu
1198 3491 1278 3544 his
1307 3507 1422 3558 qua:
1443 3493 1583 3544 dicta
1607 3502 1727 3545 sunt
1752 3491 1896 3556 mihi,
1923 3501 2028 3544 ctc.

536 3590 671 3646 Dum
710 3589 795 3643 via
827 3587 1188 3657 proﬁciscitur
1215 3586 1281 3639 ad
1310 3585 1473 3640 Deum
1515 3587 1769 3651 ducente,
1815 3587 2034 3656 cognito

463 3683 581 3754 ejus
631 3680 884 3743 termino,
944 3679 1141 3747 gaudio
1191 3677 1448 3748 repletur,
1509 3678 1809 3731 futurarum
1852 3692 2030 3729 rerum

465 3773 653 3828 nuntio
695 3771 899 3824 audito.
948 3769 1127 3836 Quare
1171 3777 1226 3822 et
1271 3767 1551 3838 praedicat,
1584 3783 1642 3822 se
1678 3769 1849 3822 bonos
1873 3783 2030 3837 egre-

465 3867 692 3934 giosque
727 3860 1018 3929 magistros
1050 3867 1268 3912 nactum
1294 3873 1436 3925 esse,
1465 3859 1555 3927 qui
1600 3859 1701 3913 sibi
1750 3858 1935 3912 aiunt:
1968 3857 2032 3910 lu

461 3956 676 4008 domum
703 3951 918 4006 Domini
944 3950 1154 4004 ibimus.
1182 3948 1410 4016 Ideoque
1434 3950 1601 4018 magis
1628 3948 1869 4015 festinat,
1892 3950 2029 4002 viam

462 4061 586 4099 cum
617 4042 815 4114 gaudio
847 4051 1170 4112 carpens.—
1192 4039 1409 4094 Illorqu
1455 4040 1545 4108 qui
1593 4039 1866 4111 Babylone
1917 4041 2034 4094 red-

463 4139 613 4191 ibant
636 4150 764 4206 pars
803 4133 994 4204 major,
1032 4135 1260 4204 populus
1292 4130 1536 4186 novellus
1563 4141 1682 4186 erat
1715 4133 1768 4186 iu
1807 4132 1917 4200 ipsa
1950 4147 2034 4200 ge-

465 4228 612 4280 nitus
638 4224 932 4296 Babylone.
978 4222 1141 4278 Pauci
1173 4237 1300 4276 vero
1332 4221 1550 4290 quidam
1586 4219 1732 4275 inter
1757 4236 1850 4275 eos
1879 4231 2032 4274 erant

464 4319 625 4386 prisci
651 4318 774 4383 viri,
815 4332 973 4372 senes
1023 4315 1337 4380 admodum,
1363 4316 1451 4384 qui
1483 4313 1873 4385 Hierosolymis
1899 4313 2027 4368 illuc

462 4409 878 4473 descenderant,
912 4417 989 4471 et,
1023 4407 1358 4477 septuaginta
1402 4407 1474 4460 ibi
1520 4405 1677 4460 aunis
1722 4406 2030 4471 transactis,

2135 3322 2214 3384 είς
2233 3320 2293 3373 τὸ
2321 3319 2454 3391 μηδὲ
2489 3317 2595 3371 ὑπὸ
2622 3315 2937 3387 νυκτερινοῦ
2967 3315 3251 3388 φωστῆρος
3280 3316 3467 3371 παθεῖν
3487 3317 3706 3382 αὐτούς.

2664 3409 2954 3462 ΨᾹΛΜΟΣ
3004 3409 3182 3462 PKA'.

2240 3503 2604 3571 Εὐφράνοην
2634 3499 2734 3554 ἐπὶ
2778 3499 2903 3565 τοῖς
2933 3500 3199 3566 ειρηκόσι
3223 3516 3345 3568 μοι,
3381 3516 3435 3552 κ.
3465 3516 3516 3553 τ.
3548 3499 3599 3553 λ.

2205 3594 2316 3665 Τὴν
2340 3593 2459 3647 ὁδὸν
2504 3592 2734 3662 βαδίζων
2761 3592 2859 3661 τὴν
2889 3590 2980 3643 ἐπὶ
3006 3591 3097 3643 τὸν
3135 3591 3265 3643 Θεὸν
3294 3591 3549 3659 ἄγουσαν,
3581 3607 3708 3644 παι-

2132 3683 2417 3754 δευόμενος
2457 3683 2584 3755 περῖ⁹
2633 3680 2729 3735 τοῦ
2779 3680 2966 3746 τέλους
3004 3681 3194 3751 αὐτῆς,
3244 3681 3578 3753 εὐφροσύνης
3619 3682 3708 3736 ἐπ’

2133 3778 2268 3848 αὐτῇ
2312 3779 2378 3847 τῇ
2428 3776 2536 3830 τῶν
2580 3773 2878 3846 μελλόντων
2921 3773 3056 3844 ἀκοῇ
3105 3772 3404 3843 πληροῦται
3427 3790 3441 3802 θ
3487 3772 3567 3826 διὸ
3613 3775 3707 3827 καὶ

2132 3869 2383 3941 ὁμολογεῖ
2409 3867 2587 3922 καλῶν
2622 3865 2716 3920 καὶ
2759 3863 2979 3934 ἀγαθῶν
3017 3863 3352 3919 διδασκάλων
3383 3863 3562 3934 τυχὼν
3597 3865 3706 3919 τῶν

2135 3958 2431 4030 εἰρηκότων
2461 3955 2628 4027 αύτῷ·
2665 3957 2770 4021 Εἰς
2803 3950 2969 4007 οἷκον
3002 3954 3222 4021 Κυρίου
3248 3952 3702 4022 πορευσώμεθα·

2133 4052 2227 4105 καὶ
2259 4049 2456 4120 μᾶλλον
2486 4048 2781 4116 ἐπείγεται,
2809 4045 2908 4117 τὴν
2957 4044 3180 4117 πορείαν
3216 4046 3333 4116 μετ’
3365 4043 3704 4116 εὐφροσύνης

2134 4139 2468 4211 ποιούμενος.
2513 4169 2580 4180 ——
2625 4137 2746 4192 Τῶν
2793 4137 3120 4190 ἐπανιόντων
3151 4135 3258 4188 ἀπὸ
3307 4135 3641 4198 Βαϐυλῶνος,
3678 4137 3706 4189 ὁ

2138 4233 2234 4303 μὲν
2276 4232 2440 4296 πολὺς
2494 4230 2615 4294 νέος
2659 4226 2727 4301 ἦν
2775 4230 2900 4292 λαὸς
2934 4230 2990 4283 ὲν
3023 4229 3159 4298 αὺτῇ
3209 4227 3489 4298 γεννηθεὶς
3530 4227 3706 4282 Βαόυ-

2133 4321 2296 4375 λῶνι·
2349 4322 2568 4393 βραχεῖς
2607 4321 2665 4374 δέ
2697 4337 2841 4384 τινες
2883 4321 2941 4374 ἐν
2975 4321 3157 4382 αὐτοῖς
3207 4317 3454 4388 ὑπῆρχον
3487 4319 3706 4372 παλαιοὶ

2135 4413 2325 4486 ἄνδρες
2352 4412 2445 4467 καὶ
2478 4412 2682 4484 σφόδρα
2715 4410 3096 4482 πρεσϐύτεροι,
3126 4410 3177 4462 οἱ
3208 4407 3316 4462 ἀπὸ
3358 4409 3709 4482 Ἰερουσαλὴμ

463 4512 649 4570 postea
697 4515 819 4556 cum
859 4515 997 4555 novo
1031 4498 1228 4568 populo
1280 4498 1714 4552 revertebantur.
1752 4495 1812 4550 Ili
1846 4507 2026 4552 autem

2140 4505 2569 4578 καταϐεϐηκότες
2593 4505 2727 4566 ἐκεῖ,
2763 4503 2858 4557 κοιλ⁸
2895 4502 3329 4575 παραμείναντες
3361 4500 3454 4554 τὸν
3479 4501 3712 4572 ἐϐδομή-

464 4607 495 4645 a
527 4606 667 4647 novo
693 4590 890 4660 populo
926 4585 1283 4656 interrogati,
1317 4601 1552 4656 quonam
1587 4586 1690 4640 iter
1717 4587 2024 4649 tenderent,

465 4682 788 4752 respondent
802 4681 1200 4750 quodammodo
1221 4679 1427 4732 aientes
1449 4696 1462 4732 :
1486 4676 1553 4730 In
1573 4678 1786 4731 domum
1813 4677 2026 4731 Domini

465 4775 675 4828 ibimus.
735 4772 962 4836 Rursus,
1021 4771 1125 4828 hoc
1182 4773 1390 4833 audito,
1443 4785 1614 4826 novus
1661 4769 1751 4824 ille
1805 4771 2030 4840 populus

463 4864 819 4930 exhilaratus,
847 4865 1026 4919 denuo
1053 4847 1323 4919 sciscitari
1346 4863 1579 4926 videtur,
1615 4862 1884 4915 undenam
1921 4862 2028 4916 illis

465 4959 582 5013 [nec
639 4957 826 5011 notitia
851 4955 1032 5010 esset?
1075 4954 1140 5009 ili
1189 4971 1350 5025 porro
1403 4953 1772 5022 respondent:
1816 4953 2027 5009 Slautes

461 5057 611 5102 erant
634 5048 786 5116 pedes
822 5046 988 5100 nostri
1027 5046 1081 5098 in
1133 5046 1284 5100 atriis
1318 5044 1616 5099 Jerusalem
1647 5058 1666 5107 ;
1697 5042 1748 5097 lii
1779 5043 2030 5097 nimirum

463 5140 563 5210 ipsi
611 5139 775 5210 pedes
812 5139 903 5208 qui
942 5137 1218 5192 vobiscum
1245 5153 1388 5192 nunc
1411 5135 1757 5206 gradiuntur,
1784 5134 1837 5187 iu
1870 5136 2027 5187 utrtis

461 5233 590 5286 otim
641 5239 844 5285 stetere
920 5227 1244 5283 Jerusalem.
1294 5227 1657 5293 Quamobrem
1713 5225 1792 5279 rei
1853 5228 2022 5295 probe

464 5321 692 5386 conscii,
719 5334 839 5376 eam
874 5320 1022 5373 vobis
1051 5319 1362 5375 nuutiatnus
1394 5335 1408 5372 :
1441 5335 1562 5372 nam
1596 5328 1650 5374 et
1677 5318 2028 5373 aedificiorum

468 5414 621 5468 urbis
660 5413 947 5474 rationem,
1007 5411 1235 5478 ejusque
1282 5421 1465 5482 typum
1529 5427 1593 5465 ac
1641 5410 2027 5481 propelttodutlt

475 5506 921 5566 delineationem,
975 5505 1231 5555 int-nimia
1287 5513 1544 5557 accurate
1595 5511 1857 5556 tenemus.
1908 5501 2026 5558 Non

539 5591 753 5650 "Zaclt.
806 5612 887 5660 III,
942 5597 995 5651 ‘5.
1073 5592 1220 5650 'Job
1267 5611 1332 5660 ιι,
1373 5594 1430 5650 6.

534 5690 610 5752 (ἐν.)
635 5690 748 5744 Duo
770 5689 929 5760 codd.
954 5689 1201 5760 Σωτῆρα.

2133 4615 2295 4651 κοντα
2311 4597 2389 4650 ἔτι
2407 4597 2504 4665 θ’)
2531 4596 2741 4667 χρόνον,
2774 4595 2890 4666 μεθ’
2919 4595 2978 4648 ὃν
3007 4594 3345 4665 ὑπέστρεφον
3363 4593 3477 4663 ἃμα
3505 4591 3581 4663 τῷ
3604 4592 3712 4663 νέῳ

2136 4681 2285 4753 λαίξν
2335 4683 2538 4735 τούτων
2596 4681 2776 4734 τοίνυν
2834 4681 3201 4753 ὲρωτωμένων
3246 4681 3396 4752 παρὰ
3444 4680 3538 4736 τοῦ
3584 4679 3708 4732 νέου

2135 4773 2264 4828 λαοῦ
2315 4774 2448 4828 ὅπου
2495 4773 2594 4843 τὴν
2651 4771 2877 4843 πορείαν
2936 4775 3200 4834 ποιοῖντο,
3251 4770 3711 4842 ἀποκρινομένους

2135 4865 2295 4919 οἱονεὶ
2336 4864 2431 4918 καὶ
2471 4863 2729 4932 λέγοντας
2756 4881 2768 4894 ·
2810 4867 2914 4930 Εἰς
2957 4860 3126 4918 οἷκον
3164 4865 3383 4932 Kvpz'ov
3410 4861 3710 4932 πορευσώ-

2132 4959 2299 5026 μεθα.
2343 4956 2465 5008 Ἐπὶ
2494 4955 2552 5008 δὲ
2580 4955 2805 5029 τοιαύτῃ
2833 4957 2969 5027 ἀκοῇ
3015 4957 3106 5009 τὸν
3145 4956 3263 5008 νέον
3299 4955 3430 5009 λαὸν
3469 4955 3709 5027 εὐφραν-

2137 5047 2316 5111 θέντα,
2347 5046 2594 5118 δεύτερον
2622 5046 2870 5114 ἐξετάσαι
2898 5044 3062 5100 πόθεν
3087 5048 3200 5108 τοῖς
3230 5045 3482 5113 λέγουσιν
3511 5046 3545 5114 ἡ
3570 5041 3710 5111 γνῶ·-

2139 5156 2254 5204 σις;
2288 5139 2427 5203 Τοὺς
2455 5140 2512 5193 δὲ
2543 5139 2942 5211 ἀποκρίνασθαι
2977 5140 3112 5211 πρὸς
3129 5138 3346 5201 αὐτοὺς,
3382 5137 3476 5190 καὶ
3507 5136 3704 5187 εἰπεῖν’

2149 5229 2435 5296 Ἑστῶτες
2485 5226 2647 5300 ἦσαν
2687 5233 2740 5284 ol
2767 5230 2950 5296 πόδες
2997 5229 3165 5298 ἡμῶν
3207 5228 3277 5281 ἐν
3322 5226 3451 5292 ταῖς
3491 5223 3707 5291 αὐλαῖς

2149 5319 2573 5390 Ἰερουσαλήμ·
2628 5321 2720 5374 καὶ
2750 5323 2802 5375 οί
2846 5321 3006 5384 πόδες
3047 5312 3193 5373 οῦτοι
3229 5319 3277 5370 οἱ
3322 5316 3418 5370 νῦν
3472 5312 3706 5370 ἐνταῦθα

2137 5411 2252 5480 ἅμα
2296 5412 2422 5481 ὑμῖν
2457 5410 2791 5481 βαδίζοντες,
2843 5411 3074 5476 έστῶτές
3118 5427 3245 5464 ποτε
3302 5409 3596 5480 ἐτύγχανον
3647 5410 3707 5458 ὲν

2135 5507 2255 5568 ταῖς
2311 5506 2500 5570 αὐλαῖς
2561 5507 2944 5578 Ἰερουσαλήμ·
2998 5506 3119 5560 ὅθεν
3170 5504 3414 5578 ἀκριϐῶς
3469 5502 3705 5567 ειδότες.

534 5763 631 5831 (‘2')
685 5755 1127 5828 Ἐὔδομήκοιοτᾶ
1167 5761 1272 5813 ἔτι.
1317 5757 1407 5814 Sic
1444 5759 1571 5814 editi
1613 5777 1626 5813 :
1673 5769 1729 5814 ut
1785 5761 1922 5815 forte
1958 5759 2035 5828 leg

2140 5757 2236 5812 lum
2261 5757 2330 5812 sit
2365 5755 2851 5824 ἑδδομηκονταετῆ.
2883 5758 3044 5814 Eutr.

402 5993 788 6270 Χ
