4062 6400
340 405 411 459 I3
1465 388 1971 452 COMMENTARIA
2011 385 2076 442 IN
2117 386 2452 443 PSALMOS.
3525 387 3591 442 u

336 515 510 570 ταῦτα
547 513 693 584 ὑμᾶς
721 508 1214 581 εὐαγγελιζόμεθα,
1253 511 1347 564 καὶ
1379 510 1470 562 τὸν
1497 509 1698 580 τρόπον
1729 507 1783 560 δὲ
1819 505 1913 575 τῆς

2036 505 2168 560 enim
2204 513 2323 558 erat
2353 503 2484 556 urbs
2510 502 2612 556 hac
2645 498 2770 554 illac
2799 511 3010 567 sparsa,
3037 506 3092 551 et
3125 510 3316 560 scissa,
3351 506 3512 567 atque
3541 500 3594 555 in

335 607 625 678 οἰκοδομῆς
665 605 766 674 τῆς
796 603 1036 667 πόλεως,
1070 601 1165 655 καί⁵
1190 601 1281 654 τὸν
1310 601 1478 655 τύπον
1520 600 1701 660 αὑτὸν,
1743 597 1818 662 ὡς
1847 598 1912 650 ἂν

2036 595 2220 650 multas
2253 603 2434 664 partes
2461 601 2637 658 secta,
2671 592 2765 646 sed
2797 592 2868 644 ita
2893 589 3180 654 aediﬁcata,
3215 600 3273 644 ut
3301 605 3407 644 una
3444 592 3592 644 vale-

336 698 482 750 εἶποι
515 712 618 760 τις,
653 695 746 748 καὶ
779 692 840 745 τδ
872 692 1077 762 σχῆμα,
1113 690 1357 764 ἀκριὸῶς
1388 690 1623 762 φέρομεν
1655 688 1745 741 διὰ
1781 690 1915 759 μνή-

342 807 451 862 μης
469 804 483 819 ⁸
517 783 584 860 ἦν
613 787 722 859 γὰρ
751 786 828 850 ὡς
865 785 1016 849 πόλις
1045 785 1104 838 οὐ
1135 783 1504 855 διεσπαρμένῃ
1535 775 1637 836 ὦδε
1667 781 1912 842 κάκεῖσε,

337 881 460 946 οὐδὲ
484 877 863 948 άπεσχισμένη
892 876 985 929 καὶ
1009 875 1276 929 διεστῶσα
1306 877 1385 938 είς
1417 875 1555 946 μέρη
1585 870 1774 935 πολλὰ,
1801 869 1914 924 ἀλλ’

337 969 511 1034 οὕτως
537 966 604 1041 ἦν
627 968 876 1040 ᾠκοδομη
887 967 1019 1038 μένη
1048 967 1122 1032 ὡς
1153 966 1328 1019 δοκεῖν
1352 965 1449 1018 ἕνα
1479 961 1614 1017 εἶναι
1636 958 1804 1025 οἶκον,
1831 960 1919 1015 διὰ

338 1066 436 1135 τὴν
470 1063 766 1131 συνάφειαν
804 1060 900 1113 καὶ
947 1059 1212 1130 ἁρμονίαν
1239 1058 1346 1112 τῶν
1375 1058 1432 1111 ὲν
1466 1057 1604 1127 αὐτῇ
1639 1054 1923 1126 οἰκοδομη-

341 1161 553 1231 μάτων·
590 1158 670 1211 διὸ
693 1157 960 1212 λέλεκται·
981 1157 1075 1221 Ὠς
1107 1153 1284 1219 πόλις
1309 1147 1388 1222 ἦν
1415 1153 1453 1219 ἠ
1477 1147 1702 1219 μετοχὴ
1731 1144 1922 1212 αὐτῆς

337 1252 437 1305 ἐπὶ
477 1251 545 1305 τὸ
572 1252 720 1304 αὑτό
739 1267 752 1279 ·
789 1247 1035 1303 τοιαῦται
1074 1245 1130 1299 δέ
1177 1245 1283 1298 εἰσι
1311 1243 1453 1296 κατὰ
1481 1241 1718 1294 διάνοιαν
1749 1239 1923 1291 πᾶσαι

2026 697 2177 742 retur
2199 689 2412 748 domus,
2439 694 2659 754 propter
2683 681 3035 736 aediﬁciorum
3070 679 3186 748 ejus
3209 681 3595 736 colunrentiam

2026 790 2192 850 atque
2233 778 2596 833 harmoniam.
2627 773 2750 828 Ideo
2779 775 2984 828 dictum
3023 784 3109 828 est
3137 791 3150 827 :
3176 770 3244 827 Ut
3273 774 3478 836 civitas,
3509 791 3603 826 ru-

2017 869 2109 940 jus
2158 869 2494 939 participatio
2546 869 2658 938 ejus
2693 868 2749 920 in
2795 867 3051 935 idipsum.
3107 864 3420 932 Huiusmodi
3449 873 3598 934 sunt,

2028 961 2094 1014 ad
2129 961 2459 1015 sententiam
2512 959 2657 1028 quod
2709 960 2938 1019 attinet,
2987 965 3200 1011 cuncta:
3238 957 3381 1026 apud
3431 957 3596 1011 Deum

2027 1051 2363 1106 diversantes
2397 1051 2620 1116 animae,
2666 1049 2774 1103 vivi
2817 1049 3043 1118 lapides,
3074 1048 3270 1118 quibus
3292 1063 3480 1104 verum
3507 1047 3598 1103 Dei

2030 1143 2290 1212 templum
2319 1143 2643 1205 aediﬁcatur,
2700 1158 2807 1196 una
2855 1152 3034 1196 mente
3079 1154 3292 1209 unaque
3340 1141 3600 1195 concordi

2031 1235 2298 1290 sententia
2327 1244 2690 1304 compactum.

341 1347 396 1399 αἱ
439 1343 590 1415 παρά
620 1344 738 1414 Θεῷ
773 1343 970 1414 ψυχαὶ,
1019 1341 1114 1395 καί
1160 1341 1208 1392 οἱ
1267 1337 1468 1404 ζῶντες
1515 1333 1652 1388 λίθοι
1715 1333 1781 1386 δι’
1829 1324 1904 1386 ὧν
1964 1327 2304 1400 ᾠκοδόμηται
2338 1328 2366 1379 ό
2394 1325 2644 1397 ἀληθινὸς
2705 1324 2841 1390 νεὼς
2886 1325 2980 1380 τοῦ
3026 1325 3183 1389 Θεοῦ,
3216 1325 3293 1396 τῷ
3326 1325 3475 1396 αὐτῷ
3521 1325 3603 1381 νοῒ

342 1434 480 1508 [καὶ]
505 1437 570 1505 τῇ
599 1435 734 1505 αὐτῇ
765 1433 957 1504 γνώμῃ
989 1428 1442 1500 κατηρτισμένος.

357 1523 508 1576 Ἐκεῖ
529 1523 638 1593 γὰρ
661 1523 968 1593 ἀνέϐησαν
987 1525 1045 1576 al
1071 1518 1489 1593 ngai,_gv.1al
1517 1515 1758 1593 Κυρίου.
1779 1531 1930 1593 gap:

414 1585 621 1662 τύρὶον
658 1592 738 1658 τῷ
782 1585 1208 1661 Ἰσραὴλ,”τοῦ
1242 1585 1805 1660 ἐξομολογήσασθαι
1850 1585 1931 1650 τῷ

414 1665 657 1734 ὀνόματι
687 1664 925 1731 Κυρίου.

427 1756 577 1810 Ἐκεῖ
599 1754 709 1826 γάρ
748 1754 915 1819 θύειν,
949 1753 1236 1824 εῦχεσθαι,
1273 1749 1684 1822 πανηγυρίζειν,
1713 1747 1930 1801 ἐκέλευ-

349 1864 466 1904 σεν·
500 1849 576 1912 ὼς
601 1847 668 1902 ἂν
696 1847 770 1920 μὴ
799 1846 1075 1918 πανταχοῦ
1107 1843 1472 1915 πλανώμενοι,
1503 1842 1774 1914 πρόφασιν
1796 1840 1931 1910 ἒχω-

2042 1506 2209 1561 V’Ens.
2237 1503 2291 1558 4.
2329 1501 2468 1556 Illuc
2509 1503 2648 1554 enim
2691 1501 3039 1553 ascenderunt
3071 1501 3259 1563 tribus,
3295 1504 3462 1556 tribus
3495 1503 3576 1558 Do

2033 1615 2036 1618 .
2103 1576 2257 1698 gini,
2302 1573 2660 1654 testimonium
2704 1570 2874 1623 Israel
2906 1574 2973 1624 ad
3017 1570 3375 1638 conﬁtendum
3407 1581 3606 1628 nomini

2156 1659 2338 1698 omtm.

2156 1659 2338 1698 omtm.

2103 1733 2218 1790 Illic
2251 1735 2396 1789 enim
2427 1733 2776 1796 sacriﬁcare,
2827 1746 3009 1797 orare,
3071 1748 3256 1789 sacros
3309 1748 3607 1792 conventus

2033 1841 2198 1898 agere
2226 1825 2393 1896 jussit
2424 1825 2591 1887 Deus;
2625 1838 2693 1878 ne
2719 1821 2828 1876 late
2850 1821 3098 1889 dispersi,
3123 1825 3462 1880 occasionem
3487 1842 3608 1896 per-

349 1959 432 1997 σιν
461 1941 674 2006 ἐξόδους
711 1939 980 1993 ποιεῖσθαι
1017 1938 1155 2009 πρὸς
1194 1936 1418 1990 εἴδωλα·
1451 1934 1586 1988 Θεοῦ
1622 1933 1730 2006 γάρ
1769 1932 1927 1986 τοῦτο

2036 1921 2184 1991 gendi
2215 1920 2280 1974 ad
2309 1917 2450 1973 idola
2477 1916 2945 1971 nanciscerentur.
2970 1914 3064 1970 Dei
3093 1931 3224 1971 vero
3250 1921 3605 1973 testimonium

342 2033 679 2106 μαρτυρίαν
707 2031 963 2085 ἐκάλεσεν
985 2047 997 2060 ·
1027 2029 1126 2098 τῆς
1156 2027 1265 2098 γὰρ
1292 2025 1457 2080 αὑτοῦ
1489 2023 1745 2095 προνοίας
1777 2021 1933 2075 τοῦτο

351 2125 609 2198 μέγιστον
641 2124 941 2194 τεκμήριον
974 2116 1077 2192 ἦν·
1119 2121 1212 2174 καὶ
1258 2118 1367 2190 γὰρ
1404 2119 1521 2171 ἐκεῖ
1559 2118 1587 2169 ὁ
1627 2115 1790 2187 νόμος
1835 2114 1931 2167 άν-

352 2217 708 2288 εγινὼσκετο,
751 2211 1067 2284 διηγήματά
1099 2229 1159 2264 τε
1201 2207 1642 2281 κατορθωμάτων
1669 2205 1930 2278 ἀρχαίων,

351 2309 447 2364 καὶ
495 2307 712 2362 σύνοδον
751 2303 1032 2358 ἐποιοῦντο
1075 2301 1173 2375 τὴν
1225 2301 1362 2374 πρὸς
1407 2299 1671 2371 ἀλλήλους
1713 2297 1932 2367 ἀγάπην

355 2402 775 2472 συσφίγγουσαν.

366 2495 730 2562 Ἐρωτήσαζε
756 2491 830 2560 δὴ
865 2493 938 2544 τὰ
966 2492 1052 2556 εἰς
1081 2487 1331 2557 εἰρήνην
1362 2486 1478 2555 τὴν
1512 2482 1928 2553 Ἰερουσαλήμ.

436 2585 549 2638 Ἀεὶ
576 2585 707 2656 γὰρ,
744 2583 898 2654 φησὶ,
921 2583 1015 2638 καὶ
1036 2581 1262 2635 πάντοτε
1289 2577 1720 2652 μνημονεύοντές
1741 2593 1857 2638 σου,
1888 2569 1933 2628 ὦ

362 2673 739 2746 Ἰερουσαλὴμ,
771 2674 840 2727 τὰ
875 2673 1002 2744 περὶ
1043 2673 1143 2744 τῆς
1191 2671 1288 2742 σῆς
1318 2671 1540 2743 εἰρήνης
1571 2666 1933 2740 διαλεγόμεθα

350 2767 465 2828 τοῖς
490 2765 739 2835 ἀδελφοῖς
779 2768 891 2828 τοῖς
921 2763 1211 2836 ἡμετέροις
1239 2763 1333 2818 καὶ
1362 2765 1474 2825 τοῖς
1503 2760 1730 2832 πλησίον
1754 2759 1932 2831 ἡμῶν,

351 2856 597 2911 τουτέστι
624 2856 702 2928 τῷ
740 2857 844 2928 νέῳ
881 2856 1016 2927 λαῷ,
1050 2858 1130 2919 εἰς
1166 2855 1328 2908 πόθον
1363 2854 1561 2918 αὐτοὺς
1592 2853 1815 2922 ἄγοντες
1843 2851 1933 2905 τὸν

353 2949 482 3018 περὶ
524 2948 584 3001 σὲ
626 2947 716 3002 διὰ
747 2951 845 3020 τῆς
877 2948 1006 3019 περὶ
1049 2946 1143 3000 σοῦ
1180 2945 1553 3008 διδασκαλίας·
1594 2942 1732 2998 ἀλλὰ
1771 2943 1866 2996 καὶ
1899 2943 1933 3014 ή

356 3041 506 3092 πᾶσα
528 3038 686 3110 ἡμῶν
711 3040 845 3110 εὐχὴ
869 3040 1032 3092 ἕνεκα
1059 3037 1153 3090 τοῦ
1180 3038 1328 3091 οῐκου
1360 3036 1452 3090 τοῦ
1479 3035 1615 3089 Θεοῦ
1643 3033 1800 3106 ἡμῶν
1825 3033 1936 3104 ὲγί-

353 3147 498 3196 νετο,
539 3129 846 3201 ’ζητούντων
880 3129 1060 3198 ἀγαθά
1091 3147 1172 3182 σοι
1205 3127 1272 3182 τὰ
1303 3126 1454 3199 παρὰ
1502 3125 1598 3180 τοῦ
1636 3122 1795 3178 Θεοῦ.

884 3219 1178 3274 ΨΑΛΜΟΣ
1225 3217 1397 3271 PKB'.

2036 2013 2214 2066 locum
2245 2009 2394 2064 illum
2421 2007 2741 2079 appellavit,
2772 2007 2973 2077 quippe
2995 2009 3137 2076 quod
3162 2019 3282 2062 erat
3307 2011 3608 2064 maximum

2034 2103 2394 2174 providentiae
2433 2101 2574 2156 illius
2618 2099 2879 2154 indicium
2912 2115 2929 2154 ι
2964 2115 3200 2169 namque
3243 2101 3314 2157 ibi
3348 2101 3431 2157 lex
3467 2103 3611 2171 lege-

2036 2200 2228 2263 batur,
2265 2207 2321 2252 et
2347 2196 2563 2267 egregia
2594 2193 2771 2264 prisca
2799 2190 3044 2247 facinora
3069 2195 3454 2259 narrabantur,
3474 2213 3606 2266 gutt-

2036 2292 2214 2360 tisque
2243 2299 2542 2344 conventus
2559 2287 2724 2342 ﬁebat
2739 2299 2848 2356 quo
2865 2284 3104 2343 charitas
3132 2297 3316 2342 mutua
3339 2291 3612 2344 constrin-

2036 2386 2232 2454 gebatu
2242 2397 2285 2437 r.

2038 2474 2198 2528 Vens.
2229 2473 2283 2528 6.
2329 2471 2706 2544 Rogate-qua:
2752 2489 2819 2528 aa
2875 2490 3053 2544 pacem
3119 2483 3240 2529 sunt
3290 2473 3608 2529 Jerusalem.

2114 2564 2342 2635 Semper
2374 2567 2518 2620 enim
2549 2577 2602 2620 et
2634 2566 2780 2620 omni
2831 2577 3073 2636 tempore
3122 2567 3196 2622 tui
3250 2581 3542 2632 memores,
3577 2580 3610 2620 ο

2033 2657 2335 2714 Jerusalem
2363 2701 2376 2722 ,
2420 2659 2486 2712 de
2527 2672 2663 2728 pace
2691 2667 2780 2711 tua
2813 2674 2934 2711 cum
2971 2657 3235 2713 fratribus
3259 2659 3462 2713 nostris
3492 2673 3613 2727 pro-

2037 2751 2306 2820 ximisque
2339 2750 2637 2820 loquimur,
2664 2748 2718 2803 id
2748 2760 2830 2804 est
2854 2763 2975 2803 cum
3019 2750 3217 2820 populo
3249 2766 3411 2816 novo,
3446 2761 3506 2804 ut
3534 2750 3609 2805 tui

2035 2843 2365 2898 desiderium
2426 2843 2541 2897 haec
2589 2854 2880 2900 narrantes
2919 2845 2999 2899 eis
3031 2843 3357 2898 excitemus.
3412 2843 3518 2899 Sed
3557 2853 3612 2899 et

2037 2951 2226 3006 preces
2253 2945 2453 2991 nostra:
2481 2951 2673 2991 omnes
2722 2935 2792 2991 ob
2831 2937 2924 2992 Dei
2954 2937 3171 2992 domum
3200 2937 3435 3002 ﬁebant,
3486 2937 3612 3008 quia

2037 3027 2164 3083 huic
2185 3027 2326 3084 bona
2357 3027 2540 3083 omnia
2574 3042 2604 3081 a
2635 3027 2747 3082 Deo
2777 3028 3232 3098 imprecabamur.

2534 3197 2858 3254 PSALMUS
2898 3197 3108 3254 CXXII.

353 3313 511 3383 Πρός
531 3313 605 3368 σὲ
627 3309 742 3384 ἦρα
761 3311 900 3377 τοὺς
921 3311 1266 3390 όφθιξλμςύς
1281 3327 1400 3388 Αου
1422 3307 1528 3362 τὸν
1547 3306 1931 3360 κατοικοῦντα

2040 3289 2204 3346 Vens.
2237 3291 2291 3345 I.
2330 3291 2412 3344 Ad
2459 3301 2508 3345 te
2549 3292 2717 3346 levavi
2751 3290 2928 3390 oculos
2960 3307 3103 3346 meos
3129 3332 3143 3357 ,
3187 3294 3280 3362 qui
3313 3293 3518 3348 habitas
3560 3298 3612 3347 in

917 3383 989 3434 ἐν
1012 3383 1090 3447 τῷ
1111 3383 1364 3448 οὐρανῷ.

439 3474 700 3545 Ἐπείπερ
731 3473 960 3546 οὐρανὸς
990 3472 1176 3544 θρόνος
1199 3471 1316 3524 ἐστὶ
1342 3469 1434 3524 τοῦ
1473 3469 1631 3532 Θεοῦ,
1661 3469 1750 3523 διὰ
1778 3467 1938 3522 τοῦτο

355 3570 631 3620 κατοικεῖν
666 3565 882 3634 λέγεται
913 3567 971 3618 ὲν
997 3563 1075 3634 τῷ
1100 3563 1347 3634 οὐρανῷ·
1380 3562 1556 3624 οὐδεὶς
1593 3561 1651 3614 δὲ
1678 3559 1938 3632 θησαυρί-

357 3658 466 3723 ζων
499 3657 592 3711 ἐπὶ
633 3657 756 3728 γῆς,
799 3655 942 3710 εἴποι
977 3655 1042 3710 ἂν
1067 3655 1144 3726 τῷ
1175 3653 1293 3726 Θεῴ
1313 3668 1326 3682 ·
1359 3653 1516 3723 Πρὸς
1545 3652 1621 3706 σὲ
1653 3648 1768 3723 ἦρα
1795 3652 1938 3718 τοὺς

356 3752 702 3820 ὀφθαλμούς
726 3767 846 3820 μου
879 3748 988 3803 τὸν
1017 3745 1409 3802 κατοικοῦντα
1436 3745 1505 3798 ὲν
1545 3743 1628 3811 τῷ
1670 3742 1934 3814 οὐρανῷ·

356 3844 494 3896 ὅπου
527 3841 636 3913 γάρ
673 3844 705 3895 ὀ
729 3841 1032 3908 θησαυρός
1052 3855 1193 3899 σου.
1227 3837 1352 3891 ἐκεῖ
1365 3838 1533 3892 ἔσται
1551 3838 1650 3891 καὶ
1672 3837 1710 3904 ἡ
1727 3835 1938 3904 καρδία

355 3943 510 3986 σου·
535 3932 605 3983 ὀί
643 3930 740 4000 μὲν
790 3925 884 3982 οῦν
923 3927 1192 3998 ὀφθαλμοὶ
1231 3926 1322 3980 τοῦ
1374 3927 1628 3999 ἄφρονος,
1675 3927 1760 3979 ἐπ’
1793 3925 1939 3997 ἄκρα

357 4023 484 4094 γῆς,
524 4022 558 4094 ἢ
607 4022 690 4090 ἐφ’
733 4021 1018 4090 ὁτιδήποτε
1066 4014 1126 4073 οῦ
1179 4017 1470 4088 ἐπιθυμεῖ·
1520 4017 1782 4088 ἐμϐλέπει
1828 4018 1938 4089 γάρ

361 4127 492 4166 ποτε
529 4115 760 4182 γυναῖκα
794 4111 929 4182 πρὸς
967 4111 1028 4163 τὸ
1059 4108 1396 4180 ἐπιθυμῆσαι
1435 4109 1634 4180 αὐτῆς·
1673 4111 1723 4163 οἱ
1749 4110 1806 4164 δὲ
1841 4109 1936 4163 τοῦ

358 4205 585 4267 δικαίου,
609 4203 899 4266 διαπαντὸς
927 4203 1066 4274 πρὸς
1089 4203 1180 4255 τὸν
1205 4202 1356 4256 Θεόν.

372 4297 524 4352 Ἰδοὺ
549 4297 629 4362 ὠς
649 4294 939 4365 ὀφθαλμοί
969 4294 1206 4418 aeditui:
1227 4295 1315 4360 είς
1343 4293 1545 4363 χεῖρας
1573 4292 1694 4346 τῶν
1721 4294 1940 4362 κιφίων

1042 4381 1080 4418 α
1122 4382 1258 4418 των.

1042 4381 1258 4418 αυτων.

429 4458 849 4529 Εὐαγγελισθεὶς
876 4459 904 4510 ό
930 4458 1047 4522 νέος
1077 4457 1228 4530 παρὰ
1262 4457 1369 4510 τῶν
1400 4457 1783 4532 πρεσϐυτέρων
1811 4457 1938 4522 λαὸς

355 4553 444 4606 διὰ
484 4553 585 4624 τῆς
630 4553 736 4625 πρὸ
777 4552 980 4624 ταύτης
1023 4551 1186 4623 ᾠδῆς,
1221 4553 1334 4607 Οὐκ
1380 4553 1466 4606 ἐπ’
1500 4551 1626 4607 ἄλλο
1651 4570 1722 4617 τι,
1751 4555 1935 4624 φησιν,

2708 3361 2854 3416 calo.

2110 3471 2246 3539 Quia
2279 3473 2478 3528 caelum
2510 3474 2738 3528 thronus
2769 3473 2860 3528 Dei
2897 3484 3003 3540 est,
3038 3474 3242 3529 idcirco
3274 3476 3362 3531 hic
3389 3476 3440 3530 in
3473 3476 3612 3533 cudo

2039 3562 2288 3618 habitare
2330 3565 2548 3619 dicitur.
2585 3563 2754 3620 Nemo
2797 3576 2976 3620 autem
3025 3565 3115 3635 qui
3167 3566 3221 3620 in
3281 3575 3424 3623 terra
3473 3585 3606 3636 opes

2039 3656 2302 3724 congerit,
2333 3657 2442 3711 Deo
2479 3656 2623 3711 dicet
2652 3674 2666 3712 :
2700 3658 2782 3709 Ad
2815 3667 2863 3710 te
2896 3656 3060 3709 levavi
3106 3657 3286 3734 oculos
3329 3675 3488 3720 meos,
3523 3663 3614 3728 qui

2038 3745 2245 3800 habitas
2272 3747 2327 3800 in
2354 3748 2481 3801 caelo
2508 3763 2526 3801 :
2564 3763 2817 3814 namque,
2845 3749 2934 3801 ubi
2965 3751 3242 3804 thesaurus
3288 3759 3434 3815 tuus,
3459 3753 3528 3804 ibi
3563 3764 3611 3806 et

2039 3853 2130 3890 cor
2179 3848 2323 3892 tuum
2369 3840 2470 3892 erit
2502 3839 2545 3893 ⁸.
2597 3839 2741 3910 Ergo
2791 3840 3098 3910 insipientis
3170 3842 3407 3897 hominis
3468 3846 3607 3898 oculi

2043 3937 2202 3982 terra;
2233 3927 2579 3998 superﬁciem
2623 3938 2890 3999 spectant,
2925 3929 3004 3984 vel
3039 3931 3185 3985 aliud
3221 3932 3438 4001 quidvis
3483 3951 3614 3987 ροη-

2040 4021 2281 4090 cupitum
2311 4038 2326 4076 :
2369 4039 2491 4075 nam
2532 4031 2589 4076 et
2622 4021 2906 4078 mulierem
2939 4026 3270 4093 quandoque
3306 4026 3520 4095 aspicit,
3556 4041 3611 4079 ut

2040 4127 2159 4166 eam
2205 4114 2573 4183 concupiscat.
2618 4115 2757 4172 Iusti
2801 4127 2979 4171 tamen
3009 4116 3248 4171 hominis
3277 4117 3417 4171 oculi
3446 4117 3610 4171 Deum

2041 4217 2256 4272 semper
2285 4215 2552 4273 spectant.

2042 4293 2204 4348 Vens.
2234 4293 2294 4351 2.
2323 4293 2456 4349 Ecce
2483 4297 2617 4378 sicut
2667 4298 2805 4352 oculi
2851 4316 3121 4353 servorum
3156 4302 3210 4354 in
3243 4291 3484 4356 mamlius
3517 4305 3614 4357 do-

2534 4383 2797 4421 rumorum
2842 4386 3079 4423 διιονιιηι.

2112 4453 2370 4508 Eruditns
2394 4469 2423 4506 a
2450 4455 2757 4512 senioribus
2784 4473 2956 4513 novus
2984 4460 3213 4530 populus
3245 4462 3298 4515 in
3331 4463 3611 4530 superiore

2041 4543 2269 4613 psalmo,
2302 4544 2360 4598 In
2394 4546 2565 4612 nulla,
2594 4548 2787 4618 inquit,
2809 4565 2867 4604 re
2885 4565 3032 4616 spem
3056 4553 3283 4615 colloco,
3317 4552 3418 4607 nisi
3451 4554 3502 4606 in
3539 4568 3610 4618 te,

358 4623 582 4709 ἐλπίζω,
626 4623 782 4715 ἢ-ὲπὶ
822 4645 880 4696 σὲ
911 4623 1001 4696 τὸν
1041 4643 1140 4696 οὐκ
1169 4644 1226 4697 ὲν
1258 4645 1324 4714 τῇ
1371 4643 1521 4696 κάτω
1562 4623 1931 4715 Ἰερουσαλὴμ,

2043 4634 2133 4703 qui
2176 4649 2278 4688 non
2311 4635 2621 4692 inferiorem
2673 4637 2999 4706 Jerusalem,
3043 4642 3135 4694 sed
3191 4641 3471 4694 caelestem
3527 4644 3612 4697 in-

355 4734 472 4788 άλλ⁹
501 4737 558 4788 ὲν
589 4734 804 4806 οὐρανῷ
831 4733 1188 4789 κατοικοῦντα
1213 4751 1226 4763 ·
1271 4736 1451 4806 μόνοις
1479 4735 1536 4788 δὲ
1566 4735 1723 4789 τοῦτο
1760 4736 1938 4805 λέγειν

359 4825 619 4897 ἁρμόττει
656 4827 768 4888 τοῖς
817 4824 1255 4893 ἀπηλλαγμένοις
1303 4826 1701 4896 αἰχμαλωσίας,
1746 4828 1840 4880 καὶ
1877 4826 1940 4879 τὸ

354 4917 458 4986 τῆς
484 4916 660 4987 ψυχῆς
685 4915 989 4988 διορατικὸν
1013 4917 1362 4989 ἐρρωμένοις·
1385 4917 1563 4989 ψυχῆς
1581 4918 1639 4972 δὲ
1659 4918 1938 4990 ὀφθαλμὸς

355 5008 469 5061 ἄνω
498 5007 595 5077 μὲν
625 5005 787 5074 ὁρῶν,
814 5005 1102 5074 ὠφελεῖται
1126 5023 1138 5036 ·
1169 5006 1321 5059 κάτω
1364 5006 1442 5069 δὲ,
1474 5005 1790 5076 βλάπτεται.

896 5098 1188 5152 ΨΑΛΜΟΣ
1222 5099 1392 5152 ΡΚΓ.

477 5185 582 5242 Ἑν
607 5186 687 5253 τῷ
715 5187 1129 5256 ἐπαναστῆναι
1158 5189 1506 5258 ἀνθρώπους
1532 5189 1625 5259 ἐφ’
1655 5189 1830 5259 ἡμᾶς.

433 5281 500 5332 Οἱ
536 5282 829 5351 φήσαντες,
875 5279 1170 5347 Ἐλέησον
1214 5280 1390 5349 ἡμᾶς,
1434 5280 1630 5347 Κύριε,
1677 5278 1940 5348 ἐλέησον

358 5375 540 5446 ἡμᾶς,
558 5375 655 5429 νῦν
681 5376 757 5441 ὼς
789 5374 1218 5437 ὲπακουσθέντες
1246 5371 1626 5444 εὐχαριστοῦσι
1641 5370 1780 5441 Θεῷ·
1799 5371 1940 5424 τὰδὲ

360 5466 606 5538 παρόντα
627 5465 934 5520 διδάσκεται
951 5464 1132 5532 λέγειν
1147 5466 1175 5517 ό
1193 5462 1517 5535 διορατικὸς,
1534 5461 1625 5516 τὸν
1647 5463 1778 5516 Θεὸν
1803 5461 1941 5532 ἔχων

361 5560 470 5631 πρὸ
507 5557 835 5628 ὀφθαλμῶν·
875 5557 1048 5621 οὕτως
1080 5557 1190 5628 γὰρ
1238 5553 1454 5626 Ἰσραὴλ
1495 5555 1757 5608 ἐπινίκιον
1795 5553 1936 5626 ᾠδὴν

359 5653 439 5722 τῷ
488 5648 747 5720 νικοποιῷ
803 5648 1096 5720 προσάγων
1136 5645 1290 5717 Θεῷ·
1337 5645 1648 5698 διδάσκουσι
1698 5644 1755 5697 δὲ
1811 5648 1936 5709 τοὺς

438 5833 678 5892 δυοιιὶι.
735 5848 810 5898 Vl,
855 5831 945 5887 2|.
1023 5833 1046 5864 ⁸
1085 5831 1226 5887 Psal.
1278 5848 1444 5899 ωιτη,
1491 5833 1544 5886 5.

2045 4728 2201 4784 colis.
2235 4731 2316 4783 Ab
2350 4731 2417 4784 iis
2445 4745 2627 4786 autem
2654 4735 3028 4788 tantummodo
3051 4735 3165 4788 htec
3191 4734 3295 4788 dici
3335 4734 3492 4790 decet
3520 4737 3612 4806 qui

2041 4821 2304 4877 servitute
2349 4833 2471 4876 sunt
2504 4825 2758 4892 expediti,
2790 4825 3071 4894 validaque
3109 4826 3306 4880 animae
3345 4826 3534 4883 visuali
3564 4828 3615 4882 τί

2041 4921 2168 4965 sunt
2192 4911 2423 4980 praditi.
2469 4911 2640 4968 Porro
2660 4915 2854 4968 animae
2881 4915 3069 4969 oculus
3090 4915 3134 4970 si
3153 4930 3364 4970 sursum
3383 4927 3613 4984 spectet,

2041 5002 2182 5057 bene
2213 5001 2284 5055 illi
2309 5013 2423 5069 est;
2457 5005 2539 5059 sin
2572 5007 2852 5069 deorsum,
2884 5005 3264 5062 detrimentum
3285 5008 3506 5078 patitur.

2537 5095 2856 5153 PSALMUS
2883 5097 3118 5155 CXXIII.

2043 5189 2208 5244 Vens.
2257 5190 2311 5244 2.
2364 5188 2495 5244 Cum
2529 5200 2862 5258 exsurgerent
2907 5191 3141 5245 homines
3175 5192 3456 5244 adversum
3498 5205 3611 5244 nos.

2114 5279 2216 5348 Qui
2251 5283 2522 5346 dixerant,
2553 5281 2802 5338 Miserere
2845 5284 3033 5348 nostri,
3077 5282 3331 5346 Domine,
3369 5283 3616 5335 miserere

2043 5373 2285 5438 nostri';
2333 5390 2477 5428 nunc
2513 5388 2614 5430 ceu
2664 5376 2922 5445 precibus
2981 5375 3096 5430 suis
3143 5375 3364 5440 auditis,
3413 5374 3618 5444 gratias

2043 5465 2152 5520 Deo
2181 5474 2366 5536 agunt.
2405 5465 2529 5520 Haec
2564 5475 2744 5520 autem
2773 5467 2955 5522 dicere
2998 5467 3220 5522 docetur
3269 5466 3431 5520 homo
3496 5481 3620 5535 per-

2044 5559 2250 5628 spicax,
2269 5557 2358 5628 qui
2378 5557 2542 5613 Deum
2557 5560 2762 5615 scilicet
2776 5557 3066 5629 prmoculis
3086 5558 3266 5614 habet.
3283 5557 3373 5613 Sic
3395 5559 3539 5613 enim
3559 5568 3619 5613 se

2045 5652 2208 5706 habet
2222 5649 2384 5707 Israel
2399 5651 2774 5722 triumphalem
2794 5653 3049 5726 hymnum
3066 5652 3173 5707 Deo
3189 5651 3426 5708 victoriae
3441 5649 3618 5710 datori
