  <div class='ocr_page' id='page_1' title='image "/cluster/home/n/w/nwhite01/storage/ocr_20150623/24/hvd.32044073501108/015.png"; bbox 0 0 4062 6400; ppageno 0'>
   <div class='ocr_carea' id='block_1_1' title="bbox 462 313 3714 400">
    <p class='ocr_par' dir='ltr' id='par_1_1' title="bbox 462 313 3714 400">
     <span class='ocr_line' id='line_1_1' title="bbox 462 313 3714 400; baseline 0.005 -32"><span class='ocrx_word' id='word_1_1' title='bbox 462 318 532 400; x_wconf 74' lang='grc'><strong>15</strong></span> <span class='ocrx_word' id='word_1_2' title='bbox 1036 371 1048 380; x_wconf 68' lang='grc'><strong>,</strong></span> <span class='ocrx_word' id='word_1_3' title='bbox 1169 313 1434 371; x_wconf 82' lang='lat' dir='ltr'><strong>EUSEBII</strong></span> <span class='ocrx_word' id='word_1_4' title='bbox 1473 314 1943 372; x_wconf 67' lang='lat' dir='ltr'><strong>CESARlE-NSIS</strong></span> <span class='ocrx_word' id='word_1_5' title='bbox 1981 315 2131 372; x_wconf 81' lang='lat' dir='ltr'><strong>OPP.</strong></span> <span class='ocrx_word' id='word_1_6' title='bbox 2167 315 2350 374; x_wconf 80' lang='lat' dir='ltr'><strong>PARS</strong></span> <span class='ocrx_word' id='word_1_7' title='bbox 2385 319 2474 374; x_wconf 83' lang='lat' dir='ltr'><strong>Ill.</strong></span> <span class='ocrx_word' id='word_1_8' title='bbox 2511 349 2582 362; x_wconf 89' lang='lat'><strong><em>—-</em></strong></span> <span class='ocrx_word' id='word_1_9' title='bbox 2619 319 3029 378; x_wconf 76' lang='lat' dir='ltr'><strong>EXEGETICA.</strong></span> <span class='ocrx_word' id='word_1_10' title='bbox 3645 331 3714 386; x_wconf 75' lang='lat' dir='ltr'>i6</span> 
     </span>
    </p>
   </div>
   <div class='ocr_carea' id='block_1_2' title="bbox 459 435 2014 514">
    <p class='ocr_par' dir='ltr' id='par_1_2' title="bbox 459 435 2014 493">
     <span class='ocr_line' id='line_1_2' title="bbox 459 435 2014 493; baseline 0.001 -1"><span class='ocrx_word' id='word_1_11' title='bbox 459 438 777 492; x_wconf 77' lang='lat' dir='ltr'><strong>eattcinens.</strong></span> <span class='ocrx_word' id='word_1_12' title='bbox 803 435 974 491; x_wconf 87' lang='lat' dir='ltr'><strong>Porro</strong></span> <span class='ocrx_word' id='word_1_13' title='bbox 1001 437 1072 490; x_wconf 88' lang='lat' dir='ltr'><strong>ita</strong></span> <span class='ocrx_word' id='word_1_14' title='bbox 1104 438 1346 491; x_wconf 77' lang='lat' dir='ltr'><strong>seniores</strong></span> <span class='ocrx_word' id='word_1_15' title='bbox 1367 437 1562 492; x_wconf 88' lang='lat' dir='ltr'><strong>docent</strong></span> <span class='ocrx_word' id='word_1_16' title='bbox 1583 438 2014 493; x_wconf 72' lang='lat' dir='ltr'><strong>adolescentulos</strong></span> 
     </span>
    </p>
   </div>
   <div class='ocr_carea' id='block_1_3' title="bbox 2121 435 3708 514">
    <p class='ocr_par' dir='ltr' id='par_1_3' title="bbox 2141 439 3708 514">
     <span class='ocr_line' id='line_1_3' title="bbox 2141 439 3708 514; baseline 0.006 -22"><span class='ocrx_word' id='word_1_17' title='bbox 2141 439 2295 504; x_wconf 81' lang='grc' dir='ltr'><strong>νέους</strong></span> <span class='ocrx_word' id='word_1_18' title='bbox 2318 441 2368 493; x_wconf 82' lang='lat' dir='ltr'><strong>oi</strong></span> <span class='ocrx_word' id='word_1_19' title='bbox 2408 441 2795 513; x_wconf 81' lang='grc' dir='ltr'><strong>γεγηρακότες,</strong></span> <span class='ocrx_word' id='word_1_20' title='bbox 2837 444 2930 496; x_wconf 77' lang='grc' dir='ltr'><strong>καὶ</strong></span> <span class='ocrx_word' id='word_1_21' title='bbox 2961 444 3010 496; x_wconf 86' lang='grc' dir='ltr'>οἱ</span> <span class='ocrx_word' id='word_1_22' title='bbox 3045 442 3284 514; x_wconf 71' lang='grc' dir='ltr'>μαθηταὶ</span> <span class='ocrx_word' id='word_1_23' title='bbox 3311 445 3708 501; x_wconf 78' lang='grc' dir='ltr'><strong>ὑπακούουσιν·</strong></span> 
     </span>
    </p>
   </div>
   <div class='ocr_carea' id='block_1_4' title="bbox 459 529 2031 600">
    <p class='ocr_par' dir='ltr' id='par_1_4' title="bbox 459 529 2031 600">
     <span class='ocr_line' id='line_1_4' title="bbox 459 529 2031 600; baseline 0.004 -22"><span class='ocrx_word' id='word_1_24' title='bbox 459 531 549 598; x_wconf 80' lang='lat' dir='ltr'><strong>qui</strong></span> <span class='ocrx_word' id='word_1_25' title='bbox 593 529 983 600; x_wconf 86' lang='lat' dir='ltr'><strong>discipulorum</strong></span> <span class='ocrx_word' id='word_1_26' title='bbox 1017 529 1188 582; x_wconf 87' lang='lat' dir='ltr'><strong>instar</strong></span> <span class='ocrx_word' id='word_1_27' title='bbox 1221 530 1549 583; x_wconf 82' lang='lat' dir='ltr'><strong>auscultant.</strong></span> <span class='ocrx_word' id='word_1_28' title='bbox 1593 529 1777 584; x_wconf 89' lang='lat' dir='ltr'><strong>lsraeli</strong></span> <span class='ocrx_word' id='word_1_29' title='bbox 1827 542 2031 595; x_wconf 84' lang='lat' dir='ltr'><strong>autem,</strong></span> 
     </span>
    </p>
   </div>
   <div class='ocr_carea' id='block_1_5' title="bbox 463 620 2032 692">
    <p class='ocr_par' dir='ltr' id='par_1_5' title="bbox 463 620 2032 692">
     <span class='ocr_line' id='line_1_5' title="bbox 463 620 2032 692; baseline -0.002 -15"><span class='ocrx_word' id='word_1_30' title='bbox 463 625 627 678; x_wconf 84' lang='lat' dir='ltr'><strong>Deum</strong></span> <span class='ocrx_word' id='word_1_31' title='bbox 676 624 815 676; x_wconf 83' lang='lat' dir='ltr'><strong>intra</strong></span> <span class='ocrx_word' id='word_1_32' title='bbox 870 637 928 676; x_wconf 88' lang='lat' dir='ltr'><strong>se</strong></span> <span class='ocrx_word' id='word_1_33' title='bbox 975 621 1296 689; x_wconf 86' lang='lat' dir='ltr'><strong>possidenti,</strong></span> <span class='ocrx_word' id='word_1_34' title='bbox 1337 620 1520 675; x_wconf 77' lang='lat' dir='ltr'><strong>dicere</strong></span> <span class='ocrx_word' id='word_1_35' title='bbox 1574 621 1869 692; x_wconf 81' lang='lat' dir='ltr'><strong>congruit:</strong></span> <span class='ocrx_word' id='word_1_36' title='bbox 1909 621 2032 675; x_wconf 83' lang='lat' dir='ltr'><strong>Nisi</strong></span> 
     </span>
    </p>
   </div>
   <div class='ocr_carea' id='block_1_6' title="bbox 2151 530 3710 605">
    <p class='ocr_par' dir='ltr' id='par_1_6' title="bbox 2151 530 3710 605">
     <span class='ocr_line' id='line_1_6' title="bbox 2151 530 3710 605; baseline 0.006 -23"><span class='ocrx_word' id='word_1_37' title='bbox 2151 530 2366 602; x_wconf 79' lang='grc' dir='ltr'>Ἰσραὴλ</span> <span class='ocrx_word' id='word_1_38' title='bbox 2403 531 2460 584; x_wconf 84' lang='grc' dir='ltr'>δὲ</span> <span class='ocrx_word' id='word_1_39' title='bbox 2491 533 2584 586; x_wconf 90' lang='grc' dir='ltr'><strong>τοῦ</strong></span> <span class='ocrx_word' id='word_1_40' title='bbox 2638 533 2852 604; x_wconf 78' lang='grc' dir='ltr'>ἔχοντος</span> <span class='ocrx_word' id='word_1_41' title='bbox 2889 535 2947 587; x_wconf 81' lang='grc' dir='ltr'>ὲν</span> <span class='ocrx_word' id='word_1_42' title='bbox 2987 535 3163 605; x_wconf 84' lang='grc' dir='ltr'>ἑαυτῷ</span> <span class='ocrx_word' id='word_1_43' title='bbox 3203 535 3295 588; x_wconf 82' lang='grc' dir='ltr'><strong>τὸν</strong></span> <span class='ocrx_word' id='word_1_44' title='bbox 3329 536 3481 598; x_wconf 82' lang='grc' dir='ltr'>Θεὸν,</span> <span class='ocrx_word' id='word_1_45' title='bbox 3515 539 3576 591; x_wconf 85' lang='grc' dir='ltr'><strong>τὸ</strong></span> <span class='ocrx_word' id='word_1_46' title='bbox 3615 539 3710 592; x_wconf 88' lang='grc' dir='ltr'><strong>δύ-</strong></span> 
     </span>
    </p>
   </div>
   <div class='ocr_carea' id='block_1_7' title="bbox 2135 618 3711 696">
    <p class='ocr_par' dir='ltr' id='par_1_7' title="bbox 2135 618 3711 696">
     <span class='ocr_line' id='line_1_7' title="bbox 2135 618 3711 696; baseline 0.008 -26"><span class='ocrx_word' id='word_1_47' title='bbox 2135 618 2326 674; x_wconf 86' lang='grc' dir='ltr'>νασθαι</span> <span class='ocrx_word' id='word_1_48' title='bbox 2351 619 2546 690; x_wconf 81' lang='grc' dir='ltr'>λέγειν·</span> <span class='ocrx_word' id='word_1_49' title='bbox 2563 623 2632 675; x_wconf 81' lang='lat' dir='ltr'><strong>El</strong></span> <span class='ocrx_word' id='word_1_50' title='bbox 2653 622 2740 692; x_wconf 77' lang='grc' dir='ltr'>μὴ</span> <span class='ocrx_word' id='word_1_51' title='bbox 2769 623 2856 676; x_wconf 84' lang='grc' dir='ltr'>ὅτι</span> <span class='ocrx_word' id='word_1_52' title='bbox 2884 625 3096 692; x_wconf 81' lang='grc' dir='ltr'>Κύριος</span> <span class='ocrx_word' id='word_1_53' title='bbox 3121 622 3200 695; x_wconf 80' lang='grc' dir='ltr'><strong>ἦν</strong></span> <span class='ocrx_word' id='word_1_54' title='bbox 3223 625 3294 678; x_wconf 71' lang='grc' dir='ltr'><strong>ἐν·</strong></span> <span class='ocrx_word' id='word_1_55' title='bbox 3313 627 3476 696; x_wconf 75' lang='grc' dir='ltr'>ἡμῖν.</span> <span class='ocrx_word' id='word_1_56' title='bbox 3523 629 3711 692; x_wconf 69' lang='grc' dir='ltr'>Ἰζοιοῦ-</span> 
     </span>
    </p>
   </div>
   <div class='ocr_carea' id='block_1_8' title="bbox 447 706 2014 788">
    <p class='ocr_par' dir='ltr' id='par_1_8' title="bbox 447 711 2014 782">
     <span class='ocr_line' id='line_1_8' title="bbox 447 711 2014 782; baseline 0.001 -16"><span class='ocrx_word' id='word_1_57' title='bbox 447 715 717 768; x_wconf 72' lang='grc' dir='ltr'>ὓοηιίηιιε</span> <span class='ocrx_word' id='word_1_58' title='bbox 792 713 978 782; x_wconf 80' lang='lat' dir='ltr'><strong>fuisset</strong></span> <span class='ocrx_word' id='word_1_59' title='bbox 1041 713 1094 764; x_wconf 90' lang='lat' dir='ltr'><strong>in</strong></span> <span class='ocrx_word' id='word_1_60' title='bbox 1154 713 1324 768; x_wconf 83' lang='lat' dir='ltr'><strong>nobis.</strong></span> <span class='ocrx_word' id='word_1_61' title='bbox 1395 711 1713 782; x_wconf 85' lang='lat' dir='ltr'><strong>llujnsmodi</strong></span> <span class='ocrx_word' id='word_1_62' title='bbox 1763 722 1881 767; x_wconf 88' lang='lat' dir='ltr'><strong>erat</strong></span> <span class='ocrx_word' id='word_1_63' title='bbox 1932 714 2014 768; x_wconf 86' lang='lat' dir='ltr'><strong>sul</strong></span> 
     </span>
    </p>
   </div>
   <div class='ocr_carea' id='block_1_9' title="bbox 2121 706 3711 788">
    <p class='ocr_par' dir='ltr' id='par_1_9' title="bbox 2132 706 3711 788">
     <span class='ocr_line' id='line_1_9' title="bbox 2132 706 3711 788; baseline 0.009 -28"><span class='ocrx_word' id='word_1_64' title='bbox 2132 725 2224 772; x_wconf 82' lang='grc' dir='ltr'><strong>τος</strong></span> <span class='ocrx_word' id='word_1_65' title='bbox 2252 706 2320 780; x_wconf 84' lang='grc' dir='ltr'>ἦν</span> <span class='ocrx_word' id='word_1_66' title='bbox 2352 713 2380 763; x_wconf 92' lang='lat'><strong>6</strong></span> <span class='ocrx_word' id='word_1_67' title='bbox 2419 712 2523 764; x_wconf 85' lang='grc' dir='ltr'><strong>ὑπὸ</strong></span> <span class='ocrx_word' id='word_1_68' title='bbox 2567 715 2846 778; x_wconf 81' lang='grc' dir='ltr'>Μωῦσέως</span> <span class='ocrx_word' id='word_1_69' title='bbox 2881 715 3173 786; x_wconf 85' lang='grc' dir='ltr'>γενόμενος</span> <span class='ocrx_word' id='word_1_70' title='bbox 3229 715 3465 788; x_wconf 82' lang='grc' dir='ltr'>Ἰσραὴλ,</span> <span class='ocrx_word' id='word_1_71' title='bbox 3505 712 3549 787; x_wconf 83' lang='grc' dir='ltr'>ᾧ</span> <span class='ocrx_word' id='word_1_72' title='bbox 3597 721 3711 774; x_wconf 77' lang='grc' dir='ltr'>ἑλέ-</span> 
     </span>
    </p>
   </div>
   <div class='ocr_carea' id='block_1_10' title="bbox 721 803 2028 870">
    <p class='ocr_par' dir='ltr' id='par_1_10' title="bbox 721 803 2028 870">
     <span class='ocr_line' id='line_1_10' title="bbox 721 803 2028 870; baseline -0.002 -12"><span class='ocrx_word' id='word_1_73' title='bbox 721 804 930 870; x_wconf 82' lang='lat' dir='ltr'><strong>Israel,</strong></span> <span class='ocrx_word' id='word_1_74' title='bbox 997 803 1082 858; x_wconf 92' lang='lat' dir='ltr'><strong>cui</strong></span> <span class='ocrx_word' id='word_1_75' title='bbox 1155 805 1491 858; x_wconf 71' lang='lat' dir='ltr'><strong>dicebatur:</strong></span> <span class='ocrx_word' id='word_1_76' title='bbox 1549 803 1680 870; x_wconf 83' lang='lat' dir='ltr'><strong>Sile,</strong></span> <span class='ocrx_word' id='word_1_77' title='bbox 1733 813 1782 859; x_wconf 87' lang='lat' dir='ltr'><strong>et</strong></span> <span class='ocrx_word' id='word_1_78' title='bbox 1852 806 1978 858; x_wconf 87' lang='lat' dir='ltr'><strong>audi</strong></span> <span class='ocrx_word' id='word_1_79' title='bbox 2011 843 2028 870; x_wconf 93' lang='lat'><strong>,</strong></span> 
     </span>
    </p>
   </div>
   <div class='ocr_carea' id='block_1_11' title="bbox 458 807 644 876">
    <p class='ocr_par' dir='ltr' id='par_1_11' title="bbox 458 807 644 876">
     <span class='ocr_line' id='line_1_11' title="bbox 458 807 644 876; baseline 0 -16"><span class='ocrx_word' id='word_1_80' title='bbox 458 807 644 876; x_wconf 79' lang='lat' dir='ltr'><strong>Moyse</strong></span> 
     </span>
    </p>
   </div>
   <div class='ocr_carea' id='block_1_12' title="bbox 2131 801 3709 876">
    <p class='ocr_par' dir='ltr' id='par_1_12' title="bbox 2131 801 3709 876">
     <span class='ocr_line' id='line_1_12' title="bbox 2131 801 3709 876; baseline 0.007 -23"><span class='ocrx_word' id='word_1_81' title='bbox 2131 817 2257 870; x_wconf 87' lang='grc' dir='ltr'>γετο</span> <span class='ocrx_word' id='word_1_82' title='bbox 2276 818 2289 830; x_wconf 73' lang='grc' dir='ltr'><strong><em>ο</em></strong></span> <span class='ocrx_word' id='word_1_83' title='bbox 2319 801 2536 867; x_wconf 84' lang='grc' dir='ltr'><strong>Σιώπα,</strong></span> <span class='ocrx_word' id='word_1_84' title='bbox 2561 805 2660 857; x_wconf 82' lang='grc' dir='ltr'>καὶ</span> <span class='ocrx_word' id='word_1_85' title='bbox 2688 803 2891 868; x_wconf 79' lang='grc' dir='ltr'>ἄκουε,</span> <span class='ocrx_word' id='word_1_86' title='bbox 2935 803 3202 874; x_wconf 77' lang='grc' dir='ltr'>Ἰσραήλ·</span> <span class='ocrx_word' id='word_1_87' title='bbox 3233 808 3332 862; x_wconf 80' lang='grc' dir='ltr'>καὶ</span> <span class='ocrx_word' id='word_1_88' title='bbox 3359 810 3574 876; x_wconf 83' lang='grc' dir='ltr'>Κύριος</span> <span class='ocrx_word' id='word_1_89' title='bbox 3601 825 3709 864; x_wconf 83' lang='grc' dir='ltr'>πο-</span> 
     </span>
    </p>
   </div>
   <div class='ocr_carea' id='block_1_13' title="bbox 459 889 2014 968">
    <p class='ocr_par' dir='ltr' id='par_1_13' title="bbox 459 897 2014 968">
     <span class='ocr_line' id='line_1_13' title="bbox 459 897 2014 968; baseline -0.001 -16"><span class='ocrx_word' id='word_1_90' title='bbox 459 897 651 952; x_wconf 84' lang='lat' dir='ltr'><strong>Israel.</strong></span> <span class='ocrx_word' id='word_1_91' title='bbox 701 898 958 953; x_wconf 85' lang='lat' dir='ltr'><strong>Dominus</strong></span> <span class='ocrx_word' id='word_1_92' title='bbox 1018 913 1113 967; x_wconf 85' lang='lat' dir='ltr'><strong>pro</strong></span> <span class='ocrx_word' id='word_1_93' title='bbox 1161 899 1304 951; x_wconf 82' lang='lat' dir='ltr'><strong>vobis</strong></span> <span class='ocrx_word' id='word_1_94' title='bbox 1354 899 1640 968; x_wconf 83' lang='lat' dir='ltr'><strong>pugnabit,</strong></span> <span class='ocrx_word' id='word_1_95' title='bbox 1679 909 1726 951; x_wconf 87' lang='lat' dir='ltr'><strong>et</strong></span> <span class='ocrx_word' id='word_1_96' title='bbox 1783 913 1868 951; x_wconf 79' lang='lat' dir='ltr'><strong>vos</strong></span> <span class='ocrx_word' id='word_1_97' title='bbox 1909 898 2014 950; x_wconf 76' lang='lat' dir='ltr'><strong>sile</strong></span> 
     </span>
    </p>
   </div>
   <div class='ocr_carea' id='block_1_14' title="bbox 2121 889 3498 968">
    <p class='ocr_par' dir='ltr' id='par_1_14' title="bbox 2129 889 3498 966">
     <span class='ocr_line' id='line_1_14' title="bbox 2129 889 3498 966; baseline 0.007 -22"><span class='ocrx_word' id='word_1_98' title='bbox 2129 889 2382 960; x_wconf 77' lang='grc' dir='ltr'>λεμήσει</span> <span class='ocrx_word' id='word_1_99' title='bbox 2413 891 2566 960; x_wconf 82' lang='grc' dir='ltr'>ὑπὲρ</span> <span class='ocrx_word' id='word_1_100' title='bbox 2592 893 2780 963; x_wconf 82' lang='grc' dir='ltr'>ὑμῶν,</span> <span class='ocrx_word' id='word_1_101' title='bbox 2817 894 2917 949; x_wconf 80' lang='grc' dir='ltr'>καὶ</span> <span class='ocrx_word' id='word_1_102' title='bbox 2945 895 3114 964; x_wconf 85' lang='grc' dir='ltr'><strong>ὑμεῖς</strong></span> <span class='ocrx_word' id='word_1_103' title='bbox 3145 896 3498 966; x_wconf 78' lang='grc' dir='ltr'>σιγήσεσθε.</span> 
     </span>
    </p>
   </div>
   <div class='ocr_carea' id='block_1_15' title="bbox 453 991 653 1044">
    <p class='ocr_par' dir='ltr' id='par_1_15' title="bbox 453 991 653 1044">
     <span class='ocr_line' id='line_1_15' title="bbox 453 991 653 1044; baseline -0.01 0"><span class='ocrx_word' id='word_1_104' title='bbox 453 991 580 1044; x_wconf 79' lang='lat' dir='ltr'><strong>bitis</strong></span> <span class='ocrx_word' id='word_1_105' title='bbox 614 991 653 1042; x_wconf 81' lang='grc'><strong>⁸.</strong></span> 
     </span>
    </p>
   </div>
   <div class='ocr_carea' id='block_1_16' title="bbox 633 1079 1858 1152">
    <p class='ocr_par' dir='ltr' id='par_1_16' title="bbox 633 1079 1858 1152">
     <span class='ocr_line' id='line_1_16' title="bbox 633 1079 1858 1152; baseline 0.002 -16"><span class='ocrx_word' id='word_1_106' title='bbox 633 1083 794 1136; x_wconf 73' lang='lat' dir='ltr'><strong>Vens.</strong></span> <span class='ocrx_word' id='word_1_107' title='bbox 823 1081 879 1136; x_wconf 79' lang='grc'><strong>5.</strong></span> <span class='ocrx_word' id='word_1_108' title='bbox 915 1079 1166 1137; x_wconf 75' lang='lat' dir='ltr'><strong>Fortasse</strong></span> <span class='ocrx_word' id='word_1_109' title='bbox 1193 1083 1330 1137; x_wconf 79' lang='lat' dir='ltr'><strong>vivos</strong></span> <span class='ocrx_word' id='word_1_110' title='bbox 1377 1083 1716 1152; x_wconf 83' lang='lat' dir='ltr'><strong>deglutissent</strong></span> <span class='ocrx_word' id='word_1_111' title='bbox 1745 1099 1858 1139; x_wconf 81' lang='lat' dir='ltr'><strong>nos.</strong></span> 
     </span>
    </p>
   </div>
   <div class='ocr_carea' id='block_1_17' title="bbox 523 1171 2028 1240">
    <p class='ocr_par' dir='ltr' id='par_1_17' title="bbox 523 1171 2028 1240">
     <span class='ocr_line' id='line_1_17' title="bbox 523 1171 2028 1240; baseline -0.001 -14"><span class='ocrx_word' id='word_1_112' title='bbox 523 1172 866 1226; x_wconf 87' lang='lat' dir='ltr'><strong>Calamitatis</strong></span> <span class='ocrx_word' id='word_1_113' title='bbox 903 1181 1137 1240; x_wconf 91' lang='lat' dir='ltr'><strong>tempus,</strong></span> <span class='ocrx_word' id='word_1_114' title='bbox 1164 1174 1410 1240; x_wconf 82' lang='lat' dir='ltr'><strong>quamvis</strong></span> <span class='ocrx_word' id='word_1_115' title='bbox 1437 1173 1508 1226; x_wconf 88' lang='lat' dir='ltr'><strong>sit</strong></span> <span class='ocrx_word' id='word_1_116' title='bbox 1539 1174 1849 1235; x_wconf 85' lang='lat' dir='ltr'><strong>vehemens,</strong></span> <span class='ocrx_word' id='word_1_117' title='bbox 1883 1171 2028 1225; x_wconf 90' lang='lat' dir='ltr'><strong>nihi-</strong></span> 
     </span>
    </p>
   </div>
   <div class='ocr_carea' id='block_1_18' title="bbox 453 1263 1533 1319">
    <p class='ocr_par' dir='ltr' id='par_1_18' title="bbox 453 1263 1533 1319">
     <span class='ocr_line' id='line_1_18' title="bbox 453 1263 1533 1319; baseline -0.001 -3"><span class='ocrx_word' id='word_1_118' title='bbox 453 1263 692 1319; x_wconf 87' lang='lat' dir='ltr'><strong>lominus</strong></span> <span class='ocrx_word' id='word_1_119' title='bbox 721 1264 985 1315; x_wconf 89' lang='lat' dir='ltr'><strong>torrentis</strong></span> <span class='ocrx_word' id='word_1_120' title='bbox 1021 1263 1194 1316; x_wconf 87' lang='lat' dir='ltr'><strong>instar</strong></span> <span class='ocrx_word' id='word_1_121' title='bbox 1237 1264 1400 1318; x_wconf 85' lang='lat' dir='ltr'><strong>breve</strong></span> <span class='ocrx_word' id='word_1_122' title='bbox 1431 1272 1533 1316; x_wconf 88' lang='lat' dir='ltr'><strong>est.</strong></span> 
     </span>
    </p>
   </div>
   <div class='ocr_carea' id='block_1_19' title="bbox 735 1352 1778 1418">
    <p class='ocr_par' dir='ltr' id='par_1_19' title="bbox 735 1352 1778 1418">
     <span class='ocr_line' id='line_1_19' title="bbox 735 1352 1778 1418; baseline 0.009 -16"><span class='ocrx_word' id='word_1_123' title='bbox 735 1353 896 1407; x_wconf 76' lang='lat' dir='ltr'><strong>Vens.</strong></span> <span class='ocrx_word' id='word_1_124' title='bbox 929 1352 979 1406; x_wconf 79' lang='grc'><strong>6.</strong></span> <span class='ocrx_word' id='word_1_125' title='bbox 1015 1353 1329 1408; x_wconf 84' lang='lat' dir='ltr'><strong>Benedictus</strong></span> <span class='ocrx_word' id='word_1_126' title='bbox 1357 1353 1632 1418; x_wconf 84' lang='lat' dir='ltr'><strong>Dominus,</strong></span> <span class='ocrx_word' id='word_1_127' title='bbox 1671 1363 1778 1412; x_wconf 90' lang='lat' dir='ltr'><strong>etc.</strong></span> 
     </span>
    </p>
   </div>
   <div class='ocr_carea' id='block_1_20' title="bbox 523 1447 2026 1517">
    <p class='ocr_par' dir='ltr' id='par_1_20' title="bbox 523 1447 2026 1517">
     <span class='ocr_line' id='line_1_20' title="bbox 523 1447 2026 1517; baseline 0 -16"><span class='ocrx_word' id='word_1_128' title='bbox 523 1447 698 1515; x_wconf 85' lang='lat' dir='ltr'><strong>Quem</strong></span> <span class='ocrx_word' id='word_1_129' title='bbox 725 1463 857 1502; x_wconf 88' lang='lat' dir='ltr'><strong>vero</strong></span> <span class='ocrx_word' id='word_1_130' title='bbox 883 1447 1104 1500; x_wconf 82' lang='lat' dir='ltr'><strong>laudare</strong></span> <span class='ocrx_word' id='word_1_131' title='bbox 1133 1447 1458 1517; x_wconf 86' lang='lat' dir='ltr'><strong>hymnisque</strong></span> <span class='ocrx_word' id='word_1_132' title='bbox 1492 1448 1774 1503; x_wconf 89' lang='lat' dir='ltr'><strong>celebrare</strong></span> <span class='ocrx_word' id='word_1_133' title='bbox 1815 1456 2026 1516; x_wconf 87' lang='lat' dir='ltr'><strong>oporte-</strong></span> 
     </span>
    </p>
   </div>
   <div class='ocr_carea' id='block_1_21' title="bbox 451 1536 2026 1610">
    <p class='ocr_par' dir='ltr' id='par_1_21' title="bbox 451 1536 2026 1610">
     <span class='ocr_line' id='line_1_21' title="bbox 451 1536 2026 1610; baseline 0.001 -16"><span class='ocrx_word' id='word_1_134' title='bbox 451 1539 566 1603; x_wconf 87' lang='lat' dir='ltr'><strong>bat,</strong></span> <span class='ocrx_word' id='word_1_135' title='bbox 593 1547 878 1610; x_wconf 85' lang='lat' dir='ltr'><strong>preplerea</strong></span> <span class='ocrx_word' id='word_1_136' title='bbox 929 1539 1072 1602; x_wconf 87' lang='lat' dir='ltr'><strong>quod</strong></span> <span class='ocrx_word' id='word_1_137' title='bbox 1095 1539 1286 1605; x_wconf 64' lang='lat' dir='ltr'><strong>praedae</strong></span> <span class='ocrx_word' id='word_1_138' title='bbox 1310 1554 1414 1593; x_wconf 91' lang='lat' dir='ltr'><strong>non</strong></span> <span class='ocrx_word' id='word_1_139' title='bbox 1443 1536 2026 1595; x_wconf 81' lang='lat' dir='ltr'><strong>fuerimushominibus</strong></span> 
     </span>
    </p>
   </div>
   <div class='ocr_carea' id='block_1_22' title="bbox 452 1631 2026 1704">
    <p class='ocr_par' dir='ltr' id='par_1_22' title="bbox 452 1631 2026 1704">
     <span class='ocr_line' id='line_1_22' title="bbox 452 1631 2026 1704; baseline 0 -18"><span class='ocrx_word' id='word_1_140' title='bbox 452 1635 542 1704; x_wconf 86' lang='lat' dir='ltr'><strong>qui</strong></span> <span class='ocrx_word' id='word_1_141' title='bbox 579 1634 849 1702; x_wconf 79' lang='lat' dir='ltr'><strong>deglutire</strong></span> <span class='ocrx_word' id='word_1_142' title='bbox 875 1647 973 1686; x_wconf 90' lang='lat' dir='ltr'><strong>nos</strong></span> <span class='ocrx_word' id='word_1_143' title='bbox 999 1631 1276 1696; x_wconf 88' lang='lat' dir='ltr'><strong>volebant,</strong></span> <span class='ocrx_word' id='word_1_144' title='bbox 1311 1631 1414 1686; x_wconf 87' lang='lat' dir='ltr'><strong>nisi</strong></span> <span class='ocrx_word' id='word_1_145' title='bbox 1451 1631 1733 1686; x_wconf 89' lang='lat' dir='ltr'><strong>Dominum</strong></span> <span class='ocrx_word' id='word_1_146' title='bbox 1761 1632 1850 1702; x_wconf 81' lang='lat' dir='ltr'><strong>qui</strong></span> <span class='ocrx_word' id='word_1_147' title='bbox 1885 1632 2026 1701; x_wconf 86' lang='lat' dir='ltr'><strong>apud</strong></span> 
     </span>
    </p>
   </div>
   <div class='ocr_carea' id='block_1_23' title="bbox 441 1707 2021 1792">
    <p class='ocr_par' dir='ltr' id='par_1_23' title="bbox 441 1707 2021 1792">
     <span class='ocr_line' id='line_1_23' title="bbox 441 1707 2021 1792; baseline 0 -14"><span class='ocrx_word' id='word_1_148' title='bbox 441 1707 554 1778; x_wconf 80' lang='lat' dir='ltr'><strong>nos</strong></span> <span class='ocrx_word' id='word_1_149' title='bbox 587 1723 714 1778; x_wconf 84' lang='lat' dir='ltr'><strong>est?</strong></span> <span class='ocrx_word' id='word_1_150' title='bbox 753 1722 946 1792; x_wconf 86' lang='lat' dir='ltr'><strong>Utique</strong></span> <span class='ocrx_word' id='word_1_151' title='bbox 973 1721 1048 1776; x_wconf 90' lang='lat' dir='ltr'><strong>illi</strong></span> <span class='ocrx_word' id='word_1_152' title='bbox 1081 1721 1146 1774; x_wconf 90' lang='lat' dir='ltr'><strong>ad</strong></span> <span class='ocrx_word' id='word_1_153' title='bbox 1186 1731 1468 1790; x_wconf 87' lang='lat' dir='ltr'><strong>capturam</strong></span> <span class='ocrx_word' id='word_1_154' title='bbox 1503 1733 1740 1776; x_wconf 88' lang='lat' dir='ltr'><strong>nostram</strong></span> <span class='ocrx_word' id='word_1_155' title='bbox 1781 1735 2021 1789; x_wconf 87' lang='lat' dir='ltr'><strong>ruentes,</strong></span> 
     </span>
    </p>
   </div>
   <div class='ocr_carea' id='block_1_24' title="bbox 451 1809 2025 1880">
    <p class='ocr_par' dir='ltr' id='par_1_24' title="bbox 451 1809 2025 1880">
     <span class='ocr_line' id='line_1_24' title="bbox 451 1809 2025 1880; baseline -0.002 -14"><span class='ocrx_word' id='word_1_156' title='bbox 451 1823 510 1866; x_wconf 91' lang='lat' dir='ltr'><strong>ut</strong></span> <span class='ocrx_word' id='word_1_157' title='bbox 539 1813 1008 1874; x_wconf 84' lang='lat' dir='ltr'><strong>nosdevorarent,</strong></span> <span class='ocrx_word' id='word_1_158' title='bbox 1050 1809 1276 1864; x_wconf 87' lang='lat' dir='ltr'><strong>consilia</strong></span> <span class='ocrx_word' id='word_1_159' title='bbox 1329 1825 1428 1864; x_wconf 89' lang='lat' dir='ltr'><strong>sua</strong></span> <span class='ocrx_word' id='word_1_160' title='bbox 1481 1811 1709 1879; x_wconf 77' lang='lat' dir='ltr'><strong>exsequi</strong></span> <span class='ocrx_word' id='word_1_161' title='bbox 1752 1811 1894 1866; x_wconf 86' lang='lat' dir='ltr'><strong>haud</strong></span> <span class='ocrx_word' id='word_1_162' title='bbox 1931 1829 2025 1880; x_wconf 86' lang='lat' dir='ltr'><strong>po-</strong></span> 
     </span>
    </p>
   </div>
   <div class='ocr_carea' id='block_1_25' title="bbox 455 1898 2020 1968">
    <p class='ocr_par' dir='ltr' id='par_1_25' title="bbox 455 1898 2020 1968">
     <span class='ocr_line' id='line_1_25' title="bbox 455 1898 2020 1968; baseline 0 -14"><span class='ocrx_word' id='word_1_163' title='bbox 455 1909 696 1956; x_wconf 90' lang='lat' dir='ltr'><strong>tuerunt.</strong></span> <span class='ocrx_word' id='word_1_164' title='bbox 751 1898 1070 1966; x_wconf 80' lang='lat' dir='ltr'><strong>Exasperati</strong></span> <span class='ocrx_word' id='word_1_165' title='bbox 1121 1899 1264 1952; x_wconf 89' lang='lat' dir='ltr'><strong>enim</strong></span> <span class='ocrx_word' id='word_1_166' title='bbox 1319 1899 1526 1953; x_wconf 87' lang='lat' dir='ltr'><strong>crudeli</strong></span> <span class='ocrx_word' id='word_1_167' title='bbox 1573 1902 1757 1957; x_wconf 91' lang='lat' dir='ltr'><strong>animo</strong></span> <span class='ocrx_word' id='word_1_168' title='bbox 1813 1901 2020 1968; x_wconf 80' lang='lat' dir='ltr'><strong>leones,</strong></span> 
     </span>
    </p>
   </div>
   <div class='ocr_carea' id='block_1_26' title="bbox 449 1989 2024 2059">
    <p class='ocr_par' dir='ltr' id='par_1_26' title="bbox 449 1989 2024 2059">
     <span class='ocr_line' id='line_1_26' title="bbox 449 1989 2024 2059; baseline 0.001 -13"><span class='ocrx_word' id='word_1_169' title='bbox 449 1993 705 2047; x_wconf 73' lang='lat' dir='ltr'><strong>dentibus</strong></span> <span class='ocrx_word' id='word_1_170' title='bbox 733 1992 846 2046; x_wconf 84' lang='lat' dir='ltr'><strong>suis</strong></span> <span class='ocrx_word' id='word_1_171' title='bbox 873 2007 969 2045; x_wconf 87' lang='lat' dir='ltr'><strong>nos</strong></span> <span class='ocrx_word' id='word_1_172' title='bbox 1001 2005 1196 2059; x_wconf 90' lang='lat' dir='ltr'><strong>capere</strong></span> <span class='ocrx_word' id='word_1_173' title='bbox 1227 1989 1497 2054; x_wconf 81' lang='lat' dir='ltr'><strong>avebant;</strong></span> <span class='ocrx_word' id='word_1_174' title='bbox 1526 1992 1619 2045; x_wconf 88' lang='lat' dir='ltr'><strong>sed</strong></span> <span class='ocrx_word' id='word_1_175' title='bbox 1654 2002 1831 2046; x_wconf 88' lang='lat' dir='ltr'><strong>tamen</strong></span> <span class='ocrx_word' id='word_1_176' title='bbox 1857 2009 2024 2059; x_wconf 78' lang='lat' dir='ltr'><strong>scapo</strong></span> 
     </span>
    </p>
   </div>
   <div class='ocr_carea' id='block_1_27' title="bbox 449 2080 2022 2152">
    <p class='ocr_par' dir='ltr' id='par_1_27' title="bbox 449 2080 2022 2152">
     <span class='ocr_line' id='line_1_27' title="bbox 449 2080 2022 2152; baseline 0.001 -16"><span class='ocrx_word' id='word_1_177' title='bbox 449 2097 552 2137; x_wconf 87' lang='lat' dir='ltr'><strong>suo</strong></span> <span class='ocrx_word' id='word_1_178' title='bbox 583 2081 746 2152; x_wconf 78' lang='lat' dir='ltr'><strong>poliri</strong></span> <span class='ocrx_word' id='word_1_179' title='bbox 777 2080 1158 2151; x_wconf 89' lang='lat' dir='ltr'><strong>nequiverunt,</strong></span> <span class='ocrx_word' id='word_1_180' title='bbox 1192 2080 1334 2133; x_wconf 90' lang='lat' dir='ltr'><strong>haud</strong></span> <span class='ocrx_word' id='word_1_181' title='bbox 1359 2096 1456 2134; x_wconf 87' lang='lat' dir='ltr'><strong>nos</strong></span> <span class='ocrx_word' id='word_1_182' title='bbox 1489 2081 1594 2135; x_wconf 89' lang='lat' dir='ltr'><strong>illis</strong></span> <span class='ocrx_word' id='word_1_183' title='bbox 1627 2083 1873 2137; x_wconf 84' lang='lat' dir='ltr'><strong>tradente</strong></span> <span class='ocrx_word' id='word_1_184' title='bbox 1917 2085 2022 2138; x_wconf 69' lang='grc' dir='ltr'>υορ</span> 
     </span>
    </p>
   </div>
   <div class='ocr_carea' id='block_1_28' title="bbox 449 2171 2023 2240">
    <p class='ocr_par' dir='ltr' id='par_1_28' title="bbox 449 2171 2023 2240">
     <span class='ocr_line' id='line_1_28' title="bbox 449 2171 2023 2240; baseline 0.002 -12"><span class='ocrx_word' id='word_1_185' title='bbox 449 2177 597 2229; x_wconf 88' lang='lat' dir='ltr'><strong>mino</strong></span> <span class='ocrx_word' id='word_1_186' title='bbox 629 2192 643 2228; x_wconf 89' lang='lat'><strong>:</strong></span> <span class='ocrx_word' id='word_1_187' title='bbox 676 2173 760 2228; x_wconf 89' lang='lat' dir='ltr'><strong>cui</strong></span> <span class='ocrx_word' id='word_1_188' title='bbox 791 2176 955 2228; x_wconf 87' lang='lat' dir='ltr'><strong>etiam</strong></span> <span class='ocrx_word' id='word_1_189' title='bbox 983 2171 1378 2236; x_wconf 89' lang='lat' dir='ltr'><strong>benedicimus,</strong></span> <span class='ocrx_word' id='word_1_190' title='bbox 1406 2172 1496 2240; x_wconf 89' lang='lat' dir='ltr'><strong>qui</strong></span> <span class='ocrx_word' id='word_1_191' title='bbox 1528 2188 1626 2227; x_wconf 89' lang='lat' dir='ltr'><strong>nos</strong></span> <span class='ocrx_word' id='word_1_192' title='bbox 1656 2189 1685 2226; x_wconf 90' lang='lat' dir='ltr'><strong>a</strong></span> <span class='ocrx_word' id='word_1_193' title='bbox 1717 2175 2023 2231; x_wconf 78' lang='lat' dir='ltr'><strong>furentibus</strong></span> 
     </span>
    </p>
   </div>
   <div class='ocr_carea' id='block_1_29' title="bbox 447 2263 980 2321">
    <p class='ocr_par' dir='ltr' id='par_1_29' title="bbox 447 2263 980 2321">
     <span class='ocr_line' id='line_1_29' title="bbox 447 2263 980 2321; baseline -0.009 0"><span class='ocrx_word' id='word_1_194' title='bbox 447 2267 700 2321; x_wconf 86' lang='lat' dir='ltr'><strong>hostibus</strong></span> <span class='ocrx_word' id='word_1_195' title='bbox 721 2263 980 2318; x_wconf 77' lang='lat' dir='ltr'><strong>liberavit.</strong></span> 
     </span>
    </p>
   </div>
   <div class='ocr_carea' id='block_1_30' title="bbox 935 2353 1570 2428">
    <p class='ocr_par' dir='ltr' id='par_1_30' title="bbox 935 2353 1570 2428">
     <span class='ocr_line' id='line_1_30' title="bbox 935 2353 1570 2428; baseline 0.002 -20"><span class='ocrx_word' id='word_1_196' title='bbox 935 2354 1255 2410; x_wconf 80' lang='lat' dir='ltr'><strong>PSALMUS</strong></span> <span class='ocrx_word' id='word_1_197' title='bbox 1293 2353 1529 2409; x_wconf 71' lang='lat' dir='ltr'><strong>cxxnv.</strong></span> <span class='ocrx_word' id='word_1_198' title='bbox 1567 2425 1570 2428; x_wconf 23' lang='grc' dir='ltr'><strong><em>η</em></strong></span> 
     </span>
    </p>
   </div>
   <div class='ocr_carea' id='block_1_31' title="bbox 731 2447 1734 2518">
    <p class='ocr_par' dir='ltr' id='par_1_31' title="bbox 731 2447 1734 2518">
     <span class='ocr_line' id='line_1_31' title="bbox 731 2447 1734 2518; baseline 0.001 -16"><span class='ocrx_word' id='word_1_199' title='bbox 731 2448 890 2503; x_wconf 73' lang='lat' dir='ltr'><strong>Vens.</strong></span> <span class='ocrx_word' id='word_1_200' title='bbox 919 2448 976 2502; x_wconf 71' lang='lat'><strong>‘2.</strong></span> <span class='ocrx_word' id='word_1_201' title='bbox 1015 2447 1216 2502; x_wconf 82' lang='lat' dir='ltr'><strong>Montes</strong></span> <span class='ocrx_word' id='word_1_202' title='bbox 1247 2449 1303 2501; x_wconf 86' lang='lat' dir='ltr'><strong>in</strong></span> <span class='ocrx_word' id='word_1_203' title='bbox 1344 2449 1569 2501; x_wconf 85' lang='lat' dir='ltr'><strong>circuitu</strong></span> <span class='ocrx_word' id='word_1_204' title='bbox 1599 2449 1734 2518; x_wconf 83' lang='lat' dir='ltr'><strong>ejus.</strong></span> 
     </span>
    </p>
   </div>
   <div class='ocr_carea' id='block_1_32' title="bbox 515 2539 2018 2611">
    <p class='ocr_par' dir='ltr' id='par_1_32' title="bbox 515 2539 2018 2611">
     <span class='ocr_line' id='line_1_32' title="bbox 515 2539 2018 2611; baseline -0.001 -16"><span class='ocrx_word' id='word_1_205' title='bbox 515 2541 638 2596; x_wconf 76' lang='lat' dir='ltr'><strong>llaec</strong></span> <span class='ocrx_word' id='word_1_206' title='bbox 670 2541 824 2596; x_wconf 87' lang='lat' dir='ltr'><strong>aiunt</strong></span> <span class='ocrx_word' id='word_1_207' title='bbox 856 2542 946 2609; x_wconf 83' lang='lat' dir='ltr'><strong>qui</strong></span> <span class='ocrx_word' id='word_1_208' title='bbox 990 2541 1146 2611; x_wconf 81' lang='lat' dir='ltr'><strong>longa</strong></span> <span class='ocrx_word' id='word_1_209' title='bbox 1182 2555 1402 2594; x_wconf 78' lang='lat' dir='ltr'><strong>emensa</strong></span> <span class='ocrx_word' id='word_1_210' title='bbox 1443 2541 1525 2591; x_wconf 87' lang='lat' dir='ltr'><strong>via</strong></span> <span class='ocrx_word' id='word_1_211' title='bbox 1572 2541 1644 2593; x_wconf 89' lang='lat' dir='ltr'><strong>ad</strong></span> <span class='ocrx_word' id='word_1_212' title='bbox 1678 2539 2018 2594; x_wconf 83' lang='lat' dir='ltr'><strong>materialem</strong></span> 
     </span>
    </p>
   </div>
   <div class='ocr_carea' id='block_1_33' title="bbox 433 2629 2017 2698">
    <p class='ocr_par' dir='ltr' id='par_1_33' title="bbox 433 2629 2017 2698">
     <span class='ocr_line' id='line_1_33' title="bbox 433 2629 2017 2698; baseline -0.005 -8"><span class='ocrx_word' id='word_1_213' title='bbox 433 2632 738 2690; x_wconf 80' lang='lat' dir='ltr'><strong>Jerusalem</strong></span> <span class='ocrx_word' id='word_1_214' title='bbox 783 2633 984 2688; x_wconf 85' lang='lat' dir='ltr'><strong>reversi</strong></span> <span class='ocrx_word' id='word_1_215' title='bbox 1032 2641 1192 2698; x_wconf 89' lang='lat' dir='ltr'><strong>sunt,</strong></span> <span class='ocrx_word' id='word_1_216' title='bbox 1244 2647 1340 2684; x_wconf 90' lang='lat' dir='ltr'><strong>ceu</strong></span> <span class='ocrx_word' id='word_1_217' title='bbox 1385 2629 1499 2696; x_wconf 84' lang='lat' dir='ltr'><strong>jam</strong></span> <span class='ocrx_word' id='word_1_218' title='bbox 1543 2630 1594 2683; x_wconf 91' lang='lat' dir='ltr'><strong>in</strong></span> <span class='ocrx_word' id='word_1_219' title='bbox 1648 2641 1762 2684; x_wconf 89' lang='lat' dir='ltr'><strong>tuto</strong></span> <span class='ocrx_word' id='word_1_220' title='bbox 1808 2631 2017 2684; x_wconf 88' lang='lat' dir='ltr'><strong>consti-</strong></span> 
     </span>
    </p>
   </div>
   <div class='ocr_carea' id='block_1_34' title="bbox 443 2721 2018 2794">
    <p class='ocr_par' dir='ltr' id='par_1_34' title="bbox 443 2721 2018 2794">
     <span class='ocr_line' id='line_1_34' title="bbox 443 2721 2018 2794; baseline -0.003 -14"><span class='ocrx_word' id='word_1_221' title='bbox 443 2728 566 2793; x_wconf 89' lang='lat' dir='ltr'><strong>tuti,</strong></span> <span class='ocrx_word' id='word_1_222' title='bbox 601 2741 700 2781; x_wconf 89' lang='lat' dir='ltr'><strong>uec</strong></span> <span class='ocrx_word' id='word_1_223' title='bbox 730 2735 837 2779; x_wconf 87' lang='lat' dir='ltr'><strong>tam</strong></span> <span class='ocrx_word' id='word_1_224' title='bbox 861 2727 980 2779; x_wconf 89' lang='lat' dir='ltr'><strong>loco</strong></span> <span class='ocrx_word' id='word_1_225' title='bbox 1009 2739 1172 2794; x_wconf 86' lang='lat' dir='ltr'><strong>quam</strong></span> <span class='ocrx_word' id='word_1_226' title='bbox 1201 2722 1396 2776; x_wconf 76' lang='lat' dir='ltr'><strong>fiducia</strong></span> <span class='ocrx_word' id='word_1_227' title='bbox 1428 2737 1556 2792; x_wconf 82' lang='lat' dir='ltr'><strong>erga</strong></span> <span class='ocrx_word' id='word_1_228' title='bbox 1588 2721 1878 2776; x_wconf 88' lang='lat' dir='ltr'><strong>Dominum</strong></span> <span class='ocrx_word' id='word_1_229' title='bbox 1903 2722 2018 2776; x_wconf 84' lang='lat' dir='ltr'><strong>ala-</strong></span> 
     </span>
    </p>
   </div>
   <div class='ocr_carea' id='block_1_35' title="bbox 443 2813 2014 2886">
    <p class='ocr_par' dir='ltr' id='par_1_35' title="bbox 443 2813 2014 2886">
     <span class='ocr_line' id='line_1_35' title="bbox 443 2813 2014 2886; baseline -0.004 -14"><span class='ocrx_word' id='word_1_230' title='bbox 443 2833 602 2881; x_wconf 85' lang='lat' dir='ltr'><strong>eres;</strong></span> <span class='ocrx_word' id='word_1_231' title='bbox 637 2817 780 2886; x_wconf 90' lang='lat' dir='ltr'><strong>quod</strong></span> <span class='ocrx_word' id='word_1_232' title='bbox 807 2832 936 2870; x_wconf 87' lang='lat' dir='ltr'><strong>sane</strong></span> <span class='ocrx_word' id='word_1_233' title='bbox 963 2815 1161 2868; x_wconf 90' lang='lat' dir='ltr'><strong>melius</strong></span> <span class='ocrx_word' id='word_1_234' title='bbox 1192 2823 1464 2884; x_wconf 88' lang='lat' dir='ltr'><strong>estquam</strong></span> <span class='ocrx_word' id='word_1_235' title='bbox 1499 2814 1647 2868; x_wconf 89' lang='lat' dir='ltr'><strong>urbis</strong></span> <span class='ocrx_word' id='word_1_236' title='bbox 1678 2813 2014 2868; x_wconf 86' lang='lat' dir='ltr'><strong>Hierusalem</strong></span> 
     </span>
    </p>
   </div>
   <div class='ocr_carea' id='block_1_36' title="bbox 443 2904 2017 2975">
    <p class='ocr_par' dir='ltr' id='par_1_36' title="bbox 443 2904 2017 2975">
     <span class='ocr_line' id='line_1_36' title="bbox 443 2904 2017 2975; baseline -0.003 -12"><span class='ocrx_word' id='word_1_237' title='bbox 443 2909 731 2964; x_wconf 87' lang='lat' dir='ltr'><strong>incolatus.</strong></span> <span class='ocrx_word' id='word_1_238' title='bbox 757 2907 1027 2962; x_wconf 68' lang='lat' dir='ltr'><strong>Praeterea</strong></span> <span class='ocrx_word' id='word_1_239' title='bbox 1065 2905 1284 2960; x_wconf 86' lang='lat' dir='ltr'><strong>ubinam</strong></span> <span class='ocrx_word' id='word_1_240' title='bbox 1323 2905 1516 2960; x_wconf 87' lang='lat' dir='ltr'><strong>melius</strong></span> <span class='ocrx_word' id='word_1_241' title='bbox 1549 2920 1612 2959; x_wconf 90' lang='lat' dir='ltr'><strong>se</strong></span> <span class='ocrx_word' id='word_1_242' title='bbox 1659 2904 1884 2960; x_wconf 88' lang='lat' dir='ltr'><strong>haberet</strong></span> <span class='ocrx_word' id='word_1_243' title='bbox 1921 2922 2017 2975; x_wconf 79' lang='lat' dir='ltr'><strong>po-</strong></span> 
     </span>
    </p>
   </div>
   <div class='ocr_carea' id='block_1_37' title="bbox 443 2998 2013 3070">
    <p class='ocr_par' dir='ltr' id='par_1_37' title="bbox 443 2998 2013 3070">
     <span class='ocr_line' id='line_1_37' title="bbox 443 2998 2013 3070; baseline -0.001 -16"><span class='ocrx_word' id='word_1_244' title='bbox 443 2999 640 3070; x_wconf 85' lang='lat' dir='ltr'><strong>pulus?</strong></span> <span class='ocrx_word' id='word_1_245' title='bbox 681 2999 814 3053; x_wconf 69' lang='lat' dir='ltr'><strong>Nam</strong></span> <span class='ocrx_word' id='word_1_246' title='bbox 851 2999 1024 3054; x_wconf 89' lang='lat' dir='ltr'><strong>locum</strong></span> <span class='ocrx_word' id='word_1_247' title='bbox 1053 2998 1268 3067; x_wconf 83' lang='lat' dir='ltr'><strong>quidem</strong></span> <span class='ocrx_word' id='word_1_248' title='bbox 1296 2998 1654 3052; x_wconf 82' lang='lat' dir='ltr'><strong>circumstare</strong></span> <span class='ocrx_word' id='word_1_249' title='bbox 1689 3009 1898 3053; x_wconf 89' lang='lat' dir='ltr'><strong>montes</strong></span> <span class='ocrx_word' id='word_1_250' title='bbox 1927 3000 2013 3054; x_wconf 92' lang='lat' dir='ltr'><strong>hic</strong></span> 
     </span>
    </p>
   </div>
   <div class='ocr_carea' id='block_1_38' title="bbox 441 3091 2011 3163">
    <p class='ocr_par' dir='ltr' id='par_1_38' title="bbox 441 3091 2011 3163">
     <span class='ocr_line' id='line_1_38' title="bbox 441 3091 2011 3163; baseline 0.001 -16"><span class='ocrx_word' id='word_1_251' title='bbox 441 3095 732 3160; x_wconf 87' lang='lat' dir='ltr'><strong>dicuntur;</strong></span> <span class='ocrx_word' id='word_1_252' title='bbox 783 3093 966 3163; x_wconf 87' lang='lat' dir='ltr'><strong>populi</strong></span> <span class='ocrx_word' id='word_1_253' title='bbox 1008 3101 1212 3157; x_wconf 87' lang='lat' dir='ltr'><strong>autem,</strong></span> <span class='ocrx_word' id='word_1_254' title='bbox 1261 3091 1416 3159; x_wconf 86' lang='lat' dir='ltr'><strong>cujus</strong></span> <span class='ocrx_word' id='word_1_255' title='bbox 1442 3106 1606 3146; x_wconf 85' lang='lat' dir='ltr'><strong>causa</strong></span> <span class='ocrx_word' id='word_1_256' title='bbox 1643 3093 1810 3146; x_wconf 87' lang='lat' dir='ltr'><strong>etiam</strong></span> <span class='ocrx_word' id='word_1_257' title='bbox 1858 3093 2011 3150; x_wconf 91' lang='lat' dir='ltr'><strong>locus</strong></span> 
     </span>
    </p>
   </div>
   <div class='ocr_carea' id='block_1_39' title="bbox 443 3184 2008 3255">
    <p class='ocr_par' dir='ltr' id='par_1_39' title="bbox 443 3184 2008 3255">
     <span class='ocr_line' id='line_1_39' title="bbox 443 3184 2008 3255; baseline 0.002 -16"><span class='ocrx_word' id='word_1_258' title='bbox 443 3185 764 3248; x_wconf 83' lang='lat' dir='ltr'><strong>honoratur,</strong></span> <span class='ocrx_word' id='word_1_259' title='bbox 799 3201 922 3240; x_wconf 83' lang='lat' dir='ltr'><strong>vere</strong></span> <span class='ocrx_word' id='word_1_260' title='bbox 951 3184 1097 3240; x_wconf 89' lang='lat' dir='ltr'><strong>Deus</strong></span> <span class='ocrx_word' id='word_1_261' title='bbox 1127 3195 1210 3239; x_wconf 85' lang='lat' dir='ltr'><strong>est</strong></span> <span class='ocrx_word' id='word_1_262' title='bbox 1253 3194 1458 3250; x_wconf 90' lang='lat' dir='ltr'><strong>custos,</strong></span> <span class='ocrx_word' id='word_1_263' title='bbox 1487 3185 1756 3254; x_wconf 77' lang='lat' dir='ltr'><strong>simulque</strong></span> <span class='ocrx_word' id='word_1_264' title='bbox 1805 3186 1932 3255; x_wconf 84' lang='lat' dir='ltr'><strong>luci,</strong></span> <span class='ocrx_word' id='word_1_265' title='bbox 1965 3191 2008 3242; x_wconf 88' lang='lat' dir='ltr'><strong>si</strong></span> 
     </span>
    </p>
   </div>
   <div class='ocr_carea' id='block_1_40' title="bbox 441 3277 1292 3347">
    <p class='ocr_par' dir='ltr' id='par_1_40' title="bbox 441 3277 1292 3347">
     <span class='ocr_line' id='line_1_40' title="bbox 441 3277 1292 3347; baseline -0.005 -15"><span class='ocrx_word' id='word_1_266' title='bbox 441 3283 602 3334; x_wconf 73' lang='lat' dir='ltr'><strong>tnudo</strong></span> <span class='ocrx_word' id='word_1_267' title='bbox 631 3279 855 3347; x_wconf 84' lang='lat' dir='ltr'><strong>populus</strong></span> <span class='ocrx_word' id='word_1_268' title='bbox 885 3278 1078 3346; x_wconf 82' lang='lat' dir='ltr'><strong>dignus</strong></span> <span class='ocrx_word' id='word_1_269' title='bbox 1109 3277 1292 3330; x_wconf 78' lang='lat' dir='ltr'><strong>fuerit.</strong></span> 
     </span>
    </p>
   </div>
   <div class='ocr_carea' id='block_1_41' title="bbox 544 3366 1916 3448">
    <p class='ocr_par' dir='ltr' id='par_1_41' title="bbox 544 3366 1916 3448">
     <span class='ocr_line' id='line_1_41' title="bbox 544 3366 1916 3448; baseline 0 -23"><span class='ocrx_word' id='word_1_270' title='bbox 544 3370 701 3425; x_wconf 74' lang='lat' dir='ltr'><strong>Vens.</strong></span> <span class='ocrx_word' id='word_1_271' title='bbox 735 3369 787 3424; x_wconf 81' lang='lat'><strong>5.</strong></span> <span class='ocrx_word' id='word_1_272' title='bbox 835 3368 1069 3448; x_wconf 68' lang='lat' dir='ltr'><strong>Abducet</strong></span> <span class='ocrx_word' id='word_1_273' title='bbox 1109 3366 1364 3448; x_wconf 83' lang='lat' dir='ltr'><strong>Dominus</strong></span> <span class='ocrx_word' id='word_1_274' title='bbox 1401 3383 1524 3420; x_wconf 85' lang='lat' dir='ltr'><strong>cum</strong></span> <span class='ocrx_word' id='word_1_275' title='bbox 1577 3371 1916 3436; x_wconf 83' lang='lat' dir='ltr'><strong>Operautibus</strong></span> 
     </span>
    </p>
   </div>
   <div class='ocr_carea' id='block_1_42' title="bbox 1049 3441 1400 3505">
    <p class='ocr_par' dir='ltr' id='par_1_42' title="bbox 1049 3441 1400 3505">
     <span class='ocr_line' id='line_1_42' title="bbox 1049 3441 1400 3505; baseline 0.009 -17"><span class='ocrx_word' id='word_1_276' title='bbox 1049 3441 1400 3505; x_wconf 72' lang='lat' dir='ltr'><strong>iniquitatem.</strong></span> 
     </span>
    </p>
   </div>
   <div class='ocr_carea' id='block_1_43' title="bbox 516 3525 2012 3600">
    <p class='ocr_par' dir='ltr' id='par_1_43' title="bbox 516 3525 2012 3600">
     <span class='ocr_line' id='line_1_43' title="bbox 516 3525 2012 3600; baseline 0 -16"><span class='ocrx_word' id='word_1_277' title='bbox 516 3527 750 3584; x_wconf 84' lang='lat' dir='ltr'><strong>Verbum</strong></span> <span class='ocrx_word' id='word_1_278' title='bbox 783 3528 1002 3581; x_wconf 86' lang='lat' dir='ltr'><strong>abducet</strong></span> <span class='ocrx_word' id='word_1_279' title='bbox 1031 3525 1122 3582; x_wconf 87' lang='lat' dir='ltr'><strong>hic</strong></span> <span class='ocrx_word' id='word_1_280' title='bbox 1155 3528 1426 3596; x_wconf 66' lang='lat' dir='ltr'><strong>signiﬁcat</strong></span> <span class='ocrx_word' id='word_1_281' title='bbox 1461 3529 1668 3594; x_wconf 83' lang='lat' dir='ltr'><strong>tradet;</strong></span> <span class='ocrx_word' id='word_1_282' title='bbox 1699 3545 1892 3600; x_wconf 90' lang='lat' dir='ltr'><strong>nempe</strong></span> <span class='ocrx_word' id='word_1_283' title='bbox 1919 3535 2012 3586; x_wconf 86' lang='lat' dir='ltr'><strong>ab-</strong></span> 
     </span>
    </p>
   </div>
   <div class='ocr_carea' id='block_1_44' title="bbox 441 3619 2013 3692">
    <p class='ocr_par' dir='ltr' id='par_1_44' title="bbox 441 3619 2013 3692">
     <span class='ocr_line' id='line_1_44' title="bbox 441 3619 2013 3692; baseline 0.003 -19"><span class='ocrx_word' id='word_1_284' title='bbox 441 3622 600 3676; x_wconf 91' lang='lat' dir='ltr'><strong>ducet</strong></span> <span class='ocrx_word' id='word_1_285' title='bbox 627 3623 678 3675; x_wconf 93' lang='lat' dir='ltr'><strong>in</strong></span> <span class='ocrx_word' id='word_1_286' title='bbox 713 3620 1112 3674; x_wconf 83' lang='lat' dir='ltr'><strong>immunditiam</strong></span> <span class='ocrx_word' id='word_1_287' title='bbox 1139 3635 1299 3688; x_wconf 86' lang='lat' dir='ltr'><strong>quam</strong></span> <span class='ocrx_word' id='word_1_288' title='bbox 1331 3619 1436 3673; x_wconf 87' lang='lat' dir='ltr'><strong>sibi</strong></span> <span class='ocrx_word' id='word_1_289' title='bbox 1473 3620 1772 3686; x_wconf 82' lang='lat' dir='ltr'><strong>elegerunt,</strong></span> <span class='ocrx_word' id='word_1_290' title='bbox 1805 3622 1858 3676; x_wconf 91' lang='lat' dir='ltr'><strong>in</strong></span> <span class='ocrx_word' id='word_1_291' title='bbox 1888 3638 2013 3692; x_wconf 89' lang='lat' dir='ltr'><strong>pas-</strong></span> 
     </span>
    </p>
   </div>
   <div class='ocr_carea' id='block_1_45' title="bbox 437 3713 2014 3786">
    <p class='ocr_par' dir='ltr' id='par_1_45' title="bbox 437 3713 2014 3786">
     <span class='ocr_line' id='line_1_45' title="bbox 437 3713 2014 3786; baseline 0.002 -17"><span class='ocrx_word' id='word_1_292' title='bbox 437 3717 616 3770; x_wconf 77' lang='lat' dir='ltr'><strong>siones</strong></span> <span class='ocrx_word' id='word_1_293' title='bbox 659 3714 971 3784; x_wconf 75' lang='lat' dir='ltr'><strong>ignominiae</strong></span> <span class='ocrx_word' id='word_1_294' title='bbox 1005 3713 1401 3784; x_wconf 87' lang='lat' dir='ltr'><strong>reprobamque</strong></span> <span class='ocrx_word' id='word_1_295' title='bbox 1442 3721 1711 3778; x_wconf 86' lang='lat' dir='ltr'><strong>mentem,</strong></span> <span class='ocrx_word' id='word_1_296' title='bbox 1746 3723 1804 3769; x_wconf 92' lang='lat' dir='ltr'><strong>ut</strong></span> <span class='ocrx_word' id='word_1_297' title='bbox 1849 3725 2014 3786; x_wconf 82' lang='lat' dir='ltr'><strong>agant</strong></span> 
     </span>
    </p>
   </div>
   <div class='ocr_carea' id='block_1_46' title="bbox 439 3813 1069 3880">
    <p class='ocr_par' dir='ltr' id='par_1_46' title="bbox 439 3813 1069 3880">
     <span class='ocr_line' id='line_1_46' title="bbox 439 3813 1069 3880; baseline 0 -16"><span class='ocrx_word' id='word_1_298' title='bbox 439 3827 556 3880; x_wconf 72' lang='lat' dir='ltr'><strong>qua:</strong></span> <span class='ocrx_word' id='word_1_299' title='bbox 588 3813 808 3865; x_wconf 85' lang='lat' dir='ltr'><strong>minimc</strong></span> <span class='ocrx_word' id='word_1_300' title='bbox 835 3818 1069 3880; x_wconf 87' lang='lat' dir='ltr'><strong>oportet.</strong></span> 
     </span>
    </p>
   </div>
   <div class='ocr_carea' id='block_1_47' title="bbox 933 3901 1848 3982">
    <p class='ocr_par' dir='ltr' id='par_1_47' title="bbox 933 3901 1848 3982">
     <span class='ocr_line' id='line_1_47' title="bbox 933 3901 1848 3982; baseline 0.004 -27"><span class='ocrx_word' id='word_1_301' title='bbox 933 3901 1254 3957; x_wconf 63' lang='lat' dir='ltr'><strong>rssmws</strong></span> <span class='ocrx_word' id='word_1_302' title='bbox 1301 3901 1515 3958; x_wconf 82' lang='lat' dir='ltr'><strong>cxxv.</strong></span> <span class='ocrx_word' id='word_1_303' title='bbox 1839 3975 1848 3982; x_wconf 25' lang='grc' dir='ltr'><em>υ</em></span> 
     </span>
    </p>
   </div>
   <div class='ocr_carea' id='block_1_48' title="bbox 437 3991 2008 4060">
    <p class='ocr_par' dir='ltr' id='par_1_48' title="bbox 437 3991 2008 4060">
     <span class='ocr_line' id='line_1_48' title="bbox 437 3991 2008 4060; baseline 0 -14"><span class='ocrx_word' id='word_1_304' title='bbox 437 3992 600 4048; x_wconf 71' lang='lat' dir='ltr'><strong>Vens.</strong></span> <span class='ocrx_word' id='word_1_305' title='bbox 635 3993 684 4046; x_wconf 82' lang='grc'><strong>1.</strong></span> <span class='ocrx_word' id='word_1_306' title='bbox 711 3991 841 4045; x_wconf 88' lang='lat' dir='ltr'><strong>Cum</strong></span> <span class='ocrx_word' id='word_1_307' title='bbox 874 4005 1187 4045; x_wconf 76' lang='lat' dir='ltr'><strong>cvueerteret</strong></span> <span class='ocrx_word' id='word_1_308' title='bbox 1219 3991 1470 4045; x_wconf 84' lang='lat' dir='ltr'><strong>Dominus</strong></span> <span class='ocrx_word' id='word_1_309' title='bbox 1494 3993 1844 4060; x_wconf 70' lang='lat' dir='ltr'><strong>captivitatem</strong></span> <span class='ocrx_word' id='word_1_310' title='bbox 1863 3991 2008 4047; x_wconf 89' lang='lat' dir='ltr'><strong>Sion.</strong></span> 
     </span>
    </p>
   </div>
   <div class='ocr_carea' id='block_1_49' title="bbox 507 4085 2013 4155">
    <p class='ocr_par' dir='ltr' id='par_1_49' title="bbox 507 4085 2013 4155">
     <span class='ocr_line' id='line_1_49' title="bbox 507 4085 2013 4155; baseline -0.001 -16"><span class='ocrx_word' id='word_1_311' title='bbox 507 4087 750 4155; x_wconf 79' lang='lat' dir='ltr'><strong>Apostoli</strong></span> <span class='ocrx_word' id='word_1_312' title='bbox 783 4086 1154 4139; x_wconf 77' lang='lat' dir='ltr'><strong>Vaticinantur</strong></span> <span class='ocrx_word' id='word_1_313' title='bbox 1182 4085 1296 4137; x_wconf 74' lang='lat' dir='ltr'><strong>hzec</strong></span> <span class='ocrx_word' id='word_1_314' title='bbox 1330 4085 1399 4136; x_wconf 90' lang='lat' dir='ltr'><strong>de</strong></span> <span class='ocrx_word' id='word_1_315' title='bbox 1431 4099 1489 4138; x_wconf 90' lang='lat' dir='ltr'><strong>se</strong></span> <span class='ocrx_word' id='word_1_316' title='bbox 1522 4085 1723 4137; x_wconf 79' lang='lat' dir='ltr'><strong>dictum</strong></span> <span class='ocrx_word' id='word_1_317' title='bbox 1762 4085 1826 4138; x_wconf 91' lang='lat' dir='ltr'><strong>iri</strong></span> <span class='ocrx_word' id='word_1_318' title='bbox 1857 4095 1906 4140; x_wconf 87' lang='lat' dir='ltr'><strong>et</strong></span> <span class='ocrx_word' id='word_1_319' title='bbox 1947 4086 2013 4138; x_wconf 91' lang='lat' dir='ltr'><strong>de</strong></span> 
     </span>
    </p>
   </div>
   <div class='ocr_carea' id='block_1_50' title="bbox 433 4175 2011 4246">
    <p class='ocr_par' dir='ltr' id='par_1_50' title="bbox 433 4175 2011 4246">
     <span class='ocr_line' id='line_1_50' title="bbox 433 4175 2011 4246; baseline -0.002 -14"><span class='ocrx_word' id='word_1_320' title='bbox 433 4180 722 4246; x_wconf 65' lang='lat' dir='ltr'><strong>gentibus;</strong></span> <span class='ocrx_word' id='word_1_321' title='bbox 775 4179 968 4232; x_wconf 88' lang='lat' dir='ltr'><strong>deinde</strong></span> <span class='ocrx_word' id='word_1_322' title='bbox 1019 4193 1109 4230; x_wconf 82' lang='lat' dir='ltr'><strong>res</strong></span> <span class='ocrx_word' id='word_1_323' title='bbox 1141 4185 1432 4231; x_wconf 87' lang='lat' dir='ltr'><strong>eventuras</strong></span> <span class='ocrx_word' id='word_1_324' title='bbox 1488 4176 1682 4230; x_wconf 89' lang='lat' dir='ltr'><strong>semini</strong></span> <span class='ocrx_word' id='word_1_325' title='bbox 1731 4185 1785 4229; x_wconf 87' lang='lat' dir='ltr'><strong>et</strong></span> <span class='ocrx_word' id='word_1_326' title='bbox 1827 4175 2011 4230; x_wconf 86' lang='lat' dir='ltr'><strong>messi.</strong></span> 
     </span>
    </p>
   </div>
   <div class='ocr_carea' id='block_1_51' title="bbox 379 4266 2012 4338">
    <p class='ocr_par' dir='ltr' id='par_1_51' title="bbox 379 4266 2012 4338">
     <span class='ocr_line' id='line_1_51' title="bbox 379 4266 2012 4338; baseline -0.002 -13"><span class='ocrx_word' id='word_1_327' title='bbox 379 4331 382 4334; x_wconf 20' lang='grc' dir='ltr'><em>ί</em></span> <span class='ocrx_word' id='word_1_328' title='bbox 435 4271 594 4325; x_wconf 79' lang='lat' dir='ltr'><strong>Certe</strong></span> <span class='ocrx_word' id='word_1_329' title='bbox 627 4270 848 4324; x_wconf 87' lang='lat' dir='ltr'><strong>Davidis</strong></span> <span class='ocrx_word' id='word_1_330' title='bbox 883 4279 1127 4338; x_wconf 86' lang='lat' dir='ltr'><strong>tempore</strong></span> <span class='ocrx_word' id='word_1_331' title='bbox 1155 4268 1298 4322; x_wconf 87' lang='lat' dir='ltr'><strong>nulla</strong></span> <span class='ocrx_word' id='word_1_332' title='bbox 1333 4268 1622 4338; x_wconf 88' lang='lat' dir='ltr'><strong>captivitas</strong></span> <span class='ocrx_word' id='word_1_333' title='bbox 1647 4266 1783 4334; x_wconf 80' lang='lat' dir='ltr'><strong>fuit;</strong></span> <span class='ocrx_word' id='word_1_334' title='bbox 1817 4284 2012 4336; x_wconf 87' lang='lat' dir='ltr'><strong>quam-</strong></span> 
     </span>
    </p>
   </div>
   <div class='ocr_carea' id='block_1_52' title="bbox 437 4359 2012 4430">
    <p class='ocr_par' dir='ltr' id='par_1_52' title="bbox 437 4359 2012 4430">
     <span class='ocr_line' id='line_1_52' title="bbox 437 4359 2012 4430; baseline -0.002 -13"><span class='ocrx_word' id='word_1_335' title='bbox 437 4364 626 4418; x_wconf 90' lang='lat' dir='ltr'><strong>obrem</strong></span> <span class='ocrx_word' id='word_1_336' title='bbox 659 4363 725 4416; x_wconf 90' lang='lat' dir='ltr'><strong>de</strong></span> <span class='ocrx_word' id='word_1_337' title='bbox 764 4361 992 4430; x_wconf 85' lang='lat' dir='ltr'><strong>spiritali</strong></span> <span class='ocrx_word' id='word_1_338' title='bbox 1035 4359 1270 4414; x_wconf 81' lang='lat' dir='ltr'><strong>fortasse</strong></span> <span class='ocrx_word' id='word_1_339' title='bbox 1315 4374 1497 4414; x_wconf 90' lang='lat' dir='ltr'><strong>sermo</strong></span> <span class='ocrx_word' id='word_1_340' title='bbox 1533 4368 1637 4412; x_wconf 79' lang='grc' dir='ltr'>εει.</span> <span class='ocrx_word' id='word_1_341' title='bbox 1684 4359 1837 4412; x_wconf 87' lang='lat' dir='ltr'><strong>Alius</strong></span> <span class='ocrx_word' id='word_1_342' title='bbox 1869 4359 2012 4414; x_wconf 90' lang='lat' dir='ltr'><strong>dicet</strong></span> 
     </span>
    </p>
   </div>
   <div class='ocr_carea' id='block_1_53' title="bbox 2419 1072 3423 1147">
    <p class='ocr_par' dir='ltr' id='par_1_53' title="bbox 2419 1072 3423 1147">
     <span class='ocr_line' id='line_1_53' title="bbox 2419 1072 3423 1147; baseline 0.006 -21"><span class='ocrx_word' id='word_1_343' title='bbox 2419 1075 2558 1142; x_wconf 78' lang='grc' dir='ltr'><strong>Ἄρα</strong></span> <span class='ocrx_word' id='word_1_344' title='bbox 2589 1072 2808 1141; x_wconf 73' lang='grc' dir='ltr'>ζῶντας</span> <span class='ocrx_word' id='word_1_345' title='bbox 2833 1075 2910 1128; x_wconf 82' lang='grc' dir='ltr'><strong>ἂν</strong></span> <span class='ocrx_word' id='word_1_346' title='bbox 2931 1076 3217 1132; x_wconf 80' lang='grc' dir='ltr'><strong>κατέπιον</strong></span> <span class='ocrx_word' id='word_1_347' title='bbox 3247 1076 3423 1147; x_wconf 74' lang='grc' dir='ltr'>ἡμᾶς.</span> 
     </span>
    </p>
   </div>
   <div class='ocr_carea' id='block_1_54' title="bbox 2201 1163 3704 1240">
    <p class='ocr_par' dir='ltr' id='par_1_54' title="bbox 2201 1163 3704 1240">
     <span class='ocr_line' id='line_1_54' title="bbox 2201 1163 3704 1240; baseline 0.006 -26"><span class='ocrx_word' id='word_1_348' title='bbox 2201 1163 2310 1215; x_wconf 72' lang='grc' dir='ltr'>Καὶ</span> <span class='ocrx_word' id='word_1_349' title='bbox 2361 1164 2388 1216; x_wconf 98' lang='lat'><strong>6</strong></span> <span class='ocrx_word' id='word_1_350' title='bbox 2428 1165 2811 1236; x_wconf 77' lang='grc' dir='ltr'>περιστατικὸς</span> <span class='ocrx_word' id='word_1_351' title='bbox 2851 1165 2908 1218; x_wconf 83' lang='grc' dir='ltr'><strong>δὲ</strong></span> <span class='ocrx_word' id='word_1_352' title='bbox 2955 1167 3165 1237; x_wconf 79' lang='grc' dir='ltr'>καιρὸς,</span> <span class='ocrx_word' id='word_1_353' title='bbox 3217 1169 3264 1220; x_wconf 82' lang='grc' dir='ltr'><strong>εί</strong></span> <span class='ocrx_word' id='word_1_354' title='bbox 3310 1169 3404 1220; x_wconf 71' lang='grc' dir='ltr'><strong>καὶ</strong></span> <span class='ocrx_word' id='word_1_355' title='bbox 3456 1166 3704 1240; x_wconf 75' lang='grc' dir='ltr'>σφοδρὸς,</span> 
     </span>
    </p>
   </div>
   <div class='ocr_carea' id='block_1_55' title="bbox 2129 1256 3197 1331">
    <p class='ocr_par' dir='ltr' id='par_1_55' title="bbox 2129 1256 3197 1331">
     <span class='ocr_line' id='line_1_55' title="bbox 2129 1256 3197 1331; baseline 0.006 -23"><span class='ocrx_word' id='word_1_356' title='bbox 2129 1256 2266 1309; x_wconf 85' lang='grc' dir='ltr'><strong>ἀλλά</strong></span> <span class='ocrx_word' id='word_1_357' title='bbox 2295 1258 2595 1330; x_wconf 70' lang='grc' dir='ltr'>χειμάρρου</span> <span class='ocrx_word' id='word_1_358' title='bbox 2629 1257 2782 1330; x_wconf 86' lang='grc' dir='ltr'>δίκην</span> <span class='ocrx_word' id='word_1_359' title='bbox 2820 1259 3197 1331; x_wconf 76' lang='grc' dir='ltr'>ὀλιγοχρόνιος.</span> 
     </span>
    </p>
   </div>
   <div class='ocr_carea' id='block_1_56' title="bbox 2487 1350 3650 1420">
    <p class='ocr_par' dir='ltr' id='par_1_56' title="bbox 2487 1350 3650 1420">
     <span class='ocr_line' id='line_1_56' title="bbox 2487 1350 3650 1420; baseline 0.005 -18"><span class='ocrx_word' id='word_1_360' title='bbox 2487 1350 2834 1419; x_wconf 77' lang='grc' dir='ltr'><strong>Εὐλογητὸς</strong></span> <span class='ocrx_word' id='word_1_361' title='bbox 2858 1353 3094 1420; x_wconf 85' lang='grc' dir='ltr'>Κύριος,</span> <span class='ocrx_word' id='word_1_362' title='bbox 3133 1370 3187 1406; x_wconf 87' lang='grc' dir='ltr'><strong>κ.</strong></span> <span class='ocrx_word' id='word_1_363' title='bbox 3215 1370 3266 1406; x_wconf 88' lang='grc' dir='ltr'><strong>τ.</strong></span> <span class='ocrx_word' id='word_1_364' title='bbox 3301 1353 3348 1407; x_wconf 90' lang='grc' dir='ltr'><strong>λ.</strong></span> <span class='ocrx_word' id='word_1_365' title='bbox 3647 1405 3650 1408; x_wconf 12' lang='grc' dir='ltr'><strong>ι</strong></span> 
     </span>
    </p>
   </div>
   <div class='ocr_carea' id='block_1_57' title="bbox 2201 1439 3704 1518">
    <p class='ocr_par' dir='ltr' id='par_1_57' title="bbox 2201 1439 3704 1518">
     <span class='ocr_line' id='line_1_57' title="bbox 2201 1439 3704 1518; baseline 0.007 -28"><span class='ocrx_word' id='word_1_366' title='bbox 2201 1439 2308 1490; x_wconf 79' lang='grc' dir='ltr'><strong>Καὶ</strong></span> <span class='ocrx_word' id='word_1_367' title='bbox 2327 1439 2447 1492; x_wconf 89' lang='grc' dir='ltr'>τίνα</span> <span class='ocrx_word' id='word_1_368' title='bbox 2478 1441 2721 1509; x_wconf 82' lang='grc' dir='ltr'><strong>εὐλογεῖν</strong></span> <span class='ocrx_word' id='word_1_369' title='bbox 2755 1443 2847 1495; x_wconf 80' lang='grc' dir='ltr'><strong>καὶ</strong></span> <span class='ocrx_word' id='word_1_370' title='bbox 2875 1443 3062 1513; x_wconf 81' lang='grc' dir='ltr'>ὑμνεῖν</span> <span class='ocrx_word' id='word_1_371' title='bbox 3095 1443 3203 1496; x_wconf 76' lang='grc' dir='ltr'>ἔδει</span> <span class='ocrx_word' id='word_1_372' title='bbox 3243 1445 3336 1497; x_wconf 77' lang='grc' dir='ltr'><strong>ἐπὶ</strong></span> <span class='ocrx_word' id='word_1_373' title='bbox 3357 1444 3434 1516; x_wconf 85' lang='grc' dir='ltr'>τῷ</span> <span class='ocrx_word' id='word_1_374' title='bbox 3461 1445 3536 1518; x_wconf 78' lang='grc' dir='ltr'>μὴ</span> <span class='ocrx_word' id='word_1_375' title='bbox 3565 1446 3704 1500; x_wconf 79' lang='grc' dir='ltr'>ἁλῶ-</span> 
     </span>
    </p>
   </div>
   <div class='ocr_carea' id='block_1_58' title="bbox 2127 1532 3702 1609">
    <p class='ocr_par' dir='ltr' id='par_1_58' title="bbox 2127 1532 3702 1609">
     <span class='ocr_line' id='line_1_58' title="bbox 2127 1532 3702 1609; baseline 0.008 -27"><span class='ocrx_word' id='word_1_376' title='bbox 2127 1547 2213 1583; x_wconf 89' lang='grc' dir='ltr'><strong>ναι</strong></span> <span class='ocrx_word' id='word_1_377' title='bbox 2250 1533 2362 1595; x_wconf 89' lang='grc' dir='ltr'>τοῖς</span> <span class='ocrx_word' id='word_1_378' title='bbox 2423 1532 2770 1604; x_wconf 79' lang='grc' dir='ltr'><strong>βουλομένοις</strong></span> <span class='ocrx_word' id='word_1_379' title='bbox 2818 1533 3026 1598; x_wconf 76' lang='grc' dir='ltr'>ζῶντας</span> <span class='ocrx_word' id='word_1_380' title='bbox 3064 1541 3351 1590; x_wconf 80' lang='grc' dir='ltr'>καταπιεῖν</span> <span class='ocrx_word' id='word_1_381' title='bbox 3400 1539 3548 1609; x_wconf 82' lang='grc' dir='ltr'>ἡμᾶς</span> <span class='ocrx_word' id='word_1_382' title='bbox 3603 1541 3702 1594; x_wconf 86' lang='grc' dir='ltr'>ἀν-</span> 
     </span>
    </p>
   </div>
   <div class='ocr_carea' id='block_1_59' title="bbox 2127 1621 3704 1700">
    <p class='ocr_par' dir='ltr' id='par_1_59' title="bbox 2127 1621 3704 1700">
     <span class='ocr_line' id='line_1_59' title="bbox 2127 1621 3704 1700; baseline 0.006 -26"><span class='ocrx_word' id='word_1_383' title='bbox 2127 1621 2384 1693; x_wconf 83' lang='grc' dir='ltr'>θρώποις,</span> <span class='ocrx_word' id='word_1_384' title='bbox 2417 1624 2448 1694; x_wconf 82' lang='grc' dir='ltr'>ἢ</span> <span class='ocrx_word' id='word_1_385' title='bbox 2481 1625 2569 1678; x_wconf 75' lang='grc' dir='ltr'><strong>τὸν</strong></span> <span class='ocrx_word' id='word_1_386' title='bbox 2613 1626 2814 1697; x_wconf 81' lang='grc' dir='ltr'>Κύριον</span> <span class='ocrx_word' id='word_1_387' title='bbox 2845 1627 2936 1680; x_wconf 86' lang='grc' dir='ltr'><strong>τὸν</strong></span> <span class='ocrx_word' id='word_1_388' title='bbox 2963 1627 3092 1680; x_wconf 71' lang='grc' dir='ltr'>ὄντα</span> <span class='ocrx_word' id='word_1_389' title='bbox 3116 1630 3174 1682; x_wconf 85' lang='grc' dir='ltr'>ὲν</span> <span class='ocrx_word' id='word_1_390' title='bbox 3205 1630 3369 1700; x_wconf 72' lang='grc' dir='ltr'>ἡμῖν,</span> <span class='ocrx_word' id='word_1_391' title='bbox 3407 1632 3468 1682; x_wconf 87' lang='lat' dir='ltr'><strong>Oi</strong></span> <span class='ocrx_word' id='word_1_392' title='bbox 3508 1630 3600 1683; x_wconf 76' lang='grc' dir='ltr'><strong>ἐπὶ</strong></span> <span class='ocrx_word' id='word_1_393' title='bbox 3641 1631 3704 1685; x_wconf 81' lang='grc' dir='ltr'>τὸ</span> 
     </span>
    </p>
   </div>
   <div class='ocr_carea' id='block_1_60' title="bbox 2127 1712 3699 1791">
    <p class='ocr_par' dir='ltr' id='par_1_60' title="bbox 2127 1712 3699 1791">
     <span class='ocr_line' id='line_1_60' title="bbox 2127 1712 3699 1791; baseline 0.007 -27"><span class='ocrx_word' id='word_1_394' title='bbox 2127 1712 2389 1785; x_wconf 84' lang='grc' dir='ltr'>θηρεῦσαι</span> <span class='ocrx_word' id='word_1_395' title='bbox 2418 1715 2564 1784; x_wconf 81' lang='grc' dir='ltr'>ἡμᾶς</span> <span class='ocrx_word' id='word_1_396' title='bbox 2591 1717 2955 1788; x_wconf 80' lang='grc' dir='ltr'>ὁρμήσαντες,</span> <span class='ocrx_word' id='word_1_397' title='bbox 2988 1719 3074 1771; x_wconf 82' lang='grc' dir='ltr'>ἵνα</span> <span class='ocrx_word' id='word_1_398' title='bbox 3112 1722 3496 1788; x_wconf 81' lang='grc' dir='ltr'>καταφάγωσιν</span> <span class='ocrx_word' id='word_1_399' title='bbox 3533 1722 3699 1791; x_wconf 78' lang='grc' dir='ltr'>ἡμᾶς,</span> 
     </span>
    </p>
   </div>
   <div class='ocr_carea' id='block_1_61' title="bbox 2124 1804 3703 1883">
    <p class='ocr_par' dir='ltr' id='par_1_61' title="bbox 2124 1804 3703 1883">
     <span class='ocr_line' id='line_1_61' title="bbox 2124 1804 3703 1883; baseline 0.006 -27"><span class='ocrx_word' id='word_1_400' title='bbox 2124 1805 2184 1856; x_wconf 83' lang='grc' dir='ltr'><strong>οὐ</strong></span> <span class='ocrx_word' id='word_1_401' title='bbox 2225 1804 2534 1876; x_wconf 80' lang='grc' dir='ltr'>δεδύνηνται</span> <span class='ocrx_word' id='word_1_402' title='bbox 2569 1807 2645 1870; x_wconf 81' lang='grc' dir='ltr'><strong>ῶς</strong></span> <span class='ocrx_word' id='word_1_403' title='bbox 2673 1807 2930 1862; x_wconf 81' lang='grc' dir='ltr'>ἔσπευδον</span> <span class='ocrx_word' id='word_1_404' title='bbox 2977 1809 3268 1862; x_wconf 73' lang='grc' dir='ltr'>διαθεῖναιο</span> <span class='ocrx_word' id='word_1_405' title='bbox 3311 1809 3703 1883; x_wconf 77' lang='grc' dir='ltr'>ὲξηγριωμένοι</span> 
     </span>
    </p>
   </div>
   <div class='ocr_carea' id='block_1_62' title="bbox 2125 1897 3700 1974">
    <p class='ocr_par' dir='ltr' id='par_1_62' title="bbox 2125 1897 3700 1974">
     <span class='ocr_line' id='line_1_62' title="bbox 2125 1897 3700 1974; baseline 0.004 -25"><span class='ocrx_word' id='word_1_406' title='bbox 2125 1897 2232 1970; x_wconf 80' lang='grc' dir='ltr'><strong>γὰρ</strong></span> <span class='ocrx_word' id='word_1_407' title='bbox 2265 1899 2313 1950; x_wconf 81' lang='grc' dir='ltr'><strong>οἱ</strong></span> <span class='ocrx_word' id='word_1_408' title='bbox 2338 1897 2619 1969; x_wconf 83' lang='grc' dir='ltr'>ῶμόθυμοι</span> <span class='ocrx_word' id='word_1_409' title='bbox 2659 1899 2868 1964; x_wconf 79' lang='grc' dir='ltr'>λέοντες</span> <span class='ocrx_word' id='word_1_410' title='bbox 2895 1903 3009 1964; x_wconf 89' lang='grc' dir='ltr'>τοῖς</span> <span class='ocrx_word' id='word_1_411' title='bbox 3039 1900 3249 1954; x_wconf 80' lang='grc' dir='ltr'><strong>ὀδοῦσιν</strong></span> <span class='ocrx_word' id='word_1_412' title='bbox 3287 1901 3464 1955; x_wconf 80' lang='grc' dir='ltr'>αὐτῶν</span> <span class='ocrx_word' id='word_1_413' title='bbox 3503 1902 3700 1974; x_wconf 81' lang='grc' dir='ltr'>θηρεῦ-</span> 
     </span>
    </p>
   </div>
   <div class='ocr_carea' id='block_1_63' title="bbox 2125 1989 3701 2064">
    <p class='ocr_par' dir='ltr' id='par_1_63' title="bbox 2125 1989 3701 2064">
     <span class='ocr_line' id='line_1_63' title="bbox 2125 1989 3701 2064; baseline 0.005 -24"><span class='ocrx_word' id='word_1_414' title='bbox 2125 2005 2214 2041; x_wconf 90' lang='grc' dir='ltr'><strong>σαι</strong></span> <span class='ocrx_word' id='word_1_415' title='bbox 2251 1991 2396 2060; x_wconf 78' lang='grc' dir='ltr'>ἡμᾶς</span> <span class='ocrx_word' id='word_1_416' title='bbox 2436 1989 2738 2061; x_wconf 80' lang='grc' dir='ltr'>ἐγλίχοντο·</span> <span class='ocrx_word' id='word_1_417' title='bbox 2787 1991 2901 2045; x_wconf 85' lang='grc' dir='ltr'>ἀλλ’</span> <span class='ocrx_word' id='word_1_418' title='bbox 2940 1993 3040 2045; x_wconf 78' lang='grc' dir='ltr'><strong>οὐκ</strong></span> <span class='ocrx_word' id='word_1_419' title='bbox 3084 1993 3346 2064; x_wconf 71' lang='grc' dir='ltr'>ἐπέτυχον</span> <span class='ocrx_word' id='word_1_420' title='bbox 3394 1993 3488 2046; x_wconf 90' lang='grc' dir='ltr'><strong>τοῦ</strong></span> <span class='ocrx_word' id='word_1_421' title='bbox 3531 2011 3701 2048; x_wconf 81' lang='grc' dir='ltr'>σπου-</span> 
     </span>
    </p>
   </div>
   <div class='ocr_carea' id='block_1_64' title="bbox 2123 2080 3700 2156">
    <p class='ocr_par' dir='ltr' id='par_1_64' title="bbox 2123 2080 3700 2156">
     <span class='ocr_line' id='line_1_64' title="bbox 2123 2080 3700 2156; baseline 0.003 -22"><span class='ocrx_word' id='word_1_422' title='bbox 2123 2080 2440 2152; x_wconf 77' lang='grc' dir='ltr'>δαζομένου,</span> <span class='ocrx_word' id='word_1_423' title='bbox 2483 2082 2556 2154; x_wconf 82' lang='grc' dir='ltr'>μὴ</span> <span class='ocrx_word' id='word_1_424' title='bbox 2597 2083 2778 2146; x_wconf 86' lang='grc' dir='ltr'>δόντος</span> <span class='ocrx_word' id='word_1_425' title='bbox 2812 2085 2960 2154; x_wconf 82' lang='grc' dir='ltr'>ἡμᾶς</span> <span class='ocrx_word' id='word_1_426' title='bbox 2999 2082 3095 2136; x_wconf 89' lang='grc' dir='ltr'><strong>τοῦ</strong></span> <span class='ocrx_word' id='word_1_427' title='bbox 3130 2085 3333 2156; x_wconf 79' lang='grc' dir='ltr'>Κυρίου</span> <span class='ocrx_word' id='word_1_428' title='bbox 3355 2101 3368 2114; x_wconf 75' lang='grc' dir='ltr'><strong>ο</strong></span> <span class='ocrx_word' id='word_1_429' title='bbox 3395 2083 3454 2136; x_wconf 85' lang='grc' dir='ltr'>ὃν</span> <span class='ocrx_word' id='word_1_430' title='bbox 3485 2085 3578 2137; x_wconf 75' lang='grc' dir='ltr'>καὶ</span> <span class='ocrx_word' id='word_1_431' title='bbox 3607 2086 3700 2138; x_wconf 68' lang='lat' dir='ltr'><strong>sb-</strong></span> 
     </span>
    </p>
   </div>
   <div class='ocr_carea' id='block_1_65' title="bbox 2123 2171 3700 2245">
    <p class='ocr_par' dir='ltr' id='par_1_65' title="bbox 2123 2171 3700 2245">
     <span class='ocr_line' id='line_1_65' title="bbox 2123 2171 3700 2245; baseline 0.003 -21"><span class='ocrx_word' id='word_1_432' title='bbox 2123 2171 2386 2244; x_wconf 78' lang='grc' dir='ltr'>λογοῦμεν</span> <span class='ocrx_word' id='word_1_433' title='bbox 2439 2173 2743 2244; x_wconf 76' lang='grc' dir='ltr'>ῥυσάμενον</span> <span class='ocrx_word' id='word_1_434' title='bbox 2789 2175 2938 2245; x_wconf 78' lang='grc' dir='ltr'>ἡμᾶς</span> <span class='ocrx_word' id='word_1_435' title='bbox 2983 2173 3090 2226; x_wconf 82' lang='grc' dir='ltr'><strong>ἀπὸ</strong></span> <span class='ocrx_word' id='word_1_436' title='bbox 3134 2173 3242 2226; x_wconf 84' lang='grc' dir='ltr'><strong>τῶν</strong></span> <span class='ocrx_word' id='word_1_437' title='bbox 3297 2175 3530 2244; x_wconf 80' lang='grc' dir='ltr'>φονικῶν</span> <span class='ocrx_word' id='word_1_438' title='bbox 3578 2175 3700 2228; x_wconf 82' lang='grc' dir='ltr'>καθ’</span> 
     </span>
    </p>
   </div>
   <div class='ocr_carea' id='block_1_66' title="bbox 2124 2262 2676 2334">
    <p class='ocr_par' dir='ltr' id='par_1_66' title="bbox 2124 2262 2676 2334">
     <span class='ocr_line' id='line_1_66' title="bbox 2124 2262 2676 2334; baseline 0.009 -21"><span class='ocrx_word' id='word_1_439' title='bbox 2124 2262 2279 2334; x_wconf 80' lang='grc' dir='ltr'>ἡμῶν</span> <span class='ocrx_word' id='word_1_440' title='bbox 2303 2263 2676 2318; x_wconf 81' lang='grc' dir='ltr'>διατεθέντων.</span> 
     </span>
    </p>
   </div>
   <div class='ocr_carea' id='block_1_67' title="bbox 2655 2357 3143 2410">
    <p class='ocr_par' dir='ltr' id='par_1_67' title="bbox 2655 2357 3143 2410">
     <span class='ocr_line' id='line_1_67' title="bbox 2655 2357 3143 2410; baseline 0 -1"><span class='ocrx_word' id='word_1_441' title='bbox 2655 2357 2946 2410; x_wconf 80' lang='grc' dir='ltr'><strong>ΨΑΛΜΟΣ</strong></span> <span class='ocrx_word' id='word_1_442' title='bbox 2975 2358 3143 2410; x_wconf 83' lang='grc' dir='ltr'><strong>ΡΚΔ’.</strong></span> 
     </span>
    </p>
   </div>
   <div class='ocr_carea' id='block_1_68' title="bbox 2601 2449 3211 2518">
    <p class='ocr_par' dir='ltr' id='par_1_68' title="bbox 2601 2449 3211 2518">
     <span class='ocr_line' id='line_1_68' title="bbox 2601 2449 3211 2518; baseline 0.003 -18"><span class='ocrx_word' id='word_1_443' title='bbox 2601 2449 2740 2517; x_wconf 80' lang='grc' dir='ltr'><strong>Ὄρη</strong></span> <span class='ocrx_word' id='word_1_444' title='bbox 2774 2449 2976 2513; x_wconf 70' lang='grc' dir='ltr'>κύκλῳ</span> <span class='ocrx_word' id='word_1_445' title='bbox 3001 2449 3154 2518; x_wconf 80' lang='grc' dir='ltr'><strong>αὺτῆ</strong></span> <span class='ocrx_word' id='word_1_446' title='bbox 3162 2471 3211 2517; x_wconf 86' lang='grc' dir='ltr'><strong>ς.</strong></span> 
     </span>
    </p>
   </div>
   <div class='ocr_carea' id='block_1_69' title="bbox 2191 2538 3699 2612">
    <p class='ocr_par' dir='ltr' id='par_1_69' title="bbox 2191 2538 3699 2612">
     <span class='ocr_line' id='line_1_69' title="bbox 2191 2538 3699 2612; baseline 0.003 -20"><span class='ocrx_word' id='word_1_447' title='bbox 2191 2538 2377 2593; x_wconf 87' lang='grc' dir='ltr'>Ταῦτά</span> <span class='ocrx_word' id='word_1_448' title='bbox 2418 2557 2584 2610; x_wconf 87' lang='grc' dir='ltr'>φασιν</span> <span class='ocrx_word' id='word_1_449' title='bbox 2631 2542 2679 2593; x_wconf 83' lang='lat' dir='ltr'><strong>oi</strong></span> <span class='ocrx_word' id='word_1_450' title='bbox 2725 2539 2868 2610; x_wconf 81' lang='grc' dir='ltr'>μετὰ</span> <span class='ocrx_word' id='word_1_451' title='bbox 2914 2541 3011 2612; x_wconf 79' lang='grc' dir='ltr'><strong>τὴν</strong></span> <span class='ocrx_word' id='word_1_452' title='bbox 3050 2541 3268 2612; x_wconf 84' lang='grc' dir='ltr'>μακρὰν</span> <span class='ocrx_word' id='word_1_453' title='bbox 3313 2543 3699 2608; x_wconf 80' lang='grc' dir='ltr'>ἐπανελθόντες</span> 
     </span>
    </p>
   </div>
   <div class='ocr_carea' id='block_1_70' title="bbox 2118 2629 3698 2708">
    <p class='ocr_par' dir='ltr' id='par_1_70' title="bbox 2118 2629 3698 2708">
     <span class='ocr_line' id='line_1_70' title="bbox 2118 2629 3698 2708; baseline 0.003 -25"><span class='ocrx_word' id='word_1_454' title='bbox 2118 2629 2425 2702; x_wconf 73' lang='grc' dir='ltr'>ὁδοιπορίαν</span> <span class='ocrx_word' id='word_1_455' title='bbox 2473 2632 2564 2685; x_wconf 74' lang='grc' dir='ltr'>ἐπὶ</span> <span class='ocrx_word' id='word_1_456' title='bbox 2595 2632 2693 2704; x_wconf 83' lang='grc' dir='ltr'>τὴν</span> <span class='ocrx_word' id='word_1_457' title='bbox 2733 2632 2999 2704; x_wconf 74' lang='grc' dir='ltr'>αἰσθητὴν</span> <span class='ocrx_word' id='word_1_458' title='bbox 3057 2633 3435 2706; x_wconf 82' lang='grc' dir='ltr'>Ἰερουσαλὴμ,</span> <span class='ocrx_word' id='word_1_459' title='bbox 3484 2635 3560 2700; x_wconf 82' lang='grc' dir='ltr'>ὡς</span> <span class='ocrx_word' id='word_1_460' title='bbox 3594 2636 3698 2708; x_wconf 70' lang='grc' dir='ltr'><strong>ἤδη</strong></span> 
     </span>
    </p>
   </div>
   <div class='ocr_carea' id='block_1_71' title="bbox 2119 2721 3698 2798">
    <p class='ocr_par' dir='ltr' id='par_1_71' title="bbox 2119 2721 3698 2798">
     <span class='ocr_line' id='line_1_71' title="bbox 2119 2721 3698 2798; baseline 0.005 -25"><span class='ocrx_word' id='word_1_461' title='bbox 2119 2721 2302 2774; x_wconf 77' lang='grc' dir='ltr'>λοιπὸν</span> <span class='ocrx_word' id='word_1_462' title='bbox 2346 2723 2405 2774; x_wconf 82' lang='grc' dir='ltr'>ἐν</span> <span class='ocrx_word' id='word_1_463' title='bbox 2438 2723 2705 2795; x_wconf 75' lang='grc' dir='ltr'>ἀσφαλείᾳ</span> <span class='ocrx_word' id='word_1_464' title='bbox 2754 2725 3056 2796; x_wconf 86' lang='grc' dir='ltr'>γενόμενοι,</span> <span class='ocrx_word' id='word_1_465' title='bbox 3087 2726 3148 2778; x_wconf 84' lang='grc' dir='ltr'><strong>οὑ</strong></span> <span class='ocrx_word' id='word_1_466' title='bbox 3199 2725 3276 2797; x_wconf 81' lang='grc' dir='ltr'><strong>τῷ</strong></span> <span class='ocrx_word' id='word_1_467' title='bbox 3319 2729 3488 2796; x_wconf 80' lang='grc' dir='ltr'>τόπῳ,</span> <span class='ocrx_word' id='word_1_468' title='bbox 3528 2730 3594 2798; x_wconf 81' lang='grc' dir='ltr'>τῇ</span> <span class='ocrx_word' id='word_1_469' title='bbox 3641 2729 3698 2781; x_wconf 75' lang='grc' dir='ltr'>δὲ</span> 
     </span>
    </p>
   </div>
   <div class='ocr_carea' id='block_1_72' title="bbox 2120 2813 3697 2891">
    <p class='ocr_par' dir='ltr' id='par_1_72' title="bbox 2120 2813 3697 2891">
     <span class='ocr_line' id='line_1_72' title="bbox 2120 2813 3697 2891; baseline 0.004 -26"><span class='ocrx_word' id='word_1_470' title='bbox 2120 2813 2441 2886; x_wconf 81' lang='grc' dir='ltr'>πεποιθήσει</span> <span class='ocrx_word' id='word_1_471' title='bbox 2487 2813 2580 2868; x_wconf 88' lang='grc' dir='ltr'><strong>τοῦ</strong></span> <span class='ocrx_word' id='word_1_472' title='bbox 2623 2815 2828 2886; x_wconf 82' lang='grc' dir='ltr'>Κυρίου</span> <span class='ocrx_word' id='word_1_473' title='bbox 2884 2815 3233 2888; x_wconf 77' lang='grc' dir='ltr'>θαρροῦντες·</span> <span class='ocrx_word' id='word_1_474' title='bbox 3282 2817 3414 2891; x_wconf 47' lang='grc' dir='ltr'>δηδὴ</span> <span class='ocrx_word' id='word_1_475' title='bbox 3451 2821 3697 2890; x_wconf 86' lang='grc' dir='ltr'>κρεῖττον</span> 
     </span>
    </p>
   </div>
   <div class='ocr_carea' id='block_1_73' title="bbox 2085 2907 3695 2983">
    <p class='ocr_par' dir='ltr' id='par_1_73' title="bbox 2085 2907 3695 2983">
     <span class='ocr_line' id='line_1_73' title="bbox 2085 2907 3695 2983; baseline 0.004 -24"><span class='ocrx_word' id='word_1_476' title='bbox 2085 2973 2088 2976; x_wconf 27' lang='grc'><strong>,</strong></span> <span class='ocrx_word' id='word_1_477' title='bbox 2117 2907 2211 2960; x_wconf 83' lang='grc' dir='ltr'><strong>τοῦ</strong></span> <span class='ocrx_word' id='word_1_478' title='bbox 2238 2913 2512 2962; x_wconf 86' lang='grc' dir='ltr'>κατοικεῖν</span> <span class='ocrx_word' id='word_1_479' title='bbox 2563 2911 2950 2982; x_wconf 78' lang='grc' dir='ltr'>Ἰερουσαλήμο</span> <span class='ocrx_word' id='word_1_480' title='bbox 2989 2913 3084 2965; x_wconf 76' lang='grc' dir='ltr'><strong>καὶ</strong></span> <span class='ocrx_word' id='word_1_481' title='bbox 3120 2912 3243 2965; x_wconf 75' lang='grc' dir='ltr'>ἐπεὶ</span> <span class='ocrx_word' id='word_1_482' title='bbox 3301 2912 3459 2966; x_wconf 88' lang='grc' dir='ltr'>τοῦτο</span> <span class='ocrx_word' id='word_1_483' title='bbox 3479 2913 3557 2983; x_wconf 82' lang='grc'><strong>(5)</strong></span> <span class='ocrx_word' id='word_1_484' title='bbox 3591 2913 3695 2966; x_wconf 88' lang='grc' dir='ltr'><strong>ποῦ</strong></span> 
     </span>
    </p>
   </div>
   <div class='ocr_carea' id='block_1_74' title="bbox 2119 2998 3694 3076">
    <p class='ocr_par' dir='ltr' id='par_1_74' title="bbox 2119 2998 3694 3076">
     <span class='ocr_line' id='line_1_74' title="bbox 2119 2998 3694 3076; baseline 0.003 -24"><span class='ocrx_word' id='word_1_485' title='bbox 2119 3001 2381 3070; x_wconf 80' lang='grc' dir='ltr'>κρείττων</span> <span class='ocrx_word' id='word_1_486' title='bbox 2431 2998 2498 3074; x_wconf 83' lang='grc' dir='ltr'>ἦν</span> <span class='ocrx_word' id='word_1_487' title='bbox 2540 3003 2568 3055; x_wconf 89' lang='grc' dir='ltr'><strong>ὁ</strong></span> <span class='ocrx_word' id='word_1_488' title='bbox 2613 3001 2773 3066; x_wconf 86' lang='grc' dir='ltr'>λαός;</span> <span class='ocrx_word' id='word_1_489' title='bbox 2817 3003 2908 3054; x_wconf 90' lang='grc' dir='ltr'><strong>τοῦ</strong></span> <span class='ocrx_word' id='word_1_490' title='bbox 2961 3003 3060 3074; x_wconf 83' lang='grc' dir='ltr'>μὲν</span> <span class='ocrx_word' id='word_1_491' title='bbox 3107 3004 3273 3056; x_wconf 81' lang='grc' dir='ltr'>τόπου</span> <span class='ocrx_word' id='word_1_492' title='bbox 3325 3003 3425 3076; x_wconf 79' lang='grc' dir='ltr'><strong>ὅρη</strong></span> <span class='ocrx_word' id='word_1_493' title='bbox 3479 3003 3694 3074; x_wconf 83' lang='grc' dir='ltr'>λέγεται</span> 
     </span>
    </p>
   </div>
   <div class='ocr_carea' id='block_1_75' title="bbox 2117 3095 3692 3169">
    <p class='ocr_par' dir='ltr' id='par_1_75' title="bbox 2117 3095 3692 3169">
     <span class='ocr_line' id='line_1_75' title="bbox 2117 3095 3692 3169; baseline 0.001 -20"><span class='ocrx_word' id='word_1_494' title='bbox 2117 3095 2328 3166; x_wconf 77' lang='grc' dir='ltr'>κύκλῳο</span> <span class='ocrx_word' id='word_1_495' title='bbox 2375 3096 2474 3149; x_wconf 86' lang='grc' dir='ltr'><strong>τοῦ</strong></span> <span class='ocrx_word' id='word_1_496' title='bbox 2507 3095 2562 3149; x_wconf 78' lang='grc' dir='ltr'>δὲ</span> <span class='ocrx_word' id='word_1_497' title='bbox 2603 3095 2754 3162; x_wconf 90' lang='grc' dir='ltr'>λαοῦ,</span> <span class='ocrx_word' id='word_1_498' title='bbox 2789 3097 2853 3149; x_wconf 87' lang='grc' dir='ltr'>δι’</span> <span class='ocrx_word' id='word_1_499' title='bbox 2889 3095 2946 3148; x_wconf 85' lang='grc' dir='ltr'>ὃν</span> <span class='ocrx_word' id='word_1_500' title='bbox 2981 3099 3074 3150; x_wconf 73' lang='grc' dir='ltr'><strong>καὶ</strong></span> <span class='ocrx_word' id='word_1_501' title='bbox 3113 3098 3140 3149; x_wconf 88' lang='lat'><strong>6</strong></span> <span class='ocrx_word' id='word_1_502' title='bbox 3180 3097 3342 3160; x_wconf 86' lang='grc' dir='ltr'>τόπος</span> <span class='ocrx_word' id='word_1_503' title='bbox 3383 3098 3692 3169; x_wconf 85' lang='grc' dir='ltr'>τετίμηται,</span> 
     </span>
    </p>
   </div>
   <div class='ocr_carea' id='block_1_76' title="bbox 2115 3185 3694 3258">
    <p class='ocr_par' dir='ltr' id='par_1_76' title="bbox 2115 3185 3694 3258">
     <span class='ocr_line' id='line_1_76' title="bbox 2115 3185 3694 3258; baseline 0.001 -20"><span class='ocrx_word' id='word_1_504' title='bbox 2115 3185 2283 3249; x_wconf 81' lang='grc' dir='ltr'>ὅντως</span> <span class='ocrx_word' id='word_1_505' title='bbox 2316 3189 2344 3240; x_wconf 90' lang='grc' dir='ltr'>ὁ</span> <span class='ocrx_word' id='word_1_506' title='bbox 2370 3187 2520 3252; x_wconf 82' lang='grc' dir='ltr'>Θεὸς,</span> <span class='ocrx_word' id='word_1_507' title='bbox 2560 3187 2589 3240; x_wconf 91' lang='lat'><strong>6</strong></span> <span class='ocrx_word' id='word_1_508' title='bbox 2622 3189 2716 3240; x_wconf 73' lang='grc' dir='ltr'><strong>καὶ</strong></span> <span class='ocrx_word' id='word_1_509' title='bbox 2746 3186 2837 3241; x_wconf 83' lang='grc' dir='ltr'><strong>τὸν</strong></span> <span class='ocrx_word' id='word_1_510' title='bbox 2869 3185 3032 3240; x_wconf 86' lang='grc' dir='ltr'>τόπον</span> <span class='ocrx_word' id='word_1_511' title='bbox 3063 3186 3367 3258; x_wconf 80' lang='grc' dir='ltr'>φυλάττων,</span> <span class='ocrx_word' id='word_1_512' title='bbox 3416 3187 3504 3240; x_wconf 82' lang='grc' dir='ltr'>ὅτε</span> <span class='ocrx_word' id='word_1_513' title='bbox 3543 3187 3694 3254; x_wconf 77' lang='grc' dir='ltr'>ἄξιος</span> 
     </span>
    </p>
   </div>
   <div class='ocr_carea' id='block_1_77' title="bbox 2115 3277 2319 3340">
    <p class='ocr_par' dir='ltr' id='par_1_77' title="bbox 2115 3277 2319 3340">
     <span class='ocr_line' id='line_1_77' title="bbox 2115 3277 2319 3340; baseline 0 -11"><span class='ocrx_word' id='word_1_514' title='bbox 2115 3278 2142 3329; x_wconf 92' lang='lat'><strong>6</strong></span> <span class='ocrx_word' id='word_1_515' title='bbox 2175 3277 2319 3340; x_wconf 87' lang='grc' dir='ltr'>λαός.</span> 
     </span>
    </p>
   </div>
   <div class='ocr_carea' id='block_1_78' title="bbox 2128 3366 3696 3492">
    <p class='ocr_par' dir='ltr' id='par_1_78' title="bbox 2128 3366 3696 3492">
     <span class='ocr_line' id='line_1_78' title="bbox 2128 3366 3696 3492; baseline 0.002 -71"><span class='ocrx_word' id='word_1_516' title='bbox 2128 3366 2368 3432; x_wconf 81' lang='grc' dir='ltr'>Ἀπάξει</span> <span class='ocrx_word' id='word_1_517' title='bbox 2421 3368 2634 3436; x_wconf 78' lang='grc' dir='ltr'>Κύριος</span> <span class='ocrx_word' id='word_1_518' title='bbox 2706 3368 2857 3492; x_wconf 46' lang='lat' dir='ltr'><strong>nisi:</strong></span> <span class='ocrx_word' id='word_1_519' title='bbox 2921 3367 3043 3491; x_wconf 61' lang='grc' dir='ltr'><strong>ἶῶν</strong></span> <span class='ocrx_word' id='word_1_520' title='bbox 3108 3367 3510 3438; x_wconf 75' lang='grc' dir='ltr'>ἐργαζομένων</span> <span class='ocrx_word' id='word_1_521' title='bbox 3577 3368 3696 3439; x_wconf 81' lang='grc' dir='ltr'><strong>τὴν</strong></span> 
     </span>
     <span class='ocr_line' id='line_1_79' title="bbox 2804 3455 3038 3492; baseline 0.009 -2"><span class='ocrx_word' id='word_1_522' title='bbox 2804 3455 3038 3492; x_wconf 59' lang='lat' dir='ltr'><strong>roman.</strong></span> 
     </span>
    </p>
   </div>
   <div class='ocr_carea' id='block_1_79' title="bbox 2804 3455 3038 3507">
    <p class='ocr_par' dir='ltr' id='par_1_79' title="bbox 2804 3455 3038 3507">
     <span class='ocr_line' id='line_1_80' title="bbox 2804 3455 3038 3507; baseline 0.009 -17"><span class='ocrx_word' id='word_1_523' title='bbox 2804 3455 3038 3507; x_wconf 76' lang='grc' dir='ltr'>νομιαν.</span> 
     </span>
    </p>
   </div>
   <div class='ocr_carea' id='block_1_80' title="bbox 2187 3527 3691 3606">
    <p class='ocr_par' dir='ltr' id='par_1_80' title="bbox 2187 3527 3691 3606">
     <span class='ocr_line' id='line_1_81' title="bbox 2187 3527 3691 3606; baseline 0.005 -25"><span class='ocrx_word' id='word_1_524' title='bbox 2187 3527 2260 3582; x_wconf 87' lang='grc' dir='ltr'><strong>Τὸ</strong></span> <span class='ocrx_word' id='word_1_525' title='bbox 2303 3529 2538 3594; x_wconf 78' lang='grc' dir='ltr'>ἀπάξει,</span> <span class='ocrx_word' id='word_1_526' title='bbox 2577 3530 2636 3583; x_wconf 76' lang='grc' dir='ltr'>τὸ</span> <span class='ocrx_word' id='word_1_527' title='bbox 2658 3531 2998 3599; x_wconf 78' lang='grc' dir='ltr'>παραδώσει</span> <span class='ocrx_word' id='word_1_528' title='bbox 3030 3531 3204 3602; x_wconf 74' lang='grc' dir='ltr'>δηλοῖο</span> <span class='ocrx_word' id='word_1_529' title='bbox 3227 3534 3304 3597; x_wconf 82' lang='grc' dir='ltr'><strong>είς</strong></span> <span class='ocrx_word' id='word_1_530' title='bbox 3335 3533 3431 3606; x_wconf 81' lang='grc' dir='ltr'><strong>τὴν</strong></span> <span class='ocrx_word' id='word_1_531' title='bbox 3447 3532 3691 3602; x_wconf 83' lang='grc' dir='ltr'>ἀκαθαρ-</span> 
     </span>
    </p>
   </div>
   <div class='ocr_carea' id='block_1_81' title="bbox 2116 3621 3693 3699">
    <p class='ocr_par' dir='ltr' id='par_1_81' title="bbox 2116 3621 3693 3699">
     <span class='ocr_line' id='line_1_82' title="bbox 2116 3621 3693 3699; baseline 0.004 -25"><span class='ocrx_word' id='word_1_532' title='bbox 2116 3621 2235 3674; x_wconf 88' lang='grc' dir='ltr'>σίαν</span> <span class='ocrx_word' id='word_1_533' title='bbox 2273 3623 2338 3693; x_wconf 81' lang='grc' dir='ltr'>ἣν</span> <span class='ocrx_word' id='word_1_534' title='bbox 2373 3621 2593 3687; x_wconf 80' lang='grc' dir='ltr'>εἴλοντο,</span> <span class='ocrx_word' id='word_1_535' title='bbox 2627 3624 2706 3686; x_wconf 83' lang='grc' dir='ltr'><strong>είς</strong></span> <span class='ocrx_word' id='word_1_536' title='bbox 2760 3623 2906 3694; x_wconf 83' lang='grc' dir='ltr'>πάθη</span> <span class='ocrx_word' id='word_1_537' title='bbox 2939 3641 2998 3678; x_wconf 89' lang='grc' dir='ltr'><strong>τε</strong></span> <span class='ocrx_word' id='word_1_538' title='bbox 3044 3626 3267 3698; x_wconf 83' lang='grc' dir='ltr'>ἀτιμίας</span> <span class='ocrx_word' id='word_1_539' title='bbox 3304 3629 3396 3681; x_wconf 79' lang='grc' dir='ltr'>καὶ</span> <span class='ocrx_word' id='word_1_540' title='bbox 3438 3627 3693 3699; x_wconf 85' lang='grc' dir='ltr'>ἀδόκιμον</span> 
     </span>
    </p>
   </div>
   <div class='ocr_carea' id='block_1_82' title="bbox 2113 3711 3028 3784">
    <p class='ocr_par' dir='ltr' id='par_1_82' title="bbox 2113 3711 3028 3784">
     <span class='ocr_line' id='line_1_83' title="bbox 2113 3711 3028 3784; baseline 0.005 -20"><span class='ocrx_word' id='word_1_541' title='bbox 2113 3711 2257 3776; x_wconf 86' lang='grc' dir='ltr'>νοῦν,</span> <span class='ocrx_word' id='word_1_542' title='bbox 2293 3715 2463 3764; x_wconf 86' lang='grc' dir='ltr'>ποιεῖν</span> <span class='ocrx_word' id='word_1_543' title='bbox 2498 3711 2565 3765; x_wconf 85' lang='grc' dir='ltr'>τὰ</span> <span class='ocrx_word' id='word_1_544' title='bbox 2593 3713 2666 3784; x_wconf 80' lang='grc' dir='ltr'><strong>μὴ</strong></span> <span class='ocrx_word' id='word_1_545' title='bbox 2697 3713 3028 3783; x_wconf 85' lang='grc' dir='ltr'>καθήκοντα.</span> 
     </span>
    </p>
   </div>
   <div class='ocr_carea' id='block_1_83' title="bbox 2645 3883 3145 3946">
    <p class='ocr_par' dir='ltr' id='par_1_83' title="bbox 2645 3883 3145 3946">
     <span class='ocr_line' id='line_1_84' title="bbox 2645 3883 3145 3946; baseline 0.002 -1"><span class='ocrx_word' id='word_1_546' title='bbox 2645 3893 2938 3946; x_wconf 77' lang='grc' dir='ltr'><strong>ΨΑΛΜΟΣ</strong></span> <span class='ocrx_word' id='word_1_547' title='bbox 2971 3883 3065 3946; x_wconf 83' lang='lat' dir='ltr'><strong>PK</strong></span> <span class='ocrx_word' id='word_1_548' title='bbox 3073 3893 3145 3946; x_wconf 84' lang='lat' dir='ltr'><strong>E&#39;.</strong></span> 
     </span>
    </p>
   </div>
   <div class='ocr_carea' id='block_1_84' title="bbox 2125 3983 3688 4054">
    <p class='ocr_par' dir='ltr' id='par_1_84' title="bbox 2125 3983 3688 4054">
     <span class='ocr_line' id='line_1_85' title="bbox 2125 3983 3688 4054; baseline 0.003 -19"><span class='ocrx_word' id='word_1_549' title='bbox 2125 3983 2221 4036; x_wconf 74' lang='grc' dir='ltr'>Ἑν</span> <span class='ocrx_word' id='word_1_550' title='bbox 2237 3983 2315 4050; x_wconf 80' lang='grc' dir='ltr'>τῷ</span> <span class='ocrx_word' id='word_1_551' title='bbox 2335 3983 2690 4054; x_wconf 67' lang='grc' dir='ltr'>ἐπιστρέψαι</span> <span class='ocrx_word' id='word_1_552' title='bbox 2713 3987 2933 4053; x_wconf 73' lang='grc' dir='ltr'>Κύριον</span> <span class='ocrx_word' id='word_1_553' title='bbox 2951 3984 3065 4052; x_wconf 70' lang='grc' dir='ltr'><strong>τὴν</strong></span> <span class='ocrx_word' id='word_1_554' title='bbox 3088 3985 3502 4054; x_wconf 75' lang='grc' dir='ltr'>αἰχμαλωσίαν</span> <span class='ocrx_word' id='word_1_555' title='bbox 3523 3985 3688 4040; x_wconf 80' lang='grc' dir='ltr'><strong>Σιών.</strong></span> 
     </span>
    </p>
   </div>
   <div class='ocr_carea' id='block_1_85' title="bbox 2185 4077 3758 4150">
    <p class='ocr_par' dir='ltr' id='par_1_85' title="bbox 2185 4077 3758 4150">
     <span class='ocr_line' id='line_1_86' title="bbox 2185 4077 3758 4150; baseline 0.004 -22"><span class='ocrx_word' id='word_1_556' title='bbox 2185 4077 2248 4128; x_wconf 83' lang='lat' dir='ltr'><strong>0i</strong></span> <span class='ocrx_word' id='word_1_557' title='bbox 2294 4077 2579 4130; x_wconf 74' lang='grc' dir='ltr'>ἀπόστολοι</span> <span class='ocrx_word' id='word_1_558' title='bbox 2630 4077 2802 4131; x_wconf 87' lang='grc' dir='ltr'>ταῦτα</span> <span class='ocrx_word' id='word_1_559' title='bbox 2849 4077 3282 4148; x_wconf 79' lang='grc' dir='ltr'>προφητεύονται</span> <span class='ocrx_word' id='word_1_560' title='bbox 3333 4078 3506 4145; x_wconf 78' lang='grc' dir='ltr'>λέξειν</span> <span class='ocrx_word' id='word_1_561' title='bbox 3561 4081 3691 4150; x_wconf 73' lang='grc' dir='ltr'>περὶ</span> <span class='ocrx_word' id='word_1_562' title='bbox 3749 4101 3758 4108; x_wconf 93' lang='grc'>·</span> 
     </span>
    </p>
   </div>
   <div class='ocr_carea' id='block_1_86' title="bbox 2115 4169 3693 4240">
    <p class='ocr_par' dir='ltr' id='par_1_86' title="bbox 2115 4169 3693 4240">
     <span class='ocr_line' id='line_1_87' title="bbox 2115 4169 3693 4240; baseline 0.002 -19"><span class='ocrx_word' id='word_1_563' title='bbox 2115 4169 2320 4222; x_wconf 81' lang='grc' dir='ltr'>ἑαυτῶν</span> <span class='ocrx_word' id='word_1_564' title='bbox 2350 4171 2442 4223; x_wconf 67' lang='grc' dir='ltr'><strong>καὶ</strong></span> <span class='ocrx_word' id='word_1_565' title='bbox 2465 4169 2574 4223; x_wconf 85' lang='grc' dir='ltr'><strong>τῶν</strong></span> <span class='ocrx_word' id='word_1_566' title='bbox 2603 4172 2658 4225; x_wconf 82' lang='grc' dir='ltr'><strong>ὲν</strong></span> <span class='ocrx_word' id='word_1_567' title='bbox 2688 4173 2799 4233; x_wconf 82' lang='grc' dir='ltr'>τοῖς</span> <span class='ocrx_word' id='word_1_568' title='bbox 2831 4169 3030 4240; x_wconf 75' lang='grc' dir='ltr'>ἔθνεσι,</span> <span class='ocrx_word' id='word_1_569' title='bbox 3067 4171 3161 4222; x_wconf 74' lang='grc' dir='ltr'><strong>καὶ</strong></span> <span class='ocrx_word' id='word_1_570' title='bbox 3193 4172 3331 4240; x_wconf 85' lang='grc' dir='ltr'><strong>μετά</strong></span> <span class='ocrx_word' id='word_1_571' title='bbox 3359 4173 3531 4226; x_wconf 86' lang='grc' dir='ltr'>ταῦτα</span> <span class='ocrx_word' id='word_1_572' title='bbox 3557 4174 3693 4226; x_wconf 83' lang='grc' dir='ltr'>ἀπο-</span> 
     </span>
    </p>
   </div>
   <div class='ocr_carea' id='block_1_87' title="bbox 2117 4261 3690 4335">
    <p class='ocr_par' dir='ltr' id='par_1_87' title="bbox 2117 4261 3690 4335">
     <span class='ocr_line' id='line_1_88' title="bbox 2117 4261 3690 4335; baseline 0.002 -22"><span class='ocrx_word' id='word_1_573' title='bbox 2117 4261 2394 4328; x_wconf 80' lang='grc' dir='ltr'>φανεῖσθαι</span> <span class='ocrx_word' id='word_1_574' title='bbox 2427 4263 2555 4335; x_wconf 77' lang='grc' dir='ltr'>περὶ</span> <span class='ocrx_word' id='word_1_575' title='bbox 2585 4261 2785 4333; x_wconf 84' lang='grc' dir='ltr'>σπόρου</span> <span class='ocrx_word' id='word_1_576' title='bbox 2819 4262 2913 4315; x_wconf 77' lang='grc' dir='ltr'><strong>καὶ</strong></span> <span class='ocrx_word' id='word_1_577' title='bbox 2945 4261 3229 4332; x_wconf 88' lang='grc' dir='ltr'>θερισμοῦ·</span> <span class='ocrx_word' id='word_1_578' title='bbox 3263 4263 3403 4315; x_wconf 87' lang='grc' dir='ltr'><strong>κατά</strong></span> <span class='ocrx_word' id='word_1_579' title='bbox 3437 4265 3563 4328; x_wconf 74' lang='grc' dir='ltr'>τοὺς</span> <span class='ocrx_word' id='word_1_580' title='bbox 3595 4261 3690 4316; x_wconf 83' lang='grc' dir='ltr'><strong>τοῦ</strong></span> 
     </span>
    </p>
   </div>
   <div class='ocr_carea' id='block_1_88' title="bbox 2113 4351 3693 4429">
    <p class='ocr_par' dir='ltr' id='par_1_88' title="bbox 2113 4351 3693 4429">
     <span class='ocr_line' id='line_1_89' title="bbox 2113 4351 3693 4429; baseline 0.001 -21"><span class='ocrx_word' id='word_1_581' title='bbox 2113 4353 2274 4408; x_wconf 80' lang='grc' dir='ltr'>Δα6⁴ιδ</span> <span class='ocrx_word' id='word_1_582' title='bbox 2303 4355 2526 4426; x_wconf 82' lang='grc' dir='ltr'>χρόνους</span> <span class='ocrx_word' id='word_1_583' title='bbox 2558 4356 2657 4408; x_wconf 74' lang='grc' dir='ltr'><strong>οὐκ</strong></span> <span class='ocrx_word' id='word_1_584' title='bbox 2683 4351 2748 4426; x_wconf 80' lang='grc' dir='ltr'>ἦν</span> <span class='ocrx_word' id='word_1_585' title='bbox 2782 4357 2814 4426; x_wconf 82' lang='grc' dir='ltr'>ἡ</span> <span class='ocrx_word' id='word_1_586' title='bbox 2851 4354 3196 4426; x_wconf 84' lang='grc' dir='ltr'>αἰχμαλωσία</span> <span class='ocrx_word' id='word_1_587' title='bbox 3219 4370 3232 4384; x_wconf 77' lang='grc' dir='ltr'><strong>ο</strong></span> <span class='ocrx_word' id='word_1_588' title='bbox 3265 4353 3407 4424; x_wconf 85' lang='grc' dir='ltr'>τάχα</span> <span class='ocrx_word' id='word_1_589' title='bbox 3439 4351 3531 4408; x_wconf 78' lang='grc' dir='ltr'><strong>οῦν</strong></span> <span class='ocrx_word' id='word_1_590' title='bbox 3566 4357 3693 4429; x_wconf 61' lang='grc' dir='ltr'>περὶ</span> 
     </span>
    </p>
   </div>
   <div class='ocr_carea' id='block_1_89' title="bbox 433 4446 2014 4524">
    <p class='ocr_par' dir='ltr' id='par_1_89' title="bbox 433 4449 2008 4524">
     <span class='ocr_line' id='line_1_90' title="bbox 433 4449 2008 4524; baseline -0.005 -13"><span class='ocrx_word' id='word_1_591' title='bbox 433 4459 549 4512; x_wconf 70' lang='grc' dir='ltr'>Ιιιιιο</span> <span class='ocrx_word' id='word_1_592' title='bbox 571 4455 896 4524; x_wconf 76' lang='lat' dir='ltr'><strong>prophetico</strong></span> <span class='ocrx_word' id='word_1_593' title='bbox 929 4453 1230 4520; x_wconf 80' lang='lat' dir='ltr'><strong>signiﬁcari</strong></span> <span class='ocrx_word' id='word_1_594' title='bbox 1265 4451 1468 4506; x_wconf 75' lang='lat' dir='ltr'><strong>futura.</strong></span> <span class='ocrx_word' id='word_1_595' title='bbox 1497 4449 1701 4519; x_wconf 74' lang='lat' dir='ltr'><strong>Nempe</strong></span> <span class='ocrx_word' id='word_1_596' title='bbox 1735 4451 2008 4519; x_wconf 83' lang='lat' dir='ltr'><strong>aliquanta</strong></span> 
     </span>
    </p>
   </div>
   <div class='ocr_carea' id='block_1_90' title="bbox 2121 4446 3694 4524">
    <p class='ocr_par' dir='ltr' id='par_1_90' title="bbox 2121 4446 3694 4519">
     <span class='ocr_line' id='line_1_91' title="bbox 2121 4446 3694 4519; baseline 0 -18"><span class='ocrx_word' id='word_1_597' title='bbox 2121 4449 2215 4518; x_wconf 76' lang='grc' dir='ltr'>τῆς</span> <span class='ocrx_word' id='word_1_598' title='bbox 2243 4449 2438 4519; x_wconf 76' lang='grc' dir='ltr'>νοητῆς</span> <span class='ocrx_word' id='word_1_599' title='bbox 2460 4448 2636 4500; x_wconf 85' lang='grc' dir='ltr'>ταῦτά</span> <span class='ocrx_word' id='word_1_600' title='bbox 2665 4465 2826 4518; x_wconf 82' lang='grc' dir='ltr'>φησιν</span> <span class='ocrx_word' id='word_1_601' title='bbox 2847 4465 2859 4477; x_wconf 91' lang='grc'><strong>·</strong></span> <span class='ocrx_word' id='word_1_602' title='bbox 2885 4451 3000 4519; x_wconf 80' lang='grc' dir='ltr'>ἐρεῖ</span> <span class='ocrx_word' id='word_1_603' title='bbox 3016 4447 3072 4500; x_wconf 83' lang='grc' dir='ltr'>δὲ</span> <span class='ocrx_word' id='word_1_604' title='bbox 3104 4446 3280 4511; x_wconf 80' lang='grc' dir='ltr'>ἄλλος,</span> <span class='ocrx_word' id='word_1_605' title='bbox 3312 4447 3393 4500; x_wconf 82' lang='grc' dir='ltr'>ὅτι</span> <span class='ocrx_word' id='word_1_606' title='bbox 3427 4465 3694 4519; x_wconf 76' lang='grc' dir='ltr'>προφητι-</span> 
     </span>
    </p>
   </div>
   <div class='ocr_carea' id='block_1_91' title="bbox 431 4537 2006 4618">
    <p class='ocr_par' dir='ltr' id='par_1_91' title="bbox 431 4537 2006 4618">
     <span class='ocr_line' id='line_1_92' title="bbox 431 4537 2006 4618; baseline -0.004 -18"><span class='ocrx_word' id='word_1_607' title='bbox 431 4549 769 4618; x_wconf 89' lang='lat' dir='ltr'><strong>captivorum</strong></span> <span class='ocrx_word' id='word_1_608' title='bbox 807 4560 933 4616; x_wconf 83' lang='lat' dir='ltr'><strong>pars</strong></span> <span class='ocrx_word' id='word_1_609' title='bbox 969 4543 1244 4614; x_wconf 82' lang='lat' dir='ltr'><strong>Babylone</strong></span> <span class='ocrx_word' id='word_1_610' title='bbox 1294 4543 1490 4608; x_wconf 80' lang='lat' dir='ltr'><strong>redux,</strong></span> <span class='ocrx_word' id='word_1_611' title='bbox 1555 4549 1872 4610; x_wconf 86' lang='lat' dir='ltr'><strong>recuperata</strong></span> <span class='ocrx_word' id='word_1_612' title='bbox 1912 4537 2006 4594; x_wconf 83' lang='lat' dir='ltr'><strong>Je-</strong></span> 
     </span>
    </p>
   </div>
   <div class='ocr_carea' id='block_1_92' title="bbox 435 4633 2006 4708">
    <p class='ocr_par' dir='ltr' id='par_1_92' title="bbox 435 4633 2006 4708">
     <span class='ocr_line' id='line_1_93' title="bbox 435 4633 2006 4708; baseline -0.005 -14"><span class='ocrx_word' id='word_1_613' title='bbox 435 4642 690 4704; x_wconf 79' lang='lat' dir='ltr'><strong>rusalem,</strong></span> <span class='ocrx_word' id='word_1_614' title='bbox 731 4641 798 4694; x_wconf 86' lang='lat' dir='ltr'><strong>de</strong></span> <span class='ocrx_word' id='word_1_615' title='bbox 847 4640 913 4692; x_wconf 91' lang='lat' dir='ltr'><strong>iis</strong></span> <span class='ocrx_word' id='word_1_616' title='bbox 946 4638 1036 4707; x_wconf 90' lang='lat' dir='ltr'><strong>qui</strong></span> <span class='ocrx_word' id='word_1_617' title='bbox 1072 4636 1341 4708; x_wconf 83' lang='lat' dir='ltr'><strong>Babylone</strong></span> <span class='ocrx_word' id='word_1_618' title='bbox 1389 4641 1784 4699; x_wconf 85' lang='lat' dir='ltr'><strong>remanserant,</strong></span> <span class='ocrx_word' id='word_1_619' title='bbox 1830 4633 2006 4687; x_wconf 85' lang='lat' dir='ltr'><strong>canti-</strong></span> 
     </span>
    </p>
   </div>
   <div class='ocr_carea' id='block_1_93' title="bbox 431 4724 2003 4796">
    <p class='ocr_par' dir='ltr' id='par_1_93' title="bbox 431 4724 2003 4796">
     <span class='ocr_line' id='line_1_94' title="bbox 431 4724 2003 4796; baseline -0.005 -8"><span class='ocrx_word' id='word_1_620' title='bbox 431 4751 554 4788; x_wconf 90' lang='lat' dir='ltr'><strong>cum</strong></span> <span class='ocrx_word' id='word_1_621' title='bbox 589 4735 688 4786; x_wconf 89' lang='lat' dir='ltr'><strong>hoc</strong></span> <span class='ocrx_word' id='word_1_622' title='bbox 725 4747 827 4784; x_wconf 86' lang='lat' dir='ltr'><strong>non</strong></span> <span class='ocrx_word' id='word_1_623' title='bbox 866 4732 984 4784; x_wconf 82' lang='lat' dir='ltr'><strong>sine</strong></span> <span class='ocrx_word' id='word_1_624' title='bbox 1013 4731 1153 4784; x_wconf 91' lang='lat' dir='ltr'><strong>bona</strong></span> <span class='ocrx_word' id='word_1_625' title='bbox 1187 4727 1594 4796; x_wconf 75' lang='lat' dir='ltr'><strong>eXsltectatione</strong></span> <span class='ocrx_word' id='word_1_626' title='bbox 1639 4727 1748 4780; x_wconf 89' lang='lat' dir='ltr'><strong>Deo</strong></span> <span class='ocrx_word' id='word_1_627' title='bbox 1773 4724 2003 4780; x_wconf 85' lang='lat' dir='ltr'><strong>extollit.</strong></span> 
     </span>
    </p>
   </div>
   <div class='ocr_carea' id='block_1_94' title="bbox 429 4817 2005 4893">
    <p class='ocr_par' dir='ltr' id='par_1_94' title="bbox 429 4817 2005 4893">
     <span class='ocr_line' id='line_1_95' title="bbox 429 4817 2005 4893; baseline -0.007 -15"><span class='ocrx_word' id='word_1_628' title='bbox 429 4827 596 4879; x_wconf 85' lang='lat' dir='ltr'><strong>Aiunt</strong></span> <span class='ocrx_word' id='word_1_629' title='bbox 616 4839 744 4893; x_wconf 83' lang='lat' dir='ltr'><strong>ergo</strong></span> <span class='ocrx_word' id='word_1_630' title='bbox 773 4823 1008 4876; x_wconf 90' lang='lat' dir='ltr'><strong>nondum</strong></span> <span class='ocrx_word' id='word_1_631' title='bbox 1037 4836 1196 4876; x_wconf 88' lang='lat' dir='ltr'><strong>suum</strong></span> <span class='ocrx_word' id='word_1_632' title='bbox 1221 4820 1479 4891; x_wconf 80' lang='lat' dir='ltr'><strong>gaudium</strong></span> <span class='ocrx_word' id='word_1_633' title='bbox 1497 4831 1618 4872; x_wconf 87' lang='lat' dir='ltr'><strong>esse</strong></span> <span class='ocrx_word' id='word_1_634' title='bbox 1644 4817 2005 4886; x_wconf 88' lang='lat' dir='ltr'><strong>completmn;</strong></span> 
     </span>
    </p>
   </div>
   <div class='ocr_carea' id='block_1_95' title="bbox 429 4909 2008 4980">
    <p class='ocr_par' dir='ltr' id='par_1_95' title="bbox 429 4909 2008 4980">
     <span class='ocr_line' id='line_1_96' title="bbox 429 4909 2008 4980; baseline -0.008 -5"><span class='ocrx_word' id='word_1_635' title='bbox 429 4921 548 4974; x_wconf 80' lang='lat' dir='ltr'><strong>fore</strong></span> <span class='ocrx_word' id='word_1_636' title='bbox 580 4929 784 4980; x_wconf 88' lang='lat' dir='ltr'><strong>autem,</strong></span> <span class='ocrx_word' id='word_1_637' title='bbox 820 4931 942 4969; x_wconf 88' lang='lat' dir='ltr'><strong>cum</strong></span> <span class='ocrx_word' id='word_1_638' title='bbox 974 4915 1225 4968; x_wconf 86' lang='lat' dir='ltr'><strong>universa</strong></span> <span class='ocrx_word' id='word_1_639' title='bbox 1251 4915 1400 4967; x_wconf 87' lang='lat' dir='ltr'><strong>natio</strong></span> <span class='ocrx_word' id='word_1_640' title='bbox 1438 4927 1508 4965; x_wconf 82' lang='lat' dir='ltr'><strong>ex</strong></span> <span class='ocrx_word' id='word_1_641' title='bbox 1556 4911 1739 4966; x_wconf 91' lang='lat' dir='ltr'><strong>hostili</strong></span> <span class='ocrx_word' id='word_1_642' title='bbox 1789 4909 2008 4978; x_wconf 70' lang='lat' dir='ltr'><strong>regione</strong></span> 
     </span>
    </p>
   </div>
   <div class='ocr_carea' id='block_1_96' title="bbox 429 4997 2004 5080">
    <p class='ocr_par' dir='ltr' id='par_1_96' title="bbox 429 4997 2004 5080">
     <span class='ocr_line' id='line_1_97' title="bbox 429 4997 2004 5080; baseline -0.007 -15"><span class='ocrx_word' id='word_1_643' title='bbox 429 5015 497 5065; x_wconf 82' lang='lat' dir='ltr'><strong>ad</strong></span> <span class='ocrx_word' id='word_1_644' title='bbox 531 4997 808 5080; x_wconf 22' lang='lat' dir='ltr'><strong>propria-nt</strong></span> <span class='ocrx_word' id='word_1_645' title='bbox 855 5008 1093 5062; x_wconf 83' lang='lat' dir='ltr'><strong>redierit.</strong></span> <span class='ocrx_word' id='word_1_646' title='bbox 1147 5005 1297 5059; x_wconf 33' lang='lat' dir='ltr'><strong>l’lauc</strong></span> <span class='ocrx_word' id='word_1_647' title='bbox 1339 5004 1597 5059; x_wconf 88' lang='lat' dir='ltr'><strong>nimirum</strong></span> <span class='ocrx_word' id='word_1_648' title='bbox 1637 5003 1739 5056; x_wconf 88' lang='lat' dir='ltr'><strong>loci</strong></span> <span class='ocrx_word' id='word_1_649' title='bbox 1786 5013 2004 5055; x_wconf 86' lang='lat' dir='ltr'><strong>senten-</strong></span> 
     </span>
    </p>
   </div>
   <div class='ocr_carea' id='block_1_97' title="bbox 432 5093 2006 5172">
    <p class='ocr_par' dir='ltr' id='par_1_97' title="bbox 432 5093 2006 5172">
     <span class='ocr_line' id='line_1_98' title="bbox 432 5093 2006 5172; baseline -0.011 -12"><span class='ocrx_word' id='word_1_650' title='bbox 432 5107 560 5166; x_wconf 87' lang='lat' dir='ltr'><strong>tiam</strong></span> <span class='ocrx_word' id='word_1_651' title='bbox 595 5102 786 5172; x_wconf 86' lang='lat' dir='ltr'><strong>reliqui</strong></span> <span class='ocrx_word' id='word_1_652' title='bbox 813 5103 1135 5165; x_wconf 85' lang='lat' dir='ltr'><strong>interpretes</strong></span> <span class='ocrx_word' id='word_1_653' title='bbox 1173 5099 1408 5152; x_wconf 88' lang='lat' dir='ltr'><strong>sistttnt:</strong></span> <span class='ocrx_word' id='word_1_654' title='bbox 1448 5111 1572 5149; x_wconf 92' lang='lat' dir='ltr'><strong>nam</strong></span> <span class='ocrx_word' id='word_1_655' title='bbox 1600 5109 1720 5164; x_wconf 87' lang='lat' dir='ltr'><strong>pro,</strong></span> <span class='ocrx_word' id='word_1_656' title='bbox 1751 5093 1880 5160; x_wconf 81' lang='lat' dir='ltr'><strong>[acti</strong></span> <span class='ocrx_word' id='word_1_657' title='bbox 1911 5108 2006 5143; x_wconf 86' lang='lat' dir='ltr'><strong>su-</strong></span> 
     </span>
    </p>
   </div>
   <div class='ocr_carea' id='block_1_98' title="bbox 425 5185 2006 5258">
    <p class='ocr_par' dir='ltr' id='par_1_98' title="bbox 425 5185 2006 5258">
     <span class='ocr_line' id='line_1_99' title="bbox 425 5185 2006 5258; baseline -0.011 -7"><span class='ocrx_word' id='word_1_658' title='bbox 425 5214 546 5252; x_wconf 83' lang='lat' dir='ltr'><strong>mus</strong></span> <span class='ocrx_word' id='word_1_659' title='bbox 569 5197 702 5250; x_wconf 84' lang='lat' dir='ltr'><strong>sicut</strong></span> <span class='ocrx_word' id='word_1_660' title='bbox 743 5194 1036 5258; x_wconf 85' lang='lat' dir='ltr'><strong>consolati,</strong></span> <span class='ocrx_word' id='word_1_661' title='bbox 1081 5191 1422 5247; x_wconf 80' lang='lat' dir='ltr'><strong>concorditer</strong></span> <span class='ocrx_word' id='word_1_662' title='bbox 1455 5203 1644 5242; x_wconf 86' lang='lat' dir='ltr'><strong>omnes</strong></span> <span class='ocrx_word' id='word_1_663' title='bbox 1684 5188 1872 5239; x_wconf 84' lang='lat' dir='ltr'><strong>aiunt:</strong></span> <span class='ocrx_word' id='word_1_664' title='bbox 1918 5185 2006 5252; x_wconf 74' lang='lat' dir='ltr'><strong>{a-</strong></span> 
     </span>
    </p>
   </div>
   <div class='ocr_carea' id='block_1_99' title="bbox 427 5275 2005 5357">
    <p class='ocr_par' dir='ltr' id='par_1_99' title="bbox 427 5275 2005 5357">
     <span class='ocr_line' id='line_1_100' title="bbox 427 5275 2005 5357; baseline -0.01 -14"><span class='ocrx_word' id='word_1_665' title='bbox 427 5290 502 5343; x_wconf 82' lang='lat' dir='ltr'><strong>cti</strong></span> <span class='ocrx_word' id='word_1_666' title='bbox 523 5305 704 5342; x_wconf 83' lang='lat' dir='ltr'><strong>suums</strong></span> <span class='ocrx_word' id='word_1_667' title='bbox 743 5290 888 5357; x_wconf 83' lang='lat' dir='ltr'><strong>quasi</strong></span> <span class='ocrx_word' id='word_1_668' title='bbox 921 5286 1276 5346; x_wconf 79' lang='lat' dir='ltr'><strong>somniantes;</strong></span> <span class='ocrx_word' id='word_1_669' title='bbox 1315 5299 1418 5336; x_wconf 89' lang='lat' dir='ltr'><strong>non</strong></span> <span class='ocrx_word' id='word_1_670' title='bbox 1451 5292 1630 5335; x_wconf 81' lang='lat' dir='ltr'><strong>autem</strong></span> <span class='ocrx_word' id='word_1_671' title='bbox 1665 5293 1794 5332; x_wconf 83' lang='lat' dir='ltr'><strong>vera</strong></span> <span class='ocrx_word' id='word_1_672' title='bbox 1839 5275 2005 5329; x_wconf 87' lang='lat' dir='ltr'><strong>liber-</strong></span> 
     </span>
    </p>
   </div>
   <div class='ocr_carea' id='block_1_100' title="bbox 2115 4538 3693 4612">
    <p class='ocr_par' dir='ltr' id='par_1_100' title="bbox 2115 4538 3693 4612">
     <span class='ocr_line' id='line_1_101' title="bbox 2115 4538 3693 4612; baseline 0 -19"><span class='ocrx_word' id='word_1_673' title='bbox 2115 4540 2224 4603; x_wconf 88' lang='grc' dir='ltr'><strong>κῶς</strong></span> <span class='ocrx_word' id='word_1_674' title='bbox 2251 4539 2311 4593; x_wconf 86' lang='grc' dir='ltr'><strong>τὸ</strong></span> <span class='ocrx_word' id='word_1_675' title='bbox 2346 4539 2534 4610; x_wconf 84' lang='grc' dir='ltr'>μέλλον</span> <span class='ocrx_word' id='word_1_676' title='bbox 2569 4540 2820 4611; x_wconf 72' lang='grc' dir='ltr'>δηλοῦται</span> <span class='ocrx_word' id='word_1_677' title='bbox 2987 4571 3054 4580; x_wconf 93' lang='grc'><strong>--</strong></span> <span class='ocrx_word' id='word_1_678' title='bbox 3075 4538 3253 4610; x_wconf 86' lang='grc' dir='ltr'>Μέρος</span> <span class='ocrx_word' id='word_1_679' title='bbox 3280 4555 3332 4590; x_wconf 88' lang='grc' dir='ltr'><strong>τι</strong></span> <span class='ocrx_word' id='word_1_680' title='bbox 3363 4539 3462 4610; x_wconf 81' lang='grc' dir='ltr'><strong>τῆς</strong></span> <span class='ocrx_word' id='word_1_681' title='bbox 3489 4541 3693 4611; x_wconf 85' lang='grc' dir='ltr'>αίχμα-</span> 
     </span>
    </p>
   </div>
   <div class='ocr_carea' id='block_1_101' title="bbox 2114 4631 3691 4702">
    <p class='ocr_par' dir='ltr' id='par_1_101' title="bbox 2114 4631 3691 4702">
     <span class='ocr_line' id='line_1_102' title="bbox 2114 4631 3691 4702; baseline 0.001 -18"><span class='ocrx_word' id='word_1_682' title='bbox 2114 4631 2314 4696; x_wconf 84' lang='grc' dir='ltr'>λωσίας</span> <span class='ocrx_word' id='word_1_683' title='bbox 2344 4633 2636 4686; x_wconf 81' lang='grc' dir='ltr'>ὲπανελθὸν</span> <span class='ocrx_word' id='word_1_684' title='bbox 2659 4633 2768 4686; x_wconf 80' lang='grc' dir='ltr'>ἀπὸ</span> <span class='ocrx_word' id='word_1_685' title='bbox 2795 4633 2895 4702; x_wconf 80' lang='grc' dir='ltr'>τῆς</span> <span class='ocrx_word' id='word_1_686' title='bbox 2927 4632 3265 4699; x_wconf 76' lang='grc' dir='ltr'>Βαϐυλῶνος,</span> <span class='ocrx_word' id='word_1_687' title='bbox 3297 4633 3390 4686; x_wconf 55' lang='grc' dir='ltr'><strong>καὶ¹</strong></span> <span class='ocrx_word' id='word_1_688' title='bbox 3420 4633 3691 4686; x_wconf 60' lang='grc' dir='ltr'>ἀπολαϐὼν</span> 
     </span>
    </p>
   </div>
   <div class='ocr_carea' id='block_1_102' title="bbox 2113 4726 3694 4800">
    <p class='ocr_par' dir='ltr' id='par_1_102' title="bbox 2113 4726 3694 4800">
     <span class='ocr_line' id='line_1_103' title="bbox 2113 4726 3694 4800; baseline -0.002 -20"><span class='ocrx_word' id='word_1_689' title='bbox 2113 4728 2212 4799; x_wconf 76' lang='grc' dir='ltr'><strong>τὴν</strong></span> <span class='ocrx_word' id='word_1_690' title='bbox 2251 4729 2624 4800; x_wconf 82' lang='grc' dir='ltr'>Ἰερουσαλὴμ,</span> <span class='ocrx_word' id='word_1_691' title='bbox 2663 4728 2787 4798; x_wconf 65' lang='grc' dir='ltr'>περ).</span> <span class='ocrx_word' id='word_1_692' title='bbox 2820 4727 2927 4780; x_wconf 87' lang='grc' dir='ltr'><strong>τῶν</strong></span> <span class='ocrx_word' id='word_1_693' title='bbox 2973 4728 3384 4798; x_wconf 84' lang='grc' dir='ltr'>ἀπομεινάντων</span> <span class='ocrx_word' id='word_1_694' title='bbox 3427 4728 3483 4778; x_wconf 80' lang='grc' dir='ltr'>ἐν</span> <span class='ocrx_word' id='word_1_695' title='bbox 3517 4726 3694 4778; x_wconf 76' lang='grc' dir='ltr'>Βαϐυ-</span> 
     </span>
    </p>
   </div>
   <div class='ocr_carea' id='block_1_103' title="bbox 2115 4817 3692 4892">
    <p class='ocr_par' dir='ltr' id='par_1_103' title="bbox 2115 4817 3692 4892">
     <span class='ocr_line' id='line_1_104' title="bbox 2115 4817 3692 4892; baseline -0.001 -22"><span class='ocrx_word' id='word_1_696' title='bbox 2115 4818 2243 4872; x_wconf 84' lang='grc' dir='ltr'>λῶνι</span> <span class='ocrx_word' id='word_1_697' title='bbox 2270 4819 2368 4891; x_wconf 83' lang='grc' dir='ltr'>τὴν</span> <span class='ocrx_word' id='word_1_698' title='bbox 2398 4821 2762 4891; x_wconf 77' lang='grc' dir='ltr'>προκειμένην</span> <span class='ocrx_word' id='word_1_699' title='bbox 2791 4819 2932 4892; x_wconf 81' lang='grc' dir='ltr'>ᾠδὴν</span> <span class='ocrx_word' id='word_1_700' title='bbox 2957 4821 3042 4871; x_wconf 77' lang='grc' dir='ltr'>ἐπ’</span> <span class='ocrx_word' id='word_1_701' title='bbox 3075 4818 3306 4887; x_wconf 83' lang='grc' dir='ltr'>ἀγαθαῖς</span> <span class='ocrx_word' id='word_1_702' title='bbox 3350 4817 3692 4890; x_wconf 86' lang='grc' dir='ltr'>προσδοκίαις</span> 
     </span>
    </p>
   </div>
   <div class='ocr_carea' id='block_1_104' title="bbox 2116 4908 3691 4982">
    <p class='ocr_par' dir='ltr' id='par_1_104' title="bbox 2116 4908 3691 4982">
     <span class='ocr_line' id='line_1_105' title="bbox 2116 4908 3691 4982; baseline -0.003 -18"><span class='ocrx_word' id='word_1_703' title='bbox 2116 4911 2468 4982; x_wconf 85' lang='grc' dir='ltr'>ἀναπέμπει·</span> <span class='ocrx_word' id='word_1_704' title='bbox 2513 4914 2647 4979; x_wconf 74' lang='grc' dir='ltr'>φασὶ</span> <span class='ocrx_word' id='word_1_705' title='bbox 2690 4912 2746 4964; x_wconf 79' lang='grc' dir='ltr'>δὲ</span> <span class='ocrx_word' id='word_1_706' title='bbox 2769 4952 2782 4974; x_wconf 91' lang='grc'><strong>,</strong></span> <span class='ocrx_word' id='word_1_707' title='bbox 2820 4913 2900 4965; x_wconf 78' lang='grc' dir='ltr'><strong>ὅτι</strong></span> <span class='ocrx_word' id='word_1_708' title='bbox 2929 4909 3080 4963; x_wconf 80' lang='grc' dir='ltr'>οῦπω</span> <span class='ocrx_word' id='word_1_709' title='bbox 3121 4911 3216 4981; x_wconf 87' lang='grc' dir='ltr'><strong>μὲν</strong></span> <span class='ocrx_word' id='word_1_710' title='bbox 3247 4909 3467 4972; x_wconf 82' lang='grc' dir='ltr'>τελείως</span> <span class='ocrx_word' id='word_1_711' title='bbox 3494 4909 3563 4961; x_wconf 79' lang='grc' dir='ltr'>τὰ</span> <span class='ocrx_word' id='word_1_712' title='bbox 3591 4908 3691 4976; x_wconf 67' lang='grc' dir='ltr'>τῆς</span> 
     </span>
    </p>
   </div>
   <div class='ocr_carea' id='block_1_105' title="bbox 2115 5000 3691 5076">
    <p class='ocr_par' dir='ltr' id='par_1_105' title="bbox 2115 5000 3691 5076">
     <span class='ocr_line' id='line_1_106' title="bbox 2115 5000 3691 5076; baseline -0.001 -22"><span class='ocrx_word' id='word_1_713' title='bbox 2115 5003 2389 5076; x_wconf 80' lang='grc' dir='ltr'>ἡμετέρας</span> <span class='ocrx_word' id='word_1_714' title='bbox 2419 5005 2595 5075; x_wconf 79' lang='grc' dir='ltr'>χαρᾶς</span> <span class='ocrx_word' id='word_1_715' title='bbox 2632 5005 3017 5074; x_wconf 84' lang='grc' dir='ltr'>πεπλήρωται·</span> <span class='ocrx_word' id='word_1_716' title='bbox 3053 5001 3206 5054; x_wconf 75' lang='grc' dir='ltr'>ἔσται</span> <span class='ocrx_word' id='word_1_717' title='bbox 3235 5001 3291 5054; x_wconf 78' lang='grc' dir='ltr'><strong>δὲ</strong></span> <span class='ocrx_word' id='word_1_718' title='bbox 3325 5000 3482 5053; x_wconf 85' lang='grc' dir='ltr'>τοῦτο</span> <span class='ocrx_word' id='word_1_719' title='bbox 3515 5001 3600 5052; x_wconf 82' lang='grc' dir='ltr'><strong>ὅτε</strong></span> <span class='ocrx_word' id='word_1_720' title='bbox 3633 5001 3691 5052; x_wconf 76' lang='grc' dir='ltr'><strong>τὸ</strong></span> 
     </span>
    </p>
   </div>
   <div class='ocr_carea' id='block_1_106' title="bbox 2115 5090 3690 5164">
    <p class='ocr_par' dir='ltr' id='par_1_106' title="bbox 2115 5090 3690 5164">
     <span class='ocr_line' id='line_1_107' title="bbox 2115 5090 3690 5164; baseline -0.003 -19"><span class='ocrx_word' id='word_1_721' title='bbox 2115 5095 2223 5146; x_wconf 77' lang='grc' dir='ltr'>πᾶν</span> <span class='ocrx_word' id='word_1_722' title='bbox 2268 5093 2416 5157; x_wconf 77' lang='grc' dir='ltr'>ἔθνος</span> <span class='ocrx_word' id='word_1_723' title='bbox 2455 5093 2567 5146; x_wconf 81' lang='grc' dir='ltr'><strong>ἀπὸ</strong></span> <span class='ocrx_word' id='word_1_724' title='bbox 2608 5095 2704 5164; x_wconf 79' lang='grc' dir='ltr'><strong>τῆς</strong></span> <span class='ocrx_word' id='word_1_725' title='bbox 2755 5093 3015 5163; x_wconf 76' lang='grc' dir='ltr'>πολεμίας</span> <span class='ocrx_word' id='word_1_726' title='bbox 3059 5093 3150 5144; x_wconf 70' lang='grc' dir='ltr'><strong>ἐπὶ</strong></span> <span class='ocrx_word' id='word_1_727' title='bbox 3197 5093 3295 5162; x_wconf 86' lang='grc' dir='ltr'><strong>τὴν</strong></span> <span class='ocrx_word' id='word_1_728' title='bbox 3342 5090 3548 5144; x_wconf 74' lang='grc' dir='ltr'>οἰκείαν</span> <span class='ocrx_word' id='word_1_729' title='bbox 3589 5090 3690 5158; x_wconf 77' lang='grc' dir='ltr'><strong>γῆν</strong></span> 
     </span>
    </p>
   </div>
   <div class='ocr_carea' id='block_1_107' title="bbox 2111 5181 3692 5259">
    <p class='ocr_par' dir='ltr' id='par_1_107' title="bbox 2111 5181 3692 5259">
     <span class='ocr_line' id='line_1_108' title="bbox 2111 5181 3692 5259; baseline -0.005 -19"><span class='ocrx_word' id='word_1_730' title='bbox 2111 5188 2381 5258; x_wconf 77' lang='grc' dir='ltr'>ἐπανέλθῃ</span> <span class='ocrx_word' id='word_1_731' title='bbox 2401 5204 2413 5216; x_wconf 92' lang='grc'><strong>·</strong></span> <span class='ocrx_word' id='word_1_732' title='bbox 2441 5187 2644 5259; x_wconf 77' lang='grc' dir='ltr'>ταύτην</span> <span class='ocrx_word' id='word_1_733' title='bbox 2673 5187 2730 5240; x_wconf 75' lang='grc' dir='ltr'><strong>δὲ</strong></span> <span class='ocrx_word' id='word_1_734' title='bbox 2758 5189 2855 5258; x_wconf 84' lang='grc' dir='ltr'>τὴν</span> <span class='ocrx_word' id='word_1_735' title='bbox 2885 5188 3122 5240; x_wconf 82' lang='grc' dir='ltr'>διάνοιαν</span> <span class='ocrx_word' id='word_1_736' title='bbox 3156 5185 3484 5256; x_wconf 76' lang='grc' dir='ltr'>παρίστησιν</span> <span class='ocrx_word' id='word_1_737' title='bbox 3519 5185 3550 5253; x_wconf 82' lang='grc' dir='ltr'>ἡ</span> <span class='ocrx_word' id='word_1_738' title='bbox 3584 5181 3692 5234; x_wconf 82' lang='grc' dir='ltr'><strong>τῶν</strong></span> 
     </span>
    </p>
   </div>
   <div class='ocr_carea' id='block_1_108' title="bbox 2111 5275 3694 5351">
    <p class='ocr_par' dir='ltr' id='par_1_108' title="bbox 2111 5275 3694 5351">
     <span class='ocr_line' id='line_1_109' title="bbox 2111 5275 3694 5351; baseline 0.006 -21"><span class='ocrx_word' id='word_1_739' title='bbox 2111 5278 2312 5332; x_wconf 79' lang='grc' dir='ltr'>λοιπῶν</span> <span class='ocrx_word' id='word_1_740' title='bbox 2341 5280 2604 5351; x_wconf 79' lang='grc' dir='ltr'>ἑρμηνεία</span> <span class='ocrx_word' id='word_1_741' title='bbox 2627 5297 2640 5309; x_wconf 81' lang='lat'><strong><em>°</em></strong></span> <span class='ocrx_word' id='word_1_742' title='bbox 2659 5281 2779 5332; x_wconf 78' lang='grc' dir='ltr'>ἀντὶ</span> <span class='ocrx_word' id='word_1_743' title='bbox 2807 5279 2913 5351; x_wconf 81' lang='grc' dir='ltr'>γὰρ</span> <span class='ocrx_word' id='word_1_744' title='bbox 2939 5277 3053 5344; x_wconf 89' lang='grc' dir='ltr'>τοῦ,</span> <span class='ocrx_word' id='word_1_745' title='bbox 3078 5275 3444 5348; x_wconf 71' lang='grc' dir='ltr'><strong>ἐγενήθημεν</strong></span> <span class='ocrx_word' id='word_1_746' title='bbox 3479 5275 3558 5338; x_wconf 83' lang='grc' dir='ltr'><strong>ὡς</strong></span> <span class='ocrx_word' id='word_1_747' title='bbox 3583 5291 3694 5342; x_wconf 55' lang='grc' dir='ltr'><strong>πίε·-</strong></span> 
     </span>
    </p>
   </div>
   <div class='ocr_carea' id='block_1_109' title="bbox 427 5365 2014 5444">
    <p class='ocr_par' dir='ltr' id='par_1_109' title="bbox 427 5369 2003 5444">
     <span class='ocr_line' id='line_1_110' title="bbox 427 5369 2003 5444; baseline -0.011 -6"><span class='ocrx_word' id='word_1_748' title='bbox 427 5392 594 5438; x_wconf 80' lang='lat' dir='ltr'><strong>tatem</strong></span> <span class='ocrx_word' id='word_1_749' title='bbox 658 5389 900 5436; x_wconf 88' lang='lat' dir='ltr'><strong>nostram</strong></span> <span class='ocrx_word' id='word_1_750' title='bbox 948 5379 1156 5432; x_wconf 85' lang='lat' dir='ltr'><strong>visione</strong></span> <span class='ocrx_word' id='word_1_751' title='bbox 1220 5384 1545 5444; x_wconf 82' lang='lat' dir='ltr'><strong>spectantes.</strong></span> <span class='ocrx_word' id='word_1_752' title='bbox 1609 5371 1780 5426; x_wconf 89' lang='lat' dir='ltr'><strong>Porro</strong></span> <span class='ocrx_word' id='word_1_753' title='bbox 1830 5369 2003 5422; x_wconf 85' lang='lat' dir='ltr'><strong>instar</strong></span> 
     </span>
    </p>
   </div>
   <div class='ocr_carea' id='block_1_110' title="bbox 2121 5365 3693 5444">
    <p class='ocr_par' dir='ltr' id='par_1_110' title="bbox 2121 5365 3693 5440">
     <span class='ocr_line' id='line_1_111' title="bbox 2121 5365 3693 5440; baseline -0.004 -18"><span class='ocrx_word' id='word_1_754' title='bbox 2121 5371 2556 5438; x_wconf 64' lang='grc' dir='ltr'>ῖιιιιιεκλημένοι,</span> <span class='ocrx_word' id='word_1_755' title='bbox 2578 5371 2878 5440; x_wconf 83' lang='grc' dir='ltr'>συμφώνως</span> <span class='ocrx_word' id='word_1_756' title='bbox 2912 5373 2960 5423; x_wconf 92' lang='grc' dir='ltr'>οἱ</span> <span class='ocrx_word' id='word_1_757' title='bbox 2983 5369 3180 5432; x_wconf 83' lang='grc' dir='ltr'>πάντες</span> <span class='ocrx_word' id='word_1_758' title='bbox 3214 5365 3693 5438; x_wconf 72' lang='grc' dir='ltr'>φασὶν,ἐ·γενήθη-</span> 
     </span>
    </p>
   </div>
   <div class='ocr_carea' id='block_1_111' title="bbox 427 5465 2000 5542">
    <p class='ocr_par' dir='ltr' id='par_1_111' title="bbox 427 5465 2000 5542">
     <span class='ocr_line' id='line_1_112' title="bbox 427 5465 2000 5542; baseline -0.01 -12"><span class='ocrx_word' id='word_1_759' title='bbox 427 5489 570 5530; x_wconf 75' lang='lat' dir='ltr'><strong>vera:</strong></span> <span class='ocrx_word' id='word_1_760' title='bbox 597 5474 1004 5542; x_wconf 66' lang='lat' dir='ltr'><strong>perspicuaeque</strong></span> <span class='ocrx_word' id='word_1_761' title='bbox 1029 5468 1252 5524; x_wconf 81' lang='lat' dir='ltr'><strong>visionis</strong></span> <span class='ocrx_word' id='word_1_762' title='bbox 1275 5467 1376 5520; x_wconf 89' lang='lat' dir='ltr'><strong>erit</strong></span> <span class='ocrx_word' id='word_1_763' title='bbox 1407 5465 1586 5519; x_wconf 66' lang='lat' dir='ltr'><strong>luatitia</strong></span> <span class='ocrx_word' id='word_1_764' title='bbox 1616 5473 1825 5527; x_wconf 86' lang='lat' dir='ltr'><strong>nostra,</strong></span> <span class='ocrx_word' id='word_1_765' title='bbox 1853 5467 2000 5530; x_wconf 71' lang='lat' dir='ltr'><strong>post~</strong></span> 
     </span>
    </p>
   </div>
   <div class='ocr_carea' id='block_1_112' title="bbox 511 5567 1014 5634">
    <p class='ocr_par' dir='ltr' id='par_1_112' title="bbox 511 5567 1014 5634">
     <span class='ocr_line' id='line_1_113' title="bbox 511 5567 1014 5634; baseline -0.012 -10"><span class='ocrx_word' id='word_1_766' title='bbox 511 5570 533 5600; x_wconf 88' lang='grc'>⁶</span> <span class='ocrx_word' id='word_1_767' title='bbox 567 5569 736 5623; x_wconf 76' lang='lat' dir='ltr'><strong>Exod.</strong></span> <span class='ocrx_word' id='word_1_768' title='bbox 771 5582 885 5634; x_wconf 83' lang='lat' dir='ltr'><strong>x1v,</strong></span> <span class='ocrx_word' id='word_1_769' title='bbox 927 5567 1014 5619; x_wconf 77' lang='grc' dir='ltr'><strong>Η.</strong></span> 
     </span>
    </p>
   </div>
   <div class='ocr_carea' id='block_1_113' title="bbox 501 5653 2031 5735">
    <p class='ocr_par' dir='ltr' id='par_1_113' title="bbox 501 5653 2031 5735">
     <span class='ocr_line' id='line_1_114' title="bbox 501 5653 2031 5735; baseline -0.014 -13"><span class='ocrx_word' id='word_1_770' title='bbox 501 5668 578 5735; x_wconf 79' lang='grc'><strong>(5)</strong></span> <span class='ocrx_word' id='word_1_771' title='bbox 633 5663 788 5718; x_wconf 75' lang='grc' dir='ltr'>Ἐπεὶ</span> <span class='ocrx_word' id='word_1_772' title='bbox 839 5662 1045 5735; x_wconf 65' lang='grc' dir='ltr'><strong>τοῦτο.Δ</strong></span> <span class='ocrx_word' id='word_1_773' title='bbox 1107 5662 1377 5728; x_wconf 84' lang='lat' dir='ltr'><strong>Interprcs</strong></span> <span class='ocrx_word' id='word_1_774' title='bbox 1425 5657 1623 5727; x_wconf 77' lang='lat' dir='ltr'><strong>legisse</strong></span> <span class='ocrx_word' id='word_1_775' title='bbox 1671 5655 1890 5735; x_wconf 69' lang='lat' dir='ltr'><strong>videtur</strong></span> <span class='ocrx_word' id='word_1_776' title='bbox 1937 5653 2031 5735; x_wconf 53' lang='lat' dir='ltr'><strong>ex).</strong></span> 
     </span>
    </p>
   </div>
   <div class='ocr_carea' id='block_1_114' title="bbox 2102 5456 3690 5533">
    <p class='ocr_par' dir='ltr' id='par_1_114' title="bbox 2102 5456 3690 5533">
     <span class='ocr_line' id='line_1_115' title="bbox 2102 5456 3690 5533; baseline -0.003 -21"><span class='ocrx_word' id='word_1_777' title='bbox 2102 5478 2219 5528; x_wconf 73' lang='grc' dir='ltr'>μεν</span> <span class='ocrx_word' id='word_1_778' title='bbox 2245 5463 2325 5526; x_wconf 86' lang='grc' dir='ltr'>ὡς</span> <span class='ocrx_word' id='word_1_779' title='bbox 2360 5465 2863 5533; x_wconf 69' lang='grc' dir='ltr'>ἐνυπνιαζόμενοι,</span> <span class='ocrx_word' id='word_1_780' title='bbox 2891 5463 3003 5516; x_wconf 77' lang='grc' dir='ltr'>ἀλλ’</span> <span class='ocrx_word' id='word_1_781' title='bbox 3038 5463 3136 5532; x_wconf 81' lang='grc' dir='ltr'><strong>οὐχ</strong></span> <span class='ocrx_word' id='word_1_782' title='bbox 3177 5461 3324 5532; x_wconf 81' lang='grc' dir='ltr'>ῦπαρ</span> <span class='ocrx_word' id='word_1_783' title='bbox 3348 5459 3444 5531; x_wconf 85' lang='grc' dir='ltr'>τὴν</span> <span class='ocrx_word' id='word_1_784' title='bbox 3473 5456 3690 5510; x_wconf 80' lang='grc' dir='ltr'>ἐλευθε-</span> 
     </span>
    </p>
   </div>
   <div class='ocr_carea' id='block_1_115' title="bbox 2201 5647 3682 5724">
    <p class='ocr_par' dir='ltr' id='par_1_115' title="bbox 2201 5647 3682 5724">
     <span class='ocr_line' id='line_1_116' title="bbox 2201 5647 3682 5724; baseline -0.007 -18"><span class='ocrx_word' id='word_1_785' title='bbox 2201 5653 2301 5724; x_wconf 75' lang='lat'><strong>(5‘)</strong></span> <span class='ocrx_word' id='word_1_786' title='bbox 2339 5649 2623 5704; x_wconf 86' lang='lat' dir='ltr'><strong>Nonnullis</strong></span> <span class='ocrx_word' id='word_1_787' title='bbox 2656 5648 2940 5724; x_wconf 70' lang='lat' dir='ltr'><strong>Patribns,</strong></span> <span class='ocrx_word' id='word_1_788' title='bbox 2979 5648 3070 5724; x_wconf 81' lang='lat' dir='ltr'><strong>qui</strong></span> <span class='ocrx_word' id='word_1_789' title='bbox 3097 5647 3436 5724; x_wconf 76' lang='lat' dir='ltr'><strong>gradnalium</strong></span> <span class='ocrx_word' id='word_1_790' title='bbox 3465 5659 3682 5724; x_wconf 79' lang='lat' dir='ltr'><strong>quoque</strong></span> 
     </span>
    </p>
   </div>
   <div class='ocr_carea' id='block_1_116' title="bbox 430 5719 2014 5807">
    <p class='ocr_par' dir='ltr' id='par_1_116' title="bbox 430 5719 2003 5807">
     <span class='ocr_line' id='line_1_117' title="bbox 430 5719 2003 5807; baseline -0.008 -17"><span class='ocrx_word' id='word_1_791' title='bbox 430 5719 634 5807; x_wconf 68' lang='grc' dir='ltr'>τοῦτίρ,</span> <span class='ocrx_word' id='word_1_792' title='bbox 684 5737 767 5791; x_wconf 86' lang='lat' dir='ltr'><strong>vel</strong></span> <span class='ocrx_word' id='word_1_793' title='bbox 813 5737 905 5787; x_wconf 71' lang='grc' dir='ltr'>ἐπὶ</span> <span class='ocrx_word' id='word_1_794' title='bbox 956 5731 1206 5796; x_wconf 79' lang='grc' dir='ltr'>τούτοις,</span> <span class='ocrx_word' id='word_1_795' title='bbox 1253 5719 1311 5783; x_wconf 77' lang='lat' dir='ltr'><strong>ut</strong></span> <span class='ocrx_word' id='word_1_796' title='bbox 1365 5737 1417 5783; x_wconf 80' lang='lat' dir='ltr'><strong>et</strong></span> <span class='ocrx_word' id='word_1_797' title='bbox 1473 5719 1740 5782; x_wconf 58' lang='lat' dir='ltr'><strong>sententia</strong></span> <span class='ocrx_word' id='word_1_798' title='bbox 1795 5727 2003 5797; x_wconf 82' lang='lat' dir='ltr'><strong>pustula</strong></span> 
     </span>
    </p>
   </div>
   <div class='ocr_carea' id='block_1_117' title="bbox 2121 5719 3687 5807">
    <p class='ocr_par' dir='ltr' id='par_1_117' title="bbox 2132 5719 3687 5807">
     <span class='ocr_line' id='line_1_118' title="bbox 2132 5719 3687 5807; baseline -0.005 -31"><span class='ocrx_word' id='word_1_799' title='bbox 2132 5719 2462 5807; x_wconf 76' lang='lat' dir='ltr'><strong>psalmorum</strong></span> <span class='ocrx_word' id='word_1_800' title='bbox 2520 5731 2800 5807; x_wconf 44' lang='lat' dir='ltr'><strong>angorem</strong></span> <span class='ocrx_word' id='word_1_801' title='bbox 2882 5720 3138 5776; x_wconf 86' lang='lat' dir='ltr'><strong>Davidem</strong></span> <span class='ocrx_word' id='word_1_802' title='bbox 3210 5719 3687 5778; x_wconf 80' lang='lat' dir='ltr'><strong>existimaverunt,</strong></span> 
     </span>
    </p>
   </div>
   <div class='ocr_carea' id='block_1_118' title="bbox 437 5809 596 5863">
    <p class='ocr_par' dir='ltr' id='par_1_118' title="bbox 437 5809 596 5863">
     <span class='ocr_line' id='line_1_119' title="bbox 437 5809 596 5863; baseline 0.019 -3"><span class='ocrx_word' id='word_1_803' title='bbox 437 5809 596 5863; x_wconf 69' lang='grc' dir='ltr'><strong>Εῑηῖ.</strong></span> 
     </span>
    </p>
   </div>
   <div class='ocr_carea' id='block_1_119' title="bbox 2141 5789 2858 5851">
    <p class='ocr_par' dir='ltr' id='par_1_119' title="bbox 2141 5789 2858 5851">
     <span class='ocr_line' id='line_1_120' title="bbox 2141 5789 2858 5851; baseline -0.007 -3"><span class='ocrx_word' id='word_1_804' title='bbox 2141 5809 2282 5848; x_wconf 87' lang='lat' dir='ltr'><strong>nunc</strong></span> <span class='ocrx_word' id='word_1_805' title='bbox 2319 5796 2546 5851; x_wconf 84' lang='lat' dir='ltr'><strong>addatur</strong></span> <span class='ocrx_word' id='word_1_806' title='bbox 2575 5789 2858 5846; x_wconf 87' lang='lat' dir='ltr'><strong>Eusebius.</strong></span> 
     </span>
    </p>
   </div>
  </div>
