4062 6400
392 419 461 475 Π
1522 431 1940 489 COMMENTAF

2066 436 2133 491 IN
2173 435 2513 495 PSALMOS.
2926 429 2931 434 ’
3064 485 3077 498 .
3252 454 3281 485 ο
3326 392 3341 409 Ι
3580 448 3648 504 18

386 542 512 607 ρίαν
541 541 697 613 ήμῶν
742 547 1166 618 φανταζόμενοι·
1203 548 1356 604 ἔσται
1392 551 1447 606 δὲ
1490 551 1639 626 ῦπαρ
1672 556 1766 609 καὶ
1816 558 1940 628 ἐναρ

2048 574 2243 626 .quam
2280 558 2475 627 reliqui
2524 572 2739 630 quoque
2780 558 2977 615 fratres
3028 563 3206 618 nostri
3250 579 3280 618 a
3332 567 3649 636 captivitate

382 630 486 701 τὴς
503 631 659 702 ἡμῶν
681 633 714 704 ή
735 634 899 707 χαρὰ,
920 637 1140 692 ἐπειδὰν
1167 639 1261 691 καὶ
1288 641 1337 692 oi
1365 639 1543 696 λοιποὶ
1567 643 1725 714 ἡμῶν
1750 645 1968 716 ἀδελφοὶ

381 721 494 775 ἀπὸ
532 722 631 792 τῆς
671 725 1051 796 αἰχμαλωσίας
1101 729 1489 786 ἐπανέλθωσιν*
1545 735 1631 804 ἐφ’
1672 728 1717 803 ᾧ
1757 738 1853 791 καὶ
1897 737 1967 792 τὰ

382 810 509 885 ἔθνη
549 814 914 889 μακαριοῢσιν
948 819 1117 889 ἡμᾶς,
1142 820 1220 885 ὡς
1246 821 1355 877 ίδια
1379 824 1513 897 μέλη
1543 830 1961 901 κομισαμένους·

381 902 443 957 ἓν
468 905 577 976 γὰρ
603 905 663 959 τὸ
688 907 850 979 σῶμα
881 908 990 965 τῶν
1022 913 1365 984 σωζομένων.
1508 942 1511 945 λ

567 995 704 1048 Τότε
733 998 1013 1068 ἐπλήσθη
1044 1001 1235 1069 χαρᾶς
1262 1003 1330 1056 τὸ
1364 1005 1559 1073 στόμα
1594 1006 1784 1077 ἡμῶν.

450 1083 591 1147 Τοὺς
618 1084 883 1154 λέγοντας
915 1091 991 1164 (4)
1021 1093 1090 1147 τὰ
1130 1094 1251 1150 θεῖα
1298 1098 1383 1168 ἐφ’
1417 1095 1499 1163 οἷς
1545 1101 1759 1173 καρπὸς
1801 1105 1964 1159 πνεύ-

382 1188 571 1242 ματος,
611 1177 754 1248 χαρὰ
800 1182 913 1243 τοῖς
959 1182 1249 1238 ἀκούουσιν
1279 1186 1340 1240 τὸ
1388 1189 1487 1259 μὲν
1534 1191 1706 1263 στόμα
1753 1194 1961 1263 γίνεται

376 1267 472 1318 καὶ
506 1268 805 1355 ἐπληρώθη
857 1276 1066 1345 χαρᾶς,
1115 1278 1148 1347 ἡ
1197 1278 1253 1332 δὲ
1303 1280 1524 1349 γλῶσσα
1563 1284 1958 1355 ἀγαλλιάσεως,

375 1357 468 1426 ἀφ’
495 1351 571 1411 ὧν
606 1362 691 1431 ῥεῖ
717 1363 861 1433 χαρὰ
887 1366 981 1418 καὶ
1009 1366 1329 1436 ἀγαλλίασις
1346 1388 1359 1401 ·
1400 1351 1619 1430 τούτων
1637 1376 1694 1430 δὲ
1740 1351 1957 1451 γινομεέ

374 1466 501 1514 νων,
530 1451 581 1504 οἱ
610 1453 717 1505 ἀπὸ
749 1454 858 1508 τῶν
896 1456 1067 1511 ὲθνῶν
1098 1459 1472 1534 διδασκόμενοι
1505 1465 1780 1535 λέγουσιν·
1799 1471 1959 1542 Ἐμε-

370 1540 566 1609 γὰλυνε
615 1544 820 1618 Κύριος
860 1547 953 1602 τοῦ
996 1552 1221 1623 ποιῆσαι
1272 1558 1389 1626 μετ’
1424 1558 1637 1613 αὐτῶν·
1682 1562 1781 1615 καὶ
1827 1540 1957 1636 περὶ

371 1633 580 1688 ἑαυτῶν
612 1636 669 1689 δέ
692 1655 852 1707 φασιν
872 1641 1339 1713 εὐχαριστοῦντες·
1358 1649 1721 1719 Ἔμεγάλυνε
1738 1633 1957 1724 Κύριος

369 1723 480 1817 τοῦ
494 1726 746 1795 ποιῆσαι
766 1730 896 1799 μεθ’
914 1731 1100 1801 ἡμῶν·
1148 1735 1485 1809 ἐγενήθημεν
1513 1723 1948 1817 εὐφραινόμενοι.

381 1816 514 1870 Ἐπὶ
538 1816 637 1889 μὲν
654 1818 773 1873 τῶν
794 1823 1076 1893 ποταμῶν
1094 1826 1455 1895 Βαϐυλῶνος
1470 1816 1834 1905 ἐκαθίσαμέν
1852 1839 1952 1892 καὶ

2075 649 2277 704 fuerint
2324 651 2550 707 reversi.
2586 653 2766 743 gnam
2822 667 2937 707 rem
2986 663 3173 725 gentes
3224 671 3457 726 quoque-
3491 657 3647 713 nobis

2073 743 2510 811 gratulabuntur,
2542 747 2639 800 ceu
2689 746 2781 816 qui
2823 749 3066 800 membra
3120 758 3303 803 nostra
3352 764 3644 819 recupera-

2071 835 2329 889 verimus.
2372 834 2553 892 Unum
2592 837 2793 908 quippe
2823 838 3156 893 salvatorum
3198 838 3478 894 hominum
3520 855 3644 897 (ποτε

2071 943 2171 998 pus
2203 939 2307 983 est.

2134 1017 2298 1074 Vens.
2335 1018 2392 1074 2.
2426 1017 2572 1074 Tunc
2607 1019 2858 1090 repletum
2892 1031 2965 1076 est
2997 1022 3287 1092 gaudioos
3319 1032 3576 1077 nostrum.

2143 1111 2365 1179 Eorum,
2397 1113 2487 1183 qui
2516 1113 2701 1167 divina
2726 1113 3076 1184 eloquuntur,
3114 1115 3166 1169 in
3193 1116 3391 1184 quibus
3418 1118 3639 1185 spiritus

2070 1207 2276 1262 fruetus
2309 1216 2416 1272 est,
2445 1208 2699 1278 gaudium
2732 1208 3078 1263 audientibus
3103 1218 3254 1262 creat
3285 1224 3349 1263 os
3380 1210 3636 1278 jucundi-

2071 1308 2179 1353 tate
2211 1298 2540 1363 redundans,
2574 1307 2630 1353 et
2663 1297 2844 1367 lingua
2875 1296 3067 1352 dililuit
3093 1299 3476 1355 exsultatione.
3506 1299 3636 1366 Quae

2065 1404 2186 1442 cum
2237 1388 2351 1442 tieri
2389 1399 2579 1458 gentes
2622 1397 2992 1459 cognoscunt,
3029 1388 3222 1443 aiunt:
3274 1388 3635 1460 Magniﬁcavit

2066 1477 2330 1532 Dominus
2378 1477 2560 1532 facere
2602 1492 2726 1531 cum
2757 1478 2858 1532 eis.
2894 1476 3007 1531 lmo
3048 1486 3103 1533 et
3144 1478 3210 1534 de
3251 1493 3310 1534 se
3339 1480 3470 1549 ipsis
3507 1494 3631 1536 cum

2063 1564 2359 1632 gratiarum
2425 1564 2639 1618 actione
2685 1564 2915 1621 dicunt:
2965 1565 3325 1638 Magniﬁcavit
3373 1568 3630 1624 Dominus

2062 1656 2235 1726 facere
2278 1657 2585 1722 nobiscum;
2621 1657 2851 1727 ideoque
2899 1658 3062 1714 laetati
3108 1656 3329 1716 sumus.
3357 1659 3428 1715 Et
3473 1679 3631 1733 super

2058 1749 2285 1817 ﬂumina
2315 1749 2533 1819 quidem
2565 1750 2849 1823 Babylonis
2888 1750 3077 1819 (Judaei
3106 1753 3375 1824 inquiunt)
3403 1755 3628 1810 sedimus

2060 1856 2123 1893 ac
2151 1840 2392 1909 ﬂeuimus
2418 1843 2479 1908 ";
2514 1857 2639 1897 cum
2666 1852 2849 1898 autem
2884 1843 3026 1898 Deus
3056 1845 3301 1915 captivos
3330 1849 3626 1915 revocavit,

364 1907 784 1979 ἐθαιαύσαμεν·
823 1913 883 1967 ἐν
931 1913 987 1967 δὲ
1030 1914 1108 1986 τῷ
1133 1918 1458 1989 ἐπιστρέψαι
1490 1923 1582 1977 τὸν
1613 1924 1817 1997 Κύριον
1855 1928 1940 2000 τὴκ

2057 1907 2309 1998 νιρίειωη
2340 1942 2418 1987 est
2449 1935 2647 2004 gaudio
2677 1949 2735 1989 os
2774 1948 3007 1989 nostrum
3030 1935 3069 1989 ⁸.
3105 1936 3320 1992 Similes
3348 1952 3509 2007 porro
3545 1939 3625 1994 lo-

365 2001 761 2071 αίχμαλωσίαν,
790 2003 1071 2075 ἐπλήσθη
1103 2008 1293 2079 χαρᾶς
1340 2013 1404 2067 τὸ
1447 2016 1642 2085 στόμα
1672 2018 1948 2092 ήμῶν-(5)·

377 2092 572 2147 Ἔπὰν
596 2093 944 2166 ποιήσωμεν
971 2096 1053 2163 τῷ
1089 2101 1338 2170 στόματι
1381 2106 1668 2175 φυλακήν
1687 2126 1702 2140 ·
1748 2112 1843 2164 καὶ
1867 2112 1948 2177 τὸ,

362 2184 562 2252 Στόμα
591 2184 825 2241 δικαίου
871 2188 1100 2259 μελετᾷ
1149 2194 1376 2262 σοφίαν
1395 2211 1408 2226 ·
1467 2199 1561 2252 καὶ
1603 2200 1684 2263 τὸ,
1725 2202 1952 2273 Ἀνοιγε

362 2274 481 2366 σὸν
524 2280 740 2347 στόμα,
793 2279 956 2350 λέγει
1013 2284 1190 2350 Θεός·
1238 2286 1332 2339 καὶ⁸
1383 2288 1576 2359 ὅμοια·
1636 2292 1708 2347 Τὸ
1756 2298 1952 2366 στόμα

362 2364 533 2433 ἡμῶν
550 2368 775 2441 ἀνέῳγε
793 2371 946 2439 πρὸς
965 2371 1143 2442 ὑμᾶς,
1168 2378 1462 2445 Κορίνθιοι
1478 2397 1494 2412 ο
1521 2382 1642 2436 τότε
1663 2364 1951 2455 ἀληθεύον-

360 2472 455 2520 τες
479 2459 721 2531 φήσομεν
738 2477 752 2492 ·
775 2463 913 2516 Τότε
933 2463 1212 2536 ἐπλήσθη
1234 2468 1426 2538 χαρᾶς
1448 2471 1516 2525 τὸ
1538 2476 1732 2542 στόμα
1757 2476 1943 2546 ἡμῶν.

360 2549 472 2604 Καὶ
503 2553 621 2621 μετ’
655 2553 830 2624 ὀλίγα·
884 2555 1055 2611 Ἐπὰν
1092 2558 1149 2612 δὲ
1206 2560 1532 2634 φυλάξωμεν
1553 2565 1652 2630 τὰς
1678 2567 1831 2632 όδούς
1851 2569 1945 2624 τοῦ

362 2642 436 2710 μὴ
470 2642 826 2714 ἁμαρτάνειν,
853 2645 973 2700 τότε
1022 2649 1443 2723 πληρωθήσεται
1469 2656 1501 2727 ή
1536 2654 1759 2725 γλῶσσα
1787 2661 1819 2730 ἡ
1830 2660 1945 2731 μῶν

356 2731 728 2800 ἀγαλλιάσεως
752 2752 764 2765 ·
805 2737 1049 2813 ἐπλήσθη
1091 2740 1148 2794 δὲ
1201 2745 1379 2815 χαρᾶς
1429 2746 1524 2798 καὶ
1570 2746 1631 2800 τὸ
1677 2747 1942 2803 Φιλιππου

357 2826 552 2897 στόμα,
601 2828 690 2882 ὅτε
728 2829 945 2898 ἀνοίξας
987 2833 1049 2886 τὸ
1079 2834 1253 2906 στόμα
1286 2837 1472 2905 αὐτοῦ,
1509 2841 1603 2893 καὶ
1639 2841 1944 2913 ἀρξάμενος

354 2918 464 2972 ἀπὸ
485 2918 599 2984 τοῦ,
643 2921 739 2987 Ὡς
762 2924 1061 2991 πρόϐατον
1078 2925 1179 2979 ἐπὶ
1207 2928 1456 2997 σφαγὴν
1492 2929 1673 3000 ἤχθη,
1706 2933 1942 3005 εὐηγγε-

353 3009 541 3064 λίσατο
566 3011 656 3065 τὸν
697 3013 902 3085 Ἰησοῦν
931 3015 1010 3087 τῷ
1039 3017 1277 3090 εὐνούχῳ
1304 3020 1542 3074 Αἰθίοπι.

456 3103 820 3175 Ἑμεγὼῑυνε
848 3110 1063 3176 Κύριος
1086 3110 1194 3169 τοῦ
1225 3112 1474 3183 ποιῆσαι
1492 3118 1623 3184 μεθ’
1653 3116 1841 3186 ἡμῶν.

434 3193 716 3266 ’Δνωτέρω
751 3196 848 3268 μὲν
871 3196 946 3262 ὡς
972 3199 1071 3271 ήδη
1105 3200 1442 3275 ἐπιστροφῆς
1471 3204 1579 3258 ἀπὸ
1607 3205 1707 3278 τῆς
1734 3208 1939 3278 αἰχμα-

2052 2026 2299 2081 cutiones
2332 2034 2494 2081 sunt:
2542 2025 2677 2082 Cum
2718 2044 2969 2098 ponemus
3017 2032 3100 2084 ori
3155 2032 3514 2101 custodiam’;
3548 2045 3624 2101 et,

2054 2114 2129 2169 0s
2151 2115 2289 2185 justi
2315 2119 2601 2173 meditatur
2633 2121 2949 2189 sapientiam
2974 2122 3048 2175 “z
3072 2132 3151 2188 et,
3180 2123 3337 2191 Aperi
3369 2141 3428 2179 os
3456 2134 3622 2186 tuum.

2052 2206 2181 2260 dicit
2213 2207 2467 2264 Dominus
2490 2209 2564 2274 “;
2602 2211 2815 2280 aliaque
2839 2212 3142 2279 lmjusmodi
3169 2214 3387 2280 :veluti,
3429 2214 3500 2267 οε
3531 2232 3626 2267 nc-

2049 2309 2216 2352 strum
2245 2308 2387 2368 patet
2409 2301 2480 2354 ad
2507 2317 2619 2364 vos,
2644 2301 2905 2359 Corinthii
2930 2308 2994 2361 “.
3026 2306 3162 2361 Tum
3191 2321 3318 2361 vere
3342 2307 3619 2361 dicemus:

2053 2388 2200 2445 Tunc
2225 2393 2478 2460 repletum
2506 2403 2581 2448 est
2613 2396 2811 2464 gaudio
2845 2413 2903 2451 os
2930 2408 3187 2452 nostrum.
3221 2397 3288 2453 Et
3321 2399 3508 2467 paucis
3541 2400 3624 2452 iu-

2050 2483 2296 2552 terjectis
2318 2503 2332 2540 :
2354 2484 2490 2540 Cum
2526 2486 2946 2543 custodierimus
2969 2492 3087 2544 vias
3121 2500 3357 2555 nostras,
3386 2505 3451 2546 ne
3485 2491 3623 2549 forte

2047 2589 2372 2643 peccemus,
2413 2587 2545 2633 tunc
2577 2578 2756 2650 lingua
2806 2591 2989 2635 nostra
3036 2582 3334 2653 replebitur
3380 2582 3619 2639 exsulta-

2049 2667 2218 2726 tione.
2248 2666 2459 2725 Gaudio
2494 2685 2711 2741 quoque
2741 2669 2971 2743 Philippi
3010 2688 3072 2729 os
3110 2673 3456 2739 redundavit,
3492 2664 3647 2731 cum'

2044 2756 2177 2812 illud
2214 2759 2486 2829 aperiens,
2520 2761 2887 2833 incipiensque
2908 2778 2938 2818 a
2966 2765 3147 2820 verbis
3181 2764 3309 2831 illis,
3345 2764 3617 2837 Tanquam

2044 2850 2153 2904 ovis
2205 2852 2275 2903 ad
2314 2853 2628 2908 occisionem
2672 2852 2863 2911 ductus
2918 2866 2995 2912 est
3041 2858 3103 2922 ",
3133 2856 3314 2912 Iesum
3369 2861 3620 2914 eunucho

2044 2940 2283 3013 ιΕιΙιίορί
2306 2945 2695 3015 evangelizavit
2724 2947 2813 3000 ⁸³⁵.

2080 3034 2247 3093 Vsus.
2278 3034 2332 3089 5.
2372 3035 2736 3108 Magni/ienuit
2780 3038 3038 3095 Dominus
3073 3040 3246 3111 facere
3285 3042 3576 3097 nobiscum.

2113 3124 2376 3197 Superius
2419 3143 2520 3183 ceu
2560 3141 2684 3199 post
2726 3129 2957 3185 reditum
3011 3147 3039 3185 a
3083 3134 3435 3203 captivitate,
3484 3133 3611 3190 dicti

2047 3218 2198 3273 fuere
2239 3219 2348 3274 duo
2386 3220 2663 3277 versiculi.
2708 3221 2860 3277 Nunc
2891 3232 3145 3292 tanquam
3182 3224 3360 3280 adhuc
3409 3226 3463 3280 in
3518 3241 3611 3281 ca-

349 3282 555 3349 λωσίας
598 3287 913 3360 γινομένης,
968 3290 1215 3361 εἴρηνται
1256 3294 1306 3346 οί
1352 3293 1447 3347 δύο
1489 3295 1695 3367 στίχοι·
1754 3296 1850 3352 νῦν
1877 3298 1936 3352 δὲ

2048 3312 2298 3379 ptivitale
2323 3313 2597 3379 detentus,
2626 3315 2745 3370 haec
2770 3316 2845 3371 ait
2867 3315 3172 3387 Propheta;
3206 3329 3364 3372 antea
3391 3318 3610 3389 quidem

347 3374 426 3440 ὡς
460 3375 539 3429 ἔτι
565 3378 625 3429 ἐν
654 3378 998 3452 αἰχμαλωσίᾳ
1023 3380 1120 3444 ὢν,
1160 3382 1334 3437 ταύτά
1361 3401 1526 3455 φησιν
1554 3388 1584 3440 ὁ
1619 3387 1932 3460 Προφήτης,

345 3464 409 3519 τὸ
439 3467 536 3537 μὲν
549 3468 811 3541 πρότερον
829 3471 1208 3545 προφητεύων,
1234 3470 1407 3546 οἶμαι,
1422 3478 1552 3549 περὶ
1573 3478 1683 3533 τῶν
1711 3481 1938 3535 ἀποστό-

347 3554 479 3621 λων,
512 3557 575 3611 et
603 3559 661 3612 δὲ
690 3560 941 3635 δεύτερον
969 3565 1033 3617 ἐκ
1063 3564 1356 3636 προσώπου
1383 3568 1556 3639 λέγων
1574 3569 1695 3624 τῶν
1729 3571 1899 3627 ὲθνῶν
1916 3591 1931 3605 °

344 3647 457 3702 τῶν
471 3649 579 3722 γὰρ
599 3653 657 3706 ὲν
671 3654 782 3717 τοῖς
804 3652 1013 3709 ἔθνεσιν
1033 3657 1180 3712 ἐστιν
1208 3659 1277 3713 τὰ
1291 3660 1400 3714 ἀπὸ
1428 3660 1547 3727 τοῦ,
1580 3661 1936 3733 Ἐμεγάλιννε

346 3741 562 3808 Κύριος
591 3743 699 3799 τοῦ
736 3746 986 3816 ποιῆσαι
1022 3753 1153 3820 μεθ’
1178 3753 1367 3823 ἡμῶν,
1407 3755 1515 3821 ἕως
1558 3757 1676 3824 τοῦ,
1706 3760 1788 3826 ὡς
1814 3776 1935 3829 χει-

341 3832 610 3903 μάρῤους
639 3837 710 3890 ὲν
740 3837 825 3905 τῷ
854 3842 1026 3910 νότῳ.

409 3926 827 3998 Ἐπίστρεψον,
855 3933 1062 4001 Κύριε,
1088 3934 1204 4005 τὴν
1230 3940 1650 4008 αἰχμαλωσίαν
1685 3940 1873 4009 ἡμῶν.

428 4017 760 4084 Ἀκολούθως
786 4020 882 4075 καὶ
908 4021 1081 4078 ταῦτα
1113 4026 1465 4100 προσέθηκαν
1505 4032 1618 4093 τοίς
1649 4027 1890 4102 πρώτοις
1912 4048 1926 4062 ’

263 4152 272 4162 .
343 4108 408 4161 οὐ
433 4107 541 4178 γὰρ
566 4110 1040 4184 ἀναισθητοῦντες,
1059 4117 1214 4187 φησὶ,
1232 4118 1331 4189 τῆς
1358 4121 1437 4183 είς
1465 4121 1612 4192 ἡμᾶς
1643 4120 1745 4192 ήδη
1773 4117 1929 4189 γε’νο-

346 4199 516 4270 μένης
547 4200 885 4273 εὐεργεσίας,
927 4206 1100 4261 ταῦτά
1132 4224 1335 4280 φαμεν,
1366 4208 1480 4262 ἀλλ’
1510 4209 1922 4281 ὁμολογοῦντες,

339 4289 422 4343 δτι
451 4291 665 4362 μεγάλα
712 4294 812 4366 μὲν
847 4296 1067 4368 ἐποίησε
1114 4298 1233 4371 μεθ’
1275 4299 1434 4372 ήμῶν
1458 4301 1487 4352 ό
1521 4299 1674 4368 Θεὸς,
1705 4303 1799 4356 καὶ
1825 4302 1924 4375 ήδη

2049 3403 2120 3459 de
2169 3405 2453 3472 apostolis,
2495 3417 2554 3461 ut
2601 3418 2752 3478 puto,
2789 3410 3091 3465 vaticinans
3114 3452 3128 3474 ,
3153 3411 3345 3465 deinde
3383 3426 3511 3466 vero
3543 3426 3610 3466 ex

2041 3494 2386 3552 ethnicorum
2422 3512 2651 3568 persona
2694 3500 2940 3569 loquens.
2988 3501 3236 3572 Namque
3267 3503 3611 3558 ethnicorum

2035 3597 2163 3642 sunt
2181 3593 2367 3656 verba,
2387 3606 2416 3644 a
2452 3590 2813 3662 Magni/icavit
2843 3594 3099 3650 Dominus
3113 3596 3289 3666 facere
3316 3595 3608 3660 nobiscum,

2036 3694 2209 3751 usque
2240 3680 2340 3749 ad,
2378 3683 2511 3737 sicut
2541 3695 2746 3740 torrens
2788 3690 2843 3741 in
2880 3697 3079 3741 austro.

2064 3947 2229 4001 Vens.
2258 3947 2314 4002 4.
2351 3947 2624 4014 Converte,
2657 3949 2895 4017 Domine,
2925 3951 3276 4019 captivitatem
3314 3963 3568 4009 nostram.

2101 4038 2475 4097 Consentanea
2498 4041 2926 4111 praecedentibus
2946 4044 3061 4100 haec
3074 4044 3428 4115 subiungunt.
3451 4044 3602 4104 iluud

2030 4130 2293 4200 equidem
2316 4131 2504 4188 collati
2544 4133 2702 4189 nobis
2729 4134 2978 4190 beneﬁcii
3005 4135 3350 4191 immemores
3379 4137 3492 4189 tunc
3525 4137 3606 4189 di-

2030 4227 2242 4291 cimus,
2279 4223 2372 4279 sed
2404 4226 2631 4295 grandia
2677 4227 2960 4283 nobiseum
2992 4225 3189 4283 iecisse
3218 4228 3385 4283 Deum
3430 4226 3605 4282 faten-

2030 4329 2132 4383 tes,
2162 4317 2359 4389 gaudio
2384 4315 2682 4373 eli’erimur.
2724 4317 2911 4374 Nihilo
2948 4325 3128 4373 tamen
3160 4318 3342 4374 minus
3380 4332 3478 4388 pro
3512 4334 3602 4372 re-

338 4384 644 4456 γεγόναμεν
694 4388 754 4440 ἐν
807 4389 1149 4466 εὐφροσύνῃ·
1191 4392 1335 4448 οὕτω
1380 4395 1438 4450 δὲ
1489 4395 1726 4467 ἔχοντες,
1777 4398 1927 4468 ὅμως

2049 4384 2192 4480 iquis
2217 4408 2493 4465 (membris
2530 4407 2737 4462 nostris
2777 4422 3038 4476 oramus,
3094 4384 3478 4479 supplicesque
3519 4411 3605 4463 di-

337 4473 480 4548 ύπὲρ
512 4476 620 4530 τῶν
655 4478 1001 4535 καταλοίπων
1036 4483 1213 4554 μελῶν
1240 4484 1397 4557 ήμῶν
1423 4485 1657 4559 δεόμεθα
1686 4488 1780 4542 καὶ
1815 4489 1925 4542 ἱκε-

2048 4502 2233 4557 2imus:
2262 4499 2536 4564 Converte,
2553 4498 2797 4564 Domine,
2820 4502 3177 4569 captivitatem
3207 4512 3465 4564 nostram,
3495 4502 3602 4554 sic-

334 4567 568 4636 τεύομεν
592 4567 841 4637 λέγοντες
863 4589 877 4602 ⁸
925 4573 1342 4645 Ἐπίστρεψον,
1362 4578 1562 4645 Κύριε,
1581 4577 1697 4646 τὴν
1713 4581 1924 4648 αἰχμα-

2048 4602 2082 4647 tt
2113 4602 2316 4647 torrens
2346 4592 2400 4645 in
2430 4599 2638 4645 austro.
2664 4567 2977 4646 Absurdum
3015 4591 3160 4646 enim
3192 4591 3352 4655 foret,
3391 4593 3436 4647 si
3473 4593 3599 4647 dum

332 4656 570 4709 λωσίαν
600 4659 770 4728 ἡμῶν
791 4661 872 4728 ὡς
897 4662 1255 4732 χειμάῤῥους
1285 4665 1357 4718 ἐν
1387 4664 1474 4732 ’τῷ
1501 4669 1656 4735 νότῳ
1674 4684 1688 4698 ·
1720 4668 1919 4722 ἄτοπον

2048 4684 2229 4738 :thnici
2266 4683 2464 4738 divina:
2513 4683 2717 4737 notitia:
2750 4671 2957 4751 ignari,
3004 4683 3350 4737 clementiam
3398 4684 3452 4738 in
3502 4699 3603 4737 nos

332 4747 446 4819 γὰρ
464 4750 591 4814 τούς
625 4752 725 4823 μὲν
752 4754 849 4825 τῆς
895 4754 1047 4819 θείας
1074 4755 1327 4825 γνώσεως
1370 4760 1789 4833 ἐστερημένους,
1818 4761 1917 4833 τὴν

2048 4775 2275 4829 :ollatam
2317 4776 2695 4838 admirantur,
2744 4788 2845 4829 nos
2881 4789 3069 4828 veram
3111 4773 3436 4842 religionem
3482 4790 3609 4829 son.

330 4839 414 4903 εις
472 4842 618 4913 ἡμᾶς
678 4847 1051 4919 γεγενημένην
1103 4848 1512 4922 φιλανθρωπίαν
1570 4851 1910 4923 θαυμάζειν,

330 4930 481 5000 ἡμᾶς
500 4932 559 4986 δὲ
579 4935 707 4999 τοὺς
723 4937 822 5008 τῆς
838 4940 1121 5003 εὐσεϐείας
1161 4942 1548 5013 τετυχηκότας,
1591 4944 1913 5017 ἀχαριστίαν

328 5026 530 5078 νοσεῖν.

550 5119 615 5171 Οἱ
644 5120 997 5189 σπείροντες
1026 5123 1097 5174 ἐν
1127 5123 1441 5193 δάκρυσιν,
1474 5142 1529 5178 κ.
1568 5143 1620 5179 τ.
1653 5124 1701 5179 λ.

412 5206 473 5260 ’0
498 5209 739 5282 σπείρων
768 5213 828 5265 ὲν
853 5212 1105 5285 δάκρυσι,
1136 5217 1217 5280 είς
1237 5216 1299 5272 τὸ
1324 5215 1541 5288 πνεῦμα
1563 5217 1778 5291 σπείρει
1801 5217 1910 5271 τῶν

326 5296 423 5350 ἐπὶ
468 5302 581 5363 τοῖς
628 5300 856 5373 δάκρυσι
889 5306 1338 5379 μακαριζομένων
1359 5329 1371 5340 ·
1403 5311 1462 5363 ὲν
1492 5310 1808 5380 ἀγαλλιάσει
1851 5311 1909 5365 δὲ

326 5388 535 5462 θερίζει
564 5392 708 5465 ζωήν
734 5395 972 5463 αἰώνιον,
1001 5402 1030 5453 ό
1058 5401 1343 5470 τυγγάνων
1382 5403 1481 5475 ήδη
1514 5403 1608 5456 τοῦ
1636 5403 1803 5475 γελᾷν
1829 5404 1908 5476 τῷ

323 5482 619 5554 πνεύματι.
637 5517 702 5527 ——
718 5487 843 5551 Τοῖς
867 5491 994 5561 περὶ
1016 5492 1124 5545 τῶν
1145 5491 1347 5547 λοιπῶν
1373 5494 1729 5566 αίχμαλώτων
1754 5497 1910 5567 αἰτή-

323 5590 454 5629 σασι
487 5576 547 5629 τὸ
569 5577 721 5632 Θείον
737 5580 1089 5655 ἀποκρίνεται
1106 5585 1187 5649 τὸ,
1201 5586 1489 5655 Μακάριοι
1512 5590 1566 5641 οἱ
1587 5589 1905 5655 κλαίοντες

2033 4865 2142 4930 liti,
2179 4863 2381 4936 ingrati
2406 4864 2571 4919 animi
2616 4864 2807 4919 morbo
2835 4862 3226 4918 laboraremus.

2184 5130 2351 5184 Vens.
2388 5129 2442 5184 5.
2478 5128 2582 5194 Qui
2619 5128 2878 5182 seminam
2915 5129 2973 5181 in
2999 5127 3273 5199 lacrymis,
3315 5135 3420 5182 etc.

2089 5223 2190 5291 Qui
2220 5221 2454 5278 seminat
2485 5221 2537 5275 in
2567 5220 2845 5291 lacrymis,
2877 5221 3176 5275 secundum
3211 5220 3466 5288 spiritum
3502 5233 3593 5274 se-

2018 5315 2190 5369 minat
2221 5313 2435 5368 illorum
2459 5311 2550 5382 qui
2579 5312 2650 5367 ob
2678 5311 2946 5384 lacrymas
2971 5312 3114 5369 beati
3130 5312 3430 5377 dicuntur;
3462 5324 3587 5364 cum

2011 5407 2370 5462 exsultatione
2384 5414 2564 5462 autem
2587 5407 2755 5461 vitam
2774 5418 3031 5462 aetemm
3044 5407 3231 5474 metit;
3256 5404 3454 5473 quippe
3476 5404 3589 5471 qui.

2011 5507 2071 5553 ut
2115 5500 2306 5568 spiritu
2359 5498 2566 5563 rideat,
2597 5497 2708 5569 jam
2757 5509 3084 5557 consecutus
3118 5510 3234 5555 est.
3270 5525 3339 5537 —
3373 5496 3441 5552 lis
3498 5496 3590 5563 qui

2012 5604 2112 5659 pro
2145 5587 2371 5659 reliquis
2399 5591 2630 5660 captivis
2652 5591 3074 5655 orarunt,.Dt-.us
3102 5588 3392 5659 respondet
3427 5585 3593 5642 eliato

394 5685 430 5772 τ’
540 5686 611 5742 al.
658 5694 1012 5772 cxx_x_vt,_i._
1062 5696 1084 5727 ³
1127 5694 1500 5772 Psal._cxxv.
1547 5699 1602 5753 2.
1695 5704 1716 5735 ⁸
1765 5699 1911 5772 Psal.
1942 5716 2175 5768 xxxvm,
2211 5701 2267 5757 2.
2346 5704 2391 5735 ’θ
2424 5703 2569 5760 Psal.
2621 5720 2807 5772 mm,
2858 5704 2947 5762 '50.
3026 5704 3067 5736 “
3103 5702 3247 5759 Psal.
3308 5701 3591 5768 utan.”-

324 5753 432 5808 “ll
469 5758 592 5811 Cor.
637 5774 713 5827 vr,
750 5763 838 5817 11.
882 5753 960 5797 ἠ
991 5764 1099 5824 lsa.
1132 5782 1251 5835 Lm,
1287 5753 1344 5823 7.
1424 5753 1636 5828 ί³’Ἀοῐ.
1681 5753 1938 5838 “117,35.

399 5873 477 5943 (ι)
511 5871 588 5930 ita
614 5877 770 5934 codd.

2080 5884 2159 5957 (5)
2192 5864 2354 5942 Deest
2392 5882 2617 5956 aliquid.
