4062 6400
478 380 550 437 10
771 351 774 356 Ι
831 409 854 428 ν
1170 380 1434 438 EUSEBII
1471 379 1948 437 CAESARIENSIS
1983 381 2135 438 OPP.
2174 381 2352 438 PARS
2389 381 2481 439 111.
2521 411 2592 423 —
2623 347 3031 438 EXEGETICA.
3654 381 3727 438 20

482 502 576 557 illo
605 518 618 554 :
657 501 810 556 Beati
844 503 936 571 qui
966 502 1166 572 lugent,
1205 502 1328 572 quia
1357 485 1600 555 ridebunt
1625 501 1692 556 ¹⁵.
1720 501 1875 569 Quod
1925 503 1967 557 si
2011 503 2045 557 ii

2155 502 2242 557 ὅτι
2273 503 2441 558 αὐτοί
2463 502 2820 574 γελάσονται
2837 522 2850 534 -
2886 505 3024 575 ὅπερ
3048 504 3097 556 εἰ
3124 503 3439 574 ποιήσουσιν
3464 505 3514 556 οἰ
3531 507 3588 558 ἐν
3615 505 3726 560 Βα-

484 595 691 648 facient
728 593 819 664 qui
849 593 1120 665 Babylone
1149 593 1326 648 adhuc
1363 604 1512 662 sunt,
1553 596 1751 650 bonam
1781 611 1931 664 spem
1973 597 2045 650 ln-

2153 593 2372 657 6υλῶνι,
2403 592 2612 662 ἀγαθὰς
2645 595 2866 659 ἐλπίδας
2909 594 2976 647 δι’
3006 587 3080 647 ὧν
3111 593 3354 647 κλαίουσι
3389 594 3724 667 σπείροντες,

484 686 662 752 gendo
705 693 951 738 serentes
975 722 994 748 ,
1028 684 1280 750 gaudium
1334 692 1569 750 nictent;
1625 685 1878 756 lacrymis
1917 701 2045 756 quas

2152 685 2422 756 θεριοῦσιν
2476 685 2831 754 ἀγαλλίασινο
2906 685 3026 737 ἀντί
3075 683 3325 755 δακρύων
3375 683 3518 755 ἅπερ
3569 684 3725 756 ἔσχον

486 775 1000 830 fuderuntamorem
1034 776 1270 845 indepti,
1307 786 1361 830 et
1411 776 1612 832 reditus
1659 779 1910 848 gaudium
1962 794 2050 834 re-

485 867 720 935 cepturi.
752 867 819 922 Et
863 867 905 921 si
938 867 1156 936 quidem
1205 882 1429 937 germen
1462 868 1677 938 aliquod
1709 883 1848 924 verm
1883 871 2053 939 pieta-

486 959 560 1013 tis
600 957 971 1019 servaverint,
1036 958 1248 1012 animas
1311 971 1441 1013 suas
1486 958 1653 1012 veluti
1705 958 2046 1025 excolentes,

485 1055 712 1110 multum
761 1054 816 1108 in
866 1054 1040 1108 reditu
1089 1054 1324 1108 fructum
1386 1054 1704 1124 percipient.
1756 1053 1936 1124 Usque
1983 1056 2050 1109 ad

486 1148 588 1203 hoc
628 1148 917 1217 septimum
950 1145 1224 1202 canticum
1256 1185 1271 1210 ,
1304 1146 1372 1202 de
1400 1147 1628 1216 captivis
1669 1145 1868 1202 iudicis
1913 1149 2052 1202 vati-

484 1239 628 1294 cinia
655 1238 895 1295 fuerunt.

971 1326 1292 1384 PSALMUS
1321 1327 1553 1383 CXXVI.

556 1418 863 1474 Secundum
912 1419 1232 1476 llebraicam
1275 1420 1568 1475 editionem
1617 1435 1914 1492 omnesque
1966 1423 2049 1476 in-

484 1519 775 1578 terpretes,
803 1523 1042 1579 praesens
1092 1511 1364 1566 canticum
1405 1509 1711 1567 Salomonis
1735 1526 1821 1569 est
1861 1514 2043 1582 (sicuti

481 1599 571 1653 alii
611 1600 737 1654 aliis
760 1599 1128 1655 inscribuntur
1158 1603 1474 1659 auctoribus
1504 1604 1746 1677 psalmi),
1778 1608 1924 1674 quod
1961 1609 2048 1662 di—

477 1699 623 1745 ctum
662 1690 761 1745 fuit
785 1705 851 1746 eo
882 1701 1122 1762 tempore
1149 1707 1259 1761 quo
1283 1694 1539 1764 templum
1569 1695 1874 1752 aediﬁcavit.
1911 1697 2046 1753 Nam

479 1797 600 1834 cum
634 1779 809 1837 Judaei
857 1783 928 1837 ob
953 1783 1073 1850 ejus
1100 1783 1312 1840 aediﬁcii
1361 1785 1556 1840 molem
1597 1786 1754 1842 valde
1795 1789 2041 1857 superbi-

2149 773 2525 844 ἀγαπώμενοι,
2549 773 2822 845 δεξόμενοι
2852 774 2948 844 τὴν
2973 773 3071 844 τῆς
3094 773 3353 827 ἐπανόδου
3382 773 3557 846 χτράν
3581 791 3596 804 ·
3631 776 3728 828 καὶ

2150 868 2198 918 εί
2227 865 2347 919 τότε
2373 866 2546 938 βραχύ
2575 883 2628 920 τι
2663 866 2881 938 σπέρμα
2907 865 3212 929 θεοσεϐείας
3243 866 3556 935 ἐφύλαττον,
3589 866 3727 920 ἀλλὰ

2150 956 2247 1020 τὰς
2263 956 2469 1010 ἑαυτῶν
2491 959 2609 1010 ἐκεῖ
2632 957 2809 1028 ψυχὰς
2825 957 3262 1028 γεωργήσαντες,
3294 955 3521 1020 πολλοὺς
3553 959 3726 1010 ὲπαν-

2154 1050 2321 1113 ιόντες
2348 1051 2552 1104 οἴσουσι
2611 1050 2737 1114 τοὺς
2768 1049 3033 1120 καρπούς.
3069 1049 3247 1120 Μέχρι
3274 1049 3371 1119 τῆς
3408 1049 3457 1112 ζ’
3484 1048 3628 1119 ᾠδῆς
3654 1048 3724 1101 τὰ

2152 1138 2414 1208 περὶτῶν
2455 1141 2520 1192 ὲκ
2568 1139 2865 1210 περιτομῆς
2900 1137 3259 1209 αἰχμαλώτων
3298 1138 3723 1210 προεθεσπίσθη.

2680 1315 2976 1368 unum:
2999 1315 3190 1382 PKq'.

2218 1404 2372 1459 Κατὰ
2399 1404 2462 1458 τὸ
2502 1403 2787 1476 Ἐδραῖκὺν
2813 1405 2906 1458 καὶ
2932 1404 3057 1468 τοὺς
3083 1403 3526 1476 ἑρμηνεύσαντας
3551 1404 3723 1459 ἃπαν-

2147 1512 2264 1558 τας,
2299 1497 2332 1565 η
2370 1495 2620 1566 παροῦσα
2650 1494 2746 1548 νῦν
2776 1495 2886 1566 ᾠδὴ
2926 1495 3267 1566 Σολομῶντὸς
3331 1500 3478 1551 ἐστιν
3517 1496 3726 1570 (ὥσπερ

2147 1587 2295 1642 ἄλλοι
2327 1587 2500 1641 ἄλλων
2534 1587 2670 1641 εἰσὶν
2701 1587 3170 1659 ἐπιγεγραμμένοι
3195 1587 3422 1659 ψαλμοὶ)
3458 1607 3726 1662 προφητι-

2148 1679 2258 1742 κῶς
2279 1680 2370 1732 ὑπ’
2391 1679 2555 1732 αὑτοῦ
2571 1679 2820 1750 λεχθεῖσα
2834 1680 3070 1752 ὁπηνίκα
3085 1681 3174 1735 τὸν
3190 1682 3316 1737 ναὸν
3331 1683 3720 1748 κατεσκεύαζεο

2145 1770 2255 1823 τῶν
2303 1769 2413 1842 γὰρ
2465 1771 2737 1825 Ἰουδαίων
2772 1772 3317 1844 μεγαλοφρονούντων
3367 1776 3461 1829 ἐπὶ
3501 1776 3580 1847 τῷ
3621 1777 3726 1848 τῆς

479 1881 621 1936 rent,
667 1871 782 1940 ipse
833 1872 1015 1928 divino
1047 1872 1253 1944 Spiritu
1291 1876 1594 1945 praevidens
1640 1892 1945 1946 supremam
1980 1881 2045 1932 il-

2148 1863 2490 1934 κατασκευῆς
2546 1863 2760 1936 ὀχυρῷ,
2818 1864 2947 1936 θείῳ
2998 1865 3275 1938 Πνεύματι
3331 1869 3568 1941 συνορῶν
3622 1869 3726 1940 τὴν

481 1963 588 2017 lius
617 1964 1029 2033 desolationem,
1083 1982 1291 2022 necnon
1330 1967 1566 2026 futuram
1595 1971 1888 2027 Ecclesium
1927 1989 2048 2042 quze

485 2069 514 2107 a
569 2053 798 2111 Domino
835 2065 948 2112 toto
984 2059 1117 2112 orbe
1153 2066 1416 2113 terrarum
1442 2060 1756 2116 aediﬁcanda
1784 2077 1937 2126 erat,
1972 2064 2046 2118 l‘a-

483 2157 568 2199 cta
596 2161 719 2200 cum
751 2156 1036 2209 exstructo
1064 2151 1263 2219 templo
1288 2154 1712 2222 comparatione,
1738 2154 1881 2208 illam
1906 2170 2046 2224 prm-

383 2245 387 2250 ’
482 2234 589 2290 fert
629 2239 908 2307 magisque
949 2241 1277 2306 admiratur,
1325 2258 1436 2297 rem
1477 2255 1801 2312 praesentem
1838 2247 2048 2316 vitupe-

480 2342 613 2382 rans
646 2344 741 2384 ceu
789 2332 1162 2399 temporalem,
1190 2347 1366 2402 neque
1416 2334 1500 2389 vel
1532 2335 1804 2407 paulisper
1843 2339 2048 2407 alisque

483 2416 579 2469 Dei
625 2418 867 2474 custodia
908 2421 1244 2476 duraturam.
1275 2422 1404 2487 Quae
1438 2439 1579 2478 nunc
1616 2436 1918 2495 opportune
1957 2443 2047 2483 ce-

478 2509 828 2566 cinitJndteis
851 2511 1126 2584 Babylone
1155 2516 1438 2586 regressis,
1482 2526 1536 2572 et
1565 2519 1885 2574 restituendi
1917 2531 2048 2577 tem-

477 2601 547 2671 pli
586 2603 864 2670 studiosis,
910 2616 1073 2675 atque
1112 2607 1181 2663 ob
1212 2624 1332 2664 eam
1367 2625 1483 2664 rem
1532 2608 1672 2664 fastu
1723 2612 1903 2668 elatis.
1954 2613 2048 2669 Ait

478 2710 607 2765 ergo
634 2711 647 2748 :
687 2695 749 2752 Si
776 2708 952 2754 tamen
981 2700 1241 2756 Dominus
1273 2703 1622 2768 custodierit;
1658 2719 1783 2757 nam
1825 2707 2048 2760 custode

477 2788 786 2851 recedente,
827 2789 1103 2844 desertum
1147 2791 1273 2853 ﬁet.
1313 2801 1368 2847 et
1413 2793 1620 2860 quaevis
1653 2795 1930 2849 hominum
1962 2810 2048 2851 se-

477 2875 680 2930 dulitas
724 2891 862 2931 vana
918 2879 1044 2933 erit.
1099 2877 1164 2932 Et
1218 2882 1400 2949 templi
1449 2881 1666 2949 quidem
1719 2891 2045 2938 structorem

476 2965 610 3019 dicit
661 2966 982 3032 Dominum;
1041 2971 1190 3025 urbis
1233 2982 1412 3025 autem
1463 2973 1821 3029 aediﬁcatores
1869 2976 2045 3030 homi-

477 3072 596 3121 nes,
637 3063 732 3111 sed
778 3059 945 3115 Deum
976 3065 1274 3118 custodem.
1313 3063 1452 3120 Utile
1489 3065 1589 3121 hoc
1617 3067 1817 3122 dictum
1855 3067 2049 3124 adver-

477 3161 575 3204 sus
601 3153 867 3220 superbiae
898 3156 1272 3226 cogitationes.

644 3329 804 3385 Vsus.
845 3331 900 3386 2.
943 3331 1047 3397 Qui
1086 3334 1418 3388 manducetis
1443 3351 1631 3403 panem
1660 3334 1880 3390 doloris.

551 3445 848 3499 Tlieodotio
879 3455 934 3500 et
962 3446 1356 3514 quintaeditio,
1382 3465 1569 3518 panem
1590 3449 1876 3514 idolorum,
1905 3451 2045 3507 scri-

477 3547 723 3607 pserunt.
765 3537 830 3591 Et
861 3539 1072 3601 merito,
1110 3553 1343 3608 namque
1388 3537 1683 3595 Hebraicns
1726 3548 1908 3595 textus
1949 3543 2044 3596 lia-

477 3630 586 3693 bet,
617 3627 908 3697 irreligiose
939 3644 1113 3698 agere,
1160 3631 1428 3697 quomodo
1453 3629 1575 3683 aliis
1628 3630 1792 3685 etiam
1830 3632 1882 3684 in
1910 3630 2043 3687 locis

475 3719 675 3773 idolum
711 3719 1128 3790 interpretatum
1175 3721 1440 3776 videmus.
1475 3721 1737 3777 Prtevidet
1779 3732 1959 3776 autem
1991 3722 2043 3776 in

475 3813 665 3880 spiritu
703 3811 957 3868 Salomon
1003 3816 1118 3867 fore
1166 3823 1223 3866 ut
1266 3814 1354 3882 qui
1396 3815 1654 3884 templum
1698 3829 1727 3868 a
1759 3829 1816 3870 se
1854 3814 2046 3868 condi-

477 3915 588 3956 tum
640 3905 906 3967 incolent,
947 3905 1104 3959 idolis
1153 3905 1426 3968 studeant,
1480 3908 1752 3962 daemonas
1799 3907 1936 3960 intra
1985 3907 2046 3960 il-

478 3995 565 4049 lud
614 3997 874 4051 colentes.
933 3996 1024 4050 Ait
1073 4011 1201 4066 ergo
1253 4012 1312 4050 se
1349 4009 1470 4065 post
1521 3999 1865 4061 abscessum,
1919 3998 2045 4052 illuc

475 4089 652 4141 denuo
691 4089 1031 4154 rediturum,
1083 4097 1247 4158 atque
1292 4089 1342 4142 id
1385 4104 1450 4143 ex
1499 4087 1782 4143 intervallo
1831 4103 2045 4157 semper

477 4181 772 4232 lactnrum.
816 4178 955 4244 Quid
995 4181 1139 4234 enim
1170 4183 1394 4250 prpdest
1452 4180 1625 4234 locum
1673 4180 1929 4234 honorari
1976 4180 2045 4233 ab

476 4271 566 4333 iis,
602 4270 692 4337 qui
733 4270 803 4324 ob
845 4271 1203 4328 idololatriam
1244 4272 1424 4340 procul
1474 4287 1534 4326 se
1565 4273 1674 4327 Deo
1717 4271 2046 4326 removqu

479 4361 630 4416 Unde
674 4361 1033 4432 Symmachus
1061 4364 1232 4418 dixit:
1274 4362 1478 4418 Vanum
1519 4375 1594 4418 est
1642 4364 1784 4417 vobis
1821 4363 2041 4416 matuti-

475 4468 567 4504 nos
627 4468 842 4522 surgere
896 4454 967 4507 ad
1028 4454 1404 4519 habitandum,
1453 4455 1530 4508 uel
1578 4455 1646 4508 ad
1697 4456 1917 4525 hymnos
1959 4455 2042 4508 di-

473 4545 684 4596 rendus.

955 4635 1078 4690 PSA
1091 4634 1279 4693 LMUS
1306 4636 1560 4692 CXXVII.

543 4725 920 4782 Consentauee
959 4728 1227 4797 superiori
1273 4730 1488 4784 cantico
1535 4730 1748 4785 vocatio
1799 4731 2038 4801 gentium

474 4820 526 4873 in
568 4822 820 4889 pra-senti
855 4821 1201 4890 praedicatur.
1230 4821 1330 4889 Qui
1359 4836 1490 4893 ergo
1516 4824 1708 4877 timent
1737 4825 2041 4887 Dominum,

474 4910 675 4963 diversi
721 4925 844 4965 esse
889 4912 1144 4969 dicuntur
1189 4915 1256 4969 ab
1306 4915 1545 4977 Israele,
1591 4926 1646 4968 et
1698 4932 1725 4969 a
1778 4917 2044 4972 nobiliore

478 5001 616 5068 apud
651 5000 905 5056 lsraelem
945 5007 1156 5066 ordine.
1203 5008 1252 5059 id
1301 5016 1384 5060 est
1428 5008 1767 5063 sacerdotali.
1813 5010 2045 5063 Denton-

478 5101 656 5145 strant
705 5092 758 5146 id
810 5094 975 5149 verba
1032 5096 1165 5149 illa:
1221 5098 1439 5153 Israelis
1499 5101 1684 5152 domus
1721 5103 1945 5169 speravit
1986 5101 2042 5154 in

481 5181 704 5236 Domino
732 5185 796 5238 ¹⁸.
836 5185 902 5242 Et
949 5197 1176 5255 postea:
1226 5189 1486 5246 Timentes
1534 5193 1819 5245 Dominum
1863 5209 2044 5262 spera-

473 5285 655 5327 rerunt
690 5275 745 5328 in
775 5291 836 5328 eo
861 5276 924 5330 ⁸⁸.
959 5277 1023 5331 Et
1055 5293 1274 5332 rursus:
1322 5279 1574 5336 Dominus
1617 5282 1785 5335 nostri
1823 5297 2040 5342 memor,

475 5367 733 5420 benedixit
765 5368 937 5422 nobis.
969 5368 1248 5423 Benedixit
1280 5371 1457 5424 domui
1489 5372 1729 5439 lsraelis,
1769 5373 2041 5426 'benedixit

473 5457 652 5508 domui
707 5456 933 5511 Anronis
986 5458 1051 5512 ".
1108 5460 1171 5512 Et
1211 5476 1373 5515 mox:
1417 5459 1698 5516 Benedixit
1743 5463 2042 5516 timentibus

474 5547 763 5601 Dominum
799 5548 863 5601 ⁸⁸.
903 5547 982 5602 Ex
1013 5565 1206 5605 norma
1243 5551 1408 5622 igitur
1432 5554 1808 5618 praedictarum
1845 5553 2040 5608 dictio-

550 5701 595 5733 “
629 5703 758 5760 Luc.
793 5721 872 5766 Vt,
909 5704 998 5759 2!.
1079 5707 1121 5738 ³⁸
1147 5707 1286 5764 Psal.
1320 5726 1472 5773 cxm,
1497 5711 1548 5764 9.

546 5825 623 5894 (6)
643 5826 726 5878 ΑΙ.
760 5827 1192 5896 προθεσπίζεται.

2077 4546 2124 4603 D

2148 1955 2380 2025 ἐσχάτην
2417 1955 2652 2027 ἐρημίαν
2702 1955 2889 2020 αὑτοῦ,
2935 1958 3030 2010 καὶ
3071 1957 3170 2030 τὴν
3220 1959 3326 2012 ὑπὸ
3373 1959 3466 2013 τοῦ
3517 1961 3725 2032 Κυρίου

2151 2045 2448 2116 μέλλουσαν
2478 2047 2804 2119 Ἐκκλησίαν
2855 2049 2978 2102 καθ’
3029 2049 3155 2121 ὅλης
3197 2050 3589 2121 οἰκοδομεῖσθαι
3623 2053 3726 2125 τῆς

2147 2138 2488 2210 οἰκουμένης,
2509 2141 2952 2211 ἀντιπαρατιθεὶς
2979 2145 3043 2213 τῇ
3071 2145 3200 2216 παρ’
3223 2142 3387 2197 αὑτοῦ
3411 2149 3723 2218 κατασκευῇ

2147 2228 2241 2282 τοῦ
2269 2229 2419 2298 ναοῦ,
2450 2233 2665 2305 ἐκείνην
2690 2251 2751 2286 τε
2785 2234 3065 2306 προκρίνει
3099 2236 3194 2290 καὶ
3226 2236 3590 2308 ύπεράγαται,
3622 2237 3725 2309 τὴν

2146 2323 2266 2375 τότε
2318 2324 2618 2396 παρουσίαν
2665 2325 2902 2396 ἐλέγχων
2949 2326 3025 2391 ὡς
3071 2327 3405 2401 πρόσκαιρον
3442 2330 3536 2383 καὶ
3588 2330 3724 2401 μηδὲ

2149 2416 2285 2486 πρὸς
2319 2415 2490 2487 βραχὺ
2523 2417 2916 2488 συνισταμένην
2949 2417 3075 2472 ἄνευ
3104 2418 3239 2472 Θεοῦ
3272 2420 3550 2492 φυλακῆς·
3581 2421 3726 2493 ἅπερ

2147 2505 2242 2562 νῦν
2265 2509 2352 2582 ἐἰς
2384 2508 2574 2579 καιρὸν
2609 2503 2709 2582 ᾖσε
2752 2509 2861 2562 τῶν
2901 2512 2966 2564 ὲκ
3018 2509 3337 2575 Βαϐυλῶνος
3373 2513 3726 2578 ἐπανιόντων,

2148 2598 2556 2654 ἐσπουδακότων
2589 2601 2718 2674 περί
2739 2602 2836 2673 τὴν
2862 2603 3142 2656 ἀνάκτισιν
3171 2604 3262 2657 τοῦ
3288 2605 3440 2668 ναοῦ,
3478 2606 3570 2660 καὶ
3595 2623 3728 2677 (ppo-

2148 2691 2382 2744 νούντων
2412 2692 2505 2745 ἐπὶ
2522 2692 2694 2764 τούτῳ
2713 2693 2921 2764 μεγάλα
2963 2694 3082 2765 μέν.
3118 2696 3180 2748 Εἰ
3205 2695 3313 2767 γάρ
3339 2714 3521 2768 φησιν,
3554 2698 3723 2750 Ἕστ⁹

2147 2783 2225 2838 ἂν
2256 2788 2288 2839 ό
2323 2787 2537 2854 Κύριος
2568 2785 2840 2857 φυλάττῃ
2869 2829 2883 2851 ,
2912 2788 3006 2841 τοῦ
3051 2789 3108 2842 δὲ
3157 2789 3394 2858 φύλακος
3435 2790 3722 2862 ἀναχωρή-

2149 2892 2360 2941 σαντος,
2385 2877 2589 2949 ἕρημος
2616 2877 2789 2942 ἔσται,
2831 2880 3066 2950 ματαίας
3098 2881 3361 2952 ἐσομένης
3388 2881 3488 2951 τῆς
3529 2881 3590 2946 ἐξ
3627 2883 3724 2935 ἀν-

2147 2967 2381 3039 θρώπων
2409 2969 2675 3040 σπουδῆς·
2711 2971 2805 3024 ἐπὶ
2866 2972 2963 3042 μὲν
3000 2972 3090 3026 τοῦ
3121 2972 3274 3038 ναοῦ,
3302 2973 3582 3044 οἰκοδόμον
3613 2975 3727 3027 εἰσ-

2148 3059 2270 3128 άγει
2302 3062 2394 3115 τὸν
2431 3061 2634 3133 Κύριον
2653 3079 2666 3092 ⁸
2699 3063 2791 3115 ἐπὶ
2821 3063 2878 3116 δὲ
2908 3064 3007 3134 τῆς
3023 3064 3250 3129 πόλεως,
3271 3064 3588 3136 ἀνθρώπους
3624 3065 3724 3136 μὲν

2147 3151 2480 3222 οἰκοδόμους,
2511 3151 2726 3221 φύλακα
2758 3153 2814 3207 δὲ
2841 3154 2932 3208 τὸν
2967 3155 3099 3209 Θεόν
3121 3173 3135 3186 ·
3167 3157 3435 3227 χρήσιμον
3467 3157 3528 3210 τὸ
3559 3159 3723 3229 ῥητὸν

2149 3243 2284 3315 “to”;
2311 3245 2436 3308 τοὺς
2463 3245 2560 3315 τῆς
2589 3244 2965 3316 ὑπερηφανίας
2990 3245 3302 3316 λογισμούς,

2489 3339 2554 3389 οἱ
2581 3337 2887 3404 ἐσθίοντες
2919 3337 3100 3406 ἄρτον
3131 3338 3375 3406 ὀδύνης.

2213 3447 2523 3507 Θεοδοτίων.
2555 3449 2648 3503 καὶ
2685 3451 2716 3520 ή
2756 3456 2798 3502 ε’
2836 3449 3019 3518 ἄρτον
3048 3449 3309 3505 εἰδώλων
3345 3452 3611 3518 ἐξέδωκαν
3640 3455 3721 3507 εἰ-

2146 3537 2316 3601 κότως
2335 3557 2347 3568 ·
2381 3539 2438 3592 τὸ
2469 3539 2578 3612 γὰρ
2618 3540 2906 3613 Ἐϐραῖκὸν
2933 3543 2993 3596 τὸ
3017 3543 3259 3598 ἀσεϐεῖν
3285 3543 3415 3616 ἔχει,
3459 3547 3597 3618 ὅπερ
3625 3547 3722 3600 καὶ

2145 3629 2204 3681 ὲν
2255 3629 2460 3702 ἑτέροις
2514 3629 2767 3684 εἴδωλον
2816 3632 3208 3703 ἑρμηνεύεταιο
3264 3635 3474 3706 προορᾷ
3522 3635 3579 3688 δὲ
3643 3635 3721 3706 τῷ

2148 3719 2420 3790 πνεύματι
2459 3720 2729 3792 Σολομῶν,
2779 3723 2854 3788 ῶς
2897 3725 2946 3776 οἰ
3001 3724 3284 3794 μέλλοντες
3310 3726 3477 3778 οἰκεῖν
3503 3725 3593 3779 τὸν
3627 3727 3720 3780 ὑπ’

2143 3810 2308 3866 αὐτοῦ
2341 3811 2622 3884 γινόμενον
2656 3808 2823 3879 οἷκον,
2858 3815 3098 3879 εἰδώλοις
3128 3816 3567 3888 προσκείσονται,
3600 3818 3719 3871 δαί-

2149 3921 2272 3975 μοσι
2313 3904 2660 3977 λατρεύοντες
2701 3909 2760 3959 ὲν
2799 3907 2977 3979 αὐτῷ’
3018 3909 3164 3978 λέγει
3201 3911 3401 3972 τοίνυν,
3447 3910 3584 3982 μετὰ
3621 3912 3720 3983 τὴν

2144 3996 2491 4068 ἀναχώρησιν
2517 3993 2674 4062 αὖθις
2697 4000 2790 4053 ἐπὶ
2815 3999 3004 4054 τοῦτον
3057 4000 3249 4065 ἐλθεῖν,
3287 4003 3380 4055 καὶ
3406 4002 3562 4056 τοῦτο
3593 4020 3717 4056 συν-

2142 4082 2282 4159 εχῶς
2308 4091 2371 4143 ὲκ
2390 4090 2792 4162 διαλειμμάτων
2818 4096 3006 4146 ποιεῖν’
3025 4091 3077 4144 τί
3103 4091 3209 4164 γὰρ
3234 4094 3424 4162 ὄφελος
3446 4095 3535 4148 τὸν
3558 4095 3720 4149 τόπον

2142 4185 2326 4254 τιμᾷν,
2356 4185 2468 4247 τοῖς
2492 4183 2578 4236 διὰ
2607 4184 2706 4255 τῆς
2731 4185 3170 4256 εἰδωλολατρείας
3201 4187 3564 4258 μακρύνουσιν
3595 4188 3716 4240 ἑαυ-

2143 4273 2268 4334 τοὺς
2304 4271 2399 4326 τοῦ
2433 4272 2597 4335 Θεοῦ;
2637 4275 2799 4326 Ὅθεν
2842 4276 2871 4327 ὁ
2924 4274 3215 4347 Σύμμαχος
3265 4277 3407 4348 ἔφη·
3456 4277 3720 4333 Μάταιον

2147 4364 2290 4433 ὑμῖν
2317 4364 2387 4429 ἑξ
2420 4365 2634 4434 ὄρθρου
2661 4365 3024 4421 ἀνίστασθαι
3056 4370 3143 4433 εὶς
3168 4369 3235 4424 τὸ
3261 4369 3524 4436 οἰκῆσαι,
3559 4370 3597 4438 ἢ
3630 4372 3720 4437 είς

2143 4454 2210 4509 τὸ
2235 4455 2521 4526 ὑμνῆσαι.

2682 4634 2973 4686 ΨΑΛΜΟΣ
3004 4636 3173 4688 PKZ'.
3495 4671 3503 4680 ο

2229 4724 2560 4789 Ἀκολούθως
2611 4728 2679 4796 τῇ
2731 4725 2837 4797 πρὸ
2887 4725 3090 4795 ταύτης
3145 4723 3255 4798 ᾠδῇ
3297 4727 3331 4796 ή
3379 4725 3570 4797 κλησις
3608 4725 3718 4780 τῶν

2144 4814 2312 4868 ἐθνῶν
2340 4814 2427 4868 διὰ
2454 4815 2655 4885 ταύτης
2681 4813 3012 4886 κηρύσσεται
3043 4814 3138 4886 (6)°
3165 4818 3214 4868 oi
3237 4814 3367 4883 γοῦν
3393 4815 3719 4886 φοϐούμενοι

2145 4907 2235 4960 τὸν
2262 4907 2486 4978 Κύριον,
2525 4907 2700 4979 ἕτεροι
2728 4907 2976 4976 λέγονται
3003 4903 3140 4962 εἶναι
3165 4907 3317 4980 παρὰ
3347 4908 3437 4962 τὸν
3480 4909 3715 4979 Ἰσραὴλ,

2147 4999 2241 5050 καὶ
2281 4998 2430 5068 παρὰ
2471 4998 2533 5051 τὸ
2571 5000 2815 5070 κρεῖττον
2858 5000 2916 5052 ἐν
2961 4999 3039 5071 τῷ
3080 4999 3295 5072 Ἰσραὴλ
3335 5000 3542 5071 τάγμα,
3577 5000 3720 5070 λέγω

2147 5087 2205 5141 δὲ
2224 5087 2281 5141 τὺ
2306 5089 2576 5160 ἰερατικόν
2593 5104 2607 5118 ·
2631 5088 2780 5158 δηλοῖ
2800 5088 2857 5142 δὲ
2882 5089 3038 5143 τοῦτο
3052 5091 3080 5143 ό
3095 5090 3316 5158 φάσκων
3337 5090 3520 5160 λόγος’
3545 5087 3720 5157 Οἷκος

2163 5178 2407 5246 Ἰσραὴλ
2446 5178 2709 5248 ἤλπισεν
2748 5179 2844 5234 ἐπὶ
2893 5181 3144 5248 Κύριονο
3181 5183 3275 5234 καὶ
3327 5182 3468 5253 μετὰ
3511 5183 3715 5236 ταῦτα·

2153 5275 2214 5324 ΟΙ
2243 5272 2593 5340 φοϐούμενοι
2628 5270 2736 5325 τὸν
2773 5273 2992 5340 Κύριον
3049 5273 3320 5342 ἤλπισαν
3347 5275 3444 5328 ἐπὶ
3471 5277 3716 5344 Κύριον·

2148 5366 2242 5418 καὶ
2294 5364 2486 5418 πάλιν·
2549 5365 2763 5433 Κύριος
2811 5366 3106 5434 μνησθεὶς
3161 5365 3328 5436 ἡμῶν
3381 5369 3720 5439 εὐλόγησεν

2147 5454 2334 5526 ἡμᾶς·
2380 5457 2679 5524 amid-mos
2726 5454 2834 5509 τὸν
2875 5453 3041 5512 οἷκον
3097 5456 3342 5524 Ἰσραήλ
3363 5475 3374 5488 ·
3423 5461 3720 5530 εὐλόγησε

2147 5551 2253 5604 τὸν
2297 5545 2467 5604 οἷκον
2526 5548 2778 5617 ’Λαρώνθ
2823 5551 2933 5603 καὶ·
2970 5549 3106 5621 μετὰ
3155 5548 3354 5606 ταῦτα’
3401 5551 3720 5623 summa

1629 5715 1671 5743 ιε
1699 5713 1826 5768 ibid.
1858 5713 1942 5766 H.-
2025 5713 2064 5744 ιν
2090 5711 2215 5767 ibid.
2252 5711 2334 5766 ta.
2418 5711 2460 5742 ιο
2482 5710 2608 5765 ibid.
2644 5711 2725 5765 ιδ.
