4062 6396
307 404 384 461 εδ
1449 407 1954 465 connexum
1991 410 2062 468 lN
2097 413 2435 476 psssuos.
3196 388 3207 399 ’
3498 434 3571 491 ac

884 523 1175 578 ΨΑΛΜΟΣ
1202 525 1331 578 PA'.

394 613 731 678 Ἀκολούθως
753 616 787 687 ἡ
817 615 930 687 ᾠδὴ
961 618 996 688 ὴ
1024 616 1274 688 παροῦσα
1298 616 1395 671 καὶ
1421 618 1455 688 ἡ
1488 618 1595 690 πρὸ
1618 619 1789 691 αὐτῆς
1809 616 1903 671 τοῦ

306 709 369 761 ὲν
391 708 586 779 Κυρίῳ
609 707 1029 779 τετελειωμένου
1065 707 1567 781 ταπεινοφροσύνης
1602 709 1785 779 φωνὰς
1808 727 1905 763 πε-

306 800 590 871 ριέχουσα,
624 797 722 852 καὶ
756 798 993 869 μάλιστα
1032 797 1127 852 τοῦ
1158 799 1457 870 δυναμένου
1498 800 1703 870 λέγειν’
1741 800 1904 855 Ἕνε-

1929 534 1977 591 A
2500 537 2626 593 PSA
2637 538 2729 594 LM
2739 539 2826 597 US
2865 540 3077 598 CXXX.

2084 624 2335 697 Congrue
2378 643 2619 697 praesens
2640 632 2766 697 oda,
2819 633 3054 704 itemque
3090 635 3424 706 praecedens,
3470 638 3570 693 ho-

2006 717 2169 772 minis
2221 718 2274 771 in
2330 718 2441 774 Deo
2502 721 2733 789 perfecti
2803 722 3033 779 humiles
3093 741 3254 782 voces
3308 730 3568 794 continet,

2003 809 2383 879 praecipueque
2416 811 2533 880 ejus
2564 813 2656 881 qui
2681 815 2855 880 possit
2884 815 3097 872 dicere:
3134 818 3361 887 Propter
3383 837 3571 876 nomen

303 908 415 945 κεν
434 890 546 946 τοῦ
592 891 886 960 ὀνόματός
919 906 1039 946 σου
1071 890 1365 961 ὐπέμεινά
1393 906 1488 958 σε,
1518 893 1719 961 Κύριε.
1758 892 1817 946 '0
1843 892 1876 946 δ

2003 907 2153 951 tuum
2178 899 2410 955 sustinui
2445 909 2515 966 te,
2542 900 2763 957 Domine
2795 903 2862 958 ³³.
2903 905 3072 962 David
3099 918 3281 964 autem
3324 909 3567 978 edoctus,

303 985 471 1039 Δαυτδ
499 986 578 1049 ὡς
598 985 746 1050 είκὸς
778 984 1111 1057 μεμαθηκὼς
1149 985 1259 1040 ἀπὸ
1281 985 1390 1039 τῶν
1416 984 1508 1038 τοῦ
1538 985 1696 1054 ἁγίου
1724 984 1899 1038 Ilvati-

306 1095 479 1149 ματος
512 1078 730 1147 φωνῶν,
745 1078 828 1132 ὅτι
846 1095 931 1141 τις
941 1077 1165 1149 ἱλασμὺς
1184 1077 1335 1149 παρὰ
1354 1077 1434 1148 τῷ
1453 1077 1593 1149 Θεῷ,
1612 1078 1708 1131 καὶ
1730 1077 1896 1151 πολλὴ

301 1173 437 1243 παρ’
496 1169 650 1242 αὐτῷ
712 1170 982 1241 λύτρωσις
1038 1170 1087 1221 εἰ
1141 1168 1504 1231 πιστεύσειεν,
1583 1169 1897 1238 ἀναγκαίως

302 1264 497 1318 ἑαυτὸν
515 1260 912 1334 προσφέρειτῷ
928 1262 1216 1332 Λυτρωτῇο
1241 1259 1323 1313 διδ
1353 1261 1445 1314 καὶ
1472 1260 1892 1332 ἐπιγέγραπταισ

304 1355 420 1410 Τοῦ
457 1353 641 1408 Δαυῖδ
677 1357 765 1420 εις
805 1352 1179 1421 παραίτησιν
1208 1350 1754 1421 πλημμελημάτων,
1788 1353 1895 1418 τὰς

302 1448 461 1513 ἰδίας
524 1445 987 1514 ἐξαριθμοῦντος
1052 1443 1476 1513 ἀνδραγαθίας.
1523 1443 1598 1496 Οὐ
1672 1441 1893 1496 πώποτε

296 1539 434 1612 γὰρ,
467 1539 656 1609 φησὶν,
686 1536 935 1608 ἐπήρθην
966 1534 1149 1598 καθὼς
1176 1536 1361 1605 ἄρχων
1394 1533 1481 1586 ἐπ’
1509 1533 1661 1599 ἔθνος
1687 1532 1852 1588 αὐτοῦ
1872 1550 1887 1565 ’

295 1632 425 1685 οὔτε
461 1633 570 1703 μὴν
608 1629 921 1700 ὲχαυνώθην
953 1626 1152 1698 βλέψας
1179 1626 1285 1693 ἔξω
1313 1626 1469 1691 Θεοῦ,
1501 1628 1596 1680 καὶ
1630 1627 1731 1698 τῆς
1757 1626 1893 1698 πρὸς

294 1726 391 1778 τὸν
420 1722 587 1778 αὑτοῦ
622 1721 786 1793 φόϐον
817 1719 1130 1783 συστάσεως
1161 1718 1457 1788 καθυφείς⁹
1489 1718 1614 1772 οὔτε
1645 1718 1805 1772 πάλιν
1831 1720 1888 1771 ὲν

2003 998 2060 1043 ut
2094 990 2350 1048 credibile
2401 1003 2503 1053 est.
2554 1008 2582 1047 a
2618 995 2798 1050 sancti
2828 996 3064 1067 Spiritus
3109 1001 3365 1069 oraculis,
3406 1004 3569 1058 mise~

1999 1080 2289 1135 ricordiam
2352 1084 2493 1152 apud
2527 1080 2695 1138 Deum
2749 1086 2977 1142 inveniri
3039 1091 3427 1162 copiosamque
3475 1110 3566 1150 re-

1998 1172 2379 1241 demptionem,
2416 1174 2463 1229 si
2496 1176 2660 1231 modo
2687 1178 2953 1243 crederet,
2974 1183 3303 1238 necessario
3329 1186 3562 1255 seipsum

1997 1264 2219 1319 exhibet
2246 1263 2615 1336 Redemptori.
2665 1267 2845 1334 Quare
2874 1278 2927 1324 et
2951 1270 3264 1328 inscribitur
3293 1293 3308 1329 :
3343 1274 3562 1332 Dauidis

1996 1355 2065 1408 ad
2118 1356 2537 1426 deprecationem
2595 1369 2960 1428 peccatorum,
3015 1379 3096 1416 res
3154 1381 3186 1418 a
3248 1382 3302 1420 se
3362 1371 3565 1439 egregie

1994 1456 2172 1519 gestas
2211 1450 2550 1506 recenseatis.
2609 1448 2892 1521 Nunquam
2938 1453 3114 1519 enim,
3165 1455 3371 1527 inquit,
3426 1458 3566 1513 fastu

1995 1537 2175 1593 elatus
2210 1552 2350 1604 sum,
2384 1553 2479 1594 ceu
2521 1540 2700 1609 gentis
2731 1542 3028 1613 princeps;
3059 1559 3235 1614 neque
3269 1547 3343 1601 ita
3370 1562 3561 1619 super-

1990 1627 2078 1682 bia
2114 1629 2283 1682 tumui
2318 1637 2378 1683 ut
2412 1630 2506 1685 Dei
2537 1632 2880 1701 prazsentiam
2908 1649 3018 1690 non
3057 1646 3387 1706 spectarem,
3425 1639 3558 1694 etin

1990 1732 2057 1773 eo
2097 1719 2338 1774 timendo
2359 1724 2729 1777 constantiam
2762 1724 3094 1781 omitterem.
3114 1725 3305 1799 Neque
3344 1729 3471 1784 item
3502 1731 3559 1785 in

295 1818 481 1887 τρυφῇ
512 1814 784 1877 πλουσίως
833 1811 1082 1882 διεξῆγον
1122 1810 1215 1864 τὸν
1261 1810 1375 1880 βίον
1397 1828 1413 1841 ο
1460 1810 1580 1865 οὐδέ
1612 1829 1664 1864 τι
1705 1812 1876 1882 μεῖζον

1991 1811 2206 1866 deliciis
2234 1811 2523 1868 afﬂuenter
2553 1814 2706 1882 vixi;
2741 1832 2919 1886 neque
2966 1818 3033 1873 de
3060 1833 3147 1873 me
3180 1821 3423 1890 meisque
3472 1837 3561 1878 re-

294 1870 596 1979 ὲίρρένησα,
624 1870 781 1976 φησι,
816 1870 947 1971 περί
971 1870 1231 1975 έμαυτοῦ,
1259 1870 1370 1958 τῶν
1396 1870 1845 1974 προσόντωνέμοί
1868 1920 1876 1934 ·

1991 1899 2092 1955 bus
2127 1912 2324 1971 praeter
2354 1904 2677 1961 modestiam
2716 1909 2898 1963 sensi:
2941 1909 3088 1981 quod
3126 1870 3350 1966 faciunt?
3390 1913 3427 1968 ii
3466 1912 3558 1983 qui

290 2000 469 2052 ὁποῖοί
510 1998 655 2061 τινές
710 1999 850 2050 εἰσιν
886 1997 937 2049 οῖ
990 1996 1202 2050 συνετοὶ
1237 1997 1379 2066 ,παρ’
1408 1997 1640 2061 ἑαυτοῖς,
1679 1997 1771 2049 καὶ
1803 1999 1888 2049 ὲν-

289 2090 467 2145 ώπιον
497 2088 677 2144 αὐτῶν
699 2090 893 2161 ὲπιστή
903 2104 1081 2158 μονες.

521 2179 861 2235 Ἐλπισάτω
900 2179 1140 2262 Ἰσραὴλ
1161 2180 1260 2235 ἐπὶ
1293 2179 1402 2233 τὸν
1432 2179 1653 2248 Κύριον

368 2275 580 2344 Ὠσπερ
607 2272 740 2343 ἐγὼ,
777 2273 941 2344 φησὶν
966 2274 994 2326 ὁ
1025 2272 1277 2343 βασιλεὺς
1308 2269 1489 2334 Δαυῒδ,
1515 2270 1773 2334 τοσοῦτος
1804 2269 1881 2325 ὢν

289 2366 389 2419 καὶ
414 2364 653 2430 τοιοῦτος
680 2365 841 2438 ἀνὴρ,
876 2365 1134 2419 ταπεινὸν
1163 2364 1399 2435 ὲμαυτδν
1428 2364 1758 2435 κατέστησα,
1787 2365 1883 2418 καὶ

290 2459 641 2528 προσήγαγον
670 2456 907 2528 ἐμαυτὸν
930 2454 1009 2526 τῷ
1032 2454 1243 2527 ίλασμῷ
1274 2455 1369 2509 καὶ
1395 2453 1473 2525 τῷ
1505 2455 1764 2527 Λυτρωτῇ
1788 2455 1883 2508 καὶ

285 2550 527 2622 Σωτῆρι,
562 2549 736 2614 οὕτως
777 2550 872 2603 καὶ
902 2546 979 2619 τῷ
1009 2547 1183 2618 λοιπῷ
1221 2546 1436 2619 Ἰσραὴλ
1477 2534 1879 2616 ὲπᾶγγέλλομαι

294 2640 644 2712 θαρσούντως
683 2639 966 2712 προσιέναι
1008 2637 1086 2709 τῷ
1127 2636 1376 2709 ίλασμῷ·
1420 2636 1664 2709 ἀκριϐῶς
1701 2635 1876 2701 εἰδὼς,

289 2732 370 2786 ὅτι
401 2732 564 2797 αὐτὸς
590 2732 927 2805 λυτρώσεται
949 2732 1041 2785 τὸν
1077 2730 1312 2803 Ἰσραὴλ,
1347 2731 1397 2783 εί
1422 2729 1760 2802 προσδράμοι
1788 2730 1882 2783 αὑ-

285 2825 385 2898 τῷ,
421 2828 486 2879 ἐκ
510 2825 701 2879 πασῶν
722 2823 832 2878 τῶν
855 2822 1095 2895 ἀνομιῶν
1124 2823 1313 2878 αὐτοῦ.

460 2968 475 2981 ,
587 2905 599 2919 ’
834 2916 1128 2971 “mox
1159 2914 1328 2969 PAA’.

524 3010 747 3075 Ὠιιοσε
765 3009 978 3076 Κύριος
1006 3005 1088 3072 τῷ
1124 3006 1305 3060 Δαυῒδ
1327 3005 1636 3072 ἀλήθειαν.

367 3100 722 3171 Ὀμωμοκότι
748 3098 806 3152 δὲ
833 3098 912 3170 τῷ
939 3096 1121 3162 Δαυῒδ,
1165 3096 1521 3169 ἀντώμοσενὸ
1545 3095 1678 3161 Θεὸς
1711 3096 1877 3170 ζητή-

1987 1989 2209 2045 sibimet
2237 1991 2338 2061 ipsi
2383 1992 2629 2049 videntur
2656 1995 2927 2067 ingeniosi
2966 2015 3031 2055 ac
3066 2001 3361 2071 sapientes.

2262 2171 2424 2227 Vens.
2455 2174 2509 2229 5.
2538 2174 2723 2244 Speret
2753 2176 2925 2234 Israel
2951 2182 3004 2234 in
3032 2179 3275 2236 Domino.

2068 2262 2223 2319 Sicut
2259 2266 2405 2320 enim
2436 2280 2555 2336 ego,
2613 2268 2690 2321 ait
2728 2283 2822 2323 rex
2876 2269 3068 2334 David,
3103 2272 3226 2327 talis
3264 2280 3557 2346 tantusque

1985 2356 2070 2411 vir
2100 2356 2360 2412 humilem
2389 2372 2474 2411 me
2513 2357 2638 2425 feci,
2687 2375 2883 2430 meque
2904 2362 3077 2417 obtuli
3131 2365 3553 2432 misericordiae,

1984 2447 2448 2518 Redemptorique
2484 2463 2550 2503 ac
2574 2447 2893 2516 Servatori;
2924 2452 2998 2506 ita
3030 2452 3240 2522 reliquo
3278 2456 3441 2510 etiam
3473 2455 3553 2512 ls-

1982 2541 2116 2596 raeli
2149 2540 2412 2596 denuntio
2455 2552 2515 2595 ut
2539 2541 2876 2598 conﬁdenter
2909 2545 2979 2599 ad
3009 2546 3436 2601 misericordiam
3466 2562 3551 2602 ac-

1979 2630 2159 2685 cedat.
2194 2630 2327 2684 Nam
2356 2629 2527 2699 probe
2557 2629 2694 2694 scio,
2751 2630 2870 2687 fore
2913 2641 2971 2686 ut
3003 2631 3144 2688 Deus
3177 2632 3429 2689 lsraelem
3465 2648 3545 2689 re-

1979 2723 2171 2789 dimat,
2200 2722 2250 2779 si
2284 2723 2351 2777 ad
2390 2738 2513 2779 eum
2554 2723 2886 2785 coniverit,
2911 2739 2980 2779 ex
3016 2725 3271 2781 omnibus
3294 2725 3550 2796 iniquita-

1979 2815 2122 2871 tibus
2168 2814 2306 2884 ejus.

2469 2904 2796 2961 PSALMUS
2834 2903 3074 2962 CXXXI.

2085 2996 2251 3052 Vnus.
2288 2995 2379 3059 ii.
2407 2995 2618 3050 Iuravit
2652 2997 2905 3051 Dominus
2930 2997 3123 3050 ι)αυίάί
3146 2997 3435 3054 veritatem.

2045 3087 2261 3145 Juranti
2313 3087 2500 3144 Davidi
2536 3087 2772 3143 vicissim
2798 3087 3004 3159 juravit
3048 3087 3210 3153 Deus,
3255 3089 3308 3143 ei
3340 3089 3431 3157 qui
3467 3087 3547 3142 lo-

284 3209 442 3247 σαντι
473 3192 568 3245 τὸν
593 3191 760 3244 τόπον
800 3191 1010 3263 μαθεῖν,
1032 3189 1240 3261 δωρεὰν
1268 3191 1392 3254 δοὺς
1411 3190 1472 3243 τὸ
1497 3190 1591 3244 καὶ
1618 3189 1676 3256 ἐξ
1705 3189 1869 3244 αὐτοῦ

1981 3197 2097 3237 cum
2140 3194 2473 3253 cognoscere
2507 3181 2723 3245 avebat,
2758 3181 2995 3251 gratuito
3032 3181 3243 3235 donans
3274 3195 3544 3252 prmroga-

280 3283 590 3356 προελθεῖν
610 3283 745 3338 Ἵνα
754 3282 852 3337 διὰ
866 3282 974 3338 δύο
990 3281 1349 3353 πραγμάτων
1363 3282 1832 3352 ἀμεταθέτων,ὠς
1845 3283 1874 3336 ὁ

1982 3275 2148 3328 tivam
2168 3283 2225 3328 ut
2253 3281 2308 3328 et
2336 3273 2562 3343 ipsemet
2581 3271 2699 3340 ejus
2721 3274 2893 3341 Stirpe
2909 3272 3186 3337 oriretur;
3209 3268 3276 3325 Ut
3301 3288 3390 3340 per
3411 3273 3547 3327 duas

281 3376 503 3441 Παῦλος
516 3394 701 3448 φησιν,
713 3376 784 3431 ἐν
797 3376 887 3441 οἷς
900 3375 1091 3430 ἀδύνα
1102 3392 1209 3429 τον
1222 3376 1569 3445 ’ψεύσασθαι
1582 3374 1689 3428 τὸν
1704 3374 1873 3442 Θεὸν,

280 3470 551 3540 ῖσχυρὰν
572 3466 976 3537 παράκλησιν,
1004 3466 1133 3540 περὶ
1160 3459 1235 3520 ὧν
1263 3464 1482 3537 ηὔξατο,
1507 3464 1799 3535 λάϐωμεν.

288 3641 394 3692 Ἐκ
424 3639 660 3708 καρποῦ
702 3637 812 3707 τῆς
854 3640 1086 3705 κοιλίας
1130 3654 1246 3693 σου
1305 3638 1563 3708 θήσομαι
1607 3636 1705 3690 ἐπὶ
1765 3636 1874 3690 τοῦ

893 3710 1111 3777 θρόνου
1134 3724 1269 3763 σου.

368 3801 589 3873 Ἐπειδὴ
618 3803 710 3865 σὺ,
738 3801 925 3872 φησὶν,
959 3798 1104 3853 οὕτω
1135 3799 1432 3863 πιστεύσας
1470 3797 1695 3853 τοιαῦτα
1721 3797 1874 3871 ηὔξω

275 3894 515 3965 γνῶναι,
550 3892 873 3965 βουλόμενος
918 3891 1106 3963 μαθεῖν
1138 3893 1268 3964 περὶ
1319 3890 1413 3945 τοῦ
1443 3892 1611 3944 τόπου
1646 3890 1749 3960 τῆς
1791 3892 1872 3955 εἰς

273 3987 605 4058 ἂνθριὲιπους
642 3985 878 4055 ἀφίξεως
909 3983 1006 4038 τοῦ
1053 3984 1325 4055 Σωτῆρος,
1357 3982 1514 4053 δέχου
1552 3982 1617 4054 δὴ
1651 3981 1744 4036 καὶ
1776 3980 1874 4034 αὑ-

272 4081 377 4143 τὸς
415 4080 519 4151 τὴν
553 4076 908 4146 ἐπαγγελίαν,
950 4077 1045 4130 καὶ
1086 4076 1238 4145 γίνου
1279 4074 1525 4137 διάκονος
1548 4075 1649 4144 τῆς
1691 4089 1869 4144 σωτη-

271 4173 404 4244 ρίου
430 4171 719 4239 γενέσεως.
752 4169 850 4232 Σὸς
870 4168 980 4239 γὰρ
1007 4166 1158 4220 ἔσται
1192 4165 1401 4237 καρπὸς
1429 4166 1458 4217 ὁ
1488 4163 1867 4234 γενησόμενος,

270 4266 346 4318 ὲκ
376 4264 475 4330 σῆς
502 4260 753 4331 διαδοχῆς
778 4259 872 4314 καὶ
912 4260 977 4311 ὲκ
1008 4256 1103 4311 σοῦ
1135 4257 1445 4327 σπέρματος
1475 4254 1870 4326 προελευσόμε-

268 4373 372 4417 νος
392 4375 405 4387 ·
435 4354 517 4407 διὸ
537 4354 631 4407 καὶ
663 4353 812 4423 αὐτῷ
836 4351 1120 4422 δοθήσεται
1143 4349 1278 4402 ὡσεὶ
1304 4347 1711 4420 ὲπηγγελμένος
1738 4346 1866 4419 θρό-

265 4445 511 4511 νο;,“διὰ
541 4446 603 4498 τὸ
632 4444 834 4515 μηδένα
860 4443 1046 4514 ἕτερον
1093 4442 1126 4513 ἢ
1163 4442 1320 4512 μόνον
1346 4441 1437 4493 τὸν
1476 4442 1541 4494 ὲκ
1587 4438 1679 4492 σοῦ
1735 4455 1867 4509 προ-

1981 3384 2063 3422 res
2103 3366 2423 3430 immobiles,
2473 3374 2643 3435 prout
2692 3363 2900 3419 Paulus
2939 3364 3036 3428 ait,
3072 3364 3261 3430 quibus
3304 3364 3547 3434 impossi-

1976 3460 2076 3514 bile
2107 3469 2183 3513 est
2216 3457 2429 3511 mentiri
2458 3456 2651 3520 Deum,
2678 3455 2908 3509 ualidum
2936 3455 3187 3508 solatium
3208 3453 3274 3521 “,
3301 3457 3443 3510 circa
3474 3467 3543 3512 ea

1973 3567 2097 3621 qua:
2128 3551 2359 3621 quisque
2399 3551 2554 3621 petit,
2585 3548 2894 3604 habeamus.

1975 3643 2144 3698 Vens.
2184 3641 2271 3698 Η.
2318 3639 2399 3695 De
2450 3643 2630 3715 [ructu
2660 3643 2854 3695 ventris
2894 3641 2973 3694 tui
2999 3654 3189 3710 ponam
3218 3654 3375 3707 super
3398 3639 3545 3691 thro-

2606 3727 2728 3765 num
2758 3723 2931 3765 tuum.

2042 3801 2308 3870 Quoniam
2375 3812 2458 3866 tu,
2518 3803 2720 3873 inquit,
2778 3801 2855 3856 ita
2917 3800 3189 3866 credens,’
3214 3811 3544 3870 cognoscere

1972 3897 2088 3953 haec
2117 3896 2338 3966 optasti,
2378 3910 2577 3965 nempe
2602 3896 2781 3950 locum
2806 3908 2914 3966 quo
2948 3896 3015 3948 ad
3058 3893 3307 3948 homines
3352 3899 3546 3945 ventu-

1974 4006 2068 4046 rus
2123 3999 2207 4045 est
2248 3987 2519 4054 Salvator,
2580 3987 2766 4057 accipe
2814 3988 2954 4043 hanc
3005 3987 3280 4049 notitiam,
3329 3994 3385 4039 et
3425 3991 3544 4037 esto

1971 4082 2225 4137 salutaris
2275 4070 2392 4149 ejus
2435 4079 2740 4134 nativitatis
2788 4079 3060 4133 minister.
3118 4076 3355 4133 Fructus
3397 4075 3542 4129 enim

1976 4183 2099 4229 tuus
2126 4174 2229 4228 erit
2251 4172 2344 4243 qui
2378 4172 2594 4227 futurus
2619 4180 2728 4238 est,
2747 4184 2813 4224 ex
2845 4178 2934 4224 tua
2962 4169 3220 4240 progenie
3249 4182 3314 4222 ac
3336 4166 3544 4221 semine

1970 4274 2376 4335 proventurus:
2414 4263 2650 4333 ideoque
2681 4273 2737 4317 et
2775 4262 2879 4334 ipsi
2919 4261 3140 4316 dabitur
3167 4264 3397 4314 thronus
3427 4273 3546 4327 pro-

1969 4360 2190 4426 missus,
2234 4358 2361 4427 quia
2414 4373 2573 4413 nemo
2616 4366 2700 4413 est
2741 4357 2901 4422 alius,
2945 4364 3141 4425 prteter
3193 4354 3341 4407 illum
3386 4368 3453 4405 ex
3486 4361 3540 4406 te

1972 4452 2268 4517 oriturum,
2297 4451 2391 4520 qui
2422 4451 2479 4505 in
2513 4450 2787 4520 promisso
2810 4448 3008 4503 throno
3031 4448 3221 4502 sedere
3244 4455 3538 4497 mereatur.

267 4539 655 4608 ελευσὸμενον,
687 4535 833 4602 ἄξιον
873 4532 1009 4589 εἶναι
1050 4533 1145 4617 τοῦ
1172 4533 1256 4587 σοὶ
1289 4531 1701 4603 ἐπηγγελμένον
1737 4529 1861 4601 θρό-

1981 4542 2147 4609 Quare
2180 4550 2237 4595 et
2287 4538 2506 4595 Gabriel
2537 4540 2719 4594 Maria:
2759 4538 2935 4592 dixit:
2977 4535 3045 4589 Et
3089 4534 3233 4587 dabit
3276 4530 3355 4584 illi
3400 4529 3541 4583 Deus

268 4649 393 4685 νου.
427 4627 725 4698 Τοιγαροῦν
755 4628 847 4680 καὶ
874 4630 902 4680 ὁ
931 4614 1172 4698 Γαϐριὴλ
1207 4625 1342 4696 πρὸς
1366 4625 1465 4696 τὴν
1498 4623 1731 4694 Μαριάμ
1759 4640 1862 4693 φη-

272 4742 334 4777 σι
354 4741 369 4753 ”
394 4722 503 4777 Kal
539 4720 717 4774 δώσει
740 4717 899 4784 αὐτῷ
926 4721 956 4771 ὁ
993 4717 1138 4783 Θεὸς
1171 4715 1281 4769 τὸν
1311 4716 1527 4783 θρόνον
1544 4713 1725 4768 Δαυῒδ
1756 4714 1861 4768 τοῦ

267 4817 501 4885 πατρὸς
517 4814 726 4876 αὑτοῦ,
758 4811 854 4865 καὶ
900 4810 1264 4876 βασιλεύσει
1299 4808 1396 4862 ἐπὶ
1421 4807 1527 4861 τὸν
1554 4802 1725 4861 οἷκον
1762 4807 1862 4860 Ἰα-

268 4906 399 4961 κὼϐ
423 4909 513 4973 εἰς
545 4904 650 4959 τὸν
680 4903 887 4958 αἰῶνα.

282 5000 424 5053 Ἐὰν
450 4997 834 5067 φυλάξωνται
865 4998 920 5049 οἱ
964 4996 1087 5050 υἱοί
1113 5010 1231 5049 σου
1251 4990 1364 5059 τὴν
1393 4988 1686 5057 διαθήκην
1716 5006 1856 5058 μου.

344 5088 792 5160 Καθεσθήσονται
823 5089 911 5140 ἐπ’
943 5087 1105 5141 αὐτὸν
1143 5084 1343 5157 δηλαδὴ
1381 5082 1470 5135 τὸν
1502 5080 1594 5135 τοῦ
1625 5079 1860 5153 Χριστοῦ

268 5185 463 5255 θρόνον
497 5184 550 5237 οἱ
584 5179 751 5236 αὐτοῦ
801 5181 1040 5252 μαθηταὶ
1073 5180 1165 5233 καὶ
1195 5177 1461 5245 διάδοχοι⁸
1510 5173 1651 5244 πλὴν
1689 5173 1863 5237 οὐδεὶς

270 5277 471 5350 φθόνος
499 5277 595 5330 καὶ
626 5276 738 5337 τοῖς
767 5276 878 5336 σοῖς
905 5274 1062 5335 υἱοῖς.
1092 5265 1137 5324 ὧ
1169 5267 1351 5331 Δαυῖδ,
1385 5266 1632 5319 τουτέστι
1659 5267 1769 5327 τοῖς
1798 5264 1862 5317 ὲκ

269 5367 603 5441 περιτομῆς,
633 5366 726 5421 καὶ
764 5368 814 5418 εί
846 5361 1230 5435 παραδέξοιντο
1270 5359 1362 5412 τὸν
1400 5356 1654 5431 Χριστδν,
1690 5357 1784 5410 καὶ
1811 5357 1861 5409 εἰ

269 5462 597 5533 φυλάξοιντο
626 5460 725 5531 τὴν
774 5457 1037 5527 διαθήκην
1072 5472 1170 5525 μου
1200 5452 1293 5506 καί⁸
1328 5450 1396 5504 τὰ
1425 5448 1702 5522 μαρτύριά
1732 5465 1857 5519 μου,

269 5558 332 5610 οὔ
367 5556 440 5608 τὰ
482 5552 574 5607 διὰ
614 5552 718 5622 τῆς
767 5549 990 5622 πρώτης
1030 5545 1349 5618 νομοθεσίας
1393 5542 1673 5614 δεδομένα,
1720 5540 1857 5596 ἀλλὰ

268 5647 444 5703 ταῦτα
474 5646 512 5699 ἃ
539 5644 734 5711 διδάξω
752 5642 970 5706 αὐτοὺς,
1003 5638 1261 5712 μέλλοντα
1288 5637 1471 5699 αὐτοῖς
1500 5633 1724 5706 ὕστερόν
1754 5650 1855 5688 πο-

270 5754 333 5792 τε
358 5735 843 5809 παραδοθήσεσθαι
888 5732 977 5787 διὰ
1013 5730 1112 5801 τῆς
1138 5730 1331 5799 καινῆς
1363 5727 1646 5799 διαθήκης
1678 5726 1727 5778 εἰ
1753 5724 1861 5795 γὰρ

346 5880 392 5911 ⁸³
418 5876 565 5931 Psal.
602 5893 788 5945 csxtx,
816 5877 868 5932 4.
948 5875 1173 5930 “Hebr.
1204 5889 1276 5938 vl,
1306 5870 1392 5927 l8.
1472 5872 1515 5904 ³⁸
1542 5871 1677 5927 Luc.
1720 5887 1756 5936 r,
1788 5870 1875 5925 3'2.

1968 4635 2213 4687 thronum
2251 4632 2470 4687 Davidis
2508 4632 2674 4701 patris
2706 4632 2844 4700 ejus,
2872 4627 3207 4699 regnabitque
3256 4639 3413 4693 super
3453 4622 3541 4675 doc

1967 4742 2112 4780 mum
2155 4724 2324 4780 Jacob
2362 4728 2416 4779 in
2445 4724 2785 4781 a’ternum”.

1971 4985 2139 5041 Vsus.
2167 4985 2253 5041 12.
2277 4985 2333 5043 Si
2359 4987 2696 5042 custodierint
2712 4986 2813 5057 ﬁlii
2841 4985 2918 5038 tui
2942 4989 3306 5037 testamentum
3345 4996 3539 5038 meum.

2042 5076 2320 5133 Scdebunt
2375 5093 2540 5149 super
2600 5078 2717 5146 ipso
2780 5076 3033 5132 videlicet
3084 5071 3285 5129 Christi
3344 5075 3540 5126 throno

1971 5166 2221 5237 discipuli
2270 5168 2389 5238 ejus
2414 5184 2480 5223 ac
2511 5182 2877 5223 successores.
2917 5163 3306 5220 Verumtamen
3356 5176 3423 5215 ne
3463 5160 3539 5214 tui

1970 5258 2190 5327 quidem
2227 5259 2346 5327 lilii,
2372 5276 2404 5316 ο
2444 5260 2635 5325 David,
2667 5258 2774 5313 ulla
2826 5273 2884 5313 re
2927 5256 3344 5317 fraudabuntur,
3377 5252 3429 5306 id
3456 5261 3541 5307 est

1969 5351 2413 5407 circumeisionis
2445 5350 2686 5417 asseclze,
2724 5351 2767 5406 si
2798 5351 2954 5405 modo
2993 5348 3272 5403 Christum
3321 5359 3541 5414 recepe-

1969 5443 2104 5511 rint,
2146 5454 2202 5499 et
2227 5454 2443 5514 pactum
2493 5458 2672 5497 meum
2717 5459 2784 5498 ac
2832 5440 3136 5497 testimonia
3178 5437 3536 5500 servaverint,

1966 5552 2075 5592 non
2105 5537 2196 5592 illa
2221 5537 2287 5592 ad
2312 5537 2556 5607 priorem
2609 5536 3002 5606 legislationem
3044 5528 3400 5603 pertinentia,
3440 5529 3535 5583 sed

1966 5645 2029 5685 ea
2066 5646 2187 5701 qua:
2219 5631 2416 5686 deinde
2446 5631 2592 5700 ipsos
2621 5629 2848 5692 docebo,
2889 5640 3112 5697 quaeque
3147 5622 3272 5681 novi
3315 5619 3535 5676 lmderis

1971 5732 2215 5792 tempore
2269 5724 2528 5780 tradenda
2570 5730 2717 5782 sunt.
2753 5719 2989 5778 Omnino
3026 5718 3073 5776 si
3121 5718 3239 5774 haec
3281 5722 3537 5773 servave-
