  <div class='ocr_page' id='page_1' title='image "/cluster/home/n/w/nwhite01/storage/ocr_20150623/24/hvd.32044073501108/021.png"; bbox 0 0 4062 6400; ppageno 0'>
   <div class='ocr_carea' id='block_1_1' title="bbox 567 363 3843 430">
    <p class='ocr_par' dir='ltr' id='par_1_1' title="bbox 567 363 3843 430">
     <span class='ocr_line' id='line_1_1' title="bbox 567 363 3843 430; baseline -0.003 -1"><span class='ocrx_word' id='word_1_1' title='bbox 567 375 639 430; x_wconf 73' lang='grc'><strong>27</strong></span> <span class='ocrx_word' id='word_1_2' title='bbox 1258 369 1529 427; x_wconf 84' lang='lat' dir='ltr'><strong>EUSEBll</strong></span> <span class='ocrx_word' id='word_1_3' title='bbox 1567 367 2052 427; x_wconf 64' lang='lat' dir='ltr'><strong>CIESARIENSIS</strong></span> <span class='ocrx_word' id='word_1_4' title='bbox 2089 364 2241 422; x_wconf 80' lang='lat' dir='ltr'><strong>OPP.</strong></span> <span class='ocrx_word' id='word_1_5' title='bbox 2281 364 2462 420; x_wconf 76' lang='lat' dir='ltr'><strong>PARS</strong></span> <span class='ocrx_word' id='word_1_6' title='bbox 2498 363 2585 421; x_wconf 86' lang='lat' dir='ltr'><strong>lll.</strong></span> <span class='ocrx_word' id='word_1_7' title='bbox 2624 395 2679 407; x_wconf 89' lang='lat'><strong>—-</strong></span> <span class='ocrx_word' id='word_1_8' title='bbox 2730 363 3140 420; x_wconf 76' lang='lat' dir='ltr'><strong>EXEGETICA.</strong></span> <span class='ocrx_word' id='word_1_9' title='bbox 3772 365 3843 419; x_wconf 74' lang='lat'><strong>28</strong></span> 
     </span>
    </p>
   </div>
   <div class='ocr_carea' id='block_1_2' title="bbox 586 478 2161 560">
    <p class='ocr_par' dir='ltr' id='par_1_2' title="bbox 586 485 2154 560">
     <span class='ocr_line' id='line_1_2' title="bbox 586 485 2154 560; baseline -0.004 -14"><span class='ocrx_word' id='word_1_10' title='bbox 586 493 720 554; x_wconf 88' lang='lat' dir='ltr'><strong>rint,</strong></span> <span class='ocrx_word' id='word_1_11' title='bbox 759 491 860 560; x_wconf 80' lang='lat' dir='ltr'><strong>ipsi</strong></span> <span class='ocrx_word' id='word_1_12' title='bbox 891 502 1107 559; x_wconf 85' lang='lat' dir='ltr'><strong>quoque</strong></span> <span class='ocrx_word' id='word_1_13' title='bbox 1137 488 1189 542; x_wconf 91' lang='lat' dir='ltr'><strong>in</strong></span> <span class='ocrx_word' id='word_1_14' title='bbox 1236 487 1432 542; x_wconf 89' lang='lat' dir='ltr'><strong>throno</strong></span> <span class='ocrx_word' id='word_1_15' title='bbox 1461 497 1574 551; x_wconf 90' lang='lat' dir='ltr'><strong>tuo,</strong></span> <span class='ocrx_word' id='word_1_16' title='bbox 1603 489 1694 556; x_wconf 87' lang='lat' dir='ltr'><strong>qui</strong></span> <span class='ocrx_word' id='word_1_17' title='bbox 1739 485 1957 542; x_wconf 68' lang='lat' dir='ltr'><strong>Christo</strong></span> <span class='ocrx_word' id='word_1_18' title='bbox 2000 501 2154 556; x_wconf 85' lang='lat' dir='ltr'><strong>para-</strong></span> 
     </span>
    </p>
   </div>
   <div class='ocr_carea' id='block_1_3' title="bbox 2266 478 3842 560">
    <p class='ocr_par' dir='ltr' id='par_1_3' title="bbox 2266 478 3842 552">
     <span class='ocr_line' id='line_1_3' title="bbox 2266 478 3842 552; baseline -0.001 -17"><span class='ocrx_word' id='word_1_19' title='bbox 2266 482 2578 552; x_wconf 69' lang='grc' dir='ltr'>φυλάξοιντο</span> <span class='ocrx_word' id='word_1_20' title='bbox 2607 481 2801 545; x_wconf 80' lang='grc' dir='ltr'>ταῦτα,</span> <span class='ocrx_word' id='word_1_21' title='bbox 2859 483 2954 535; x_wconf 75' lang='grc' dir='ltr'><strong>καὶ</strong></span> <span class='ocrx_word' id='word_1_22' title='bbox 2997 481 3150 536; x_wconf 70' lang='grc' dir='ltr'>αὐτοὶ</span> <span class='ocrx_word' id='word_1_23' title='bbox 3207 478 3709 535; x_wconf 73' lang='grc' dir='ltr'>καθευδοῦνταιὲπὶ</span> <span class='ocrx_word' id='word_1_24' title='bbox 3748 482 3842 535; x_wconf 82' lang='grc' dir='ltr'>τὸν</span> 
     </span>
    </p>
   </div>
   <div class='ocr_carea' id='block_1_4' title="bbox 573 579 1111 646">
    <p class='ocr_par' dir='ltr' id='par_1_4' title="bbox 573 579 1111 646">
     <span class='ocr_line' id='line_1_4' title="bbox 573 579 1111 646; baseline -0.007 -8"><span class='ocrx_word' id='word_1_25' title='bbox 573 593 662 638; x_wconf 90' lang='lat' dir='ltr'><strong>tus</strong></span> <span class='ocrx_word' id='word_1_26' title='bbox 694 591 802 646; x_wconf 89' lang='lat' dir='ltr'><strong>est,</strong></span> <span class='ocrx_word' id='word_1_27' title='bbox 826 579 1111 636; x_wconf 73' lang='lat' dir='ltr'><strong>sedebant.</strong></span> 
     </span>
    </p>
   </div>
   <div class='ocr_carea' id='block_1_5' title="bbox 647 669 2080 734">
    <p class='ocr_par' dir='ltr' id='par_1_5' title="bbox 647 669 2080 734">
     <span class='ocr_line' id='line_1_5' title="bbox 647 669 2080 734; baseline -0.005 -4"><span class='ocrx_word' id='word_1_28' title='bbox 647 674 812 730; x_wconf 68' lang='lat' dir='ltr'><strong>Vsus.</strong></span> <span class='ocrx_word' id='word_1_29' title='bbox 855 672 942 726; x_wconf 74' lang='lat' dir='ltr'><strong>i5.</strong></span> <span class='ocrx_word' id='word_1_30' title='bbox 986 669 1229 723; x_wconf 63' lang='lat' dir='ltr'><strong>Praedam</strong></span> <span class='ocrx_word' id='word_1_31' title='bbox 1262 669 1376 734; x_wconf 83' lang='lat' dir='ltr'><strong>eius</strong></span> <span class='ocrx_word' id='word_1_32' title='bbox 1413 669 1715 722; x_wconf 73' lang='lat' dir='ltr'><strong>benedicens</strong></span> <span class='ocrx_word' id='word_1_33' title='bbox 1757 671 2080 734; x_wconf 82' lang='lat' dir='ltr'><strong>benedicam,</strong></span> 
     </span>
    </p>
   </div>
   <div class='ocr_carea' id='block_1_6' title="bbox 881 738 1844 810">
    <p class='ocr_par' dir='ltr' id='par_1_6' title="bbox 881 738 1844 810">
     <span class='ocr_line' id='line_1_6' title="bbox 881 738 1844 810; baseline 0 -17"><span class='ocrx_word' id='word_1_34' title='bbox 881 755 1131 810; x_wconf 79' lang='lat' dir='ltr'><strong>pauperes</strong></span> <span class='ocrx_word' id='word_1_35' title='bbox 1165 738 1279 808; x_wconf 85' lang='lat' dir='ltr'><strong>ejus</strong></span> <span class='ocrx_word' id='word_1_36' title='bbox 1320 743 1571 793; x_wconf 84' lang='lat' dir='ltr'><strong>saturabo</strong></span> <span class='ocrx_word' id='word_1_37' title='bbox 1601 741 1844 805; x_wconf 81' lang='lat' dir='ltr'><strong>panibus.</strong></span> 
     </span>
    </p>
   </div>
   <div class='ocr_carea' id='block_1_7' title="bbox 647 829 2149 900">
    <p class='ocr_par' dir='ltr' id='par_1_7' title="bbox 647 829 2149 900">
     <span class='ocr_line' id='line_1_7' title="bbox 647 829 2149 900; baseline -0.004 -12"><span class='ocrx_word' id='word_1_38' title='bbox 647 831 956 888; x_wconf 89' lang='lat' dir='ltr'><strong>Secundum</strong></span> <span class='ocrx_word' id='word_1_39' title='bbox 1012 844 1318 900; x_wconf 80' lang='lat' dir='ltr'><strong>anagogen,</strong></span> <span class='ocrx_word' id='word_1_40' title='bbox 1370 830 1549 898; x_wconf 65' lang='lat' dir='ltr'><strong>prmda</strong></span> <span class='ocrx_word' id='word_1_41' title='bbox 1602 829 1783 884; x_wconf 87' lang='lat' dir='ltr'><strong>Sionis</strong></span> <span class='ocrx_word' id='word_1_42' title='bbox 1817 831 1850 884; x_wconf 88' lang='lat' dir='ltr'><strong>ii</strong></span> <span class='ocrx_word' id='word_1_43' title='bbox 1894 841 2022 884; x_wconf 88' lang='lat' dir='ltr'><strong>sunt</strong></span> <span class='ocrx_word' id='word_1_44' title='bbox 2061 832 2149 900; x_wconf 88' lang='lat' dir='ltr'><strong>qui</strong></span> 
     </span>
    </p>
   </div>
   <div class='ocr_carea' id='block_1_8' title="bbox 583 921 2154 995">
    <p class='ocr_par' dir='ltr' id='par_1_8' title="bbox 583 921 2154 995">
     <span class='ocr_line' id='line_1_8' title="bbox 583 921 2154 995; baseline -0.002 -16"><span class='ocrx_word' id='word_1_45' title='bbox 583 926 812 995; x_wconf 84' lang='lat' dir='ltr'><strong>piscium</strong></span> <span class='ocrx_word' id='word_1_46' title='bbox 846 925 1018 978; x_wconf 67' lang='lat' dir='ltr'><strong>instar</strong></span> <span class='ocrx_word' id='word_1_47' title='bbox 1072 923 1141 977; x_wconf 88' lang='lat' dir='ltr'><strong>ab</strong></span> <span class='ocrx_word' id='word_1_48' title='bbox 1169 921 1498 992; x_wconf 85' lang='lat' dir='ltr'><strong>evangelicis</strong></span> <span class='ocrx_word' id='word_1_49' title='bbox 1547 924 1967 993; x_wconf 87' lang='lat' dir='ltr'><strong>apostolicisqne</strong></span> <span class='ocrx_word' id='word_1_50' title='bbox 2019 923 2154 979; x_wconf 83' lang='lat' dir='ltr'><strong>reti-</strong></span> 
     </span>
    </p>
   </div>
   <div class='ocr_carea' id='block_1_9' title="bbox 577 1013 2152 1086">
    <p class='ocr_par' dir='ltr' id='par_1_9' title="bbox 577 1013 2152 1086">
     <span class='ocr_line' id='line_1_9' title="bbox 577 1013 2152 1086; baseline -0.003 -13"><span class='ocrx_word' id='word_1_51' title='bbox 577 1019 676 1073; x_wconf 87' lang='lat' dir='ltr'><strong>bus</strong></span> <span class='ocrx_word' id='word_1_52' title='bbox 711 1015 954 1086; x_wconf 77' lang='lat' dir='ltr'><strong>quotidie</strong></span> <span class='ocrx_word' id='word_1_53' title='bbox 981 1015 1296 1084; x_wconf 89' lang='lat' dir='ltr'><strong>capiuntur.</strong></span> <span class='ocrx_word' id='word_1_54' title='bbox 1331 1013 1604 1081; x_wconf 86' lang='lat' dir='ltr'><strong>Pauperes</strong></span> <span class='ocrx_word' id='word_1_55' title='bbox 1627 1025 1808 1070; x_wconf 86' lang='lat' dir='ltr'><strong>autem</strong></span> <span class='ocrx_word' id='word_1_56' title='bbox 1841 1015 1960 1084; x_wconf 85' lang='lat' dir='ltr'><strong>ejus</strong></span> <span class='ocrx_word' id='word_1_57' title='bbox 1983 1014 2152 1081; x_wconf 86' lang='lat' dir='ltr'><strong>beati,</strong></span> 
     </span>
    </p>
   </div>
   <div class='ocr_carea' id='block_1_10' title="bbox 580 1103 2156 1177">
    <p class='ocr_par' dir='ltr' id='par_1_10' title="bbox 580 1103 2156 1177">
     <span class='ocr_line' id='line_1_10' title="bbox 580 1103 2156 1177; baseline -0.001 -17"><span class='ocrx_word' id='word_1_58' title='bbox 580 1123 810 1177; x_wconf 88' lang='lat' dir='ltr'><strong>quorum</strong></span> <span class='ocrx_word' id='word_1_59' title='bbox 848 1116 934 1161; x_wconf 89' lang='lat' dir='ltr'><strong>est</strong></span> <span class='ocrx_word' id='word_1_60' title='bbox 980 1121 1206 1174; x_wconf 71' lang='lat' dir='ltr'><strong>regnum</strong></span> <span class='ocrx_word' id='word_1_61' title='bbox 1241 1103 1360 1167; x_wconf 89' lang='lat' dir='ltr'><strong>Dei,</strong></span> <span class='ocrx_word' id='word_1_62' title='bbox 1391 1105 1481 1174; x_wconf 89' lang='lat' dir='ltr'><strong>qui</strong></span> <span class='ocrx_word' id='word_1_63' title='bbox 1515 1119 1708 1174; x_wconf 88' lang='lat' dir='ltr'><strong>panem</strong></span> <span class='ocrx_word' id='word_1_64' title='bbox 1741 1105 1806 1159; x_wconf 87' lang='lat' dir='ltr'><strong>de</strong></span> <span class='ocrx_word' id='word_1_65' title='bbox 1831 1105 1976 1160; x_wconf 69' lang='lat' dir='ltr'><strong>caelo</strong></span> <span class='ocrx_word' id='word_1_66' title='bbox 2007 1104 2156 1160; x_wconf 88' lang='lat' dir='ltr'><strong>dela-</strong></span> 
     </span>
    </p>
   </div>
   <div class='ocr_carea' id='block_1_11' title="bbox 572 1195 2155 1269">
    <p class='ocr_par' dir='ltr' id='par_1_11' title="bbox 572 1195 2155 1269">
     <span class='ocr_line' id='line_1_11' title="bbox 572 1195 2155 1269; baseline 0 -19"><span class='ocrx_word' id='word_1_67' title='bbox 572 1215 731 1269; x_wconf 71' lang='lat' dir='ltr'><strong>psum</strong></span> <span class='ocrx_word' id='word_1_68' title='bbox 784 1199 972 1254; x_wconf 79' lang='lat' dir='ltr'><strong>edunt.</strong></span> <span class='ocrx_word' id='word_1_69' title='bbox 1026 1196 1134 1250; x_wconf 86' lang='lat' dir='ltr'><strong>Sed</strong></span> <span class='ocrx_word' id='word_1_70' title='bbox 1175 1205 1230 1250; x_wconf 90' lang='lat' dir='ltr'><strong>et</strong></span> <span class='ocrx_word' id='word_1_71' title='bbox 1274 1195 1516 1263; x_wconf 87' lang='lat' dir='ltr'><strong>ejusdem</strong></span> <span class='ocrx_word' id='word_1_72' title='bbox 1570 1195 1754 1250; x_wconf 80' lang='lat' dir='ltr'><strong>Sionis</strong></span> <span class='ocrx_word' id='word_1_73' title='bbox 1815 1197 2155 1260; x_wconf 75' lang='lat' dir='ltr'><strong>sacerdotes,</strong></span> 
     </span>
    </p>
   </div>
   <div class='ocr_carea' id='block_1_12' title="bbox 575 1288 2158 1362">
    <p class='ocr_par' dir='ltr' id='par_1_12' title="bbox 575 1288 2158 1362">
     <span class='ocr_line' id='line_1_12' title="bbox 575 1288 2158 1362; baseline 0.001 -20"><span class='ocrx_word' id='word_1_74' title='bbox 575 1303 862 1362; x_wconf 77' lang='lat' dir='ltr'><strong>postquam</strong></span> <span class='ocrx_word' id='word_1_75' title='bbox 892 1305 952 1346; x_wconf 90' lang='lat' dir='ltr'><strong>se</strong></span> <span class='ocrx_word' id='word_1_76' title='bbox 981 1289 1214 1359; x_wconf 80' lang='lat' dir='ltr'><strong>jnstitia,</strong></span> <span class='ocrx_word' id='word_1_77' title='bbox 1242 1299 1296 1342; x_wconf 87' lang='grc' dir='ltr'><strong>ιιι</strong></span> <span class='ocrx_word' id='word_1_78' title='bbox 1328 1290 1424 1355; x_wconf 84' lang='lat' dir='ltr'><strong>ait,</strong></span> <span class='ocrx_word' id='word_1_79' title='bbox 1458 1289 1749 1352; x_wconf 88' lang='lat' dir='ltr'><strong>induerint,</strong></span> <span class='ocrx_word' id='word_1_80' title='bbox 1780 1304 1809 1342; x_wconf 90' lang='lat' dir='ltr'><strong>a</strong></span> <span class='ocrx_word' id='word_1_81' title='bbox 1849 1289 1958 1344; x_wconf 87' lang='lat' dir='ltr'><strong>Deo</strong></span> <span class='ocrx_word' id='word_1_82' title='bbox 1985 1288 2158 1344; x_wconf 88' lang='lat' dir='ltr'><strong>salute</strong></span> 
     </span>
    </p>
   </div>
   <div class='ocr_carea' id='block_1_13' title="bbox 577 1377 2157 1442">
    <p class='ocr_par' dir='ltr' id='par_1_13' title="bbox 577 1377 2157 1442">
     <span class='ocr_line' id='line_1_13' title="bbox 577 1377 2157 1442; baseline -0.001 -8"><span class='ocrx_word' id='word_1_83' title='bbox 577 1384 898 1437; x_wconf 89' lang='lat' dir='ltr'><strong>induuntur.</strong></span> <span class='ocrx_word' id='word_1_84' title='bbox 968 1379 1170 1435; x_wconf 84' lang='lat' dir='ltr'><strong>Deinde</strong></span> <span class='ocrx_word' id='word_1_85' title='bbox 1213 1380 1279 1435; x_wconf 87' lang='lat' dir='ltr'><strong>de</strong></span> <span class='ocrx_word' id='word_1_86' title='bbox 1330 1380 1462 1434; x_wconf 87' lang='lat' dir='ltr'><strong>viris</strong></span> <span class='ocrx_word' id='word_1_87' title='bbox 1518 1379 1721 1434; x_wconf 76' lang='lat' dir='ltr'><strong>sanctis</strong></span> <span class='ocrx_word' id='word_1_88' title='bbox 1773 1378 1938 1434; x_wconf 85' lang='lat' dir='ltr'><strong>verba</strong></span> <span class='ocrx_word' id='word_1_89' title='bbox 2005 1377 2157 1442; x_wconf 80' lang='lat' dir='ltr'><strong>facit,</strong></span> 
     </span>
    </p>
   </div>
   <div class='ocr_carea' id='block_1_14' title="bbox 579 1469 2155 1540">
    <p class='ocr_par' dir='ltr' id='par_1_14' title="bbox 579 1469 2155 1540">
     <span class='ocr_line' id='line_1_14' title="bbox 579 1469 2155 1540; baseline -0.001 -15"><span class='ocrx_word' id='word_1_90' title='bbox 579 1475 778 1528; x_wconf 82' lang='lat' dir='ltr'><strong>virtute</strong></span> <span class='ocrx_word' id='word_1_91' title='bbox 811 1487 875 1527; x_wconf 86' lang='lat' dir='ltr'><strong>ac</strong></span> <span class='ocrx_word' id='word_1_92' title='bbox 907 1471 1030 1526; x_wconf 79' lang='lat' dir='ltr'><strong>vita:</strong></span> <span class='ocrx_word' id='word_1_93' title='bbox 1059 1486 1262 1540; x_wconf 88' lang='lat' dir='ltr'><strong>genere</strong></span> <span class='ocrx_word' id='word_1_94' title='bbox 1311 1471 1364 1524; x_wconf 93' lang='lat' dir='ltr'><strong>in</strong></span> <span class='ocrx_word' id='word_1_95' title='bbox 1408 1469 1651 1525; x_wconf 81' lang='lat' dir='ltr'><strong>Ecclesia</strong></span> <span class='ocrx_word' id='word_1_96' title='bbox 1694 1469 2155 1538; x_wconf 62' lang='lat' dir='ltr'><strong>prazcellentibus.</strong></span> 
     </span>
    </p>
   </div>
   <div class='ocr_carea' id='block_1_15' title="bbox 580 1558 2158 1634">
    <p class='ocr_par' dir='ltr' id='par_1_15' title="bbox 580 1558 2158 1634">
     <span class='ocr_line' id='line_1_15' title="bbox 580 1558 2158 1634; baseline -0.004 -15"><span class='ocrx_word' id='word_1_97' title='bbox 580 1567 654 1619; x_wconf 74' lang='lat' dir='ltr'><strong>lie</strong></span> <span class='ocrx_word' id='word_1_98' title='bbox 706 1563 903 1634; x_wconf 85' lang='lat' dir='ltr'><strong>quibus</strong></span> <span class='ocrx_word' id='word_1_99' title='bbox 968 1563 1193 1632; x_wconf 83' lang='lat' dir='ltr'><strong>Aquilas</strong></span> <span class='ocrx_word' id='word_1_100' title='bbox 1231 1563 1401 1616; x_wconf 89' lang='lat' dir='ltr'><strong>dicit:</strong></span> <span class='ocrx_word' id='word_1_101' title='bbox 1448 1558 1778 1614; x_wconf 87' lang='lat' dir='ltr'><strong>Laudatione</strong></span> <span class='ocrx_word' id='word_1_102' title='bbox 1831 1560 2158 1626; x_wconf 86' lang='lat' dir='ltr'><strong>laudabunt;</strong></span> 
     </span>
    </p>
   </div>
   <div class='ocr_carea' id='block_1_16' title="bbox 580 1653 1931 1729">
    <p class='ocr_par' dir='ltr' id='par_1_16' title="bbox 580 1653 1931 1729">
     <span class='ocr_line' id='line_1_16' title="bbox 580 1653 1931 1729; baseline 0 -20"><span class='ocrx_word' id='word_1_103' title='bbox 580 1659 941 1729; x_wconf 72' lang='lat' dir='ltr'><strong>Symmachus</strong></span> <span class='ocrx_word' id='word_1_104' title='bbox 973 1664 1177 1722; x_wconf 84' lang='lat' dir='ltr'><strong>autem,</strong></span> <span class='ocrx_word' id='word_1_105' title='bbox 1204 1653 1576 1709; x_wconf 82' lang='lat' dir='ltr'><strong>Benedicentes</strong></span> <span class='ocrx_word' id='word_1_106' title='bbox 1606 1653 1931 1709; x_wconf 82' lang='lat' dir='ltr'><strong>benedicent.</strong></span> 
     </span>
    </p>
   </div>
   <div class='ocr_carea' id='block_1_17' title="bbox 581 1807 2234 1926">
    <p class='ocr_par' dir='ltr' id='par_1_17' title="bbox 581 1807 2234 1926">
     <span class='ocr_line' id='line_1_17' title="bbox 581 1807 2234 1926; baseline -0.005 -18"><span class='ocrx_word' id='word_1_107' title='bbox 581 1854 748 1910; x_wconf 67' lang='lat' dir='ltr'><strong>Vens.</strong></span> <span class='ocrx_word' id='word_1_108' title='bbox 790 1807 875 1910; x_wconf 67' lang='lat'><strong>18.</strong></span> <span class='ocrx_word' id='word_1_109' title='bbox 913 1854 1080 1926; x_wconf 81' lang='lat' dir='ltr'><strong>Super</strong></span> <span class='ocrx_word' id='word_1_110' title='bbox 1105 1855 1275 1923; x_wconf 84' lang='lat' dir='ltr'><strong>ipsum</strong></span> <span class='ocrx_word' id='word_1_111' title='bbox 1299 1862 1476 1907; x_wconf 88' lang='lat' dir='ltr'><strong>autem</strong></span> <span class='ocrx_word' id='word_1_112' title='bbox 1516 1852 1767 1925; x_wconf 67' lang='lat' dir='ltr'><strong>eﬂlorebit</strong></span> <span class='ocrx_word' id='word_1_113' title='bbox 1804 1850 2159 1919; x_wconf 82' lang='lat' dir='ltr'><strong>sanctiﬁcatio</strong></span> <span class='ocrx_word' id='word_1_114' title='bbox 2190 1842 2234 1898; x_wconf 85' lang='grc' dir='ltr'>Β</span> 
     </span>
    </p>
   </div>
   <div class='ocr_carea' id='block_1_18' title="bbox 1305 1941 1441 1979">
    <p class='ocr_par' dir='ltr' id='par_1_18' title="bbox 1305 1941 1441 1979">
     <span class='ocr_line' id='line_1_18' title="bbox 1305 1941 1441 1979; baseline 0.022 -3"><span class='ocrx_word' id='word_1_115' title='bbox 1305 1941 1441 1979; x_wconf 85' lang='lat' dir='ltr'><strong>mea.</strong></span> 
     </span>
    </p>
   </div>
   <div class='ocr_carea' id='block_1_19' title="bbox 662 2011 2164 2081">
    <p class='ocr_par' dir='ltr' id='par_1_19' title="bbox 662 2011 2164 2081">
     <span class='ocr_line' id='line_1_19' title="bbox 662 2011 2164 2081; baseline -0.002 -12"><span class='ocrx_word' id='word_1_116' title='bbox 662 2017 770 2071; x_wconf 89' lang='lat' dir='ltr'><strong>Iloc</strong></span> <span class='ocrx_word' id='word_1_117' title='bbox 808 2018 874 2070; x_wconf 91' lang='lat' dir='ltr'><strong>de</strong></span> <span class='ocrx_word' id='word_1_118' title='bbox 897 2014 1106 2072; x_wconf 85' lang='lat' dir='ltr'><strong>Joanne</strong></span> <span class='ocrx_word' id='word_1_119' title='bbox 1147 2016 1297 2078; x_wconf 88' lang='lat' dir='ltr'><strong>dicit,</strong></span> <span class='ocrx_word' id='word_1_120' title='bbox 1323 2015 1476 2081; x_wconf 75' lang='lat' dir='ltr'><strong>juxta</strong></span> <span class='ocrx_word' id='word_1_121' title='bbox 1509 2015 1722 2069; x_wconf 90' lang='lat' dir='ltr'><strong>Domini</strong></span> <span class='ocrx_word' id='word_1_122' title='bbox 1765 2012 2026 2069; x_wconf 81' lang='lat' dir='ltr'><strong>ell&#39;atum:</strong></span> <span class='ocrx_word' id='word_1_123' title='bbox 2061 2011 2164 2066; x_wconf 83' lang='lat' dir='ltr'><strong>Ille</strong></span> 
     </span>
    </p>
   </div>
   <div class='ocr_carea' id='block_1_20' title="bbox 581 2103 2166 2160">
    <p class='ocr_par' dir='ltr' id='par_1_20' title="bbox 581 2103 2166 2160">
     <span class='ocr_line' id='line_1_20' title="bbox 581 2103 2166 2160; baseline -0.001 0"><span class='ocrx_word' id='word_1_124' title='bbox 581 2117 694 2160; x_wconf 87' lang='lat' dir='ltr'><strong>erat</strong></span> <span class='ocrx_word' id='word_1_125' title='bbox 721 2109 937 2160; x_wconf 86' lang='lat' dir='ltr'><strong>lucerna</strong></span> <span class='ocrx_word' id='word_1_126' title='bbox 970 2109 1162 2160; x_wconf 87' lang='lat' dir='ltr'><strong>ardens</strong></span> <span class='ocrx_word' id='word_1_127' title='bbox 1187 2117 1233 2160; x_wconf 93' lang='lat' dir='ltr'><strong>et</strong></span> <span class='ocrx_word' id='word_1_128' title='bbox 1258 2107 1494 2160; x_wconf 73' lang='lat' dir='ltr'><strong>relucens</strong></span> <span class='ocrx_word' id='word_1_129' title='bbox 1518 2105 1585 2160; x_wconf 79' lang='grc'><strong>³⁸.</strong></span> <span class='ocrx_word' id='word_1_130' title='bbox 1624 2105 1772 2160; x_wconf 87' lang='lat' dir='ltr'><strong>Licet</strong></span> <span class='ocrx_word' id='word_1_131' title='bbox 1793 2107 1896 2160; x_wconf 90' lang='lat' dir='ltr'><strong>hoc</strong></span> <span class='ocrx_word' id='word_1_132' title='bbox 1925 2114 1980 2158; x_wconf 84' lang='lat' dir='ltr'><strong>et</strong></span> <span class='ocrx_word' id='word_1_133' title='bbox 2006 2103 2166 2159; x_wconf 84' lang='lat' dir='ltr'><strong>aliter</strong></span> 
     </span>
    </p>
   </div>
   <div class='ocr_carea' id='block_1_21' title="bbox 585 2191 2165 2264">
    <p class='ocr_par' dir='ltr' id='par_1_21' title="bbox 585 2191 2165 2264">
     <span class='ocr_line' id='line_1_21' title="bbox 585 2191 2165 2264; baseline -0.001 -17"><span class='ocrx_word' id='word_1_134' title='bbox 585 2211 681 2264; x_wconf 88' lang='lat' dir='ltr'><strong>per</strong></span> <span class='ocrx_word' id='word_1_135' title='bbox 728 2203 969 2264; x_wconf 88' lang='lat' dir='ltr'><strong>tempora</strong></span> <span class='ocrx_word' id='word_1_136' title='bbox 1033 2194 1470 2262; x_wconf 84' lang='lat' dir='ltr'><strong>persecutionum</strong></span> <span class='ocrx_word' id='word_1_137' title='bbox 1517 2209 1873 2263; x_wconf 82' lang='lat' dir='ltr'><strong>cognoscere.</strong></span> <span class='ocrx_word' id='word_1_138' title='bbox 1919 2191 2165 2264; x_wconf 71' lang='lat' dir='ltr'><strong>Symma-</strong></span> 
     </span>
    </p>
   </div>
   <div class='ocr_carea' id='block_1_22' title="bbox 583 2284 2164 2356">
    <p class='ocr_par' dir='ltr' id='par_1_22' title="bbox 583 2284 2164 2356">
     <span class='ocr_line' id='line_1_22' title="bbox 583 2284 2164 2356; baseline -0.001 -16"><span class='ocrx_word' id='word_1_139' title='bbox 583 2287 720 2341; x_wconf 89' lang='lat' dir='ltr'><strong>chus</strong></span> <span class='ocrx_word' id='word_1_140' title='bbox 745 2301 874 2341; x_wconf 84' lang='lat' dir='ltr'><strong>vero</strong></span> <span class='ocrx_word' id='word_1_141' title='bbox 903 2287 1232 2340; x_wconf 87' lang='lat' dir='ltr'><strong>consecratio</strong></span> <span class='ocrx_word' id='word_1_142' title='bbox 1260 2285 1500 2355; x_wconf 86' lang='lat' dir='ltr'><strong>scripsit.</strong></span> <span class='ocrx_word' id='word_1_143' title='bbox 1529 2284 1826 2341; x_wconf 80' lang='lat' dir='ltr'><strong>Consecrat</strong></span> <span class='ocrx_word' id='word_1_144' title='bbox 1849 2300 2042 2356; x_wconf 86' lang='lat' dir='ltr'><strong>reapse</strong></span> <span class='ocrx_word' id='word_1_145' title='bbox 2068 2297 2164 2354; x_wconf 88' lang='lat' dir='ltr'><strong>per</strong></span> 
     </span>
    </p>
   </div>
   <div class='ocr_carea' id='block_1_23' title="bbox 585 2376 2161 2436">
    <p class='ocr_par' dir='ltr' id='par_1_23' title="bbox 585 2376 2161 2436">
     <span class='ocr_line' id='line_1_23' title="bbox 585 2376 2161 2436; baseline 0 -4"><span class='ocrx_word' id='word_1_146' title='bbox 585 2382 896 2434; x_wconf 88' lang='lat' dir='ltr'><strong>universum</strong></span> <span class='ocrx_word' id='word_1_147' title='bbox 942 2380 1130 2436; x_wconf 85' lang='lat' dir='ltr'><strong>orbem</strong></span> <span class='ocrx_word' id='word_1_148' title='bbox 1193 2379 1554 2435; x_wconf 77' lang='lat' dir='ltr'><strong>sanctiﬁcatio</strong></span> <span class='ocrx_word' id='word_1_149' title='bbox 1610 2378 1929 2436; x_wconf 82' lang='lat' dir='ltr'><strong>Servatoris</strong></span> <span class='ocrx_word' id='word_1_150' title='bbox 1984 2376 2161 2433; x_wconf 79' lang='lat' dir='ltr'><strong>nostri</strong></span> 
     </span>
    </p>
   </div>
   <div class='ocr_carea' id='block_1_24' title="bbox 581 2470 900 2527">
    <p class='ocr_par' dir='ltr' id='par_1_24' title="bbox 581 2470 900 2527">
     <span class='ocr_line' id='line_1_24' title="bbox 581 2470 900 2527; baseline -0.003 -1"><span class='ocrx_word' id='word_1_151' title='bbox 581 2470 900 2527; x_wconf 75' lang='lat' dir='ltr'><strong>Ecclesium.</strong></span> 
     </span>
    </p>
   </div>
   <div class='ocr_carea' id='block_1_25' title="bbox 1054 2560 1680 2620">
    <p class='ocr_par' dir='ltr' id='par_1_25' title="bbox 1054 2560 1680 2620">
     <span class='ocr_line' id='line_1_25' title="bbox 1054 2560 1680 2620; baseline -0.006 -1"><span class='ocrx_word' id='word_1_152' title='bbox 1054 2561 1377 2620; x_wconf 79' lang='lat' dir='ltr'><strong>PSALMUS</strong></span> <span class='ocrx_word' id='word_1_153' title='bbox 1415 2560 1680 2618; x_wconf 71' lang='lat' dir='ltr'><strong>CXXXII.</strong></span> 
     </span>
    </p>
   </div>
   <div class='ocr_carea' id='block_1_26' title="bbox 651 2653 2090 2733">
    <p class='ocr_par' dir='ltr' id='par_1_26' title="bbox 651 2653 2090 2733">
     <span class='ocr_line' id='line_1_26' title="bbox 651 2653 2090 2733; baseline -0.003 -21"><span class='ocrx_word' id='word_1_154' title='bbox 651 2659 814 2712; x_wconf 74' lang='lat' dir='ltr'><strong>Vens.</strong></span> <span class='ocrx_word' id='word_1_155' title='bbox 849 2657 902 2713; x_wconf 74' lang='lat' dir='ltr'><strong>l.</strong></span> <span class='ocrx_word' id='word_1_156' title='bbox 945 2655 1081 2710; x_wconf 82' lang='lat' dir='ltr'><strong>Ecce</strong></span> <span class='ocrx_word' id='word_1_157' title='bbox 1119 2657 1245 2726; x_wconf 88' lang='lat' dir='ltr'><strong>quid</strong></span> <span class='ocrx_word' id='word_1_158' title='bbox 1293 2657 1497 2733; x_wconf 37' lang='lat' dir='ltr'><strong>bonum.</strong></span> <span class='ocrx_word' id='word_1_159' title='bbox 1527 2665 1574 2709; x_wconf 89' lang='lat' dir='ltr'><strong>et</strong></span> <span class='ocrx_word' id='word_1_160' title='bbox 1609 2654 1738 2725; x_wconf 87' lang='lat' dir='ltr'><strong>quid</strong></span> <span class='ocrx_word' id='word_1_161' title='bbox 1766 2653 2090 2721; x_wconf 67' lang='lat' dir='ltr'><strong>jucundum,</strong></span> 
     </span>
    </p>
   </div>
   <div class='ocr_carea' id='block_1_27' title="bbox 969 2725 1778 2796">
    <p class='ocr_par' dir='ltr' id='par_1_27' title="bbox 969 2725 1778 2796">
     <span class='ocr_line' id='line_1_27' title="bbox 969 2725 1778 2796; baseline 0.004 -18"><span class='ocrx_word' id='word_1_162' title='bbox 969 2725 1161 2796; x_wconf 77' lang='lat' dir='ltr'><strong>prwter</strong></span> <span class='ocrx_word' id='word_1_163' title='bbox 1186 2743 1344 2792; x_wconf 81' lang='lat' dir='ltr'><strong>quam</strong></span> <span class='ocrx_word' id='word_1_164' title='bbox 1374 2725 1638 2788; x_wconf 78' lang='lat' dir='ltr'><strong>habitare,</strong></span> <span class='ocrx_word' id='word_1_165' title='bbox 1671 2734 1778 2781; x_wconf 90' lang='lat' dir='ltr'><strong>etc.</strong></span> 
     </span>
    </p>
   </div>
   <div class='ocr_carea' id='block_1_28' title="bbox 655 2813 2162 2884">
    <p class='ocr_par' dir='ltr' id='par_1_28' title="bbox 655 2813 2162 2884">
     <span class='ocr_line' id='line_1_28' title="bbox 655 2813 2162 2884; baseline -0.001 -16"><span class='ocrx_word' id='word_1_166' title='bbox 655 2813 769 2869; x_wconf 79' lang='lat' dir='ltr'><strong>Non</strong></span> <span class='ocrx_word' id='word_1_167' title='bbox 798 2831 961 2869; x_wconf 91' lang='lat' dir='ltr'><strong>omne</strong></span> <span class='ocrx_word' id='word_1_168' title='bbox 991 2815 1216 2876; x_wconf 90' lang='lat' dir='ltr'><strong>bonum,</strong></span> <span class='ocrx_word' id='word_1_169' title='bbox 1246 2816 1449 2883; x_wconf 89' lang='lat' dir='ltr'><strong>pariter</strong></span> <span class='ocrx_word' id='word_1_170' title='bbox 1477 2824 1533 2869; x_wconf 92' lang='lat' dir='ltr'><strong>et</strong></span> <span class='ocrx_word' id='word_1_171' title='bbox 1561 2815 1862 2884; x_wconf 86' lang='lat' dir='ltr'><strong>jucundum</strong></span> <span class='ocrx_word' id='word_1_172' title='bbox 1892 2823 1974 2868; x_wconf 78' lang='lat' dir='ltr'><strong>est</strong></span> <span class='ocrx_word' id='word_1_173' title='bbox 2005 2831 2019 2879; x_wconf 90' lang='lat'><strong>;</strong></span> <span class='ocrx_word' id='word_1_174' title='bbox 2066 2829 2162 2867; x_wconf 87' lang='lat' dir='ltr'><strong>ne-</strong></span> 
     </span>
    </p>
   </div>
   <div class='ocr_carea' id='block_1_29' title="bbox 580 2906 2162 2975">
    <p class='ocr_par' dir='ltr' id='par_1_29' title="bbox 580 2906 2162 2975">
     <span class='ocr_line' id='line_1_29' title="bbox 580 2906 2162 2975; baseline 0.003 -18"><span class='ocrx_word' id='word_1_175' title='bbox 580 2923 687 2975; x_wconf 87' lang='lat' dir='ltr'><strong>que</strong></span> <span class='ocrx_word' id='word_1_176' title='bbox 716 2923 880 2962; x_wconf 91' lang='lat' dir='ltr'><strong>omne</strong></span> <span class='ocrx_word' id='word_1_177' title='bbox 917 2906 1242 2974; x_wconf 89' lang='lat' dir='ltr'><strong>jucundum,</strong></span> <span class='ocrx_word' id='word_1_178' title='bbox 1286 2906 1444 2962; x_wconf 85' lang='lat' dir='ltr'><strong>simul</strong></span> <span class='ocrx_word' id='word_1_179' title='bbox 1497 2917 1551 2961; x_wconf 91' lang='lat' dir='ltr'><strong>et</strong></span> <span class='ocrx_word' id='word_1_180' title='bbox 1595 2909 1794 2962; x_wconf 87' lang='lat' dir='ltr'><strong>bonum</strong></span> <span class='ocrx_word' id='word_1_181' title='bbox 1845 2917 1952 2962; x_wconf 85' lang='lat' dir='ltr'><strong>est.</strong></span> <span class='ocrx_word' id='word_1_182' title='bbox 1997 2906 2162 2962; x_wconf 69' lang='lat' dir='ltr'><strong>Multa</strong></span> 
     </span>
    </p>
   </div>
   <div class='ocr_carea' id='block_1_30' title="bbox 581 3000 2160 3070">
    <p class='ocr_par' dir='ltr' id='par_1_30' title="bbox 581 3000 2160 3070">
     <span class='ocr_line' id='line_1_30' title="bbox 581 3000 2160 3070; baseline 0.001 -18"><span class='ocrx_word' id='word_1_183' title='bbox 581 3001 728 3054; x_wconf 90' lang='lat' dir='ltr'><strong>enim</strong></span> <span class='ocrx_word' id='word_1_184' title='bbox 753 3011 881 3055; x_wconf 79' lang='lat' dir='ltr'><strong>sunt</strong></span> <span class='ocrx_word' id='word_1_185' title='bbox 913 3000 1111 3067; x_wconf 86' lang='lat' dir='ltr'><strong>dulcia,</strong></span> <span class='ocrx_word' id='word_1_186' title='bbox 1139 3009 1192 3055; x_wconf 89' lang='lat' dir='ltr'><strong>et</strong></span> <span class='ocrx_word' id='word_1_187' title='bbox 1225 3010 1402 3055; x_wconf 89' lang='lat' dir='ltr'><strong>tamen</strong></span> <span class='ocrx_word' id='word_1_188' title='bbox 1435 3015 1600 3070; x_wconf 84' lang='lat' dir='ltr'><strong>prava</strong></span> <span class='ocrx_word' id='word_1_189' title='bbox 1632 3020 1645 3056; x_wconf 90' lang='lat'><strong>:</strong></span> <span class='ocrx_word' id='word_1_190' title='bbox 1685 3010 1739 3056; x_wconf 89' lang='lat' dir='ltr'><strong>et</strong></span> <span class='ocrx_word' id='word_1_191' title='bbox 1767 3001 2012 3056; x_wconf 83' lang='lat' dir='ltr'><strong>vicissim</strong></span> <span class='ocrx_word' id='word_1_192' title='bbox 2055 3001 2160 3056; x_wconf 88' lang='lat' dir='ltr'><strong>alia</strong></span> 
     </span>
    </p>
   </div>
   <div class='ocr_carea' id='block_1_31' title="bbox 584 3090 2164 3159">
    <p class='ocr_par' dir='ltr' id='par_1_31' title="bbox 584 3090 2164 3159">
     <span class='ocr_line' id='line_1_31' title="bbox 584 3090 2164 3159; baseline 0.002 -14"><span class='ocrx_word' id='word_1_193' title='bbox 584 3090 856 3148; x_wconf 85' lang='lat' dir='ltr'><strong>laboriosa</strong></span> <span class='ocrx_word' id='word_1_194' title='bbox 885 3104 1032 3159; x_wconf 89' lang='lat' dir='ltr'><strong>sunt,</strong></span> <span class='ocrx_word' id='word_1_195' title='bbox 1064 3093 1159 3149; x_wconf 91' lang='lat' dir='ltr'><strong>sed</strong></span> <span class='ocrx_word' id='word_1_196' title='bbox 1200 3103 1379 3149; x_wconf 90' lang='lat' dir='ltr'><strong>tamen</strong></span> <span class='ocrx_word' id='word_1_197' title='bbox 1407 3097 1566 3148; x_wconf 90' lang='lat' dir='ltr'><strong>bona.</strong></span> <span class='ocrx_word' id='word_1_198' title='bbox 1613 3094 2003 3150; x_wconf 85' lang='lat' dir='ltr'><strong>Verumtamen</strong></span> <span class='ocrx_word' id='word_1_199' title='bbox 2033 3109 2164 3149; x_wconf 64' lang='lat' dir='ltr'><strong>cono</strong></span> 
     </span>
    </p>
   </div>
   <div class='ocr_carea' id='block_1_32' title="bbox 2254 572 3483 646">
    <p class='ocr_par' dir='ltr' id='par_1_32' title="bbox 2254 572 3483 646">
     <span class='ocr_line' id='line_1_32' title="bbox 2254 572 3483 646; baseline -0.002 -20"><span class='ocrx_word' id='word_1_200' title='bbox 2254 573 2441 646; x_wconf 75' lang='grc' dir='ltr'>Θρόνον</span> <span class='ocrx_word' id='word_1_201' title='bbox 2477 593 2571 628; x_wconf 86' lang='grc' dir='ltr'><strong>σου</strong></span> <span class='ocrx_word' id='word_1_202' title='bbox 2599 576 2692 628; x_wconf 81' lang='grc' dir='ltr'><strong>τὸν</strong></span> <span class='ocrx_word' id='word_1_203' title='bbox 2719 574 2796 644; x_wconf 84' lang='grc' dir='ltr'><strong>τῷ</strong></span> <span class='ocrx_word' id='word_1_204' title='bbox 2821 572 3044 645; x_wconf 83' lang='grc' dir='ltr'><strong>Χριστῷ</strong></span> <span class='ocrx_word' id='word_1_205' title='bbox 3064 572 3483 644; x_wconf 77' lang='grc' dir='ltr'><strong>ἡτοιμασμένον.</strong></span> 
     </span>
    </p>
   </div>
   <div class='ocr_carea' id='block_1_33' title="bbox 2260 661 3843 736">
    <p class='ocr_par' dir='ltr' id='par_1_33' title="bbox 2260 661 3843 736">
     <span class='ocr_line' id='line_1_33' title="bbox 2260 661 3843 736; baseline -0.003 -14"><span class='ocrx_word' id='word_1_206' title='bbox 2260 665 2379 734; x_wconf 75' lang='grc' dir='ltr'><strong>Τὴν</strong></span> <span class='ocrx_word' id='word_1_207' title='bbox 2401 670 2590 736; x_wconf 67' lang='grc' dir='ltr'>θήραν</span> <span class='ocrx_word' id='word_1_208' title='bbox 2618 665 2810 733; x_wconf 77' lang='grc' dir='ltr'>αὐτῆς</span> <span class='ocrx_word' id='word_1_209' title='bbox 2837 662 3098 736; x_wconf 70' lang='grc' dir='ltr'>εὐλογῶν</span> <span class='ocrx_word' id='word_1_210' title='bbox 3136 664 3470 736; x_wconf 71' lang='grc' dir='ltr'>εὐλογήσω,</span> <span class='ocrx_word' id='word_1_211' title='bbox 3511 661 3653 730; x_wconf 81' lang='grc' dir='ltr'>τοὺς</span> <span class='ocrx_word' id='word_1_212' title='bbox 3686 678 3843 717; x_wconf 77' lang='grc' dir='ltr'>πτωο</span> 
     </span>
    </p>
   </div>
   <div class='ocr_carea' id='block_1_34' title="bbox 2589 733 3490 806">
    <p class='ocr_par' dir='ltr' id='par_1_34' title="bbox 2589 733 3490 806">
     <span class='ocr_line' id='line_1_34' title="bbox 2589 733 3490 806; baseline -0.007 -16"><span class='ocrx_word' id='word_1_213' title='bbox 2589 736 2737 806; x_wconf 83' lang='grc' dir='ltr'>χοὺς</span> <span class='ocrx_word' id='word_1_214' title='bbox 2759 735 2950 804; x_wconf 80' lang='grc' dir='ltr'>αὐτῆς</span> <span class='ocrx_word' id='word_1_215' title='bbox 2978 733 3251 804; x_wconf 76' lang='grc' dir='ltr'><strong>χορτάσω</strong></span> <span class='ocrx_word' id='word_1_216' title='bbox 3281 735 3490 802; x_wconf 77' lang='grc' dir='ltr'>ἄρτων.</span> 
     </span>
    </p>
   </div>
   <div class='ocr_carea' id='block_1_35' title="bbox 2327 824 3844 900">
    <p class='ocr_par' dir='ltr' id='par_1_35' title="bbox 2327 824 3844 900">
     <span class='ocr_line' id='line_1_35' title="bbox 2327 824 3844 900; baseline -0.003 -17"><span class='ocrx_word' id='word_1_217' title='bbox 2327 829 2483 883; x_wconf 75' lang='grc' dir='ltr'>Κατὰ</span> <span class='ocrx_word' id='word_1_218' title='bbox 2511 828 2565 882; x_wconf 84' lang='grc' dir='ltr'>δὲ</span> <span class='ocrx_word' id='word_1_219' title='bbox 2593 828 2902 898; x_wconf 82' lang='grc' dir='ltr'>ἀναγωγὴν,</span> <span class='ocrx_word' id='word_1_220' title='bbox 2936 827 3076 900; x_wconf 77' lang='grc' dir='ltr'>θήρα</span> <span class='ocrx_word' id='word_1_221' title='bbox 3104 824 3239 878; x_wconf 87' lang='grc' dir='ltr'>Σιὼν</span> <span class='ocrx_word' id='word_1_222' title='bbox 3271 827 3322 878; x_wconf 81' lang='grc' dir='ltr'><strong>οἱ</strong></span> <span class='ocrx_word' id='word_1_223' title='bbox 3347 825 3504 897; x_wconf 83' lang='grc' dir='ltr'>δίκην</span> <span class='ocrx_word' id='word_1_224' title='bbox 3532 825 3728 896; x_wconf 86' lang='grc' dir='ltr'>ἰχθύων</span> <span class='ocrx_word' id='word_1_225' title='bbox 3756 825 3844 879; x_wconf 80' lang='grc' dir='ltr'>διὰ</span> 
     </span>
    </p>
   </div>
   <div class='ocr_carea' id='block_1_36' title="bbox 2256 917 3843 990">
    <p class='ocr_par' dir='ltr' id='par_1_36' title="bbox 2256 917 3843 990">
     <span class='ocr_line' id='line_1_36' title="bbox 2256 917 3843 990; baseline -0.004 -15"><span class='ocrx_word' id='word_1_226' title='bbox 2256 922 2364 976; x_wconf 89' lang='grc' dir='ltr'><strong>τῶν</strong></span> <span class='ocrx_word' id='word_1_227' title='bbox 2391 920 2761 990; x_wconf 81' lang='grc' dir='ltr'>εὐαγγελικῶν</span> <span class='ocrx_word' id='word_1_228' title='bbox 2787 922 2882 974; x_wconf 75' lang='grc' dir='ltr'>καὶ</span> <span class='ocrx_word' id='word_1_229' title='bbox 2910 918 3282 974; x_wconf 85' lang='grc' dir='ltr'>άποστολικῶν</span> <span class='ocrx_word' id='word_1_230' title='bbox 3308 917 3538 972; x_wconf 82' lang='grc' dir='ltr'><strong>δικτύων</strong></span> <span class='ocrx_word' id='word_1_231' title='bbox 3572 919 3843 989; x_wconf 81' lang='grc' dir='ltr'><strong>ὁσημέραι</strong></span> 
     </span>
    </p>
   </div>
   <div class='ocr_carea' id='block_1_37' title="bbox 2261 1009 3848 1086">
    <p class='ocr_par' dir='ltr' id='par_1_37' title="bbox 2261 1009 3848 1086">
     <span class='ocr_line' id='line_1_37' title="bbox 2261 1009 3848 1086; baseline -0.003 -20"><span class='ocrx_word' id='word_1_232' title='bbox 2261 1013 2632 1086; x_wconf 82' lang='grc' dir='ltr'>ζωγρούμενοι</span> <span class='ocrx_word' id='word_1_233' title='bbox 2656 1029 2669 1042; x_wconf 85' lang='grc'><strong>·</strong></span> <span class='ocrx_word' id='word_1_234' title='bbox 2707 1013 2913 1083; x_wconf 68' lang='grc' dir='ltr'>πτωχοὶ</span> <span class='ocrx_word' id='word_1_235' title='bbox 2956 1009 3012 1064; x_wconf 85' lang='grc' dir='ltr'>δὲ</span> <span class='ocrx_word' id='word_1_236' title='bbox 3043 1011 3213 1083; x_wconf 77' lang='grc' dir='ltr'>αὐτῆς</span> <span class='ocrx_word' id='word_1_237' title='bbox 3241 1012 3289 1064; x_wconf 89' lang='grc' dir='ltr'>οἱ</span> <span class='ocrx_word' id='word_1_238' title='bbox 3317 1010 3599 1082; x_wconf 82' lang='grc' dir='ltr'>μακάριοι,</span> <span class='ocrx_word' id='word_1_239' title='bbox 3641 1011 3724 1063; x_wconf 85' lang='grc' dir='ltr'>ὃτι</span> <span class='ocrx_word' id='word_1_240' title='bbox 3748 1011 3848 1062; x_wconf 77' lang='grc' dir='ltr'>αύ-</span> 
     </span>
    </p>
   </div>
   <div class='ocr_carea' id='block_1_38' title="bbox 2259 1103 3848 1176">
    <p class='ocr_par' dir='ltr' id='par_1_38' title="bbox 2259 1103 3848 1176">
     <span class='ocr_line' id='line_1_38' title="bbox 2259 1103 3848 1176; baseline -0.003 -17"><span class='ocrx_word' id='word_1_241' title='bbox 2259 1106 2366 1160; x_wconf 88' lang='grc' dir='ltr'><strong>τῶν</strong></span> <span class='ocrx_word' id='word_1_242' title='bbox 2394 1108 2543 1159; x_wconf 82' lang='grc' dir='ltr'>ἐστιν</span> <span class='ocrx_word' id='word_1_243' title='bbox 2567 1108 2600 1176; x_wconf 80' lang='grc' dir='ltr'><strong>ἡ</strong></span> <span class='ocrx_word' id='word_1_244' title='bbox 2634 1105 2879 1176; x_wconf 81' lang='grc' dir='ltr'>βασιλεία</span> <span class='ocrx_word' id='word_1_245' title='bbox 2910 1105 3018 1158; x_wconf 90' lang='grc' dir='ltr'><strong>τῶν</strong></span> <span class='ocrx_word' id='word_1_246' title='bbox 3052 1103 3295 1174; x_wconf 81' lang='grc' dir='ltr'>οὐρανῶν</span> <span class='ocrx_word' id='word_1_247' title='bbox 3319 1121 3331 1134; x_wconf 89' lang='grc'><strong>·</strong></span> <span class='ocrx_word' id='word_1_248' title='bbox 3375 1105 3426 1156; x_wconf 82' lang='grc' dir='ltr'>οἳ</span> <span class='ocrx_word' id='word_1_249' title='bbox 3458 1103 3550 1156; x_wconf 83' lang='grc' dir='ltr'><strong>τὸν</strong></span> <span class='ocrx_word' id='word_1_250' title='bbox 3581 1104 3740 1174; x_wconf 83' lang='grc' dir='ltr'>ἄρτον</span> <span class='ocrx_word' id='word_1_251' title='bbox 3772 1120 3848 1155; x_wconf 83' lang='grc' dir='ltr'>σι-</span> 
     </span>
    </p>
   </div>
   <div class='ocr_carea' id='block_1_39' title="bbox 2259 1194 3845 1264">
    <p class='ocr_par' dir='ltr' id='par_1_39' title="bbox 2259 1194 3845 1264">
     <span class='ocr_line' id='line_1_39' title="bbox 2259 1194 3845 1264; baseline -0.002 -13"><span class='ocrx_word' id='word_1_252' title='bbox 2259 1198 2476 1253; x_wconf 79' lang='grc' dir='ltr'>τοῦνται</span> <span class='ocrx_word' id='word_1_253' title='bbox 2507 1196 2599 1251; x_wconf 84' lang='grc' dir='ltr'><strong>τὸν</strong></span> <span class='ocrx_word' id='word_1_254' title='bbox 2621 1197 2681 1262; x_wconf 79' lang='grc' dir='ltr'><strong>ἐξ</strong></span> <span class='ocrx_word' id='word_1_255' title='bbox 2709 1199 2768 1251; x_wconf 81' lang='grc' dir='ltr'><strong>οὺ</strong></span> <span class='ocrx_word' id='word_1_256' title='bbox 2778 1197 2938 1264; x_wconf 85' lang='grc' dir='ltr'>ρανοῦ</span> <span class='ocrx_word' id='word_1_257' title='bbox 2965 1197 3276 1251; x_wconf 79' lang='grc' dir='ltr'>καταϐάντα</span> <span class='ocrx_word' id='word_1_258' title='bbox 3300 1213 3312 1226; x_wconf 89' lang='grc'><strong>·</strong></span> <span class='ocrx_word' id='word_1_259' title='bbox 3345 1195 3481 1249; x_wconf 81' lang='grc' dir='ltr'><strong>ἀλλὰ</strong></span> <span class='ocrx_word' id='word_1_260' title='bbox 3517 1196 3610 1249; x_wconf 74' lang='grc' dir='ltr'><strong>καὶ</strong></span> <span class='ocrx_word' id='word_1_261' title='bbox 3640 1196 3690 1247; x_wconf 83' lang='lat' dir='ltr'><strong>oi</strong></span> <span class='ocrx_word' id='word_1_262' title='bbox 3712 1194 3845 1248; x_wconf 82' lang='grc' dir='ltr'>ταύ-</span> 
     </span>
    </p>
   </div>
   <div class='ocr_carea' id='block_1_40' title="bbox 2260 1283 3842 1364">
    <p class='ocr_par' dir='ltr' id='par_1_40' title="bbox 2260 1283 3842 1364">
     <span class='ocr_line' id='line_1_40' title="bbox 2260 1283 3842 1364; baseline -0.003 -19"><span class='ocrx_word' id='word_1_263' title='bbox 2260 1309 2360 1362; x_wconf 83' lang='grc' dir='ltr'>της</span> <span class='ocrx_word' id='word_1_264' title='bbox 2395 1294 2583 1364; x_wconf 87' lang='grc' dir='ltr'><strong>ἱερεῖς,</strong></span> <span class='ocrx_word' id='word_1_265' title='bbox 2629 1290 2844 1363; x_wconf 85' lang='grc' dir='ltr'>πρῶτον</span> <span class='ocrx_word' id='word_1_266' title='bbox 2885 1291 3108 1353; x_wconf 78' lang='grc' dir='ltr'>ἑαυτοὺς</span> <span class='ocrx_word' id='word_1_267' title='bbox 3145 1289 3512 1360; x_wconf 88' lang='grc' dir='ltr'>δικαιοσύνην,</span> <span class='ocrx_word' id='word_1_268' title='bbox 3552 1289 3630 1352; x_wconf 84' lang='grc' dir='ltr'><strong>ὡς</strong></span> <span class='ocrx_word' id='word_1_269' title='bbox 3668 1283 3842 1349; x_wconf 79' lang='grc' dir='ltr'>εἶπεν,</span> 
     </span>
    </p>
   </div>
   <div class='ocr_carea' id='block_1_41' title="bbox 2263 1376 3845 1453">
    <p class='ocr_par' dir='ltr' id='par_1_41' title="bbox 2263 1376 3845 1453">
     <span class='ocr_line' id='line_1_41' title="bbox 2263 1376 3845 1453; baseline -0.002 -17"><span class='ocrx_word' id='word_1_270' title='bbox 2263 1383 2598 1447; x_wconf 73' lang='grc' dir='ltr'>ἐνδύσαντες,</span> <span class='ocrx_word' id='word_1_271' title='bbox 2632 1382 2736 1435; x_wconf 85' lang='grc' dir='ltr'>ὑπὸ</span> <span class='ocrx_word' id='word_1_272' title='bbox 2767 1380 2902 1436; x_wconf 80' lang='grc' dir='ltr'>Θεοῦ</span> <span class='ocrx_word' id='word_1_273' title='bbox 2939 1379 3350 1452; x_wconf 79' lang='grc' dir='ltr'>περιϐάλλονται</span> <span class='ocrx_word' id='word_1_274' title='bbox 3386 1381 3660 1453; x_wconf 79' lang='grc' dir='ltr'>σωτηρίαν</span> <span class='ocrx_word' id='word_1_275' title='bbox 3680 1398 3694 1410; x_wconf 86' lang='grc'><strong>·</strong></span> <span class='ocrx_word' id='word_1_276' title='bbox 3725 1376 3845 1434; x_wconf 86' lang='grc' dir='ltr'>εἶτα</span> 
     </span>
    </p>
   </div>
   <div class='ocr_carea' id='block_1_42' title="bbox 2262 1472 3848 1546">
    <p class='ocr_par' dir='ltr' id='par_1_42' title="bbox 2262 1472 3848 1546">
     <span class='ocr_line' id='line_1_42' title="bbox 2262 1472 3848 1546; baseline -0.001 -18"><span class='ocrx_word' id='word_1_277' title='bbox 2262 1475 2410 1544; x_wconf 79' lang='grc' dir='ltr'>λέγει</span> <span class='ocrx_word' id='word_1_278' title='bbox 2434 1475 2562 1546; x_wconf 60' lang='grc' dir='ltr'><strong>περὶ¹</strong></span> <span class='ocrx_word' id='word_1_279' title='bbox 2595 1475 2702 1528; x_wconf 87' lang='grc' dir='ltr'><strong>τῶν</strong></span> <span class='ocrx_word' id='word_1_280' title='bbox 2731 1474 2914 1538; x_wconf 83' lang='grc' dir='ltr'>ὁσίων,</span> <span class='ocrx_word' id='word_1_281' title='bbox 2949 1473 3056 1526; x_wconf 86' lang='grc' dir='ltr'><strong>τῶν</strong></span> <span class='ocrx_word' id='word_1_282' title='bbox 3083 1473 3250 1544; x_wconf 78' lang='grc' dir='ltr'>ἀρετῇ</span> <span class='ocrx_word' id='word_1_283' title='bbox 3278 1475 3370 1528; x_wconf 78' lang='grc' dir='ltr'>καὶ</span> <span class='ocrx_word' id='word_1_284' title='bbox 3400 1472 3500 1545; x_wconf 84' lang='grc' dir='ltr'><strong>βίῳ</strong></span> <span class='ocrx_word' id='word_1_285' title='bbox 3520 1473 3848 1545; x_wconf 81' lang='grc' dir='ltr'>διαπρεπὸν-</span> 
     </span>
    </p>
   </div>
   <div class='ocr_carea' id='block_1_43' title="bbox 2264 1558 3846 1640">
    <p class='ocr_par' dir='ltr' id='par_1_43' title="bbox 2264 1558 3846 1640">
     <span class='ocr_line' id='line_1_43' title="bbox 2264 1558 3846 1640; baseline -0.001 -20"><span class='ocrx_word' id='word_1_286' title='bbox 2264 1585 2372 1621; x_wconf 87' lang='grc' dir='ltr'><strong>των</strong></span> <span class='ocrx_word' id='word_1_287' title='bbox 2394 1568 2452 1620; x_wconf 87' lang='grc' dir='ltr'>ὲν</span> <span class='ocrx_word' id='word_1_288' title='bbox 2497 1567 2820 1640; x_wconf 79' lang='grc' dir='ltr'>Ἐκκλησίᾳ’</span> <span class='ocrx_word' id='word_1_289' title='bbox 2865 1566 2996 1638; x_wconf 75' lang='grc' dir='ltr'>περὶ</span> <span class='ocrx_word' id='word_1_290' title='bbox 3024 1558 3099 1619; x_wconf 84' lang='grc' dir='ltr'>ὧν</span> <span class='ocrx_word' id='word_1_291' title='bbox 3137 1565 3368 1630; x_wconf 82' lang='grc' dir='ltr'><strong>Ἀκύλας</strong></span> <span class='ocrx_word' id='word_1_292' title='bbox 3397 1567 3498 1638; x_wconf 83' lang='grc' dir='ltr'>μὲν</span> <span class='ocrx_word' id='word_1_293' title='bbox 3525 1566 3648 1638; x_wconf 74' lang='grc' dir='ltr'><strong>ἔφη·</strong></span> <span class='ocrx_word' id='word_1_294' title='bbox 3675 1565 3846 1620; x_wconf 80' lang='grc' dir='ltr'><strong>Αἰνέ-</strong></span> 
     </span>
    </p>
   </div>
   <div class='ocr_carea' id='block_1_44' title="bbox 2265 1657 3849 1730">
    <p class='ocr_par' dir='ltr' id='par_1_44' title="bbox 2265 1657 3849 1730">
     <span class='ocr_line' id='line_1_44' title="bbox 2265 1657 3849 1730; baseline -0.008 -18"><span class='ocrx_word' id='word_1_295' title='bbox 2265 1675 2361 1712; x_wconf 90' lang='grc' dir='ltr'><strong>σει</strong></span> <span class='ocrx_word' id='word_1_296' title='bbox 2386 1657 2771 1713; x_wconf 76' lang='grc' dir='ltr'>αινέσουσινο</span> <span class='ocrx_word' id='word_1_297' title='bbox 2798 1659 2828 1711; x_wconf 85' lang='grc' dir='ltr'>ὁ</span> <span class='ocrx_word' id='word_1_298' title='bbox 2848 1657 2904 1712; x_wconf 82' lang='grc' dir='ltr'>δὲ</span> <span class='ocrx_word' id='word_1_299' title='bbox 2944 1657 3260 1730; x_wconf 77' lang='grc' dir='ltr'><strong>Σύμμαχος,</strong></span> <span class='ocrx_word' id='word_1_300' title='bbox 3291 1657 3722 1729; x_wconf 73' lang='grc' dir='ltr'><strong>Εὐφημοῦντες</strong></span> <span class='ocrx_word' id='word_1_301' title='bbox 3748 1660 3849 1714; x_wconf 65' lang='grc' dir='ltr'><strong>οὐ-</strong></span> 
     </span>
    </p>
   </div>
   <div class='ocr_carea' id='block_1_45' title="bbox 2266 1749 2680 1822">
    <p class='ocr_par' dir='ltr' id='par_1_45' title="bbox 2266 1749 2680 1822">
     <span class='ocr_line' id='line_1_45' title="bbox 2266 1749 2680 1822; baseline 0.002 -17"><span class='ocrx_word' id='word_1_302' title='bbox 2266 1749 2680 1822; x_wconf 72' lang='grc' dir='ltr'>φημήσουσιν.</span> 
     </span>
    </p>
   </div>
   <div class='ocr_carea' id='block_1_46' title="bbox 2382 1842 3726 1914">
    <p class='ocr_par' dir='ltr' id='par_1_46' title="bbox 2382 1842 3726 1914">
     <span class='ocr_line' id='line_1_46' title="bbox 2382 1842 3726 1914; baseline 0.001 -16"><span class='ocrx_word' id='word_1_303' title='bbox 2382 1842 2514 1898; x_wconf 73' lang='grc' dir='ltr'><strong>Ἐπὶ</strong></span> <span class='ocrx_word' id='word_1_304' title='bbox 2543 1843 2612 1896; x_wconf 78' lang='grc' dir='ltr'>δὲ</span> <span class='ocrx_word' id='word_1_305' title='bbox 2641 1842 2830 1898; x_wconf 79' lang='grc' dir='ltr'>αὐτὸν</span> <span class='ocrx_word' id='word_1_306' title='bbox 2855 1843 3179 1913; x_wconf 79' lang='grc' dir='ltr'>ἐξανθήσει</span> <span class='ocrx_word' id='word_1_307' title='bbox 3204 1843 3268 1898; x_wconf 89' lang='grc' dir='ltr'>τὸ</span> <span class='ocrx_word' id='word_1_308' title='bbox 3296 1842 3563 1914; x_wconf 76' lang='grc' dir='ltr'>ἁγίασμά</span> <span class='ocrx_word' id='word_1_309' title='bbox 3584 1861 3726 1913; x_wconf 82' lang='grc' dir='ltr'>μου.</span> 
     </span>
    </p>
   </div>
   <div class='ocr_carea' id='block_1_47' title="bbox 2335 2023 3854 2098">
    <p class='ocr_par' dir='ltr' id='par_1_47' title="bbox 2335 2023 3854 2098">
     <span class='ocr_line' id='line_1_47' title="bbox 2335 2023 3854 2098; baseline 0.002 -20"><span class='ocrx_word' id='word_1_310' title='bbox 2335 2023 2505 2078; x_wconf 78' lang='grc' dir='ltr'>Τοῦτο</span> <span class='ocrx_word' id='word_1_311' title='bbox 2538 2025 2666 2098; x_wconf 77' lang='grc' dir='ltr'>περὶ</span> <span class='ocrx_word' id='word_1_312' title='bbox 2707 2025 2951 2080; x_wconf 85' lang='grc' dir='ltr'>Ἰωάννου</span> <span class='ocrx_word' id='word_1_313' title='bbox 2987 2027 3140 2096; x_wconf 67' lang='grc' dir='ltr'>φησι,</span> <span class='ocrx_word' id='word_1_314' title='bbox 3171 2025 3314 2080; x_wconf 81' lang='grc' dir='ltr'>κατὰ</span> <span class='ocrx_word' id='word_1_315' title='bbox 3342 2027 3403 2080; x_wconf 80' lang='grc' dir='ltr'>τὸ</span> <span class='ocrx_word' id='word_1_316' title='bbox 3434 2025 3722 2098; x_wconf 77' lang='grc' dir='ltr'>εἰρημένον</span> <span class='ocrx_word' id='word_1_317' title='bbox 3751 2043 3854 2081; x_wconf 78' lang='grc' dir='ltr'><strong>πα-</strong></span> 
     </span>
    </p>
   </div>
   <div class='ocr_carea' id='block_1_48' title="bbox 2269 2113 3849 2189">
    <p class='ocr_par' dir='ltr' id='par_1_48' title="bbox 2269 2113 3849 2189">
     <span class='ocr_line' id='line_1_48' title="bbox 2269 2113 3849 2189; baseline 0.001 -19"><span class='ocrx_word' id='word_1_318' title='bbox 2269 2114 2338 2189; x_wconf 80' lang='grc' dir='ltr'>ρὰ</span> <span class='ocrx_word' id='word_1_319' title='bbox 2362 2116 2566 2189; x_wconf 82' lang='grc' dir='ltr'><strong>Κυρίου</strong></span> <span class='ocrx_word' id='word_1_320' title='bbox 2592 2134 2604 2147; x_wconf 91' lang='grc'><strong>·</strong></span> <span class='ocrx_word' id='word_1_321' title='bbox 2648 2117 2905 2184; x_wconf 81' lang='grc' dir='ltr'>Ἐκεῖνος</span> <span class='ocrx_word' id='word_1_322' title='bbox 2928 2113 3007 2188; x_wconf 79' lang='grc' dir='ltr'><strong>ἦν</strong></span> <span class='ocrx_word' id='word_1_323' title='bbox 3031 2122 3063 2173; x_wconf 88' lang='grc' dir='ltr'><strong><em>ό</em></strong></span> <span class='ocrx_word' id='word_1_324' title='bbox 3082 2120 3310 2189; x_wconf 81' lang='grc' dir='ltr'><strong>λύχνος</strong></span> <span class='ocrx_word' id='word_1_325' title='bbox 3349 2121 3382 2173; x_wconf 85' lang='grc' dir='ltr'><em>ό</em></span> <span class='ocrx_word' id='word_1_326' title='bbox 3407 2121 3723 2188; x_wconf 78' lang='grc' dir='ltr'>καιόμενος</span> <span class='ocrx_word' id='word_1_327' title='bbox 3747 2120 3849 2173; x_wconf 76' lang='grc' dir='ltr'>καὶ</span> 
     </span>
    </p>
   </div>
   <div class='ocr_carea' id='block_1_49' title="bbox 2264 2208 3854 2282">
    <p class='ocr_par' dir='ltr' id='par_1_49' title="bbox 2264 2208 3854 2282">
     <span class='ocr_line' id='line_1_49' title="bbox 2264 2208 3854 2282; baseline 0.001 -18"><span class='ocrx_word' id='word_1_328' title='bbox 2264 2211 2516 2282; x_wconf 73' lang='grc' dir='ltr'>φαίνων.</span> <span class='ocrx_word' id='word_1_329' title='bbox 2541 2208 2698 2265; x_wconf 76' lang='grc' dir='ltr'>Ἐστι</span> <span class='ocrx_word' id='word_1_330' title='bbox 2737 2209 2992 2265; x_wconf 80' lang='grc' dir='ltr'>δὲταῦτα</span> <span class='ocrx_word' id='word_1_331' title='bbox 3024 2211 3120 2266; x_wconf 78' lang='grc' dir='ltr'>καὶ</span> <span class='ocrx_word' id='word_1_332' title='bbox 3151 2211 3326 2276; x_wconf 76' lang='grc' dir='ltr'>ἄλλως</span> <span class='ocrx_word' id='word_1_333' title='bbox 3371 2213 3496 2266; x_wconf 85' lang='grc' dir='ltr'><strong>ίδεῖν</strong></span> <span class='ocrx_word' id='word_1_334' title='bbox 3537 2211 3679 2265; x_wconf 80' lang='grc' dir='ltr'>κατὰ</span> <span class='ocrx_word' id='word_1_335' title='bbox 3723 2213 3854 2274; x_wconf 80' lang='grc' dir='ltr'>τοὺς</span> 
     </span>
    </p>
   </div>
   <div class='ocr_carea' id='block_1_50' title="bbox 2267 2301 3854 2376">
    <p class='ocr_par' dir='ltr' id='par_1_50' title="bbox 2267 2301 3854 2376">
     <span class='ocr_line' id='line_1_50' title="bbox 2267 2301 3854 2376; baseline -0.001 -20"><span class='ocrx_word' id='word_1_336' title='bbox 2267 2302 2376 2356; x_wconf 90' lang='grc' dir='ltr'><strong>τῶν</strong></span> <span class='ocrx_word' id='word_1_337' title='bbox 2421 2301 2677 2373; x_wconf 80' lang='grc' dir='ltr'>διωγμῶν</span> <span class='ocrx_word' id='word_1_338' title='bbox 2715 2301 2941 2376; x_wconf 84' lang='grc' dir='ltr'>καιρούς</span> <span class='ocrx_word' id='word_1_339' title='bbox 2960 2320 2974 2333; x_wconf 74' lang='grc' dir='ltr'><strong>ο</strong></span> <span class='ocrx_word' id='word_1_340' title='bbox 3000 2305 3028 2356; x_wconf 74' lang='grc' dir='ltr'><strong><em>ὁ</em></strong></span> <span class='ocrx_word' id='word_1_341' title='bbox 3055 2303 3111 2357; x_wconf 82' lang='grc' dir='ltr'>δὲ</span> <span class='ocrx_word' id='word_1_342' title='bbox 3130 2303 3448 2375; x_wconf 82' lang='grc' dir='ltr'>Σύμμαχος,</span> <span class='ocrx_word' id='word_1_343' title='bbox 3473 2306 3506 2358; x_wconf 80' lang='grc' dir='ltr'><em>ὁ</em></span> <span class='ocrx_word' id='word_1_344' title='bbox 3531 2302 3854 2373; x_wconf 79' lang='grc' dir='ltr'>ἁγιασμὸς,</span> 
     </span>
    </p>
   </div>
   <div class='ocr_carea' id='block_1_51' title="bbox 2265 2390 3854 2468">
    <p class='ocr_par' dir='ltr' id='par_1_51' title="bbox 2265 2390 3854 2468">
     <span class='ocr_line' id='line_1_51' title="bbox 2265 2390 3854 2468; baseline -0.001 -19"><span class='ocrx_word' id='word_1_345' title='bbox 2265 2390 2442 2459; x_wconf 74' lang='grc' dir='ltr'>εἶπεν,</span> <span class='ocrx_word' id='word_1_346' title='bbox 2486 2395 2673 2448; x_wconf 85' lang='grc' dir='ltr'>αὑτοῦ</span> <span class='ocrx_word' id='word_1_347' title='bbox 2699 2411 2712 2424; x_wconf 81' lang='grc'>⁶</span> <span class='ocrx_word' id='word_1_348' title='bbox 2750 2394 2968 2464; x_wconf 67' lang='grc' dir='ltr'>ἁγιάζει</span> <span class='ocrx_word' id='word_1_349' title='bbox 3009 2393 3118 2468; x_wconf 78' lang='grc' dir='ltr'>γὰρ</span> <span class='ocrx_word' id='word_1_350' title='bbox 3139 2394 3260 2448; x_wconf 84' lang='grc' dir='ltr'>καθ’</span> <span class='ocrx_word' id='word_1_351' title='bbox 3298 2395 3425 2466; x_wconf 83' lang='grc' dir='ltr'><strong>ὅλης</strong></span> <span class='ocrx_word' id='word_1_352' title='bbox 3468 2395 3567 2465; x_wconf 80' lang='grc' dir='ltr'><strong>τῆς</strong></span> <span class='ocrx_word' id='word_1_353' title='bbox 3593 2395 3854 2466; x_wconf 73' lang='grc' dir='ltr'>οἰκουμέ-</span> 
     </span>
    </p>
   </div>
   <div class='ocr_carea' id='block_1_52' title="bbox 2266 2485 3858 2560">
    <p class='ocr_par' dir='ltr' id='par_1_52' title="bbox 2266 2485 3858 2560">
     <span class='ocr_line' id='line_1_52' title="bbox 2266 2485 3858 2560; baseline 0.003 -20"><span class='ocrx_word' id='word_1_354' title='bbox 2266 2504 2364 2559; x_wconf 88' lang='grc' dir='ltr'>νης</span> <span class='ocrx_word' id='word_1_355' title='bbox 2381 2486 2443 2539; x_wconf 81' lang='grc' dir='ltr'>τὸ</span> <span class='ocrx_word' id='word_1_356' title='bbox 2469 2485 2563 2540; x_wconf 77' lang='grc' dir='ltr'>τοῦ</span> <span class='ocrx_word' id='word_1_357' title='bbox 2597 2486 2848 2558; x_wconf 80' lang='grc' dir='ltr'>Σωτῆρος</span> <span class='ocrx_word' id='word_1_358' title='bbox 2877 2489 2909 2558; x_wconf 87' lang='grc' dir='ltr'><strong>ή</strong></span> <span class='ocrx_word' id='word_1_359' title='bbox 2919 2487 3034 2558; x_wconf 86' lang='grc' dir='ltr'><strong>μῶν</strong></span> <span class='ocrx_word' id='word_1_360' title='bbox 3061 2489 3120 2540; x_wconf 82' lang='grc' dir='ltr'>ὲν</span> <span class='ocrx_word' id='word_1_361' title='bbox 3137 2489 3202 2559; x_wconf 82' lang='grc' dir='ltr'>τῇ</span> <span class='ocrx_word' id='word_1_362' title='bbox 3245 2487 3542 2560; x_wconf 77' lang='grc' dir='ltr'>Ἐκκλησία</span> <span class='ocrx_word' id='word_1_363' title='bbox 3578 2488 3858 2559; x_wconf 78' lang='grc' dir='ltr'>ἁγίασμα.</span> 
     </span>
    </p>
   </div>
   <div class='ocr_carea' id='block_1_53' title="bbox 2819 2580 3310 2636">
    <p class='ocr_par' dir='ltr' id='par_1_53' title="bbox 2819 2580 3310 2636">
     <span class='ocr_line' id='line_1_53' title="bbox 2819 2580 3310 2636; baseline 0.008 -4"><span class='ocrx_word' id='word_1_364' title='bbox 2819 2580 3110 2633; x_wconf 81' lang='grc' dir='ltr'><strong>ΨΑΛΜΟΣ</strong></span> <span class='ocrx_word' id='word_1_365' title='bbox 3143 2581 3310 2636; x_wconf 78' lang='grc' dir='ltr'><strong>ΡΛΒ’.</strong></span> 
     </span>
    </p>
   </div>
   <div class='ocr_carea' id='block_1_54' title="bbox 2280 2667 3859 2794">
    <p class='ocr_par' dir='ltr' id='par_1_54' title="bbox 2280 2667 3859 2794">
     <span class='ocr_line' id='line_1_54' title="bbox 2280 2667 3859 2794; baseline 0 -70"><span class='ocrx_word' id='word_1_366' title='bbox 2280 2667 2423 2724; x_wconf 82' lang='grc' dir='ltr'>Ἰδοὺ</span> <span class='ocrx_word' id='word_1_367' title='bbox 2459 2668 2536 2736; x_wconf 73' lang='grc' dir='ltr'>δὴ</span> <span class='ocrx_word' id='word_1_368' title='bbox 2567 2669 2623 2723; x_wconf 84' lang='grc' dir='ltr'><strong>τί</strong></span> <span class='ocrx_word' id='word_1_369' title='bbox 2654 2668 2849 2724; x_wconf 70' lang='grc' dir='ltr'><em>καλὸν</em></span> <span class='ocrx_word' id='word_1_370' title='bbox 2874 2669 2907 2737; x_wconf 78' lang='grc' dir='ltr'><strong>ἣ</strong></span> <span class='ocrx_word' id='word_1_371' title='bbox 2946 2671 3004 2751; x_wconf 63' lang='grc' dir='ltr'><strong>τί</strong></span> <span class='ocrx_word' id='word_1_372' title='bbox 3037 2671 3314 2794; x_wconf 35' lang='lat' dir='ltr'><strong>reparate,</strong></span> <span class='ocrx_word' id='word_1_373' title='bbox 3351 2671 3488 2726; x_wconf 66' lang='grc' dir='ltr'><strong>ἀλλ’</strong></span> <span class='ocrx_word' id='word_1_374' title='bbox 3531 2669 3570 2740; x_wconf 79' lang='grc' dir='ltr'><strong>ἢ</strong></span> <span class='ocrx_word' id='word_1_375' title='bbox 3603 2670 3669 2726; x_wconf 83' lang='grc' dir='ltr'>τὸ</span> <span class='ocrx_word' id='word_1_376' title='bbox 3712 2685 3859 2724; x_wconf 80' lang='grc' dir='ltr'>κατ-</span> 
     </span>
     <span class='ocr_line' id='line_1_55' title="bbox 2851 2758 3286 2794; baseline 0.002 -1"><span class='ocrx_word' id='word_1_377' title='bbox 2851 2758 3058 2794; x_wconf 71' lang='lat' dir='ltr'><strong>aurem</strong></span> <span class='ocrx_word' id='word_1_378' title='bbox 3082 2759 3134 2794; x_wconf 90' lang='grc' dir='ltr'><strong>κ.</strong></span> <span class='ocrx_word' id='word_1_379' title='bbox 3159 2759 3208 2793; x_wconf 87' lang='grc' dir='ltr'><strong>τ.</strong></span> <span class='ocrx_word' id='word_1_380' title='bbox 3271 2779 3286 2794; x_wconf 90' lang='grc'><strong>.</strong></span> 
     </span>
    </p>
   </div>
   <div class='ocr_carea' id='block_1_55' title="bbox 2851 2758 3286 2804">
    <p class='ocr_par' dir='ltr' id='par_1_55' title="bbox 2851 2758 3286 2804">
     <span class='ocr_line' id='line_1_56' title="bbox 2851 2758 3286 2804; baseline 0.005 -11"><span class='ocrx_word' id='word_1_381' title='bbox 2851 2758 3058 2804; x_wconf 67' lang='lat' dir='ltr'><strong>amatr,</strong></span> <span class='ocrx_word' id='word_1_382' title='bbox 3082 2759 3134 2794; x_wconf 90' lang='grc' dir='ltr'><strong>κ.</strong></span> <span class='ocrx_word' id='word_1_383' title='bbox 3159 2759 3208 2793; x_wconf 86' lang='grc' dir='ltr'><strong>τ.</strong></span> <span class='ocrx_word' id='word_1_384' title='bbox 3237 2758 3286 2795; x_wconf 82' lang='grc' dir='ltr'><strong>Λ.</strong></span> 
     </span>
    </p>
   </div>
   <div class='ocr_carea' id='block_1_56' title="bbox 2339 2830 3860 2905">
    <p class='ocr_par' dir='ltr' id='par_1_56' title="bbox 2339 2830 3860 2905">
     <span class='ocr_line' id='line_1_57' title="bbox 2339 2830 3860 2905; baseline 0.003 -25"><span class='ocrx_word' id='word_1_385' title='bbox 2339 2830 2413 2882; x_wconf 81' lang='grc' dir='ltr'><strong>Οὐ</strong></span> <span class='ocrx_word' id='word_1_386' title='bbox 2449 2832 2556 2884; x_wconf 76' lang='grc' dir='ltr'>πᾶν</span> <span class='ocrx_word' id='word_1_387' title='bbox 2597 2831 2660 2884; x_wconf 84' lang='grc' dir='ltr'>τὸ</span> <span class='ocrx_word' id='word_1_388' title='bbox 2705 2831 2890 2889; x_wconf 78' lang='grc' dir='ltr'>καλὸν.</span> <span class='ocrx_word' id='word_1_389' title='bbox 2921 2833 3020 2904; x_wconf 71' lang='grc' dir='ltr'><strong>ἥδη</strong></span> <span class='ocrx_word' id='word_1_390' title='bbox 3066 2833 3160 2885; x_wconf 71' lang='grc' dir='ltr'><strong>καὶ</strong></span> <span class='ocrx_word' id='word_1_391' title='bbox 3189 2832 3420 2905; x_wconf 84' lang='grc' dir='ltr'>τερπνόν</span> <span class='ocrx_word' id='word_1_392' title='bbox 3444 2851 3457 2864; x_wconf 88' lang='grc'><strong>·</strong></span> <span class='ocrx_word' id='word_1_393' title='bbox 3489 2833 3613 2887; x_wconf 74' lang='grc' dir='ltr'>οὐδὲ</span> <span class='ocrx_word' id='word_1_394' title='bbox 3636 2833 3697 2886; x_wconf 81' lang='grc' dir='ltr'><strong>τὸ</strong></span> <span class='ocrx_word' id='word_1_395' title='bbox 3727 2850 3860 2904; x_wconf 78' lang='grc' dir='ltr'>τερ-</span> 
     </span>
    </p>
   </div>
   <div class='ocr_carea' id='block_1_57' title="bbox 2269 2922 3860 2997">
    <p class='ocr_par' dir='ltr' id='par_1_57' title="bbox 2269 2922 3860 2997">
     <span class='ocr_line' id='line_1_58' title="bbox 2269 2922 3860 2997; baseline 0.003 -23"><span class='ocrx_word' id='word_1_396' title='bbox 2269 2922 2422 2986; x_wconf 84' lang='grc' dir='ltr'>πνὸν,</span> <span class='ocrx_word' id='word_1_397' title='bbox 2456 2923 2673 2988; x_wconf 82' lang='grc' dir='ltr'>πάντως</span> <span class='ocrx_word' id='word_1_398' title='bbox 2700 2925 2792 2978; x_wconf 76' lang='grc' dir='ltr'><strong>καὶ</strong></span> <span class='ocrx_word' id='word_1_399' title='bbox 2831 2923 2993 2978; x_wconf 86' lang='grc' dir='ltr'>καλόν</span> <span class='ocrx_word' id='word_1_400' title='bbox 3017 2942 3030 2955; x_wconf 72' lang='grc' dir='ltr'><strong><em>ο</em></strong></span> <span class='ocrx_word' id='word_1_401' title='bbox 3065 2925 3235 2979; x_wconf 79' lang='grc' dir='ltr'>πολλὰ</span> <span class='ocrx_word' id='word_1_402' title='bbox 3266 2926 3374 2997; x_wconf 78' lang='grc' dir='ltr'><strong>γὰρ</strong></span> <span class='ocrx_word' id='word_1_403' title='bbox 3407 2925 3536 2996; x_wconf 80' lang='grc' dir='ltr'>ἡδέα</span> <span class='ocrx_word' id='word_1_404' title='bbox 3569 2926 3686 2996; x_wconf 80' lang='grc' dir='ltr'>μὲν,</span> <span class='ocrx_word' id='word_1_405' title='bbox 3723 2923 3860 2994; x_wconf 77' lang='grc' dir='ltr'><strong>φαῦ-</strong></span> 
     </span>
    </p>
   </div>
   <div class='ocr_carea' id='block_1_58' title="bbox 2265 2999 3856 3088">
    <p class='ocr_par' dir='ltr' id='par_1_58' title="bbox 2265 2999 3856 3088">
     <span class='ocr_line' id='line_1_59' title="bbox 2265 2999 3856 3088; baseline 0.003 -22"><span class='ocrx_word' id='word_1_406' title='bbox 2265 3012 2333 3067; x_wconf 84' lang='grc' dir='ltr'>λα</span> <span class='ocrx_word' id='word_1_407' title='bbox 2354 3014 2445 3068; x_wconf 87' lang='grc' dir='ltr'>δέ·</span> <span class='ocrx_word' id='word_1_408' title='bbox 2481 3015 2556 3078; x_wconf 82' lang='grc' dir='ltr'><strong>ὡς</strong></span> <span class='ocrx_word' id='word_1_409' title='bbox 2584 3016 2678 3069; x_wconf 76' lang='grc' dir='ltr'><strong>καὶ</strong></span> <span class='ocrx_word' id='word_1_410' title='bbox 2704 3015 2869 3088; x_wconf 75' lang='grc' dir='ltr'>ἕτερα</span> <span class='ocrx_word' id='word_1_411' title='bbox 2896 2999 3129 3070; x_wconf 66' lang='grc' dir='ltr'>επίπόνα</span> <span class='ocrx_word' id='word_1_412' title='bbox 3151 3019 3271 3088; x_wconf 82' lang='grc' dir='ltr'>μὲν,</span> <span class='ocrx_word' id='word_1_413' title='bbox 3301 3017 3479 3086; x_wconf 82' lang='grc' dir='ltr'>ἀγαθὰ</span> <span class='ocrx_word' id='word_1_414' title='bbox 3505 3017 3563 3070; x_wconf 85' lang='grc' dir='ltr'><strong>δέ</strong></span> <span class='ocrx_word' id='word_1_415' title='bbox 3585 3034 3600 3049; x_wconf 77' lang='grc' dir='ltr'><strong>ο</strong></span> <span class='ocrx_word' id='word_1_416' title='bbox 3631 3017 3856 3088; x_wconf 86' lang='grc' dir='ltr'>ὁμόνοια</span> 
     </span>
    </p>
   </div>
   <div class='ocr_carea' id='block_1_59' title="bbox 2265 3105 3861 3181">
    <p class='ocr_par' dir='ltr' id='par_1_59' title="bbox 2265 3105 3861 3181">
     <span class='ocr_line' id='line_1_60' title="bbox 2265 3105 3861 3181; baseline 0.002 -22"><span class='ocrx_word' id='word_1_417' title='bbox 2265 3105 2322 3160; x_wconf 80' lang='grc' dir='ltr'><strong>δὲ</strong></span> <span class='ocrx_word' id='word_1_418' title='bbox 2353 3107 2451 3160; x_wconf 71' lang='grc' dir='ltr'>καὶ</span> <span class='ocrx_word' id='word_1_419' title='bbox 2480 3108 2670 3180; x_wconf 78' lang='grc' dir='ltr'>εἰρήνη</span> <span class='ocrx_word' id='word_1_420' title='bbox 2702 3107 2888 3180; x_wconf 71' lang='grc' dir='ltr'>ψυχῶν</span> <span class='ocrx_word' id='word_1_421' title='bbox 2935 3110 3380 3181; x_wconf 76' lang='grc' dir='ltr'>ὁμοφρονούντων</span> <span class='ocrx_word' id='word_1_422' title='bbox 3409 3109 3504 3163; x_wconf 72' lang='grc' dir='ltr'><strong>καὶ</strong></span> <span class='ocrx_word' id='word_1_423' title='bbox 3537 3108 3861 3180; x_wconf 79' lang='grc' dir='ltr'>ὁμοδοξούν-</span> 
     </span>
    </p>
   </div>
   <div class='ocr_carea' id='block_1_60' title="bbox 581 3186 2161 3273">
    <p class='ocr_par' dir='ltr' id='par_1_60' title="bbox 581 3186 2161 3256">
     <span class='ocr_line' id='line_1_61' title="bbox 581 3186 2161 3256; baseline 0.001 -14"><span class='ocrx_word' id='word_1_424' title='bbox 581 3186 766 3242; x_wconf 89' lang='lat' dir='ltr'><strong>cordia</strong></span> <span class='ocrx_word' id='word_1_425' title='bbox 814 3197 868 3241; x_wconf 88' lang='lat' dir='ltr'><strong>et</strong></span> <span class='ocrx_word' id='word_1_426' title='bbox 913 3203 1016 3256; x_wconf 81' lang='lat' dir='ltr'><strong>pax</strong></span> <span class='ocrx_word' id='word_1_427' title='bbox 1073 3188 1378 3241; x_wconf 86' lang='lat' dir='ltr'><strong>animarum</strong></span> <span class='ocrx_word' id='word_1_428' title='bbox 1428 3201 1614 3256; x_wconf 89' lang='lat' dir='ltr'><strong>parem</strong></span> <span class='ocrx_word' id='word_1_429' title='bbox 1670 3197 1905 3242; x_wconf 89' lang='lat' dir='ltr'><strong>mentem</strong></span> <span class='ocrx_word' id='word_1_430' title='bbox 1949 3197 2161 3244; x_wconf 69' lang='lat' dir='ltr'><strong>senten-</strong></span> 
     </span>
    </p>
   </div>
   <div class='ocr_carea' id='block_1_61' title="bbox 2266 3186 3856 3273">
    <p class='ocr_par' dir='ltr' id='par_1_61' title="bbox 2272 3199 3856 3272">
     <span class='ocr_line' id='line_1_62' title="bbox 2272 3199 3856 3272; baseline 0.002 -22"><span class='ocrx_word' id='word_1_431' title='bbox 2272 3215 2397 3264; x_wconf 88' lang='grc' dir='ltr'>των,</span> <span class='ocrx_word' id='word_1_432' title='bbox 2428 3199 2598 3270; x_wconf 76' lang='grc' dir='ltr'>ἄμφω</span> <span class='ocrx_word' id='word_1_433' title='bbox 2618 3200 2760 3254; x_wconf 81' lang='grc' dir='ltr'>κατὰ</span> <span class='ocrx_word' id='word_1_434' title='bbox 2781 3202 2841 3254; x_wconf 87' lang='grc' dir='ltr'><strong>τὸ</strong></span> <span class='ocrx_word' id='word_1_435' title='bbox 2867 3201 2997 3253; x_wconf 78' lang='grc' dir='ltr'>αὐτὸ</span> <span class='ocrx_word' id='word_1_436' title='bbox 3030 3202 3122 3255; x_wconf 71' lang='grc' dir='ltr'>καὶ</span> <span class='ocrx_word' id='word_1_437' title='bbox 3147 3201 3207 3254; x_wconf 86' lang='grc' dir='ltr'><strong>τὸ</strong></span> <span class='ocrx_word' id='word_1_438' title='bbox 3235 3201 3466 3272; x_wconf 74' lang='grc' dir='ltr'>τερπνὸν</span> <span class='ocrx_word' id='word_1_439' title='bbox 3487 3201 3580 3254; x_wconf 79' lang='grc' dir='ltr'><strong>καὶ</strong></span> <span class='ocrx_word' id='word_1_440' title='bbox 3603 3200 3662 3253; x_wconf 77' lang='grc' dir='ltr'>τὸ</span> <span class='ocrx_word' id='word_1_441' title='bbox 3688 3199 3856 3254; x_wconf 78' lang='grc' dir='ltr'>καλὸν</span> 
     </span>
    </p>
   </div>
   <div class='ocr_carea' id='block_1_62' title="bbox 587 3277 2164 3349">
    <p class='ocr_par' dir='ltr' id='par_1_62' title="bbox 587 3277 2164 3349">
     <span class='ocr_line' id='line_1_63' title="bbox 587 3277 2164 3349; baseline 0.001 -17"><span class='ocrx_word' id='word_1_442' title='bbox 587 3277 823 3347; x_wconf 84' lang='lat' dir='ltr'><strong>tiamqne</strong></span> <span class='ocrx_word' id='word_1_443' title='bbox 873 3278 1198 3341; x_wconf 80' lang='lat' dir='ltr'><strong>foventium,</strong></span> <span class='ocrx_word' id='word_1_444' title='bbox 1261 3290 1550 3349; x_wconf 87' lang='lat' dir='ltr'><strong>utramque</strong></span> <span class='ocrx_word' id='word_1_445' title='bbox 1620 3295 1734 3334; x_wconf 90' lang='lat' dir='ltr'><strong>rem</strong></span> <span class='ocrx_word' id='word_1_446' title='bbox 1796 3279 2164 3347; x_wconf 82' lang='lat' dir='ltr'><strong>laudabiliter,</strong></span> 
     </span>
    </p>
   </div>
   <div class='ocr_carea' id='block_1_63' title="bbox 585 3370 2165 3439">
    <p class='ocr_par' dir='ltr' id='par_1_63' title="bbox 585 3370 2165 3439">
     <span class='ocr_line' id='line_1_64' title="bbox 585 3370 2165 3439; baseline 0.003 -16"><span class='ocrx_word' id='word_1_447' title='bbox 585 3385 780 3439; x_wconf 88' lang='lat' dir='ltr'><strong>nempe</strong></span> <span class='ocrx_word' id='word_1_448' title='bbox 809 3379 861 3424; x_wconf 89' lang='lat' dir='ltr'><strong>ct</strong></span> <span class='ocrx_word' id='word_1_449' title='bbox 891 3370 1092 3423; x_wconf 86' lang='lat' dir='ltr'><strong>bonum</strong></span> <span class='ocrx_word' id='word_1_450' title='bbox 1119 3380 1171 3424; x_wconf 87' lang='lat' dir='ltr'><strong>ct</strong></span> <span class='ocrx_word' id='word_1_451' title='bbox 1197 3370 1494 3438; x_wconf 89' lang='lat' dir='ltr'><strong>jucundum</strong></span> <span class='ocrx_word' id='word_1_452' title='bbox 1553 3382 1740 3427; x_wconf 84' lang='lat' dir='ltr'><strong>tenere</strong></span> <span class='ocrx_word' id='word_1_453' title='bbox 1789 3373 2012 3427; x_wconf 90' lang='lat' dir='ltr'><strong>dicitur.</strong></span> <span class='ocrx_word' id='word_1_454' title='bbox 2061 3373 2165 3428; x_wconf 84' lang='lat' dir='ltr'><strong>Ne-</strong></span> 
     </span>
    </p>
   </div>
   <div class='ocr_carea' id='block_1_64' title="bbox 583 3458 2169 3526">
    <p class='ocr_par' dir='ltr' id='par_1_64' title="bbox 583 3458 2169 3526">
     <span class='ocr_line' id='line_1_65' title="bbox 583 3458 2169 3526; baseline 0.004 -17"><span class='ocrx_word' id='word_1_455' title='bbox 583 3475 690 3526; x_wconf 86' lang='lat' dir='ltr'><strong>que</strong></span> <span class='ocrx_word' id='word_1_456' title='bbox 714 3459 766 3513; x_wconf 91' lang='lat' dir='ltr'><strong>id</strong></span> <span class='ocrx_word' id='word_1_457' title='bbox 794 3458 998 3513; x_wconf 91' lang='lat' dir='ltr'><strong>dicitur</strong></span> <span class='ocrx_word' id='word_1_458' title='bbox 1039 3461 1106 3514; x_wconf 91' lang='lat' dir='ltr'><strong>de</strong></span> <span class='ocrx_word' id='word_1_459' title='bbox 1165 3459 1430 3515; x_wconf 82' lang='lat' dir='ltr'><strong>fratribus</strong></span> <span class='ocrx_word' id='word_1_460' title='bbox 1473 3477 1576 3515; x_wconf 90' lang='lat' dir='ltr'><strong>una</strong></span> <span class='ocrx_word' id='word_1_461' title='bbox 1616 3471 1827 3521; x_wconf 86' lang='lat' dir='ltr'><strong>tantum</strong></span> <span class='ocrx_word' id='word_1_462' title='bbox 1869 3463 2169 3518; x_wconf 82' lang='lat' dir='ltr'><strong>habitanti-</strong></span> 
     </span>
    </p>
   </div>
   <div class='ocr_carea' id='block_1_65' title="bbox 585 3549 2167 3625">
    <p class='ocr_par' dir='ltr' id='par_1_65' title="bbox 585 3549 2167 3625">
     <span class='ocr_line' id='line_1_66' title="bbox 585 3549 2167 3625; baseline 0.003 -21"><span class='ocrx_word' id='word_1_463' title='bbox 585 3551 708 3614; x_wconf 88' lang='lat' dir='ltr'><strong>bus,</strong></span> <span class='ocrx_word' id='word_1_464' title='bbox 741 3549 838 3604; x_wconf 83' lang='lat' dir='ltr'><strong>sed</strong></span> <span class='ocrx_word' id='word_1_465' title='bbox 865 3551 931 3604; x_wconf 91' lang='lat' dir='ltr'><strong>de</strong></span> <span class='ocrx_word' id='word_1_466' title='bbox 960 3551 1224 3606; x_wconf 87' lang='lat' dir='ltr'><strong>unitatem</strong></span> <span class='ocrx_word' id='word_1_467' title='bbox 1275 3551 1437 3607; x_wconf 89' lang='lat' dir='ltr'><strong>simul</strong></span> <span class='ocrx_word' id='word_1_468' title='bbox 1482 3553 1855 3622; x_wconf 86' lang='lat' dir='ltr'><strong>servantibus,</strong></span> <span class='ocrx_word' id='word_1_469' title='bbox 1902 3565 2064 3625; x_wconf 90' lang='lat' dir='ltr'><strong>prout</strong></span> <span class='ocrx_word' id='word_1_470' title='bbox 2093 3559 2167 3608; x_wconf 82' lang='lat' dir='ltr'><strong>ait</strong></span> 
     </span>
    </p>
   </div>
   <div class='ocr_carea' id='block_1_66' title="bbox 581 3640 2168 3718">
    <p class='ocr_par' dir='ltr' id='par_1_66' title="bbox 581 3640 2168 3718">
     <span class='ocr_line' id='line_1_67' title="bbox 581 3640 2168 3718; baseline 0.003 -22"><span class='ocrx_word' id='word_1_471' title='bbox 581 3642 913 3710; x_wconf 79' lang='lat' dir='ltr'><strong>Apostolus:</strong></span> <span class='ocrx_word' id='word_1_472' title='bbox 952 3640 1022 3696; x_wconf 90' lang='lat' dir='ltr'><strong>Ut</strong></span> <span class='ocrx_word' id='word_1_473' title='bbox 1071 3643 1125 3696; x_wconf 95' lang='lat' dir='ltr'><strong>id</strong></span> <span class='ocrx_word' id='word_1_474' title='bbox 1159 3643 1330 3714; x_wconf 85' lang='lat' dir='ltr'><strong>ipsum</strong></span> <span class='ocrx_word' id='word_1_475' title='bbox 1369 3645 1547 3698; x_wconf 79' lang='lat' dir='ltr'><strong>omnes</strong></span> <span class='ocrx_word' id='word_1_476' title='bbox 1581 3646 1791 3711; x_wconf 81' lang='lat' dir='ltr'><strong>dicatis,</strong></span> <span class='ocrx_word' id='word_1_477' title='bbox 1833 3662 1996 3718; x_wconf 87' lang='lat' dir='ltr'><strong>neque</strong></span> <span class='ocrx_word' id='word_1_478' title='bbox 2029 3649 2168 3701; x_wconf 80' lang='lat' dir='ltr'><strong>schi-</strong></span> 
     </span>
    </p>
   </div>
   <div class='ocr_carea' id='block_1_67' title="bbox 592 3732 2162 3808">
    <p class='ocr_par' dir='ltr' id='par_1_67' title="bbox 592 3732 2162 3808">
     <span class='ocr_line' id='line_1_68' title="bbox 592 3732 2162 3808; baseline 0.004 -22"><span class='ocrx_word' id='word_1_479' title='bbox 592 3743 766 3786; x_wconf 86' lang='lat' dir='ltr'><strong>smata</strong></span> <span class='ocrx_word' id='word_1_480' title='bbox 805 3732 946 3787; x_wconf 85' lang='lat' dir='ltr'><strong>inter</strong></span> <span class='ocrx_word' id='word_1_481' title='bbox 977 3751 1066 3788; x_wconf 76' lang='lat' dir='ltr'><strong>vos</strong></span> <span class='ocrx_word' id='word_1_482' title='bbox 1106 3736 1258 3802; x_wconf 84' lang='lat' dir='ltr'><strong>sint;</strong></span> <span class='ocrx_word' id='word_1_483' title='bbox 1295 3736 1388 3789; x_wconf 89' lang='lat' dir='ltr'><strong>sed</strong></span> <span class='ocrx_word' id='word_1_484' title='bbox 1433 3752 1540 3790; x_wconf 79' lang='lat' dir='ltr'><strong>una</strong></span> <span class='ocrx_word' id='word_1_485' title='bbox 1569 3736 1852 3808; x_wconf 78' lang='lat' dir='ltr'><strong>eademque</strong></span> <span class='ocrx_word' id='word_1_486' title='bbox 1889 3748 2060 3793; x_wconf 82' lang='lat' dir='ltr'><strong>mente</strong></span> <span class='ocrx_word' id='word_1_487' title='bbox 2099 3756 2162 3793; x_wconf 87' lang='lat' dir='ltr'><strong>ac</strong></span> 
     </span>
    </p>
   </div>
   <div class='ocr_carea' id='block_1_68' title="bbox 595 3824 2160 3895">
    <p class='ocr_par' dir='ltr' id='par_1_68' title="bbox 595 3824 2160 3895">
     <span class='ocr_line' id='line_1_69' title="bbox 595 3824 2160 3895; baseline 0.006 -19"><span class='ocrx_word' id='word_1_488' title='bbox 595 3824 855 3877; x_wconf 75' lang='lat' dir='ltr'><strong>sententia</strong></span> <span class='ocrx_word' id='word_1_489' title='bbox 898 3833 1058 3878; x_wconf 84' lang='lat' dir='ltr'><strong>estote</strong></span> <span class='ocrx_word' id='word_1_490' title='bbox 1103 3827 1453 3895; x_wconf 84' lang='lat' dir='ltr'><strong>coagmentati</strong></span> <span class='ocrx_word' id='word_1_491' title='bbox 1499 3826 1565 3881; x_wconf 88' lang='grc'><strong>³⁷.</strong></span> <span class='ocrx_word' id='word_1_492' title='bbox 1615 3827 1795 3884; x_wconf 77' lang='lat' dir='ltr'><strong>Monet</strong></span> <span class='ocrx_word' id='word_1_493' title='bbox 1849 3841 2056 3894; x_wconf 87' lang='lat' dir='ltr'><strong>autem,</strong></span> <span class='ocrx_word' id='word_1_494' title='bbox 2093 3845 2160 3886; x_wconf 84' lang='lat' dir='ltr'><strong>ne</strong></span> 
     </span>
    </p>
   </div>
   <div class='ocr_carea' id='block_1_69' title="bbox 583 3915 2160 3990">
    <p class='ocr_par' dir='ltr' id='par_1_69' title="bbox 583 3915 2160 3990">
     <span class='ocr_line' id='line_1_70' title="bbox 583 3915 2160 3990; baseline 0.005 -23"><span class='ocrx_word' id='word_1_495' title='bbox 583 3916 780 3967; x_wconf 87' lang='lat' dir='ltr'><strong>bonum</strong></span> <span class='ocrx_word' id='word_1_496' title='bbox 807 3915 1284 3984; x_wconf 82' lang='lat' dir='ltr'><strong>atquejucnndum</strong></span> <span class='ocrx_word' id='word_1_497' title='bbox 1323 3920 1374 3972; x_wconf 91' lang='lat' dir='ltr'><strong>in</strong></span> <span class='ocrx_word' id='word_1_498' title='bbox 1413 3934 1644 3988; x_wconf 91' lang='lat' dir='ltr'><strong>corpore</strong></span> <span class='ocrx_word' id='word_1_499' title='bbox 1670 3920 1960 3990; x_wconf 82' lang='lat' dir='ltr'><strong>carnisque</strong></span> <span class='ocrx_word' id='word_1_500' title='bbox 2011 3922 2160 3976; x_wconf 84' lang='lat' dir='ltr'><strong>voln-</strong></span> 
     </span>
    </p>
   </div>
   <div class='ocr_carea' id='block_1_70' title="bbox 587 4011 1446 4078">
    <p class='ocr_par' dir='ltr' id='par_1_70' title="bbox 587 4011 1446 4078">
     <span class='ocr_line' id='line_1_71' title="bbox 587 4011 1446 4078; baseline 0.01 -21"><span class='ocrx_word' id='word_1_501' title='bbox 587 4015 736 4076; x_wconf 85' lang='lat' dir='ltr'><strong>ptatc</strong></span> <span class='ocrx_word' id='word_1_502' title='bbox 769 4011 1132 4076; x_wconf 73' lang='lat' dir='ltr'><strong>reponendum</strong></span> <span class='ocrx_word' id='word_1_503' title='bbox 1174 4018 1446 4078; x_wconf 88' lang='lat' dir='ltr'><strong>putemus.</strong></span> 
     </span>
    </p>
   </div>
   <div class='ocr_carea' id='block_1_71' title="bbox 691 4097 2068 4169">
    <p class='ocr_par' dir='ltr' id='par_1_71' title="bbox 691 4097 2068 4169">
     <span class='ocr_line' id='line_1_72' title="bbox 691 4097 2068 4169; baseline 0.005 -19"><span class='ocrx_word' id='word_1_504' title='bbox 691 4097 852 4150; x_wconf 68' lang='lat' dir='ltr'><strong>Vens.</strong></span> <span class='ocrx_word' id='word_1_505' title='bbox 883 4097 938 4151; x_wconf 81' lang='grc'>5.</span> <span class='ocrx_word' id='word_1_506' title='bbox 977 4098 1124 4152; x_wconf 83' lang='lat' dir='ltr'><strong>Sicut</strong></span> <span class='ocrx_word' id='word_1_507' title='bbox 1163 4116 1249 4152; x_wconf 82' lang='lat' dir='ltr'><strong>ros</strong></span> <span class='ocrx_word' id='word_1_508' title='bbox 1280 4097 1564 4169; x_wconf 74' lang='lat' dir='ltr'><strong>Hermonis</strong></span> <span class='ocrx_word' id='word_1_509' title='bbox 1595 4102 1687 4169; x_wconf 88' lang='lat' dir='ltr'><strong>qui</strong></span> <span class='ocrx_word' id='word_1_510' title='bbox 1711 4101 1978 4156; x_wconf 72' lang='lat' dir='ltr'><strong>descendit</strong></span> <span class='ocrx_word' id='word_1_511' title='bbox 2011 4103 2068 4157; x_wconf 87' lang='lat' dir='ltr'><strong>in</strong></span> 
     </span>
    </p>
   </div>
   <div class='ocr_carea' id='block_1_72' title="bbox 1149 4168 1589 4224">
    <p class='ocr_par' dir='ltr' id='par_1_72' title="bbox 1149 4168 1589 4224">
     <span class='ocr_line' id='line_1_73' title="bbox 1149 4168 1589 4224; baseline 0.007 -3"><span class='ocrx_word' id='word_1_512' title='bbox 1149 4182 1350 4224; x_wconf 78' lang='lat' dir='ltr'><strong>montes</strong></span> <span class='ocrx_word' id='word_1_513' title='bbox 1391 4168 1589 4224; x_wconf 81' lang='lat' dir='ltr'><strong>Sionis.</strong></span> 
     </span>
    </p>
   </div>
   <div class='ocr_carea' id='block_1_73' title="bbox 654 4259 2161 4336">
    <p class='ocr_par' dir='ltr' id='par_1_73' title="bbox 654 4259 2161 4336">
     <span class='ocr_line' id='line_1_74' title="bbox 654 4259 2161 4336; baseline 0.005 -23"><span class='ocrx_word' id='word_1_514' title='bbox 654 4259 808 4315; x_wconf 73' lang='lat' dir='ltr'><strong>Mons</strong></span> <span class='ocrx_word' id='word_1_515' title='bbox 853 4271 936 4316; x_wconf 86' lang='lat' dir='ltr'><strong>est</strong></span> <span class='ocrx_word' id='word_1_516' title='bbox 988 4261 1226 4317; x_wconf 83' lang='lat' dir='ltr'><strong>llcrnton</strong></span> <span class='ocrx_word' id='word_1_517' title='bbox 1274 4261 1485 4316; x_wconf 86' lang='lat' dir='ltr'><strong>Libano</strong></span> <span class='ocrx_word' id='word_1_518' title='bbox 1529 4262 1806 4330; x_wconf 75' lang='lat' dir='ltr'><strong>adiacens,</strong></span> <span class='ocrx_word' id='word_1_519' title='bbox 1849 4264 1899 4318; x_wconf 92' lang='lat' dir='ltr'><strong>in</strong></span> <span class='ocrx_word' id='word_1_520' title='bbox 1929 4281 2037 4336; x_wconf 81' lang='lat' dir='ltr'><strong>quo</strong></span> <span class='ocrx_word' id='word_1_521' title='bbox 2074 4267 2161 4322; x_wconf 79' lang='lat' dir='ltr'><strong>nix</strong></span> 
     </span>
    </p>
   </div>
   <div class='ocr_carea' id='block_1_74' title="bbox 584 4353 2166 4424">
    <p class='ocr_par' dir='ltr' id='par_1_74' title="bbox 584 4353 2166 4424">
     <span class='ocr_line' id='line_1_75' title="bbox 584 4353 2166 4424; baseline 0.004 -18"><span class='ocrx_word' id='word_1_522' title='bbox 584 4353 748 4406; x_wconf 90' lang='lat' dir='ltr'><strong>multa</strong></span> <span class='ocrx_word' id='word_1_523' title='bbox 803 4354 1135 4423; x_wconf 81' lang='lat' dir='ltr'><strong>congeritur,</strong></span> <span class='ocrx_word' id='word_1_524' title='bbox 1194 4369 1357 4422; x_wconf 87' lang='lat' dir='ltr'><strong>quam</strong></span> <span class='ocrx_word' id='word_1_525' title='bbox 1405 4353 1690 4424; x_wconf 85' lang='lat' dir='ltr'><strong>Scriptura</strong></span> <span class='ocrx_word' id='word_1_526' title='bbox 1749 4356 1890 4411; x_wconf 86' lang='lat' dir='ltr'><strong>roris</strong></span> <span class='ocrx_word' id='word_1_527' title='bbox 1947 4359 2166 4412; x_wconf 84' lang='lat' dir='ltr'><strong>nomine</strong></span> 
     </span>
    </p>
   </div>
   <div class='ocr_carea' id='block_1_75' title="bbox 2271 3289 3860 3362">
    <p class='ocr_par' dir='ltr' id='par_1_75' title="bbox 2271 3289 3860 3362">
     <span class='ocr_line' id='line_1_76' title="bbox 2271 3289 3860 3362; baseline 0.002 -19"><span class='ocrx_word' id='word_1_528' title='bbox 2271 3289 2413 3361; x_wconf 75' lang='grc' dir='ltr'>ἔχειν</span> <span class='ocrx_word' id='word_1_529' title='bbox 2442 3295 2783 3347; x_wconf 83' lang='grc' dir='ltr'>ἐπαινεῖται·</span> <span class='ocrx_word' id='word_1_530' title='bbox 2827 3293 2887 3346; x_wconf 83' lang='grc' dir='ltr'><strong>οὐ</strong></span> <span class='ocrx_word' id='word_1_531' title='bbox 2921 3294 2980 3346; x_wconf 83' lang='grc' dir='ltr'>τὸ</span> <span class='ocrx_word' id='word_1_532' title='bbox 3021 3296 3295 3347; x_wconf 81' lang='grc' dir='ltr'>κατοικεῖν</span> <span class='ocrx_word' id='word_1_533' title='bbox 3341 3292 3600 3362; x_wconf 74' lang='grc' dir='ltr'>ἀδελφοὺς</span> <span class='ocrx_word' id='word_1_534' title='bbox 3645 3292 3860 3358; x_wconf 83' lang='grc' dir='ltr'>ἁπλῶς,</span> 
     </span>
    </p>
   </div>
   <div class='ocr_carea' id='block_1_76' title="bbox 2269 3379 3860 3448">
    <p class='ocr_par' dir='ltr' id='par_1_76' title="bbox 2269 3379 3860 3448">
     <span class='ocr_line' id='line_1_77' title="bbox 2269 3379 3860 3448; baseline 0.001 -12"><span class='ocrx_word' id='word_1_535' title='bbox 2269 3382 2383 3436; x_wconf 77' lang='grc' dir='ltr'>ἀλλ’</span> <span class='ocrx_word' id='word_1_536' title='bbox 2414 3384 2542 3437; x_wconf 85' lang='grc' dir='ltr'>ὅταν</span> <span class='ocrx_word' id='word_1_537' title='bbox 2573 3385 2666 3438; x_wconf 74' lang='grc' dir='ltr'>ἐπὶ</span> <span class='ocrx_word' id='word_1_538' title='bbox 2694 3384 2755 3438; x_wconf 81' lang='grc' dir='ltr'>τὸ</span> <span class='ocrx_word' id='word_1_539' title='bbox 2783 3385 2916 3438; x_wconf 79' lang='grc' dir='ltr'>αὐτὸ</span> <span class='ocrx_word' id='word_1_540' title='bbox 2956 3379 3079 3448; x_wconf 80' lang='grc' dir='ltr'>ὦσι,</span> <span class='ocrx_word' id='word_1_541' title='bbox 3115 3385 3256 3438; x_wconf 77' lang='grc' dir='ltr'>κατὰ</span> <span class='ocrx_word' id='word_1_542' title='bbox 3293 3383 3383 3439; x_wconf 80' lang='grc' dir='ltr'><strong>τὸν</strong></span> <span class='ocrx_word' id='word_1_543' title='bbox 3428 3385 3747 3438; x_wconf 77' lang='grc' dir='ltr'>Ἀπόστολον</span> <span class='ocrx_word' id='word_1_544' title='bbox 3765 3384 3860 3438; x_wconf 86' lang='grc' dir='ltr'>λέ-</span> 
     </span>
    </p>
   </div>
   <div class='ocr_carea' id='block_1_77' title="bbox 2269 3473 3860 3546">
    <p class='ocr_par' dir='ltr' id='par_1_77' title="bbox 2269 3473 3860 3546">
     <span class='ocr_line' id='line_1_78' title="bbox 2269 3473 3860 3546; baseline 0.002 -19"><span class='ocrx_word' id='word_1_545' title='bbox 2269 3491 2464 3543; x_wconf 75' lang='grc' dir='ltr'><strong>γοντα⁸</strong></span> <span class='ocrx_word' id='word_1_546' title='bbox 2502 3476 2637 3531; x_wconf 79' lang='grc' dir='ltr'><strong>Ἵνα</strong></span> <span class='ocrx_word' id='word_1_547' title='bbox 2664 3476 2732 3530; x_wconf 84' lang='grc' dir='ltr'>τὸ</span> <span class='ocrx_word' id='word_1_548' title='bbox 2749 3475 2896 3531; x_wconf 85' lang='grc' dir='ltr'>αὐτὸ</span> <span class='ocrx_word' id='word_1_549' title='bbox 2926 3476 3145 3546; x_wconf 69' lang='grc' dir='ltr'>λέγητε</span> <span class='ocrx_word' id='word_1_550' title='bbox 3171 3476 3416 3542; x_wconf 74' lang='grc' dir='ltr'>πάντες,</span> <span class='ocrx_word' id='word_1_551' title='bbox 3438 3476 3628 3545; x_wconf 67' lang='grc' dir='ltr'>καὶμὴ</span> <span class='ocrx_word' id='word_1_552' title='bbox 3648 3473 3860 3531; x_wconf 71' lang='grc' dir='ltr'><strong>εἷεν-ἑν</strong></span> 
     </span>
    </p>
   </div>
   <div class='ocr_carea' id='block_1_78' title="bbox 2268 3564 3867 3638">
    <p class='ocr_par' dir='ltr' id='par_1_78' title="bbox 2268 3564 3867 3638">
     <span class='ocr_line' id='line_1_79' title="bbox 2268 3564 3867 3638; baseline 0.002 -18"><span class='ocrx_word' id='word_1_553' title='bbox 2268 3568 2412 3638; x_wconf 81' lang='grc' dir='ltr'><strong>ὑμῖν</strong></span> <span class='ocrx_word' id='word_1_554' title='bbox 2427 3569 2754 3638; x_wconf 75' lang='grc' dir='ltr'>σχίσματαο</span> <span class='ocrx_word' id='word_1_555' title='bbox 2785 3564 2891 3638; x_wconf 77' lang='grc' dir='ltr'>ἦτε</span> <span class='ocrx_word' id='word_1_556' title='bbox 2917 3568 2986 3622; x_wconf 79' lang='grc' dir='ltr'>δὲ</span> <span class='ocrx_word' id='word_1_557' title='bbox 3013 3569 3471 3638; x_wconf 69' lang='grc' dir='ltr'>κατηρτισμένοι</span> <span class='ocrx_word' id='word_1_558' title='bbox 3489 3567 3567 3634; x_wconf 84' lang='grc' dir='ltr'><strong>τῷ</strong></span> <span class='ocrx_word' id='word_1_559' title='bbox 3582 3568 3744 3634; x_wconf 85' lang='grc' dir='ltr'>αὐτῷ</span> <span class='ocrx_word' id='word_1_560' title='bbox 3758 3569 3867 3623; x_wconf 65' lang='grc' dir='ltr'><strong>νοτ</strong></span> 
     </span>
    </p>
   </div>
   <div class='ocr_carea' id='block_1_79' title="bbox 2269 3658 3858 3731">
    <p class='ocr_par' dir='ltr' id='par_1_79' title="bbox 2269 3658 3858 3731">
     <span class='ocr_line' id='line_1_80' title="bbox 2269 3658 3858 3731; baseline 0.001 -19"><span class='ocrx_word' id='word_1_561' title='bbox 2269 3659 2366 3712; x_wconf 79' lang='grc' dir='ltr'>καὶ</span> <span class='ocrx_word' id='word_1_562' title='bbox 2388 3659 2463 3727; x_wconf 77' lang='grc' dir='ltr'>τῇ</span> <span class='ocrx_word' id='word_1_563' title='bbox 2482 3658 2638 3728; x_wconf 83' lang='grc' dir='ltr'><strong>αὐτῇ</strong></span> <span class='ocrx_word' id='word_1_564' title='bbox 2655 3658 2878 3731; x_wconf 74' lang='grc' dir='ltr'>γνώμῃ·</span> <span class='ocrx_word' id='word_1_565' title='bbox 2902 3659 3141 3714; x_wconf 80' lang='grc' dir='ltr'>διδάσκει</span> <span class='ocrx_word' id='word_1_566' title='bbox 3171 3661 3230 3714; x_wconf 77' lang='grc' dir='ltr'>δὲ</span> <span class='ocrx_word' id='word_1_567' title='bbox 3257 3660 3316 3713; x_wconf 83' lang='grc' dir='ltr'>τὺ</span> <span class='ocrx_word' id='word_1_568' title='bbox 3336 3659 3496 3714; x_wconf 75' lang='grc' dir='ltr'>καλὸν</span> <span class='ocrx_word' id='word_1_569' title='bbox 3521 3660 3612 3714; x_wconf 68' lang='grc' dir='ltr'>καὶ</span> <span class='ocrx_word' id='word_1_570' title='bbox 3639 3660 3700 3714; x_wconf 86' lang='grc' dir='ltr'><strong>τὸ</strong></span> <span class='ocrx_word' id='word_1_571' title='bbox 3723 3677 3858 3731; x_wconf 78' lang='grc' dir='ltr'>τερ-</span> 
     </span>
    </p>
   </div>
   <div class='ocr_carea' id='block_1_80' title="bbox 2269 3749 3858 3826">
    <p class='ocr_par' dir='ltr' id='par_1_80' title="bbox 2269 3749 3858 3826">
     <span class='ocr_line' id='line_1_81' title="bbox 2269 3749 3858 3826; baseline 0.003 -24"><span class='ocrx_word' id='word_1_572' title='bbox 2269 3749 2402 3803; x_wconf 83' lang='grc' dir='ltr'>πνὸν</span> <span class='ocrx_word' id='word_1_573' title='bbox 2448 3750 2524 3823; x_wconf 84' lang='grc' dir='ltr'>μὴ</span> <span class='ocrx_word' id='word_1_574' title='bbox 2565 3753 2623 3804; x_wconf 79' lang='grc' dir='ltr'>ἐν</span> <span class='ocrx_word' id='word_1_575' title='bbox 2658 3751 2892 3823; x_wconf 81' lang='grc' dir='ltr'>σώματι,</span> <span class='ocrx_word' id='word_1_576' title='bbox 2931 3753 3067 3824; x_wconf 80' lang='grc' dir='ltr'>μηδὲ</span> <span class='ocrx_word' id='word_1_577' title='bbox 3109 3755 3166 3806; x_wconf 78' lang='grc' dir='ltr'>ὲν</span> <span class='ocrx_word' id='word_1_578' title='bbox 3203 3752 3363 3825; x_wconf 81' lang='grc' dir='ltr'>ἡδονῇ</span> <span class='ocrx_word' id='word_1_579' title='bbox 3423 3752 3641 3826; x_wconf 80' lang='grc' dir='ltr'>σαρκῶν</span> <span class='ocrx_word' id='word_1_580' title='bbox 3706 3753 3858 3807; x_wconf 80' lang='grc' dir='ltr'>τίθε-</span> 
     </span>
    </p>
   </div>
   <div class='ocr_carea' id='block_1_81' title="bbox 2273 3841 2420 3896">
    <p class='ocr_par' dir='ltr' id='par_1_81' title="bbox 2273 3841 2420 3896">
     <span class='ocr_line' id='line_1_82' title="bbox 2273 3841 2420 3896; baseline 0.014 -3"><span class='ocrx_word' id='word_1_581' title='bbox 2273 3841 2420 3896; x_wconf 81' lang='grc' dir='ltr'>σθαι.</span> 
     </span>
    </p>
   </div>
   <div class='ocr_carea' id='block_1_82' title="bbox 2280 4105 3858 4230">
    <p class='ocr_par' dir='ltr' id='par_1_82' title="bbox 2280 4105 3858 4230">
     <span class='ocr_line' id='line_1_83' title="bbox 2280 4105 3858 4230; baseline 0.003 -73"><span class='ocrx_word' id='word_1_582' title='bbox 2280 4105 2378 4172; x_wconf 87' lang='grc' dir='ltr'><em>Ὧς</em></span> <span class='ocrx_word' id='word_1_583' title='bbox 2415 4105 2637 4174; x_wconf 81' lang='grc' dir='ltr'>δρόσος</span> <span class='ocrx_word' id='word_1_584' title='bbox 2663 4105 2923 4176; x_wconf 80' lang='grc' dir='ltr'>’Λερμὼν</span> <span class='ocrx_word' id='word_1_585' title='bbox 2962 4105 3473 4230; x_wconf 50' lang='grc' dir='ltr'>τέκαταόαινουσα</span> <span class='ocrx_word' id='word_1_586' title='bbox 3503 4106 3600 4161; x_wconf 78' lang='grc' dir='ltr'><strong>ἐπὶ</strong></span> <span class='ocrx_word' id='word_1_587' title='bbox 3638 4107 3710 4161; x_wconf 87' lang='grc' dir='ltr'>τὰ</span> <span class='ocrx_word' id='word_1_588' title='bbox 3743 4107 3858 4177; x_wconf 73' lang='grc' dir='ltr'>ὅρη</span> 
     </span>
     <span class='ocr_line' id='line_1_84' title="bbox 3024 4195 3146 4230; baseline 0 0"><span class='ocrx_word' id='word_1_589' title='bbox 3024 4195 3146 4230; x_wconf 74' lang='lat' dir='ltr'><strong>(cur.</strong></span> 
     </span>
    </p>
   </div>
   <div class='ocr_carea' id='block_1_83' title="bbox 3024 4195 3146 4230">
    <p class='ocr_par' dir='ltr' id='par_1_83' title="bbox 3024 4195 3146 4230">
     <span class='ocr_line' id='line_1_85' title="bbox 3024 4195 3146 4230; baseline 0 0"><span class='ocrx_word' id='word_1_590' title='bbox 3024 4195 3038 4230; x_wconf 85' lang='grc' dir='ltr'><strong>ί</strong></span> <span class='ocrx_word' id='word_1_591' title='bbox 3043 4195 3146 4230; x_wconf 79' lang='grc' dir='ltr'>ων.</span> 
     </span>
    </p>
   </div>
   <div class='ocr_carea' id='block_1_84' title="bbox 2343 4264 3857 4342">
    <p class='ocr_par' dir='ltr' id='par_1_84' title="bbox 2343 4264 3857 4342">
     <span class='ocr_line' id='line_1_86' title="bbox 2343 4264 3857 4342; baseline 0.001 -22"><span class='ocrx_word' id='word_1_592' title='bbox 2343 4268 2506 4339; x_wconf 82' lang='grc' dir='ltr'>Ὄρος</span> <span class='ocrx_word' id='word_1_593' title='bbox 2536 4269 2684 4322; x_wconf 66' lang='grc' dir='ltr'>ἐστὶν</span> <span class='ocrx_word' id='word_1_594' title='bbox 2729 4267 2997 4342; x_wconf 81' lang='grc' dir='ltr'>Ἀερμὼν,</span> <span class='ocrx_word' id='word_1_595' title='bbox 3027 4269 3088 4321; x_wconf 78' lang='grc' dir='ltr'>τὸ</span> <span class='ocrx_word' id='word_1_596' title='bbox 3117 4269 3548 4342; x_wconf 78' lang='grc' dir='ltr'>παρακείμενεον</span> <span class='ocrx_word' id='word_1_597' title='bbox 3574 4264 3652 4340; x_wconf 77' lang='grc' dir='ltr'><strong>τῷ</strong></span> <span class='ocrx_word' id='word_1_598' title='bbox 3679 4268 3857 4323; x_wconf 74' lang='grc' dir='ltr'><strong>Λιῦά⁴</strong></span> 
     </span>
    </p>
   </div>
   <div class='ocr_carea' id='block_1_85' title="bbox 2267 4357 3856 4433">
    <p class='ocr_par' dir='ltr' id='par_1_85' title="bbox 2267 4357 3856 4433">
     <span class='ocr_line' id='line_1_87' title="bbox 2267 4357 3856 4433; baseline 0.001 -21"><span class='ocrx_word' id='word_1_599' title='bbox 2267 4377 2363 4431; x_wconf 82' lang='grc' dir='ltr'>νῳ,</span> <span class='ocrx_word' id='word_1_600' title='bbox 2392 4359 2478 4428; x_wconf 67' lang='grc' dir='ltr'><strong>ἐφ’</strong></span> <span class='ocrx_word' id='word_1_601' title='bbox 2511 4360 2538 4413; x_wconf 82' lang='grc' dir='ltr'><strong><em>ὃ</em></strong></span> <span class='ocrx_word' id='word_1_602' title='bbox 2562 4359 2695 4430; x_wconf 88' lang='grc' dir='ltr'>χιὼν</span> <span class='ocrx_word' id='word_1_603' title='bbox 2730 4360 3019 4429; x_wconf 83' lang='grc' dir='ltr'>συνάγεται</span> <span class='ocrx_word' id='word_1_604' title='bbox 3043 4360 3231 4431; x_wconf 79' lang='grc' dir='ltr'>πολλὴ,</span> <span class='ocrx_word' id='word_1_605' title='bbox 3259 4357 3448 4431; x_wconf 70' lang='grc' dir='ltr'>ἥντινα</span> <span class='ocrx_word' id='word_1_606' title='bbox 3474 4361 3502 4412; x_wconf 86' lang='grc' dir='ltr'>ὁ</span> <span class='ocrx_word' id='word_1_607' title='bbox 3531 4361 3698 4428; x_wconf 77' lang='grc' dir='ltr'>Λόγος</span> <span class='ocrx_word' id='word_1_608' title='bbox 3724 4361 3856 4433; x_wconf 84' lang='grc' dir='ltr'>δρὸ-</span> 
     </span>
    </p>
   </div>
   <div class='ocr_carea' id='block_1_86' title="bbox 582 4444 2161 4524">
    <p class='ocr_par' dir='ltr' id='par_1_86' title="bbox 582 4444 2161 4516">
     <span class='ocr_line' id='line_1_88' title="bbox 582 4444 2161 4516; baseline 0.006 -18"><span class='ocrx_word' id='word_1_609' title='bbox 582 4445 849 4514; x_wconf 83' lang='lat' dir='ltr'><strong>designat.</strong></span> <span class='ocrx_word' id='word_1_610' title='bbox 903 4444 1037 4512; x_wconf 85' lang='lat' dir='ltr'><strong>Quia</strong></span> <span class='ocrx_word' id='word_1_611' title='bbox 1082 4461 1214 4516; x_wconf 83' lang='lat' dir='ltr'><strong>ergo</strong></span> <span class='ocrx_word' id='word_1_612' title='bbox 1257 4462 1346 4500; x_wconf 89' lang='lat' dir='ltr'><strong>ros</strong></span> <span class='ocrx_word' id='word_1_613' title='bbox 1389 4447 1499 4514; x_wconf 87' lang='lat' dir='ltr'><strong>ille,</strong></span> <span class='ocrx_word' id='word_1_614' title='bbox 1549 4462 1616 4502; x_wconf 83' lang='lat' dir='ltr'><strong>ex</strong></span> <span class='ocrx_word' id='word_1_615' title='bbox 1667 4448 1853 4504; x_wconf 90' lang='lat' dir='ltr'><strong>multis</strong></span> <span class='ocrx_word' id='word_1_616' title='bbox 1903 4450 2161 4507; x_wconf 88' lang='lat' dir='ltr'><strong>collectus</strong></span> 
     </span>
    </p>
   </div>
   <div class='ocr_carea' id='block_1_87' title="bbox 2266 4444 3855 4524">
    <p class='ocr_par' dir='ltr' id='par_1_87' title="bbox 2269 4450 3855 4524">
     <span class='ocr_line' id='line_1_89' title="bbox 2269 4450 3855 4524; baseline 0.001 -21"><span class='ocrx_word' id='word_1_617' title='bbox 2269 4468 2361 4504; x_wconf 91' lang='grc' dir='ltr'><strong>σον</strong></span> <span class='ocrx_word' id='word_1_618' title='bbox 2388 4450 2698 4522; x_wconf 75' lang='grc' dir='ltr'>ὠνόμασενο</span> <span class='ocrx_word' id='word_1_619' title='bbox 2739 4451 3010 4523; x_wconf 80' lang='grc' dir='ltr'>ἐπειδὴδὲ</span> <span class='ocrx_word' id='word_1_620' title='bbox 3048 4453 3080 4521; x_wconf 77' lang='grc' dir='ltr'><strong>ἡ</strong></span> <span class='ocrx_word' id='word_1_621' title='bbox 3110 4451 3299 4522; x_wconf 84' lang='grc' dir='ltr'>δρόσος</span> <span class='ocrx_word' id='word_1_622' title='bbox 3328 4452 3508 4523; x_wconf 78' lang='grc' dir='ltr'>ἐκείνη</span> <span class='ocrx_word' id='word_1_623' title='bbox 3553 4453 3586 4524; x_wconf 83' lang='grc' dir='ltr'>ή</span> <span class='ocrx_word' id='word_1_624' title='bbox 3621 4455 3684 4505; x_wconf 83' lang='grc' dir='ltr'>ὲκ</span> <span class='ocrx_word' id='word_1_625' title='bbox 3719 4453 3855 4506; x_wconf 82' lang='grc' dir='ltr'><strong>πολ-</strong></span> 
     </span>
    </p>
   </div>
   <div class='ocr_carea' id='block_1_88' title="bbox 580 4537 2161 4618">
    <p class='ocr_par' dir='ltr' id='par_1_88' title="bbox 580 4537 2160 4612">
     <span class='ocr_line' id='line_1_90' title="bbox 580 4537 2160 4612; baseline 0.007 -25"><span class='ocrx_word' id='word_1_626' title='bbox 580 4537 750 4605; x_wconf 71' lang='lat' dir='ltr'><strong>guttis</strong></span> <span class='ocrx_word' id='word_1_627' title='bbox 777 4552 946 4591; x_wconf 90' lang='lat' dir='ltr'><strong>unum</strong></span> <span class='ocrx_word' id='word_1_628' title='bbox 973 4551 1172 4606; x_wconf 85' lang='lat' dir='ltr'><strong>corpus</strong></span> <span class='ocrx_word' id='word_1_629' title='bbox 1204 4537 1437 4592; x_wconf 75' lang='lat' dir='ltr'><strong>edicitur</strong></span> <span class='ocrx_word' id='word_1_630' title='bbox 1481 4550 1537 4593; x_wconf 87' lang='lat' dir='ltr'><strong>et</strong></span> <span class='ocrx_word' id='word_1_631' title='bbox 1585 4540 1975 4612; x_wconf 78' lang='lat' dir='ltr'><strong>compingitur,</strong></span> <span class='ocrx_word' id='word_1_632' title='bbox 2014 4558 2160 4598; x_wconf 81' lang='lat' dir='ltr'><strong>recte</strong></span> 
     </span>
    </p>
   </div>
   <div class='ocr_carea' id='block_1_89' title="bbox 2266 4537 3856 4618">
    <p class='ocr_par' dir='ltr' id='par_1_89' title="bbox 2266 4541 3856 4616">
     <span class='ocr_line' id='line_1_91' title="bbox 2266 4541 3856 4616; baseline 0.003 -22"><span class='ocrx_word' id='word_1_633' title='bbox 2266 4541 2374 4595; x_wconf 85' lang='grc' dir='ltr'><strong>λῶν</strong></span> <span class='ocrx_word' id='word_1_634' title='bbox 2420 4544 2762 4616; x_wconf 87' lang='grc' dir='ltr'>συναγομένη</span> <span class='ocrx_word' id='word_1_635' title='bbox 2817 4543 3110 4612; x_wconf 82' lang='grc' dir='ltr'>σταγόνων,</span> <span class='ocrx_word' id='word_1_636' title='bbox 3155 4545 3244 4613; x_wconf 76' lang='grc' dir='ltr'><strong>ὑφ’</strong></span> <span class='ocrx_word' id='word_1_637' title='bbox 3292 4542 3349 4595; x_wconf 83' lang='grc' dir='ltr'>ἓν</span> <span class='ocrx_word' id='word_1_638' title='bbox 3397 4547 3856 4614; x_wconf 81' lang='grc' dir='ltr'>σωματοποιείται</span> 
     </span>
    </p>
   </div>
   <div class='ocr_carea' id='block_1_90' title="bbox 584 4627 2161 4707">
    <p class='ocr_par' dir='ltr' id='par_1_90' title="bbox 584 4627 2161 4704">
     <span class='ocr_line' id='line_1_92' title="bbox 584 4627 2161 4704; baseline 0.004 -22"><span class='ocrx_word' id='word_1_639' title='bbox 584 4627 839 4682; x_wconf 74' lang='lat' dir='ltr'><strong>Ecclesiae</strong></span> <span class='ocrx_word' id='word_1_640' title='bbox 874 4628 1228 4682; x_wconf 90' lang='lat' dir='ltr'><strong>concordiam</strong></span> <span class='ocrx_word' id='word_1_641' title='bbox 1257 4638 1420 4698; x_wconf 89' lang='lat' dir='ltr'><strong>atque</strong></span> <span class='ocrx_word' id='word_1_642' title='bbox 1460 4645 1786 4686; x_wconf 90' lang='lat' dir='ltr'><strong>consensum</strong></span> <span class='ocrx_word' id='word_1_643' title='bbox 1821 4638 2161 4704; x_wconf 82' lang='lat' dir='ltr'><strong>comparavit</strong></span> 
     </span>
    </p>
   </div>
   <div class='ocr_carea' id='block_1_91' title="bbox 2266 4627 3858 4707">
    <p class='ocr_par' dir='ltr' id='par_1_91' title="bbox 2266 4635 3858 4707">
     <span class='ocr_line' id='line_1_93' title="bbox 2266 4635 3858 4707; baseline 0 -18"><span class='ocrx_word' id='word_1_644' title='bbox 2266 4635 2361 4689; x_wconf 72' lang='grc' dir='ltr'>καὶ</span> <span class='ocrx_word' id='word_1_645' title='bbox 2395 4637 2804 4706; x_wconf 79' lang='grc' dir='ltr'>συμπήγνυται,</span> <span class='ocrx_word' id='word_1_646' title='bbox 2852 4635 3079 4698; x_wconf 78' lang='grc' dir='ltr'>εἰκότως</span> <span class='ocrx_word' id='word_1_647' title='bbox 3103 4635 3202 4707; x_wconf 79' lang='grc' dir='ltr'>τὴν</span> <span class='ocrx_word' id='word_1_648' title='bbox 3230 4637 3328 4706; x_wconf 80' lang='grc' dir='ltr'>τῆς</span> <span class='ocrx_word' id='word_1_649' title='bbox 3375 4635 3696 4707; x_wconf 76' lang='grc' dir='ltr'>Ἐκκλησίας</span> <span class='ocrx_word' id='word_1_650' title='bbox 3718 4637 3858 4706; x_wconf 83' lang='grc' dir='ltr'><strong>ὁμό-</strong></span> 
     </span>
    </p>
   </div>
   <div class='ocr_carea' id='block_1_92' title="bbox 581 4718 2161 4800">
    <p class='ocr_par' dir='ltr' id='par_1_92' title="bbox 581 4718 2161 4796">
     <span class='ocr_line' id='line_1_94' title="bbox 581 4718 2161 4796; baseline 0.006 -24"><span class='ocrx_word' id='word_1_651' title='bbox 581 4722 798 4774; x_wconf 74' lang='lat' dir='ltr'><strong>diverso</strong></span> <span class='ocrx_word' id='word_1_652' title='bbox 843 4718 1096 4788; x_wconf 79' lang='lat' dir='ltr'><strong>exemplo</strong></span> <span class='ocrx_word' id='word_1_653' title='bbox 1150 4735 1256 4774; x_wconf 91' lang='lat' dir='ltr'><strong>n0n</strong></span> <span class='ocrx_word' id='word_1_654' title='bbox 1295 4720 1405 4774; x_wconf 89' lang='lat' dir='ltr'><strong>nivi</strong></span> <span class='ocrx_word' id='word_1_655' title='bbox 1438 4723 1777 4791; x_wconf 87' lang='lat' dir='ltr'><strong>permanenti</strong></span> <span class='ocrx_word' id='word_1_656' title='bbox 1811 4725 1862 4778; x_wconf 91' lang='lat' dir='ltr'><strong>in</strong></span> <span class='ocrx_word' id='word_1_657' title='bbox 1893 4724 2161 4796; x_wconf 82' lang='lat' dir='ltr'><strong>llermOpe</strong></span> 
     </span>
    </p>
   </div>
   <div class='ocr_carea' id='block_1_93' title="bbox 2266 4718 3858 4800">
    <p class='ocr_par' dir='ltr' id='par_1_93' title="bbox 2266 4727 3858 4800">
     <span class='ocr_line' id='line_1_95' title="bbox 2266 4727 3858 4800; baseline 0 -20"><span class='ocrx_word' id='word_1_658' title='bbox 2266 4744 2417 4781; x_wconf 90' lang='grc' dir='ltr'>νοιαν</span> <span class='ocrx_word' id='word_1_659' title='bbox 2459 4728 2552 4781; x_wconf 74' lang='grc' dir='ltr'><strong>καὶ</strong></span> <span class='ocrx_word' id='word_1_660' title='bbox 2587 4727 2909 4799; x_wconf 73' lang='grc' dir='ltr'>συμφωνίαν</span> <span class='ocrx_word' id='word_1_661' title='bbox 2951 4727 3217 4781; x_wconf 82' lang='grc' dir='ltr'>ἀπείκασε</span> <span class='ocrx_word' id='word_1_662' title='bbox 3255 4727 3322 4781; x_wconf 81' lang='grc' dir='ltr'>δι’</span> <span class='ocrx_word' id='word_1_663' title='bbox 3353 4729 3537 4798; x_wconf 82' lang='grc' dir='ltr'>ἑτέρου</span> <span class='ocrx_word' id='word_1_664' title='bbox 3588 4729 3858 4800; x_wconf 81' lang='grc' dir='ltr'>παραδεί-</span> 
     </span>
    </p>
   </div>
   <div class='ocr_carea' id='block_1_94' title="bbox 582 4810 2159 4880">
    <p class='ocr_par' dir='ltr' id='par_1_94' title="bbox 582 4810 2159 4880">
     <span class='ocr_line' id='line_1_96' title="bbox 582 4810 2159 4880; baseline 0.006 -19"><span class='ocrx_word' id='word_1_665' title='bbox 582 4819 786 4871; x_wconf 90' lang='lat' dir='ltr'><strong>tnonte,</strong></span> <span class='ocrx_word' id='word_1_666' title='bbox 827 4810 924 4864; x_wconf 88' lang='lat' dir='ltr'><strong>sed</strong></span> <span class='ocrx_word' id='word_1_667' title='bbox 966 4810 1015 4863; x_wconf 88' lang='lat' dir='ltr'><strong>ei</strong></span> <span class='ocrx_word' id='word_1_668' title='bbox 1067 4826 1188 4880; x_wconf 62' lang='lat' dir='ltr'><strong>qua;</strong></span> <span class='ocrx_word' id='word_1_669' title='bbox 1243 4810 1295 4864; x_wconf 92' lang='lat' dir='ltr'><strong>in</strong></span> <span class='ocrx_word' id='word_1_670' title='bbox 1357 4810 1541 4866; x_wconf 89' lang='lat' dir='ltr'><strong>Sionis</strong></span> <span class='ocrx_word' id='word_1_671' title='bbox 1590 4824 1808 4870; x_wconf 90' lang='lat' dir='ltr'><strong>montes</strong></span> <span class='ocrx_word' id='word_1_672' title='bbox 1860 4815 2159 4871; x_wconf 86' lang='lat' dir='ltr'><strong>descendit.</strong></span> 
     </span>
    </p>
   </div>
   <div class='ocr_carea' id='block_1_95' title="bbox 581 4891 2162 4975">
    <p class='ocr_par' dir='ltr' id='par_1_95' title="bbox 581 4891 2162 4975">
     <span class='ocr_line' id='line_1_97' title="bbox 581 4891 2162 4975; baseline 0.006 -22"><span class='ocrx_word' id='word_1_673' title='bbox 581 4899 825 4969; x_wconf 71' lang='lat' dir='ltr'><strong>Namque</strong></span> <span class='ocrx_word' id='word_1_674' title='bbox 870 4910 931 4954; x_wconf 92' lang='lat' dir='ltr'><strong>ut</strong></span> <span class='ocrx_word' id='word_1_675' title='bbox 974 4902 1114 4957; x_wconf 83' lang='lat' dir='ltr'><strong>nivis</strong></span> <span class='ocrx_word' id='word_1_676' title='bbox 1150 4903 1363 4970; x_wconf 83' lang='lat' dir='ltr'><strong>capiam</strong></span> <span class='ocrx_word' id='word_1_677' title='bbox 1409 4891 1802 4975; x_wconf 76' lang='lat' dir='ltr'><strong>intelligamus,</strong></span> <span class='ocrx_word' id='word_1_678' title='bbox 1840 4924 1995 4964; x_wconf 87' lang='lat' dir='ltr'><strong>mons</strong></span> <span class='ocrx_word' id='word_1_679' title='bbox 2023 4906 2162 4963; x_wconf 81' lang='lat' dir='ltr'><strong>Her-</strong></span> 
     </span>
    </p>
   </div>
   <div class='ocr_carea' id='block_1_96' title="bbox 583 4992 2162 5065">
    <p class='ocr_par' dir='ltr' id='par_1_96' title="bbox 583 4992 2162 5065">
     <span class='ocr_line' id='line_1_98' title="bbox 583 4992 2162 5065; baseline 0.006 -20"><span class='ocrx_word' id='word_1_680' title='bbox 583 5007 707 5046; x_wconf 87' lang='lat' dir='ltr'><strong>mon</strong></span> <span class='ocrx_word' id='word_1_681' title='bbox 734 4992 786 5044; x_wconf 91' lang='lat' dir='ltr'><strong>in</strong></span> <span class='ocrx_word' id='word_1_682' title='bbox 815 4993 1121 5062; x_wconf 79' lang='lat' dir='ltr'><strong>exemplum</strong></span> <span class='ocrx_word' id='word_1_683' title='bbox 1169 5006 1420 5065; x_wconf 89' lang='lat' dir='ltr'><strong>sumptus</strong></span> <span class='ocrx_word' id='word_1_684' title='bbox 1470 5007 1587 5064; x_wconf 88' lang='lat' dir='ltr'><strong>est;</strong></span> <span class='ocrx_word' id='word_1_685' title='bbox 1643 5007 1702 5053; x_wconf 92' lang='lat' dir='ltr'><strong>ut</strong></span> <span class='ocrx_word' id='word_1_686' title='bbox 1736 5010 1914 5055; x_wconf 92' lang='lat' dir='ltr'><strong>autem</strong></span> <span class='ocrx_word' id='word_1_687' title='bbox 1953 5019 2162 5056; x_wconf 87' lang='lat' dir='ltr'><strong>morum</strong></span> 
     </span>
    </p>
   </div>
   <div class='ocr_carea' id='block_1_97' title="bbox 580 5083 2156 5162">
    <p class='ocr_par' dir='ltr' id='par_1_97' title="bbox 580 5083 2156 5162">
     <span class='ocr_line' id='line_1_99' title="bbox 580 5083 2156 5162; baseline 0.006 -26"><span class='ocrx_word' id='word_1_688' title='bbox 580 5086 880 5138; x_wconf 77' lang='lat' dir='ltr'><strong>secundum</strong></span> <span class='ocrx_word' id='word_1_689' title='bbox 908 5083 1074 5138; x_wconf 91' lang='lat' dir='ltr'><strong>Deum</strong></span> <span class='ocrx_word' id='word_1_690' title='bbox 1107 5089 1456 5143; x_wconf 81' lang='lat' dir='ltr'><strong>concordiam</strong></span> <span class='ocrx_word' id='word_1_691' title='bbox 1480 5091 1820 5160; x_wconf 78' lang='lat' dir='ltr'><strong>signiﬁcaret</strong></span> <span class='ocrx_word' id='word_1_692' title='bbox 1851 5092 2156 5162; x_wconf 79' lang='lat' dir='ltr'><strong>Psalmista,</strong></span> 
     </span>
    </p>
   </div>
   <div class='ocr_carea' id='block_1_98' title="bbox 583 5176 2106 5240">
    <p class='ocr_par' dir='ltr' id='par_1_98' title="bbox 583 5176 2106 5240">
     <span class='ocr_line' id='line_1_100' title="bbox 583 5176 2106 5240; baseline 0.007 -12"><span class='ocrx_word' id='word_1_693' title='bbox 583 5189 761 5230; x_wconf 80' lang='lat' dir='ltr'><strong>rorem</strong></span> <span class='ocrx_word' id='word_1_694' title='bbox 792 5176 844 5230; x_wconf 94' lang='lat' dir='ltr'><strong>in</strong></span> <span class='ocrx_word' id='word_1_695' title='bbox 877 5187 1088 5232; x_wconf 90' lang='lat' dir='ltr'><strong>montes</strong></span> <span class='ocrx_word' id='word_1_696' title='bbox 1124 5177 1312 5234; x_wconf 83' lang='lat' dir='ltr'><strong>Sionis</strong></span> <span class='ocrx_word' id='word_1_697' title='bbox 1333 5183 1753 5239; x_wconf 88' lang='lat' dir='ltr'><strong>descendentem</strong></span> <span class='ocrx_word' id='word_1_698' title='bbox 1788 5185 2106 5240; x_wconf 79' lang='lat' dir='ltr'><strong>nominavit.</strong></span> 
     </span>
    </p>
   </div>
   <div class='ocr_carea' id='block_1_99' title="bbox 662 5352 2031 5420">
    <p class='ocr_par' dir='ltr' id='par_1_99' title="bbox 662 5352 2031 5420">
     <span class='ocr_line' id='line_1_101' title="bbox 662 5352 2031 5420; baseline 0.009 -14"><span class='ocrx_word' id='word_1_699' title='bbox 662 5375 666 5379; x_wconf 89' lang='grc'><strong>·</strong></span> <span class='ocrx_word' id='word_1_700' title='bbox 726 5352 892 5408; x_wconf 70' lang='lat' dir='ltr'><strong>Vens.</strong></span> <span class='ocrx_word' id='word_1_701' title='bbox 933 5353 990 5408; x_wconf 82' lang='lat'><strong>5.</strong></span> <span class='ocrx_word' id='word_1_702' title='bbox 1024 5352 1289 5420; x_wconf 80' lang='lat' dir='ltr'><strong>Quoniam</strong></span> <span class='ocrx_word' id='word_1_703' title='bbox 1323 5359 1436 5412; x_wconf 88' lang='lat' dir='ltr'><strong>illic</strong></span> <span class='ocrx_word' id='word_1_704' title='bbox 1462 5361 1733 5416; x_wconf 80' lang='lat' dir='ltr'><strong>mandavit</strong></span> <span class='ocrx_word' id='word_1_705' title='bbox 1773 5361 2031 5418; x_wconf 87' lang='lat' dir='ltr'><strong>Dominus</strong></span> 
     </span>
    </p>
   </div>
   <div class='ocr_carea' id='block_1_100' title="bbox 1140 5430 1576 5484">
    <p class='ocr_par' dir='ltr' id='par_1_100' title="bbox 1140 5430 1576 5484">
     <span class='ocr_line' id='line_1_102' title="bbox 1140 5430 1576 5484; baseline 0.009 -4"><span class='ocrx_word' id='word_1_706' title='bbox 1140 5430 1576 5484; x_wconf 81' lang='lat' dir='ltr'><strong>benedictionem.</strong></span> 
     </span>
    </p>
   </div>
   <div class='ocr_carea' id='block_1_101' title="bbox 652 5512 2156 5586">
    <p class='ocr_par' dir='ltr' id='par_1_101' title="bbox 652 5512 2156 5586">
     <span class='ocr_line' id='line_1_103' title="bbox 652 5512 2156 5586; baseline 0.009 -18"><span class='ocrx_word' id='word_1_707' title='bbox 652 5512 764 5569; x_wconf 83' lang='lat' dir='ltr'><strong>Illic</strong></span> <span class='ocrx_word' id='word_1_708' title='bbox 803 5515 955 5582; x_wconf 91' lang='lat' dir='ltr'><strong>dicit,</strong></span> <span class='ocrx_word' id='word_1_709' title='bbox 1007 5519 1145 5586; x_wconf 89' lang='lat' dir='ltr'><strong>apud</strong></span> <span class='ocrx_word' id='word_1_710' title='bbox 1192 5521 1396 5576; x_wconf 80' lang='lat' dir='ltr'><strong>fratres</strong></span> <span class='ocrx_word' id='word_1_711' title='bbox 1446 5525 1792 5580; x_wconf 88' lang='lat' dir='ltr'><strong>concorditer</strong></span> <span class='ocrx_word' id='word_1_712' title='bbox 1831 5525 2156 5582; x_wconf 83' lang='lat' dir='ltr'><strong>habitantes.</strong></span> 
     </span>
    </p>
   </div>
   <div class='ocr_carea' id='block_1_102' title="bbox 581 5608 2158 5685">
    <p class='ocr_par' dir='ltr' id='par_1_102' title="bbox 581 5608 2158 5685">
     <span class='ocr_line' id='line_1_104' title="bbox 581 5608 2158 5685; baseline 0.008 -25"><span class='ocrx_word' id='word_1_713' title='bbox 581 5612 767 5674; x_wconf 65' lang='lat' dir='ltr'><strong>meque</strong></span> <span class='ocrx_word' id='word_1_714' title='bbox 823 5608 966 5663; x_wconf 86' lang='lat' dir='ltr'><strong>hanc</strong></span> <span class='ocrx_word' id='word_1_715' title='bbox 1017 5626 1360 5666; x_wconf 84' lang='lat' dir='ltr'><strong>communem</strong></span> <span class='ocrx_word' id='word_1_716' title='bbox 1401 5615 1591 5680; x_wconf 86' lang='lat' dir='ltr'><strong>vitam,</strong></span> <span class='ocrx_word' id='word_1_717' title='bbox 1636 5616 1730 5673; x_wconf 88' lang='lat' dir='ltr'><strong>sed</strong></span> <span class='ocrx_word' id='word_1_718' title='bbox 1772 5617 2158 5685; x_wconf 83' lang='lat' dir='ltr'><strong>immortalem,</strong></span> 
     </span>
    </p>
   </div>
   <div class='ocr_carea' id='block_1_103' title="bbox 583 5695 856 5766">
    <p class='ocr_par' dir='ltr' id='par_1_103' title="bbox 583 5695 856 5766">
     <span class='ocr_line' id='line_1_105' title="bbox 583 5695 856 5766; baseline 0 -16"><span class='ocrx_word' id='word_1_719' title='bbox 583 5695 856 5766; x_wconf 71' lang='lat' dir='ltr'><strong>intelligit.</strong></span> 
     </span>
    </p>
   </div>
   <div class='ocr_carea' id='block_1_104' title="bbox 666 5818 1590 5894">
    <p class='ocr_par' dir='ltr' id='par_1_104' title="bbox 666 5818 1590 5894">
     <span class='ocr_line' id='line_1_106' title="bbox 666 5818 1590 5894; baseline 0.013 -22"><span class='ocrx_word' id='word_1_720' title='bbox 666 5818 712 5849; x_wconf 81' lang='grc'><strong><em>³⁸</em></strong></span> <span class='ocrx_word' id='word_1_721' title='bbox 739 5818 956 5890; x_wconf 62' lang='lat' dir='ltr'><strong>luam&quot;,</strong></span> <span class='ocrx_word' id='word_1_722' title='bbox 987 5824 1077 5878; x_wconf 79' lang='grc'><strong>55.</strong></span> <span class='ocrx_word' id='word_1_723' title='bbox 1154 5825 1195 5857; x_wconf 86' lang='grc'>³⁷</span> <span class='ocrx_word' id='word_1_724' title='bbox 1236 5823 1398 5882; x_wconf 86' lang='lat' dir='ltr'><strong>lCor.</strong></span> <span class='ocrx_word' id='word_1_725' title='bbox 1433 5843 1474 5894; x_wconf 90' lang='lat' dir='ltr'><strong>I,</strong></span> <span class='ocrx_word' id='word_1_726' title='bbox 1508 5828 1590 5884; x_wconf 75' lang='grc'>10.</span> 
     </span>
    </p>
   </div>
   <div class='ocr_carea' id='block_1_105' title="bbox 2268 4818 3861 4892">
    <p class='ocr_par' dir='ltr' id='par_1_105' title="bbox 2268 4818 3861 4892">
     <span class='ocr_line' id='line_1_107' title="bbox 2268 4818 3861 4892; baseline 0.001 -20"><span class='ocrx_word' id='word_1_727' title='bbox 2268 4834 2478 4891; x_wconf 84' lang='grc' dir='ltr'>γματος</span> <span class='ocrx_word' id='word_1_728' title='bbox 2507 4818 2568 4870; x_wconf 79' lang='grc' dir='ltr'><strong>οὐ</strong></span> <span class='ocrx_word' id='word_1_729' title='bbox 2608 4823 2672 4890; x_wconf 83' lang='grc' dir='ltr'>τῇ</span> <span class='ocrx_word' id='word_1_730' title='bbox 2711 4820 2850 4889; x_wconf 85' lang='grc' dir='ltr'>χιόνι</span> <span class='ocrx_word' id='word_1_731' title='bbox 2896 4822 2961 4891; x_wconf 81' lang='grc' dir='ltr'>τῇ</span> <span class='ocrx_word' id='word_1_732' title='bbox 3009 4819 3360 4892; x_wconf 82' lang='grc' dir='ltr'>ἀπομενυύσῃ</span> <span class='ocrx_word' id='word_1_733' title='bbox 3392 4821 3448 4872; x_wconf 82' lang='grc' dir='ltr'>ἐν</span> <span class='ocrx_word' id='word_1_734' title='bbox 3487 4819 3564 4892; x_wconf 80' lang='grc' dir='ltr'>τῷ</span> <span class='ocrx_word' id='word_1_735' title='bbox 3605 4820 3861 4892; x_wconf 77' lang='grc' dir='ltr'>Ἀερμὼν</span> 
     </span>
    </p>
   </div>
   <div class='ocr_carea' id='block_1_106' title="bbox 2265 4909 3858 4986">
    <p class='ocr_par' dir='ltr' id='par_1_106' title="bbox 2265 4909 3858 4986">
     <span class='ocr_line' id='line_1_108' title="bbox 2265 4909 3858 4986; baseline 0.003 -24"><span class='ocrx_word' id='word_1_736' title='bbox 2265 4909 2402 4983; x_wconf 75' lang='grc' dir='ltr'>ὄρει,</span> <span class='ocrx_word' id='word_1_737' title='bbox 2426 4909 2562 4964; x_wconf 82' lang='grc' dir='ltr'>ἀλλὰ</span> <span class='ocrx_word' id='word_1_738' title='bbox 2590 4914 2656 4982; x_wconf 83' lang='grc' dir='ltr'>τῇ</span> <span class='ocrx_word' id='word_1_739' title='bbox 2680 4911 3083 4986; x_wconf 78' lang='grc' dir='ltr'>καταϐαινούσῃ</span> <span class='ocrx_word' id='word_1_740' title='bbox 3104 4911 3282 4966; x_wconf 70' lang='grc' dir='ltr'>ἐπἰτὰ</span> <span class='ocrx_word' id='word_1_741' title='bbox 3307 4912 3405 4984; x_wconf 77' lang='grc' dir='ltr'>ὅρη</span> <span class='ocrx_word' id='word_1_742' title='bbox 3433 4911 3598 4966; x_wconf 81' lang='grc' dir='ltr'>Σιών·</span> <span class='ocrx_word' id='word_1_743' title='bbox 3635 4914 3721 4966; x_wconf 84' lang='grc' dir='ltr'>ἵνα</span> <span class='ocrx_word' id='word_1_744' title='bbox 3754 4915 3858 4984; x_wconf 76' lang='grc' dir='ltr'><strong>μὲν</strong></span> 
     </span>
    </p>
   </div>
   <div class='ocr_carea' id='block_1_107' title="bbox 2268 5001 3860 5078">
    <p class='ocr_par' dir='ltr' id='par_1_107' title="bbox 2268 5001 3860 5078">
     <span class='ocr_line' id='line_1_109' title="bbox 2268 5001 3860 5078; baseline 0.004 -26"><span class='ocrx_word' id='word_1_745' title='bbox 2268 5001 2378 5072; x_wconf 71' lang='grc' dir='ltr'><strong>γάρ</strong></span> <span class='ocrx_word' id='word_1_746' title='bbox 2399 5003 2682 5073; x_wconf 81' lang='grc' dir='ltr'>νοήσωμεν</span> <span class='ocrx_word' id='word_1_747' title='bbox 2702 5004 2763 5056; x_wconf 88' lang='grc' dir='ltr'><strong>τὸ</strong></span> <span class='ocrx_word' id='word_1_748' title='bbox 2788 5003 2991 5074; x_wconf 76' lang='grc' dir='ltr'><strong>πλῆθος</strong></span> <span class='ocrx_word' id='word_1_749' title='bbox 3011 5005 3110 5075; x_wconf 84' lang='grc' dir='ltr'><strong>τῆς</strong></span> <span class='ocrx_word' id='word_1_750' title='bbox 3135 5003 3332 5075; x_wconf 85' lang='grc' dir='ltr'>χιόνος,</span> <span class='ocrx_word' id='word_1_751' title='bbox 3355 5005 3414 5058; x_wconf 78' lang='grc' dir='ltr'><strong>τὸ</strong></span> <span class='ocrx_word' id='word_1_752' title='bbox 3455 5005 3698 5078; x_wconf 83' lang='grc' dir='ltr'>Ἀερμὼν</span> <span class='ocrx_word' id='word_1_753' title='bbox 3729 5007 3860 5076; x_wconf 81' lang='grc' dir='ltr'>ὅρος</span> 
     </span>
    </p>
   </div>
   <div class='ocr_carea' id='block_1_108' title="bbox 2270 5093 3860 5171">
    <p class='ocr_par' dir='ltr' id='par_1_108' title="bbox 2270 5093 3860 5171">
     <span class='ocr_line' id='line_1_110' title="bbox 2270 5093 3860 5171; baseline 0.004 -25"><span class='ocrx_word' id='word_1_754' title='bbox 2270 5093 2654 5165; x_wconf 81' lang='grc' dir='ltr'>παρείληπται·</span> <span class='ocrx_word' id='word_1_755' title='bbox 2688 5097 2773 5150; x_wconf 84' lang='grc' dir='ltr'>ἵνα</span> <span class='ocrx_word' id='word_1_756' title='bbox 2801 5097 2856 5149; x_wconf 74' lang='grc' dir='ltr'><strong>δὲ</strong></span> <span class='ocrx_word' id='word_1_757' title='bbox 2884 5095 2978 5150; x_wconf 81' lang='grc' dir='ltr'><strong>τοῦ</strong></span> <span class='ocrx_word' id='word_1_758' title='bbox 3011 5097 3154 5152; x_wconf 77' lang='grc' dir='ltr'>κατὰ</span> <span class='ocrx_word' id='word_1_759' title='bbox 3176 5098 3308 5151; x_wconf 75' lang='grc' dir='ltr'>Θεὸν</span> <span class='ocrx_word' id='word_1_760' title='bbox 3337 5097 3727 5170; x_wconf 86' lang='grc' dir='ltr'>πολιτεύματος</span> <span class='ocrx_word' id='word_1_761' title='bbox 3757 5099 3860 5171; x_wconf 72' lang='grc' dir='ltr'>τὴν</span> 
     </span>
    </p>
   </div>
   <div class='ocr_carea' id='block_1_109' title="bbox 2265 5187 3861 5262">
    <p class='ocr_par' dir='ltr' id='par_1_109' title="bbox 2265 5187 3861 5262">
     <span class='ocr_line' id='line_1_111' title="bbox 2265 5187 3861 5262; baseline 0.003 -23"><span class='ocrx_word' id='word_1_762' title='bbox 2265 5188 2584 5258; x_wconf 83' lang='grc' dir='ltr'>συμφωνίαν</span> <span class='ocrx_word' id='word_1_763' title='bbox 2629 5187 2866 5262; x_wconf 67' lang='grc' dir='ltr'>δηλώσῃ,</span> <span class='ocrx_word' id='word_1_764' title='bbox 2911 5191 3003 5242; x_wconf 68' lang='grc' dir='ltr'><strong>ἐπὶ</strong></span> <span class='ocrx_word' id='word_1_765' title='bbox 3031 5189 3099 5242; x_wconf 76' lang='grc' dir='ltr'>τὰ</span> <span class='ocrx_word' id='word_1_766' title='bbox 3145 5189 3244 5261; x_wconf 80' lang='grc' dir='ltr'>ὅρη</span> <span class='ocrx_word' id='word_1_767' title='bbox 3284 5189 3421 5243; x_wconf 85' lang='grc' dir='ltr'>Σιὼν</span> <span class='ocrx_word' id='word_1_768' title='bbox 3462 5189 3566 5261; x_wconf 74' lang='grc' dir='ltr'><strong>ἔφη</strong></span> <span class='ocrx_word' id='word_1_769' title='bbox 3606 5189 3861 5244; x_wconf 84' lang='grc' dir='ltr'>κατιέναι</span> 
     </span>
    </p>
   </div>
   <div class='ocr_carea' id='block_1_110' title="bbox 2261 5279 2597 5353">
    <p class='ocr_par' dir='ltr' id='par_1_110' title="bbox 2261 5279 2597 5353">
     <span class='ocr_line' id='line_1_112' title="bbox 2261 5279 2597 5353; baseline 0.006 -21"><span class='ocrx_word' id='word_1_770' title='bbox 2261 5279 2360 5353; x_wconf 81' lang='grc' dir='ltr'>τὴν</span> <span class='ocrx_word' id='word_1_771' title='bbox 2387 5279 2597 5351; x_wconf 88' lang='grc' dir='ltr'>δρόσον.</span> 
     </span>
    </p>
   </div>
   <div class='ocr_carea' id='block_1_111' title="bbox 2371 5372 3738 5445">
    <p class='ocr_par' dir='ltr' id='par_1_111' title="bbox 2371 5372 3738 5445">
     <span class='ocr_line' id='line_1_113' title="bbox 2371 5372 3738 5445; baseline 0.004 -19"><span class='ocrx_word' id='word_1_772' title='bbox 2371 5373 2498 5427; x_wconf 71' lang='lat' dir='ltr'><strong>&quot;Ott</strong></span> <span class='ocrx_word' id='word_1_773' title='bbox 2525 5372 2655 5426; x_wconf 80' lang='grc' dir='ltr'>ἐκεῖ</span> <span class='ocrx_word' id='word_1_774' title='bbox 2675 5373 3011 5428; x_wconf 72' lang='grc' dir='ltr'>ἐνετείλατο</span> <span class='ocrx_word' id='word_1_775' title='bbox 3051 5375 3265 5442; x_wconf 78' lang='grc' dir='ltr'>Κύριος</span> <span class='ocrx_word' id='word_1_776' title='bbox 3290 5373 3405 5442; x_wconf 74' lang='grc' dir='ltr'><strong>τὴν</strong></span> <span class='ocrx_word' id='word_1_777' title='bbox 3437 5375 3738 5445; x_wconf 72' lang='grc' dir='ltr'>εὐλογίαν.</span> 
     </span>
    </p>
   </div>
   <div class='ocr_carea' id='block_1_112' title="bbox 2354 5529 3864 5603">
    <p class='ocr_par' dir='ltr' id='par_1_112' title="bbox 2354 5529 3864 5603">
     <span class='ocr_line' id='line_1_114' title="bbox 2354 5529 3864 5603; baseline 0.001 -18"><span class='ocrx_word' id='word_1_778' title='bbox 2354 5532 2502 5585; x_wconf 84' lang='grc' dir='ltr'>Ἐκεῖ</span> <span class='ocrx_word' id='word_1_779' title='bbox 2523 5531 2670 5600; x_wconf 88' lang='grc' dir='ltr'>λέγει</span> <span class='ocrx_word' id='word_1_780' title='bbox 2709 5531 2859 5603; x_wconf 73' lang='grc' dir='ltr'>παρὰ</span> <span class='ocrx_word' id='word_1_781' title='bbox 2881 5535 2994 5596; x_wconf 80' lang='grc' dir='ltr'>τοῖς</span> <span class='ocrx_word' id='word_1_782' title='bbox 3029 5531 3376 5586; x_wconf 74' lang='grc' dir='ltr'>κατοικοῦσιν</span> <span class='ocrx_word' id='word_1_783' title='bbox 3401 5531 3652 5600; x_wconf 80' lang='grc' dir='ltr'>ἀδελφοῖς</span> <span class='ocrx_word' id='word_1_784' title='bbox 3680 5529 3774 5584; x_wconf 72' lang='grc' dir='ltr'><strong>ἐπὶ</strong></span> <span class='ocrx_word' id='word_1_785' title='bbox 3789 5531 3864 5587; x_wconf 61' lang='grc' dir='ltr'>τὸ</span> 
     </span>
    </p>
   </div>
   <div class='ocr_carea' id='block_1_113' title="bbox 2269 5622 3816 5698">
    <p class='ocr_par' dir='ltr' id='par_1_113' title="bbox 2269 5622 3816 5698">
     <span class='ocr_line' id='line_1_115' title="bbox 2269 5622 3816 5698; baseline 0 -20"><span class='ocrx_word' id='word_1_786' title='bbox 2269 5623 2426 5678; x_wconf 65' lang='lat' dir='ltr'><strong>ain-6°</strong></span> <span class='ocrx_word' id='word_1_787' title='bbox 2454 5625 2548 5679; x_wconf 72' lang='grc' dir='ltr'><strong>καὶ</strong></span> <span class='ocrx_word' id='word_1_788' title='bbox 2581 5622 2726 5698; x_wconf 75' lang='grc' dir='ltr'>ζωὴν</span> <span class='ocrx_word' id='word_1_789' title='bbox 2755 5625 2816 5680; x_wconf 80' lang='grc' dir='ltr'><strong>οὐ</strong></span> <span class='ocrx_word' id='word_1_790' title='bbox 2845 5623 2944 5697; x_wconf 83' lang='grc' dir='ltr'><strong>τὴν</strong></span> <span class='ocrx_word' id='word_1_791' title='bbox 2977 5625 3185 5697; x_wconf 82' lang='grc' dir='ltr'>κοινὴν,</span> <span class='ocrx_word' id='word_1_792' title='bbox 3225 5625 3360 5680; x_wconf 81' lang='grc' dir='ltr'>ἀλλὰ</span> <span class='ocrx_word' id='word_1_793' title='bbox 3396 5624 3492 5698; x_wconf 75' lang='grc' dir='ltr'><strong>τὴν</strong></span> <span class='ocrx_word' id='word_1_794' title='bbox 3525 5623 3816 5678; x_wconf 73' lang='grc' dir='ltr'>ἀθάνατον.</span> 
     </span>
    </p>
   </div>
  </div>
