  <div class='ocr_page' id='page_1' title='image "/cluster/home/n/w/nwhite01/storage/ocr_20150623/24/hvd.32044073501108/022.png"; bbox 0 0 4062 6400; ppageno 0'>
   <div class='ocr_carea' id='block_1_1' title="bbox 275 401 3540 512">
    <p class='ocr_par' dir='ltr' id='par_1_1' title="bbox 275 401 3540 512">
     <span class='ocr_line' id='line_1_1' title="bbox 275 401 3540 512; baseline 0.002 -54"><span class='ocrx_word' id='word_1_1' title='bbox 275 401 345 458; x_wconf 77' lang='grc'>29</span> <span class='ocrx_word' id='word_1_2' title='bbox 1401 403 1911 462; x_wconf 77' lang='lat' dir='ltr'><strong><em>COMMENTARIA</em></strong></span> <span class='ocrx_word' id='word_1_3' title='bbox 1952 405 2021 512; x_wconf 64' lang='lat' dir='ltr'><strong><em>I.N</em></strong></span> <span class='ocrx_word' id='word_1_4' title='bbox 2058 403 2396 461; x_wconf 71' lang='lat' dir='ltr'><strong><em>PSALMOS.</em></strong></span> <span class='ocrx_word' id='word_1_5' title='bbox 3467 409 3540 466; x_wconf 77' lang='lat'><strong><em>30</em></strong></span> 
     </span>
    </p>
   </div>
   <div class='ocr_carea' id='block_1_2' title="bbox 801 518 1294 577">
    <p class='ocr_par' dir='ltr' id='par_1_2' title="bbox 801 518 1294 577">
     <span class='ocr_line' id='line_1_2' title="bbox 801 518 1294 577; baseline 0.01 -6"><span class='ocrx_word' id='word_1_6' title='bbox 801 518 1093 572; x_wconf 75' lang='grc' dir='ltr'><strong>ΨΑΛΜΟΣ</strong></span> <span class='ocrx_word' id='word_1_7' title='bbox 1126 519 1294 577; x_wconf 65' lang='lat' dir='ltr'><strong><em>PAF.</em></strong></span> 
     </span>
    </p>
   </div>
   <div class='ocr_carea' id='block_1_3' title="bbox 557 607 1576 679">
    <p class='ocr_par' dir='ltr' id='par_1_3' title="bbox 557 607 1576 679">
     <span class='ocr_line' id='line_1_3' title="bbox 557 607 1576 679; baseline 0.006 -19"><span class='ocrx_word' id='word_1_8' title='bbox 557 607 907 678; x_wconf 74' lang='grc' dir='ltr'>Εὐλογήσαι</span> <span class='ocrx_word' id='word_1_9' title='bbox 941 622 1015 662; x_wconf 85' lang='grc' dir='ltr'>σε</span> <span class='ocrx_word' id='word_1_10' title='bbox 1047 611 1262 679; x_wconf 81' lang='grc' dir='ltr'>Κύριος</span> <span class='ocrx_word' id='word_1_11' title='bbox 1300 610 1368 665; x_wconf 82' lang='grc' dir='ltr'>ἐκ</span> <span class='ocrx_word' id='word_1_12' title='bbox 1401 609 1576 666; x_wconf 72' lang='grc' dir='ltr'>Σιών.</span> 
     </span>
    </p>
   </div>
   <div class='ocr_carea' id='block_1_4' title="bbox 345 697 1854 775">
    <p class='ocr_par' dir='ltr' id='par_1_4' title="bbox 345 697 1854 775">
     <span class='ocr_line' id='line_1_4' title="bbox 345 697 1854 775; baseline 0.005 -23"><span class='ocrx_word' id='word_1_13' title='bbox 345 697 485 770; x_wconf 84' lang='grc' dir='ltr'><strong><em>Ἤδη</em></strong></span> <span class='ocrx_word' id='word_1_14' title='bbox 520 698 598 770; x_wconf 80' lang='grc' dir='ltr'>τῷ</span> <span class='ocrx_word' id='word_1_15' title='bbox 653 699 904 774; x_wconf 75' lang='grc' dir='ltr'>’Λὸραάμ</span> <span class='ocrx_word' id='word_1_16' title='bbox 949 703 1196 774; x_wconf 71' lang='grc' dir='ltr'>εἴρηται·</span> <span class='ocrx_word' id='word_1_17' title='bbox 1227 706 1292 757; x_wconf 86' lang='grc' dir='ltr'><strong><em>Οἱ</em></strong></span> <span class='ocrx_word' id='word_1_18' title='bbox 1329 702 1728 775; x_wconf 74' lang='grc' dir='ltr'>εὐλογοῦντές</span> <span class='ocrx_word' id='word_1_19' title='bbox 1759 721 1854 769; x_wconf 80' lang='grc' dir='ltr'><strong><em>σε,</em></strong></span> 
     </span>
    </p>
   </div>
   <div class='ocr_carea' id='block_1_5' title="bbox 269 791 1856 864">
    <p class='ocr_par' dir='ltr' id='par_1_5' title="bbox 269 791 1856 864">
     <span class='ocr_line' id='line_1_5' title="bbox 269 791 1856 864; baseline 0.003 -19"><span class='ocrx_word' id='word_1_20' title='bbox 269 791 625 860; x_wconf 51' lang='lat' dir='ltr'><strong><em>auida-artat</em></strong></span> <span class='ocrx_word' id='word_1_21' title='bbox 648 809 663 823; x_wconf 97' lang='grc'><strong><em>·</em></strong></span> <span class='ocrx_word' id='word_1_22' title='bbox 718 791 944 864; x_wconf 84' lang='grc' dir='ltr'><strong><em>δυνάμει</em></strong></span> <span class='ocrx_word' id='word_1_23' title='bbox 993 795 1050 848; x_wconf 82' lang='grc' dir='ltr'>δὲ</span> <span class='ocrx_word' id='word_1_24' title='bbox 1109 795 1300 848; x_wconf 76' lang='grc' dir='ltr'>ἑαυτὸν</span> <span class='ocrx_word' id='word_1_25' title='bbox 1351 793 1566 863; x_wconf 81' lang='grc' dir='ltr'>εὐλογεῖ</span> <span class='ocrx_word' id='word_1_26' title='bbox 1621 797 1650 849; x_wconf 90' lang='grc' dir='ltr'><strong><em>ό</em></strong></span> <span class='ocrx_word' id='word_1_27' title='bbox 1699 794 1856 850; x_wconf 84' lang='grc' dir='ltr'>τοῦτο</span> 
     </span>
    </p>
   </div>
   <div class='ocr_carea' id='block_1_6' title="bbox 272 881 1854 957">
    <p class='ocr_par' dir='ltr' id='par_1_6' title="bbox 272 881 1854 957">
     <span class='ocr_line' id='line_1_6' title="bbox 272 881 1854 957; baseline 0.004 -24"><span class='ocrx_word' id='word_1_28' title='bbox 272 881 441 933; x_wconf 88' lang='grc' dir='ltr'>ποιῶν</span> <span class='ocrx_word' id='word_1_29' title='bbox 463 897 478 911; x_wconf 99' lang='grc'><strong><em>·</em></strong></span> <span class='ocrx_word' id='word_1_30' title='bbox 509 881 557 934; x_wconf 88' lang='grc' dir='ltr'><strong><em>εἰ</em></strong></span> <span class='ocrx_word' id='word_1_31' title='bbox 585 881 642 936; x_wconf 84' lang='grc' dir='ltr'>δὲ</span> <span class='ocrx_word' id='word_1_32' title='bbox 676 883 768 936; x_wconf 77' lang='grc' dir='ltr'><strong><em>ἐπὶ</em></strong></span> <span class='ocrx_word' id='word_1_33' title='bbox 793 884 887 936; x_wconf 85' lang='grc' dir='ltr'><strong><em>τοῦ</em></strong></span> <span class='ocrx_word' id='word_1_34' title='bbox 933 884 1203 956; x_wconf 77' lang='grc' dir='ltr'>Ἀϐραὰμ,</span> <span class='ocrx_word' id='word_1_35' title='bbox 1233 886 1387 957; x_wconf 85' lang='grc' dir='ltr'>πόσῳ</span> <span class='ocrx_word' id='word_1_36' title='bbox 1418 885 1619 957; x_wconf 81' lang='grc' dir='ltr'>μᾶλλον</span> <span class='ocrx_word' id='word_1_37' title='bbox 1642 887 1734 940; x_wconf 78' lang='grc' dir='ltr'><strong><em>ἐπὶ</em></strong></span> <span class='ocrx_word' id='word_1_38' title='bbox 1759 885 1854 940; x_wconf 84' lang='grc' dir='ltr'><strong><em>τοῦ</em></strong></span> 
     </span>
    </p>
   </div>
   <div class='ocr_carea' id='block_1_7' title="bbox 270 972 1850 1049">
    <p class='ocr_par' dir='ltr' id='par_1_7' title="bbox 270 972 1850 1049">
     <span class='ocr_line' id='line_1_7' title="bbox 270 972 1850 1049; baseline 0.001 -22"><span class='ocrx_word' id='word_1_39' title='bbox 270 972 516 1045; x_wconf 72' lang='grc' dir='ltr'>κυρίους</span> <span class='ocrx_word' id='word_1_40' title='bbox 567 975 629 1028; x_wconf 81' lang='grc' dir='ltr'>οὗ</span> <span class='ocrx_word' id='word_1_41' title='bbox 671 974 782 1047; x_wconf 84' lang='grc' dir='ltr'><strong><em>γὰρ</em></strong></span> <span class='ocrx_word' id='word_1_42' title='bbox 836 975 1002 1029; x_wconf 87' lang='grc' dir='ltr'>δεῖται</span> <span class='ocrx_word' id='word_1_43' title='bbox 1049 977 1150 1048; x_wconf 85' lang='grc' dir='ltr'>τῆς</span> <span class='ocrx_word' id='word_1_44' title='bbox 1196 979 1325 1049; x_wconf 83' lang='grc' dir='ltr'>παρ’</span> <span class='ocrx_word' id='word_1_45' title='bbox 1369 977 1527 1048; x_wconf 80' lang='grc' dir='ltr'>ἡμῶν</span> <span class='ocrx_word' id='word_1_46' title='bbox 1582 975 1850 1046; x_wconf 81' lang='grc' dir='ltr'><strong><em>εὐλογίας.</em></strong></span> 
     </span>
    </p>
   </div>
   <div class='ocr_carea' id='block_1_8' title="bbox 273 1066 1851 1140">
    <p class='ocr_par' dir='ltr' id='par_1_8' title="bbox 273 1066 1851 1140">
     <span class='ocr_line' id='line_1_8' title="bbox 273 1066 1851 1140; baseline 0.002 -22"><span class='ocrx_word' id='word_1_47' title='bbox 273 1067 542 1130; x_wconf 81' lang='grc' dir='ltr'><strong><em>Ἕκαστος</em></strong></span> <span class='ocrx_word' id='word_1_48' title='bbox 590 1066 646 1119; x_wconf 86' lang='grc' dir='ltr'>δὲ</span> <span class='ocrx_word' id='word_1_49' title='bbox 681 1067 857 1138; x_wconf 82' lang='grc' dir='ltr'>ἑαυτῷ</span> <span class='ocrx_word' id='word_1_50' title='bbox 896 1067 1203 1140; x_wconf 75' lang='grc' dir='ltr'>χαρίζεται,</span> <span class='ocrx_word' id='word_1_51' title='bbox 1253 1071 1349 1122; x_wconf 78' lang='grc' dir='ltr'><strong><em>καί</em></strong></span> <span class='ocrx_word' id='word_1_52' title='bbox 1385 1069 1574 1123; x_wconf 82' lang='grc' dir='ltr'>ἑαυτὸν</span> <span class='ocrx_word' id='word_1_53' title='bbox 1619 1069 1851 1137; x_wconf 82' lang='grc' dir='ltr'>εὑλογεῖ,</span> 
     </span>
    </p>
   </div>
   <div class='ocr_carea' id='block_1_9' title="bbox 271 1157 1856 1233">
    <p class='ocr_par' dir='ltr' id='par_1_9' title="bbox 271 1157 1856 1233">
     <span class='ocr_line' id='line_1_9' title="bbox 271 1157 1856 1233; baseline 0.001 -21"><span class='ocrx_word' id='word_1_54' title='bbox 271 1157 757 1230; x_wconf 88' lang='grc' dir='ltr'>ἀντευλογούμενος</span> <span class='ocrx_word' id='word_1_55' title='bbox 780 1160 883 1212; x_wconf 79' lang='grc' dir='ltr'><strong><em>ὑπὸ</em></strong></span> <span class='ocrx_word' id='word_1_56' title='bbox 907 1160 998 1214; x_wconf 88' lang='grc' dir='ltr'><strong><em>τοῦ</em></strong></span> <span class='ocrx_word' id='word_1_57' title='bbox 1021 1160 1128 1215; x_wconf 90' lang='grc' dir='ltr'><strong><em>τῶν</em></strong></span> <span class='ocrx_word' id='word_1_58' title='bbox 1145 1161 1282 1215; x_wconf 86' lang='grc' dir='ltr'>ὅλων</span> <span class='ocrx_word' id='word_1_59' title='bbox 1308 1160 1559 1232; x_wconf 86' lang='grc' dir='ltr'>Ποιητοῦ.</span> <span class='ocrx_word' id='word_1_60' title='bbox 1587 1161 1677 1214; x_wconf 83' lang='grc' dir='ltr'>Διδ</span> <span class='ocrx_word' id='word_1_61' title='bbox 1705 1160 1856 1233; x_wconf 63' lang='grc' dir='ltr'>πρῶ.</span> 
     </span>
    </p>
   </div>
   <div class='ocr_carea' id='block_1_10' title="bbox 270 1248 1851 1326">
    <p class='ocr_par' dir='ltr' id='par_1_10' title="bbox 270 1248 1851 1326">
     <span class='ocr_line' id='line_1_10' title="bbox 270 1248 1851 1326; baseline 0.004 -25"><span class='ocrx_word' id='word_1_62' title='bbox 270 1265 360 1302; x_wconf 87' lang='grc' dir='ltr'><strong><em>τον</em></strong></span> <span class='ocrx_word' id='word_1_63' title='bbox 387 1249 619 1321; x_wconf 73' lang='grc' dir='ltr'>εἴρηται·</span> <span class='ocrx_word' id='word_1_64' title='bbox 657 1253 974 1321; x_wconf 75' lang='grc' dir='ltr'>Εὐλοτεῖτε</span> <span class='ocrx_word' id='word_1_65' title='bbox 1002 1254 1109 1307; x_wconf 78' lang='grc' dir='ltr'>τὸν</span> <span class='ocrx_word' id='word_1_66' title='bbox 1147 1254 1383 1322; x_wconf 82' lang='grc' dir='ltr'>Κύριον·</span> <span class='ocrx_word' id='word_1_67' title='bbox 1420 1248 1519 1308; x_wconf 75' lang='grc' dir='ltr'>εἷθ’</span> <span class='ocrx_word' id='word_1_68' title='bbox 1549 1254 1695 1326; x_wconf 79' lang='grc' dir='ltr'>ἑξῆς·</span> <span class='ocrx_word' id='word_1_69' title='bbox 1733 1256 1851 1308; x_wconf 81' lang='grc' dir='ltr'><strong><em>Εὐ-</em></strong></span> 
     </span>
    </p>
   </div>
   <div class='ocr_carea' id='block_1_11' title="bbox 267 1342 896 1413">
    <p class='ocr_par' dir='ltr' id='par_1_11' title="bbox 267 1342 896 1413">
     <span class='ocr_line' id='line_1_11' title="bbox 267 1342 896 1413; baseline 0.003 -17"><span class='ocrx_word' id='word_1_70' title='bbox 267 1342 530 1412; x_wconf 72' lang='grc' dir='ltr'>λογήσαι</span> <span class='ocrx_word' id='word_1_71' title='bbox 553 1359 628 1398; x_wconf 84' lang='grc' dir='ltr'><strong><em>σε</em></strong></span> <span class='ocrx_word' id='word_1_72' title='bbox 658 1345 896 1413; x_wconf 76' lang='grc' dir='ltr'>Κύριος.</span> 
     </span>
    </p>
   </div>
   <div class='ocr_carea' id='block_1_12' title="bbox 781 1437 1290 1492">
    <p class='ocr_par' dir='ltr' id='par_1_12' title="bbox 781 1437 1290 1492">
     <span class='ocr_line' id='line_1_12' title="bbox 781 1437 1290 1492; baseline 0.002 -3"><span class='ocrx_word' id='word_1_73' title='bbox 781 1437 1075 1492; x_wconf 82' lang='grc' dir='ltr'><strong><em>ΨΑΛΜΟΣ</em></strong></span> <span class='ocrx_word' id='word_1_74' title='bbox 1123 1437 1290 1492; x_wconf 77' lang='lat' dir='ltr'><strong>PAA&#39;.</strong></span> 
     </span>
    </p>
   </div>
   <div class='ocr_carea' id='block_1_13' title="bbox 335 1524 1850 1600">
    <p class='ocr_par' dir='ltr' id='par_1_13' title="bbox 335 1524 1850 1600">
     <span class='ocr_line' id='line_1_13' title="bbox 335 1524 1850 1600; baseline 0.005 -24"><span class='ocrx_word' id='word_1_75' title='bbox 335 1524 413 1595; x_wconf 79' lang='grc' dir='ltr'><strong><em>Τῇ</em></strong></span> <span class='ocrx_word' id='word_1_76' title='bbox 445 1524 552 1578; x_wconf 89' lang='grc' dir='ltr'><strong><em>τῶν</em></strong></span> <span class='ocrx_word' id='word_1_77' title='bbox 565 1525 717 1597; x_wconf 83' lang='grc' dir='ltr'><strong><em>ᾠδῶν</em></strong></span> <span class='ocrx_word' id='word_1_78' title='bbox 745 1527 948 1600; x_wconf 74' lang='grc' dir='ltr'>ἐσχάτῃ</span> <span class='ocrx_word' id='word_1_79' title='bbox 972 1527 1068 1593; x_wconf 80' lang='grc' dir='ltr'><strong><em>τὰς</em></strong></span> <span class='ocrx_word' id='word_1_80' title='bbox 1093 1527 1264 1592; x_wconf 72' lang='grc' dir='ltr'>αὑτὰς</span> <span class='ocrx_word' id='word_1_81' title='bbox 1291 1528 1431 1598; x_wconf 80' lang='grc' dir='ltr'>ἔχων</span> <span class='ocrx_word' id='word_1_82' title='bbox 1451 1527 1646 1594; x_wconf 80' lang='grc' dir='ltr'><strong><em>λέξεις,</em></strong></span> <span class='ocrx_word' id='word_1_83' title='bbox 1664 1530 1692 1582; x_wconf 90' lang='grc' dir='ltr'><strong><em>ό</em></strong></span> <span class='ocrx_word' id='word_1_84' title='bbox 1709 1547 1850 1600; x_wconf 89' lang='grc' dir='ltr'>παρ-</span> 
     </span>
    </p>
   </div>
   <div class='ocr_carea' id='block_1_14' title="bbox 263 1613 1849 1697">
    <p class='ocr_par' dir='ltr' id='par_1_14' title="bbox 263 1613 1849 1697">
     <span class='ocr_line' id='line_1_14' title="bbox 263 1613 1849 1697; baseline 0.003 -28"><span class='ocrx_word' id='word_1_85' title='bbox 263 1614 342 1669; x_wconf 86' lang='grc' dir='ltr'><strong><em>ὼν</em></strong></span> <span class='ocrx_word' id='word_1_86' title='bbox 393 1613 542 1680; x_wconf 77' lang='grc' dir='ltr'>αἶνος</span> <span class='ocrx_word' id='word_1_87' title='bbox 610 1618 835 1681; x_wconf 83' lang='grc' dir='ltr'><strong><em>εἰκότως</em></strong></span> <span class='ocrx_word' id='word_1_88' title='bbox 879 1621 1241 1697; x_wconf 42' lang='grc' dir='ltr'>παράκειταιι·</span> <span class='ocrx_word' id='word_1_89' title='bbox 1290 1619 1370 1672; x_wconf 87' lang='grc' dir='ltr'><strong><em>διὸ</em></strong></span> <span class='ocrx_word' id='word_1_90' title='bbox 1405 1619 1467 1672; x_wconf 82' lang='grc' dir='ltr'>τὸ</span> <span class='ocrx_word' id='word_1_91' title='bbox 1511 1621 1849 1688; x_wconf 75' lang='grc' dir='ltr'>ἀλληλούτα</span> 
     </span>
    </p>
   </div>
   <div class='ocr_carea' id='block_1_15' title="bbox 265 1709 1845 1782">
    <p class='ocr_par' dir='ltr' id='par_1_15' title="bbox 265 1709 1845 1782">
     <span class='ocr_line' id='line_1_15' title="bbox 265 1709 1845 1782; baseline 0.003 -20"><span class='ocrx_word' id='word_1_92' title='bbox 265 1709 718 1782; x_wconf 89' lang='grc' dir='ltr'>προγέγραπται·</span> <span class='ocrx_word' id='word_1_93' title='bbox 754 1711 850 1764; x_wconf 90' lang='grc' dir='ltr'><strong><em>τοῦ</em></strong></span> <span class='ocrx_word' id='word_1_94' title='bbox 888 1712 987 1782; x_wconf 86' lang='grc' dir='ltr'>μὲν</span> <span class='ocrx_word' id='word_1_95' title='bbox 1017 1711 1292 1780; x_wconf 63' lang='lat' dir='ltr'><strong><em>auan</em></strong></span> <span class='ocrx_word' id='word_1_96' title='bbox 1329 1711 1617 1782; x_wconf 78' lang='grc' dir='ltr'>δηλοῦντος</span> <span class='ocrx_word' id='word_1_97' title='bbox 1656 1713 1716 1765; x_wconf 86' lang='grc' dir='ltr'>τὸ</span> <span class='ocrx_word' id='word_1_98' title='bbox 1756 1716 1845 1766; x_wconf 81' lang='lat' dir='ltr'><strong><em>al-</em></strong></span> 
     </span>
    </p>
   </div>
   <div class='ocr_carea' id='block_1_16' title="bbox 263 1802 1844 1876">
    <p class='ocr_par' dir='ltr' id='par_1_16' title="bbox 263 1802 1844 1876">
     <span class='ocr_line' id='line_1_16' title="bbox 263 1802 1844 1876; baseline 0.003 -22"><span class='ocrx_word' id='word_1_99' title='bbox 263 1802 440 1868; x_wconf 75' lang='grc' dir='ltr'>γεῖτε,</span> <span class='ocrx_word' id='word_1_100' title='bbox 474 1803 568 1857; x_wconf 86' lang='grc' dir='ltr'><strong><em>τοῦ</em></strong></span> <span class='ocrx_word' id='word_1_101' title='bbox 601 1805 646 1858; x_wconf 74' lang='grc' dir='ltr'>δ’</span> <span class='ocrx_word' id='word_1_102' title='bbox 687 1803 769 1868; x_wconf 78' lang='lat' dir='ltr'><strong><em>Ia,</em></strong></span> <span class='ocrx_word' id='word_1_103' title='bbox 791 1804 898 1859; x_wconf 79' lang='grc' dir='ltr'>τόν</span> <span class='ocrx_word' id='word_1_104' title='bbox 929 1806 1168 1874; x_wconf 78' lang='grc' dir='ltr'><strong><em>Κύριον.</em></strong></span> <span class='ocrx_word' id='word_1_105' title='bbox 1203 1805 1362 1858; x_wconf 81' lang='grc' dir='ltr'>Εἴποι</span> <span class='ocrx_word' id='word_1_106' title='bbox 1392 1805 1437 1857; x_wconf 80' lang='grc' dir='ltr'>δ’</span> <span class='ocrx_word' id='word_1_107' title='bbox 1470 1806 1534 1859; x_wconf 85' lang='grc' dir='ltr'>ἄν</span> <span class='ocrx_word' id='word_1_108' title='bbox 1555 1822 1637 1868; x_wconf 89' lang='grc' dir='ltr'><strong><em>τις</em></strong></span> <span class='ocrx_word' id='word_1_109' title='bbox 1677 1804 1844 1876; x_wconf 77' lang='grc' dir='ltr'>ὕμνον</span> 
     </span>
    </p>
   </div>
   <div class='ocr_carea' id='block_1_17' title="bbox 263 1889 1844 1969">
    <p class='ocr_par' dir='ltr' id='par_1_17' title="bbox 263 1889 1844 1969">
     <span class='ocr_line' id='line_1_17' title="bbox 263 1889 1844 1969; baseline 0.002 -22"><span class='ocrx_word' id='word_1_110' title='bbox 263 1889 402 1948; x_wconf 74' lang='grc' dir='ltr'>εἷναι</span> <span class='ocrx_word' id='word_1_111' title='bbox 447 1895 515 1948; x_wconf 82' lang='grc' dir='ltr'>τὰ</span> <span class='ocrx_word' id='word_1_112' title='bbox 550 1895 762 1966; x_wconf 75' lang='grc' dir='ltr'>πρῶτα,</span> <span class='ocrx_word' id='word_1_113' title='bbox 808 1896 884 1961; x_wconf 87' lang='grc' dir='ltr'>ὡς</span> <span class='ocrx_word' id='word_1_114' title='bbox 935 1898 992 1951; x_wconf 85' lang='grc' dir='ltr'>ὲν</span> <span class='ocrx_word' id='word_1_115' title='bbox 1031 1897 1300 1969; x_wconf 81' lang='grc' dir='ltr'><strong><em>προοιμίῳ</em></strong></span> <span class='ocrx_word' id='word_1_116' title='bbox 1345 1896 1681 1968; x_wconf 82' lang='grc' dir='ltr'>διεγείροντα</span> <span class='ocrx_word' id='word_1_117' title='bbox 1717 1898 1844 1960; x_wconf 76' lang='grc' dir='ltr'>τοὺς</span> 
     </span>
    </p>
   </div>
   <div class='ocr_carea' id='block_1_18' title="bbox 263 1987 1842 2060">
    <p class='ocr_par' dir='ltr' id='par_1_18' title="bbox 263 1987 1842 2060">
     <span class='ocr_line' id='line_1_18' title="bbox 263 1987 1842 2060; baseline 0.001 -20"><span class='ocrx_word' id='word_1_118' title='bbox 263 1987 768 2059; x_wconf 85' lang='grc' dir='ltr'>προσταττομένους</span> <span class='ocrx_word' id='word_1_119' title='bbox 814 1990 985 2042; x_wconf 79' lang='grc' dir='ltr'>αἰνεῖν</span> <span class='ocrx_word' id='word_1_120' title='bbox 1027 1988 1118 2042; x_wconf 73' lang='grc' dir='ltr'>τδν</span> <span class='ocrx_word' id='word_1_121' title='bbox 1158 1988 1324 2041; x_wconf 87' lang='grc' dir='ltr'>Θεόν·</span> <span class='ocrx_word' id='word_1_122' title='bbox 1375 1989 1710 2060; x_wconf 82' lang='grc' dir='ltr'>ἀρχομένους</span> <span class='ocrx_word' id='word_1_123' title='bbox 1748 1989 1842 2042; x_wconf 91' lang='grc' dir='ltr'><strong><em>τοῦ</em></strong></span> 
     </span>
    </p>
   </div>
   <div class='ocr_carea' id='block_1_19' title="bbox 261 2079 1839 2149">
    <p class='ocr_par' dir='ltr' id='par_1_19' title="bbox 261 2079 1839 2149">
     <span class='ocr_line' id='line_1_19' title="bbox 261 2079 1839 2149; baseline 0.003 -19"><span class='ocrx_word' id='word_1_124' title='bbox 261 2079 411 2131; x_wconf 80' lang='grc' dir='ltr'>αίνου</span> <span class='ocrx_word' id='word_1_125' title='bbox 446 2080 554 2133; x_wconf 85' lang='grc' dir='ltr'>ἀπὸ</span> <span class='ocrx_word' id='word_1_126' title='bbox 578 2080 695 2145; x_wconf 84' lang='grc' dir='ltr'>τοῦ,</span> <span class='ocrx_word' id='word_1_127' title='bbox 727 2081 927 2148; x_wconf 81' lang='grc' dir='ltr'>Κύριε,</span> <span class='ocrx_word' id='word_1_128' title='bbox 952 2079 1019 2134; x_wconf 83' lang='grc' dir='ltr'>τὸ</span> <span class='ocrx_word' id='word_1_129' title='bbox 1042 2079 1229 2149; x_wconf 75' lang='grc' dir='ltr'>ὄνομά</span> <span class='ocrx_word' id='word_1_130' title='bbox 1255 2096 1372 2135; x_wconf 81' lang='grc' dir='ltr'><strong><em>σου</em></strong></span> <span class='ocrx_word' id='word_1_131' title='bbox 1392 2084 1479 2147; x_wconf 78' lang='grc' dir='ltr'><strong><em>εἰς</em></strong></span> <span class='ocrx_word' id='word_1_132' title='bbox 1500 2082 1607 2134; x_wconf 74' lang='grc' dir='ltr'>τόν</span> <span class='ocrx_word' id='word_1_133' title='bbox 1635 2081 1839 2136; x_wconf 82' lang='grc' dir='ltr'>αἰῶνα.</span> 
     </span>
    </p>
   </div>
   <div class='ocr_carea' id='block_1_20' title="bbox 258 2169 1841 2245">
    <p class='ocr_par' dir='ltr' id='par_1_20' title="bbox 258 2169 1841 2245">
     <span class='ocr_line' id='line_1_20' title="bbox 258 2169 1841 2245; baseline 0.003 -22"><span class='ocrx_word' id='word_1_134' title='bbox 258 2169 506 2241; x_wconf 80' lang='grc' dir='ltr'>Κατηχεῖ</span> <span class='ocrx_word' id='word_1_135' title='bbox 531 2171 588 2225; x_wconf 80' lang='grc' dir='ltr'>δὲ</span> <span class='ocrx_word' id='word_1_136' title='bbox 623 2173 982 2245; x_wconf 73' lang='grc' dir='ltr'><strong><em>ἀποστρέφων</em></strong></span> <span class='ocrx_word' id='word_1_137' title='bbox 1015 2171 1271 2238; x_wconf 80' lang='grc' dir='ltr'><strong><em>εἰδώλων,</em></strong></span> <span class='ocrx_word' id='word_1_138' title='bbox 1307 2174 1402 2226; x_wconf 73' lang='grc' dir='ltr'>καὶ</span> <span class='ocrx_word' id='word_1_139' title='bbox 1429 2173 1670 2228; x_wconf 79' lang='grc' dir='ltr'><strong><em>διδάσκει</em></strong></span> <span class='ocrx_word' id='word_1_140' title='bbox 1697 2175 1841 2243; x_wconf 80' lang='grc' dir='ltr'>γνῶ-</span> 
     </span>
    </p>
   </div>
   <div class='ocr_carea' id='block_1_21' title="bbox 260 2263 1844 2338">
    <p class='ocr_par' dir='ltr' id='par_1_21' title="bbox 260 2263 1844 2338">
     <span class='ocr_line' id='line_1_21' title="bbox 260 2263 1844 2338; baseline 0.003 -24"><span class='ocrx_word' id='word_1_141' title='bbox 260 2278 347 2314; x_wconf 82' lang='grc' dir='ltr'><strong><em>σιν</em></strong></span> <span class='ocrx_word' id='word_1_142' title='bbox 377 2263 535 2318; x_wconf 84' lang='grc' dir='ltr'>Θεοῦ.</span> <span class='ocrx_word' id='word_1_143' title='bbox 572 2264 837 2334; x_wconf 82' lang='grc' dir='ltr'><strong><em>Τοιαύτης</em></strong></span> <span class='ocrx_word' id='word_1_144' title='bbox 864 2265 973 2337; x_wconf 77' lang='grc' dir='ltr'>γὰρ</span> <span class='ocrx_word' id='word_1_145' title='bbox 1002 2266 1130 2328; x_wconf 77' lang='grc' dir='ltr'>τοὺς</span> <span class='ocrx_word' id='word_1_146' title='bbox 1157 2264 1252 2318; x_wconf 86' lang='grc' dir='ltr'><strong><em>νῦν</em></strong></span> <span class='ocrx_word' id='word_1_147' title='bbox 1271 2265 1346 2337; x_wconf 88' lang='grc'><strong><em>(8)</em></strong></span> <span class='ocrx_word' id='word_1_148' title='bbox 1382 2264 1440 2329; x_wconf 79' lang='grc' dir='ltr'>ἐξ</span> <span class='ocrx_word' id='word_1_149' title='bbox 1480 2264 1646 2318; x_wconf 80' lang='grc' dir='ltr'>ἐθνῶν</span> <span class='ocrx_word' id='word_1_150' title='bbox 1675 2284 1844 2338; x_wconf 83' lang='grc' dir='ltr'>προσ-</span> 
     </span>
    </p>
   </div>
   <div class='ocr_carea' id='block_1_22' title="bbox 261 2354 1838 2429">
    <p class='ocr_par' dir='ltr' id='par_1_22' title="bbox 261 2354 1838 2429">
     <span class='ocr_line' id='line_1_22' title="bbox 261 2354 1838 2429; baseline 0.005 -24"><span class='ocrx_word' id='word_1_151' title='bbox 261 2354 442 2417; x_wconf 81' lang='grc' dir='ltr'>ιόντας</span> <span class='ocrx_word' id='word_1_152' title='bbox 485 2354 590 2407; x_wconf 78' lang='grc' dir='ltr'>ἔδει</span> <span class='ocrx_word' id='word_1_153' title='bbox 633 2357 814 2425; x_wconf 79' lang='grc' dir='ltr'>τυχεῖν</span> <span class='ocrx_word' id='word_1_154' title='bbox 867 2357 1274 2429; x_wconf 80' lang='grc' dir='ltr'>παραινέσεως·</span> <span class='ocrx_word' id='word_1_155' title='bbox 1325 2357 1420 2422; x_wconf 82' lang='grc' dir='ltr'><strong><em>οὒς</em></strong></span> <span class='ocrx_word' id='word_1_156' title='bbox 1475 2359 1569 2412; x_wconf 75' lang='grc' dir='ltr'>καὶ</span> <span class='ocrx_word' id='word_1_157' title='bbox 1619 2359 1838 2424; x_wconf 83' lang='grc' dir='ltr'>δούλους</span> 
     </span>
    </p>
   </div>
   <div class='ocr_carea' id='block_1_23' title="bbox 257 2446 1837 2521">
    <p class='ocr_par' dir='ltr' id='par_1_23' title="bbox 257 2446 1837 2521">
     <span class='ocr_line' id='line_1_23' title="bbox 257 2446 1837 2521; baseline 0.003 -22"><span class='ocrx_word' id='word_1_158' title='bbox 257 2447 433 2510; x_wconf 88' lang='grc' dir='ltr'>καλεῖ,</span> <span class='ocrx_word' id='word_1_159' title='bbox 465 2448 630 2519; x_wconf 85' lang='grc' dir='ltr'>μήπω</span> <span class='ocrx_word' id='word_1_160' title='bbox 669 2446 730 2499; x_wconf 86' lang='grc' dir='ltr'>τὸ</span> <span class='ocrx_word' id='word_1_161' title='bbox 765 2446 981 2519; x_wconf 88' lang='grc' dir='ltr'>πνεῦμα</span> <span class='ocrx_word' id='word_1_162' title='bbox 1021 2449 1120 2518; x_wconf 80' lang='grc' dir='ltr'>τῆς</span> <span class='ocrx_word' id='word_1_163' title='bbox 1155 2448 1427 2512; x_wconf 79' lang='grc' dir='ltr'>υἱοθεσίας</span> <span class='ocrx_word' id='word_1_164' title='bbox 1460 2449 1837 2521; x_wconf 84' lang='grc' dir='ltr'><strong><em>ἀνειληφότας.</em></strong></span> 
     </span>
    </p>
   </div>
   <div class='ocr_carea' id='block_1_24' title="bbox 256 2535 1839 2608">
    <p class='ocr_par' dir='ltr' id='par_1_24' title="bbox 256 2535 1839 2608">
     <span class='ocr_line' id='line_1_24' title="bbox 256 2535 1839 2608; baseline 0.004 -21"><span class='ocrx_word' id='word_1_165' title='bbox 256 2535 553 2605; x_wconf 76' lang='grc' dir='ltr'>Συμΰαίνει</span> <span class='ocrx_word' id='word_1_166' title='bbox 579 2535 637 2589; x_wconf 81' lang='grc' dir='ltr'>δὲ</span> <span class='ocrx_word' id='word_1_167' title='bbox 653 2535 872 2600; x_wconf 83' lang='grc' dir='ltr'>τούτους</span> <span class='ocrx_word' id='word_1_168' title='bbox 897 2537 1004 2608; x_wconf 86' lang='grc' dir='ltr'>πρὸ</span> <span class='ocrx_word' id='word_1_169' title='bbox 1035 2538 1132 2608; x_wconf 82' lang='lat'><strong><em>(8&#39;)</em></strong></span> <span class='ocrx_word' id='word_1_170' title='bbox 1166 2539 1264 2608; x_wconf 81' lang='grc' dir='ltr'>τῆς</span> <span class='ocrx_word' id='word_1_171' title='bbox 1283 2540 1698 2608; x_wconf 83' lang='grc' dir='ltr'>παλιγγενεσίας</span> <span class='ocrx_word' id='word_1_172' title='bbox 1718 2541 1839 2594; x_wconf 87' lang='grc' dir='ltr'>λου-</span> 
     </span>
    </p>
   </div>
   <div class='ocr_carea' id='block_1_25' title="bbox 253 2626 1837 2702">
    <p class='ocr_par' dir='ltr' id='par_1_25' title="bbox 253 2626 1837 2702">
     <span class='ocr_line' id='line_1_25' title="bbox 253 2626 1837 2702; baseline 0.004 -23"><span class='ocrx_word' id='word_1_173' title='bbox 253 2626 407 2697; x_wconf 85' lang='grc' dir='ltr'>τροῦ,</span> <span class='ocrx_word' id='word_1_174' title='bbox 434 2627 622 2681; x_wconf 83' lang='grc' dir='ltr'>στάσιν</span> <span class='ocrx_word' id='word_1_175' title='bbox 641 2626 786 2697; x_wconf 79' lang='grc' dir='ltr'>ἔχειν</span> <span class='ocrx_word' id='word_1_176' title='bbox 807 2630 864 2681; x_wconf 83' lang='grc' dir='ltr'>ὲν</span> <span class='ocrx_word' id='word_1_177' title='bbox 885 2627 1020 2699; x_wconf 69' lang='grc' dir='ltr'>οἴκῳ</span> <span class='ocrx_word' id='word_1_178' title='bbox 1042 2628 1177 2682; x_wconf 91' lang='grc' dir='ltr'>Θεοῦ</span> <span class='ocrx_word' id='word_1_179' title='bbox 1203 2628 1309 2682; x_wconf 89' lang='grc' dir='ltr'><strong><em>τῶν</em></strong></span> <span class='ocrx_word' id='word_1_180' title='bbox 1336 2631 1500 2684; x_wconf 75' lang='grc' dir='ltr'>αὐτοῦ</span> <span class='ocrx_word' id='word_1_181' title='bbox 1525 2631 1837 2702; x_wconf 85' lang='grc' dir='ltr'>προπύλων,</span> 
     </span>
    </p>
   </div>
   <div class='ocr_carea' id='block_1_26' title="bbox 251 2717 1840 2797">
    <p class='ocr_par' dir='ltr' id='par_1_26' title="bbox 251 2717 1840 2797">
     <span class='ocr_line' id='line_1_26' title="bbox 251 2717 1840 2797; baseline 0.003 -24"><span class='ocrx_word' id='word_1_182' title='bbox 251 2717 370 2773; x_wconf 80' lang='grc' dir='ltr'>ἀλλ’</span> <span class='ocrx_word' id='word_1_183' title='bbox 429 2719 490 2772; x_wconf 84' lang='grc' dir='ltr'>οὐ</span> <span class='ocrx_word' id='word_1_184' title='bbox 551 2719 658 2772; x_wconf 90' lang='grc' dir='ltr'><strong><em>τῶν</em></strong></span> <span class='ocrx_word' id='word_1_185' title='bbox 713 2719 976 2773; x_wconf 75' lang='grc' dir='ltr'><strong><em>ἐνδοτάτω</em></strong></span> <span class='ocrx_word' id='word_1_186' title='bbox 1029 2721 1310 2792; x_wconf 86' lang='grc' dir='ltr'>τυχόντας·</span> <span class='ocrx_word' id='word_1_187' title='bbox 1367 2723 1677 2795; x_wconf 79' lang='grc' dir='ltr'>εἰσαγωγὴν</span> <span class='ocrx_word' id='word_1_188' title='bbox 1729 2725 1840 2797; x_wconf 83' lang='grc' dir='ltr'><strong><em>γὰρ</em></strong></span> 
     </span>
    </p>
   </div>
   <div class='ocr_carea' id='block_1_27' title="bbox 253 2809 1837 2886">
    <p class='ocr_par' dir='ltr' id='par_1_27' title="bbox 253 2809 1837 2886">
     <span class='ocr_line' id='line_1_27' title="bbox 253 2809 1837 2886; baseline 0.005 -24"><span class='ocrx_word' id='word_1_189' title='bbox 253 2809 431 2880; x_wconf 78' lang='grc' dir='ltr'>ἔσχον,</span> <span class='ocrx_word' id='word_1_190' title='bbox 483 2809 595 2864; x_wconf 79' lang='grc' dir='ltr'>ἀλλ’</span> <span class='ocrx_word' id='word_1_191' title='bbox 641 2809 702 2863; x_wconf 77' lang='grc' dir='ltr'>οὐ</span> <span class='ocrx_word' id='word_1_192' title='bbox 745 2809 1042 2865; x_wconf 81' lang='grc' dir='ltr'>τελείωσιν.</span> <span class='ocrx_word' id='word_1_193' title='bbox 1087 2811 1345 2884; x_wconf 80' lang='grc' dir='ltr'>Διάφοροί</span> <span class='ocrx_word' id='word_1_194' title='bbox 1389 2831 1452 2883; x_wconf 89' lang='grc' dir='ltr'><strong><em>γε</em></strong></span> <span class='ocrx_word' id='word_1_195' title='bbox 1506 2814 1611 2886; x_wconf 80' lang='grc' dir='ltr'>μὴν</span> <span class='ocrx_word' id='word_1_196' title='bbox 1654 2816 1837 2882; x_wconf 77' lang='grc' dir='ltr'>αὐλαὶ,</span> 
     </span>
    </p>
   </div>
   <div class='ocr_carea' id='block_1_28' title="bbox 253 2902 1839 2981">
    <p class='ocr_par' dir='ltr' id='par_1_28' title="bbox 253 2902 1839 2981">
     <span class='ocr_line' id='line_1_28' title="bbox 253 2902 1839 2981; baseline 0.004 -26"><span class='ocrx_word' id='word_1_197' title='bbox 253 2903 378 2956; x_wconf 75' lang='grc' dir='ltr'>ἐπεὶ</span> <span class='ocrx_word' id='word_1_198' title='bbox 406 2903 500 2957; x_wconf 76' lang='grc' dir='ltr'>καὶ</span> <span class='ocrx_word' id='word_1_199' title='bbox 525 2903 768 2975; x_wconf 81' lang='grc' dir='ltr'>διάφοροι</span> <span class='ocrx_word' id='word_1_200' title='bbox 788 2902 894 2957; x_wconf 89' lang='grc' dir='ltr'><strong><em>τῶν</em></strong></span> <span class='ocrx_word' id='word_1_201' title='bbox 915 2904 1288 2975; x_wconf 78' lang='grc' dir='ltr'>εἰσαγομένων</span> <span class='ocrx_word' id='word_1_202' title='bbox 1315 2907 1364 2959; x_wconf 86' lang='grc' dir='ltr'><strong><em>οἰ</em></strong></span> <span class='ocrx_word' id='word_1_203' title='bbox 1395 2906 1520 2976; x_wconf 85' lang='grc' dir='ltr'>βίοι·</span> <span class='ocrx_word' id='word_1_204' title='bbox 1553 2909 1839 2981; x_wconf 77' lang='grc' dir='ltr'>προκοπῆς</span> 
     </span>
    </p>
   </div>
   <div class='ocr_carea' id='block_1_29' title="bbox 251 2993 1839 3070">
    <p class='ocr_par' dir='ltr' id='par_1_29' title="bbox 251 2993 1839 3070">
     <span class='ocr_line' id='line_1_29' title="bbox 251 2993 1839 3070; baseline 0.003 -24"><span class='ocrx_word' id='word_1_205' title='bbox 251 2993 331 3056; x_wconf 84' lang='grc' dir='ltr'><strong><em>δὲ,</em></strong></span> <span class='ocrx_word' id='word_1_206' title='bbox 368 2993 428 3046; x_wconf 75' lang='grc' dir='ltr'><strong><em>τὸ</em></strong></span> <span class='ocrx_word' id='word_1_207' title='bbox 459 2993 595 3064; x_wconf 81' lang='grc' dir='ltr'>μετὰ</span> <span class='ocrx_word' id='word_1_208' title='bbox 623 2994 683 3046; x_wconf 79' lang='grc' dir='ltr'><strong><em>τὸ</em></strong></span> <span class='ocrx_word' id='word_1_209' title='bbox 710 2995 877 3047; x_wconf 90' lang='grc' dir='ltr'>αἰνεῖν</span> <span class='ocrx_word' id='word_1_210' title='bbox 909 2994 971 3047; x_wconf 85' lang='grc' dir='ltr'>τὸ</span> <span class='ocrx_word' id='word_1_211' title='bbox 1001 2993 1173 3065; x_wconf 72' lang='grc' dir='ltr'>ὄνομα</span> <span class='ocrx_word' id='word_1_212' title='bbox 1203 2995 1432 3067; x_wconf 77' lang='grc' dir='ltr'>Κυρίου,</span> <span class='ocrx_word' id='word_1_213' title='bbox 1469 2997 1631 3050; x_wconf 76' lang='grc' dir='ltr'>αὑτὸν</span> <span class='ocrx_word' id='word_1_214' title='bbox 1664 2998 1728 3070; x_wconf 84' lang='grc' dir='ltr'>δὴ</span> <span class='ocrx_word' id='word_1_215' title='bbox 1755 3001 1839 3051; x_wconf 86' lang='grc' dir='ltr'>αἰ-</span> 
     </span>
    </p>
   </div>
   <div class='ocr_carea' id='block_1_30' title="bbox 250 3085 1837 3159">
    <p class='ocr_par' dir='ltr' id='par_1_30' title="bbox 250 3085 1837 3159">
     <span class='ocr_line' id='line_1_30' title="bbox 250 3085 1837 3159; baseline 0.004 -21"><span class='ocrx_word' id='word_1_216' title='bbox 250 3085 404 3138; x_wconf 86' lang='grc' dir='ltr'>νέσαι</span> <span class='ocrx_word' id='word_1_217' title='bbox 443 3086 536 3138; x_wconf 84' lang='grc' dir='ltr'>τὸν</span> <span class='ocrx_word' id='word_1_218' title='bbox 579 3086 811 3158; x_wconf 81' lang='grc' dir='ltr'>Κύριον·</span> <span class='ocrx_word' id='word_1_219' title='bbox 847 3086 927 3139; x_wconf 86' lang='grc' dir='ltr'>δεῖ</span> <span class='ocrx_word' id='word_1_220' title='bbox 957 3085 1066 3158; x_wconf 87' lang='grc' dir='ltr'>γὰρ</span> <span class='ocrx_word' id='word_1_221' title='bbox 1102 3086 1317 3158; x_wconf 87' lang='grc' dir='ltr'>πρῶτον</span> <span class='ocrx_word' id='word_1_222' title='bbox 1355 3087 1566 3159; x_wconf 85' lang='grc' dir='ltr'>μαθεῖν,</span> <span class='ocrx_word' id='word_1_223' title='bbox 1599 3090 1681 3142; x_wconf 83' lang='grc' dir='ltr'>ὅτι</span> <span class='ocrx_word' id='word_1_224' title='bbox 1723 3089 1837 3144; x_wconf 77' lang='grc' dir='ltr'>ἔστι</span> 
     </span>
    </p>
   </div>
   <div class='ocr_carea' id='block_1_31' title="bbox 251 3167 1834 3249">
    <p class='ocr_par' dir='ltr' id='par_1_31' title="bbox 251 3167 1834 3249">
     <span class='ocr_line' id='line_1_31' title="bbox 251 3167 1834 3249; baseline 0.003 -21"><span class='ocrx_word' id='word_1_225' title='bbox 251 3175 387 3229; x_wconf 87' lang='grc' dir='ltr'>Θεοῦ</span> <span class='ocrx_word' id='word_1_226' title='bbox 415 3177 607 3246; x_wconf 86' lang='grc' dir='ltr'>Λόγος,</span> <span class='ocrx_word' id='word_1_227' title='bbox 640 3167 957 3248; x_wconf 65' lang='grc' dir='ltr'>ἐφεστηκὼς</span> <span class='ocrx_word' id='word_1_228' title='bbox 980 3177 1059 3248; x_wconf 84' lang='grc' dir='ltr'><strong><em>τῷ</em></strong></span> <span class='ocrx_word' id='word_1_229' title='bbox 1089 3177 1251 3231; x_wconf 71' lang='grc' dir='ltr'>παντὶ</span> <span class='ocrx_word' id='word_1_230' title='bbox 1278 3179 1487 3249; x_wconf 87' lang='grc' dir='ltr'>κόσμῳ,</span> <span class='ocrx_word' id='word_1_231' title='bbox 1518 3180 1611 3232; x_wconf 77' lang='grc' dir='ltr'>καὶ</span> <span class='ocrx_word' id='word_1_232' title='bbox 1639 3179 1834 3233; x_wconf 83' lang='grc' dir='ltr'>δεσπό-</span> 
     </span>
    </p>
   </div>
   <div class='ocr_carea' id='block_1_32' title="bbox 1886 522 1934 580">
    <p class='ocr_par' dir='ltr' id='par_1_32' title="bbox 1886 522 1934 580">
     <span class='ocr_line' id='line_1_32' title="bbox 1886 522 1934 580; baseline 0 0"><span class='ocrx_word' id='word_1_233' title='bbox 1886 522 1934 580; x_wconf 80' lang='grc' dir='ltr'><strong>Α</strong></span> 
     </span>
    </p>
   </div>
   <div class='ocr_carea' id='block_1_33' title="bbox 2422 518 3075 576">
    <p class='ocr_par' dir='ltr' id='par_1_33' title="bbox 2422 518 3075 576">
     <span class='ocr_line' id='line_1_33' title="bbox 2422 518 3075 576; baseline 0.006 -4"><span class='ocrx_word' id='word_1_234' title='bbox 2422 518 2742 575; x_wconf 74' lang='lat' dir='ltr'><strong><em>PSALMUS</em></strong></span> <span class='ocrx_word' id='word_1_235' title='bbox 2790 519 3075 576; x_wconf 77' lang='lat' dir='ltr'><strong><em>CXXXIII.</em></strong></span> 
     </span>
    </p>
   </div>
   <div class='ocr_carea' id='block_1_34' title="bbox 2133 611 3360 669">
    <p class='ocr_par' dir='ltr' id='par_1_34' title="bbox 2133 611 3360 669">
     <span class='ocr_line' id='line_1_34' title="bbox 2133 611 3360 669; baseline 0.001 -2"><span class='ocrx_word' id='word_1_236' title='bbox 2133 611 2301 669; x_wconf 73' lang='lat' dir='ltr'><strong><em>Vens.</em></strong></span> <span class='ocrx_word' id='word_1_237' title='bbox 2334 613 2389 668; x_wconf 75' lang='grc' dir='ltr'>ὅ.</span> <span class='ocrx_word' id='word_1_238' title='bbox 2431 612 2719 668; x_wconf 78' lang='lat' dir='ltr'><strong><em>Benedicat</em></strong></span> <span class='ocrx_word' id='word_1_239' title='bbox 2752 623 2800 667; x_wconf 84' lang='lat' dir='ltr'><strong><em>te</em></strong></span> <span class='ocrx_word' id='word_1_240' title='bbox 2833 613 3088 668; x_wconf 74' lang='lat' dir='ltr'><strong><em>Dominus</em></strong></span> <span class='ocrx_word' id='word_1_241' title='bbox 3118 630 3184 669; x_wconf 81' lang='lat' dir='ltr'><strong><em>ea:</em></strong></span> <span class='ocrx_word' id='word_1_242' title='bbox 3208 613 3360 669; x_wconf 86' lang='lat' dir='ltr'><strong><em>Sion.</em></strong></span> 
     </span>
    </p>
   </div>
   <div class='ocr_carea' id='block_1_35' title="bbox 2025 701 3535 770">
    <p class='ocr_par' dir='ltr' id='par_1_35' title="bbox 2025 701 3535 770">
     <span class='ocr_line' id='line_1_35' title="bbox 2025 701 3535 770; baseline 0 -13"><span class='ocrx_word' id='word_1_243' title='bbox 2025 701 2167 757; x_wconf 89' lang='lat' dir='ltr'><strong><em>Olim</em></strong></span> <span class='ocrx_word' id='word_1_244' title='bbox 2203 705 2516 758; x_wconf 85' lang='lat' dir='ltr'><strong><em>Abrahamo</em></strong></span> <span class='ocrx_word' id='word_1_245' title='bbox 2553 704 2756 758; x_wconf 89' lang='lat' dir='ltr'><strong><em>dictum</em></strong></span> <span class='ocrx_word' id='word_1_246' title='bbox 2791 703 2931 758; x_wconf 75' lang='lat' dir='ltr'><strong><em>fuit:</em></strong></span> <span class='ocrx_word' id='word_1_247' title='bbox 2967 705 3070 770; x_wconf 82' lang='lat' dir='ltr'><strong><em>Qui</em></strong></span> <span class='ocrx_word' id='word_1_248' title='bbox 3115 715 3165 760; x_wconf 82' lang='lat' dir='ltr'><strong><em>te</em></strong></span> <span class='ocrx_word' id='word_1_249' title='bbox 3200 707 3535 768; x_wconf 82' lang='lat' dir='ltr'><strong><em>benedicunt,</em></strong></span> 
     </span>
    </p>
   </div>
   <div class='ocr_carea' id='block_1_36' title="bbox 1959 791 3536 862">
    <p class='ocr_par' dir='ltr' id='par_1_36' title="bbox 1959 791 3536 862">
     <span class='ocr_line' id='line_1_36' title="bbox 1959 791 3536 862; baseline 0 -16"><span class='ocrx_word' id='word_1_250' title='bbox 1959 793 2212 847; x_wconf 77' lang='lat' dir='ltr'><strong><em>benedicti</em></strong></span> <span class='ocrx_word' id='word_1_251' title='bbox 2248 804 2370 847; x_wconf 75' lang='lat' dir='ltr'><strong><em>sunt</em></strong></span> <span class='ocrx_word' id='word_1_252' title='bbox 2394 793 2460 846; x_wconf 84' lang='grc'><strong><em>⁸⁸.</em></strong></span> <span class='ocrx_word' id='word_1_253' title='bbox 2498 791 2809 847; x_wconf 84' lang='lat' dir='ltr'><strong><em>Virtualiter</em></strong></span> <span class='ocrx_word' id='word_1_254' title='bbox 2833 806 3012 848; x_wconf 82' lang='lat' dir='ltr'><strong><em>autem</em></strong></span> <span class='ocrx_word' id='word_1_255' title='bbox 3044 804 3215 850; x_wconf 89' lang='lat' dir='ltr'><strong><em>semet</em></strong></span> <span class='ocrx_word' id='word_1_256' title='bbox 3249 795 3536 862; x_wconf 89' lang='lat' dir='ltr'><strong><em>henedieit,</em></strong></span> 
     </span>
    </p>
   </div>
   <div class='ocr_carea' id='block_1_37' title="bbox 1957 884 3536 958">
    <p class='ocr_par' dir='ltr' id='par_1_37' title="bbox 1957 884 3536 958">
     <span class='ocr_line' id='line_1_37' title="bbox 1957 884 3536 958; baseline -0.001 -17"><span class='ocrx_word' id='word_1_257' title='bbox 1957 888 2048 958; x_wconf 89' lang='lat' dir='ltr'><strong><em>qui</em></strong></span> <span class='ocrx_word' id='word_1_258' title='bbox 2087 888 2140 941; x_wconf 91' lang='lat' dir='ltr'><strong><em>id</em></strong></span> <span class='ocrx_word' id='word_1_259' title='bbox 2185 888 2316 956; x_wconf 88' lang='lat' dir='ltr'><strong><em>agit.</em></strong></span> <span class='ocrx_word' id='word_1_260' title='bbox 2353 885 2507 954; x_wconf 83' lang='lat' dir='ltr'><strong><em>Quod</em></strong></span> <span class='ocrx_word' id='word_1_261' title='bbox 2549 885 2594 940; x_wconf 89' lang='lat' dir='ltr'><strong><em>si</em></strong></span> <span class='ocrx_word' id='word_1_262' title='bbox 2648 884 2701 938; x_wconf 90' lang='lat' dir='ltr'><strong><em>in</em></strong></span> <span class='ocrx_word' id='word_1_263' title='bbox 2737 884 3050 939; x_wconf 84' lang='lat' dir='ltr'><strong><em>Abrahamo</em></strong></span> <span class='ocrx_word' id='word_1_264' title='bbox 3098 885 3289 948; x_wconf 89' lang='lat' dir='ltr'><strong><em>valuit,</em></strong></span> <span class='ocrx_word' id='word_1_265' title='bbox 3332 895 3536 954; x_wconf 88' lang='lat' dir='ltr'><strong><em>quanto</em></strong></span> 
     </span>
    </p>
   </div>
   <div class='ocr_carea' id='block_1_38' title="bbox 1958 975 3536 1049">
    <p class='ocr_par' dir='ltr' id='par_1_38' title="bbox 1958 975 3536 1049">
     <span class='ocr_line' id='line_1_38' title="bbox 1958 975 3536 1049; baseline -0.001 -15"><span class='ocrx_word' id='word_1_266' title='bbox 1958 979 2131 1049; x_wconf 80' lang='lat' dir='ltr'><strong><em>magis</em></strong></span> <span class='ocrx_word' id='word_1_267' title='bbox 2157 979 2210 1034; x_wconf 88' lang='lat' dir='ltr'><strong><em>in</em></strong></span> <span class='ocrx_word' id='word_1_268' title='bbox 2238 977 2508 1032; x_wconf 87' lang='lat' dir='ltr'><strong><em>Domino?</em></strong></span> <span class='ocrx_word' id='word_1_269' title='bbox 2534 976 2648 1030; x_wconf 71' lang='lat' dir='ltr'><strong><em>Non</em></strong></span> <span class='ocrx_word' id='word_1_270' title='bbox 2678 975 2822 1030; x_wconf 92' lang='lat' dir='ltr'><strong><em>enim</em></strong></span> <span class='ocrx_word' id='word_1_271' title='bbox 2857 977 2905 1032; x_wconf 97' lang='lat' dir='ltr'><strong><em>is</em></strong></span> <span class='ocrx_word' id='word_1_272' title='bbox 2945 992 3130 1033; x_wconf 88' lang='lat' dir='ltr'><strong><em>nostra</em></strong></span> <span class='ocrx_word' id='word_1_273' title='bbox 3168 979 3536 1034; x_wconf 80' lang='lat' dir='ltr'><strong><em>benedictione</em></strong></span> 
     </span>
    </p>
   </div>
   <div class='ocr_carea' id='block_1_39' title="bbox 1957 1070 3534 1144">
    <p class='ocr_par' dir='ltr' id='par_1_39' title="bbox 1957 1070 3534 1144">
     <span class='ocr_line' id='line_1_39' title="bbox 1957 1070 3534 1144; baseline -0.001 -18"><span class='ocrx_word' id='word_1_274' title='bbox 1957 1071 2183 1144; x_wconf 88' lang='lat' dir='ltr'><strong><em>indiget.</em></strong></span> <span class='ocrx_word' id='word_1_275' title='bbox 2243 1070 2630 1140; x_wconf 85' lang='lat' dir='ltr'><strong><em>Unusquisque</em></strong></span> <span class='ocrx_word' id='word_1_276' title='bbox 2674 1077 2858 1123; x_wconf 89' lang='lat' dir='ltr'><strong><em>autem</em></strong></span> <span class='ocrx_word' id='word_1_277' title='bbox 2915 1071 3018 1124; x_wconf 85' lang='lat' dir='ltr'><strong><em>sibi</em></strong></span> <span class='ocrx_word' id='word_1_278' title='bbox 3068 1071 3431 1141; x_wconf 81' lang='lat' dir='ltr'><strong><em>gratiﬁeatur,</em></strong></span> <span class='ocrx_word' id='word_1_279' title='bbox 3479 1082 3534 1125; x_wconf 80' lang='lat' dir='ltr'><strong><em>et</em></strong></span> 
     </span>
    </p>
   </div>
   <div class='ocr_carea' id='block_1_40' title="bbox 1955 1163 3530 1232">
    <p class='ocr_par' dir='ltr' id='par_1_40' title="bbox 1955 1163 3530 1232">
     <span class='ocr_line' id='line_1_40' title="bbox 1955 1163 3530 1232; baseline -0.003 -14"><span class='ocrx_word' id='word_1_280' title='bbox 1955 1165 2058 1218; x_wconf 90' lang='lat' dir='ltr'><strong><em>sibi</em></strong></span> <span class='ocrx_word' id='word_1_281' title='bbox 2115 1165 2404 1223; x_wconf 87' lang='lat' dir='ltr'><strong><em>benedicit,</em></strong></span> <span class='ocrx_word' id='word_1_282' title='bbox 2462 1165 2588 1232; x_wconf 89' lang='lat' dir='ltr'><strong><em>quia</em></strong></span> <span class='ocrx_word' id='word_1_283' title='bbox 2641 1163 2882 1218; x_wconf 83' lang='lat' dir='ltr'><strong><em>vicissim</em></strong></span> <span class='ocrx_word' id='word_1_284' title='bbox 2935 1163 3004 1217; x_wconf 92' lang='lat' dir='ltr'><strong><em>ab</em></strong></span> <span class='ocrx_word' id='word_1_285' title='bbox 3058 1163 3298 1217; x_wconf 88' lang='lat' dir='ltr'><strong><em>omnium</em></strong></span> <span class='ocrx_word' id='word_1_286' title='bbox 3351 1167 3530 1216; x_wconf 83' lang='lat' dir='ltr'><strong><em>rerum</em></strong></span> 
     </span>
    </p>
   </div>
   <div class='ocr_carea' id='block_1_41' title="bbox 1953 1250 3536 1324">
    <p class='ocr_par' dir='ltr' id='par_1_41' title="bbox 1953 1250 3536 1324">
     <span class='ocr_line' id='line_1_41' title="bbox 1953 1250 3536 1324; baseline -0.003 -14"><span class='ocrx_word' id='word_1_287' title='bbox 1953 1255 2218 1311; x_wconf 87' lang='lat' dir='ltr'><strong><em>Creatore</em></strong></span> <span class='ocrx_word' id='word_1_288' title='bbox 2260 1255 2620 1310; x_wconf 86' lang='lat' dir='ltr'><strong><em>benedicitnr.</em></strong></span> <span class='ocrx_word' id='word_1_289' title='bbox 2667 1255 2790 1308; x_wconf 90' lang='lat' dir='ltr'><strong><em>Ideo</em></strong></span> <span class='ocrx_word' id='word_1_290' title='bbox 2823 1253 2998 1324; x_wconf 89' lang='lat' dir='ltr'><strong><em>primo</em></strong></span> <span class='ocrx_word' id='word_1_291' title='bbox 3035 1255 3237 1308; x_wconf 92' lang='lat' dir='ltr'><strong><em>dictum</em></strong></span> <span class='ocrx_word' id='word_1_292' title='bbox 3273 1262 3399 1307; x_wconf 85' lang='lat' dir='ltr'><strong><em>est:</em></strong></span> <span class='ocrx_word' id='word_1_293' title='bbox 3434 1250 3536 1306; x_wconf 86' lang='lat' dir='ltr'><strong><em>Be-</em></strong></span> 
     </span>
    </p>
   </div>
   <div class='ocr_carea' id='block_1_42' title="bbox 1951 1344 3496 1402">
    <p class='ocr_par' dir='ltr' id='par_1_42' title="bbox 1951 1344 3496 1402">
     <span class='ocr_line' id='line_1_42' title="bbox 1951 1344 3496 1402; baseline -0.003 0"><span class='ocrx_word' id='word_1_294' title='bbox 1951 1350 2178 1402; x_wconf 81' lang='lat' dir='ltr'><strong><em>nedicite</em></strong></span> <span class='ocrx_word' id='word_1_295' title='bbox 2207 1347 2510 1402; x_wconf 60' lang='lat' dir='ltr'><strong><em>Dominum.</em></strong></span> <span class='ocrx_word' id='word_1_296' title='bbox 2553 1347 2754 1400; x_wconf 89' lang='lat' dir='ltr'><strong><em>Deinde</em></strong></span> <span class='ocrx_word' id='word_1_297' title='bbox 2784 1365 2796 1398; x_wconf 95' lang='lat'>:</span> <span class='ocrx_word' id='word_1_298' title='bbox 2833 1345 3114 1399; x_wconf 83' lang='lat' dir='ltr'><strong><em>Benedicat</em></strong></span> <span class='ocrx_word' id='word_1_299' title='bbox 3146 1356 3194 1398; x_wconf 86' lang='lat' dir='ltr'><strong><em>te</em></strong></span> <span class='ocrx_word' id='word_1_300' title='bbox 3219 1344 3496 1400; x_wconf 74' lang='lat' dir='ltr'><strong><em>Dominus.</em></strong></span> 
     </span>
    </p>
   </div>
   <div class='ocr_carea' id='block_1_43' title="bbox 2421 1435 3070 1494">
    <p class='ocr_par' dir='ltr' id='par_1_43' title="bbox 2421 1435 3070 1494">
     <span class='ocr_line' id='line_1_43' title="bbox 2421 1435 3070 1494; baseline 0 -3"><span class='ocrx_word' id='word_1_301' title='bbox 2421 1437 2746 1494; x_wconf 77' lang='lat' dir='ltr'><strong><em>PSALMUS</em></strong></span> <span class='ocrx_word' id='word_1_302' title='bbox 2785 1435 3070 1492; x_wconf 77' lang='lat' dir='ltr'><strong>CXXXIV.</strong></span> 
     </span>
    </p>
   </div>
   <div class='ocr_carea' id='block_1_44' title="bbox 2021 1529 3531 1600">
    <p class='ocr_par' dir='ltr' id='par_1_44' title="bbox 2021 1529 3531 1600">
     <span class='ocr_line' id='line_1_44' title="bbox 2021 1529 3531 1600; baseline -0.001 -16"><span class='ocrx_word' id='word_1_303' title='bbox 2021 1529 2348 1586; x_wconf 86' lang='lat' dir='ltr'><strong><em>Landativus</em></strong></span> <span class='ocrx_word' id='word_1_304' title='bbox 2401 1529 2488 1585; x_wconf 91' lang='lat' dir='ltr'><strong><em>hic</em></strong></span> <span class='ocrx_word' id='word_1_305' title='bbox 2521 1529 2760 1600; x_wconf 85' lang='lat' dir='ltr'><strong><em>psalmus</em></strong></span> <span class='ocrx_word' id='word_1_306' title='bbox 2803 1530 2999 1585; x_wconf 91' lang='lat' dir='ltr'><strong><em>merito</em></strong></span> <span class='ocrx_word' id='word_1_307' title='bbox 3046 1529 3390 1600; x_wconf 74' lang='lat' dir='ltr'><strong><em>subiungitur</em></strong></span> <span class='ocrx_word' id='word_1_308' title='bbox 3433 1542 3531 1598; x_wconf 90' lang='lat' dir='ltr'><strong><em>po-</em></strong></span> 
     </span>
    </p>
   </div>
   <div class='ocr_carea' id='block_1_45' title="bbox 1948 1620 3528 1689">
    <p class='ocr_par' dir='ltr' id='par_1_45' title="bbox 1948 1620 3528 1689">
     <span class='ocr_line' id='line_1_45' title="bbox 1948 1620 3528 1689; baseline -0.001 -14"><span class='ocrx_word' id='word_1_309' title='bbox 1948 1629 2153 1675; x_wconf 90' lang='lat' dir='ltr'><strong><em>stremo</em></strong></span> <span class='ocrx_word' id='word_1_310' title='bbox 2181 1622 2536 1685; x_wconf 78' lang='lat' dir='ltr'><strong><em>canticorum,</em></strong></span> <span class='ocrx_word' id='word_1_311' title='bbox 2556 1622 2680 1689; x_wconf 91' lang='lat' dir='ltr'><strong><em>quia</em></strong></span> <span class='ocrx_word' id='word_1_312' title='bbox 2722 1621 2910 1676; x_wconf 86' lang='lat' dir='ltr'><strong><em>iisdem</em></strong></span> <span class='ocrx_word' id='word_1_313' title='bbox 2945 1620 3302 1675; x_wconf 85' lang='lat' dir='ltr'><strong><em>locationibus</em></strong></span> <span class='ocrx_word' id='word_1_314' title='bbox 3329 1620 3528 1680; x_wconf 87' lang='lat' dir='ltr'><strong><em>utitur;</em></strong></span> 
     </span>
    </p>
   </div>
   <div class='ocr_carea' id='block_1_46' title="bbox 1949 1712 3532 1782">
    <p class='ocr_par' dir='ltr' id='par_1_46' title="bbox 1949 1712 3532 1782">
     <span class='ocr_line' id='line_1_46' title="bbox 1949 1712 3532 1782; baseline -0.002 -17"><span class='ocrx_word' id='word_1_315' title='bbox 1949 1729 2113 1782; x_wconf 89' lang='lat' dir='ltr'><strong><em>quam</em></strong></span> <span class='ocrx_word' id='word_1_316' title='bbox 2148 1714 2216 1766; x_wconf 91' lang='lat' dir='ltr'><strong><em>oh</em></strong></span> <span class='ocrx_word' id='word_1_317' title='bbox 2251 1727 2362 1768; x_wconf 86' lang='lat' dir='ltr'><strong><em>rem</em></strong></span> <span class='ocrx_word' id='word_1_318' title='bbox 2395 1713 2615 1767; x_wconf 79' lang='lat' dir='ltr'><strong><em>alleluia</em></strong></span> <span class='ocrx_word' id='word_1_319' title='bbox 2644 1728 2865 1782; x_wconf 90' lang='lat' dir='ltr'><strong><em>quoque</em></strong></span> <span class='ocrx_word' id='word_1_320' title='bbox 2895 1712 2945 1767; x_wconf 89' lang='lat' dir='ltr'><strong><em>ei</em></strong></span> <span class='ocrx_word' id='word_1_321' title='bbox 2978 1713 3351 1782; x_wconf 67' lang='lat' dir='ltr'><strong><em>praeponitur:</em></strong></span> <span class='ocrx_word' id='word_1_322' title='bbox 3385 1726 3532 1764; x_wconf 89' lang='lat' dir='ltr'><strong><em>natu-</em></strong></span> 
     </span>
    </p>
   </div>
   <div class='ocr_carea' id='block_1_47' title="bbox 1948 1801 3530 1874">
    <p class='ocr_par' dir='ltr' id='par_1_47' title="bbox 1948 1801 3530 1874">
     <span class='ocr_line' id='line_1_47' title="bbox 1948 1801 3530 1874; baseline -0.003 -18"><span class='ocrx_word' id='word_1_323' title='bbox 1948 1821 2052 1874; x_wconf 85' lang='lat' dir='ltr'><strong><em>que</em></strong></span> <span class='ocrx_word' id='word_1_324' title='bbox 2091 1803 2273 1869; x_wconf 83' lang='lat' dir='ltr'><strong><em>nllelu,</em></strong></span> <span class='ocrx_word' id='word_1_325' title='bbox 2308 1804 2529 1858; x_wconf 82' lang='lat' dir='ltr'><strong><em>laudate</em></strong></span> <span class='ocrx_word' id='word_1_326' title='bbox 2567 1803 2860 1872; x_wconf 82' lang='lat' dir='ltr'><strong><em>signiﬁcat,</em></strong></span> <span class='ocrx_word' id='word_1_327' title='bbox 2905 1804 2982 1868; x_wconf 87' lang='lat' dir='ltr'><strong><em>ia,</em></strong></span> <span class='ocrx_word' id='word_1_328' title='bbox 3028 1802 3330 1857; x_wconf 85' lang='lat' dir='ltr'><strong><em>Dominum.</em></strong></span> <span class='ocrx_word' id='word_1_329' title='bbox 3383 1801 3530 1854; x_wconf 89' lang='lat' dir='ltr'><strong><em>Dicet</em></strong></span> 
     </span>
    </p>
   </div>
   <div class='ocr_carea' id='block_1_48' title="bbox 1875 1877 3525 1966">
    <p class='ocr_par' dir='ltr' id='par_1_48' title="bbox 1875 1877 3525 1966">
     <span class='ocr_line' id='line_1_48' title="bbox 1875 1877 3525 1966; baseline -0.004 -16"><span class='ocrx_word' id='word_1_330' title='bbox 1875 1877 1917 1930; x_wconf 78' lang='grc' dir='ltr'><strong>Β</strong></span> <span class='ocrx_word' id='word_1_331' title='bbox 1947 1913 2078 1950; x_wconf 87' lang='lat' dir='ltr'><strong><em>sane</em></strong></span> <span class='ocrx_word' id='word_1_332' title='bbox 2106 1897 2304 1966; x_wconf 86' lang='lat' dir='ltr'><strong><em>aliquis</em></strong></span> <span class='ocrx_word' id='word_1_333' title='bbox 2336 1899 2572 1966; x_wconf 88' lang='lat' dir='ltr'><strong><em>priorem</em></strong></span> <span class='ocrx_word' id='word_1_334' title='bbox 2623 1895 2812 1964; x_wconf 82' lang='lat' dir='ltr'><strong><em>psalmi</em></strong></span> <span class='ocrx_word' id='word_1_335' title='bbox 2861 1903 3090 1964; x_wconf 86' lang='lat' dir='ltr'><strong><em>partem,</em></strong></span> <span class='ocrx_word' id='word_1_336' title='bbox 3131 1894 3316 1964; x_wconf 86' lang='lat' dir='ltr'><strong><em>hymni</em></strong></span> <span class='ocrx_word' id='word_1_337' title='bbox 3350 1893 3525 1946; x_wconf 90' lang='lat' dir='ltr'><strong><em>locum</em></strong></span> 
     </span>
    </p>
   </div>
   <div class='ocr_carea' id='block_1_49' title="bbox 1948 1983 3528 2055">
    <p class='ocr_par' dir='ltr' id='par_1_49' title="bbox 1948 1983 3528 2055">
     <span class='ocr_line' id='line_1_49' title="bbox 1948 1983 3528 2055; baseline -0.003 -13"><span class='ocrx_word' id='word_1_338' title='bbox 1948 1999 2132 2042; x_wconf 70' lang='lat' dir='ltr'><strong><em>tenere</em></strong></span> <span class='ocrx_word' id='word_1_339' title='bbox 2155 2028 2169 2048; x_wconf 87' lang='lat'><strong><em>.</em></strong></span> <span class='ocrx_word' id='word_1_340' title='bbox 2206 1987 2460 2042; x_wconf 76' lang='lat' dir='ltr'><strong><em>excitatis</em></strong></span> <span class='ocrx_word' id='word_1_341' title='bbox 2508 1987 2562 2041; x_wconf 92' lang='lat' dir='ltr'><strong><em>in</em></strong></span> <span class='ocrx_word' id='word_1_342' title='bbox 2609 1987 2882 2055; x_wconf 80' lang='lat' dir='ltr'><strong><em>procemio</em></strong></span> <span class='ocrx_word' id='word_1_343' title='bbox 2929 1985 2992 2037; x_wconf 87' lang='lat' dir='ltr'><strong><em>iis</em></strong></span> <span class='ocrx_word' id='word_1_344' title='bbox 3025 1984 3116 2054; x_wconf 87' lang='lat' dir='ltr'><strong><em>qui</em></strong></span> <span class='ocrx_word' id='word_1_345' title='bbox 3155 1984 3245 2038; x_wconf 87' lang='lat' dir='ltr'><strong><em>Dei</em></strong></span> <span class='ocrx_word' id='word_1_346' title='bbox 3279 1983 3528 2038; x_wconf 82' lang='lat' dir='ltr'><strong><em>laudibus</em></strong></span> 
     </span>
    </p>
   </div>
   <div class='ocr_carea' id='block_1_50' title="bbox 1943 2074 3522 2147">
    <p class='ocr_par' dir='ltr' id='par_1_50' title="bbox 1943 2074 3522 2147">
     <span class='ocr_line' id='line_1_50' title="bbox 1943 2074 3522 2147; baseline -0.004 -14"><span class='ocrx_word' id='word_1_347' title='bbox 1943 2081 2191 2134; x_wconf 81' lang='lat' dir='ltr'><strong><em>dicendis</em></strong></span> <span class='ocrx_word' id='word_1_348' title='bbox 2235 2080 2434 2134; x_wconf 86' lang='lat' dir='ltr'><strong><em>addicti</em></strong></span> <span class='ocrx_word' id='word_1_349' title='bbox 2467 2090 2632 2143; x_wconf 86' lang='lat' dir='ltr'><strong><em>sunt;</em></strong></span> <span class='ocrx_word' id='word_1_350' title='bbox 2678 2078 2769 2147; x_wconf 89' lang='lat' dir='ltr'><strong><em>qui</em></strong></span> <span class='ocrx_word' id='word_1_351' title='bbox 2803 2092 2992 2147; x_wconf 85' lang='lat' dir='ltr'><strong><em>reapse</em></strong></span> <span class='ocrx_word' id='word_1_352' title='bbox 3027 2075 3279 2130; x_wconf 87' lang='lat' dir='ltr'><strong><em>laudandi</em></strong></span> <span class='ocrx_word' id='word_1_353' title='bbox 3311 2074 3522 2129; x_wconf 90' lang='lat' dir='ltr'><strong><em>initium</em></strong></span> 
     </span>
    </p>
   </div>
   <div class='ocr_carea' id='block_1_51' title="bbox 1945 2167 3528 2235">
    <p class='ocr_par' dir='ltr' id='par_1_51' title="bbox 1945 2167 3528 2235">
     <span class='ocr_line' id='line_1_51' title="bbox 1945 2167 3528 2235; baseline -0.002 -10"><span class='ocrx_word' id='word_1_354' title='bbox 1945 2171 2150 2226; x_wconf 84' lang='lat' dir='ltr'><strong><em>faciunt</em></strong></span> <span class='ocrx_word' id='word_1_355' title='bbox 2169 2172 2237 2224; x_wconf 93' lang='lat' dir='ltr'><strong><em>ab</em></strong></span> <span class='ocrx_word' id='word_1_356' title='bbox 2268 2171 2371 2226; x_wconf 89' lang='lat' dir='ltr'><strong><em>illis</em></strong></span> <span class='ocrx_word' id='word_1_357' title='bbox 2392 2171 2597 2235; x_wconf 83' lang='lat' dir='ltr'><strong><em>verbis,</em></strong></span> <span class='ocrx_word' id='word_1_358' title='bbox 2617 2186 2804 2224; x_wconf 82' lang='lat' dir='ltr'><strong><em>nomen</em></strong></span> <span class='ocrx_word' id='word_1_359' title='bbox 2829 2180 2998 2233; x_wconf 84' lang='lat' dir='ltr'><strong><em>tuum,</em></strong></span> <span class='ocrx_word' id='word_1_360' title='bbox 3025 2167 3264 2234; x_wconf 85' lang='lat' dir='ltr'><strong><em>Domine,</em></strong></span> <span class='ocrx_word' id='word_1_361' title='bbox 3295 2168 3350 2222; x_wconf 90' lang='lat' dir='ltr'><strong><em>in</em></strong></span> <span class='ocrx_word' id='word_1_362' title='bbox 3374 2177 3528 2223; x_wconf 74' lang='lat' dir='ltr'><strong><em>teter-</em></strong></span> 
     </span>
    </p>
   </div>
   <div class='ocr_carea' id='block_1_52' title="bbox 1943 2258 3525 2322">
    <p class='ocr_par' dir='ltr' id='par_1_52' title="bbox 1943 2258 3525 2322">
     <span class='ocr_line' id='line_1_52' title="bbox 1943 2258 3525 2322; baseline -0.001 -8"><span class='ocrx_word' id='word_1_363' title='bbox 1943 2278 2088 2315; x_wconf 84' lang='lat' dir='ltr'><strong><em>num.</em></strong></span> <span class='ocrx_word' id='word_1_364' title='bbox 2135 2261 2389 2316; x_wconf 82' lang='lat' dir='ltr'><strong><em>Doctrina</em></strong></span> <span class='ocrx_word' id='word_1_365' title='bbox 2440 2270 2620 2315; x_wconf 90' lang='lat' dir='ltr'><strong><em>autem</em></strong></span> <span class='ocrx_word' id='word_1_366' title='bbox 2665 2261 2901 2314; x_wconf 85' lang='lat' dir='ltr'><strong><em>traditur</em></strong></span> <span class='ocrx_word' id='word_1_367' title='bbox 2944 2261 3011 2314; x_wconf 91' lang='lat' dir='ltr'><strong><em>ab</em></strong></span> <span class='ocrx_word' id='word_1_368' title='bbox 3046 2258 3202 2314; x_wconf 89' lang='lat' dir='ltr'><strong><em>idolis</em></strong></span> <span class='ocrx_word' id='word_1_369' title='bbox 3253 2267 3525 2322; x_wconf 85' lang='lat' dir='ltr'><strong><em>avertens,</em></strong></span> 
     </span>
    </p>
   </div>
   <div class='ocr_carea' id='block_1_53' title="bbox 1943 2351 3528 2422">
    <p class='ocr_par' dir='ltr' id='par_1_53' title="bbox 1943 2351 3528 2422">
     <span class='ocr_line' id='line_1_53' title="bbox 1943 2351 3528 2422; baseline -0.004 -13"><span class='ocrx_word' id='word_1_370' title='bbox 1943 2363 1997 2409; x_wconf 81' lang='lat' dir='ltr'><strong><em>et</em></strong></span> <span class='ocrx_word' id='word_1_371' title='bbox 2041 2355 2128 2408; x_wconf 89' lang='lat' dir='ltr'><strong><em>Dei</em></strong></span> <span class='ocrx_word' id='word_1_372' title='bbox 2180 2353 2426 2408; x_wconf 85' lang='lat' dir='ltr'><strong><em>notitiam</em></strong></span> <span class='ocrx_word' id='word_1_373' title='bbox 2480 2353 2759 2422; x_wconf 72' lang='lat' dir='ltr'><strong><em>ingerens.</em></strong></span> <span class='ocrx_word' id='word_1_374' title='bbox 2813 2351 2940 2405; x_wconf 63' lang='lat' dir='ltr'><strong><em>Haec</em></strong></span> <span class='ocrx_word' id='word_1_375' title='bbox 2984 2351 3091 2405; x_wconf 88' lang='lat' dir='ltr'><strong><em>illis</em></strong></span> <span class='ocrx_word' id='word_1_376' title='bbox 3134 2351 3249 2405; x_wconf 83' lang='lat' dir='ltr'><strong><em>ﬁeri</em></strong></span> <span class='ocrx_word' id='word_1_377' title='bbox 3297 2351 3528 2406; x_wconf 86' lang='lat' dir='ltr'><strong><em>debebat</em></strong></span> 
     </span>
    </p>
   </div>
   <div class='ocr_carea' id='block_1_54' title="bbox 1943 2442 3526 2513">
    <p class='ocr_par' dir='ltr' id='par_1_54' title="bbox 1943 2442 3526 2513">
     <span class='ocr_line' id='line_1_54' title="bbox 1943 2442 3526 2513; baseline -0.005 -12"><span class='ocrx_word' id='word_1_378' title='bbox 1943 2445 2270 2512; x_wconf 84' lang='lat' dir='ltr'><strong><em>adhortatio,</em></strong></span> <span class='ocrx_word' id='word_1_379' title='bbox 2304 2445 2394 2513; x_wconf 90' lang='lat' dir='ltr'><strong><em>qui</em></strong></span> <span class='ocrx_word' id='word_1_380' title='bbox 2428 2461 2571 2499; x_wconf 92' lang='lat' dir='ltr'><strong><em>nunc</em></strong></span> <span class='ocrx_word' id='word_1_381' title='bbox 2597 2459 2661 2498; x_wconf 79' lang='lat' dir='ltr'><strong><em>ex</em></strong></span> <span class='ocrx_word' id='word_1_382' title='bbox 2689 2443 2926 2497; x_wconf 84' lang='lat' dir='ltr'><strong><em>ethnicis</em></strong></span> <span class='ocrx_word' id='word_1_383' title='bbox 2959 2443 3025 2496; x_wconf 86' lang='lat' dir='ltr'><strong><em>ad</em></strong></span> <span class='ocrx_word' id='word_1_384' title='bbox 3056 2443 3214 2496; x_wconf 89' lang='lat' dir='ltr'><strong><em>Iidem</em></strong></span> <span class='ocrx_word' id='word_1_385' title='bbox 3238 2442 3526 2507; x_wconf 88' lang='lat' dir='ltr'><strong><em>accedunt,</em></strong></span> 
     </span>
    </p>
   </div>
   <div class='ocr_carea' id='block_1_55' title="bbox 1941 2535 3525 2607">
    <p class='ocr_par' dir='ltr' id='par_1_55' title="bbox 1941 2535 3525 2607">
     <span class='ocr_line' id='line_1_55' title="bbox 1941 2535 3525 2607; baseline -0.003 -15"><span class='ocrx_word' id='word_1_386' title='bbox 1941 2553 2078 2607; x_wconf 92' lang='lat' dir='ltr'><strong><em>quos</em></strong></span> <span class='ocrx_word' id='word_1_387' title='bbox 2112 2537 2274 2592; x_wconf 88' lang='lat' dir='ltr'><strong><em>etiant</em></strong></span> <span class='ocrx_word' id='word_1_388' title='bbox 2322 2551 2510 2591; x_wconf 80' lang='lat' dir='ltr'><strong><em>servos</em></strong></span> <span class='ocrx_word' id='word_1_389' title='bbox 2553 2536 2815 2605; x_wconf 83' lang='lat' dir='ltr'><strong><em>appellat,</em></strong></span> <span class='ocrx_word' id='word_1_390' title='bbox 2869 2546 3057 2605; x_wconf 86' lang='lat' dir='ltr'><strong><em>utpote</em></strong></span> <span class='ocrx_word' id='word_1_391' title='bbox 3100 2535 3351 2603; x_wconf 86' lang='lat' dir='ltr'><strong><em>spiritum</em></strong></span> <span class='ocrx_word' id='word_1_392' title='bbox 3391 2535 3525 2589; x_wconf 88' lang='lat' dir='ltr'><strong><em>ado-</em></strong></span> 
     </span>
    </p>
   </div>
   <div class='ocr_carea' id='block_1_56' title="bbox 1941 2625 3525 2700">
    <p class='ocr_par' dir='ltr' id='par_1_56' title="bbox 1941 2625 3525 2700">
     <span class='ocr_line' id='line_1_56' title="bbox 1941 2625 3525 2700; baseline -0.003 -18"><span class='ocrx_word' id='word_1_393' title='bbox 1941 2630 2144 2700; x_wconf 88' lang='lat' dir='ltr'><strong><em>ptionis</em></strong></span> <span class='ocrx_word' id='word_1_394' title='bbox 2179 2630 2414 2682; x_wconf 90' lang='lat' dir='ltr'><strong><em>nondum</em></strong></span> <span class='ocrx_word' id='word_1_395' title='bbox 2453 2628 2698 2696; x_wconf 90' lang='lat' dir='ltr'><strong><em>adeptos.</em></strong></span> <span class='ocrx_word' id='word_1_396' title='bbox 2747 2625 2940 2681; x_wconf 88' lang='lat' dir='ltr'><strong><em>Solent</em></strong></span> <span class='ocrx_word' id='word_1_397' title='bbox 2981 2635 3162 2680; x_wconf 78' lang='lat' dir='ltr'><strong><em>autem</em></strong></span> <span class='ocrx_word' id='word_1_398' title='bbox 3195 2626 3247 2678; x_wconf 93' lang='lat' dir='ltr'><strong><em>hi</em></strong></span> <span class='ocrx_word' id='word_1_399' title='bbox 3276 2634 3404 2680; x_wconf 87' lang='lat' dir='ltr'><strong><em>ante</em></strong></span> <span class='ocrx_word' id='word_1_400' title='bbox 3436 2640 3525 2678; x_wconf 83' lang='lat' dir='ltr'><strong><em>re-</em></strong></span> 
     </span>
    </p>
   </div>
   <div class='ocr_carea' id='block_1_57' title="bbox 1941 2716 3599 2792">
    <p class='ocr_par' dir='ltr' id='par_1_57' title="bbox 1941 2716 3599 2792">
     <span class='ocr_line' id='line_1_57' title="bbox 1941 2716 3599 2792; baseline -0.004 -16"><span class='ocrx_word' id='word_1_401' title='bbox 1941 2719 2309 2792; x_wconf 79' lang='lat' dir='ltr'><strong><em>generationis</em></strong></span> <span class='ocrx_word' id='word_1_402' title='bbox 2353 2719 2654 2782; x_wconf 80' lang='lat' dir='ltr'><strong><em>lavacrum,</em></strong></span> <span class='ocrx_word' id='word_1_403' title='bbox 2690 2717 2982 2772; x_wconf 85' lang='lat' dir='ltr'><strong><em>stationem</em></strong></span> <span class='ocrx_word' id='word_1_404' title='bbox 3031 2717 3231 2771; x_wconf 88' lang='lat' dir='ltr'><strong><em>habere</em></strong></span> <span class='ocrx_word' id='word_1_405' title='bbox 3279 2716 3330 2770; x_wconf 94' lang='lat' dir='ltr'><strong><em>in</em></strong></span> <span class='ocrx_word' id='word_1_406' title='bbox 3366 2717 3527 2771; x_wconf 89' lang='lat' dir='ltr'><strong><em>domo</em></strong></span> <span class='ocrx_word' id='word_1_407' title='bbox 3590 2744 3599 2753; x_wconf 91' lang='lat'><strong>-</strong></span> 
     </span>
    </p>
   </div>
   <div class='ocr_carea' id='block_1_58' title="bbox 1941 2808 3524 2878">
    <p class='ocr_par' dir='ltr' id='par_1_58' title="bbox 1941 2808 3524 2878">
     <span class='ocr_line' id='line_1_58' title="bbox 1941 2808 3524 2878; baseline -0.004 -10"><span class='ocrx_word' id='word_1_408' title='bbox 1941 2814 2034 2869; x_wconf 89' lang='lat' dir='ltr'><strong><em>Dei</em></strong></span> <span class='ocrx_word' id='word_1_409' title='bbox 2069 2823 2194 2868; x_wconf 89' lang='lat' dir='ltr'><strong><em>ante</em></strong></span> <span class='ocrx_word' id='word_1_410' title='bbox 2234 2811 2402 2877; x_wconf 81' lang='lat' dir='ltr'><strong><em>fores,</em></strong></span> <span class='ocrx_word' id='word_1_411' title='bbox 2435 2811 2674 2865; x_wconf 89' lang='lat' dir='ltr'><strong><em>nondum</em></strong></span> <span class='ocrx_word' id='word_1_412' title='bbox 2705 2810 2757 2864; x_wconf 93' lang='lat' dir='ltr'><strong><em>in</em></strong></span> <span class='ocrx_word' id='word_1_413' title='bbox 2809 2811 3066 2864; x_wconf 87' lang='lat' dir='ltr'><strong><em>interiora</em></strong></span> <span class='ocrx_word' id='word_1_414' title='bbox 3100 2808 3299 2878; x_wconf 87' lang='lat' dir='ltr'><strong><em>recepti</em></strong></span> <span class='ocrx_word' id='word_1_415' title='bbox 3333 2824 3348 2862; x_wconf 91' lang='lat'><strong>:</strong></span> <span class='ocrx_word' id='word_1_416' title='bbox 3397 2822 3524 2862; x_wconf 73' lang='lat' dir='ltr'><strong><em>eru-</em></strong></span> 
     </span>
    </p>
   </div>
   <div class='ocr_carea' id='block_1_59' title="bbox 1939 2899 3527 2970">
    <p class='ocr_par' dir='ltr' id='par_1_59' title="bbox 1939 2899 3527 2970">
     <span class='ocr_line' id='line_1_59' title="bbox 1939 2899 3527 2970; baseline -0.004 -10"><span class='ocrx_word' id='word_1_417' title='bbox 1939 2907 2165 2960; x_wconf 88' lang='lat' dir='ltr'><strong><em>dittntur</em></strong></span> <span class='ocrx_word' id='word_1_418' title='bbox 2194 2905 2363 2968; x_wconf 88' lang='lat' dir='ltr'><strong><em>enim,</em></strong></span> <span class='ocrx_word' id='word_1_419' title='bbox 2397 2904 2487 2958; x_wconf 88' lang='lat' dir='ltr'><strong><em>sed</em></strong></span> <span class='ocrx_word' id='word_1_420' title='bbox 2535 2905 2716 2957; x_wconf 87' lang='lat' dir='ltr'><strong><em>adhuc</em></strong></span> <span class='ocrx_word' id='word_1_421' title='bbox 2761 2917 2868 2956; x_wconf 89' lang='lat' dir='ltr'><strong><em>non</em></strong></span> <span class='ocrx_word' id='word_1_422' title='bbox 2911 2913 3036 2956; x_wconf 85' lang='lat' dir='ltr'><strong><em>sunt</em></strong></span> <span class='ocrx_word' id='word_1_423' title='bbox 3067 2899 3314 2970; x_wconf 80' lang='lat' dir='ltr'><strong><em>perfecti.</em></strong></span> <span class='ocrx_word' id='word_1_424' title='bbox 3358 2899 3527 2954; x_wconf 83' lang='lat' dir='ltr'><strong><em>Porro</em></strong></span> 
     </span>
    </p>
   </div>
   <div class='ocr_carea' id='block_1_60' title="bbox 1940 2990 3523 3059">
    <p class='ocr_par' dir='ltr' id='par_1_60' title="bbox 1940 2990 3523 3059">
     <span class='ocr_line' id='line_1_60' title="bbox 1940 2990 3523 3059; baseline -0.001 -13"><span class='ocrx_word' id='word_1_425' title='bbox 1940 2994 2168 3045; x_wconf 72' lang='lat' dir='ltr'><strong><em>diversa:</em></strong></span> <span class='ocrx_word' id='word_1_426' title='bbox 2189 2999 2319 3046; x_wconf 90' lang='lat' dir='ltr'><strong><em>sunt</em></strong></span> <span class='ocrx_word' id='word_1_427' title='bbox 2356 2990 2514 3054; x_wconf 72' lang='lat' dir='ltr'><strong><em>aulze,</em></strong></span> <span class='ocrx_word' id='word_1_428' title='bbox 2561 2991 2690 3059; x_wconf 83' lang='lat' dir='ltr'><strong><em>quia</em></strong></span> <span class='ocrx_word' id='word_1_429' title='bbox 2734 2991 2949 3043; x_wconf 84' lang='lat' dir='ltr'><strong><em>diversa</em></strong></span> <span class='ocrx_word' id='word_1_430' title='bbox 2994 2999 3076 3045; x_wconf 87' lang='lat' dir='ltr'><strong><em>est</em></strong></span> <span class='ocrx_word' id='word_1_431' title='bbox 3103 2991 3523 3044; x_wconf 83' lang='lat' dir='ltr'><strong><em>catechumeno-</em></strong></span> 
     </span>
    </p>
   </div>
   <div class='ocr_carea' id='block_1_61' title="bbox 1942 3081 3521 3152">
    <p class='ocr_par' dir='ltr' id='par_1_61' title="bbox 1942 3081 3521 3152">
     <span class='ocr_line' id='line_1_61' title="bbox 1942 3081 3521 3152; baseline -0.001 -15"><span class='ocrx_word' id='word_1_432' title='bbox 1942 3100 2059 3138; x_wconf 88' lang='lat' dir='ltr'><strong><em>rutn</em></strong></span> <span class='ocrx_word' id='word_1_433' title='bbox 2087 3084 2196 3137; x_wconf 86' lang='lat' dir='ltr'><strong><em>vita</em></strong></span> <span class='ocrx_word' id='word_1_434' title='bbox 2224 3103 2235 3138; x_wconf 89' lang='lat'><strong>:</strong></span> <span class='ocrx_word' id='word_1_435' title='bbox 2268 3082 2472 3151; x_wconf 87' lang='lat' dir='ltr'><strong><em>gradus</em></strong></span> <span class='ocrx_word' id='word_1_436' title='bbox 2502 3095 2631 3135; x_wconf 89' lang='lat' dir='ltr'><strong><em>vero</em></strong></span> <span class='ocrx_word' id='word_1_437' title='bbox 2665 3082 2945 3152; x_wconf 79' lang='lat' dir='ltr'><strong><em>provectio</em></strong></span> <span class='ocrx_word' id='word_1_438' title='bbox 2974 3083 3059 3136; x_wconf 84' lang='lat' dir='ltr'><strong><em>est</em></strong></span> <span class='ocrx_word' id='word_1_439' title='bbox 3093 3092 3216 3151; x_wconf 88' lang='lat' dir='ltr'><strong><em>post</em></strong></span> <span class='ocrx_word' id='word_1_440' title='bbox 3248 3081 3521 3136; x_wconf 86' lang='lat' dir='ltr'><strong><em>laudatum</em></strong></span> 
     </span>
    </p>
   </div>
   <div class='ocr_carea' id='block_1_62' title="bbox 1941 3173 3526 3244">
    <p class='ocr_par' dir='ltr' id='par_1_62' title="bbox 1941 3173 3526 3244">
     <span class='ocr_line' id='line_1_62' title="bbox 1941 3173 3526 3244; baseline -0.003 -12"><span class='ocrx_word' id='word_1_441' title='bbox 1941 3193 2134 3232; x_wconf 90' lang='lat' dir='ltr'><strong><em>nomen</em></strong></span> <span class='ocrx_word' id='word_1_442' title='bbox 2174 3173 2408 3240; x_wconf 84' lang='lat' dir='ltr'><strong><em>Domini,</em></strong></span> <span class='ocrx_word' id='word_1_443' title='bbox 2449 3173 2735 3226; x_wconf 89' lang='lat' dir='ltr'><strong><em>Dominum</em></strong></span> <span class='ocrx_word' id='word_1_444' title='bbox 2783 3173 2961 3241; x_wconf 90' lang='lat' dir='ltr'><strong><em>ipsum</em></strong></span> <span class='ocrx_word' id='word_1_445' title='bbox 3010 3173 3254 3229; x_wconf 86' lang='lat' dir='ltr'><strong><em>laudare.</em></strong></span> <span class='ocrx_word' id='word_1_446' title='bbox 3302 3174 3526 3244; x_wconf 81' lang='lat' dir='ltr'><strong><em>Oportet</em></strong></span> 
     </span>
    </p>
   </div>
   <div class='ocr_carea' id='block_1_63' title="bbox 251 3264 1837 3341">
    <p class='ocr_par' dir='ltr' id='par_1_63' title="bbox 251 3265 1831 3341">
     <span class='ocr_line' id='line_1_63' title="bbox 251 3265 1831 3341; baseline 0.003 -21"><span class='ocrx_word' id='word_1_447' title='bbox 251 3266 362 3332; x_wconf 80' lang='grc' dir='ltr'>ζων</span> <span class='ocrx_word' id='word_1_448' title='bbox 411 3269 595 3324; x_wconf 85' lang='grc' dir='ltr'>αὑτοῦ·</span> <span class='ocrx_word' id='word_1_449' title='bbox 643 3265 762 3324; x_wconf 75' lang='grc' dir='ltr'>εἶτα</span> <span class='ocrx_word' id='word_1_450' title='bbox 803 3270 930 3340; x_wconf 81' lang='grc' dir='ltr'><strong><em>περί</em></strong></span> <span class='ocrx_word' id='word_1_451' title='bbox 977 3286 1037 3322; x_wconf 88' lang='grc' dir='ltr'><strong><em>τε</em></strong></span> <span class='ocrx_word' id='word_1_452' title='bbox 1085 3269 1272 3333; x_wconf 80' lang='grc' dir='ltr'>οὐσίας</span> <span class='ocrx_word' id='word_1_453' title='bbox 1314 3270 1481 3323; x_wconf 84' lang='grc' dir='ltr'>αὑτοῦ</span> <span class='ocrx_word' id='word_1_454' title='bbox 1516 3270 1709 3341; x_wconf 86' lang='grc' dir='ltr'>μαθεῖν</span> <span class='ocrx_word' id='word_1_455' title='bbox 1737 3273 1831 3324; x_wconf 77' lang='grc' dir='ltr'>καὶ</span> 
     </span>
    </p>
   </div>
   <div class='ocr_carea' id='block_1_64' title="bbox 1941 3264 3521 3341">
    <p class='ocr_par' dir='ltr' id='par_1_64' title="bbox 1941 3264 3521 3336">
     <span class='ocr_line' id='line_1_64' title="bbox 1941 3264 3521 3336; baseline -0.003 -14"><span class='ocrx_word' id='word_1_456' title='bbox 1941 3269 2080 3322; x_wconf 85' lang='lat' dir='ltr'><strong><em>enim</em></strong></span> <span class='ocrx_word' id='word_1_457' title='bbox 2116 3267 2349 3336; x_wconf 88' lang='lat' dir='ltr'><strong><em>primum</em></strong></span> <span class='ocrx_word' id='word_1_458' title='bbox 2383 3265 2630 3325; x_wconf 86' lang='lat' dir='ltr'><strong><em>discere.</em></strong></span> <span class='ocrx_word' id='word_1_459' title='bbox 2667 3264 2757 3319; x_wconf 90' lang='lat' dir='ltr'><strong><em>Dei</em></strong></span> <span class='ocrx_word' id='word_1_460' title='bbox 2793 3279 2914 3319; x_wconf 85' lang='lat' dir='ltr'><strong><em>esse</em></strong></span> <span class='ocrx_word' id='word_1_461' title='bbox 2945 3265 3178 3318; x_wconf 85' lang='lat' dir='ltr'><strong><em>Verbum</em></strong></span> <span class='ocrx_word' id='word_1_462' title='bbox 3219 3266 3362 3333; x_wconf 90' lang='lat' dir='ltr'><strong><em>quod</em></strong></span> <span class='ocrx_word' id='word_1_463' title='bbox 3399 3265 3521 3318; x_wconf 83' lang='lat' dir='ltr'><strong><em>uni-</em></strong></span> 
     </span>
    </p>
   </div>
   <div class='ocr_carea' id='block_1_65' title="bbox 248 3361 1614 3434">
    <p class='ocr_par' dir='ltr' id='par_1_65' title="bbox 248 3361 1614 3434">
     <span class='ocr_line' id='line_1_65' title="bbox 248 3361 1614 3434; baseline 0.002 -20"><span class='ocrx_word' id='word_1_464' title='bbox 248 3361 552 3432; x_wconf 83' lang='grc' dir='ltr'>δυνάμεως,</span> <span class='ocrx_word' id='word_1_465' title='bbox 581 3362 706 3416; x_wconf 86' lang='grc' dir='ltr'>Υἰόν</span> <span class='ocrx_word' id='word_1_466' title='bbox 732 3379 791 3414; x_wconf 90' lang='grc' dir='ltr'>τε</span> <span class='ocrx_word' id='word_1_467' title='bbox 806 3361 1008 3432; x_wconf 86' lang='grc' dir='ltr'>γνῶναι</span> <span class='ocrx_word' id='word_1_468' title='bbox 1039 3362 1299 3434; x_wconf 82' lang='grc' dir='ltr'>μονογενῆ</span> <span class='ocrx_word' id='word_1_469' title='bbox 1330 3361 1423 3416; x_wconf 87' lang='grc' dir='ltr'><strong><em>τοῦ</em></strong></span> <span class='ocrx_word' id='word_1_470' title='bbox 1457 3361 1614 3417; x_wconf 84' lang='grc' dir='ltr'>Θεοῦ.</span> 
     </span>
    </p>
   </div>
   <div class='ocr_carea' id='block_1_66' title="bbox 1937 3355 3525 3426">
    <p class='ocr_par' dir='ltr' id='par_1_66' title="bbox 1937 3355 3525 3426">
     <span class='ocr_line' id='line_1_66' title="bbox 1937 3355 3525 3426; baseline -0.001 -13"><span class='ocrx_word' id='word_1_471' title='bbox 1937 3376 2093 3414; x_wconf 86' lang='lat' dir='ltr'><strong><em>verso</em></strong></span> <span class='ocrx_word' id='word_1_472' title='bbox 2157 3359 2355 3412; x_wconf 91' lang='lat' dir='ltr'><strong><em>mundo</em></strong></span> <span class='ocrx_word' id='word_1_473' title='bbox 2402 3356 2655 3426; x_wconf 69' lang='lat' dir='ltr'><strong><em>prtesidet</em></strong></span> <span class='ocrx_word' id='word_1_474' title='bbox 2709 3371 2774 3410; x_wconf 87' lang='lat' dir='ltr'><strong><em>ac</em></strong></span> <span class='ocrx_word' id='word_1_475' title='bbox 2823 3355 3132 3409; x_wconf 88' lang='lat' dir='ltr'><strong><em>dotninatur</em></strong></span> <span class='ocrx_word' id='word_1_476' title='bbox 3174 3373 3189 3410; x_wconf 91' lang='lat'><strong>:</strong></span> <span class='ocrx_word' id='word_1_477' title='bbox 3236 3357 3433 3412; x_wconf 88' lang='lat' dir='ltr'><strong><em>deinde</em></strong></span> <span class='ocrx_word' id='word_1_478' title='bbox 3466 3367 3525 3413; x_wconf 86' lang='lat' dir='ltr'><strong><em>Ct</em></strong></span> 
     </span>
    </p>
   </div>
   <div class='ocr_carea' id='block_1_67' title="bbox 253 3452 2544 3528">
    <p class='ocr_par' dir='ltr' id='par_1_67' title="bbox 253 3452 2544 3528">
     <span class='ocr_line' id='line_1_67' title="bbox 253 3452 2544 3528; baseline 0.001 -24"><span class='ocrx_word' id='word_1_479' title='bbox 253 3453 371 3524; x_wconf 88' lang='lat' dir='ltr'><strong><em>ejus</em></strong></span> <span class='ocrx_word' id='word_1_480' title='bbox 427 3453 788 3510; x_wconf 87' lang='lat' dir='ltr'><strong><em>substantiam</em></strong></span> <span class='ocrx_word' id='word_1_481' title='bbox 842 3455 1250 3526; x_wconf 88' lang='lat' dir='ltr'><strong><em>potentiamque</em></strong></span> <span class='ocrx_word' id='word_1_482' title='bbox 1304 3472 1659 3527; x_wconf 85' lang='lat' dir='ltr'><strong><em>c0gnoscere,</em></strong></span> <span class='ocrx_word' id='word_1_483' title='bbox 1699 3466 1754 3513; x_wconf 90' lang='lat' dir='ltr'><strong><em>et</em></strong></span> <span class='ocrx_word' id='word_1_484' title='bbox 1791 3458 1933 3528; x_wconf 91' lang='lat' dir='ltr'><strong><em>quod</em></strong></span> <span class='ocrx_word' id='word_1_485' title='bbox 1977 3457 2067 3508; x_wconf 85' lang='lat' dir='ltr'><strong><em>Dei</em></strong></span> <span class='ocrx_word' id='word_1_486' title='bbox 2103 3457 2171 3507; x_wconf 90' lang='lat' dir='ltr'><strong><em>sit</em></strong></span> <span class='ocrx_word' id='word_1_487' title='bbox 2206 3452 2544 3523; x_wconf 86' lang='lat' dir='ltr'><strong><em>Unigenitus.</em></strong></span> 
     </span>
    </p>
   </div>
   <div class='ocr_carea' id='block_1_68' title="bbox 269 3591 1807 3664">
    <p class='ocr_par' dir='ltr' id='par_1_68' title="bbox 269 3591 1807 3664">
     <span class='ocr_line' id='line_1_68' title="bbox 269 3591 1807 3664; baseline 0.007 -23"><span class='ocrx_word' id='word_1_488' title='bbox 269 3594 495 3649; x_wconf 75' lang='grc' dir='ltr'>Αινεῖτε</span> <span class='ocrx_word' id='word_1_489' title='bbox 527 3591 634 3645; x_wconf 82' lang='grc' dir='ltr'><strong><em>τὸν</em></strong></span> <span class='ocrx_word' id='word_1_490' title='bbox 657 3591 897 3660; x_wconf 75' lang='grc' dir='ltr'>Κύριον,</span> <span class='ocrx_word' id='word_1_491' title='bbox 931 3594 1022 3646; x_wconf 78' lang='grc' dir='ltr'>ὅτι</span> <span class='ocrx_word' id='word_1_492' title='bbox 1064 3593 1287 3663; x_wconf 76' lang='grc' dir='ltr'>ἀγαθὸς</span> <span class='ocrx_word' id='word_1_493' title='bbox 1320 3595 1556 3664; x_wconf 85' lang='grc' dir='ltr'>Κύριος,</span> <span class='ocrx_word' id='word_1_494' title='bbox 1590 3614 1644 3650; x_wconf 87' lang='grc' dir='ltr'><strong><em>κ.</em></strong></span> <span class='ocrx_word' id='word_1_495' title='bbox 1676 3615 1728 3651; x_wconf 86' lang='grc' dir='ltr'><strong><em>τ.</em></strong></span> <span class='ocrx_word' id='word_1_496' title='bbox 1756 3597 1807 3652; x_wconf 92' lang='grc' dir='ltr'><strong><em>λ.</em></strong></span> 
     </span>
    </p>
   </div>
   <div class='ocr_carea' id='block_1_69' title="bbox 333 3681 1829 3756">
    <p class='ocr_par' dir='ltr' id='par_1_69' title="bbox 333 3681 1829 3756">
     <span class='ocr_line' id='line_1_69' title="bbox 333 3681 1829 3756; baseline 0.005 -22"><span class='ocrx_word' id='word_1_497' title='bbox 333 3681 485 3734; x_wconf 79' lang='grc' dir='ltr'><strong><em>Ἐπεὶ</em></strong></span> <span class='ocrx_word' id='word_1_498' title='bbox 515 3681 717 3750; x_wconf 82' lang='grc' dir='ltr'>ἀγαθὸς</span> <span class='ocrx_word' id='word_1_499' title='bbox 742 3681 964 3756; x_wconf 84' lang='grc' dir='ltr'>Κύριος,</span> <span class='ocrx_word' id='word_1_500' title='bbox 998 3684 1196 3737; x_wconf 79' lang='grc' dir='ltr'>αἰνείτε</span> <span class='ocrx_word' id='word_1_501' title='bbox 1227 3684 1412 3738; x_wconf 83' lang='grc' dir='ltr'>αὐτόν.</span> <span class='ocrx_word' id='word_1_502' title='bbox 1461 3686 1620 3739; x_wconf 82' lang='grc' dir='ltr'>Αἰτία</span> <span class='ocrx_word' id='word_1_503' title='bbox 1649 3687 1706 3740; x_wconf 82' lang='grc' dir='ltr'>δὲ</span> <span class='ocrx_word' id='word_1_504' title='bbox 1734 3688 1829 3741; x_wconf 87' lang='grc' dir='ltr'><strong><em>τοῦ</em></strong></span> 
     </span>
    </p>
   </div>
   <div class='ocr_carea' id='block_1_70' title="bbox 248 3771 1833 3847">
    <p class='ocr_par' dir='ltr' id='par_1_70' title="bbox 248 3771 1833 3847">
     <span class='ocr_line' id='line_1_70' title="bbox 248 3771 1833 3847; baseline 0.004 -21"><span class='ocrx_word' id='word_1_505' title='bbox 248 3775 438 3835; x_wconf 82' lang='grc' dir='ltr'>αἰνεῖν,</span> <span class='ocrx_word' id='word_1_506' title='bbox 474 3773 536 3826; x_wconf 82' lang='grc' dir='ltr'>τὸ</span> <span class='ocrx_word' id='word_1_507' title='bbox 581 3773 786 3842; x_wconf 83' lang='grc' dir='ltr'>ἀγαθὸν</span> <span class='ocrx_word' id='word_1_508' title='bbox 817 3775 876 3828; x_wconf 81' lang='grc' dir='ltr'>οὐ</span> <span class='ocrx_word' id='word_1_509' title='bbox 920 3775 1060 3829; x_wconf 81' lang='grc' dir='ltr'><strong><em>κατά</em></strong></span> <span class='ocrx_word' id='word_1_510' title='bbox 1104 3775 1318 3847; x_wconf 81' lang='grc' dir='ltr'>μέθεξιν</span> <span class='ocrx_word' id='word_1_511' title='bbox 1360 3771 1522 3841; x_wconf 79' lang='grc' dir='ltr'>εἶναι,</span> <span class='ocrx_word' id='word_1_512' title='bbox 1569 3777 1833 3842; x_wconf 86' lang='grc' dir='ltr'>ὡσαύτως</span> 
     </span>
    </p>
   </div>
   <div class='ocr_carea' id='block_1_71' title="bbox 247 3864 1832 3940">
    <p class='ocr_par' dir='ltr' id='par_1_71' title="bbox 247 3864 1832 3940">
     <span class='ocr_line' id='line_1_71' title="bbox 247 3864 1832 3940; baseline 0.003 -22"><span class='ocrx_word' id='word_1_513' title='bbox 247 3864 305 3918; x_wconf 82' lang='grc' dir='ltr'>δὲ</span> <span class='ocrx_word' id='word_1_514' title='bbox 338 3865 416 3936; x_wconf 84' lang='grc' dir='ltr'><strong><em>τῷ</em></strong></span> <span class='ocrx_word' id='word_1_515' title='bbox 441 3866 618 3938; x_wconf 84' lang='grc' dir='ltr'>Πατρί</span> <span class='ocrx_word' id='word_1_516' title='bbox 645 3865 743 3937; x_wconf 89' lang='lat'><strong><em>(9).</em></strong></span> <span class='ocrx_word' id='word_1_517' title='bbox 766 3867 1032 3938; x_wconf 85' lang='grc' dir='ltr'>Αἰνοῦμεν</span> <span class='ocrx_word' id='word_1_518' title='bbox 1055 3868 1112 3922; x_wconf 81' lang='grc' dir='ltr'><strong><em>δὲ</em></strong></span> <span class='ocrx_word' id='word_1_519' title='bbox 1143 3869 1203 3920; x_wconf 77' lang='grc' dir='ltr'><strong><em>ού</em></strong></span> <span class='ocrx_word' id='word_1_520' title='bbox 1230 3871 1295 3940; x_wconf 82' lang='grc' dir='ltr'>τῇ</span> <span class='ocrx_word' id='word_1_521' title='bbox 1319 3867 1462 3934; x_wconf 82' lang='grc' dir='ltr'>λέξει</span> <span class='ocrx_word' id='word_1_522' title='bbox 1491 3870 1670 3940; x_wconf 87' lang='grc' dir='ltr'>μόνον,</span> <span class='ocrx_word' id='word_1_523' title='bbox 1697 3869 1832 3924; x_wconf 82' lang='grc' dir='ltr'><strong><em>ἀλλά</em></strong></span> 
     </span>
    </p>
   </div>
   <div class='ocr_carea' id='block_1_72' title="bbox 248 3955 1830 4033">
    <p class='ocr_par' dir='ltr' id='par_1_72' title="bbox 248 3955 1830 4033">
     <span class='ocr_line' id='line_1_72' title="bbox 248 3955 1830 4033; baseline 0.006 -26"><span class='ocrx_word' id='word_1_524' title='bbox 248 3956 343 4008; x_wconf 69' lang='grc' dir='ltr'><strong><em>καὶ</em></strong></span> <span class='ocrx_word' id='word_1_525' title='bbox 375 3955 590 4026; x_wconf 75' lang='grc' dir='ltr'>μεθέξει</span> <span class='ocrx_word' id='word_1_526' title='bbox 621 3956 732 4010; x_wconf 89' lang='grc' dir='ltr'><strong><em>τῶν</em></strong></span> <span class='ocrx_word' id='word_1_527' title='bbox 761 3957 980 4026; x_wconf 81' lang='grc' dir='ltr'>ἀγαθῶν</span> <span class='ocrx_word' id='word_1_528' title='bbox 1014 3958 1202 4022; x_wconf 79' lang='grc' dir='ltr'>αὑτοῦ,</span> <span class='ocrx_word' id='word_1_529' title='bbox 1231 3958 1306 4022; x_wconf 81' lang='grc' dir='ltr'>ὡς</span> <span class='ocrx_word' id='word_1_530' title='bbox 1338 3959 1456 4013; x_wconf 90' lang='grc' dir='ltr'>δέον</span> <span class='ocrx_word' id='word_1_531' title='bbox 1500 3961 1558 4014; x_wconf 85' lang='grc' dir='ltr'>δὲ</span> <span class='ocrx_word' id='word_1_532' title='bbox 1589 3965 1656 4033; x_wconf 80' lang='grc' dir='ltr'><strong><em>τῇ</em></strong></span> <span class='ocrx_word' id='word_1_533' title='bbox 1694 3963 1830 4015; x_wconf 89' lang='grc' dir='ltr'>θεω-</span> 
     </span>
    </p>
   </div>
   <div class='ocr_carea' id='block_1_73' title="bbox 253 4046 1835 4124">
    <p class='ocr_par' dir='ltr' id='par_1_73' title="bbox 253 4046 1835 4124">
     <span class='ocr_line' id='line_1_73' title="bbox 253 4046 1835 4124; baseline 0.006 -27"><span class='ocrx_word' id='word_1_534' title='bbox 253 4046 344 4116; x_wconf 73' lang='grc' dir='ltr'><strong><em>ρίᾳ</em></strong></span> <span class='ocrx_word' id='word_1_535' title='bbox 391 4046 626 4111; x_wconf 78' lang='grc' dir='ltr'>καὶτοῖς</span> <span class='ocrx_word' id='word_1_536' title='bbox 655 4046 1096 4120; x_wconf 89' lang='grc' dir='ltr'>θεολογουμένοις</span> <span class='ocrx_word' id='word_1_537' title='bbox 1140 4051 1322 4124; x_wconf 81' lang='grc' dir='ltr'>ἔργοις</span> <span class='ocrx_word' id='word_1_538' title='bbox 1354 4052 1617 4123; x_wconf 80' lang='grc' dir='ltr'>πράττειν</span> <span class='ocrx_word' id='word_1_539' title='bbox 1661 4053 1835 4124; x_wconf 84' lang='grc' dir='ltr'>ἁρμό-</span> 
     </span>
    </p>
   </div>
   <div class='ocr_carea' id='block_1_74' title="bbox 246 4132 1828 4215">
    <p class='ocr_par' dir='ltr' id='par_1_74' title="bbox 246 4132 1828 4215">
     <span class='ocr_line' id='line_1_74' title="bbox 246 4132 1828 4215; baseline 0.005 -25"><span class='ocrx_word' id='word_1_540' title='bbox 246 4137 334 4190; x_wconf 80' lang='grc' dir='ltr'>δια</span> <span class='ocrx_word' id='word_1_541' title='bbox 355 4178 369 4197; x_wconf 87' lang='grc'><strong><em>,</em></strong></span> <span class='ocrx_word' id='word_1_542' title='bbox 419 4137 499 4202; x_wconf 83' lang='grc' dir='ltr'>τὸ,</span> <span class='ocrx_word' id='word_1_543' title='bbox 542 4137 780 4193; x_wconf 80' lang='grc' dir='ltr'>Ψάλατε</span> <span class='ocrx_word' id='word_1_544' title='bbox 821 4139 902 4205; x_wconf 81' lang='grc' dir='ltr'>τῷ</span> <span class='ocrx_word' id='word_1_545' title='bbox 933 4141 1177 4210; x_wconf 79' lang='grc' dir='ltr'>ὀνόματι</span> <span class='ocrx_word' id='word_1_546' title='bbox 1204 4132 1438 4206; x_wconf 72' lang='grc' dir='ltr'>αὐτοῦ,⁹</span> <span class='ocrx_word' id='word_1_547' title='bbox 1455 4144 1828 4215; x_wconf 80' lang='grc' dir='ltr'>ὲπενήνεκται·</span> 
     </span>
    </p>
   </div>
   <div class='ocr_carea' id='block_1_75' title="bbox 245 4229 1832 4308">
    <p class='ocr_par' dir='ltr' id='par_1_75' title="bbox 245 4229 1832 4308">
     <span class='ocr_line' id='line_1_75' title="bbox 245 4229 1832 4308; baseline 0.006 -27"><span class='ocrx_word' id='word_1_548' title='bbox 245 4229 405 4283; x_wconf 77' lang='grc' dir='ltr'>τοῦτο</span> <span class='ocrx_word' id='word_1_549' title='bbox 433 4229 541 4301; x_wconf 82' lang='grc' dir='ltr'><strong><em>γὰρ</em></strong></span> <span class='ocrx_word' id='word_1_550' title='bbox 573 4230 673 4301; x_wconf 78' lang='grc' dir='ltr'>ἡδὺ</span> <span class='ocrx_word' id='word_1_551' title='bbox 701 4232 796 4284; x_wconf 75' lang='grc' dir='ltr'><strong><em>καὶ</em></strong></span> <span class='ocrx_word' id='word_1_552' title='bbox 833 4232 976 4304; x_wconf 82' lang='grc' dir='ltr'>ὑπὲρ</span> <span class='ocrx_word' id='word_1_553' title='bbox 1019 4236 1199 4288; x_wconf 76' lang='grc' dir='ltr'>πᾶσαν</span> <span class='ocrx_word' id='word_1_554' title='bbox 1228 4235 1605 4308; x_wconf 73' lang='grc' dir='ltr'>χρηστότητα·</span> <span class='ocrx_word' id='word_1_555' title='bbox 1650 4237 1832 4291; x_wconf 81' lang='grc' dir='ltr'>αἰνοῦ-</span> 
     </span>
    </p>
   </div>
   <div class='ocr_carea' id='block_1_76' title="bbox 249 4321 1834 4400">
    <p class='ocr_par' dir='ltr' id='par_1_76' title="bbox 249 4321 1834 4400">
     <span class='ocr_line' id='line_1_76' title="bbox 249 4321 1834 4400; baseline 0.008 -29"><span class='ocrx_word' id='word_1_556' title='bbox 249 4337 350 4391; x_wconf 81' lang='grc' dir='ltr'><strong><em>μεν</em></strong></span> <span class='ocrx_word' id='word_1_557' title='bbox 391 4321 447 4374; x_wconf 81' lang='grc' dir='ltr'>δὲ</span> <span class='ocrx_word' id='word_1_558' title='bbox 481 4322 641 4376; x_wconf 77' lang='grc' dir='ltr'>αὑτὸν</span> <span class='ocrx_word' id='word_1_559' title='bbox 670 4324 790 4377; x_wconf 77' lang='grc' dir='ltr'>ἐπεὶ</span> <span class='ocrx_word' id='word_1_560' title='bbox 818 4325 1099 4392; x_wconf 77' lang='grc' dir='ltr'>ἐξελέξατο</span> <span class='ocrx_word' id='word_1_561' title='bbox 1127 4326 1304 4399; x_wconf 80' lang='grc' dir='ltr'>ἑαυτῷ</span> <span class='ocrx_word' id='word_1_562' title='bbox 1346 4327 1436 4380; x_wconf 82' lang='grc' dir='ltr'>τὸν</span> <span class='ocrx_word' id='word_1_563' title='bbox 1481 4329 1834 4400; x_wconf 78' lang='grc' dir='ltr'>πτερνίζοντα</span> 
     </span>
    </p>
   </div>
   <div class='ocr_carea' id='block_1_77' title="bbox 1937 3583 3518 3656">
    <p class='ocr_par' dir='ltr' id='par_1_77' title="bbox 1937 3583 3518 3656">
     <span class='ocr_line' id='line_1_77' title="bbox 1937 3583 3518 3656; baseline -0.004 -10"><span class='ocrx_word' id='word_1_564' title='bbox 1937 3593 2100 3646; x_wconf 68' lang='lat' dir='ltr'><strong><em>Vens.</em></strong></span> <span class='ocrx_word' id='word_1_565' title='bbox 2125 3590 2179 3644; x_wconf 79' lang='grc'><strong><em>5.</em></strong></span> <span class='ocrx_word' id='word_1_566' title='bbox 2205 3587 2444 3641; x_wconf 82' lang='lat' dir='ltr'><strong><em>Laudate</em></strong></span> <span class='ocrx_word' id='word_1_567' title='bbox 2463 3587 2764 3651; x_wconf 87' lang='lat' dir='ltr'><strong><em>Dominum,</em></strong></span> <span class='ocrx_word' id='word_1_568' title='bbox 2782 3586 2907 3656; x_wconf 88' lang='lat' dir='ltr'><strong><em>quia</em></strong></span> <span class='ocrx_word' id='word_1_569' title='bbox 2935 3585 3098 3638; x_wconf 81' lang='lat' dir='ltr'><strong><em>bonus</em></strong></span> <span class='ocrx_word' id='word_1_570' title='bbox 3121 3583 3394 3648; x_wconf 76' lang='lat' dir='ltr'><strong><em>Dominus,</em></strong></span> <span class='ocrx_word' id='word_1_571' title='bbox 3412 3595 3518 3640; x_wconf 75' lang='lat' dir='ltr'><strong><em>etc.</em></strong></span> 
     </span>
    </p>
   </div>
   <div class='ocr_carea' id='block_1_78' title="bbox 2007 3677 3518 3749">
    <p class='ocr_par' dir='ltr' id='par_1_78' title="bbox 2007 3677 3518 3749">
     <span class='ocr_line' id='line_1_78' title="bbox 2007 3677 3518 3749; baseline -0.001 -15"><span class='ocrx_word' id='word_1_572' title='bbox 2007 3680 2271 3749; x_wconf 87' lang='lat' dir='ltr'><strong><em>Quoniam</em></strong></span> <span class='ocrx_word' id='word_1_573' title='bbox 2338 3680 2516 3736; x_wconf 85' lang='lat' dir='ltr'><strong><em>bonus</em></strong></span> <span class='ocrx_word' id='word_1_574' title='bbox 2578 3687 2660 3733; x_wconf 89' lang='lat' dir='ltr'><strong><em>est</em></strong></span> <span class='ocrx_word' id='word_1_575' title='bbox 2713 3678 3001 3742; x_wconf 86' lang='lat' dir='ltr'><strong><em>Dominus,</em></strong></span> <span class='ocrx_word' id='word_1_576' title='bbox 3051 3677 3226 3747; x_wconf 84' lang='lat' dir='ltr'><strong><em>ipsum</em></strong></span> <span class='ocrx_word' id='word_1_577' title='bbox 3279 3678 3518 3734; x_wconf 84' lang='lat' dir='ltr'><strong><em>laudate.</em></strong></span> 
     </span>
    </p>
   </div>
   <div class='ocr_carea' id='block_1_79' title="bbox 1933 3769 3596 3837">
    <p class='ocr_par' dir='ltr' id='par_1_79' title="bbox 1933 3769 3596 3837">
     <span class='ocr_line' id='line_1_79' title="bbox 1933 3769 3596 3837; baseline -0.003 -9"><span class='ocrx_word' id='word_1_578' title='bbox 1933 3773 2110 3829; x_wconf 88' lang='lat' dir='ltr'><strong><em>Causa</em></strong></span> <span class='ocrx_word' id='word_1_579' title='bbox 2161 3781 2343 3826; x_wconf 87' lang='lat' dir='ltr'><strong><em>autem</em></strong></span> <span class='ocrx_word' id='word_1_580' title='bbox 2401 3770 2656 3824; x_wconf 84' lang='lat' dir='ltr'><strong><em>laudandi</em></strong></span> <span class='ocrx_word' id='word_1_581' title='bbox 2715 3778 2817 3831; x_wconf 88' lang='lat' dir='ltr'><strong><em>est.</em></strong></span> <span class='ocrx_word' id='word_1_582' title='bbox 2871 3769 3083 3823; x_wconf 89' lang='lat' dir='ltr'><strong><em>bonitas</em></strong></span> <span class='ocrx_word' id='word_1_583' title='bbox 3130 3769 3246 3837; x_wconf 87' lang='lat' dir='ltr'><strong><em>ejus</em></strong></span> <span class='ocrx_word' id='word_1_584' title='bbox 3295 3784 3398 3822; x_wconf 90' lang='lat' dir='ltr'><strong><em>non</em></strong></span> <span class='ocrx_word' id='word_1_585' title='bbox 3451 3786 3516 3823; x_wconf 74' lang='lat' dir='ltr'><strong><em>ex</em></strong></span> <span class='ocrx_word' id='word_1_586' title='bbox 3587 3829 3596 3837; x_wconf 20' lang='grc' dir='ltr'><strong><em>γ</em></strong></span> 
     </span>
    </p>
   </div>
   <div class='ocr_carea' id='block_1_80' title="bbox 1934 3857 3514 3931">
    <p class='ocr_par' dir='ltr' id='par_1_80' title="bbox 1934 3857 3514 3931">
     <span class='ocr_line' id='line_1_80' title="bbox 1934 3857 3514 3931; baseline 0.001 -17"><span class='ocrx_word' id='word_1_587' title='bbox 1934 3862 2168 3931; x_wconf 89' lang='lat' dir='ltr'><strong><em>quadam</em></strong></span> <span class='ocrx_word' id='word_1_588' title='bbox 2193 3860 2625 3929; x_wconf 79' lang='lat' dir='ltr'><strong><em>participatione.</em></strong></span> <span class='ocrx_word' id='word_1_589' title='bbox 2646 3858 2737 3912; x_wconf 89' lang='lat' dir='ltr'><strong><em>sed</em></strong></span> <span class='ocrx_word' id='word_1_590' title='bbox 2762 3858 2883 3924; x_wconf 84' lang='lat' dir='ltr'><strong><em>quia</em></strong></span> <span class='ocrx_word' id='word_1_591' title='bbox 2909 3857 3130 3927; x_wconf 85' lang='lat' dir='ltr'><strong><em>perinde</em></strong></span> <span class='ocrx_word' id='word_1_592' title='bbox 3151 3868 3232 3913; x_wconf 90' lang='lat' dir='ltr'><strong><em>est</em></strong></span> <span class='ocrx_word' id='word_1_593' title='bbox 3255 3873 3318 3912; x_wconf 85' lang='lat' dir='ltr'><strong><em>ac</em></strong></span> <span class='ocrx_word' id='word_1_594' title='bbox 3335 3857 3514 3916; x_wconf 81' lang='lat' dir='ltr'><strong><em>Pater.</em></strong></span> 
     </span>
    </p>
   </div>
   <div class='ocr_carea' id='block_1_81' title="bbox 1937 3949 3520 4018">
    <p class='ocr_par' dir='ltr' id='par_1_81' title="bbox 1937 3949 3520 4018">
     <span class='ocr_line' id='line_1_81' title="bbox 1937 3949 3520 4018; baseline -0.005 -8"><span class='ocrx_word' id='word_1_595' title='bbox 1937 3955 2247 4010; x_wconf 87' lang='lat' dir='ltr'><strong><em>Laudamus</em></strong></span> <span class='ocrx_word' id='word_1_596' title='bbox 2277 3963 2455 4007; x_wconf 86' lang='lat' dir='ltr'><strong><em>autem</em></strong></span> <span class='ocrx_word' id='word_1_597' title='bbox 2493 3965 2598 4004; x_wconf 92' lang='lat' dir='ltr'><strong><em>non</em></strong></span> <span class='ocrx_word' id='word_1_598' title='bbox 2632 3949 2814 4004; x_wconf 82' lang='lat' dir='ltr'><strong><em>verbis</em></strong></span> <span class='ocrx_word' id='word_1_599' title='bbox 2841 3949 3038 4014; x_wconf 85' lang='lat' dir='ltr'><strong><em>solum,</em></strong></span> <span class='ocrx_word' id='word_1_600' title='bbox 3075 3949 3167 4003; x_wconf 87' lang='lat' dir='ltr'><strong><em>sed</em></strong></span> <span class='ocrx_word' id='word_1_601' title='bbox 3199 3950 3362 4003; x_wconf 89' lang='lat' dir='ltr'><strong><em>etiam</em></strong></span> <span class='ocrx_word' id='word_1_602' title='bbox 3397 3966 3520 4018; x_wconf 87' lang='lat' dir='ltr'><strong><em>par-</em></strong></span> 
     </span>
    </p>
   </div>
   <div class='ocr_carea' id='block_1_82' title="bbox 1940 4039 3520 4116">
    <p class='ocr_par' dir='ltr' id='par_1_82' title="bbox 1940 4039 3520 4116">
     <span class='ocr_line' id='line_1_82' title="bbox 1940 4039 3520 4116; baseline -0.003 -16"><span class='ocrx_word' id='word_1_603' title='bbox 1940 4045 2255 4116; x_wconf 83' lang='lat' dir='ltr'><strong><em>ticipatione</em></strong></span> <span class='ocrx_word' id='word_1_604' title='bbox 2303 4044 2569 4098; x_wconf 89' lang='lat' dir='ltr'><strong><em>bonormn</em></strong></span> <span class='ocrx_word' id='word_1_605' title='bbox 2611 4039 2726 4107; x_wconf 85' lang='lat' dir='ltr'><strong><em>ejus</em></strong></span> <span class='ocrx_word' id='word_1_606' title='bbox 2776 4057 2790 4093; x_wconf 90' lang='lat'><strong>:</strong></span> <span class='ocrx_word' id='word_1_607' title='bbox 2840 4039 2968 4108; x_wconf 89' lang='lat' dir='ltr'><strong><em>quia</em></strong></span> <span class='ocrx_word' id='word_1_608' title='bbox 3009 4041 3263 4094; x_wconf 89' lang='lat' dir='ltr'><strong><em>nimirum</em></strong></span> <span class='ocrx_word' id='word_1_609' title='bbox 3305 4051 3520 4111; x_wconf 76' lang='lat' dir='ltr'><strong><em>oportet</em></strong></span> 
     </span>
    </p>
   </div>
   <div class='ocr_carea' id='block_1_83' title="bbox 1940 4135 3616 4207">
    <p class='ocr_par' dir='ltr' id='par_1_83' title="bbox 1940 4135 3616 4207">
     <span class='ocr_line' id='line_1_83' title="bbox 1940 4135 3616 4207; baseline -0.001 -15"><span class='ocrx_word' id='word_1_610' title='bbox 1940 4140 2251 4194; x_wconf 67' lang='lat' dir='ltr'><strong><em>theoretica:</em></strong></span> <span class='ocrx_word' id='word_1_611' title='bbox 2281 4135 2640 4207; x_wconf 72' lang='lat' dir='ltr'><strong><em>Speculationi</em></strong></span> <span class='ocrx_word' id='word_1_612' title='bbox 2660 4145 2712 4190; x_wconf 88' lang='lat' dir='ltr'><strong><em>et</em></strong></span> <span class='ocrx_word' id='word_1_613' title='bbox 2741 4135 3055 4204; x_wconf 63' lang='lat' dir='ltr'><strong><em>theologica:</em></strong></span> <span class='ocrx_word' id='word_1_614' title='bbox 3074 4135 3266 4206; x_wconf 54' lang='lat' dir='ltr'><strong><em>regule</em></strong></span> <span class='ocrx_word' id='word_1_615' title='bbox 3286 4135 3518 4198; x_wconf 84' lang='lat' dir='ltr'><strong><em>actibus.</em></strong></span> <span class='ocrx_word' id='word_1_616' title='bbox 3607 4135 3616 4144; x_wconf 85' lang='grc'><strong>’</strong></span> 
     </span>
    </p>
   </div>
   <div class='ocr_carea' id='block_1_84' title="bbox 1937 4225 3518 4298">
    <p class='ocr_par' dir='ltr' id='par_1_84' title="bbox 1937 4225 3518 4298">
     <span class='ocr_line' id='line_1_84' title="bbox 1937 4225 3518 4298; baseline -0.003 -13"><span class='ocrx_word' id='word_1_617' title='bbox 1937 4230 2174 4298; x_wconf 88' lang='lat' dir='ltr'><strong><em>reliquos</em></strong></span> <span class='ocrx_word' id='word_1_618' title='bbox 2215 4243 2394 4282; x_wconf 88' lang='lat' dir='ltr'><strong><em>mores</em></strong></span> <span class='ocrx_word' id='word_1_619' title='bbox 2439 4227 2772 4289; x_wconf 78' lang='lat' dir='ltr'><strong><em>consentire,</em></strong></span> <span class='ocrx_word' id='word_1_620' title='bbox 2825 4225 3070 4289; x_wconf 76' lang='lat' dir='ltr'><strong><em>Psallite,</em></strong></span> <span class='ocrx_word' id='word_1_621' title='bbox 3123 4228 3360 4280; x_wconf 88' lang='lat' dir='ltr'><strong><em>additum</em></strong></span> <span class='ocrx_word' id='word_1_622' title='bbox 3413 4237 3518 4288; x_wconf 89' lang='lat' dir='ltr'><strong><em>est,</em></strong></span> 
     </span>
    </p>
   </div>
   <div class='ocr_carea' id='block_1_85' title="bbox 1939 4317 3518 4389">
    <p class='ocr_par' dir='ltr' id='par_1_85' title="bbox 1939 4317 3518 4389">
     <span class='ocr_line' id='line_1_85' title="bbox 1939 4317 3518 4389; baseline -0.003 -15"><span class='ocrx_word' id='word_1_623' title='bbox 1939 4321 2140 4374; x_wconf 85' lang='lat' dir='ltr'><strong><em>nomini</em></strong></span> <span class='ocrx_word' id='word_1_624' title='bbox 2196 4319 2333 4389; x_wconf 80' lang='lat' dir='ltr'><strong><em>ejus,</em></strong></span> <span class='ocrx_word' id='word_1_625' title='bbox 2372 4319 2497 4386; x_wconf 89' lang='lat' dir='ltr'><strong><em>quia</em></strong></span> <span class='ocrx_word' id='word_1_626' title='bbox 2546 4317 2703 4372; x_wconf 89' lang='lat' dir='ltr'><strong><em>dulce</em></strong></span> <span class='ocrx_word' id='word_1_627' title='bbox 2749 4317 2800 4370; x_wconf 89' lang='lat' dir='ltr'><strong><em>id</em></strong></span> <span class='ocrx_word' id='word_1_628' title='bbox 2841 4325 2962 4380; x_wconf 90' lang='lat' dir='ltr'><strong><em>est,</em></strong></span> <span class='ocrx_word' id='word_1_629' title='bbox 3007 4327 3061 4370; x_wconf 92' lang='lat' dir='ltr'><strong><em>et</em></strong></span> <span class='ocrx_word' id='word_1_630' title='bbox 3101 4333 3264 4388; x_wconf 89' lang='lat' dir='ltr'><strong><em>super</em></strong></span> <span class='ocrx_word' id='word_1_631' title='bbox 3303 4333 3518 4372; x_wconf 90' lang='lat' dir='ltr'><strong><em>omnem</em></strong></span> 
     </span>
    </p>
   </div>
   <div class='ocr_carea' id='block_1_86' title="bbox 246 4409 1837 4481">
    <p class='ocr_par' dir='ltr' id='par_1_86' title="bbox 246 4409 1829 4481">
     <span class='ocr_line' id='line_1_86' title="bbox 246 4409 1829 4481; baseline 0.006 -18"><span class='ocrx_word' id='word_1_632' title='bbox 246 4410 317 4463; x_wconf 75' lang='grc' dir='ltr'>τὰ</span> <span class='ocrx_word' id='word_1_633' title='bbox 366 4409 512 4481; x_wconf 79' lang='grc' dir='ltr'>πάθη</span> <span class='ocrx_word' id='word_1_634' title='bbox 563 4412 657 4466; x_wconf 75' lang='grc' dir='ltr'><strong><em>καὶ</em></strong></span> <span class='ocrx_word' id='word_1_635' title='bbox 705 4413 804 4477; x_wconf 84' lang='grc' dir='ltr'><strong><em>τὰς</em></strong></span> <span class='ocrx_word' id='word_1_636' title='bbox 849 4415 1044 4480; x_wconf 87' lang='grc' dir='ltr'>κακίας</span> <span class='ocrx_word' id='word_1_637' title='bbox 1098 4416 1313 4479; x_wconf 77' lang='grc' dir='ltr'>Ἰακὼϐ,</span> <span class='ocrx_word' id='word_1_638' title='bbox 1368 4417 1624 4472; x_wconf 76' lang='grc' dir='ltr'>ἐκλεκτὸν</span> <span class='ocrx_word' id='word_1_639' title='bbox 1669 4421 1829 4473; x_wconf 78' lang='grc' dir='ltr'>αὐτὸν</span> 
     </span>
    </p>
   </div>
   <div class='ocr_carea' id='block_1_87' title="bbox 1941 4409 3518 4481">
    <p class='ocr_par' dir='ltr' id='par_1_87' title="bbox 1941 4409 3518 4480">
     <span class='ocr_line' id='line_1_87' title="bbox 1941 4409 3518 4480; baseline -0.002 -14"><span class='ocrx_word' id='word_1_640' title='bbox 1941 4413 2279 4466; x_wconf 84' lang='lat' dir='ltr'><strong><em>suavitatem.</em></strong></span> <span class='ocrx_word' id='word_1_641' title='bbox 2313 4409 2481 4464; x_wconf 87' lang='lat' dir='ltr'><strong><em>Porro</em></strong></span> <span class='ocrx_word' id='word_1_642' title='bbox 2513 4425 2637 4464; x_wconf 89' lang='lat' dir='ltr'><strong><em>eum</em></strong></span> <span class='ocrx_word' id='word_1_643' title='bbox 2666 4409 2972 4473; x_wconf 87' lang='lat' dir='ltr'><strong><em>laudamus,</em></strong></span> <span class='ocrx_word' id='word_1_644' title='bbox 3003 4409 3127 4478; x_wconf 83' lang='lat' dir='ltr'><strong><em>quia</em></strong></span> <span class='ocrx_word' id='word_1_645' title='bbox 3159 4411 3261 4465; x_wconf 86' lang='lat' dir='ltr'><strong><em>sibi</em></strong></span> <span class='ocrx_word' id='word_1_646' title='bbox 3315 4410 3518 4480; x_wconf 87' lang='lat' dir='ltr'><strong><em>delegit</em></strong></span> 
     </span>
    </p>
   </div>
   <div class='ocr_carea' id='block_1_88' title="bbox 245 4501 1830 4574">
    <p class='ocr_par' dir='ltr' id='par_1_88' title="bbox 245 4501 1830 4574">
     <span class='ocr_line' id='line_1_88' title="bbox 245 4501 1830 4574; baseline 0.008 -21"><span class='ocrx_word' id='word_1_647' title='bbox 245 4501 532 4569; x_wconf 86' lang='grc' dir='ltr'>τιθέμενος</span> <span class='ocrx_word' id='word_1_648' title='bbox 561 4503 649 4557; x_wconf 76' lang='grc' dir='ltr'>διὰ</span> <span class='ocrx_word' id='word_1_649' title='bbox 693 4505 754 4557; x_wconf 77' lang='grc' dir='ltr'>τὸ</span> <span class='ocrx_word' id='word_1_650' title='bbox 796 4507 1218 4563; x_wconf 84' lang='grc' dir='ltr'>καταλελυκέναι</span> <span class='ocrx_word' id='word_1_651' title='bbox 1249 4510 1347 4573; x_wconf 77' lang='grc' dir='ltr'><strong><em>τὰς</em></strong></span> <span class='ocrx_word' id='word_1_652' title='bbox 1391 4512 1456 4564; x_wconf 82' lang='grc' dir='ltr'>ὲκ</span> <span class='ocrx_word' id='word_1_653' title='bbox 1487 4511 1685 4574; x_wconf 85' lang='grc' dir='ltr'>κακίας</span> <span class='ocrx_word' id='word_1_654' title='bbox 1735 4513 1830 4566; x_wconf 76' lang='grc' dir='ltr'>καὶ</span> 
     </span>
    </p>
   </div>
   <div class='ocr_carea' id='block_1_89' title="bbox 247 4590 1826 4670">
    <p class='ocr_par' dir='ltr' id='par_1_89' title="bbox 247 4590 1826 4670">
     <span class='ocr_line' id='line_1_89' title="bbox 247 4590 1826 4670; baseline 0.008 -27"><span class='ocrx_word' id='word_1_655' title='bbox 247 4590 436 4644; x_wconf 85' lang='grc' dir='ltr'>παθῶν</span> <span class='ocrx_word' id='word_1_656' title='bbox 470 4593 646 4658; x_wconf 86' lang='grc' dir='ltr'>πάλας</span> <span class='ocrx_word' id='word_1_657' title='bbox 667 4612 679 4626; x_wconf 93' lang='grc'><strong><em>·</em></strong></span> <span class='ocrx_word' id='word_1_658' title='bbox 715 4595 852 4649; x_wconf 86' lang='grc' dir='ltr'><strong><em>ἀλλά</em></strong></span> <span class='ocrx_word' id='word_1_659' title='bbox 879 4599 1089 4653; x_wconf 73' lang='grc' dir='ltr'>καὶτὸν</span> <span class='ocrx_word' id='word_1_660' title='bbox 1121 4603 1238 4670; x_wconf 80' lang='grc' dir='ltr'>μετ’</span> <span class='ocrx_word' id='word_1_661' title='bbox 1270 4602 1432 4654; x_wconf 82' lang='grc' dir='ltr'>αὑτὸν</span> <span class='ocrx_word' id='word_1_662' title='bbox 1477 4602 1568 4655; x_wconf 79' lang='grc' dir='ltr'>τὸν</span> <span class='ocrx_word' id='word_1_663' title='bbox 1610 4601 1826 4666; x_wconf 76' lang='grc' dir='ltr'>Ἰακὼϐ,</span> 
     </span>
    </p>
   </div>
   <div class='ocr_carea' id='block_1_90' title="bbox 245 4686 1829 4765">
    <p class='ocr_par' dir='ltr' id='par_1_90' title="bbox 245 4686 1829 4765">
     <span class='ocr_line' id='line_1_90' title="bbox 245 4686 1829 4765; baseline 0.008 -29"><span class='ocrx_word' id='word_1_664' title='bbox 245 4686 311 4736; x_wconf 83' lang='grc' dir='ltr'>ὲκ</span> <span class='ocrx_word' id='word_1_665' title='bbox 342 4686 628 4757; x_wconf 72' lang='grc' dir='ltr'>προκοπῆς</span> <span class='ocrx_word' id='word_1_666' title='bbox 670 4687 1059 4760; x_wconf 83' lang='grc' dir='ltr'>ἀποδειχθέντα</span> <span class='ocrx_word' id='word_1_667' title='bbox 1104 4692 1340 4764; x_wconf 81' lang='grc' dir='ltr'>Ἰσραὴλ,</span> <span class='ocrx_word' id='word_1_668' title='bbox 1384 4694 1465 4757; x_wconf 86' lang='grc' dir='ltr'><strong><em>εἰς</em></strong></span> <span class='ocrx_word' id='word_1_669' title='bbox 1511 4711 1829 4765; x_wconf 86' lang='grc' dir='ltr'>περιουσια-</span> 
     </span>
    </p>
   </div>
   <div class='ocr_carea' id='block_1_91' title="bbox 247 4774 1827 4848">
    <p class='ocr_par' dir='ltr' id='par_1_91' title="bbox 247 4774 1827 4848">
     <span class='ocr_line' id='line_1_91' title="bbox 247 4774 1827 4848; baseline 0.006 -21"><span class='ocrx_word' id='word_1_670' title='bbox 247 4774 383 4845; x_wconf 77' lang='grc' dir='ltr'>σμδν</span> <span class='ocrx_word' id='word_1_671' title='bbox 415 4776 592 4848; x_wconf 81' lang='grc' dir='ltr'>ἐαυτῷ</span> <span class='ocrx_word' id='word_1_672' title='bbox 633 4777 932 4844; x_wconf 78' lang='grc' dir='ltr'>ἐξελέξατο·</span> <span class='ocrx_word' id='word_1_673' title='bbox 969 4781 1065 4834; x_wconf 73' lang='grc' dir='ltr'><strong><em>καὶ</em></strong></span> <span class='ocrx_word' id='word_1_674' title='bbox 1104 4781 1191 4836; x_wconf 75' lang='grc' dir='ltr'>διὰ</span> <span class='ocrx_word' id='word_1_675' title='bbox 1222 4782 1379 4835; x_wconf 83' lang='grc' dir='ltr'>τοῦτο</span> <span class='ocrx_word' id='word_1_676' title='bbox 1407 4783 1534 4846; x_wconf 89' lang='grc' dir='ltr'>λαός</span> <span class='ocrx_word' id='word_1_677' title='bbox 1568 4784 1684 4836; x_wconf 78' lang='grc' dir='ltr'>ἐστι</span> <span class='ocrx_word' id='word_1_678' title='bbox 1726 4801 1827 4836; x_wconf 87' lang='grc' dir='ltr'>πε-</span> 
     </span>
    </p>
   </div>
   <div class='ocr_carea' id='block_1_92' title="bbox 245 4867 1828 4946">
    <p class='ocr_par' dir='ltr' id='par_1_92' title="bbox 245 4867 1828 4946">
     <span class='ocr_line' id='line_1_92' title="bbox 245 4867 1828 4946; baseline 0.005 -26"><span class='ocrx_word' id='word_1_679' title='bbox 245 4867 483 4941; x_wconf 79' lang='grc' dir='ltr'>ριούσιος</span> <span class='ocrx_word' id='word_1_680' title='bbox 514 4869 622 4922; x_wconf 84' lang='grc' dir='ltr'>ἀπὸ</span> <span class='ocrx_word' id='word_1_681' title='bbox 656 4871 872 4925; x_wconf 86' lang='grc' dir='ltr'>πάντων</span> <span class='ocrx_word' id='word_1_682' title='bbox 912 4873 1020 4927; x_wconf 89' lang='grc' dir='ltr'><strong><em>τῶν</em></strong></span> <span class='ocrx_word' id='word_1_683' title='bbox 1054 4873 1223 4927; x_wconf 83' lang='grc' dir='ltr'>ἐθνῶν</span> <span class='ocrx_word' id='word_1_684' title='bbox 1257 4873 1568 4946; x_wconf 88' lang='grc' dir='ltr'>περιουσίου</span> <span class='ocrx_word' id='word_1_685' title='bbox 1602 4875 1828 4946; x_wconf 88' lang='grc' dir='ltr'>γενομέ-</span> 
     </span>
    </p>
   </div>
   <div class='ocr_carea' id='block_1_93' title="bbox 243 4962 1828 5039">
    <p class='ocr_par' dir='ltr' id='par_1_93' title="bbox 243 4962 1828 5039">
     <span class='ocr_line' id='line_1_93' title="bbox 243 4962 1828 5039; baseline 0.003 -25"><span class='ocrx_word' id='word_1_686' title='bbox 243 4978 359 5024; x_wconf 88' lang='grc' dir='ltr'>νου,</span> <span class='ocrx_word' id='word_1_687' title='bbox 396 4962 612 5016; x_wconf 87' lang='grc' dir='ltr'>πάντων</span> <span class='ocrx_word' id='word_1_688' title='bbox 641 4964 768 5035; x_wconf 83' lang='grc' dir='ltr'><strong><em>περί</em></strong></span> <span class='ocrx_word' id='word_1_689' title='bbox 793 4965 893 5034; x_wconf 77' lang='grc' dir='ltr'>τὴν</span> <span class='ocrx_word' id='word_1_690' title='bbox 923 4964 1110 5018; x_wconf 76' lang='grc' dir='ltr'>οὐσίαν</span> <span class='ocrx_word' id='word_1_691' title='bbox 1144 4965 1238 5019; x_wconf 73' lang='grc' dir='ltr'>καὶ</span> <span class='ocrx_word' id='word_1_692' title='bbox 1268 4965 1366 5036; x_wconf 81' lang='grc' dir='ltr'>τὴν</span> <span class='ocrx_word' id='word_1_693' title='bbox 1393 4963 1626 5039; x_wconf 78' lang='grc' dir='ltr'>ὓπαρξιν</span> <span class='ocrx_word' id='word_1_694' title='bbox 1657 4980 1828 5018; x_wconf 88' lang='grc' dir='ltr'>κατα-</span> 
     </span>
    </p>
   </div>
   <div class='ocr_carea' id='block_1_94' title="bbox 243 5053 1827 5130">
    <p class='ocr_par' dir='ltr' id='par_1_94' title="bbox 243 5053 1827 5130">
     <span class='ocr_line' id='line_1_94' title="bbox 243 5053 1827 5130; baseline 0.003 -24"><span class='ocrx_word' id='word_1_695' title='bbox 243 5053 552 5123; x_wconf 87' lang='grc' dir='ltr'>γινομένου,</span> <span class='ocrx_word' id='word_1_696' title='bbox 596 5054 675 5126; x_wconf 83' lang='grc' dir='ltr'>τῷ</span> <span class='ocrx_word' id='word_1_697' title='bbox 717 5057 961 5128; x_wconf 85' lang='grc' dir='ltr'>μετέχειν</span> <span class='ocrx_word' id='word_1_698' title='bbox 1003 5057 1172 5130; x_wconf 74' lang='grc' dir='ltr'>αὐτῆς</span> <span class='ocrx_word' id='word_1_699' title='bbox 1211 5057 1363 5119; x_wconf 78' lang='grc' dir='ltr'>ὄντος</span> <span class='ocrx_word' id='word_1_700' title='bbox 1392 5057 1485 5110; x_wconf 69' lang='grc' dir='ltr'>καὶ</span> <span class='ocrx_word' id='word_1_701' title='bbox 1528 5054 1694 5127; x_wconf 78' lang='grc' dir='ltr'>σοφοῦ</span> <span class='ocrx_word' id='word_1_702' title='bbox 1732 5058 1827 5110; x_wconf 79' lang='grc' dir='ltr'>καὶ</span> 
     </span>
    </p>
   </div>
   <div class='ocr_carea' id='block_1_95' title="bbox 243 5145 594 5214">
    <p class='ocr_par' dir='ltr' id='par_1_95' title="bbox 243 5145 594 5214">
     <span class='ocr_line' id='line_1_95' title="bbox 243 5145 594 5214; baseline 0.011 -16"><span class='ocrx_word' id='word_1_703' title='bbox 243 5145 418 5214; x_wconf 83' lang='grc' dir='ltr'>Λόγου</span> <span class='ocrx_word' id='word_1_704' title='bbox 437 5146 594 5202; x_wconf 84' lang='grc' dir='ltr'>Θεοῦ.</span> 
     </span>
    </p>
   </div>
   <div class='ocr_carea' id='block_1_96' title="bbox 244 5231 1830 5320">
    <p class='ocr_par' dir='ltr' id='par_1_96' title="bbox 244 5231 1830 5320">
     <span class='ocr_line' id='line_1_96' title="bbox 244 5231 1830 5320; baseline 0.006 -36"><span class='ocrx_word' id='word_1_705' title='bbox 244 5231 448 5320; x_wconf 43' lang='lat' dir='ltr'><strong><em>{hirta</em></strong></span> <span class='ocrx_word' id='word_1_706' title='bbox 483 5233 600 5315; x_wconf 65' lang='lat' dir='ltr'><strong><em>(iga</em></strong></span> <span class='ocrx_word' id='word_1_707' title='bbox 642 5236 947 5320; x_wconf 55' lang='grc' dir='ltr'>ἠθέλησεν</span> <span class='ocrx_word' id='word_1_708' title='bbox 979 5242 1021 5320; x_wconf 58' lang='grc' dir='ltr'><strong><em>(ξ</em></strong></span> <span class='ocrx_word' id='word_1_709' title='bbox 1067 5240 1295 5320; x_wconf 63' lang='grc' dir='ltr'><strong><em>ιςύριος⁵</em></strong></span> <span class='ocrx_word' id='word_1_710' title='bbox 1317 5239 1610 5320; x_wconf 53' lang='grc' dir='ltr'>ἐξοίῃρνεν</span> <span class='ocrx_word' id='word_1_711' title='bbox 1649 5241 1721 5294; x_wconf 83' lang='grc' dir='ltr'><strong><em>ἐν</em></strong></span> <span class='ocrx_word' id='word_1_712' title='bbox 1749 5239 1830 5320; x_wconf 65' lang='grc' dir='ltr'>τῷ</span> 
     </span>
    </p>
   </div>
   <div class='ocr_carea' id='block_1_97' title="bbox 315 5307 1831 5445">
    <p class='ocr_par' dir='ltr' id='par_1_97' title="bbox 315 5307 1831 5445">
     <span class='ocr_line' id='line_1_97' title="bbox 315 5307 1831 5443; baseline 0.005 -86"><span class='ocrx_word' id='word_1_713' title='bbox 315 5307 780 5443; x_wconf 47' lang='grc' dir='ltr'><strong><em>ἕὲρὲἔὲακέἰηέἔ</em></strong></span> <span class='ocrx_word' id='word_1_714' title='bbox 932 5307 1041 5434; x_wconf 46' lang='lat'><strong><em>&#39;12:,</em></strong></span> <span class='ocrx_word' id='word_1_715' title='bbox 1084 5307 1159 5362; x_wconf 28' lang='grc' dir='ltr'>ἐνί</span> <span class='ocrx_word' id='word_1_716' title='bbox 1193 5311 1324 5378; x_wconf 82' lang='grc' dir='ltr'>ταῖς</span> <span class='ocrx_word' id='word_1_717' title='bbox 1357 5309 1696 5378; x_wconf 75' lang='grc' dir='ltr'>θαλάσσαις</span> <span class='ocrx_word' id='word_1_718' title='bbox 1730 5311 1831 5366; x_wconf 83' lang='grc' dir='ltr'><strong><em>καί</em></strong></span> 
     </span>
     <span class='ocr_line' id='line_1_98' title="bbox 585 5398 1150 5445; baseline 0.009 -15"><span class='ocrx_word' id='word_1_719' title='bbox 585 5398 602 5430; x_wconf 85' lang='grc' dir='ltr'>ι</span> <span class='ocrx_word' id='word_1_720' title='bbox 770 5399 802 5444; x_wconf 89' lang='grc' dir='ltr'><strong><em>ς</em></strong></span> <span class='ocrx_word' id='word_1_721' title='bbox 915 5398 948 5432; x_wconf 79' lang='grc' dir='ltr'><em>υ</em></span> <span class='ocrx_word' id='word_1_722' title='bbox 1042 5398 1150 5445; x_wconf 79' lang='grc' dir='ltr'>οις.</span> 
     </span>
    </p>
   </div>
   <div class='ocr_carea' id='block_1_98' title="bbox 317 5463 1830 5545">
    <p class='ocr_par' dir='ltr' id='par_1_98' title="bbox 317 5463 1830 5545">
     <span class='ocr_line' id='line_1_99' title="bbox 317 5463 1830 5545; baseline 0.006 -28"><span class='ocrx_word' id='word_1_723' title='bbox 317 5463 502 5522; x_wconf 74' lang='grc' dir='ltr'>Πάντα</span> <span class='ocrx_word' id='word_1_724' title='bbox 533 5469 635 5523; x_wconf 83' lang='grc' dir='ltr'>ὅσα</span> <span class='ocrx_word' id='word_1_725' title='bbox 679 5471 933 5542; x_wconf 75' lang='grc' dir='ltr'>ἐποίησεν</span> <span class='ocrx_word' id='word_1_726' title='bbox 975 5473 1004 5526; x_wconf 89' lang='grc' dir='ltr'><strong>ὀ</strong></span> <span class='ocrx_word' id='word_1_727' title='bbox 1052 5473 1277 5545; x_wconf 84' lang='grc' dir='ltr'>Κύριος,</span> <span class='ocrx_word' id='word_1_728' title='bbox 1325 5472 1466 5528; x_wconf 85' lang='grc' dir='ltr'>καλά</span> <span class='ocrx_word' id='word_1_729' title='bbox 1511 5473 1679 5539; x_wconf 77' lang='grc' dir='ltr'>ἐστιν,</span> <span class='ocrx_word' id='word_1_730' title='bbox 1733 5474 1830 5528; x_wconf 74' lang='grc' dir='ltr'>ἅτε</span> 
     </span>
    </p>
   </div>
   <div class='ocr_carea' id='block_1_99' title="bbox 319 5645 750 5713">
    <p class='ocr_par' dir='ltr' id='par_1_99' title="bbox 319 5645 750 5713">
     <span class='ocr_line' id='line_1_100' title="bbox 319 5645 750 5713; baseline 0.012 -12"><span class='ocrx_word' id='word_1_731' title='bbox 319 5645 366 5678; x_wconf 82' lang='grc'><strong><em>³⁸</em></strong></span> <span class='ocrx_word' id='word_1_732' title='bbox 389 5645 528 5702; x_wconf 76' lang='lat' dir='ltr'><strong><em>Gen.</em></strong></span> <span class='ocrx_word' id='word_1_733' title='bbox 560 5665 658 5713; x_wconf 81' lang='lat' dir='ltr'><strong><em>xu,</em></strong></span> <span class='ocrx_word' id='word_1_734' title='bbox 695 5650 750 5706; x_wconf 81' lang='lat'><strong><em>5.</em></strong></span> 
     </span>
    </p>
   </div>
   <div class='ocr_carea' id='block_1_100' title="bbox 315 5737 1818 5816">
    <p class='ocr_par' dir='ltr' id='par_1_100' title="bbox 315 5737 1818 5816">
     <span class='ocr_line' id='line_1_101' title="bbox 315 5737 1818 5816; baseline 0.006 -25"><span class='ocrx_word' id='word_1_735' title='bbox 315 5737 392 5808; x_wconf 88' lang='lat'><strong><em>(8)</em></strong></span> <span class='ocrx_word' id='word_1_736' title='bbox 425 5738 520 5792; x_wconf 68' lang='lat' dir='ltr'><strong><em>llic</em></strong></span> <span class='ocrx_word' id='word_1_737' title='bbox 550 5741 706 5816; x_wconf 67' lang='lat' dir='ltr'><strong><em>vides</em></strong></span> <span class='ocrx_word' id='word_1_738' title='bbox 748 5743 963 5816; x_wconf 73' lang='lat' dir='ltr'><strong><em>Eusebii</em></strong></span> <span class='ocrx_word' id='word_1_739' title='bbox 992 5743 1342 5800; x_wconf 65' lang='lat' dir='ltr'><strong><em>Cazsariensis</em></strong></span> <span class='ocrx_word' id='word_1_740' title='bbox 1399 5755 1665 5814; x_wconf 87' lang='lat' dir='ltr'><strong><em>tempora,</em></strong></span> <span class='ocrx_word' id='word_1_741' title='bbox 1695 5749 1818 5816; x_wconf 82' lang='lat' dir='ltr'><strong><em>qui-</em></strong></span> 
     </span>
    </p>
   </div>
   <div class='ocr_carea' id='block_1_101' title="bbox 245 5812 1822 5931">
    <p class='ocr_par' dir='ltr' id='par_1_101' title="bbox 245 5812 1822 5931">
     <span class='ocr_line' id='line_1_102' title="bbox 245 5812 1822 5931; baseline 0.01 -73"><span class='ocrx_word' id='word_1_742' title='bbox 245 5818 351 5931; x_wconf 45' lang='lat' dir='ltr'><strong><em>pug</em></strong></span> <span class='ocrx_word' id='word_1_743' title='bbox 392 5812 672 5930; x_wconf 61' lang='lat' dir='ltr'><strong><em>tprzeeipue</em></strong></span> <span class='ocrx_word' id='word_1_744' title='bbox 711 5815 1055 5868; x_wconf 83' lang='lat' dir='ltr'><strong><em>ethnicorum</em></strong></span> <span class='ocrx_word' id='word_1_745' title='bbox 1095 5817 1162 5870; x_wconf 89' lang='lat' dir='ltr'><strong><em>ad</em></strong></span> <span class='ocrx_word' id='word_1_746' title='bbox 1213 5816 1485 5872; x_wconf 89' lang='lat' dir='ltr'><strong><em>Christum</em></strong></span> <span class='ocrx_word' id='word_1_747' title='bbox 1516 5812 1822 5874; x_wconf 73' lang='lat' dir='ltr'><strong><em>conversio</em></strong></span> 
     </span>
     <span class='ocr_line' id='line_1_103' title="bbox 265 5895 428 5931; baseline 0 0"><span class='ocrx_word' id='word_1_748' title='bbox 265 5895 314 5931; x_wconf 86' lang='lat' dir='ltr'><strong><em>te</em></strong></span> <span class='ocrx_word' id='word_1_749' title='bbox 355 5896 382 5930; x_wconf 85' lang='lat' dir='ltr'><strong><em>a</em></strong></span> <span class='ocrx_word' id='word_1_750' title='bbox 414 5919 428 5931; x_wconf 91' lang='lat'><strong><em>.</em></strong></span> 
     </span>
    </p>
   </div>
   <div class='ocr_carea' id='block_1_102' title="bbox 265 5895 428 5933">
    <p class='ocr_par' dir='ltr' id='par_1_102' title="bbox 265 5895 428 5933">
     <span class='ocr_line' id='line_1_104' title="bbox 265 5895 428 5933; baseline 0.012 -2"><span class='ocrx_word' id='word_1_751' title='bbox 265 5895 382 5932; x_wconf 71' lang='grc' dir='ltr'><strong><em>Ιευίἰ</em></strong></span> <span class='ocrx_word' id='word_1_752' title='bbox 392 5895 428 5933; x_wconf 83' lang='grc' dir='ltr'><strong><em>ι.</em></strong></span> 
     </span>
    </p>
   </div>
   <div class='ocr_carea' id='block_1_103' title="bbox 1937 4503 3516 4571">
    <p class='ocr_par' dir='ltr' id='par_1_103' title="bbox 1937 4503 3516 4571">
     <span class='ocr_line' id='line_1_105' title="bbox 1937 4503 3516 4571; baseline -0.001 -13"><span class='ocrx_word' id='word_1_753' title='bbox 1937 4513 2268 4558; x_wconf 88' lang='lat' dir='ltr'><strong><em>evertentem</em></strong></span> <span class='ocrx_word' id='word_1_754' title='bbox 2294 4503 2435 4556; x_wconf 88' lang='lat' dir='ltr'><strong><em>mala</em></strong></span> <span class='ocrx_word' id='word_1_755' title='bbox 2463 4513 2517 4558; x_wconf 88' lang='lat' dir='ltr'><strong><em>et</em></strong></span> <span class='ocrx_word' id='word_1_756' title='bbox 2547 4503 2860 4571; x_wconf 83' lang='lat' dir='ltr'><strong><em>iniquitates</em></strong></span> <span class='ocrx_word' id='word_1_757' title='bbox 2883 4504 3051 4557; x_wconf 80' lang='lat' dir='ltr'><strong><em>Jacob</em></strong></span> <span class='ocrx_word' id='word_1_758' title='bbox 3084 4543 3098 4564; x_wconf 94' lang='lat'><strong><em>,</em></strong></span> <span class='ocrx_word' id='word_1_759' title='bbox 3132 4504 3363 4557; x_wconf 86' lang='lat' dir='ltr'><strong><em>electum</em></strong></span> <span class='ocrx_word' id='word_1_760' title='bbox 3394 4518 3516 4556; x_wconf 89' lang='lat' dir='ltr'><strong><em>eum</em></strong></span> 
     </span>
    </p>
   </div>
   <div class='ocr_carea' id='block_1_104' title="bbox 1936 4594 3519 4665">
    <p class='ocr_par' dir='ltr' id='par_1_104' title="bbox 1936 4594 3519 4665">
     <span class='ocr_line' id='line_1_106' title="bbox 1936 4594 3519 4665; baseline -0.002 -14"><span class='ocrx_word' id='word_1_761' title='bbox 1936 4597 2299 4660; x_wconf 85' lang='lat' dir='ltr'><strong><em>constituens,</em></strong></span> <span class='ocrx_word' id='word_1_762' title='bbox 2348 4596 2474 4663; x_wconf 89' lang='lat' dir='ltr'><strong><em>quia</em></strong></span> <span class='ocrx_word' id='word_1_763' title='bbox 2523 4594 2683 4648; x_wconf 80' lang='lat' dir='ltr'><strong><em>solvit</em></strong></span> <span class='ocrx_word' id='word_1_764' title='bbox 2722 4597 2978 4665; x_wconf 71' lang='lat' dir='ltr'><strong><em>nequitia:</em></strong></span> <span class='ocrx_word' id='word_1_765' title='bbox 3007 4595 3364 4662; x_wconf 90' lang='lat' dir='ltr'><strong><em>dolorumque</em></strong></span> <span class='ocrx_word' id='word_1_766' title='bbox 3399 4609 3519 4648; x_wconf 88' lang='lat' dir='ltr'><strong><em>cer-</em></strong></span> 
     </span>
    </p>
   </div>
   <div class='ocr_carea' id='block_1_105' title="bbox 1939 4684 3521 4755">
    <p class='ocr_par' dir='ltr' id='par_1_105' title="bbox 1939 4684 3521 4755">
     <span class='ocr_line' id='line_1_107' title="bbox 1939 4684 3521 4755; baseline -0.001 -16"><span class='ocrx_word' id='word_1_767' title='bbox 1939 4685 2164 4739; x_wconf 87' lang='lat' dir='ltr'><strong><em>tamina.</em></strong></span> <span class='ocrx_word' id='word_1_768' title='bbox 2196 4684 2301 4741; x_wconf 90' lang='lat' dir='ltr'><strong><em>Sed</em></strong></span> <span class='ocrx_word' id='word_1_769' title='bbox 2332 4695 2390 4740; x_wconf 87' lang='lat' dir='ltr'><strong><em>et</em></strong></span> <span class='ocrx_word' id='word_1_770' title='bbox 2423 4686 2574 4739; x_wconf 91' lang='lat' dir='ltr'><strong><em>illum</em></strong></span> <span class='ocrx_word' id='word_1_771' title='bbox 2605 4684 2694 4755; x_wconf 91' lang='lat' dir='ltr'><strong><em>qui</em></strong></span> <span class='ocrx_word' id='word_1_772' title='bbox 2731 4696 2850 4755; x_wconf 86' lang='lat' dir='ltr'><strong><em>post</em></strong></span> <span class='ocrx_word' id='word_1_773' title='bbox 2877 4685 3134 4742; x_wconf 84' lang='lat' dir='ltr'><strong><em>Jacobum</em></strong></span> <span class='ocrx_word' id='word_1_774' title='bbox 3170 4686 3291 4748; x_wconf 80' lang='lat' dir='ltr'><strong><em>fuit,</em></strong></span> <span class='ocrx_word' id='word_1_775' title='bbox 3330 4700 3521 4755; x_wconf 86' lang='lat' dir='ltr'><strong><em>nempe</em></strong></span> 
     </span>
    </p>
   </div>
   <div class='ocr_carea' id='block_1_106' title="bbox 1934 4775 3521 4847">
    <p class='ocr_par' dir='ltr' id='par_1_106' title="bbox 1934 4775 3521 4847">
     <span class='ocr_line' id='line_1_108' title="bbox 1934 4775 3521 4847; baseline 0.001 -16"><span class='ocrx_word' id='word_1_776' title='bbox 1934 4791 2056 4831; x_wconf 89' lang='lat' dir='ltr'><strong><em>eum</em></strong></span> <span class='ocrx_word' id='word_1_777' title='bbox 2084 4777 2175 4846; x_wconf 80' lang='lat' dir='ltr'><strong><em>qui</em></strong></span> <span class='ocrx_word' id='word_1_778' title='bbox 2213 4777 2472 4847; x_wconf 88' lang='lat' dir='ltr'><strong><em>temporis</em></strong></span> <span class='ocrx_word' id='word_1_779' title='bbox 2518 4791 2806 4847; x_wconf 85' lang='lat' dir='ltr'><strong><em>progressu</em></strong></span> <span class='ocrx_word' id='word_1_780' title='bbox 2845 4779 3024 4833; x_wconf 89' lang='lat' dir='ltr'><strong><em>dictus</em></strong></span> <span class='ocrx_word' id='word_1_781' title='bbox 3073 4787 3156 4831; x_wconf 89' lang='lat' dir='ltr'><strong><em>est</em></strong></span> <span class='ocrx_word' id='word_1_782' title='bbox 3198 4775 3386 4840; x_wconf 86' lang='lat' dir='ltr'><strong><em>Israel,</em></strong></span> <span class='ocrx_word' id='word_1_783' title='bbox 3428 4791 3521 4846; x_wconf 83' lang='lat' dir='ltr'><strong><em>pe-</em></strong></span> 
     </span>
    </p>
   </div>
   <div class='ocr_carea' id='block_1_107' title="bbox 1934 4868 3520 4940">
    <p class='ocr_par' dir='ltr' id='par_1_107' title="bbox 1934 4868 3520 4940">
     <span class='ocr_line' id='line_1_109' title="bbox 1934 4868 3520 4940; baseline -0.002 -15"><span class='ocrx_word' id='word_1_784' title='bbox 1934 4869 2190 4925; x_wconf 88' lang='lat' dir='ltr'><strong><em>culiarem</em></strong></span> <span class='ocrx_word' id='word_1_785' title='bbox 2241 4869 2343 4923; x_wconf 88' lang='lat' dir='ltr'><strong><em>sibi</em></strong></span> <span class='ocrx_word' id='word_1_786' title='bbox 2394 4884 2491 4923; x_wconf 92' lang='lat' dir='ltr'><strong><em>ceu</em></strong></span> <span class='ocrx_word' id='word_1_787' title='bbox 2543 4870 2946 4939; x_wconf 70' lang='lat' dir='ltr'><strong><em>possessionem</em></strong></span> <span class='ocrx_word' id='word_1_788' title='bbox 2985 4868 3188 4940; x_wconf 87' lang='lat' dir='ltr'><strong><em>delegit</em></strong></span> <span class='ocrx_word' id='word_1_789' title='bbox 3231 4885 3246 4922; x_wconf 92' lang='lat'><strong>:</strong></span> <span class='ocrx_word' id='word_1_790' title='bbox 3293 4869 3520 4938; x_wconf 90' lang='lat' dir='ltr'><strong><em>ideoque</em></strong></span> 
     </span>
    </p>
   </div>
   <div class='ocr_carea' id='block_1_108' title="bbox 1934 4960 3518 5032">
    <p class='ocr_par' dir='ltr' id='par_1_108' title="bbox 1934 4960 3518 5032">
     <span class='ocr_line' id='line_1_110' title="bbox 1934 4960 3518 5032; baseline 0.001 -18"><span class='ocrx_word' id='word_1_791' title='bbox 1934 4961 2165 5030; x_wconf 90' lang='lat' dir='ltr'><strong><em>populus</em></strong></span> <span class='ocrx_word' id='word_1_792' title='bbox 2210 4969 2293 5016; x_wconf 90' lang='lat' dir='ltr'><strong><em>est</em></strong></span> <span class='ocrx_word' id='word_1_793' title='bbox 2336 4960 2648 5032; x_wconf 87' lang='lat' dir='ltr'><strong><em>peculiaris,</em></strong></span> <span class='ocrx_word' id='word_1_794' title='bbox 2688 4975 2752 5016; x_wconf 80' lang='lat' dir='ltr'><strong><em>ex</em></strong></span> <span class='ocrx_word' id='word_1_795' title='bbox 2797 4960 3047 5014; x_wconf 89' lang='lat' dir='ltr'><strong><em>omnibus</em></strong></span> <span class='ocrx_word' id='word_1_796' title='bbox 3081 4960 3372 5031; x_wconf 86' lang='lat' dir='ltr'><strong><em>gentibus;</em></strong></span> <span class='ocrx_word' id='word_1_797' title='bbox 3427 4975 3518 5030; x_wconf 82' lang='lat' dir='ltr'><strong><em>pe-</em></strong></span> 
     </span>
    </p>
   </div>
   <div class='ocr_carea' id='block_1_109' title="bbox 1935 5051 3514 5121">
    <p class='ocr_par' dir='ltr' id='par_1_109' title="bbox 1935 5051 3514 5121">
     <span class='ocr_line' id='line_1_111' title="bbox 1935 5051 3514 5121; baseline -0.001 -12"><span class='ocrx_word' id='word_1_798' title='bbox 1935 5051 2181 5114; x_wconf 88' lang='lat' dir='ltr'><strong><em>culiaris,</em></strong></span> <span class='ocrx_word' id='word_1_799' title='bbox 2222 5054 2466 5120; x_wconf 86' lang='lat' dir='ltr'><strong><em>inquam,</em></strong></span> <span class='ocrx_word' id='word_1_800' title='bbox 2504 5052 2776 5121; x_wconf 78' lang='lat' dir='ltr'><strong><em>possessio</em></strong></span> <span class='ocrx_word' id='word_1_801' title='bbox 2825 5061 2880 5105; x_wconf 89' lang='lat' dir='ltr'><strong><em>et</em></strong></span> <span class='ocrx_word' id='word_1_802' title='bbox 2925 5053 3232 5106; x_wconf 90' lang='lat' dir='ltr'><strong><em>substantia</em></strong></span> <span class='ocrx_word' id='word_1_803' title='bbox 3267 5051 3514 5115; x_wconf 73' lang='lat' dir='ltr'><strong><em>effectus.</em></strong></span> 
     </span>
    </p>
   </div>
   <div class='ocr_carea' id='block_1_110' title="bbox 1939 5143 3196 5215">
    <p class='ocr_par' dir='ltr' id='par_1_110' title="bbox 1939 5143 3196 5215">
     <span class='ocr_line' id='line_1_112' title="bbox 1939 5143 3196 5215; baseline -0.001 -16"><span class='ocrx_word' id='word_1_804' title='bbox 1939 5155 2212 5215; x_wconf 86' lang='lat' dir='ltr'><strong><em>quatenus</em></strong></span> <span class='ocrx_word' id='word_1_805' title='bbox 2244 5159 2364 5198; x_wconf 86' lang='lat' dir='ltr'><strong><em>eam</em></strong></span> <span class='ocrx_word' id='word_1_806' title='bbox 2401 5153 2546 5199; x_wconf 89' lang='lat' dir='ltr'><strong><em>tenet</em></strong></span> <span class='ocrx_word' id='word_1_807' title='bbox 2574 5143 2791 5214; x_wconf 86' lang='lat' dir='ltr'><strong><em>sapiens</em></strong></span> <span class='ocrx_word' id='word_1_808' title='bbox 2818 5144 2910 5199; x_wconf 89' lang='lat' dir='ltr'><strong><em>Dei</em></strong></span> <span class='ocrx_word' id='word_1_809' title='bbox 2940 5143 3196 5199; x_wconf 82' lang='lat' dir='ltr'><strong><em>Verbum.</em></strong></span> 
     </span>
    </p>
   </div>
   <div class='ocr_carea' id='block_1_111' title="bbox 1940 5234 3514 5305">
    <p class='ocr_par' dir='ltr' id='par_1_111' title="bbox 1940 5234 3514 5305">
     <span class='ocr_line' id='line_1_113' title="bbox 1940 5234 3514 5305; baseline -0.001 -15"><span class='ocrx_word' id='word_1_810' title='bbox 1940 5236 2105 5292; x_wconf 74' lang='lat' dir='ltr'><strong><em>Vens.</em></strong></span> <span class='ocrx_word' id='word_1_811' title='bbox 2139 5237 2192 5290; x_wconf 88' lang='grc'>6.</span> <span class='ocrx_word' id='word_1_812' title='bbox 2245 5234 2438 5290; x_wconf 82' lang='lat' dir='ltr'><strong><em>Omnia</em></strong></span> <span class='ocrx_word' id='word_1_813' title='bbox 2491 5251 2816 5305; x_wconf 80' lang='lat' dir='ltr'><strong><em>qua-cunque</em></strong></span> <span class='ocrx_word' id='word_1_814' title='bbox 2864 5235 3033 5290; x_wconf 81' lang='lat' dir='ltr'><strong><em>voluit</em></strong></span> <span class='ocrx_word' id='word_1_815' title='bbox 3090 5235 3345 5290; x_wconf 82' lang='lat' dir='ltr'><strong><em>Dominus</em></strong></span> <span class='ocrx_word' id='word_1_816' title='bbox 3394 5234 3514 5304; x_wconf 81' lang='lat' dir='ltr'><strong><em>fecit</em></strong></span> 
     </span>
    </p>
   </div>
   <div class='ocr_carea' id='block_1_112' title="bbox 2007 5307 3514 5370">
    <p class='ocr_par' dir='ltr' id='par_1_112' title="bbox 2007 5307 3514 5370">
     <span class='ocr_line' id='line_1_114' title="bbox 2007 5307 3514 5370; baseline -0.001 -10"><span class='ocrx_word' id='word_1_817' title='bbox 2007 5311 2063 5361; x_wconf 88' lang='lat' dir='ltr'><strong><em>in</em></strong></span> <span class='ocrx_word' id='word_1_818' title='bbox 2109 5308 2238 5362; x_wconf 70' lang='lat' dir='ltr'><strong><em>caelo</em></strong></span> <span class='ocrx_word' id='word_1_819' title='bbox 2287 5318 2334 5360; x_wconf 86' lang='lat' dir='ltr'><strong><em>et</em></strong></span> <span class='ocrx_word' id='word_1_820' title='bbox 2391 5310 2446 5359; x_wconf 88' lang='lat' dir='ltr'><strong><em>in</em></strong></span> <span class='ocrx_word' id='word_1_821' title='bbox 2501 5316 2666 5370; x_wconf 85' lang='lat' dir='ltr'><strong><em>terra,</em></strong></span> <span class='ocrx_word' id='word_1_822' title='bbox 2716 5316 2774 5359; x_wconf 87' lang='lat' dir='ltr'><strong><em>tn</em></strong></span> <span class='ocrx_word' id='word_1_823' title='bbox 2820 5308 3056 5360; x_wconf 76' lang='lat' dir='ltr'><strong><em>maribus</em></strong></span> <span class='ocrx_word' id='word_1_824' title='bbox 3107 5316 3155 5360; x_wconf 87' lang='lat' dir='ltr'><strong><em>et</em></strong></span> <span class='ocrx_word' id='word_1_825' title='bbox 3211 5307 3266 5360; x_wconf 90' lang='lat' dir='ltr'><strong><em>in</em></strong></span> <span class='ocrx_word' id='word_1_826' title='bbox 3313 5307 3514 5360; x_wconf 74' lang='lat' dir='ltr'><strong><em>cunctis</em></strong></span> 
     </span>
    </p>
   </div>
   <div class='ocr_carea' id='block_1_113' title="bbox 2008 5379 2230 5432">
    <p class='ocr_par' dir='ltr' id='par_1_113' title="bbox 2008 5379 2230 5432">
     <span class='ocr_line' id='line_1_115' title="bbox 2008 5379 2230 5432; baseline 0.005 -1"><span class='ocrx_word' id='word_1_827' title='bbox 2008 5379 2230 5432; x_wconf 73' lang='lat' dir='ltr'><strong><em>abnuis.</em></strong></span> 
     </span>
    </p>
   </div>
   <div class='ocr_carea' id='block_1_114' title="bbox 2012 5396 3516 5538">
    <p class='ocr_par' dir='ltr' id='par_1_114' title="bbox 2012 5396 3516 5538">
     <span class='ocr_line' id='line_1_116' title="bbox 2012 5396 2230 5432; baseline 0.005 -1"><span class='ocrx_word' id='word_1_828' title='bbox 2012 5396 2071 5431; x_wconf 81' lang='grc' dir='ltr'><strong><em>ηυ</em></strong></span> <span class='ocrx_word' id='word_1_829' title='bbox 2111 5396 2230 5432; x_wconf 73' lang='grc'><em>8818.</em></span> 
     </span>
     <span class='ocr_line' id='line_1_117' title="bbox 2012 5396 3516 5538; baseline 0.003 -17"><span class='ocrx_word' id='word_1_830' title='bbox 2012 5396 2360 5538; x_wconf 56' lang='grc' dir='ltr'>ριῗωςιιηιιυο</span> <span class='ocrx_word' id='word_1_831' title='bbox 2394 5469 2650 5524; x_wconf 84' lang='lat' dir='ltr'><strong><em>Dominus</em></strong></span> <span class='ocrx_word' id='word_1_832' title='bbox 2701 5469 2849 5536; x_wconf 78' lang='lat' dir='ltr'><strong><em>fecit,</em></strong></span> <span class='ocrx_word' id='word_1_833' title='bbox 2900 5469 3040 5524; x_wconf 88' lang='lat' dir='ltr'><strong><em>bona</em></strong></span> <span class='ocrx_word' id='word_1_834' title='bbox 3075 5476 3222 5536; x_wconf 88' lang='lat' dir='ltr'><strong><em>sunt,</em></strong></span> <span class='ocrx_word' id='word_1_835' title='bbox 3258 5470 3383 5538; x_wconf 83' lang='lat' dir='ltr'><strong><em>quia</em></strong></span> <span class='ocrx_word' id='word_1_836' title='bbox 3421 5482 3516 5526; x_wconf 87' lang='lat' dir='ltr'><strong><em>vo-</em></strong></span> 
     </span>
    </p>
   </div>
   <div class='ocr_carea' id='block_1_115' title="bbox 1999 5744 2654 5815">
    <p class='ocr_par' dir='ltr' id='par_1_115' title="bbox 1999 5744 2654 5815">
     <span class='ocr_line' id='line_1_118' title="bbox 1999 5744 2654 5815; baseline 0.002 -15"><span class='ocrx_word' id='word_1_837' title='bbox 1999 5744 2100 5815; x_wconf 78' lang='lat'><strong><em>(8‘)</em></strong></span> <span class='ocrx_word' id='word_1_838' title='bbox 2144 5744 2302 5798; x_wconf 90' lang='lat' dir='ltr'><strong><em>Deest</em></strong></span> <span class='ocrx_word' id='word_1_839' title='bbox 2341 5746 2459 5804; x_wconf 84' lang='grc' dir='ltr'>τοῦ.</span> <span class='ocrx_word' id='word_1_840' title='bbox 2496 5747 2654 5804; x_wconf 78' lang='grc' dir='ltr'>Εοιτ.</span> 
     </span>
    </p>
   </div>
   <div class='ocr_carea' id='block_1_116' title="bbox 2000 5817 3506 5884">
    <p class='ocr_par' dir='ltr' id='par_1_116' title="bbox 2000 5817 3506 5884">
     <span class='ocr_line' id='line_1_119' title="bbox 2000 5817 3506 5884; baseline 0.004 -14"><span class='ocrx_word' id='word_1_841' title='bbox 2000 5817 2077 5884; x_wconf 87' lang='lat'><strong><em>(9)</em></strong></span> <span class='ocrx_word' id='word_1_842' title='bbox 2107 5817 2496 5872; x_wconf 86' lang='lat' dir='ltr'><strong><em>Animadverte</em></strong></span> <span class='ocrx_word' id='word_1_843' title='bbox 2556 5819 2771 5876; x_wconf 63' lang='lat' dir='ltr'><strong><em>Eusebii</em></strong></span> <span class='ocrx_word' id='word_1_844' title='bbox 2813 5821 3123 5878; x_wconf 85' lang='lat' dir='ltr'><strong><em>doctrinam</em></strong></span> <span class='ocrx_word' id='word_1_845' title='bbox 3150 5825 3506 5882; x_wconf 55' lang='lat' dir='ltr'><strong><em>orfnodoxtzn</em></strong></span> 
     </span>
    </p>
   </div>
   <div class='ocr_carea' id='block_1_117' title="bbox 1928 5885 2358 5943">
    <p class='ocr_par' dir='ltr' id='par_1_117' title="bbox 1928 5885 2358 5943">
     <span class='ocr_line' id='line_1_120' title="bbox 1928 5885 2358 5943; baseline -0.002 0"><span class='ocrx_word' id='word_1_846' title='bbox 1928 5887 1992 5943; x_wconf 91' lang='lat' dir='ltr'><strong><em>de</em></strong></span> <span class='ocrx_word' id='word_1_847' title='bbox 2023 5886 2131 5942; x_wconf 86' lang='lat' dir='ltr'><strong><em>Deo</em></strong></span> <span class='ocrx_word' id='word_1_848' title='bbox 2162 5885 2358 5943; x_wconf 67' lang='lat' dir='ltr'><strong><em>Verbo.</em></strong></span> 
     </span>
    </p>
   </div>
  </div>
