  <div class='ocr_page' id='page_1' title='image "/cluster/home/n/w/nwhite01/storage/ocr_20150623/24/hvd.32044073501108/023.png"; bbox 0 0 4062 6400; ppageno 0'>
   <div class='ocr_carea' id='block_1_1' title="bbox 596 348 3872 454">
    <p class='ocr_par' dir='ltr' id='par_1_1' title="bbox 596 348 3872 454">
     <span class='ocr_line' id='line_1_1' title="bbox 596 348 3872 454; baseline -0 -6"><span class='ocrx_word' id='word_1_1' title='bbox 596 391 669 449; x_wconf 73' lang='grc' dir='ltr'><strong>ει</strong></span> <span class='ocrx_word' id='word_1_2' title='bbox 1278 395 1548 453; x_wconf 86' lang='lat' dir='ltr'><strong>EUSEBll</strong></span> <span class='ocrx_word' id='word_1_3' title='bbox 1583 391 2069 454; x_wconf 58' lang='lat' dir='ltr'><strong>casamsusrs</strong></span> <span class='ocrx_word' id='word_1_4' title='bbox 2098 348 2260 447; x_wconf 74' lang='lat' dir='ltr'><strong>opp.</strong></span> <span class='ocrx_word' id='word_1_5' title='bbox 2298 387 2479 444; x_wconf 71' lang='lat' dir='ltr'><strong>rans</strong></span> <span class='ocrx_word' id='word_1_6' title='bbox 2517 388 2605 445; x_wconf 83' lang='grc' dir='ltr'>ιιι.</span> <span class='ocrx_word' id='word_1_7' title='bbox 2638 421 2708 433; x_wconf 89' lang='grc'><strong>-</strong></span> <span class='ocrx_word' id='word_1_8' title='bbox 2743 387 3154 445; x_wconf 61' lang='lat' dir='ltr'><strong>amoenos.</strong></span> <span class='ocrx_word' id='word_1_9' title='bbox 3802 392 3872 447; x_wconf 72' lang='lat' dir='ltr'><strong>sa</strong></span> 
     </span>
    </p>
   </div>
   <div class='ocr_carea' id='block_1_2' title="bbox 601 479 2176 583">
    <p class='ocr_par' dir='ltr' id='par_1_2' title="bbox 601 479 2176 583">
     <span class='ocr_line' id='line_1_2' title="bbox 601 479 2176 583; baseline 0.003 -23"><span class='ocrx_word' id='word_1_10' title='bbox 601 508 746 562; x_wconf 88' lang='lat' dir='ltr'><strong>lente</strong></span> <span class='ocrx_word' id='word_1_11' title='bbox 774 508 885 563; x_wconf 83' lang='lat' dir='ltr'><strong>Deo</strong></span> <span class='ocrx_word' id='word_1_12' title='bbox 917 509 984 565; x_wconf 87' lang='lat' dir='ltr'><strong>ad</strong></span> <span class='ocrx_word' id='word_1_13' title='bbox 1012 510 1381 567; x_wconf 76' lang='lat' dir='ltr'><strong>exsistendurn</strong></span> <span class='ocrx_word' id='word_1_14' title='bbox 1410 515 1697 583; x_wconf 79' lang='lat' dir='ltr'><strong>perducta.</strong></span> <span class='ocrx_word' id='word_1_15' title='bbox 1747 512 1805 568; x_wconf 90' lang='lat' dir='ltr'><strong>Si</strong></span> <span class='ocrx_word' id='word_1_16' title='bbox 1838 512 1966 582; x_wconf 91' lang='lat' dir='ltr'><strong>quid</strong></span> <span class='ocrx_word' id='word_1_17' title='bbox 1996 479 2176 565; x_wconf 52' lang='lat' dir='ltr'><strong>tam’en</strong></span> 
     </span>
    </p>
   </div>
   <div class='ocr_carea' id='block_1_3' title="bbox 2277 479 3867 583">
    <p class='ocr_par' dir='ltr' id='par_1_3' title="bbox 2286 506 3867 580">
     <span class='ocr_line' id='line_1_3' title="bbox 2286 506 3867 580; baseline 0 -19"><span class='ocrx_word' id='word_1_18' title='bbox 2286 508 2552 580; x_wconf 87' lang='grc' dir='ltr'>θελήματι</span> <span class='ocrx_word' id='word_1_19' title='bbox 2568 506 2702 561; x_wconf 74' lang='grc' dir='ltr'>Θεοῦ</span> <span class='ocrx_word' id='word_1_20' title='bbox 2715 507 3058 579; x_wconf 72' lang='grc' dir='ltr'><strong>γεγενημένα</strong></span> <span class='ocrx_word' id='word_1_21' title='bbox 3077 524 3090 537; x_wconf 83' lang='lat'><strong><em>°</em></strong></span> <span class='ocrx_word' id='word_1_22' title='bbox 3120 508 3169 560; x_wconf 86' lang='grc' dir='ltr'><strong>εί</strong></span> <span class='ocrx_word' id='word_1_23' title='bbox 3201 506 3260 561; x_wconf 81' lang='grc' dir='ltr'><em>δέ</em></span> <span class='ocrx_word' id='word_1_24' title='bbox 3284 507 3337 560; x_wconf 88' lang='grc' dir='ltr'><strong>τί</strong></span> <span class='ocrx_word' id='word_1_25' title='bbox 3370 508 3519 560; x_wconf 75' lang='grc' dir='ltr'>ἔστιν</span> <span class='ocrx_word' id='word_1_26' title='bbox 3545 507 3603 561; x_wconf 76' lang='grc' dir='ltr'>ὲν</span> <span class='ocrx_word' id='word_1_27' title='bbox 3626 508 3867 580; x_wconf 74' lang='grc' dir='ltr'>οὐρανῷ,</span> 
     </span>
    </p>
   </div>
   <div class='ocr_carea' id='block_1_4' title="bbox 599 599 2176 675">
    <p class='ocr_par' dir='ltr' id='par_1_4' title="bbox 599 602 2176 675">
     <span class='ocr_line' id='line_1_4' title="bbox 599 602 2176 675; baseline -0.001 -20"><span class='ocrx_word' id='word_1_28' title='bbox 599 606 687 655; x_wconf 90' lang='lat' dir='ltr'><strong>est</strong></span> <span class='ocrx_word' id='word_1_29' title='bbox 727 602 780 655; x_wconf 91' lang='lat' dir='ltr'><strong>in</strong></span> <span class='ocrx_word' id='word_1_30' title='bbox 820 604 983 665; x_wconf 65' lang='lat' dir='ltr'><strong>caelo,</strong></span> <span class='ocrx_word' id='word_1_31' title='bbox 1019 602 1177 656; x_wconf 87' lang='lat' dir='ltr'><strong>veluti</strong></span> <span class='ocrx_word' id='word_1_32' title='bbox 1205 604 1471 671; x_wconf 74' lang='lat' dir='ltr'><strong>spiritalia</strong></span> <span class='ocrx_word' id='word_1_33' title='bbox 1505 605 1784 675; x_wconf 62' lang='lat' dir='ltr'><strong>nequitia,</strong></span> <span class='ocrx_word' id='word_1_34' title='bbox 1810 614 1905 658; x_wconf 85' lang='lat' dir='ltr'><strong>aut</strong></span> <span class='ocrx_word' id='word_1_35' title='bbox 1937 604 1993 656; x_wconf 89' lang='lat' dir='ltr'><strong>in</strong></span> <span class='ocrx_word' id='word_1_36' title='bbox 2022 611 2176 663; x_wconf 71' lang='lat' dir='ltr'><strong>terra,</strong></span> 
     </span>
    </p>
   </div>
   <div class='ocr_carea' id='block_1_5' title="bbox 2277 599 3870 675">
    <p class='ocr_par' dir='ltr' id='par_1_5' title="bbox 2290 599 3870 675">
     <span class='ocr_line' id='line_1_5' title="bbox 2290 599 3870 675; baseline 0.001 -20"><span class='ocrx_word' id='word_1_37' title='bbox 2290 601 2365 666; x_wconf 83' lang='grc' dir='ltr'>ὡς</span> <span class='ocrx_word' id='word_1_38' title='bbox 2402 602 2470 655; x_wconf 88' lang='grc' dir='ltr'><strong>τά</strong></span> <span class='ocrx_word' id='word_1_39' title='bbox 2502 600 2845 670; x_wconf 80' lang='grc' dir='ltr'>πνευματικὰ</span> <span class='ocrx_word' id='word_1_40' title='bbox 2874 602 2973 667; x_wconf 86' lang='grc' dir='ltr'>τῆς</span> <span class='ocrx_word' id='word_1_41' title='bbox 3006 599 3288 672; x_wconf 86' lang='grc' dir='ltr'>πονηρίας,</span> <span class='ocrx_word' id='word_1_42' title='bbox 3324 601 3357 671; x_wconf 83' lang='grc' dir='ltr'>ἢ</span> <span class='ocrx_word' id='word_1_43' title='bbox 3389 603 3448 655; x_wconf 84' lang='grc' dir='ltr'>ὲν</span> <span class='ocrx_word' id='word_1_44' title='bbox 3489 605 3556 674; x_wconf 79' lang='grc' dir='ltr'>τῇ</span> <span class='ocrx_word' id='word_1_45' title='bbox 3599 606 3669 675; x_wconf 79' lang='grc' dir='ltr'>γῇ</span> <span class='ocrx_word' id='word_1_46' title='bbox 3704 605 3781 668; x_wconf 84' lang='grc' dir='ltr'>ὡς</span> <span class='ocrx_word' id='word_1_47' title='bbox 3820 607 3870 657; x_wconf 82' lang='lat' dir='ltr'><strong>oi</strong></span> 
     </span>
    </p>
   </div>
   <div class='ocr_carea' id='block_1_6' title="bbox 603 692 2176 768">
    <p class='ocr_par' dir='ltr' id='par_1_6' title="bbox 603 692 2176 763">
     <span class='ocr_line' id='line_1_6' title="bbox 603 692 2176 763; baseline 0.003 -20"><span class='ocrx_word' id='word_1_48' title='bbox 603 692 769 747; x_wconf 88' lang='lat' dir='ltr'><strong>veluti</strong></span> <span class='ocrx_word' id='word_1_49' title='bbox 822 692 1069 748; x_wconf 81' lang='lat' dir='ltr'><strong>homines</strong></span> <span class='ocrx_word' id='word_1_50' title='bbox 1114 703 1448 763; x_wconf 88' lang='lat' dir='ltr'><strong>peccatores,</strong></span> <span class='ocrx_word' id='word_1_51' title='bbox 1502 706 1598 751; x_wconf 86' lang='lat' dir='ltr'><strong>aut.</strong></span> <span class='ocrx_word' id='word_1_52' title='bbox 1644 698 1696 751; x_wconf 87' lang='lat' dir='ltr'><strong>in</strong></span> <span class='ocrx_word' id='word_1_53' title='bbox 1746 695 2012 761; x_wconf 80' lang='lat' dir='ltr'><strong>maribus,</strong></span> <span class='ocrx_word' id='word_1_54' title='bbox 2043 695 2176 751; x_wconf 82' lang='lat' dir='ltr'><strong>velul</strong></span> 
     </span>
    </p>
   </div>
   <div class='ocr_carea' id='block_1_7' title="bbox 2277 692 3869 768">
    <p class='ocr_par' dir='ltr' id='par_1_7' title="bbox 2290 692 3869 768">
     <span class='ocr_line' id='line_1_7' title="bbox 2290 692 3869 768; baseline 0.001 -18"><span class='ocrx_word' id='word_1_55' title='bbox 2290 694 2604 768; x_wconf 78' lang='grc' dir='ltr'>ἁμαρτωλοὶ</span> <span class='ocrx_word' id='word_1_56' title='bbox 2618 693 2967 766; x_wconf 80' lang='grc' dir='ltr'>ἀνθρωποι,ῆ</span> <span class='ocrx_word' id='word_1_57' title='bbox 3002 695 3060 746; x_wconf 83' lang='grc' dir='ltr'>ὲν</span> <span class='ocrx_word' id='word_1_58' title='bbox 3089 697 3207 757; x_wconf 86' lang='grc' dir='ltr'>ταῖς</span> <span class='ocrx_word' id='word_1_59' title='bbox 3249 692 3570 759; x_wconf 76' lang='grc' dir='ltr'><strong>θαλάσσαις,</strong></span> <span class='ocrx_word' id='word_1_60' title='bbox 3603 696 3682 761; x_wconf 85' lang='grc' dir='ltr'>ὡς</span> <span class='ocrx_word' id='word_1_61' title='bbox 3708 698 3743 768; x_wconf 86' lang='grc' dir='ltr'><strong>ἡ</strong></span> <span class='ocrx_word' id='word_1_62' title='bbox 3770 697 3869 751; x_wconf 78' lang='grc' dir='ltr'>τοῦ</span> 
     </span>
    </p>
   </div>
   <div class='ocr_carea' id='block_1_8' title="bbox 599 783 2176 861">
    <p class='ocr_par' dir='ltr' id='par_1_8' title="bbox 599 783 2176 860">
     <span class='ocr_line' id='line_1_8' title="bbox 599 783 2176 860; baseline 0.006 -26"><span class='ocrx_word' id='word_1_63' title='bbox 599 784 854 839; x_wconf 78' lang='lat' dir='ltr'><strong>draconis</strong></span> <span class='ocrx_word' id='word_1_64' title='bbox 896 783 1229 853; x_wconf 74' lang='lat' dir='ltr'><strong>improbitas,</strong></span> <span class='ocrx_word' id='word_1_65' title='bbox 1263 795 1357 841; x_wconf 90' lang='lat' dir='ltr'><strong>aut</strong></span> <span class='ocrx_word' id='word_1_66' title='bbox 1398 789 1449 841; x_wconf 92' lang='lat' dir='ltr'><strong>in</strong></span> <span class='ocrx_word' id='word_1_67' title='bbox 1491 788 1723 860; x_wconf 82' lang='lat' dir='ltr'><strong>abyssis,</strong></span> <span class='ocrx_word' id='word_1_68' title='bbox 1754 788 1903 843; x_wconf 86' lang='lat' dir='ltr'><strong>velut</strong></span> <span class='ocrx_word' id='word_1_69' title='bbox 1924 788 2176 858; x_wconf 68' lang='lat' dir='ltr'><strong>iniquitas</strong></span> 
     </span>
    </p>
   </div>
   <div class='ocr_carea' id='block_1_9' title="bbox 2277 783 3874 861">
    <p class='ocr_par' dir='ltr' id='par_1_9' title="bbox 2289 784 3874 861">
     <span class='ocr_line' id='line_1_9' title="bbox 2289 784 3874 861; baseline 0.001 -20"><span class='ocrx_word' id='word_1_70' title='bbox 2289 787 2580 859; x_wconf 87' lang='grc' dir='ltr'>δράκοντος</span> <span class='ocrx_word' id='word_1_71' title='bbox 2609 786 2796 850; x_wconf 86' lang='grc' dir='ltr'>κακία,</span> <span class='ocrx_word' id='word_1_72' title='bbox 2829 786 2862 857; x_wconf 81' lang='grc' dir='ltr'>ἢ</span> <span class='ocrx_word' id='word_1_73' title='bbox 2899 789 2957 839; x_wconf 83' lang='grc' dir='ltr'>ὲν</span> <span class='ocrx_word' id='word_1_74' title='bbox 3007 788 3127 849; x_wconf 85' lang='grc' dir='ltr'>ταῖς</span> <span class='ocrx_word' id='word_1_75' title='bbox 3161 784 3425 850; x_wconf 84' lang='grc' dir='ltr'>ἀϐύσσοις</span> <span class='ocrx_word' id='word_1_76' title='bbox 3451 786 3529 850; x_wconf 85' lang='grc' dir='ltr'>ὡς</span> <span class='ocrx_word' id='word_1_77' title='bbox 3567 789 3602 858; x_wconf 83' lang='grc' dir='ltr'>ἡ</span> <span class='ocrx_word' id='word_1_78' title='bbox 3635 789 3874 861; x_wconf 79' lang='grc' dir='ltr'><strong>πονηρία</strong></span> 
     </span>
    </p>
   </div>
   <div class='ocr_carea' id='block_1_10' title="bbox 598 875 2185 950">
    <p class='ocr_par' dir='ltr' id='par_1_10' title="bbox 598 875 2185 950">
     <span class='ocr_line' id='line_1_10' title="bbox 598 875 2185 950; baseline 0.001 -17"><span class='ocrx_word' id='word_1_79' title='bbox 598 875 953 933; x_wconf 70' lang='lat' dir='ltr'><strong>Scelestorum</strong></span> <span class='ocrx_word' id='word_1_80' title='bbox 1012 876 1249 943; x_wconf 90' lang='lat' dir='ltr'><strong>illorum,</strong></span> <span class='ocrx_word' id='word_1_81' title='bbox 1303 879 1397 949; x_wconf 88' lang='lat' dir='ltr'><strong>qui</strong></span> <span class='ocrx_word' id='word_1_82' title='bbox 1446 880 1572 936; x_wconf 89' lang='lat' dir='ltr'><strong>illuc</strong></span> <span class='ocrx_word' id='word_1_83' title='bbox 1625 880 1777 934; x_wconf 84' lang='lat' dir='ltr'><strong>abire</strong></span> <span class='ocrx_word' id='word_1_84' title='bbox 1816 880 1955 950; x_wconf 87' lang='lat' dir='ltr'><strong>jussi</strong></span> <span class='ocrx_word' id='word_1_85' title='bbox 2016 888 2185 944; x_wconf 88' lang='lat' dir='ltr'><strong>sunt;</strong></span> 
     </span>
    </p>
   </div>
   <div class='ocr_carea' id='block_1_11' title="bbox 601 967 2218 1041">
    <p class='ocr_par' dir='ltr' id='par_1_11' title="bbox 601 967 2218 1041">
     <span class='ocr_line' id='line_1_11' title="bbox 601 967 2218 1041; baseline 0.007 -20"><span class='ocrx_word' id='word_1_86' title='bbox 601 967 758 1037; x_wconf 60' lang='lat' dir='ltr'><strong>haec,</strong></span> <span class='ocrx_word' id='word_1_87' title='bbox 819 970 1077 1041; x_wconf 87' lang='lat' dir='ltr'><strong>inquam,</strong></span> <span class='ocrx_word' id='word_1_88' title='bbox 1124 971 1268 1026; x_wconf 88' lang='lat' dir='ltr'><strong>Deus</strong></span> <span class='ocrx_word' id='word_1_89' title='bbox 1321 987 1429 1028; x_wconf 92' lang='lat' dir='ltr'><strong>non</strong></span> <span class='ocrx_word' id='word_1_90' title='bbox 1483 972 1665 1029; x_wconf 77' lang='lat' dir='ltr'><strong>eﬂecit</strong></span> <span class='ocrx_word' id='word_1_91' title='bbox 1720 974 2004 1029; x_wconf 90' lang='lat' dir='ltr'><strong>voluntate</strong></span> <span class='ocrx_word' id='word_1_92' title='bbox 2062 988 2218 1033; x_wconf 84' lang='lat' dir='ltr'><strong>sua..</strong></span> 
     </span>
    </p>
   </div>
   <div class='ocr_carea' id='block_1_12' title="bbox 603 1060 2185 1136">
    <p class='ocr_par' dir='ltr' id='par_1_12' title="bbox 603 1060 2185 1136">
     <span class='ocr_line' id='line_1_12' title="bbox 603 1060 2185 1136; baseline 0.003 -22"><span class='ocrx_word' id='word_1_93' title='bbox 603 1060 847 1131; x_wconf 84' lang='lat' dir='ltr'><strong>Namque</strong></span> <span class='ocrx_word' id='word_1_94' title='bbox 873 1077 942 1117; x_wconf 78' lang='lat' dir='ltr'><strong>es</strong></span> <span class='ocrx_word' id='word_1_95' title='bbox 975 1077 1075 1118; x_wconf 89' lang='lat' dir='ltr'><strong>ore</strong></span> <span class='ocrx_word' id='word_1_96' title='bbox 1104 1060 1318 1119; x_wconf 88' lang='lat' dir='ltr'><strong>Domini</strong></span> <span class='ocrx_word' id='word_1_97' title='bbox 1354 1065 1498 1121; x_wconf 85' lang='lat' dir='ltr'><strong>haud</strong></span> <span class='ocrx_word' id='word_1_98' title='bbox 1533 1066 1826 1136; x_wconf 89' lang='lat' dir='ltr'><strong>prodihunt</strong></span> <span class='ocrx_word' id='word_1_99' title='bbox 1854 1064 1990 1121; x_wconf 85' lang='lat' dir='ltr'><strong>mala</strong></span> <span class='ocrx_word' id='word_1_100' title='bbox 2025 1063 2185 1119; x_wconf 90' lang='lat' dir='ltr'><strong>simul</strong></span> 
     </span>
    </p>
   </div>
   <div class='ocr_carea' id='block_1_13' title="bbox 596 1156 1879 1219">
    <p class='ocr_par' dir='ltr' id='par_1_13' title="bbox 596 1156 1879 1219">
     <span class='ocr_line' id='line_1_13' title="bbox 596 1156 1879 1219; baseline 0.009 -12"><span class='ocrx_word' id='word_1_101' title='bbox 596 1164 651 1208; x_wconf 89' lang='lat' dir='ltr'><strong>et</strong></span> <span class='ocrx_word' id='word_1_102' title='bbox 702 1156 927 1210; x_wconf 88' lang='lat' dir='ltr'><strong>bonum.</strong></span> <span class='ocrx_word' id='word_1_103' title='bbox 1380 1156 1383 1157; x_wconf 54' lang='grc'><strong><em>⁷</em></strong></span> <span class='ocrx_word' id='word_1_104' title='bbox 1872 1212 1879 1219; x_wconf 92' lang='grc'><strong>.</strong></span> 
     </span>
    </p>
   </div>
   <div class='ocr_carea' id='block_1_14' title="bbox 708 1245 2083 1316">
    <p class='ocr_par' dir='ltr' id='par_1_14' title="bbox 708 1245 2083 1316">
     <span class='ocr_line' id='line_1_14' title="bbox 708 1245 2083 1316; baseline 0.003 -16"><span class='ocrx_word' id='word_1_105' title='bbox 708 1245 876 1303; x_wconf 71' lang='lat' dir='ltr'><strong>Vsus.</strong></span> <span class='ocrx_word' id='word_1_106' title='bbox 910 1249 968 1305; x_wconf 86' lang='lat'><strong>7.</strong></span> <span class='ocrx_word' id='word_1_107' title='bbox 1001 1249 1108 1316; x_wconf 80' lang='lat' dir='ltr'><strong>Qui</strong></span> <span class='ocrx_word' id='word_1_108' title='bbox 1139 1251 1316 1305; x_wconf 81' lang='lat' dir='ltr'><strong>educit</strong></span> <span class='ocrx_word' id='word_1_109' title='bbox 1352 1258 1530 1306; x_wconf 81' lang='lat' dir='ltr'><strong>ventos</strong></span> <span class='ocrx_word' id='word_1_110' title='bbox 1557 1249 1622 1304; x_wconf 86' lang='lat' dir='ltr'><strong>de</strong></span> <span class='ocrx_word' id='word_1_111' title='bbox 1656 1252 1919 1305; x_wconf 80' lang='lat' dir='ltr'><strong>thesauris</strong></span> <span class='ocrx_word' id='word_1_112' title='bbox 1953 1252 2083 1304; x_wconf 87' lang='lat' dir='ltr'><strong>suis.</strong></span> 
     </span>
    </p>
   </div>
   <div class='ocr_carea' id='block_1_15' title="bbox 673 1336 2185 1409">
    <p class='ocr_par' dir='ltr' id='par_1_15' title="bbox 673 1336 2185 1409">
     <span class='ocr_line' id='line_1_15' title="bbox 673 1336 2185 1409; baseline 0.007 -16"><span class='ocrx_word' id='word_1_113' title='bbox 673 1341 807 1395; x_wconf 88' lang='lat' dir='ltr'><strong>Dum</strong></span> <span class='ocrx_word' id='word_1_114' title='bbox 858 1343 949 1400; x_wconf 91' lang='lat' dir='ltr'><strong>hic</strong></span> <span class='ocrx_word' id='word_1_115' title='bbox 996 1343 1133 1400; x_wconf 91' lang='lat' dir='ltr'><strong>dicit</strong></span> <span class='ocrx_word' id='word_1_116' title='bbox 1193 1336 1517 1409; x_wconf 83' lang='lat' dir='ltr'><strong>thesauros.</strong></span> <span class='ocrx_word' id='word_1_117' title='bbox 1585 1348 1731 1402; x_wconf 85' lang='lat' dir='ltr'><strong>haud</strong></span> <span class='ocrx_word' id='word_1_118' title='bbox 1778 1363 1910 1403; x_wconf 84' lang='lat' dir='ltr'><strong>sane</strong></span> <span class='ocrx_word' id='word_1_119' title='bbox 1979 1348 2185 1403; x_wconf 83' lang='lat' dir='ltr'><strong>indicat</strong></span> 
     </span>
    </p>
   </div>
   <div class='ocr_carea' id='block_1_16' title="bbox 598 1436 2183 1506">
    <p class='ocr_par' dir='ltr' id='par_1_16' title="bbox 598 1436 2183 1506">
     <span class='ocr_line' id='line_1_16' title="bbox 598 1436 2183 1506; baseline 0.004 -20"><span class='ocrx_word' id='word_1_120' title='bbox 598 1436 863 1502; x_wconf 85' lang='lat' dir='ltr'><strong>quosdam</strong></span> <span class='ocrx_word' id='word_1_121' title='bbox 915 1451 1038 1492; x_wconf 89' lang='lat' dir='ltr'><strong>esse</strong></span> <span class='ocrx_word' id='word_1_122' title='bbox 1093 1446 1382 1493; x_wconf 77' lang='lat' dir='ltr'><strong>ventorum</strong></span> <span class='ocrx_word' id='word_1_123' title='bbox 1423 1438 1747 1505; x_wconf 88' lang='lat' dir='ltr'><strong>thesauros,</strong></span> <span class='ocrx_word' id='word_1_124' title='bbox 1794 1439 1890 1493; x_wconf 86' lang='lat' dir='ltr'><strong>sed</strong></span> <span class='ocrx_word' id='word_1_125' title='bbox 1937 1437 2183 1506; x_wconf 90' lang='lat' dir='ltr'><strong>jubentis</strong></span> 
     </span>
    </p>
   </div>
   <div class='ocr_carea' id='block_1_17' title="bbox 599 1527 2183 1601">
    <p class='ocr_par' dir='ltr' id='par_1_17' title="bbox 599 1527 2183 1601">
     <span class='ocr_line' id='line_1_17' title="bbox 599 1527 2183 1601; baseline 0.001 -20"><span class='ocrx_word' id='word_1_126' title='bbox 599 1527 781 1597; x_wconf 84' lang='lat' dir='ltr'><strong>potius</strong></span> <span class='ocrx_word' id='word_1_127' title='bbox 813 1528 1174 1593; x_wconf 87' lang='lat' dir='ltr'><strong>celeritatem,</strong></span> <span class='ocrx_word' id='word_1_128' title='bbox 1208 1538 1265 1584; x_wconf 91' lang='lat' dir='ltr'><strong>et</strong></span> <span class='ocrx_word' id='word_1_129' title='bbox 1297 1532 1376 1584; x_wconf 88' lang='lat' dir='ltr'><strong>rei</strong></span> <span class='ocrx_word' id='word_1_130' title='bbox 1420 1546 1687 1601; x_wconf 77' lang='lat' dir='ltr'><strong>possessas</strong></span> <span class='ocrx_word' id='word_1_131' title='bbox 1720 1538 1966 1601; x_wconf 83' lang='lat' dir='ltr'><strong>paratam</strong></span> <span class='ocrx_word' id='word_1_132' title='bbox 2007 1528 2183 1585; x_wconf 84' lang='lat' dir='ltr'><strong>facili-</strong></span> 
     </span>
    </p>
   </div>
   <div class='ocr_carea' id='block_1_18' title="bbox 597 1621 2177 1695">
    <p class='ocr_par' dir='ltr' id='par_1_18' title="bbox 597 1621 2177 1695">
     <span class='ocr_line' id='line_1_18' title="bbox 597 1621 2177 1695; baseline 0.002 -23"><span class='ocrx_word' id='word_1_133' title='bbox 597 1629 790 1674; x_wconf 83' lang='lat' dir='ltr'><strong>tatem.</strong></span> <span class='ocrx_word' id='word_1_134' title='bbox 833 1621 988 1677; x_wconf 87' lang='lat' dir='ltr'><strong>Sicut</strong></span> <span class='ocrx_word' id='word_1_135' title='bbox 1020 1624 1165 1678; x_wconf 90' lang='lat' dir='ltr'><strong>enim</strong></span> <span class='ocrx_word' id='word_1_136' title='bbox 1196 1624 1287 1694; x_wconf 90' lang='lat' dir='ltr'><strong>qui</strong></span> <span class='ocrx_word' id='word_1_137' title='bbox 1322 1625 1636 1679; x_wconf 88' lang='lat' dir='ltr'><strong>thesaurum</strong></span> <span class='ocrx_word' id='word_1_138' title='bbox 1690 1625 1831 1695; x_wconf 87' lang='lat' dir='ltr'><strong>apud</strong></span> <span class='ocrx_word' id='word_1_139' title='bbox 1878 1639 1939 1679; x_wconf 82' lang='lat' dir='ltr'><strong>se</strong></span> <span class='ocrx_word' id='word_1_140' title='bbox 1988 1622 2177 1689; x_wconf 86' lang='lat' dir='ltr'><strong>habet,</strong></span> 
     </span>
    </p>
   </div>
   <div class='ocr_carea' id='block_1_19' title="bbox 594 1711 2177 1786">
    <p class='ocr_par' dir='ltr' id='par_1_19' title="bbox 594 1711 2177 1786">
     <span class='ocr_line' id='line_1_19' title="bbox 594 1711 2177 1786; baseline 0.002 -22"><span class='ocrx_word' id='word_1_141' title='bbox 594 1711 850 1780; x_wconf 78' lang='lat' dir='ltr'><strong>expedite</strong></span> <span class='ocrx_word' id='word_1_142' title='bbox 903 1714 1231 1781; x_wconf 86' lang='lat' dir='ltr'><strong>admodum,</strong></span> <span class='ocrx_word' id='word_1_143' title='bbox 1284 1717 1718 1786; x_wconf 84' lang='lat' dir='ltr'><strong>quotiescunque</strong></span> <span class='ocrx_word' id='word_1_144' title='bbox 1780 1714 1928 1782; x_wconf 85' lang='lat' dir='ltr'><strong>vult,</strong></span> <span class='ocrx_word' id='word_1_145' title='bbox 1981 1723 2177 1769; x_wconf 88' lang='lat' dir='ltr'><strong>cuncta</strong></span> 
     </span>
    </p>
   </div>
   <div class='ocr_carea' id='block_1_20' title="bbox 601 1800 2180 1872">
    <p class='ocr_par' dir='ltr' id='par_1_20' title="bbox 601 1800 2180 1872">
     <span class='ocr_line' id='line_1_20' title="bbox 601 1800 2180 1872; baseline 0.003 -17"><span class='ocrx_word' id='word_1_146' title='bbox 601 1800 731 1855; x_wconf 87' lang='lat' dir='ltr'><strong>inde</strong></span> <span class='ocrx_word' id='word_1_147' title='bbox 767 1801 1011 1872; x_wconf 80' lang='lat' dir='ltr'><strong>profert;</strong></span> <span class='ocrx_word' id='word_1_148' title='bbox 1061 1805 1135 1859; x_wconf 89' lang='lat' dir='ltr'><strong>ita</strong></span> <span class='ocrx_word' id='word_1_149' title='bbox 1168 1814 1224 1861; x_wconf 91' lang='lat' dir='ltr'><strong>et</strong></span> <span class='ocrx_word' id='word_1_150' title='bbox 1244 1807 1486 1861; x_wconf 90' lang='lat' dir='ltr'><strong>omnium</strong></span> <span class='ocrx_word' id='word_1_151' title='bbox 1526 1804 1758 1861; x_wconf 84' lang='lat' dir='ltr'><strong>Creator</strong></span> <span class='ocrx_word' id='word_1_152' title='bbox 1785 1815 1978 1861; x_wconf 88' lang='lat' dir='ltr'><strong>cuncta</strong></span> <span class='ocrx_word' id='word_1_153' title='bbox 2021 1804 2180 1861; x_wconf 80' lang='lat' dir='ltr'><strong>facile</strong></span> 
     </span>
    </p>
   </div>
   <div class='ocr_carea' id='block_1_21' title="bbox 593 1890 1680 1966">
    <p class='ocr_par' dir='ltr' id='par_1_21' title="bbox 593 1890 1680 1966">
     <span class='ocr_line' id='line_1_21' title="bbox 593 1890 1680 1966; baseline 0.004 -20"><span class='ocrx_word' id='word_1_154' title='bbox 593 1890 794 1960; x_wconf 80' lang='lat' dir='ltr'><strong>effecit,</strong></span> <span class='ocrx_word' id='word_1_155' title='bbox 825 1904 879 1949; x_wconf 88' lang='lat' dir='ltr'><strong>et</strong></span> <span class='ocrx_word' id='word_1_156' title='bbox 906 1895 974 1949; x_wconf 88' lang='lat' dir='ltr'><strong>ad</strong></span> <span class='ocrx_word' id='word_1_157' title='bbox 1002 1898 1382 1961; x_wconf 78' lang='lat' dir='ltr'><strong>exsistentiam</strong></span> <span class='ocrx_word' id='word_1_158' title='bbox 1409 1898 1680 1966; x_wconf 82' lang='lat' dir='ltr'><strong>perduxit.</strong></span> 
     </span>
    </p>
   </div>
   <div class='ocr_carea' id='block_1_22' title="bbox 705 1984 2073 2060">
    <p class='ocr_par' dir='ltr' id='par_1_22' title="bbox 705 1984 2073 2060">
     <span class='ocr_line' id='line_1_22' title="bbox 705 1984 2073 2060; baseline 0.003 -21"><span class='ocrx_word' id='word_1_159' title='bbox 705 1984 871 2040; x_wconf 73' lang='lat' dir='ltr'><strong>Vsus.</strong></span> <span class='ocrx_word' id='word_1_160' title='bbox 905 1987 959 2042; x_wconf 93' lang='lat'><strong>8.</strong></span> <span class='ocrx_word' id='word_1_161' title='bbox 1011 1986 1118 2052; x_wconf 81' lang='lat' dir='ltr'><strong>Qui</strong></span> <span class='ocrx_word' id='word_1_162' title='bbox 1156 1991 1415 2058; x_wconf 74' lang='lat' dir='ltr'><strong>percussit</strong></span> <span class='ocrx_word' id='word_1_163' title='bbox 1444 1990 1797 2060; x_wconf 76' lang='lat' dir='ltr'><strong>primogenita</strong></span> <span class='ocrx_word' id='word_1_164' title='bbox 1826 1988 2073 2060; x_wconf 68' lang='lat' dir='ltr'><strong>Egypti.</strong></span> 
     </span>
    </p>
   </div>
   <div class='ocr_carea' id='block_1_23' title="bbox 665 2079 2178 2145">
    <p class='ocr_par' dir='ltr' id='par_1_23' title="bbox 665 2079 2178 2145">
     <span class='ocr_line' id='line_1_23' title="bbox 665 2079 2178 2145; baseline 0.003 -12"><span class='ocrx_word' id='word_1_165' title='bbox 665 2079 803 2145; x_wconf 81' lang='lat' dir='ltr'><strong>Quia</strong></span> <span class='ocrx_word' id='word_1_166' title='bbox 836 2079 1077 2135; x_wconf 88' lang='lat' dir='ltr'><strong>nonnulli</strong></span> <span class='ocrx_word' id='word_1_167' title='bbox 1124 2082 1394 2138; x_wconf 84' lang='lat' dir='ltr'><strong>mundana</strong></span> <span class='ocrx_word' id='word_1_168' title='bbox 1431 2083 1804 2138; x_wconf 88' lang='lat' dir='ltr'><strong>tantummodo</strong></span> <span class='ocrx_word' id='word_1_169' title='bbox 1838 2098 1903 2138; x_wconf 89' lang='lat' dir='ltr'><strong>ac</strong></span> <span class='ocrx_word' id='word_1_170' title='bbox 1933 2082 2178 2139; x_wconf 75' lang='lat' dir='ltr'><strong>ctnlestia</strong></span> 
     </span>
    </p>
   </div>
   <div class='ocr_carea' id='block_1_24' title="bbox 592 2171 2182 2242">
    <p class='ocr_par' dir='ltr' id='par_1_24' title="bbox 592 2171 2182 2242">
     <span class='ocr_line' id='line_1_24' title="bbox 592 2171 2182 2242; baseline 0.003 -20"><span class='ocrx_word' id='word_1_171' title='bbox 592 2171 786 2227; x_wconf 82' lang='lat' dir='ltr'><strong>dicunt</strong></span> <span class='ocrx_word' id='word_1_172' title='bbox 826 2172 1167 2242; x_wconf 76' lang='lat' dir='ltr'><strong>providentia</strong></span> <span class='ocrx_word' id='word_1_173' title='bbox 1214 2174 1306 2229; x_wconf 92' lang='lat' dir='ltr'><strong>Dei</strong></span> <span class='ocrx_word' id='word_1_174' title='bbox 1355 2172 1674 2241; x_wconf 67' lang='lat' dir='ltr'><strong>gubernari,</strong></span> <span class='ocrx_word' id='word_1_175' title='bbox 1699 2174 2041 2229; x_wconf 87' lang='lat' dir='ltr'><strong>demonstrat</strong></span> <span class='ocrx_word' id='word_1_176' title='bbox 2086 2175 2182 2228; x_wconf 88' lang='lat' dir='ltr'><strong>hu-</strong></span> 
     </span>
    </p>
   </div>
   <div class='ocr_carea' id='block_1_25' title="bbox 595 2265 2179 2334">
    <p class='ocr_par' dir='ltr' id='par_1_25' title="bbox 595 2265 2179 2334">
     <span class='ocr_line' id='line_1_25' title="bbox 595 2265 2179 2334; baseline 0.003 -19"><span class='ocrx_word' id='word_1_177' title='bbox 595 2277 755 2317; x_wconf 82' lang='lat' dir='ltr'><strong>mana</strong></span> <span class='ocrx_word' id='word_1_178' title='bbox 788 2278 1006 2333; x_wconf 88' lang='lat' dir='ltr'><strong>quoque</strong></span> <span class='ocrx_word' id='word_1_179' title='bbox 1041 2279 1187 2320; x_wconf 75' lang='lat' dir='ltr'><strong>cura:</strong></span> <span class='ocrx_word' id='word_1_180' title='bbox 1221 2280 1342 2321; x_wconf 89' lang='lat' dir='ltr'><strong>esse</strong></span> <span class='ocrx_word' id='word_1_181' title='bbox 1369 2266 1569 2333; x_wconf 89' lang='lat' dir='ltr'><strong>eidem,</strong></span> <span class='ocrx_word' id='word_1_182' title='bbox 1608 2266 1700 2334; x_wconf 87' lang='lat' dir='ltr'><strong>qui</strong></span> <span class='ocrx_word' id='word_1_183' title='bbox 1728 2274 1784 2319; x_wconf 88' lang='lat' dir='ltr'><strong>et</strong></span> <span class='ocrx_word' id='word_1_184' title='bbox 1812 2278 1957 2320; x_wconf 91' lang='lat' dir='ltr'><strong>nunc</strong></span> <span class='ocrx_word' id='word_1_185' title='bbox 1985 2265 2179 2334; x_wconf 82' lang='lat' dir='ltr'><strong>impios</strong></span> 
     </span>
    </p>
   </div>
   <div class='ocr_carea' id='block_1_26' title="bbox 595 2354 2177 2426">
    <p class='ocr_par' dir='ltr' id='par_1_26' title="bbox 595 2354 2177 2426">
     <span class='ocr_line' id='line_1_26' title="bbox 595 2354 2177 2426; baseline 0.003 -20"><span class='ocrx_word' id='word_1_186' title='bbox 595 2354 772 2420; x_wconf 84' lang='lat' dir='ltr'><strong>punit,</strong></span> <span class='ocrx_word' id='word_1_187' title='bbox 820 2362 876 2407; x_wconf 91' lang='lat' dir='ltr'><strong>et</strong></span> <span class='ocrx_word' id='word_1_188' title='bbox 927 2354 1138 2423; x_wconf 91' lang='lat' dir='ltr'><strong>piorum</strong></span> <span class='ocrx_word' id='word_1_189' title='bbox 1188 2370 1365 2426; x_wconf 77' lang='lat' dir='ltr'><strong>genus</strong></span> <span class='ocrx_word' id='word_1_190' title='bbox 1412 2356 1670 2426; x_wconf 78' lang='lat' dir='ltr'><strong>protegit.</strong></span> <span class='ocrx_word' id='word_1_191' title='bbox 1718 2356 1824 2412; x_wconf 89' lang='lat' dir='ltr'><strong>Sed</strong></span> <span class='ocrx_word' id='word_1_192' title='bbox 1860 2357 2006 2411; x_wconf 89' lang='lat' dir='ltr'><strong>enim</strong></span> <span class='ocrx_word' id='word_1_193' title='bbox 2048 2356 2177 2412; x_wconf 87' lang='lat' dir='ltr'><strong>olim</strong></span> 
     </span>
    </p>
   </div>
   <div class='ocr_carea' id='block_1_27' title="bbox 595 2443 2177 2519">
    <p class='ocr_par' dir='ltr' id='par_1_27' title="bbox 595 2443 2177 2519">
     <span class='ocr_line' id='line_1_27' title="bbox 595 2443 2177 2519; baseline 0.007 -28"><span class='ocrx_word' id='word_1_194' title='bbox 595 2443 814 2510; x_wconf 84' lang='lat' dir='ltr'><strong>quidem</strong></span> <span class='ocrx_word' id='word_1_195' title='bbox 844 2444 1023 2514; x_wconf 85' lang='lat' dir='ltr'><strong>portio</strong></span> <span class='ocrx_word' id='word_1_196' title='bbox 1050 2455 1171 2501; x_wconf 90' lang='lat' dir='ltr'><strong>erat</strong></span> <span class='ocrx_word' id='word_1_197' title='bbox 1201 2448 1435 2514; x_wconf 90' lang='lat' dir='ltr'><strong>Domini,</strong></span> <span class='ocrx_word' id='word_1_198' title='bbox 1464 2448 1515 2503; x_wconf 88' lang='lat' dir='ltr'><strong>id</strong></span> <span class='ocrx_word' id='word_1_199' title='bbox 1548 2458 1633 2503; x_wconf 91' lang='lat' dir='ltr'><strong>est</strong></span> <span class='ocrx_word' id='word_1_200' title='bbox 1662 2448 1758 2503; x_wconf 91' lang='lat' dir='ltr'><strong>Dei</strong></span> <span class='ocrx_word' id='word_1_201' title='bbox 1792 2449 1976 2517; x_wconf 87' lang='lat' dir='ltr'><strong>Verbi,</strong></span> <span class='ocrx_word' id='word_1_202' title='bbox 2007 2464 2177 2519; x_wconf 87' lang='lat' dir='ltr'><strong>popu-</strong></span> 
     </span>
    </p>
   </div>
   <div class='ocr_carea' id='block_1_28' title="bbox 592 2533 2173 2612">
    <p class='ocr_par' dir='ltr' id='par_1_28' title="bbox 592 2533 2173 2612">
     <span class='ocr_line' id='line_1_28' title="bbox 592 2533 2173 2612; baseline 0.005 -25"><span class='ocrx_word' id='word_1_203' title='bbox 592 2533 680 2589; x_wconf 87' lang='lat' dir='ltr'><strong>lus</strong></span> <span class='ocrx_word' id='word_1_204' title='bbox 722 2533 842 2603; x_wconf 90' lang='lat' dir='ltr'><strong>ejus</strong></span> <span class='ocrx_word' id='word_1_205' title='bbox 892 2535 1098 2602; x_wconf 82' lang='lat' dir='ltr'><strong>Jacoh,</strong></span> <span class='ocrx_word' id='word_1_206' title='bbox 1142 2536 1415 2595; x_wconf 82' lang='lat' dir='ltr'><strong>funiculus</strong></span> <span class='ocrx_word' id='word_1_207' title='bbox 1453 2541 1793 2597; x_wconf 66' lang='lat' dir='ltr'><strong>haereditatis</strong></span> <span class='ocrx_word' id='word_1_208' title='bbox 1840 2541 1959 2612; x_wconf 86' lang='lat' dir='ltr'><strong>ejus</strong></span> <span class='ocrx_word' id='word_1_209' title='bbox 1987 2540 2173 2598; x_wconf 85' lang='lat' dir='ltr'><strong>Israel.</strong></span> 
     </span>
    </p>
   </div>
   <div class='ocr_carea' id='block_1_29' title="bbox 591 2622 2178 2702">
    <p class='ocr_par' dir='ltr' id='par_1_29' title="bbox 591 2622 2178 2702">
     <span class='ocr_line' id='line_1_29' title="bbox 591 2622 2178 2702; baseline 0.007 -25"><span class='ocrx_word' id='word_1_210' title='bbox 591 2622 886 2695; x_wconf 83' lang='lat' dir='ltr'><strong>Postquam</strong></span> <span class='ocrx_word' id='word_1_211' title='bbox 922 2642 1050 2683; x_wconf 90' lang='lat' dir='ltr'><strong>vero</strong></span> <span class='ocrx_word' id='word_1_212' title='bbox 1085 2628 1156 2684; x_wconf 88' lang='lat' dir='ltr'><strong>ob</strong></span> <span class='ocrx_word' id='word_1_213' title='bbox 1197 2645 1351 2683; x_wconf 89' lang='lat' dir='ltr'><strong>suam</strong></span> <span class='ocrx_word' id='word_1_214' title='bbox 1397 2629 1861 2702; x_wconf 74' lang='lat' dir='ltr'><strong>irreligiositatcm</strong></span> <span class='ocrx_word' id='word_1_215' title='bbox 1916 2633 2005 2687; x_wconf 91' lang='lat' dir='ltr'><strong>ille</strong></span> <span class='ocrx_word' id='word_1_216' title='bbox 2052 2648 2178 2701; x_wconf 90' lang='lat' dir='ltr'><strong>pro-</strong></span> 
     </span>
    </p>
   </div>
   <div class='ocr_carea' id='block_1_30' title="bbox 470 2715 2175 2783">
    <p class='ocr_par' dir='ltr' id='par_1_30' title="bbox 470 2715 2175 2783">
     <span class='ocr_line' id='line_1_30' title="bbox 470 2715 2175 2783; baseline 0.007 -17"><span class='ocrx_word' id='word_1_217' title='bbox 470 2740 475 2747; x_wconf 88' lang='lat'><strong><em>-</em></strong></span> <span class='ocrx_word' id='word_1_218' title='bbox 587 2715 772 2783; x_wconf 67' lang='lat' dir='ltr'><strong>lapsus</strong></span> <span class='ocrx_word' id='word_1_219' title='bbox 815 2724 933 2781; x_wconf 91' lang='lat' dir='ltr'><strong>est,</strong></span> <span class='ocrx_word' id='word_1_220' title='bbox 983 2718 1189 2773; x_wconf 89' lang='lat' dir='ltr'><strong>dictum</strong></span> <span class='ocrx_word' id='word_1_221' title='bbox 1235 2718 1338 2773; x_wconf 87' lang='lat' dir='ltr'><strong>fuit</strong></span> <span class='ocrx_word' id='word_1_222' title='bbox 1386 2722 1683 2775; x_wconf 86' lang='lat' dir='ltr'><strong>humanato</strong></span> <span class='ocrx_word' id='word_1_223' title='bbox 1713 2721 1897 2777; x_wconf 82' lang='lat' dir='ltr'><strong>Verbo</strong></span> <span class='ocrx_word' id='word_1_224' title='bbox 1934 2741 1947 2777; x_wconf 83' lang='lat'><strong>2</strong></span> <span class='ocrx_word' id='word_1_225' title='bbox 1988 2722 2113 2779; x_wconf 87' lang='lat' dir='ltr'><strong>Pete</strong></span> <span class='ocrx_word' id='word_1_226' title='bbox 2142 2742 2175 2778; x_wconf 90' lang='lat' dir='ltr'><strong>a</strong></span> 
     </span>
    </p>
   </div>
   <div class='ocr_carea' id='block_1_31' title="bbox 588 2809 1930 2879">
    <p class='ocr_par' dir='ltr' id='par_1_31' title="bbox 588 2809 1930 2879">
     <span class='ocr_line' id='line_1_31' title="bbox 588 2809 1930 2879; baseline 0.006 -20"><span class='ocrx_word' id='word_1_227' title='bbox 588 2822 690 2868; x_wconf 75' lang='lat' dir='ltr'><strong>me.</strong></span> <span class='ocrx_word' id='word_1_228' title='bbox 721 2817 770 2861; x_wconf 84' lang='lat' dir='ltr'><strong>et</strong></span> <span class='ocrx_word' id='word_1_229' title='bbox 802 2809 939 2863; x_wconf 83' lang='lat' dir='ltr'><strong>dabo</strong></span> <span class='ocrx_word' id='word_1_230' title='bbox 970 2809 1067 2863; x_wconf 75' lang='lat' dir='ltr'><strong>tibi</strong></span> <span class='ocrx_word' id='word_1_231' title='bbox 1097 2819 1274 2879; x_wconf 85' lang='lat' dir='ltr'><strong>gentes</strong></span> <span class='ocrx_word' id='word_1_232' title='bbox 1306 2810 1666 2868; x_wconf 73' lang='lat' dir='ltr'><strong>hazreditatrrn</strong></span> <span class='ocrx_word' id='word_1_233' title='bbox 1698 2822 1842 2868; x_wconf 82' lang='lat' dir='ltr'><strong>tuam</strong></span> <span class='ocrx_word' id='word_1_234' title='bbox 1866 2814 1930 2867; x_wconf 76' lang='grc'><strong>³⁸.</strong></span> 
     </span>
    </p>
   </div>
   <div class='ocr_carea' id='block_1_32' title="bbox 700 2984 2066 3055">
    <p class='ocr_par' dir='ltr' id='par_1_32' title="bbox 700 2984 2066 3055">
     <span class='ocr_line' id='line_1_32' title="bbox 700 2984 2066 3055; baseline 0.008 -17"><span class='ocrx_word' id='word_1_235' title='bbox 700 2984 864 3040; x_wconf 73' lang='lat' dir='ltr'><strong>Vsus.</strong></span> <span class='ocrx_word' id='word_1_236' title='bbox 898 2987 987 3041; x_wconf 68' lang='grc'><strong>45.</strong></span> <span class='ocrx_word' id='word_1_237' title='bbox 1014 2987 1261 3055; x_wconf 84' lang='lat' dir='ltr'><strong>Domine,</strong></span> <span class='ocrx_word' id='word_1_238' title='bbox 1291 3005 1480 3044; x_wconf 82' lang='lat' dir='ltr'><strong>nomen</strong></span> <span class='ocrx_word' id='word_1_239' title='bbox 1513 3000 1662 3045; x_wconf 79' lang='lat' dir='ltr'><strong>tuum</strong></span> <span class='ocrx_word' id='word_1_240' title='bbox 1701 2993 1757 3047; x_wconf 89' lang='lat' dir='ltr'><strong>in</strong></span> <span class='ocrx_word' id='word_1_241' title='bbox 1789 3005 2066 3048; x_wconf 75' lang='lat' dir='ltr'><strong>wternum.</strong></span> 
     </span>
    </p>
   </div>
   <div class='ocr_carea' id='block_1_33' title="bbox 662 3075 2171 3157">
    <p class='ocr_par' dir='ltr' id='par_1_33' title="bbox 662 3075 2171 3157">
     <span class='ocr_line' id='line_1_33' title="bbox 662 3075 2171 3157; baseline 0.007 -27"><span class='ocrx_word' id='word_1_242' title='bbox 662 3075 802 3132; x_wconf 86' lang='lat' dir='ltr'><strong>Nihil</strong></span> <span class='ocrx_word' id='word_1_243' title='bbox 830 3086 1114 3150; x_wconf 85' lang='lat' dir='ltr'><strong>tantopere</strong></span> <span class='ocrx_word' id='word_1_244' title='bbox 1146 3081 1215 3137; x_wconf 89' lang='lat' dir='ltr'><strong>ad</strong></span> <span class='ocrx_word' id='word_1_245' title='bbox 1242 3082 1480 3138; x_wconf 86' lang='lat' dir='ltr'><strong>divinam</strong></span> <span class='ocrx_word' id='word_1_246' title='bbox 1515 3083 1919 3140; x_wconf 87' lang='lat' dir='ltr'><strong>Providentiam</strong></span> <span class='ocrx_word' id='word_1_247' title='bbox 1937 3099 2171 3157; x_wconf 84' lang='lat' dir='ltr'><strong>spectat.</strong></span> 
     </span>
    </p>
   </div>
   <div class='ocr_carea' id='block_1_34' title="bbox 586 3170 2242 3264">
    <p class='ocr_par' dir='ltr' id='par_1_34' title="bbox 586 3170 2242 3264">
     <span class='ocr_line' id='line_1_34' title="bbox 586 3170 2242 3264; baseline 0.005 -40"><span class='ocrx_word' id='word_1_248' title='bbox 586 3184 751 3239; x_wconf 86' lang='lat' dir='ltr'><strong>quam</strong></span> <span class='ocrx_word' id='word_1_249' title='bbox 793 3170 988 3227; x_wconf 87' lang='lat' dir='ltr'><strong>docere</strong></span> <span class='ocrx_word' id='word_1_250' title='bbox 1029 3170 1300 3237; x_wconf 90' lang='lat' dir='ltr'><strong>homines,</strong></span> <span class='ocrx_word' id='word_1_251' title='bbox 1337 3189 1403 3228; x_wconf 92' lang='lat' dir='ltr'><strong>ne</strong></span> <span class='ocrx_word' id='word_1_252' title='bbox 1434 3190 1615 3230; x_wconf 89' lang='lat' dir='ltr'><strong>rerum</strong></span> <span class='ocrx_word' id='word_1_253' title='bbox 1656 3176 1796 3231; x_wconf 89' lang='lat' dir='ltr'><strong>hanc</strong></span> <span class='ocrx_word' id='word_1_254' title='bbox 1831 3177 2159 3233; x_wconf 80' lang='lat' dir='ltr'><strong>universita-</strong></span> <span class='ocrx_word' id='word_1_255' title='bbox 2199 3208 2242 3264; x_wconf 65' lang='grc' dir='ltr'><strong>ο</strong></span> 
     </span>
    </p>
   </div>
   <div class='ocr_carea' id='block_1_35' title="bbox 592 3262 2168 3333">
    <p class='ocr_par' dir='ltr' id='par_1_35' title="bbox 592 3262 2168 3333">
     <span class='ocr_line' id='line_1_35' title="bbox 592 3262 2168 3333; baseline 0.006 -19"><span class='ocrx_word' id='word_1_256' title='bbox 592 3271 696 3315; x_wconf 87' lang='lat' dir='ltr'><strong>tem</strong></span> <span class='ocrx_word' id='word_1_257' title='bbox 727 3264 846 3318; x_wconf 85' lang='lat' dir='ltr'><strong>sine</strong></span> <span class='ocrx_word' id='word_1_258' title='bbox 879 3262 1249 3332; x_wconf 75' lang='lat' dir='ltr'><strong>gubernatore</strong></span> <span class='ocrx_word' id='word_1_259' title='bbox 1281 3279 1402 3321; x_wconf 89' lang='lat' dir='ltr'><strong>esse</strong></span> <span class='ocrx_word' id='word_1_260' title='bbox 1433 3268 1681 3324; x_wconf 86' lang='lat' dir='ltr'><strong>credant.</strong></span> <span class='ocrx_word' id='word_1_261' title='bbox 1728 3268 1908 3333; x_wconf 88' lang='lat' dir='ltr'><strong>Quare</strong></span> <span class='ocrx_word' id='word_1_262' title='bbox 1944 3278 2001 3324; x_wconf 86' lang='lat' dir='ltr'><strong>et</strong></span> <span class='ocrx_word' id='word_1_263' title='bbox 2036 3285 2168 3326; x_wconf 89' lang='lat' dir='ltr'><strong>con-</strong></span> 
     </span>
    </p>
   </div>
   <div class='ocr_carea' id='block_1_36' title="bbox 593 3356 2174 3433">
    <p class='ocr_par' dir='ltr' id='par_1_36' title="bbox 593 3356 2174 3433">
     <span class='ocr_line' id='line_1_36' title="bbox 593 3356 2174 3433; baseline 0.005 -25"><span class='ocrx_word' id='word_1_264' title='bbox 593 3356 747 3409; x_wconf 85' lang='lat' dir='ltr'><strong>tinua</strong></span> <span class='ocrx_word' id='word_1_265' title='bbox 773 3356 914 3425; x_wconf 88' lang='lat' dir='ltr'><strong>apud</strong></span> <span class='ocrx_word' id='word_1_266' title='bbox 952 3371 1053 3416; x_wconf 86' lang='lat' dir='ltr'><strong>nos</strong></span> <span class='ocrx_word' id='word_1_267' title='bbox 1093 3366 1177 3413; x_wconf 88' lang='lat' dir='ltr'><strong>est</strong></span> <span class='ocrx_word' id='word_1_268' title='bbox 1215 3358 1309 3413; x_wconf 87' lang='lat' dir='ltr'><strong>Dei</strong></span> <span class='ocrx_word' id='word_1_269' title='bbox 1343 3361 1627 3422; x_wconf 87' lang='lat' dir='ltr'><strong>memoria,</strong></span> <span class='ocrx_word' id='word_1_270' title='bbox 1652 3359 1808 3429; x_wconf 81' lang='lat' dir='ltr'><strong>cujus</strong></span> <span class='ocrx_word' id='word_1_271' title='bbox 1840 3363 2174 3433; x_wconf 76' lang='lat' dir='ltr'><strong>magnitudi-</strong></span> 
     </span>
    </p>
   </div>
   <div class='ocr_carea' id='block_1_37' title="bbox 590 3446 2176 3519">
    <p class='ocr_par' dir='ltr' id='par_1_37' title="bbox 590 3446 2176 3519">
     <span class='ocr_line' id='line_1_37' title="bbox 590 3446 2176 3519; baseline 0.006 -20"><span class='ocrx_word' id='word_1_272' title='bbox 590 3459 714 3500; x_wconf 90' lang='lat' dir='ltr'><strong>nem</strong></span> <span class='ocrx_word' id='word_1_273' title='bbox 761 3461 792 3501; x_wconf 87' lang='lat' dir='ltr'><strong>a</strong></span> <span class='ocrx_word' id='word_1_274' title='bbox 826 3446 1126 3515; x_wconf 88' lang='lat' dir='ltr'><strong>majoribus</strong></span> <span class='ocrx_word' id='word_1_275' title='bbox 1173 3448 1320 3504; x_wconf 86' lang='lat' dir='ltr'><strong>servi</strong></span> <span class='ocrx_word' id='word_1_276' title='bbox 1354 3449 1471 3519; x_wconf 88' lang='lat' dir='ltr'><strong>ejus</strong></span> <span class='ocrx_word' id='word_1_277' title='bbox 1505 3449 1714 3513; x_wconf 88' lang='lat' dir='ltr'><strong>edocti,</strong></span> <span class='ocrx_word' id='word_1_278' title='bbox 1767 3453 2057 3519; x_wconf 66' lang='lat' dir='ltr'><strong>praesentia</strong></span> <span class='ocrx_word' id='word_1_279' title='bbox 2096 3454 2176 3509; x_wconf 87' lang='lat' dir='ltr'><strong>di-</strong></span> 
     </span>
    </p>
   </div>
   <div class='ocr_carea' id='block_1_38' title="bbox 588 3542 2174 3613">
    <p class='ocr_par' dir='ltr' id='par_1_38' title="bbox 588 3542 2174 3613">
     <span class='ocr_line' id='line_1_38' title="bbox 588 3542 2174 3613; baseline 0.005 -21"><span class='ocrx_word' id='word_1_280' title='bbox 588 3552 713 3593; x_wconf 80' lang='lat' dir='ltr'><strong>cere</strong></span> <span class='ocrx_word' id='word_1_281' title='bbox 748 3542 967 3595; x_wconf 87' lang='lat' dir='ltr'><strong>discunt</strong></span> <span class='ocrx_word' id='word_1_282' title='bbox 1000 3550 1056 3596; x_wconf 90' lang='lat' dir='ltr'><strong>et</strong></span> <span class='ocrx_word' id='word_1_283' title='bbox 1085 3542 1311 3601; x_wconf 83' lang='lat' dir='ltr'><strong>audent.</strong></span> <span class='ocrx_word' id='word_1_284' title='bbox 1364 3543 1500 3597; x_wconf 87' lang='lat' dir='ltr'><strong>satis</strong></span> <span class='ocrx_word' id='word_1_285' title='bbox 1544 3543 1701 3613; x_wconf 83' lang='lat' dir='ltr'><strong>gnari</strong></span> <span class='ocrx_word' id='word_1_286' title='bbox 1750 3543 1867 3599; x_wconf 84' lang='lat' dir='ltr'><strong>fore</strong></span> <span class='ocrx_word' id='word_1_287' title='bbox 1901 3552 1959 3599; x_wconf 90' lang='lat' dir='ltr'><strong>ut</strong></span> <span class='ocrx_word' id='word_1_288' title='bbox 1991 3560 2174 3601; x_wconf 88' lang='lat' dir='ltr'><strong>recre-</strong></span> 
     </span>
    </p>
   </div>
   <div class='ocr_carea' id='block_1_39' title="bbox 586 3633 2173 3708">
    <p class='ocr_par' dir='ltr' id='par_1_39' title="bbox 586 3633 2173 3708">
     <span class='ocr_line' id='line_1_39' title="bbox 586 3633 2173 3708; baseline 0.006 -24"><span class='ocrx_word' id='word_1_289' title='bbox 586 3641 774 3699; x_wconf 88' lang='lat' dir='ltr'><strong>entur,</strong></span> <span class='ocrx_word' id='word_1_290' title='bbox 805 3633 931 3703; x_wconf 88' lang='lat' dir='ltr'><strong>quia</strong></span> <span class='ocrx_word' id='word_1_291' title='bbox 977 3633 1244 3701; x_wconf 86' lang='lat' dir='ltr'><strong>judicium</strong></span> <span class='ocrx_word' id='word_1_292' title='bbox 1279 3634 1371 3688; x_wconf 87' lang='lat' dir='ltr'><strong>liet</strong></span> <span class='ocrx_word' id='word_1_293' title='bbox 1402 3634 1469 3690; x_wconf 89' lang='lat' dir='ltr'><strong>de</strong></span> <span class='ocrx_word' id='word_1_294' title='bbox 1501 3636 1709 3705; x_wconf 89' lang='lat' dir='ltr'><strong>reliquo</strong></span> <span class='ocrx_word' id='word_1_295' title='bbox 1741 3637 1960 3708; x_wconf 83' lang='lat' dir='ltr'><strong>populo,</strong></span> <span class='ocrx_word' id='word_1_296' title='bbox 1986 3654 2173 3694; x_wconf 79' lang='lat' dir='ltr'><strong>eorum</strong></span> 
     </span>
    </p>
   </div>
   <div class='ocr_carea' id='block_1_40' title="bbox 585 3725 2172 3797">
    <p class='ocr_par' dir='ltr' id='par_1_40' title="bbox 585 3725 2172 3797">
     <span class='ocr_line' id='line_1_40' title="bbox 585 3725 2172 3797; baseline 0.006 -18"><span class='ocrx_word' id='word_1_297' title='bbox 585 3739 749 3779; x_wconf 85' lang='lat' dir='ltr'><strong>causa</strong></span> <span class='ocrx_word' id='word_1_298' title='bbox 797 3725 889 3797; x_wconf 87' lang='lat' dir='ltr'><strong>qui</strong></span> <span class='ocrx_word' id='word_1_299' title='bbox 929 3725 1024 3781; x_wconf 89' lang='lat' dir='ltr'><strong>Dei</strong></span> <span class='ocrx_word' id='word_1_300' title='bbox 1074 3741 1272 3781; x_wconf 90' lang='lat' dir='ltr'><strong>nomen</strong></span> <span class='ocrx_word' id='word_1_301' title='bbox 1318 3727 1496 3782; x_wconf 90' lang='lat' dir='ltr'><strong>sciunt</strong></span> <span class='ocrx_word' id='word_1_302' title='bbox 1531 3738 1587 3783; x_wconf 91' lang='lat' dir='ltr'><strong>et</strong></span> <span class='ocrx_word' id='word_1_303' title='bbox 1625 3730 1887 3783; x_wconf 83' lang='lat' dir='ltr'><strong>memoria</strong></span> <span class='ocrx_word' id='word_1_304' title='bbox 1936 3742 2172 3788; x_wconf 84' lang='lat' dir='ltr'><strong>versant.</strong></span> 
     </span>
    </p>
   </div>
   <div class='ocr_carea' id='block_1_41' title="bbox 474 3816 2178 3895">
    <p class='ocr_par' dir='ltr' id='par_1_41' title="bbox 474 3816 2178 3895">
     <span class='ocr_line' id='line_1_41' title="bbox 474 3816 2178 3895; baseline 0.005 -23"><span class='ocrx_word' id='word_1_305' title='bbox 474 3826 477 3829; x_wconf 86' lang='lat'>&#39;</span> <span class='ocrx_word' id='word_1_306' title='bbox 584 3816 692 3873; x_wconf 87' lang='lat' dir='ltr'><strong>Pro</strong></span> <span class='ocrx_word' id='word_1_307' title='bbox 720 3817 801 3874; x_wconf 88' lang='lat' dir='ltr'><strong>eis</strong></span> <span class='ocrx_word' id='word_1_308' title='bbox 846 3817 1064 3887; x_wconf 81' lang='lat' dir='ltr'><strong>itaque,</strong></span> <span class='ocrx_word' id='word_1_309' title='bbox 1110 3825 1369 3888; x_wconf 89' lang='lat' dir='ltr'><strong>tauquam</strong></span> <span class='ocrx_word' id='word_1_310' title='bbox 1401 3835 1501 3891; x_wconf 85' lang='lat' dir='ltr'><strong>pro</strong></span> <span class='ocrx_word' id='word_1_311' title='bbox 1541 3823 1720 3878; x_wconf 89' lang='lat' dir='ltr'><strong>servis</strong></span> <span class='ocrx_word' id='word_1_312' title='bbox 1754 3823 1912 3878; x_wconf 87' lang='lat' dir='ltr'><strong>venia</strong></span> <span class='ocrx_word' id='word_1_313' title='bbox 1967 3827 2178 3895; x_wconf 80' lang='lat' dir='ltr'><strong>egenti-</strong></span> 
     </span>
    </p>
   </div>
   <div class='ocr_carea' id='block_1_42' title="bbox 586 3909 1113 3977">
    <p class='ocr_par' dir='ltr' id='par_1_42' title="bbox 586 3909 1113 3977">
     <span class='ocr_line' id='line_1_42' title="bbox 586 3909 1113 3977; baseline 0 -15"><span class='ocrx_word' id='word_1_314' title='bbox 586 3909 690 3962; x_wconf 88' lang='lat' dir='ltr'><strong>lms</strong></span> <span class='ocrx_word' id='word_1_315' title='bbox 705 3947 722 3968; x_wconf 85' lang='lat'><strong>.</strong></span> <span class='ocrx_word' id='word_1_316' title='bbox 759 3909 1113 3977; x_wconf 85' lang='lat' dir='ltr'><strong>deprecatur.</strong></span> 
     </span>
    </p>
   </div>
   <div class='ocr_carea' id='block_1_43' title="bbox 699 3995 2066 4072">
    <p class='ocr_par' dir='ltr' id='par_1_43' title="bbox 699 3995 2066 4072">
     <span class='ocr_line' id='line_1_43' title="bbox 699 3995 2066 4072; baseline 0.008 -22"><span class='ocrx_word' id='word_1_317' title='bbox 699 3995 859 4052; x_wconf 75' lang='lat' dir='ltr'><strong>Vens.</strong></span> <span class='ocrx_word' id='word_1_318' title='bbox 900 3998 985 4055; x_wconf 76' lang='lat' dir='ltr'><strong>l5.</strong></span> <span class='ocrx_word' id='word_1_319' title='bbox 1018 4000 1173 4054; x_wconf 86' lang='lat' dir='ltr'><strong>ldola</strong></span> <span class='ocrx_word' id='word_1_320' title='bbox 1201 4003 1434 4071; x_wconf 81' lang='lat' dir='ltr'><strong>gentium</strong></span> <span class='ocrx_word' id='word_1_321' title='bbox 1465 4012 1743 4072; x_wconf 81' lang='lat' dir='ltr'><strong>argentum</strong></span> <span class='ocrx_word' id='word_1_322' title='bbox 1774 4013 1824 4059; x_wconf 84' lang='lat' dir='ltr'><strong>et</strong></span> <span class='ocrx_word' id='word_1_323' title='bbox 1854 4023 2066 4061; x_wconf 86' lang='lat' dir='ltr'><strong>aurum.</strong></span> 
     </span>
    </p>
   </div>
   <div class='ocr_carea' id='block_1_44' title="bbox 660 4090 2177 4165">
    <p class='ocr_par' dir='ltr' id='par_1_44' title="bbox 660 4090 2177 4165">
     <span class='ocr_line' id='line_1_44' title="bbox 660 4090 2177 4165; baseline 0.009 -22"><span class='ocrx_word' id='word_1_324' title='bbox 660 4090 927 4145; x_wconf 82' lang='lat' dir='ltr'><strong>Ahsoluto</strong></span> <span class='ocrx_word' id='word_1_325' title='bbox 967 4090 1273 4161; x_wconf 83' lang='lat' dir='ltr'><strong>theologico</strong></span> <span class='ocrx_word' id='word_1_326' title='bbox 1303 4095 1449 4147; x_wconf 85' lang='lat' dir='ltr'><strong>circa</strong></span> <span class='ocrx_word' id='word_1_327' title='bbox 1484 4094 1769 4150; x_wconf 85' lang='lat' dir='ltr'><strong>Dominum</strong></span> <span class='ocrx_word' id='word_1_328' title='bbox 1813 4112 2087 4165; x_wconf 89' lang='lat' dir='ltr'><strong>sermone,</strong></span> <span class='ocrx_word' id='word_1_329' title='bbox 2122 4109 2177 4155; x_wconf 90' lang='lat' dir='ltr'><strong>et</strong></span> 
     </span>
    </p>
   </div>
   <div class='ocr_carea' id='block_1_45' title="bbox 588 4182 2173 4256">
    <p class='ocr_par' dir='ltr' id='par_1_45' title="bbox 588 4182 2173 4256">
     <span class='ocr_line' id='line_1_45' title="bbox 588 4182 2173 4256; baseline 0.006 -20"><span class='ocrx_word' id='word_1_330' title='bbox 588 4184 942 4253; x_wconf 69' lang='lat' dir='ltr'><strong>providentite</strong></span> <span class='ocrx_word' id='word_1_331' title='bbox 977 4182 1096 4252; x_wconf 86' lang='lat' dir='ltr'><strong>ejus</strong></span> <span class='ocrx_word' id='word_1_332' title='bbox 1125 4188 1341 4255; x_wconf 80' lang='lat' dir='ltr'><strong>magnis</strong></span> <span class='ocrx_word' id='word_1_333' title='bbox 1372 4188 1632 4256; x_wconf 85' lang='lat' dir='ltr'><strong>Operibus</strong></span> <span class='ocrx_word' id='word_1_334' title='bbox 1663 4192 2019 4255; x_wconf 88' lang='lat' dir='ltr'><strong>enumeratis,</strong></span> <span class='ocrx_word' id='word_1_335' title='bbox 2055 4204 2173 4246; x_wconf 85' lang='lat' dir='ltr'><strong>tan-</strong></span> 
     </span>
    </p>
   </div>
   <div class='ocr_carea' id='block_1_46' title="bbox 588 4276 2175 4351">
    <p class='ocr_par' dir='ltr' id='par_1_46' title="bbox 588 4276 2175 4351">
     <span class='ocr_line' id='line_1_46' title="bbox 588 4276 2175 4351; baseline 0.009 -24"><span class='ocrx_word' id='word_1_336' title='bbox 588 4292 751 4344; x_wconf 88' lang='lat' dir='ltr'><strong>quam</strong></span> <span class='ocrx_word' id='word_1_337' title='bbox 798 4276 975 4330; x_wconf 78' lang='lat' dir='ltr'><strong>adhuc</strong></span> <span class='ocrx_word' id='word_1_338' title='bbox 1021 4294 1209 4333; x_wconf 85' lang='lat' dir='ltr'><strong>servos</strong></span> <span class='ocrx_word' id='word_1_339' title='bbox 1260 4295 1355 4334; x_wconf 85' lang='lat' dir='ltr'><strong>eos</strong></span> <span class='ocrx_word' id='word_1_340' title='bbox 1397 4281 1704 4350; x_wconf 87' lang='lat' dir='ltr'><strong>alloquens,</strong></span> <span class='ocrx_word' id='word_1_341' title='bbox 1749 4282 1839 4351; x_wconf 87' lang='lat' dir='ltr'><strong>qui</strong></span> <span class='ocrx_word' id='word_1_342' title='bbox 1884 4299 1953 4336; x_wconf 81' lang='lat' dir='ltr'><strong>ex</strong></span> <span class='ocrx_word' id='word_1_343' title='bbox 1988 4301 2175 4341; x_wconf 88' lang='lat' dir='ltr'><strong>errore</strong></span> 
     </span>
    </p>
   </div>
   <div class='ocr_carea' id='block_1_47' title="bbox 587 4367 2172 4444">
    <p class='ocr_par' dir='ltr' id='par_1_47' title="bbox 587 4367 2172 4444">
     <span class='ocr_line' id='line_1_47' title="bbox 587 4367 2172 4444; baseline 0.008 -24"><span class='ocrx_word' id='word_1_344' title='bbox 587 4367 937 4439; x_wconf 88' lang='lat' dir='ltr'><strong>polytheismi</strong></span> <span class='ocrx_word' id='word_1_345' title='bbox 980 4384 1154 4437; x_wconf 90' lang='lat' dir='ltr'><strong>nuper</strong></span> <span class='ocrx_word' id='word_1_346' title='bbox 1196 4382 1588 4435; x_wconf 86' lang='lat' dir='ltr'><strong>accesserant,</strong></span> <span class='ocrx_word' id='word_1_347' title='bbox 1634 4373 1822 4442; x_wconf 87' lang='lat' dir='ltr'><strong>objicit</strong></span> <span class='ocrx_word' id='word_1_348' title='bbox 1868 4385 2172 4444; x_wconf 88' lang='lat' dir='ltr'><strong>putatormn</strong></span> 
     </span>
    </p>
   </div>
   <div class='ocr_carea' id='block_1_48' title="bbox 585 4461 2174 4533">
    <p class='ocr_par' dir='ltr' id='par_1_48' title="bbox 585 4461 2174 4533">
     <span class='ocr_line' id='line_1_48' title="bbox 585 4461 2174 4533; baseline 0.009 -21"><span class='ocrx_word' id='word_1_349' title='bbox 585 4462 716 4514; x_wconf 85' lang='lat' dir='ltr'><strong>olim</strong></span> <span class='ocrx_word' id='word_1_350' title='bbox 747 4461 815 4516; x_wconf 82' lang='lat' dir='ltr'><strong>ab</strong></span> <span class='ocrx_word' id='word_1_351' title='bbox 846 4461 984 4529; x_wconf 84' lang='lat' dir='ltr'><strong>ipsis</strong></span> <span class='ocrx_word' id='word_1_352' title='bbox 1018 4462 1247 4517; x_wconf 87' lang='lat' dir='ltr'><strong>deorum</strong></span> <span class='ocrx_word' id='word_1_353' title='bbox 1290 4466 1779 4533; x_wconf 81' lang='lat' dir='ltr'><strong>vituperationem;</strong></span> <span class='ocrx_word' id='word_1_354' title='bbox 1813 4479 2174 4526; x_wconf 87' lang='lat' dir='ltr'><strong>consentanee</strong></span> 
     </span>
    </p>
   </div>
   <div class='ocr_carea' id='block_1_49' title="bbox 2285 876 3873 950">
    <p class='ocr_par' dir='ltr' id='par_1_49' title="bbox 2285 876 3873 950">
     <span class='ocr_line' id='line_1_49' title="bbox 2285 876 3873 950; baseline 0 -17"><span class='ocrx_word' id='word_1_355' title='bbox 2285 879 2395 934; x_wconf 85' lang='grc' dir='ltr'><strong>τῶν</strong></span> <span class='ocrx_word' id='word_1_356' title='bbox 2447 878 2944 950; x_wconf 79' lang='grc' dir='ltr'>προστασσομένων</span> <span class='ocrx_word' id='word_1_357' title='bbox 2983 878 3101 930; x_wconf 79' lang='grc' dir='ltr'>ἐκεῖ</span> <span class='ocrx_word' id='word_1_358' title='bbox 3145 876 3398 932; x_wconf 82' lang='grc' dir='ltr'><strong>ἀπελθεῖν</strong></span> <span class='ocrx_word' id='word_1_359' title='bbox 3450 876 3655 941; x_wconf 80' lang='grc' dir='ltr'><strong>κακῶν,</strong></span> <span class='ocrx_word' id='word_1_360' title='bbox 3709 880 3873 933; x_wconf 75' lang='grc' dir='ltr'>τοῦτο</span> 
     </span>
    </p>
   </div>
   <div class='ocr_carea' id='block_1_50' title="bbox 2286 967 3873 1040">
    <p class='ocr_par' dir='ltr' id='par_1_50' title="bbox 2286 967 3873 1040">
     <span class='ocr_line' id='line_1_50' title="bbox 2286 967 3873 1040; baseline 0.001 -17"><span class='ocrx_word' id='word_1_361' title='bbox 2286 970 2384 1040; x_wconf 76' lang='grc' dir='ltr'><strong>οὐχ</strong></span> <span class='ocrx_word' id='word_1_362' title='bbox 2410 971 2439 1022; x_wconf 92' lang='lat'><strong>6</strong></span> <span class='ocrx_word' id='word_1_363' title='bbox 2471 968 2602 1033; x_wconf 81' lang='grc' dir='ltr'>Θεὸς</span> <span class='ocrx_word' id='word_1_364' title='bbox 2628 968 2850 1040; x_wconf 75' lang='grc' dir='ltr'>εποίησε</span> <span class='ocrx_word' id='word_1_365' title='bbox 2879 967 2955 1039; x_wconf 83' lang='grc' dir='ltr'>τῷ</span> <span class='ocrx_word' id='word_1_366' title='bbox 2984 967 3250 1039; x_wconf 78' lang='grc' dir='ltr'><strong>θελήματι</strong></span> <span class='ocrx_word' id='word_1_367' title='bbox 3281 968 3445 1023; x_wconf 81' lang='grc' dir='ltr'>αὐτοῦ</span> <span class='ocrx_word' id='word_1_368' title='bbox 3468 985 3483 998; x_wconf 94' lang='grc'>·</span> <span class='ocrx_word' id='word_1_369' title='bbox 3516 971 3580 1024; x_wconf 82' lang='grc' dir='ltr'>ὲκ</span> <span class='ocrx_word' id='word_1_370' title='bbox 3610 970 3720 1040; x_wconf 83' lang='grc' dir='ltr'>γὰρ</span> <span class='ocrx_word' id='word_1_371' title='bbox 3747 971 3873 1025; x_wconf 81' lang='grc' dir='ltr'>στό-</span> 
     </span>
    </p>
   </div>
   <div class='ocr_carea' id='block_1_51' title="bbox 2289 1058 3870 1130">
    <p class='ocr_par' dir='ltr' id='par_1_51' title="bbox 2289 1058 3870 1130">
     <span class='ocr_line' id='line_1_51' title="bbox 2289 1058 3870 1130; baseline 0.003 -19"><span class='ocrx_word' id='word_1_372' title='bbox 2289 1075 2458 1129; x_wconf 87' lang='grc' dir='ltr'>ματος</span> <span class='ocrx_word' id='word_1_373' title='bbox 2500 1058 2704 1130; x_wconf 81' lang='grc' dir='ltr'>Κυρίου</span> <span class='ocrx_word' id='word_1_374' title='bbox 2755 1059 2855 1111; x_wconf 82' lang='grc' dir='ltr'><strong>οὐκ</strong></span> <span class='ocrx_word' id='word_1_375' title='bbox 2922 1058 3267 1125; x_wconf 75' lang='grc' dir='ltr'>ἐξελεύσεται</span> <span class='ocrx_word' id='word_1_376' title='bbox 3317 1059 3388 1114; x_wconf 76' lang='grc' dir='ltr'>τὰ</span> <span class='ocrx_word' id='word_1_377' title='bbox 3448 1060 3594 1114; x_wconf 85' lang='grc' dir='ltr'><strong>κακά</strong></span> <span class='ocrx_word' id='word_1_378' title='bbox 3649 1062 3747 1116; x_wconf 74' lang='grc' dir='ltr'>καὶ</span> <span class='ocrx_word' id='word_1_379' title='bbox 3803 1060 3870 1117; x_wconf 76' lang='grc' dir='ltr'>τὸ</span> 
     </span>
    </p>
   </div>
   <div class='ocr_carea' id='block_1_52' title="bbox 2285 1150 3480 1220">
    <p class='ocr_par' dir='ltr' id='par_1_52' title="bbox 2285 1150 3480 1220">
     <span class='ocr_line' id='line_1_52' title="bbox 2285 1150 3480 1220; baseline 0.003 -15"><span class='ocrx_word' id='word_1_380' title='bbox 2285 1150 2509 1220; x_wconf 76' lang='grc' dir='ltr'><strong>ἀγαθόν⁴</strong></span> <span class='ocrx_word' id='word_1_381' title='bbox 3472 1203 3480 1209; x_wconf 89' lang='grc'><strong>.</strong></span> 
     </span>
    </p>
   </div>
   <div class='ocr_carea' id='block_1_53' title="bbox 2436 1242 3721 1313">
    <p class='ocr_par' dir='ltr' id='par_1_53' title="bbox 2436 1242 3721 1313">
     <span class='ocr_line' id='line_1_53' title="bbox 2436 1242 3721 1313; baseline 0.004 -17"><span class='ocrx_word' id='word_1_382' title='bbox 2436 1245 2490 1296; x_wconf 90' lang='lat'><strong>&#39;0</strong></span> <span class='ocrx_word' id='word_1_383' title='bbox 2517 1242 2751 1313; x_wconf 74' lang='grc' dir='ltr'>ἐξάγων</span> <span class='ocrx_word' id='word_1_384' title='bbox 2778 1242 3039 1313; x_wconf 79' lang='grc' dir='ltr'><strong>ἀνέμους</strong></span> <span class='ocrx_word' id='word_1_385' title='bbox 3064 1243 3132 1297; x_wconf 79' lang='grc' dir='ltr'>ἐκ</span> <span class='ocrx_word' id='word_1_386' title='bbox 3164 1243 3484 1312; x_wconf 80' lang='grc' dir='ltr'><strong>θησαυρῶν</strong></span> <span class='ocrx_word' id='word_1_387' title='bbox 3513 1245 3721 1302; x_wconf 78' lang='grc' dir='ltr'>αὐτοῦ.</span> 
     </span>
    </p>
   </div>
   <div class='ocr_carea' id='block_1_54' title="bbox 2354 1334 3869 1409">
    <p class='ocr_par' dir='ltr' id='par_1_54' title="bbox 2354 1334 3869 1409">
     <span class='ocr_line' id='line_1_54' title="bbox 2354 1334 3869 1409; baseline 0.004 -23"><span class='ocrx_word' id='word_1_388' title='bbox 2354 1334 2427 1387; x_wconf 89' lang='grc' dir='ltr'><strong>Τὸ</strong></span> <span class='ocrx_word' id='word_1_389' title='bbox 2452 1336 2626 1387; x_wconf 74' lang='grc' dir='ltr'>εἰπεῖν</span> <span class='ocrx_word' id='word_1_390' title='bbox 2658 1336 2722 1388; x_wconf 83' lang='grc' dir='ltr'>ὲκ</span> <span class='ocrx_word' id='word_1_391' title='bbox 2753 1334 3065 1406; x_wconf 85' lang='grc' dir='ltr'>θησαυρῶν,</span> <span class='ocrx_word' id='word_1_392' title='bbox 3091 1335 3152 1387; x_wconf 83' lang='grc' dir='ltr'><strong>οὐ</strong></span> <span class='ocrx_word' id='word_1_393' title='bbox 3176 1335 3336 1389; x_wconf 81' lang='grc' dir='ltr'>τοῦτο</span> <span class='ocrx_word' id='word_1_394' title='bbox 3378 1335 3528 1407; x_wconf 89' lang='grc' dir='ltr'>δηλοῖ</span> <span class='ocrx_word' id='word_1_395' title='bbox 3553 1338 3634 1390; x_wconf 80' lang='grc' dir='ltr'>ὅτι</span> <span class='ocrx_word' id='word_1_396' title='bbox 3660 1337 3869 1409; x_wconf 61' lang='grc' dir='ltr'>θησαυα</span> 
     </span>
    </p>
   </div>
   <div class='ocr_carea' id='block_1_55' title="bbox 2286 1425 3867 1497">
    <p class='ocr_par' dir='ltr' id='par_1_55' title="bbox 2286 1425 3867 1497">
     <span class='ocr_line' id='line_1_55' title="bbox 2286 1425 3867 1497; baseline 0.004 -21"><span class='ocrx_word' id='word_1_397' title='bbox 2286 1425 2368 1496; x_wconf 90' lang='grc' dir='ltr'><strong>ροί</strong></span> <span class='ocrx_word' id='word_1_398' title='bbox 2402 1425 2547 1490; x_wconf 81' lang='grc' dir='ltr'>τινές</span> <span class='ocrx_word' id='word_1_399' title='bbox 2578 1426 2684 1479; x_wconf 79' lang='grc' dir='ltr'>εἱσι</span> <span class='ocrx_word' id='word_1_400' title='bbox 2710 1425 2818 1478; x_wconf 85' lang='grc' dir='ltr'><strong>τῶν</strong></span> <span class='ocrx_word' id='word_1_401' title='bbox 2851 1425 3090 1497; x_wconf 87' lang='grc' dir='ltr'>ἀνέμων,</span> <span class='ocrx_word' id='word_1_402' title='bbox 3131 1425 3268 1480; x_wconf 88' lang='grc' dir='ltr'><strong>ἀλλά</strong></span> <span class='ocrx_word' id='word_1_403' title='bbox 3293 1427 3355 1479; x_wconf 86' lang='grc' dir='ltr'>τὸ</span> <span class='ocrx_word' id='word_1_404' title='bbox 3386 1426 3601 1495; x_wconf 76' lang='grc' dir='ltr'>ἕτοιμον</span> <span class='ocrx_word' id='word_1_405' title='bbox 3623 1428 3718 1482; x_wconf 83' lang='grc' dir='ltr'>τοῦ</span> <span class='ocrx_word' id='word_1_406' title='bbox 3742 1431 3867 1482; x_wconf 80' lang='grc' dir='ltr'>ἐπι-</span> 
     </span>
    </p>
   </div>
   <div class='ocr_carea' id='block_1_56' title="bbox 2280 1515 3866 1589">
    <p class='ocr_par' dir='ltr' id='par_1_56' title="bbox 2280 1515 3866 1589">
     <span class='ocr_line' id='line_1_56' title="bbox 2280 1515 3866 1589; baseline 0.003 -21"><span class='ocrx_word' id='word_1_407' title='bbox 2280 1517 2587 1582; x_wconf 81' lang='grc' dir='ltr'><strong>τάττοντος,</strong></span> <span class='ocrx_word' id='word_1_408' title='bbox 2620 1515 2681 1569; x_wconf 80' lang='grc' dir='ltr'>τὸ</span> <span class='ocrx_word' id='word_1_409' title='bbox 2712 1515 2934 1569; x_wconf 78' lang='grc' dir='ltr'>εῡκολον</span> <span class='ocrx_word' id='word_1_410' title='bbox 2973 1517 3074 1587; x_wconf 82' lang='grc' dir='ltr'><strong>τῆς</strong></span> <span class='ocrx_word' id='word_1_411' title='bbox 3124 1517 3369 1587; x_wconf 85' lang='grc' dir='ltr'>κτήσεως</span> <span class='ocrx_word' id='word_1_412' title='bbox 3414 1519 3866 1589; x_wconf 81' lang='grc' dir='ltr'>παρεσκευασμέ-</span> 
     </span>
    </p>
   </div>
   <div class='ocr_carea' id='block_1_57' title="bbox 2282 1604 3866 1679">
    <p class='ocr_par' dir='ltr' id='par_1_57' title="bbox 2282 1604 3866 1679">
     <span class='ocr_line' id='line_1_57' title="bbox 2282 1604 3866 1679; baseline 0.001 -20"><span class='ocrx_word' id='word_1_413' title='bbox 2282 1623 2404 1659; x_wconf 86' lang='grc' dir='ltr'>νον·</span> <span class='ocrx_word' id='word_1_414' title='bbox 2456 1604 2644 1679; x_wconf 81' lang='grc' dir='ltr'>ὤσπερ</span> <span class='ocrx_word' id='word_1_415' title='bbox 2690 1605 2756 1661; x_wconf 83' lang='grc' dir='ltr'><strong>ἂν</strong></span> <span class='ocrx_word' id='word_1_416' title='bbox 2809 1607 2838 1659; x_wconf 98' lang='lat'><strong>6</strong></span> <span class='ocrx_word' id='word_1_417' title='bbox 2890 1607 2948 1658; x_wconf 80' lang='grc' dir='ltr'>ἐν</span> <span class='ocrx_word' id='word_1_418' title='bbox 2997 1605 3258 1678; x_wconf 82' lang='grc' dir='ltr'>θησαυρῷ</span> <span class='ocrx_word' id='word_1_419' title='bbox 3304 1607 3444 1677; x_wconf 76' lang='grc' dir='ltr'>έχων</span> <span class='ocrx_word' id='word_1_420' title='bbox 3497 1608 3633 1677; x_wconf 84' lang='grc' dir='ltr'><strong>μετά</strong></span> <span class='ocrx_word' id='word_1_421' title='bbox 3679 1608 3866 1673; x_wconf 85' lang='grc' dir='ltr'>ἀδείας</span> 
     </span>
    </p>
   </div>
   <div class='ocr_carea' id='block_1_58' title="bbox 2281 1694 3862 1766">
    <p class='ocr_par' dir='ltr' id='par_1_58' title="bbox 2281 1694 3862 1766">
     <span class='ocr_line' id='line_1_58' title="bbox 2281 1694 3862 1766; baseline 0.003 -18"><span class='ocrx_word' id='word_1_422' title='bbox 2281 1694 2465 1764; x_wconf 71' lang='grc' dir='ltr'>ἐξάγει</span> <span class='ocrx_word' id='word_1_423' title='bbox 2497 1696 2673 1750; x_wconf 87' lang='grc' dir='ltr'>πάντα</span> <span class='ocrx_word' id='word_1_424' title='bbox 2698 1696 2790 1749; x_wconf 73' lang='grc' dir='ltr'><strong>καὶ</strong></span> <span class='ocrx_word' id='word_1_425' title='bbox 2810 1697 2897 1749; x_wconf 82' lang='grc' dir='ltr'>ὅτε</span> <span class='ocrx_word' id='word_1_426' title='bbox 2926 1694 3199 1766; x_wconf 86' lang='grc' dir='ltr'>βούλεται,</span> <span class='ocrx_word' id='word_1_427' title='bbox 3229 1694 3402 1761; x_wconf 76' lang='grc' dir='ltr'>οὕτως</span> <span class='ocrx_word' id='word_1_428' title='bbox 3428 1697 3522 1750; x_wconf 77' lang='grc' dir='ltr'>καὶ</span> <span class='ocrx_word' id='word_1_429' title='bbox 3542 1699 3571 1750; x_wconf 91' lang='grc' dir='ltr'><strong>ό</strong></span> <span class='ocrx_word' id='word_1_430' title='bbox 3596 1698 3687 1751; x_wconf 75' lang='grc' dir='ltr'>τοῦ</span> <span class='ocrx_word' id='word_1_431' title='bbox 3717 1716 3862 1753; x_wconf 84' lang='grc' dir='ltr'>παν-</span> 
     </span>
    </p>
   </div>
   <div class='ocr_carea' id='block_1_59' title="bbox 2279 1787 3863 1863">
    <p class='ocr_par' dir='ltr' id='par_1_59' title="bbox 2279 1787 3863 1863">
     <span class='ocr_line' id='line_1_59' title="bbox 2279 1787 3863 1863; baseline 0.002 -21"><span class='ocrx_word' id='word_1_432' title='bbox 2279 1789 2370 1854; x_wconf 75' lang='grc' dir='ltr'>τὸς</span> <span class='ocrx_word' id='word_1_433' title='bbox 2405 1789 2744 1861; x_wconf 83' lang='grc' dir='ltr'>Δημιουργὸς</span> <span class='ocrx_word' id='word_1_434' title='bbox 2779 1789 2954 1842; x_wconf 89' lang='grc' dir='ltr'>πάντα</span> <span class='ocrx_word' id='word_1_435' title='bbox 2978 1787 3214 1852; x_wconf 79' lang='grc' dir='ltr'><strong>εὐκόλως</strong></span> <span class='ocrx_word' id='word_1_436' title='bbox 3245 1789 3469 1861; x_wconf 79' lang='grc' dir='ltr'>ἐποίησε</span> <span class='ocrx_word' id='word_1_437' title='bbox 3497 1792 3590 1844; x_wconf 62' lang='grc' dir='ltr'><strong>καὶ⁵</strong></span> <span class='ocrx_word' id='word_1_438' title='bbox 3610 1793 3676 1863; x_wconf 80' lang='grc' dir='ltr'>τῇ</span> <span class='ocrx_word' id='word_1_439' title='bbox 3700 1790 3863 1861; x_wconf 80' lang='grc' dir='ltr'>φύσει</span> 
     </span>
    </p>
   </div>
   <div class='ocr_carea' id='block_1_60' title="bbox 2208 1866 2619 1954">
    <p class='ocr_par' dir='ltr' id='par_1_60' title="bbox 2208 1866 2619 1954">
     <span class='ocr_line' id='line_1_60' title="bbox 2208 1866 2619 1954; baseline -0.002 -17"><span class='ocrx_word' id='word_1_440' title='bbox 2208 1866 2253 1922; x_wconf 79' lang='grc' dir='ltr'>Β</span> <span class='ocrx_word' id='word_1_441' title='bbox 2282 1882 2619 1954; x_wconf 81' lang='grc' dir='ltr'>παρέδωκεν.</span> 
     </span>
    </p>
   </div>
   <div class='ocr_carea' id='block_1_61' title="bbox 2462 1973 3672 2044">
    <p class='ocr_par' dir='ltr' id='par_1_61' title="bbox 2462 1973 3672 2044">
     <span class='ocr_line' id='line_1_61' title="bbox 2462 1973 3672 2044; baseline 0.001 -15"><span class='ocrx_word' id='word_1_442' title='bbox 2462 1976 2568 2041; x_wconf 80' lang='grc' dir='ltr'><strong>’⁸ος</strong></span> <span class='ocrx_word' id='word_1_443' title='bbox 2596 1973 2855 2039; x_wconf 79' lang='grc' dir='ltr'>ἐπάταξε</span> <span class='ocrx_word' id='word_1_444' title='bbox 2878 1974 2951 2029; x_wconf 84' lang='grc' dir='ltr'>τὰ</span> <span class='ocrx_word' id='word_1_445' title='bbox 2975 1975 3322 2043; x_wconf 81' lang='grc' dir='ltr'><strong>πρωτότοκα</strong></span> <span class='ocrx_word' id='word_1_446' title='bbox 3348 1975 3672 2044; x_wconf 76' lang='grc' dir='ltr'>Αίγύπτου.</span> 
     </span>
    </p>
   </div>
   <div class='ocr_carea' id='block_1_62' title="bbox 2364 2064 3865 2139">
    <p class='ocr_par' dir='ltr' id='par_1_62' title="bbox 2364 2064 3865 2139">
     <span class='ocr_line' id='line_1_62' title="bbox 2364 2064 3865 2139; baseline 0.001 -19"><span class='ocrx_word' id='word_1_447' title='bbox 2364 2066 2581 2138; x_wconf 84' lang='grc' dir='ltr'><strong>Ἐπειδὴ</strong></span> <span class='ocrx_word' id='word_1_448' title='bbox 2631 2066 2689 2119; x_wconf 83' lang='grc' dir='ltr'>δὲ</span> <span class='ocrx_word' id='word_1_449' title='bbox 2738 2065 2807 2118; x_wconf 84' lang='grc' dir='ltr'>τὰ</span> <span class='ocrx_word' id='word_1_450' title='bbox 2863 2064 3092 2119; x_wconf 82' lang='grc' dir='ltr'>καθόλου</span> <span class='ocrx_word' id='word_1_451' title='bbox 3140 2066 3235 2120; x_wconf 71' lang='grc' dir='ltr'>καὶ</span> <span class='ocrx_word' id='word_1_452' title='bbox 3272 2065 3501 2139; x_wconf 82' lang='grc' dir='ltr'>οὒράνιά</span> <span class='ocrx_word' id='word_1_453' title='bbox 3542 2065 3672 2135; x_wconf 83' lang='grc' dir='ltr'>φασί</span> <span class='ocrx_word' id='word_1_454' title='bbox 3715 2082 3865 2132; x_wconf 83' lang='grc' dir='ltr'>τινες</span> 
     </span>
    </p>
   </div>
   <div class='ocr_carea' id='block_1_63' title="bbox 2280 2158 3865 2233">
    <p class='ocr_par' dir='ltr' id='par_1_63' title="bbox 2280 2158 3865 2233">
     <span class='ocr_line' id='line_1_63' title="bbox 2280 2158 3865 2233; baseline -0.001 -19"><span class='ocrx_word' id='word_1_455' title='bbox 2280 2160 2509 2233; x_wconf 79' lang='grc' dir='ltr'>προνοίᾳ</span> <span class='ocrx_word' id='word_1_456' title='bbox 2541 2159 2859 2214; x_wconf 86' lang='grc' dir='ltr'>διοικεῖσθαι</span> <span class='ocrx_word' id='word_1_457' title='bbox 2894 2161 3031 2233; x_wconf 82' lang='grc' dir='ltr'>μόνῃ</span> <span class='ocrx_word' id='word_1_458' title='bbox 3065 2158 3221 2225; x_wconf 80' lang='grc' dir='ltr'>Θεοῦ,</span> <span class='ocrx_word' id='word_1_459' title='bbox 3274 2159 3543 2213; x_wconf 88' lang='grc' dir='ltr'>δείκνυσιν</span> <span class='ocrx_word' id='word_1_460' title='bbox 3583 2159 3659 2224; x_wconf 85' lang='grc' dir='ltr'><strong>ὡς</strong></span> <span class='ocrx_word' id='word_1_461' title='bbox 3706 2159 3865 2230; x_wconf 83' lang='grc' dir='ltr'>μέλει</span> 
     </span>
    </p>
   </div>
   <div class='ocr_carea' id='block_1_64' title="bbox 2280 2250 3865 2326">
    <p class='ocr_par' dir='ltr' id='par_1_64' title="bbox 2280 2250 3865 2326">
     <span class='ocr_line' id='line_1_64' title="bbox 2280 2250 3865 2326; baseline -0.002 -20"><span class='ocrx_word' id='word_1_462' title='bbox 2280 2253 2374 2307; x_wconf 76' lang='grc' dir='ltr'><strong>καὶ</strong></span> <span class='ocrx_word' id='word_1_463' title='bbox 2419 2253 2527 2306; x_wconf 81' lang='grc' dir='ltr'><strong>τῶν</strong></span> <span class='ocrx_word' id='word_1_464' title='bbox 2579 2252 2935 2326; x_wconf 84' lang='grc' dir='ltr'>ἀνθρωπίνων</span> <span class='ocrx_word' id='word_1_465' title='bbox 2979 2250 3149 2323; x_wconf 79' lang='grc' dir='ltr'>αὐτῷ,</span> <span class='ocrx_word' id='word_1_466' title='bbox 3201 2253 3296 2306; x_wconf 74' lang='grc' dir='ltr'><strong>καὶ</strong></span> <span class='ocrx_word' id='word_1_467' title='bbox 3346 2251 3441 2307; x_wconf 84' lang='grc' dir='ltr'>νῦν</span> <span class='ocrx_word' id='word_1_468' title='bbox 3473 2252 3599 2315; x_wconf 77' lang='grc' dir='ltr'>τοὺς</span> <span class='ocrx_word' id='word_1_469' title='bbox 3642 2251 3865 2315; x_wconf 84' lang='grc' dir='ltr'>ἀσεϐεῖς</span> 
     </span>
    </p>
   </div>
   <div class='ocr_carea' id='block_1_65' title="bbox 2279 2341 3858 2415">
    <p class='ocr_par' dir='ltr' id='par_1_65' title="bbox 2279 2341 3858 2415">
     <span class='ocr_line' id='line_1_65' title="bbox 2279 2341 3858 2415; baseline -0.001 -16"><span class='ocrx_word' id='word_1_470' title='bbox 2279 2344 2560 2409; x_wconf 73' lang='grc' dir='ltr'>κολάζοντι</span> <span class='ocrx_word' id='word_1_471' title='bbox 2611 2345 2705 2399; x_wconf 78' lang='grc' dir='ltr'><strong>καὶ</strong></span> <span class='ocrx_word' id='word_1_472' title='bbox 2746 2342 2856 2397; x_wconf 82' lang='grc' dir='ltr'><strong>τῶν</strong></span> <span class='ocrx_word' id='word_1_473' title='bbox 2905 2341 3144 2397; x_wconf 81' lang='grc' dir='ltr'>εὐσεϐῶν</span> <span class='ocrx_word' id='word_1_474' title='bbox 3185 2344 3539 2415; x_wconf 77' lang='grc' dir='ltr'>οἰκειουμένῳ</span> <span class='ocrx_word' id='word_1_475' title='bbox 3575 2343 3638 2396; x_wconf 82' lang='grc' dir='ltr'><strong>τὸ</strong></span> <span class='ocrx_word' id='word_1_476' title='bbox 3675 2343 3858 2411; x_wconf 79' lang='grc' dir='ltr'>γένος.</span> 
     </span>
    </p>
   </div>
   <div class='ocr_carea' id='block_1_66' title="bbox 2293 2432 3861 2509">
    <p class='ocr_par' dir='ltr' id='par_1_66' title="bbox 2293 2432 3861 2509">
     <span class='ocr_line' id='line_1_66' title="bbox 2293 2432 3861 2509; baseline -0.001 -19"><span class='ocrx_word' id='word_1_477' title='bbox 2293 2437 2451 2491; x_wconf 85' lang='grc' dir='ltr'>Ἀλλὰ</span> <span class='ocrx_word' id='word_1_478' title='bbox 2483 2436 2651 2491; x_wconf 83' lang='grc' dir='ltr'>πάλαι</span> <span class='ocrx_word' id='word_1_479' title='bbox 2681 2437 2780 2508; x_wconf 86' lang='grc' dir='ltr'><strong>μὲν</strong></span> <span class='ocrx_word' id='word_1_480' title='bbox 2811 2432 2880 2508; x_wconf 77' lang='grc' dir='ltr'>ἦν</span> <span class='ocrx_word' id='word_1_481' title='bbox 2915 2437 3073 2507; x_wconf 77' lang='grc' dir='ltr'>μερὶς</span> <span class='ocrx_word' id='word_1_482' title='bbox 3106 2436 3331 2509; x_wconf 83' lang='grc' dir='ltr'>Κυρίου,</span> <span class='ocrx_word' id='word_1_483' title='bbox 3366 2436 3565 2507; x_wconf 83' lang='grc' dir='ltr'>δηλαδὴ</span> <span class='ocrx_word' id='word_1_484' title='bbox 3592 2435 3685 2489; x_wconf 83' lang='grc' dir='ltr'>τοῦ</span> <span class='ocrx_word' id='word_1_485' title='bbox 3720 2434 3861 2489; x_wconf 77' lang='grc' dir='ltr'>Θεοῦ</span> 
     </span>
    </p>
   </div>
   <div class='ocr_carea' id='block_1_67' title="bbox 2276 2528 3868 2601">
    <p class='ocr_par' dir='ltr' id='par_1_67' title="bbox 2276 2528 3868 2601">
     <span class='ocr_line' id='line_1_67' title="bbox 2276 2528 3868 2601; baseline -0.003 -16"><span class='ocrx_word' id='word_1_486' title='bbox 2276 2531 2474 2600; x_wconf 87' lang='grc' dir='ltr'>Λόγου,</span> <span class='ocrx_word' id='word_1_487' title='bbox 2507 2530 2635 2594; x_wconf 83' lang='grc' dir='ltr'>λαὸς</span> <span class='ocrx_word' id='word_1_488' title='bbox 2681 2529 2844 2583; x_wconf 74' lang='grc' dir='ltr'>αὐτοῦ</span> <span class='ocrx_word' id='word_1_489' title='bbox 2900 2528 3113 2594; x_wconf 86' lang='grc' dir='ltr'>Ἰακὼϐ,</span> <span class='ocrx_word' id='word_1_490' title='bbox 3162 2530 3449 2601; x_wconf 80' lang='grc' dir='ltr'>σχοίνισμα</span> <span class='ocrx_word' id='word_1_491' title='bbox 3495 2528 3868 2601; x_wconf 78' lang='grc' dir='ltr'>κληρονομίας</span> 
     </span>
    </p>
   </div>
   <div class='ocr_carea' id='block_1_68' title="bbox 2277 2621 3863 2695">
    <p class='ocr_par' dir='ltr' id='par_1_68' title="bbox 2277 2621 3863 2695">
     <span class='ocr_line' id='line_1_68' title="bbox 2277 2621 3863 2695; baseline 0 -19"><span class='ocrx_word' id='word_1_492' title='bbox 2277 2623 2442 2678; x_wconf 81' lang='grc' dir='ltr'>αὑτοῦ</span> <span class='ocrx_word' id='word_1_493' title='bbox 2493 2623 2749 2695; x_wconf 70' lang='grc' dir='ltr'>Ἰσραήλ*</span> <span class='ocrx_word' id='word_1_494' title='bbox 2797 2623 2985 2695; x_wconf 80' lang='grc' dir='ltr'>ἐπειδὴ</span> <span class='ocrx_word' id='word_1_495' title='bbox 3027 2621 3085 2676; x_wconf 84' lang='grc' dir='ltr'>δὲ</span> <span class='ocrx_word' id='word_1_496' title='bbox 3127 2621 3196 2675; x_wconf 85' lang='grc' dir='ltr'>δι’</span> <span class='ocrx_word' id='word_1_497' title='bbox 3236 2623 3303 2694; x_wconf 75' lang='grc' dir='ltr'>ἥν</span> <span class='ocrx_word' id='word_1_498' title='bbox 3348 2621 3572 2694; x_wconf 81' lang='grc' dir='ltr'>ἔδρασεν</span> <span class='ocrx_word' id='word_1_499' title='bbox 3599 2621 3863 2676; x_wconf 83' lang='grc' dir='ltr'>ἀσέϐειαν</span> 
     </span>
    </p>
   </div>
   <div class='ocr_carea' id='block_1_69' title="bbox 2277 2713 3869 2786">
    <p class='ocr_par' dir='ltr' id='par_1_69' title="bbox 2277 2713 3869 2786">
     <span class='ocr_line' id='line_1_69' title="bbox 2277 2713 3869 2786; baseline 0.001 -18"><span class='ocrx_word' id='word_1_500' title='bbox 2277 2716 2480 2778; x_wconf 79' lang='grc' dir='ltr'>ἐκεῖνος</span> <span class='ocrx_word' id='word_1_501' title='bbox 2520 2714 2895 2778; x_wconf 78' lang='grc' dir='ltr'>ἐκπέπτωκεν,</span> <span class='ocrx_word' id='word_1_502' title='bbox 2930 2713 3410 2786; x_wconf 77' lang='grc' dir='ltr'>ὲνανθρωπήσαντι</span> <span class='ocrx_word' id='word_1_503' title='bbox 3452 2714 3721 2768; x_wconf 80' lang='grc' dir='ltr'>λέλεκται’</span> <span class='ocrx_word' id='word_1_504' title='bbox 3754 2715 3869 2770; x_wconf 74' lang='grc' dir='ltr'><strong>Ατ-</strong></span> 
     </span>
    </p>
   </div>
   <div class='ocr_carea' id='block_1_70' title="bbox 2276 2802 3867 2874">
    <p class='ocr_par' dir='ltr' id='par_1_70' title="bbox 2276 2802 3867 2874">
     <span class='ocr_line' id='line_1_70' title="bbox 2276 2802 3867 2874; baseline -0.001 -15"><span class='ocrx_word' id='word_1_505' title='bbox 2276 2822 2453 2873; x_wconf 83' lang='grc' dir='ltr'>τησαι</span> <span class='ocrx_word' id='word_1_506' title='bbox 2487 2804 2621 2873; x_wconf 82' lang='grc' dir='ltr'>παρ’</span> <span class='ocrx_word' id='word_1_507' title='bbox 2645 2805 2812 2874; x_wconf 86' lang='grc' dir='ltr'>ἐμοῦ,</span> <span class='ocrx_word' id='word_1_508' title='bbox 2862 2803 2962 2858; x_wconf 76' lang='grc' dir='ltr'>καὶ</span> <span class='ocrx_word' id='word_1_509' title='bbox 2986 2802 3157 2858; x_wconf 83' lang='grc' dir='ltr'>δώσω</span> <span class='ocrx_word' id='word_1_510' title='bbox 3183 2820 3279 2857; x_wconf 84' lang='grc' dir='ltr'><strong>σοι</strong></span> <span class='ocrx_word' id='word_1_511' title='bbox 3311 2804 3457 2872; x_wconf 71' lang='grc' dir='ltr'>ἔθνη</span> <span class='ocrx_word' id='word_1_512' title='bbox 3490 2803 3606 2872; x_wconf 77' lang='grc' dir='ltr'><strong>τὴν</strong></span> <span class='ocrx_word' id='word_1_513' title='bbox 3637 2807 3867 2873; x_wconf 73' lang='grc' dir='ltr'>κληρο·</span> 
     </span>
    </p>
   </div>
   <div class='ocr_carea' id='block_1_71' title="bbox 2274 2894 2661 2963">
    <p class='ocr_par' dir='ltr' id='par_1_71' title="bbox 2274 2894 2661 2963">
     <span class='ocr_line' id='line_1_71' title="bbox 2274 2894 2661 2963; baseline -0.003 -15"><span class='ocrx_word' id='word_1_514' title='bbox 2274 2894 2491 2963; x_wconf 77' lang='grc' dir='ltr'>νομίιιν</span> <span class='ocrx_word' id='word_1_515' title='bbox 2522 2908 2661 2947; x_wconf 85' lang='grc' dir='ltr'>σου.</span> 
     </span>
    </p>
   </div>
   <div class='ocr_carea' id='block_1_72' title="bbox 2484 2984 3642 3055">
    <p class='ocr_par' dir='ltr' id='par_1_72' title="bbox 2484 2984 3642 3055">
     <span class='ocr_line' id='line_1_72' title="bbox 2484 2984 3642 3055; baseline -0.001 -15"><span class='ocrx_word' id='word_1_516' title='bbox 2484 2987 2683 3054; x_wconf 82' lang='grc' dir='ltr'>Κύριε,</span> <span class='ocrx_word' id='word_1_517' title='bbox 2716 2985 2783 3040; x_wconf 83' lang='grc' dir='ltr'>τὸ</span> <span class='ocrx_word' id='word_1_518' title='bbox 2817 2984 3004 3055; x_wconf 75' lang='grc' dir='ltr'>ὄνομά</span> <span class='ocrx_word' id='word_1_519' title='bbox 3024 2997 3151 3043; x_wconf 88' lang='grc' dir='ltr'>,σου</span> <span class='ocrx_word' id='word_1_520' title='bbox 3182 2986 3271 3052; x_wconf 81' lang='grc' dir='ltr'>εὶς</span> <span class='ocrx_word' id='word_1_521' title='bbox 3304 2984 3410 3039; x_wconf 77' lang='grc' dir='ltr'><strong>τὸν</strong></span> <span class='ocrx_word' id='word_1_522' title='bbox 3436 2985 3642 3039; x_wconf 72' lang='grc' dir='ltr'><strong>αἰῶνα.</strong></span> 
     </span>
    </p>
   </div>
   <div class='ocr_carea' id='block_1_73' title="bbox 2347 3077 3864 3150">
    <p class='ocr_par' dir='ltr' id='par_1_73' title="bbox 2347 3077 3864 3150">
     <span class='ocr_line' id='line_1_73' title="bbox 2347 3077 3864 3150; baseline 0.001 -18"><span class='ocrx_word' id='word_1_523' title='bbox 2347 3078 2510 3132; x_wconf 77' lang='grc' dir='ltr'>Οὐδὲν</span> <span class='ocrx_word' id='word_1_524' title='bbox 2542 3078 2684 3132; x_wconf 75' lang='grc' dir='ltr'>οὕτω</span> <span class='ocrx_word' id='word_1_525' title='bbox 2706 3080 2806 3150; x_wconf 85' lang='grc' dir='ltr'>τῆς</span> <span class='ocrx_word' id='word_1_526' title='bbox 2828 3077 2979 3150; x_wconf 78' lang='grc' dir='ltr'>θείας</span> <span class='ocrx_word' id='word_1_527' title='bbox 3003 3077 3288 3149; x_wconf 85' lang='grc' dir='ltr'>Προνοίας,</span> <span class='ocrx_word' id='word_1_528' title='bbox 3310 3077 3386 3138; x_wconf 86' lang='grc' dir='ltr'>ὡς</span> <span class='ocrx_word' id='word_1_529' title='bbox 3411 3078 3473 3132; x_wconf 82' lang='grc' dir='ltr'><strong>τὸ</strong></span> <span class='ocrx_word' id='word_1_530' title='bbox 3494 3078 3699 3143; x_wconf 83' lang='grc' dir='ltr'><strong>διδάξαι</strong></span> <span class='ocrx_word' id='word_1_531' title='bbox 3730 3080 3864 3143; x_wconf 79' lang='grc' dir='ltr'>τοὺς</span> 
     </span>
    </p>
   </div>
   <div class='ocr_carea' id='block_1_74' title="bbox 2274 3146 3861 3242">
    <p class='ocr_par' dir='ltr' id='par_1_74' title="bbox 2274 3146 3861 3242">
     <span class='ocr_line' id='line_1_74' title="bbox 2274 3146 3861 3242; baseline -0.001 -18"><span class='ocrx_word' id='word_1_532' title='bbox 2274 3170 2595 3242; x_wconf 81' lang='grc' dir='ltr'>ἀνθρώπους</span> <span class='ocrx_word' id='word_1_533' title='bbox 2631 3169 2707 3241; x_wconf 80' lang='grc' dir='ltr'>μὴ</span> <span class='ocrx_word' id='word_1_534' title='bbox 2749 3146 3210 3226; x_wconf 36' lang='grc' dir='ltr'>ἀδέσποτον-εἷναι</span> <span class='ocrx_word' id='word_1_535' title='bbox 3244 3171 3307 3224; x_wconf 83' lang='grc' dir='ltr'><strong>τὸ</strong></span> <span class='ocrx_word' id='word_1_536' title='bbox 3349 3171 3457 3223; x_wconf 84' lang='grc' dir='ltr'><strong>πᾶν</strong></span> <span class='ocrx_word' id='word_1_537' title='bbox 3476 3186 3489 3200; x_wconf 91' lang='grc'><strong>·</strong></span> <span class='ocrx_word' id='word_1_538' title='bbox 3534 3170 3653 3222; x_wconf 80' lang='grc' dir='ltr'>ὅθεν</span> <span class='ocrx_word' id='word_1_539' title='bbox 3679 3171 3775 3223; x_wconf 79' lang='grc' dir='ltr'>καὶ</span> <span class='ocrx_word' id='word_1_540' title='bbox 3824 3173 3861 3241; x_wconf 83' lang='grc' dir='ltr'><strong>ή</strong></span> 
     </span>
    </p>
   </div>
   <div class='ocr_carea' id='block_1_75' title="bbox 2277 3254 3867 3335">
    <p class='ocr_par' dir='ltr' id='par_1_75' title="bbox 2277 3254 3867 3335">
     <span class='ocr_line' id='line_1_75' title="bbox 2277 3254 3867 3335; baseline 0 -19"><span class='ocrx_word' id='word_1_541' title='bbox 2277 3262 2532 3333; x_wconf 83' lang='grc' dir='ltr'>διηνεκὴς</span> <span class='ocrx_word' id='word_1_542' title='bbox 2560 3261 2727 3316; x_wconf 80' lang='grc' dir='ltr'>αὐτοῦ</span> <span class='ocrx_word' id='word_1_543' title='bbox 2779 3264 2965 3335; x_wconf 85' lang='grc' dir='ltr'>μνήμη</span> <span class='ocrx_word' id='word_1_544' title='bbox 3009 3261 3316 3334; x_wconf 80' lang='grc' dir='ltr'>καθέστηκε</span> <span class='ocrx_word' id='word_1_545' title='bbox 3347 3262 3475 3333; x_wconf 81' lang='grc' dir='ltr'>παρ’</span> <span class='ocrx_word' id='word_1_546' title='bbox 3511 3263 3662 3332; x_wconf 81' lang='grc' dir='ltr'>ἡμῖν,</span> <span class='ocrx_word' id='word_1_547' title='bbox 3694 3254 3756 3315; x_wconf 76' lang='grc' dir='ltr'>οὗ</span> <span class='ocrx_word' id='word_1_548' title='bbox 3797 3263 3867 3316; x_wconf 77' lang='grc' dir='ltr'>τὺ</span> 
     </span>
    </p>
   </div>
   <div class='ocr_carea' id='block_1_76' title="bbox 2281 3354 3864 3428">
    <p class='ocr_par' dir='ltr' id='par_1_76' title="bbox 2281 3354 3864 3428">
     <span class='ocr_line' id='line_1_76' title="bbox 2281 3354 3864 3428; baseline 0 -19"><span class='ocrx_word' id='word_1_549' title='bbox 2281 3355 2512 3427; x_wconf 87' lang='grc' dir='ltr'>μέγεθος</span> <span class='ocrx_word' id='word_1_550' title='bbox 2560 3355 2649 3409; x_wconf 85' lang='grc' dir='ltr'>διὰ</span> <span class='ocrx_word' id='word_1_551' title='bbox 2693 3356 2804 3408; x_wconf 85' lang='grc' dir='ltr'>τῶν</span> <span class='ocrx_word' id='word_1_552' title='bbox 2857 3355 3237 3428; x_wconf 89' lang='grc' dir='ltr'>προλαϐόντων</span> <span class='ocrx_word' id='word_1_553' title='bbox 3285 3357 3334 3409; x_wconf 80' lang='grc' dir='ltr'>οἱ</span> <span class='ocrx_word' id='word_1_554' title='bbox 3372 3354 3547 3408; x_wconf 79' lang='grc' dir='ltr'>δοῦλοι</span> <span class='ocrx_word' id='word_1_555' title='bbox 3592 3354 3864 3425; x_wconf 83' lang='grc' dir='ltr'>μαθόντες</span> 
     </span>
    </p>
   </div>
   <div class='ocr_carea' id='block_1_77' title="bbox 2276 3451 3863 3525">
    <p class='ocr_par' dir='ltr' id='par_1_77' title="bbox 2276 3451 3863 3525">
     <span class='ocr_line' id='line_1_77' title="bbox 2276 3451 3863 3525; baseline -0.004 -16"><span class='ocrx_word' id='word_1_556' title='bbox 2276 3455 2462 3520; x_wconf 80' lang='grc' dir='ltr'>αὑτοῦ,</span> <span class='ocrx_word' id='word_1_557' title='bbox 2496 3455 2566 3510; x_wconf 83' lang='grc' dir='ltr'>τὰ</span> <span class='ocrx_word' id='word_1_558' title='bbox 2595 3455 2837 3525; x_wconf 87' lang='grc' dir='ltr'>παρόντα</span> <span class='ocrx_word' id='word_1_559' title='bbox 2868 3453 3047 3523; x_wconf 86' lang='grc' dir='ltr'>λέγειν</span> <span class='ocrx_word' id='word_1_560' title='bbox 3074 3453 3416 3507; x_wconf 84' lang='grc' dir='ltr'>διδάσκονται</span> <span class='ocrx_word' id='word_1_561' title='bbox 3442 3452 3535 3505; x_wconf 83' lang='grc' dir='ltr'>καὶ</span> <span class='ocrx_word' id='word_1_562' title='bbox 3568 3451 3863 3524; x_wconf 74' lang='grc' dir='ltr'>παραθαρ-</span> 
     </span>
    </p>
   </div>
   <div class='ocr_carea' id='block_1_78' title="bbox 2280 3542 3864 3619">
    <p class='ocr_par' dir='ltr' id='par_1_78' title="bbox 2280 3542 3864 3619">
     <span class='ocr_line' id='line_1_78' title="bbox 2280 3542 3864 3619; baseline -0.002 -20"><span class='ocrx_word' id='word_1_563' title='bbox 2280 3546 2551 3619; x_wconf 77' lang='grc' dir='ltr'>ρύνονται,</span> <span class='ocrx_word' id='word_1_564' title='bbox 2592 3544 2851 3616; x_wconf 80' lang='grc' dir='ltr'>μαθόντες</span> <span class='ocrx_word' id='word_1_565' title='bbox 2886 3544 2961 3608; x_wconf 80' lang='grc' dir='ltr'>ὡς</span> <span class='ocrx_word' id='word_1_566' title='bbox 2988 3545 3074 3599; x_wconf 80' lang='grc' dir='ltr'><strong>ἐπ’</strong></span> <span class='ocrx_word' id='word_1_567' title='bbox 3103 3545 3288 3607; x_wconf 81' lang='grc' dir='ltr'>αὐτοῖς</span> <span class='ocrx_word' id='word_1_568' title='bbox 3320 3542 3864 3615; x_wconf 76' lang='grc' dir='ltr'>παρακληθήσονται,</span> 
     </span>
    </p>
   </div>
   <div class='ocr_carea' id='block_1_79' title="bbox 2277 3632 3861 3709">
    <p class='ocr_par' dir='ltr' id='par_1_79' title="bbox 2277 3632 3861 3709">
     <span class='ocr_line' id='line_1_79' title="bbox 2277 3632 3861 3709; baseline -0.002 -19"><span class='ocrx_word' id='word_1_569' title='bbox 2277 3638 2375 3708; x_wconf 84' lang='grc' dir='ltr'>τῆς</span> <span class='ocrx_word' id='word_1_570' title='bbox 2423 3638 2656 3709; x_wconf 80' lang='grc' dir='ltr'>κρίσεως</span> <span class='ocrx_word' id='word_1_571' title='bbox 2705 3635 3106 3705; x_wconf 84' lang='grc' dir='ltr'>ἀκολουθούσης</span> <span class='ocrx_word' id='word_1_572' title='bbox 3149 3638 3262 3699; x_wconf 85' lang='grc' dir='ltr'>τοῖς</span> <span class='ocrx_word' id='word_1_573' title='bbox 3307 3634 3512 3699; x_wconf 83' lang='grc' dir='ltr'>λοιποῖς</span> <span class='ocrx_word' id='word_1_574' title='bbox 3561 3632 3655 3687; x_wconf 79' lang='grc' dir='ltr'>τοῦ</span> <span class='ocrx_word' id='word_1_575' title='bbox 3699 3633 3861 3699; x_wconf 76' lang='grc' dir='ltr'>λαοῦ,</span> 
     </span>
    </p>
   </div>
   <div class='ocr_carea' id='block_1_80' title="bbox 2276 3726 3863 3799">
    <p class='ocr_par' dir='ltr' id='par_1_80' title="bbox 2276 3726 3863 3799">
     <span class='ocr_line' id='line_1_80' title="bbox 2276 3726 3863 3799; baseline -0.001 -18"><span class='ocrx_word' id='word_1_576' title='bbox 2276 3731 2387 3792; x_wconf 79' lang='grc' dir='ltr'>τοῖς</span> <span class='ocrx_word' id='word_1_577' title='bbox 2414 3729 2750 3798; x_wconf 75' lang='grc' dir='ltr'>ἐπεγνωκόσι</span> <span class='ocrx_word' id='word_1_578' title='bbox 2781 3729 2842 3781; x_wconf 83' lang='grc' dir='ltr'><strong>τὸ</strong></span> <span class='ocrx_word' id='word_1_579' title='bbox 2873 3728 3043 3799; x_wconf 77' lang='grc' dir='ltr'>ὄνομα</span> <span class='ocrx_word' id='word_1_580' title='bbox 3076 3728 3263 3791; x_wconf 84' lang='grc' dir='ltr'>αὐτοῦ,</span> <span class='ocrx_word' id='word_1_581' title='bbox 3298 3727 3393 3780; x_wconf 71' lang='grc' dir='ltr'>καὶ</span> <span class='ocrx_word' id='word_1_582' title='bbox 3418 3726 3479 3779; x_wconf 82' lang='grc' dir='ltr'><strong>τὸ</strong></span> <span class='ocrx_word' id='word_1_583' title='bbox 3512 3726 3863 3797; x_wconf 79' lang='grc' dir='ltr'>μνημόσυνον</span> 
     </span>
    </p>
   </div>
   <div class='ocr_carea' id='block_1_81' title="bbox 2276 3815 3859 3890">
    <p class='ocr_par' dir='ltr' id='par_1_81' title="bbox 2276 3815 3859 3890">
     <span class='ocr_line' id='line_1_81' title="bbox 2276 3815 3859 3890; baseline -0.002 -19"><span class='ocrx_word' id='word_1_584' title='bbox 2276 3818 2489 3890; x_wconf 72' lang='grc' dir='ltr'>ἔχουσιν</span> <span class='ocrx_word' id='word_1_585' title='bbox 2512 3835 2525 3848; x_wconf 71' lang='grc'><strong>⁸</strong></span> <span class='ocrx_word' id='word_1_586' title='bbox 2562 3819 2647 3871; x_wconf 81' lang='grc' dir='ltr'>ἐπ’</span> <span class='ocrx_word' id='word_1_587' title='bbox 2677 3818 2907 3882; x_wconf 77' lang='grc' dir='ltr'>ἐκείνοις</span> <span class='ocrx_word' id='word_1_588' title='bbox 2952 3817 3009 3871; x_wconf 84' lang='grc' dir='ltr'>δὲ</span> <span class='ocrx_word' id='word_1_589' title='bbox 3042 3818 3118 3880; x_wconf 87' lang='grc' dir='ltr'>ὠς</span> <span class='ocrx_word' id='word_1_590' title='bbox 3147 3816 3212 3871; x_wconf 83' lang='grc' dir='ltr'><strong>ἂν</strong></span> <span class='ocrx_word' id='word_1_591' title='bbox 3244 3818 3336 3870; x_wconf 74' lang='grc' dir='ltr'>ἐπὶ</span> <span class='ocrx_word' id='word_1_592' title='bbox 3367 3815 3572 3880; x_wconf 84' lang='grc' dir='ltr'>δούλοις</span> <span class='ocrx_word' id='word_1_593' title='bbox 3605 3815 3859 3887; x_wconf 84' lang='grc' dir='ltr'>συγγνώ-</span> 
     </span>
    </p>
   </div>
   <div class='ocr_carea' id='block_1_82' title="bbox 2278 3908 3215 3982">
    <p class='ocr_par' dir='ltr' id='par_1_82' title="bbox 2278 3908 3215 3982">
     <span class='ocr_line' id='line_1_82' title="bbox 2278 3908 3215 3982; baseline -0.002 -18"><span class='ocrx_word' id='word_1_594' title='bbox 2278 3928 2385 3982; x_wconf 87' lang='grc' dir='ltr'><strong>μης</strong></span> <span class='ocrx_word' id='word_1_595' title='bbox 2405 3908 2769 3980; x_wconf 81' lang='grc' dir='ltr'>ὲπιδεομένοις</span> <span class='ocrx_word' id='word_1_596' title='bbox 2797 3909 3215 3980; x_wconf 83' lang='grc' dir='ltr'>παρακαλεῖται.</span> 
     </span>
    </p>
   </div>
   <div class='ocr_carea' id='block_1_83' title="bbox 2352 3998 3782 4068">
    <p class='ocr_par' dir='ltr' id='par_1_83' title="bbox 2352 3998 3782 4068">
     <span class='ocr_line' id='line_1_83' title="bbox 2352 3998 3782 4068; baseline -0.003 -13"><span class='ocrx_word' id='word_1_597' title='bbox 2352 4000 2428 4055; x_wconf 82' lang='grc' dir='ltr'><strong>Τὰ</strong></span> <span class='ocrx_word' id='word_1_598' title='bbox 2456 4000 2676 4054; x_wconf 77' lang='grc' dir='ltr'>εἴδωλα</span> <span class='ocrx_word' id='word_1_599' title='bbox 2704 4000 2825 4054; x_wconf 77' lang='grc' dir='ltr'><strong>τῶν</strong></span> <span class='ocrx_word' id='word_1_600' title='bbox 2851 3998 3044 4054; x_wconf 73' lang='grc' dir='ltr'><strong>ἐθνῶν</strong></span> <span class='ocrx_word' id='word_1_601' title='bbox 3072 4000 3356 4068; x_wconf 73' lang='grc' dir='ltr'>ἀργύριον</span> <span class='ocrx_word' id='word_1_602' title='bbox 3381 3999 3481 4052; x_wconf 78' lang='grc' dir='ltr'>καὶ</span> <span class='ocrx_word' id='word_1_603' title='bbox 3506 3998 3782 4068; x_wconf 75' lang='grc' dir='ltr'>χρυσίον.</span> 
     </span>
    </p>
   </div>
   <div class='ocr_carea' id='block_1_84' title="bbox 2343 4090 3863 4165">
    <p class='ocr_par' dir='ltr' id='par_1_84' title="bbox 2343 4090 3863 4165">
     <span class='ocr_line' id='line_1_84' title="bbox 2343 4090 3863 4165; baseline -0.001 -21"><span class='ocrx_word' id='word_1_604' title='bbox 2343 4091 2673 4156; x_wconf 81' lang='grc' dir='ltr'>Συντελὲσας</span> <span class='ocrx_word' id='word_1_605' title='bbox 2703 4091 2802 4163; x_wconf 81' lang='grc' dir='ltr'><strong>τὴν</strong></span> <span class='ocrx_word' id='word_1_606' title='bbox 2833 4093 2961 4165; x_wconf 71' lang='grc' dir='ltr'>περὶ</span> <span class='ocrx_word' id='word_1_607' title='bbox 3004 4090 3099 4144; x_wconf 77' lang='grc' dir='ltr'>τοῦ</span> <span class='ocrx_word' id='word_1_608' title='bbox 3155 4091 3359 4164; x_wconf 83' lang='grc' dir='ltr'>Κυρίου</span> <span class='ocrx_word' id='word_1_609' title='bbox 3411 4090 3710 4159; x_wconf 86' lang='grc' dir='ltr'>θεολογίαν,</span> <span class='ocrx_word' id='word_1_610' title='bbox 3758 4090 3863 4143; x_wconf 75' lang='grc' dir='ltr'><strong>καὶ</strong></span> 
     </span>
    </p>
   </div>
   <div class='ocr_carea' id='block_1_85' title="bbox 2273 4178 3859 4254">
    <p class='ocr_par' dir='ltr' id='par_1_85' title="bbox 2273 4178 3859 4254">
     <span class='ocr_line' id='line_1_85' title="bbox 2273 4178 3859 4254; baseline -0.003 -19"><span class='ocrx_word' id='word_1_611' title='bbox 2273 4183 2371 4253; x_wconf 77' lang='grc' dir='ltr'>τῆς</span> <span class='ocrx_word' id='word_1_612' title='bbox 2419 4182 2675 4254; x_wconf 80' lang='grc' dir='ltr'>προνοίας</span> <span class='ocrx_word' id='word_1_613' title='bbox 2722 4181 2886 4236; x_wconf 82' lang='grc' dir='ltr'>αὑτοῦ</span> <span class='ocrx_word' id='word_1_614' title='bbox 2929 4181 3030 4245; x_wconf 83' lang='grc' dir='ltr'>τὰς</span> <span class='ocrx_word' id='word_1_615' title='bbox 3083 4181 3482 4253; x_wconf 85' lang='grc' dir='ltr'>μεγαλουργίας</span> <span class='ocrx_word' id='word_1_616' title='bbox 3530 4178 3859 4244; x_wconf 84' lang='grc' dir='ltr'>καταλέξας,</span> 
     </span>
    </p>
   </div>
   <div class='ocr_carea' id='block_1_86' title="bbox 2274 4269 3862 4344">
    <p class='ocr_par' dir='ltr' id='par_1_86' title="bbox 2274 4269 3862 4344">
     <span class='ocr_line' id='line_1_86' title="bbox 2274 4269 3862 4344; baseline -0.003 -18"><span class='ocrx_word' id='word_1_617' title='bbox 2274 4275 2348 4338; x_wconf 82' lang='grc' dir='ltr'>ὡς</span> <span class='ocrx_word' id='word_1_618' title='bbox 2384 4273 2462 4327; x_wconf 76' lang='grc' dir='ltr'><strong>ἔτι</strong></span> <span class='ocrx_word' id='word_1_619' title='bbox 2496 4271 2701 4336; x_wconf 87' lang='grc' dir='ltr'>δούλοις</span> <span class='ocrx_word' id='word_1_620' title='bbox 2736 4272 2942 4344; x_wconf 83' lang='grc' dir='ltr'>ὁμιλῶν</span> <span class='ocrx_word' id='word_1_621' title='bbox 2972 4275 3085 4333; x_wconf 81' lang='grc' dir='ltr'>τοῖς</span> <span class='ocrx_word' id='word_1_622' title='bbox 3119 4275 3183 4325; x_wconf 78' lang='grc' dir='ltr'><strong>ἐκ</strong></span> <span class='ocrx_word' id='word_1_623' title='bbox 3216 4273 3313 4341; x_wconf 83' lang='grc' dir='ltr'>τῆς</span> <span class='ocrx_word' id='word_1_624' title='bbox 3350 4270 3614 4324; x_wconf 85' lang='grc' dir='ltr'>πολυθέου</span> <span class='ocrx_word' id='word_1_625' title='bbox 3648 4269 3862 4340; x_wconf 81' lang='grc' dir='ltr'>πλάνης</span> 
     </span>
    </p>
   </div>
   <div class='ocr_carea' id='block_1_87' title="bbox 2272 4361 3859 4437">
    <p class='ocr_par' dir='ltr' id='par_1_87' title="bbox 2272 4361 3859 4437">
     <span class='ocr_line' id='line_1_87' title="bbox 2272 4361 3859 4437; baseline -0.006 -17"><span class='ocrx_word' id='word_1_626' title='bbox 2272 4368 2397 4437; x_wconf 83' lang='grc' dir='ltr'>ἄρτι</span> <span class='ocrx_word' id='word_1_627' title='bbox 2423 4363 2902 4437; x_wconf 81' lang='grc' dir='ltr'>προσεληλυθόσιν,</span> <span class='ocrx_word' id='word_1_628' title='bbox 2926 4363 3384 4435; x_wconf 83' lang='grc' dir='ltr'>ἁντιπαραϐάλλει</span> <span class='ocrx_word' id='word_1_629' title='bbox 3400 4362 3508 4415; x_wconf 87' lang='grc' dir='ltr'><strong>τῶν</strong></span> <span class='ocrx_word' id='word_1_630' title='bbox 3531 4361 3695 4415; x_wconf 84' lang='grc' dir='ltr'>πάλαι</span> <span class='ocrx_word' id='word_1_631' title='bbox 3724 4361 3859 4431; x_wconf 85' lang='grc' dir='ltr'>παρ’</span> 
     </span>
    </p>
   </div>
   <div class='ocr_carea' id='block_1_88' title="bbox 2275 4450 3862 4529">
    <p class='ocr_par' dir='ltr' id='par_1_88' title="bbox 2275 4450 3862 4529">
     <span class='ocr_line' id='line_1_88' title="bbox 2275 4450 3862 4529; baseline -0.006 -17"><span class='ocrx_word' id='word_1_632' title='bbox 2275 4460 2456 4522; x_wconf 78' lang='grc' dir='ltr'>αὐτοῖς</span> <span class='ocrx_word' id='word_1_633' title='bbox 2498 4457 2899 4529; x_wconf 83' lang='grc' dir='ltr'>νενομισμένων</span> <span class='ocrx_word' id='word_1_634' title='bbox 2938 4456 3074 4511; x_wconf 85' lang='grc' dir='ltr'>θεῶν</span> <span class='ocrx_word' id='word_1_635' title='bbox 3124 4456 3215 4509; x_wconf 79' lang='grc' dir='ltr'><strong>τὸν</strong></span> <span class='ocrx_word' id='word_1_636' title='bbox 3270 4454 3508 4525; x_wconf 76' lang='grc' dir='ltr'>ἔλεγχον,</span> <span class='ocrx_word' id='word_1_637' title='bbox 3548 4450 3862 4514; x_wconf 82' lang='grc' dir='ltr'>ἀκολούθως</span> 
     </span>
    </p>
   </div>
   <div class='ocr_carea' id='block_1_89' title="bbox 585 4544 2176 4631">
    <p class='ocr_par' dir='ltr' id='par_1_89' title="bbox 585 4553 2166 4631">
     <span class='ocr_line' id='line_1_89' title="bbox 585 4553 2166 4631; baseline 0.005 -23"><span class='ocrx_word' id='word_1_638' title='bbox 585 4554 843 4608; x_wconf 90' lang='lat' dir='ltr'><strong>nimirum</strong></span> <span class='ocrx_word' id='word_1_639' title='bbox 893 4553 978 4609; x_wconf 90' lang='lat' dir='ltr'><strong>his</strong></span> <span class='ocrx_word' id='word_1_640' title='bbox 1026 4570 1147 4623; x_wconf 69' lang='lat' dir='ltr'><strong>qua:</strong></span> <span class='ocrx_word' id='word_1_641' title='bbox 1191 4570 1356 4626; x_wconf 87' lang='lat' dir='ltr'><strong>supra</strong></span> <span class='ocrx_word' id='word_1_642' title='bbox 1404 4558 1638 4622; x_wconf 82' lang='lat' dir='ltr'><strong>dixerat,</strong></span> <span class='ocrx_word' id='word_1_643' title='bbox 1689 4575 1897 4628; x_wconf 74' lang='lat' dir='ltr'><strong>netupr,</strong></span> <span class='ocrx_word' id='word_1_644' title='bbox 1939 4558 2049 4631; x_wconf 87' lang='lat' dir='ltr'><strong>Ego</strong></span> <span class='ocrx_word' id='word_1_645' title='bbox 2078 4579 2166 4615; x_wconf 89' lang='lat' dir='ltr'><strong>co-</strong></span> 
     </span>
    </p>
   </div>
   <div class='ocr_carea' id='block_1_90' title="bbox 2277 4544 3864 4631">
    <p class='ocr_par' dir='ltr' id='par_1_90' title="bbox 2277 4544 3864 4625">
     <span class='ocr_line' id='line_1_90' title="bbox 2277 4544 3864 4625; baseline -0.008 -17"><span class='ocrx_word' id='word_1_646' title='bbox 2277 4548 2351 4618; x_wconf 75' lang='grc' dir='ltr'>οἷς</span> <span class='ocrx_word' id='word_1_647' title='bbox 2403 4551 2660 4625; x_wconf 79' lang='grc' dir='ltr'>ἀνωτέρω</span> <span class='ocrx_word' id='word_1_648' title='bbox 2690 4553 2902 4623; x_wconf 76' lang='grc' dir='ltr'>εἰρήκει</span> <span class='ocrx_word' id='word_1_649' title='bbox 2921 4569 2934 4583; x_wconf 70' lang='grc'><strong><em>⁸</em></strong></span> <span class='ocrx_word' id='word_1_650' title='bbox 2966 4552 3068 4617; x_wconf 86' lang='grc' dir='ltr'>ὅτι,</span> <span class='ocrx_word' id='word_1_651' title='bbox 3135 4547 3283 4620; x_wconf 81' lang='grc' dir='ltr'>Ἐγὼ</span> <span class='ocrx_word' id='word_1_652' title='bbox 3311 4547 3542 4617; x_wconf 69' lang='grc' dir='ltr'>ἔγνωκα</span> <span class='ocrx_word' id='word_1_653' title='bbox 3561 4547 3649 4598; x_wconf 81' lang='grc' dir='ltr'>ὅτι</span> <span class='ocrx_word' id='word_1_654' title='bbox 3672 4544 3864 4615; x_wconf 78' lang='grc' dir='ltr'>μέγας</span> 
     </span>
    </p>
   </div>
   <div class='ocr_carea' id='block_1_91' title="bbox 584 4646 2175 4717">
    <p class='ocr_par' dir='ltr' id='par_1_91' title="bbox 584 4646 2175 4717">
     <span class='ocr_line' id='line_1_91' title="bbox 584 4646 2175 4717; baseline 0.004 -18"><span class='ocrx_word' id='word_1_655' title='bbox 584 4646 742 4716; x_wconf 83' lang='lat' dir='ltr'><strong>gnovi</strong></span> <span class='ocrx_word' id='word_1_656' title='bbox 773 4646 912 4717; x_wconf 88' lang='lat' dir='ltr'><strong>quod</strong></span> <span class='ocrx_word' id='word_1_657' title='bbox 950 4662 1172 4715; x_wconf 81' lang='lat' dir='ltr'><strong>magnus</strong></span> <span class='ocrx_word' id='word_1_658' title='bbox 1204 4658 1280 4702; x_wconf 80' lang='lat' dir='ltr'><strong>est</strong></span> <span class='ocrx_word' id='word_1_659' title='bbox 1307 4648 1587 4707; x_wconf 76' lang='lat' dir='ltr'><strong>Dominus.</strong></span> <span class='ocrx_word' id='word_1_660' title='bbox 1620 4649 1685 4704; x_wconf 84' lang='lat' dir='ltr'><strong>Et</strong></span> <span class='ocrx_word' id='word_1_661' title='bbox 1719 4650 1972 4706; x_wconf 80' lang='lat' dir='ltr'><strong>Dominus</strong></span> <span class='ocrx_word' id='word_1_662' title='bbox 2000 4663 2175 4708; x_wconf 77' lang='lat' dir='ltr'><strong>noster</strong></span> 
     </span>
    </p>
   </div>
   <div class='ocr_carea' id='block_1_92' title="bbox 582 4738 2172 4807">
    <p class='ocr_par' dir='ltr' id='par_1_92' title="bbox 582 4738 2172 4807">
     <span class='ocr_line' id='line_1_92' title="bbox 582 4738 2172 4807; baseline 0.005 -17"><span class='ocrx_word' id='word_1_663' title='bbox 582 4754 747 4807; x_wconf 86' lang='lat' dir='ltr'><strong>supra</strong></span> <span class='ocrx_word' id='word_1_664' title='bbox 803 4754 982 4792; x_wconf 81' lang='lat' dir='ltr'><strong>omnes</strong></span> <span class='ocrx_word' id='word_1_665' title='bbox 1026 4738 1149 4792; x_wconf 86' lang='lat' dir='ltr'><strong>deos</strong></span> <span class='ocrx_word' id='word_1_666' title='bbox 1177 4739 1245 4796; x_wconf 69' lang='grc' dir='ltr'><strong>⁸ο.</strong></span> <span class='ocrx_word' id='word_1_667' title='bbox 1305 4738 1563 4793; x_wconf 91' lang='lat' dir='ltr'><strong>Dominus</strong></span> <span class='ocrx_word' id='word_1_668' title='bbox 1599 4754 1784 4797; x_wconf 80' lang='lat' dir='ltr'><strong>nOSter</strong></span> <span class='ocrx_word' id='word_1_669' title='bbox 1832 4744 1947 4799; x_wconf 71' lang='lat' dir='ltr'><strong>ha-c</strong></span> <span class='ocrx_word' id='word_1_670' title='bbox 1985 4754 2040 4799; x_wconf 91' lang='lat' dir='ltr'><strong>et</strong></span> <span class='ocrx_word' id='word_1_671' title='bbox 2084 4745 2172 4800; x_wconf 84' lang='lat' dir='ltr'><strong>illa</strong></span> 
     </span>
    </p>
   </div>
   <div class='ocr_carea' id='block_1_93' title="bbox 584 4826 2171 4900">
    <p class='ocr_par' dir='ltr' id='par_1_93' title="bbox 584 4826 2171 4900">
     <span class='ocr_line' id='line_1_93' title="bbox 584 4826 2171 4900; baseline 0.005 -18"><span class='ocrx_word' id='word_1_672' title='bbox 584 4826 739 4893; x_wconf 68' lang='lat' dir='ltr'><strong>fecit,</strong></span> <span class='ocrx_word' id='word_1_673' title='bbox 777 4838 887 4884; x_wconf 90' lang='lat' dir='ltr'><strong>tum</strong></span> <span class='ocrx_word' id='word_1_674' title='bbox 922 4830 1222 4884; x_wconf 88' lang='lat' dir='ltr'><strong>universim</strong></span> <span class='ocrx_word' id='word_1_675' title='bbox 1253 4838 1368 4884; x_wconf 89' lang='lat' dir='ltr'><strong>tum</strong></span> <span class='ocrx_word' id='word_1_676' title='bbox 1392 4831 1554 4886; x_wconf 84' lang='lat' dir='ltr'><strong>etiam</strong></span> <span class='ocrx_word' id='word_1_677' title='bbox 1587 4833 1887 4900; x_wconf 86' lang='lat' dir='ltr'><strong>partiatim.</strong></span> <span class='ocrx_word' id='word_1_678' title='bbox 1917 4833 2171 4891; x_wconf 80' lang='lat' dir='ltr'><strong>Gentium</strong></span> 
     </span>
    </p>
   </div>
   <div class='ocr_carea' id='block_1_94' title="bbox 584 4920 2168 4994">
    <p class='ocr_par' dir='ltr' id='par_1_94' title="bbox 584 4920 2168 4994">
     <span class='ocr_line' id='line_1_94' title="bbox 584 4920 2168 4994; baseline 0.007 -23"><span class='ocrx_word' id='word_1_679' title='bbox 584 4930 766 4974; x_wconf 85' lang='lat' dir='ltr'><strong>autem</strong></span> <span class='ocrx_word' id='word_1_680' title='bbox 805 4920 899 4983; x_wconf 88' lang='lat' dir='ltr'><strong>dii,</strong></span> <span class='ocrx_word' id='word_1_681' title='bbox 943 4920 1140 4989; x_wconf 88' lang='lat' dir='ltr'><strong>quibus</strong></span> <span class='ocrx_word' id='word_1_682' title='bbox 1171 4936 1269 4977; x_wconf 90' lang='lat' dir='ltr'><strong>vos</strong></span> <span class='ocrx_word' id='word_1_683' title='bbox 1306 4937 1522 4991; x_wconf 87' lang='lat' dir='ltr'><strong>quoque</strong></span> <span class='ocrx_word' id='word_1_684' title='bbox 1549 4923 1763 4994; x_wconf 87' lang='lat' dir='ltr'><strong>decepti</strong></span> <span class='ocrx_word' id='word_1_685' title='bbox 1790 4939 1978 4980; x_wconf 84' lang='lat' dir='ltr'><strong>errore</strong></span> <span class='ocrx_word' id='word_1_686' title='bbox 2008 4936 2168 4982; x_wconf 87' lang='lat' dir='ltr'><strong>antea</strong></span> 
     </span>
    </p>
   </div>
   <div class='ocr_carea' id='block_1_95' title="bbox 585 4996 2166 5082">
    <p class='ocr_par' dir='ltr' id='par_1_95' title="bbox 585 4996 2166 5082">
     <span class='ocr_line' id='line_1_95' title="bbox 585 4996 2166 5082; baseline 0.006 -21"><span class='ocrx_word' id='word_1_687' title='bbox 585 4996 914 5072; x_wconf 63' lang='lat' dir='ltr'><strong>er&#39;edebatis,</strong></span> <span class='ocrx_word' id='word_1_688' title='bbox 951 5010 1089 5065; x_wconf 92' lang='lat' dir='ltr'><strong>nihil</strong></span> <span class='ocrx_word' id='word_1_689' title='bbox 1127 5021 1283 5066; x_wconf 83' lang='lat' dir='ltr'><strong>erant</strong></span> <span class='ocrx_word' id='word_1_690' title='bbox 1316 5011 1461 5067; x_wconf 88' lang='lat' dir='ltr'><strong>aliud</strong></span> <span class='ocrx_word' id='word_1_691' title='bbox 1489 5027 1650 5082; x_wconf 90' lang='lat' dir='ltr'><strong>quam</strong></span> <span class='ocrx_word' id='word_1_692' title='bbox 1691 5026 1902 5068; x_wconf 86' lang='lat' dir='ltr'><strong>mortua</strong></span> <span class='ocrx_word' id='word_1_693' title='bbox 1932 5024 1986 5069; x_wconf 92' lang='lat' dir='ltr'><strong>et</strong></span> <span class='ocrx_word' id='word_1_694' title='bbox 2021 5027 2166 5071; x_wconf 86' lang='lat' dir='ltr'><strong>muta</strong></span> 
     </span>
    </p>
   </div>
   <div class='ocr_carea' id='block_1_96' title="bbox 583 5098 2166 5177">
    <p class='ocr_par' dir='ltr' id='par_1_96' title="bbox 583 5098 2166 5177">
     <span class='ocr_line' id='line_1_96' title="bbox 583 5098 2166 5177; baseline 0.006 -24"><span class='ocrx_word' id='word_1_695' title='bbox 583 5098 897 5155; x_wconf 87' lang='lat' dir='ltr'><strong>simulacra.</strong></span> <span class='ocrx_word' id='word_1_696' title='bbox 941 5102 1089 5157; x_wconf 88' lang='lat' dir='ltr'><strong>Scite</strong></span> <span class='ocrx_word' id='word_1_697' title='bbox 1122 5113 1301 5159; x_wconf 88' lang='lat' dir='ltr'><strong>autem</strong></span> <span class='ocrx_word' id='word_1_698' title='bbox 1338 5113 1394 5159; x_wconf 88' lang='lat' dir='ltr'><strong>et</strong></span> <span class='ocrx_word' id='word_1_699' title='bbox 1421 5104 1781 5173; x_wconf 88' lang='lat' dir='ltr'><strong>Symmachus</strong></span> <span class='ocrx_word' id='word_1_700' title='bbox 1807 5123 1924 5177; x_wconf 88' lang='lat' dir='ltr'><strong>pro,</strong></span> <span class='ocrx_word' id='word_1_701' title='bbox 1969 5108 2166 5163; x_wconf 81' lang='lat' dir='ltr'><strong>similes</strong></span> 
     </span>
    </p>
   </div>
   <div class='ocr_carea' id='block_1_97' title="bbox 582 5191 2163 5269">
    <p class='ocr_par' dir='ltr' id='par_1_97' title="bbox 582 5191 2163 5269">
     <span class='ocr_line' id='line_1_97' title="bbox 582 5191 2163 5269; baseline 0.008 -24"><span class='ocrx_word' id='word_1_702' title='bbox 582 5191 690 5245; x_wconf 73' lang='lat' dir='ltr'><strong>illis</strong></span> <span class='ocrx_word' id='word_1_703' title='bbox 731 5192 864 5259; x_wconf 81' lang='lat' dir='ltr'><strong>[iant</strong></span> <span class='ocrx_word' id='word_1_704' title='bbox 894 5194 985 5264; x_wconf 84' lang='lat' dir='ltr'><strong>qui</strong></span> <span class='ocrx_word' id='word_1_705' title='bbox 1025 5194 1229 5264; x_wconf 75' lang='lat' dir='ltr'><strong>faciunt</strong></span> <span class='ocrx_word' id='word_1_706' title='bbox 1258 5211 1340 5262; x_wconf 89' lang='lat' dir='ltr'><strong>ea,</strong></span> <span class='ocrx_word' id='word_1_707' title='bbox 1370 5198 1761 5269; x_wconf 86' lang='lat' dir='ltr'><strong>interpretatus</strong></span> <span class='ocrx_word' id='word_1_708' title='bbox 1807 5215 1893 5255; x_wconf 74' lang='grc' dir='ltr'><strong>εει</strong></span> <span class='ocrx_word' id='word_1_709' title='bbox 1938 5201 2163 5259; x_wconf 88' lang='lat' dir='ltr'><strong>dicens:</strong></span> 
     </span>
    </p>
   </div>
   <div class='ocr_carea' id='block_1_98' title="bbox 583 5284 2168 5364">
    <p class='ocr_par' dir='ltr' id='par_1_98' title="bbox 583 5284 2168 5364">
     <span class='ocr_line' id='line_1_98' title="bbox 583 5284 2168 5364; baseline 0.008 -26"><span class='ocrx_word' id='word_1_710' title='bbox 583 5284 718 5339; x_wconf 72' lang='lat' dir='ltr'><strong>velut</strong></span> <span class='ocrx_word' id='word_1_711' title='bbox 741 5284 855 5354; x_wconf 85' lang='lat' dir='ltr'><strong>ipsa</strong></span> <span class='ocrx_word' id='word_1_712' title='bbox 880 5286 1012 5354; x_wconf 83' lang='lat' dir='ltr'><strong>ﬁant</strong></span> <span class='ocrx_word' id='word_1_713' title='bbox 1043 5290 1132 5356; x_wconf 86' lang='lat' dir='ltr'><strong>qui</strong></span> <span class='ocrx_word' id='word_1_714' title='bbox 1156 5287 1356 5356; x_wconf 82' lang='lat' dir='ltr'><strong>faciunt</strong></span> <span class='ocrx_word' id='word_1_715' title='bbox 1381 5307 1465 5355; x_wconf 86' lang='lat' dir='ltr'><strong>ea,</strong></span> <span class='ocrx_word' id='word_1_716' title='bbox 1492 5301 1539 5345; x_wconf 83' lang='lat' dir='ltr'><strong>et</strong></span> <span class='ocrx_word' id='word_1_717' title='bbox 1566 5294 1863 5364; x_wconf 83' lang='lat' dir='ltr'><strong>quicunque</strong></span> <span class='ocrx_word' id='word_1_718' title='bbox 1884 5295 2012 5364; x_wconf 80' lang='lat' dir='ltr'><strong>ipsis</strong></span> <span class='ocrx_word' id='word_1_719' title='bbox 2040 5312 2168 5350; x_wconf 86' lang='lat' dir='ltr'><strong>con-</strong></span> 
     </span>
    </p>
   </div>
   <div class='ocr_carea' id='block_1_99' title="bbox 583 5375 2162 5454">
    <p class='ocr_par' dir='ltr' id='par_1_99' title="bbox 583 5375 2162 5454">
     <span class='ocr_line' id='line_1_99' title="bbox 583 5375 2162 5454; baseline 0.008 -28"><span class='ocrx_word' id='word_1_720' title='bbox 583 5375 784 5443; x_wconf 79' lang='lat' dir='ltr'><strong>ﬁdunt.</strong></span> <span class='ocrx_word' id='word_1_721' title='bbox 823 5377 1029 5431; x_wconf 74' lang='lat' dir='ltr'><strong>ltevera</strong></span> <span class='ocrx_word' id='word_1_722' title='bbox 1071 5377 1216 5432; x_wconf 77' lang='lat' dir='ltr'><strong>enim</strong></span> <span class='ocrx_word' id='word_1_723' title='bbox 1250 5379 1341 5448; x_wconf 91' lang='lat' dir='ltr'><strong>qui</strong></span> <span class='ocrx_word' id='word_1_724' title='bbox 1375 5379 1688 5436; x_wconf 87' lang='lat' dir='ltr'><strong>inanimatis</strong></span> <span class='ocrx_word' id='word_1_725' title='bbox 1718 5384 1882 5437; x_wconf 87' lang='lat' dir='ltr'><strong>rebus</strong></span> <span class='ocrx_word' id='word_1_726' title='bbox 1910 5393 2162 5454; x_wconf 87' lang='lat' dir='ltr'><strong>tanquam</strong></span> 
     </span>
    </p>
   </div>
   <div class='ocr_carea' id='block_1_100' title="bbox 586 5467 2165 5544">
    <p class='ocr_par' dir='ltr' id='par_1_100' title="bbox 586 5467 2165 5544">
     <span class='ocr_line' id='line_1_100' title="bbox 586 5467 2165 5544; baseline 0.006 -24"><span class='ocrx_word' id='word_1_727' title='bbox 586 5467 691 5521; x_wconf 80' lang='lat' dir='ltr'><strong>dus</strong></span> <span class='ocrx_word' id='word_1_728' title='bbox 717 5470 1028 5534; x_wconf 86' lang='lat' dir='ltr'><strong>attendunt,</strong></span> <span class='ocrx_word' id='word_1_729' title='bbox 1062 5468 1434 5540; x_wconf 88' lang='lat' dir='ltr'><strong>lapidescente</strong></span> <span class='ocrx_word' id='word_1_730' title='bbox 1478 5472 1682 5538; x_wconf 88' lang='lat' dir='ltr'><strong>anima,</strong></span> <span class='ocrx_word' id='word_1_731' title='bbox 1716 5472 1859 5528; x_wconf 89' lang='lat' dir='ltr'><strong>idem</strong></span> <span class='ocrx_word' id='word_1_732' title='bbox 1891 5477 2165 5544; x_wconf 86' lang='lat' dir='ltr'><strong>patiuntur</strong></span> 
     </span>
    </p>
   </div>
   <div class='ocr_carea' id='block_1_101' title="bbox 584 5558 2163 5630">
    <p class='ocr_par' dir='ltr' id='par_1_101' title="bbox 584 5558 2163 5630">
     <span class='ocr_line' id='line_1_101' title="bbox 584 5558 2163 5630; baseline 0.008 -20"><span class='ocrx_word' id='word_1_733' title='bbox 584 5558 727 5628; x_wconf 86' lang='lat' dir='ltr'><strong>quod</strong></span> <span class='ocrx_word' id='word_1_734' title='bbox 773 5561 870 5614; x_wconf 84' lang='lat' dir='ltr'><strong>abs</strong></span> <span class='ocrx_word' id='word_1_735' title='bbox 914 5576 975 5615; x_wconf 89' lang='lat' dir='ltr'><strong>se</strong></span> <span class='ocrx_word' id='word_1_736' title='bbox 1015 5561 1158 5616; x_wconf 88' lang='lat' dir='ltr'><strong>culta</strong></span> <span class='ocrx_word' id='word_1_737' title='bbox 1201 5561 1367 5629; x_wconf 88' lang='lat' dir='ltr'><strong>idola,</strong></span> <span class='ocrx_word' id='word_1_738' title='bbox 1404 5576 1597 5630; x_wconf 88' lang='lat' dir='ltr'><strong>nempe</strong></span> <span class='ocrx_word' id='word_1_739' title='bbox 1632 5563 1819 5619; x_wconf 88' lang='lat' dir='ltr'><strong>oculos</strong></span> <span class='ocrx_word' id='word_1_740' title='bbox 1859 5565 2064 5622; x_wconf 87' lang='lat' dir='ltr'><strong>habent</strong></span> <span class='ocrx_word' id='word_1_741' title='bbox 2109 5578 2163 5623; x_wconf 94' lang='lat' dir='ltr'><strong>et</strong></span> 
     </span>
    </p>
   </div>
   <div class='ocr_carea' id='block_1_102' title="bbox 585 5651 1866 5718">
    <p class='ocr_par' dir='ltr' id='par_1_102' title="bbox 585 5651 1866 5718">
     <span class='ocr_line' id='line_1_102' title="bbox 585 5651 1866 5718; baseline 0.005 -15"><span class='ocrx_word' id='word_1_742' title='bbox 585 5664 690 5704; x_wconf 87' lang='lat' dir='ltr'><strong>non</strong></span> <span class='ocrx_word' id='word_1_743' title='bbox 725 5651 929 5718; x_wconf 88' lang='lat' dir='ltr'><strong>vident,</strong></span> <span class='ocrx_word' id='word_1_744' title='bbox 963 5668 1123 5708; x_wconf 88' lang='lat' dir='ltr'><strong>aures</strong></span> <span class='ocrx_word' id='word_1_745' title='bbox 1152 5652 1357 5707; x_wconf 85' lang='lat' dir='ltr'><strong>habent</strong></span> <span class='ocrx_word' id='word_1_746' title='bbox 1386 5661 1444 5708; x_wconf 89' lang='lat' dir='ltr'><strong>et</strong></span> <span class='ocrx_word' id='word_1_747' title='bbox 1477 5668 1584 5706; x_wconf 89' lang='lat' dir='ltr'><strong>non</strong></span> <span class='ocrx_word' id='word_1_748' title='bbox 1617 5655 1866 5711; x_wconf 85' lang='lat' dir='ltr'><strong>audiunt.</strong></span> 
     </span>
    </p>
   </div>
   <div class='ocr_carea' id='block_1_103' title="bbox 656 5847 1681 5917">
    <p class='ocr_par' dir='ltr' id='par_1_103' title="bbox 656 5847 1681 5917">
     <span class='ocr_line' id='line_1_103' title="bbox 656 5847 1681 5917; baseline 0 -13"><span class='ocrx_word' id='word_1_749' title='bbox 656 5848 700 5881; x_wconf 81' lang='lat'><strong>”</strong></span> <span class='ocrx_word' id='word_1_750' title='bbox 728 5847 872 5906; x_wconf 82' lang='lat' dir='ltr'><strong>Psul.</strong></span> <span class='ocrx_word' id='word_1_751' title='bbox 900 5866 958 5917; x_wconf 78' lang='grc' dir='ltr'><strong>ιι,</strong></span> <span class='ocrx_word' id='word_1_752' title='bbox 991 5851 1043 5905; x_wconf 88' lang='grc'><strong>8.</strong></span> <span class='ocrx_word' id='word_1_753' title='bbox 1124 5851 1166 5882; x_wconf 70' lang='grc'><strong>⁸⁸</strong></span> <span class='ocrx_word' id='word_1_754' title='bbox 1199 5849 1337 5904; x_wconf 80' lang='lat' dir='ltr'><strong>Psal.</strong></span> <span class='ocrx_word' id='word_1_755' title='bbox 1374 5865 1594 5914; x_wconf 73' lang='lat' dir='ltr'><strong>cxxstv,</strong></span> <span class='ocrx_word' id='word_1_756' title='bbox 1628 5849 1681 5904; x_wconf 79' lang='grc'><strong>5.</strong></span> 
     </span>
    </p>
   </div>
   <div class='ocr_carea' id='block_1_104' title="bbox 2274 4632 3863 4710">
    <p class='ocr_par' dir='ltr' id='par_1_104' title="bbox 2274 4632 3863 4710">
     <span class='ocr_line' id='line_1_104' title="bbox 2274 4632 3863 4710; baseline -0.008 -14"><span class='ocrx_word' id='word_1_757' title='bbox 2274 4642 2510 4710; x_wconf 82' lang='grc' dir='ltr'>Κύριος,</span> <span class='ocrx_word' id='word_1_758' title='bbox 2555 4641 2655 4695; x_wconf 79' lang='grc' dir='ltr'>καὶ</span> <span class='ocrx_word' id='word_1_759' title='bbox 2712 4644 2745 4695; x_wconf 83' lang='grc' dir='ltr'><strong>ό</strong></span> <span class='ocrx_word' id='word_1_760' title='bbox 2782 4642 2997 4709; x_wconf 84' lang='grc' dir='ltr'>Κύριος</span> <span class='ocrx_word' id='word_1_761' title='bbox 3043 4638 3211 4708; x_wconf 73' lang='grc' dir='ltr'><strong>ἡμῶν</strong></span> <span class='ocrx_word' id='word_1_762' title='bbox 3243 4636 3403 4706; x_wconf 82' lang='grc' dir='ltr'>παρὰ</span> <span class='ocrx_word' id='word_1_763' title='bbox 3444 4634 3674 4699; x_wconf 75' lang='grc' dir='ltr'>πάντας</span> <span class='ocrx_word' id='word_1_764' title='bbox 3711 4632 3863 4699; x_wconf 78' lang='grc' dir='ltr'>τοὺς</span> 
     </span>
    </p>
   </div>
   <div class='ocr_carea' id='block_1_105' title="bbox 2275 4725 3863 4807">
    <p class='ocr_par' dir='ltr' id='par_1_105' title="bbox 2275 4725 3863 4807">
     <span class='ocr_line' id='line_1_105' title="bbox 2275 4725 3863 4807; baseline -0.008 -19"><span class='ocrx_word' id='word_1_765' title='bbox 2275 4737 2449 4801; x_wconf 85' lang='grc' dir='ltr'>θεούς</span> <span class='ocrx_word' id='word_1_766' title='bbox 2471 4753 2484 4766; x_wconf 88' lang='grc'><strong>·</strong></span> <span class='ocrx_word' id='word_1_767' title='bbox 2518 4738 2546 4789; x_wconf 93' lang='lat'><strong>6</strong></span> <span class='ocrx_word' id='word_1_768' title='bbox 2579 4735 2678 4807; x_wconf 82' lang='grc' dir='ltr'>μὲν</span> <span class='ocrx_word' id='word_1_769' title='bbox 2705 4735 2812 4807; x_wconf 85' lang='grc' dir='ltr'><strong>γὰρ</strong></span> <span class='ocrx_word' id='word_1_770' title='bbox 2851 4733 3058 4803; x_wconf 83' lang='grc' dir='ltr'>Κύριος</span> <span class='ocrx_word' id='word_1_771' title='bbox 3104 4729 3262 4802; x_wconf 79' lang='grc' dir='ltr'>ἡμῶν</span> <span class='ocrx_word' id='word_1_772' title='bbox 3287 4729 3414 4783; x_wconf 83' lang='grc' dir='ltr'>τάδε</span> <span class='ocrx_word' id='word_1_773' title='bbox 3452 4727 3545 4787; x_wconf 71' lang='grc' dir='ltr'>καὶ</span> <span class='ocrx_word' id='word_1_774' title='bbox 3572 4725 3696 4779; x_wconf 84' lang='grc' dir='ltr'>τάδε</span> <span class='ocrx_word' id='word_1_775' title='bbox 3740 4725 3863 4794; x_wconf 77' lang='grc' dir='ltr'>εἰρ-</span> 
     </span>
    </p>
   </div>
   <div class='ocr_carea' id='block_1_106' title="bbox 2274 4816 3855 4895">
    <p class='ocr_par' dir='ltr' id='par_1_106' title="bbox 2274 4816 3855 4895">
     <span class='ocr_line' id='line_1_106' title="bbox 2274 4816 3855 4895; baseline -0.009 -14"><span class='ocrx_word' id='word_1_776' title='bbox 2274 4827 2482 4895; x_wconf 87' lang='grc' dir='ltr'>γάσατο</span> <span class='ocrx_word' id='word_1_777' title='bbox 2513 4826 2571 4880; x_wconf 76' lang='grc' dir='ltr'>ἐν</span> <span class='ocrx_word' id='word_1_778' title='bbox 2599 4843 2657 4878; x_wconf 89' lang='grc' dir='ltr'><strong>τε</strong></span> <span class='ocrx_word' id='word_1_779' title='bbox 2695 4828 2807 4889; x_wconf 86' lang='grc' dir='ltr'>τοῖς</span> <span class='ocrx_word' id='word_1_780' title='bbox 2840 4824 3067 4877; x_wconf 90' lang='grc' dir='ltr'>καθόλου</span> <span class='ocrx_word' id='word_1_781' title='bbox 3116 4822 3209 4877; x_wconf 76' lang='grc' dir='ltr'><strong>καὶ</strong></span> <span class='ocrx_word' id='word_1_782' title='bbox 3257 4823 3315 4874; x_wconf 86' lang='grc' dir='ltr'>ὲν</span> <span class='ocrx_word' id='word_1_783' title='bbox 3348 4822 3459 4882; x_wconf 84' lang='grc' dir='ltr'>τοῖς</span> <span class='ocrx_word' id='word_1_784' title='bbox 3492 4817 3585 4871; x_wconf 78' lang='grc' dir='ltr'><strong>ἐπὶ</strong></span> <span class='ocrx_word' id='word_1_785' title='bbox 3618 4816 3818 4889; x_wconf 85' lang='grc' dir='ltr'>μέρους</span> <span class='ocrx_word' id='word_1_786' title='bbox 3838 4833 3855 4845; x_wconf 89' lang='grc'>·</span> 
     </span>
    </p>
   </div>
   <div class='ocr_carea' id='block_1_107' title="bbox 2276 4908 3862 4981">
    <p class='ocr_par' dir='ltr' id='par_1_107' title="bbox 2276 4908 3862 4981">
     <span class='ocr_line' id='line_1_107' title="bbox 2276 4908 3862 4981; baseline -0.009 -8"><span class='ocrx_word' id='word_1_787' title='bbox 2276 4921 2325 4973; x_wconf 85' lang='grc' dir='ltr'>οἱ</span> <span class='ocrx_word' id='word_1_788' title='bbox 2353 4918 2409 4971; x_wconf 81' lang='grc' dir='ltr'>δὲ</span> <span class='ocrx_word' id='word_1_789' title='bbox 2451 4917 2560 4972; x_wconf 81' lang='grc' dir='ltr'>τῶν</span> <span class='ocrx_word' id='word_1_790' title='bbox 2603 4917 2771 4972; x_wconf 81' lang='grc' dir='ltr'>ἐθνῶν</span> <span class='ocrx_word' id='word_1_791' title='bbox 2806 4917 2937 4981; x_wconf 70' lang='grc' dir='ltr'>θεοὶ,</span> <span class='ocrx_word' id='word_1_792' title='bbox 2965 4916 3061 4980; x_wconf 86' lang='grc' dir='ltr'><strong>οὒς</strong></span> <span class='ocrx_word' id='word_1_793' title='bbox 3088 4916 3182 4970; x_wconf 72' lang='grc' dir='ltr'><strong>καὶ</strong></span> <span class='ocrx_word' id='word_1_794' title='bbox 3220 4914 3376 4966; x_wconf 71' lang='grc' dir='ltr'>αὐτοὶ</span> <span class='ocrx_word' id='word_1_795' title='bbox 3422 4908 3862 4979; x_wconf 85' lang='grc' dir='ltr'>πεπλανημένως</span> 
     </span>
    </p>
   </div>
   <div class='ocr_carea' id='block_1_108' title="bbox 2276 5001 3862 5083">
    <p class='ocr_par' dir='ltr' id='par_1_108' title="bbox 2276 5001 3862 5083">
     <span class='ocr_line' id='line_1_108' title="bbox 2276 5001 3862 5083; baseline -0.009 -19"><span class='ocrx_word' id='word_1_796' title='bbox 2276 5010 2554 5081; x_wconf 80' lang='grc' dir='ltr'>ἐνομίζετε</span> <span class='ocrx_word' id='word_1_797' title='bbox 2585 5010 2868 5083; x_wconf 83' lang='grc' dir='ltr'>πρότερον,</span> <span class='ocrx_word' id='word_1_798' title='bbox 2906 5008 3059 5062; x_wconf 81' lang='grc' dir='ltr'>οὐδὲν</span> <span class='ocrx_word' id='word_1_799' title='bbox 3099 5003 3238 5077; x_wconf 80' lang='grc' dir='ltr'>ἦσαν</span> <span class='ocrx_word' id='word_1_800' title='bbox 3262 5005 3448 5077; x_wconf 74' lang='grc' dir='ltr'>ἓτερον</span> <span class='ocrx_word' id='word_1_801' title='bbox 3476 5003 3510 5075; x_wconf 82' lang='grc' dir='ltr'>ἢ</span> <span class='ocrx_word' id='word_1_802' title='bbox 3544 5001 3733 5055; x_wconf 72' lang='grc' dir='ltr'>εἴδωλα</span> <span class='ocrx_word' id='word_1_803' title='bbox 3765 5016 3862 5051; x_wconf 83' lang='grc' dir='ltr'>νε·-</span> 
     </span>
    </p>
   </div>
   <div class='ocr_carea' id='block_1_109' title="bbox 2276 5092 3860 5174">
    <p class='ocr_par' dir='ltr' id='par_1_109' title="bbox 2276 5092 3860 5174">
     <span class='ocr_line' id='line_1_109' title="bbox 2276 5092 3860 5174; baseline -0.008 -18"><span class='ocrx_word' id='word_1_804' title='bbox 2276 5104 2383 5174; x_wconf 82' lang='grc' dir='ltr'><strong>κρά</strong></span> <span class='ocrx_word' id='word_1_805' title='bbox 2419 5102 2513 5155; x_wconf 80' lang='grc' dir='ltr'>καὶ</span> <span class='ocrx_word' id='word_1_806' title='bbox 2549 5101 2730 5170; x_wconf 78' lang='grc' dir='ltr'>κωφά.</span> <span class='ocrx_word' id='word_1_807' title='bbox 2769 5099 3085 5172; x_wconf 82' lang='grc' dir='ltr'>Χαριέντως</span> <span class='ocrx_word' id='word_1_808' title='bbox 3114 5098 3171 5151; x_wconf 87' lang='grc' dir='ltr'>δὲ</span> <span class='ocrx_word' id='word_1_809' title='bbox 3200 5096 3297 5150; x_wconf 73' lang='grc' dir='ltr'>καὶ</span> <span class='ocrx_word' id='word_1_810' title='bbox 3337 5099 3366 5149; x_wconf 90' lang='lat'><strong>6</strong></span> <span class='ocrx_word' id='word_1_811' title='bbox 3409 5094 3703 5165; x_wconf 84' lang='grc' dir='ltr'>Σύμμαχος</span> <span class='ocrx_word' id='word_1_812' title='bbox 3729 5092 3860 5145; x_wconf 64' lang='grc' dir='ltr'>ἀντὶ</span> 
     </span>
    </p>
   </div>
   <div class='ocr_carea' id='block_1_110' title="bbox 2273 5182 3856 5263">
    <p class='ocr_par' dir='ltr' id='par_1_110' title="bbox 2273 5182 3856 5263">
     <span class='ocr_line' id='line_1_110' title="bbox 2273 5182 3856 5263; baseline -0.006 -15"><span class='ocrx_word' id='word_1_813' title='bbox 2273 5194 2390 5259; x_wconf 76' lang='grc' dir='ltr'>τοῦ,</span> <span class='ocrx_word' id='word_1_814' title='bbox 2437 5194 2627 5263; x_wconf 80' lang='grc' dir='ltr'>ὅμοιοι</span> <span class='ocrx_word' id='word_1_815' title='bbox 2670 5192 2875 5259; x_wconf 80' lang='grc' dir='ltr'>αὐτοῖς</span> <span class='ocrx_word' id='word_1_816' title='bbox 2923 5190 3188 5261; x_wconf 74' lang='grc' dir='ltr'>γένοιντο</span> <span class='ocrx_word' id='word_1_817' title='bbox 3232 5191 3286 5242; x_wconf 87' lang='grc' dir='ltr'>οἱ</span> <span class='ocrx_word' id='word_1_818' title='bbox 3328 5187 3639 5251; x_wconf 77' lang='grc' dir='ltr'>ποιοῦντες</span> <span class='ocrx_word' id='word_1_819' title='bbox 3676 5182 3856 5250; x_wconf 77' lang='grc' dir='ltr'>αὐτὰ,</span> 
     </span>
    </p>
   </div>
   <div class='ocr_carea' id='block_1_111' title="bbox 2268 5276 3862 5360">
    <p class='ocr_par' dir='ltr' id='par_1_111' title="bbox 2268 5276 3862 5360">
     <span class='ocr_line' id='line_1_111' title="bbox 2268 5276 3862 5360; baseline -0.009 -18"><span class='ocrx_word' id='word_1_820' title='bbox 2268 5289 2613 5360; x_wconf 75' lang='grc' dir='ltr'>ἡρμήνευσεν</span> <span class='ocrx_word' id='word_1_821' title='bbox 2638 5285 2829 5350; x_wconf 82' lang='grc' dir='ltr'>εἰπὼν,</span> <span class='ocrx_word' id='word_1_822' title='bbox 2869 5285 2949 5352; x_wconf 85' lang='grc' dir='ltr'>ὡς</span> <span class='ocrx_word' id='word_1_823' title='bbox 2978 5282 3129 5338; x_wconf 85' lang='grc' dir='ltr'>αὐτὰ</span> <span class='ocrx_word' id='word_1_824' title='bbox 3152 5281 3423 5352; x_wconf 71' lang='grc' dir='ltr'>γένοιντο</span> <span class='ocrx_word' id='word_1_825' title='bbox 3454 5281 3507 5331; x_wconf 81' lang='grc' dir='ltr'>οἱ</span> <span class='ocrx_word' id='word_1_826' title='bbox 3537 5276 3862 5341; x_wconf 67' lang='grc' dir='ltr'>ποιοῦντες</span> 
     </span>
    </p>
   </div>
   <div class='ocr_carea' id='block_1_112' title="bbox 2270 5368 3858 5445">
    <p class='ocr_par' dir='ltr' id='par_1_112' title="bbox 2270 5368 3858 5445">
     <span class='ocr_line' id='line_1_112' title="bbox 2270 5368 3858 5445; baseline -0.009 -12"><span class='ocrx_word' id='word_1_827' title='bbox 2270 5379 2441 5443; x_wconf 80' lang='grc' dir='ltr'>αὐτὰ,</span> <span class='ocrx_word' id='word_1_828' title='bbox 2474 5379 2571 5433; x_wconf 77' lang='grc' dir='ltr'>καὶ</span> <span class='ocrx_word' id='word_1_829' title='bbox 2606 5377 2724 5445; x_wconf 81' lang='grc' dir='ltr'>πᾶς</span> <span class='ocrx_word' id='word_1_830' title='bbox 2749 5382 2782 5432; x_wconf 82' lang='grc' dir='ltr'><strong>ό</strong></span> <span class='ocrx_word' id='word_1_831' title='bbox 2807 5376 3106 5443; x_wconf 82' lang='grc' dir='ltr'>πεποιθὼς</span> <span class='ocrx_word' id='word_1_832' title='bbox 3141 5373 3364 5442; x_wconf 80' lang='grc' dir='ltr'>αὐτοῖς.</span> <span class='ocrx_word' id='word_1_833' title='bbox 3396 5372 3506 5426; x_wconf 77' lang='grc' dir='ltr'>Καὶ</span> <span class='ocrx_word' id='word_1_834' title='bbox 3536 5370 3644 5440; x_wconf 79' lang='grc' dir='ltr'>γὰρ</span> <span class='ocrx_word' id='word_1_835' title='bbox 3679 5368 3858 5432; x_wconf 76' lang='grc' dir='ltr'>ὅντως</span> 
     </span>
    </p>
   </div>
   <div class='ocr_carea' id='block_1_113' title="bbox 2269 5451 3861 5535">
    <p class='ocr_par' dir='ltr' id='par_1_113' title="bbox 2269 5451 3861 5535">
     <span class='ocr_line' id='line_1_113' title="bbox 2269 5451 3861 5535; baseline -0.009 -17"><span class='ocrx_word' id='word_1_836' title='bbox 2269 5467 2317 5519; x_wconf 76' lang='lat' dir='ltr'><strong>oi</strong></span> <span class='ocrx_word' id='word_1_837' title='bbox 2354 5467 2468 5529; x_wconf 89' lang='grc' dir='ltr'>τοῖς</span> <span class='ocrx_word' id='word_1_838' title='bbox 2496 5463 2723 5535; x_wconf 76' lang='grc' dir='ltr'>ἀψύχοις</span> <span class='ocrx_word' id='word_1_839' title='bbox 2753 5463 2829 5527; x_wconf 83' lang='grc' dir='ltr'>ὡς</span> <span class='ocrx_word' id='word_1_840' title='bbox 2861 5462 3004 5525; x_wconf 85' lang='grc' dir='ltr'>θεοῖς</span> <span class='ocrx_word' id='word_1_841' title='bbox 3038 5459 3413 5532; x_wconf 82' lang='grc' dir='ltr'>προσέχοντες,</span> <span class='ocrx_word' id='word_1_842' title='bbox 3441 5455 3631 5525; x_wconf 84' lang='grc' dir='ltr'>ὥσπερ</span> <span class='ocrx_word' id='word_1_843' title='bbox 3664 5451 3861 5505; x_wconf 86' lang='grc' dir='ltr'>ἀπολι-</span> 
     </span>
    </p>
   </div>
   <div class='ocr_carea' id='block_1_114' title="bbox 2269 5541 3857 5627">
    <p class='ocr_par' dir='ltr' id='par_1_114' title="bbox 2269 5541 3857 5627">
     <span class='ocr_line' id='line_1_114' title="bbox 2269 5541 3857 5627; baseline -0.011 -17"><span class='ocrx_word' id='word_1_844' title='bbox 2269 5556 2533 5620; x_wconf 80' lang='grc' dir='ltr'>θωθέντες</span> <span class='ocrx_word' id='word_1_845' title='bbox 2566 5556 2665 5627; x_wconf 76' lang='grc' dir='ltr'>τὴν</span> <span class='ocrx_word' id='word_1_846' title='bbox 2697 5555 2895 5625; x_wconf 71' lang='grc' dir='ltr'>ψυχὴν,</span> <span class='ocrx_word' id='word_1_847' title='bbox 2934 5552 3031 5607; x_wconf 62' lang='grc' dir='ltr'><strong>καὶ⁵</strong></span> <span class='ocrx_word' id='word_1_848' title='bbox 3072 5550 3225 5605; x_wconf 78' lang='grc' dir='ltr'>αὐτοὶ</span> <span class='ocrx_word' id='word_1_849' title='bbox 3256 5548 3317 5601; x_wconf 84' lang='grc' dir='ltr'><strong>τὸ</strong></span> <span class='ocrx_word' id='word_1_850' title='bbox 3345 5546 3478 5601; x_wconf 75' lang='grc' dir='ltr'>αὐτὸ</span> <span class='ocrx_word' id='word_1_851' title='bbox 3516 5541 3857 5597; x_wconf 84' lang='grc' dir='ltr'>πεπόνθασιν</span> 
     </span>
    </p>
   </div>
   <div class='ocr_carea' id='block_1_115' title="bbox 2267 5633 3857 5720">
    <p class='ocr_par' dir='ltr' id='par_1_115' title="bbox 2267 5633 3857 5720">
     <span class='ocr_line' id='line_1_115' title="bbox 2267 5633 3857 5720; baseline -0.011 -18"><span class='ocrx_word' id='word_1_852' title='bbox 2267 5653 2381 5711; x_wconf 79' lang='grc' dir='ltr'>τοῖς</span> <span class='ocrx_word' id='word_1_853' title='bbox 2415 5646 2905 5720; x_wconf 77' lang='grc' dir='ltr'>προσκυνουμένοις</span> <span class='ocrx_word' id='word_1_854' title='bbox 2938 5646 3029 5698; x_wconf 83' lang='grc' dir='ltr'>ὑπ’</span> <span class='ocrx_word' id='word_1_855' title='bbox 3070 5641 3267 5704; x_wconf 80' lang='grc' dir='ltr'>αὐτῶν,</span> <span class='ocrx_word' id='word_1_856' title='bbox 3294 5637 3605 5710; x_wconf 75' lang='grc' dir='ltr'>ὀφθαλμοὺς</span> <span class='ocrx_word' id='word_1_857' title='bbox 3630 5633 3857 5705; x_wconf 68' lang='grc' dir='ltr'>ἔχοντες</span> 
     </span>
    </p>
   </div>
   <div class='ocr_carea' id='block_1_116' title="bbox 2267 5730 3725 5815">
    <p class='ocr_par' dir='ltr' id='par_1_116' title="bbox 2267 5730 3725 5815">
     <span class='ocr_line' id='line_1_116' title="bbox 2267 5730 3725 5815; baseline -0.01 -17"><span class='ocrx_word' id='word_1_858' title='bbox 2267 5745 2359 5798; x_wconf 74' lang='grc' dir='ltr'>καὶ</span> <span class='ocrx_word' id='word_1_859' title='bbox 2384 5744 2444 5798; x_wconf 79' lang='grc' dir='ltr'>οὐ</span> <span class='ocrx_word' id='word_1_860' title='bbox 2469 5743 2776 5815; x_wconf 77' lang='grc' dir='ltr'>βλέποντες,</span> <span class='ocrx_word' id='word_1_861' title='bbox 2802 5736 2915 5797; x_wconf 79' lang='grc' dir='ltr'>ὦτα</span> <span class='ocrx_word' id='word_1_862' title='bbox 2938 5739 3150 5809; x_wconf 66' lang='grc' dir='ltr'>ἔχοντες</span> <span class='ocrx_word' id='word_1_863' title='bbox 3174 5738 3268 5793; x_wconf 79' lang='grc' dir='ltr'>καὶ</span> <span class='ocrx_word' id='word_1_864' title='bbox 3292 5735 3393 5789; x_wconf 84' lang='grc' dir='ltr'><strong>οὐκ</strong></span> <span class='ocrx_word' id='word_1_865' title='bbox 3418 5730 3725 5796; x_wconf 82' lang='grc' dir='ltr'>ἀκούοντες.</span> 
     </span>
    </p>
   </div>
  </div>
