4062 6400
293 325 368 385 35

386 437 614 508 Ὅμοιοι
641 438 847 507 αὐτοῖς
871 439 1142 509 γένοιντο
1168 444 1222 496 οὶ
1255 442 1572 513 ποιοῦντβς
1600 445 1772 500 αὑτά.

356 529 422 584 οι
472 529 573 600 μὲν
617 529 1006 601 προειρημένοι
1069 531 1245 601 ὅμοιοι
1303 534 1640 604 γενήσονται,
1689 536 1722 607 ἢ
1773 536 1867 590 καὶ

283 620 541 690 γεγόνασι
573 624 687 684 τοῖς
718 621 925 675 ἑαυτῶν
955 622 1096 686 θεοῖς
1114 640 1127 652 ο
1154 624 1203 676 οί
1235 624 1291 677 δὲ
1316 628 1395 690 είς
1423 626 1514 680 τὸν
1539 628 1735 700 κλῆρον
1763 647 1869 682 πα-

284 710 652 783 ραληφθέντες
681 712 776 765 τοῦ
810 711 967 776 Θεοῦ,
994 713 1087 766 καλ⁴
1109 712 1241 778 λαὸς
1277 716 1441 770 αὐτοῦ
1488 719 1863 789 χρηματίσαν-

281 820 396 867 τες,
426 805 837 874 Εὑλογήσατε,
864 806 1017 877 φησὶ,
1039 806 1147 861 τὸν
1163 809 1401 874 Κύριον.
1415 799 1694 865 τουτέστιν
1716 813 1865 865 ἀνευ-

282 897 597 968 φημήσατε,
634 896 702 951 τὰ
745 897 952 969 μεγάλα
982 882 1204 963 ἑαυτοὺς
1227 899 1585 969 ὠφελοῦντες·
1617 903 1861 957 καλεῖται

277 987 339 1041 δὲ
354 987 568 1059 πρῶτον
586 989 676 1041 ἐπὶ
689 988 787 1060 τὴν
810 990 1058 1060 εὐλογίαν
1081 995 1109 1046 ὁ
1126 992 1225 1064 (9‘)
1243 993 1378 1049 Θεοῦ
1394 994 1574 1061 λαδς,ὁ
1592 997 1860 1069 καλούμε-

278 1095 369 1142 νος
399 1074 546 1143 οἶκος
593 1081 829 1153 Ἰσραὴλ,
880 1083 1311 1157 τὸκὺποϐεϐηκὸς
1347 1089 1533 1158 τάγμα
1578 1088 1673 1144 τοῦ
1722 1089 1861 1161 πλή-

277 1169 403 1235 θους
423 1188 437 1201 ·
464 1171 713 1245 δεύτερον
752 1173 807 1226 δὲ
834 1174 975 1229 κατά
1006 1176 1273 1231 ἀνάϐασιν
1293 1180 1387 1232 καὶ
1413 1180 1685 1253 ὑπεροχὴν
1710 1178 1858 1246 οἶκος

288 1263 499 1336 Ἀαρών
520 1282 534 1295 ⁸
563 1266 658 1319 καὶ
696 1266 879 1337 τρίτον
908 1269 940 1339 ή
976 1269 1115 1341 φυλὴ
1148 1272 1295 1323 πᾶσα
1327 1274 1359 1343 ἡ
1388 1273 1634 1346 ἱερατικὴ
1659 1274 1855 1328 καλου-

276 1354 412 1427 μένη
438 1351 585 1420 οἲκος
625 1358 788 1411 Λευτ·
835 1360 929 1413 καὶ
972 1360 1108 1431 μετὰ
1150 1363 1357 1426 πάντας
1387 1364 1642 1435 ἀνωτέρω
1674 1367 1721 1418 οί
1756 1380 1854 1436 φο-

271 1446 526 1519 ϐούμενοι
566 1450 656 1503 τὸν
681 1449 919 1522 Κύριονο
952 1448 1096 1507 οὗτοι
1123 1453 1180 1507 δὲ
1212 1450 1353 1526 ἦσαν
1394 1457 1530 1527 πρὸς
1552 1455 1645 1521 οὒς
1672 1458 1701 1509 ό
1745 1460 1853 1523 πᾶς

271 1537 441 1612 ὕμνος
486 1542 965 1615 προσπεφώνηται·
1018 1546 1066 1598 οί
1107 1545 1171 1618 δὴ
1218 1548 1276 1600 ἐν
1321 1548 1463 1620 ἀρχῇ
1509 1548 1604 1601 τοῦ
1650 1550 1852 1614 παντὸς

266 1630 486 1702 ψαλμοῦ
507 1633 884 1704 ὠνομασμένοι
905 1634 1097 1701 δοῦλοι,
1119 1637 1320 1709 δηλαδὴ
1336 1640 1384 1691 οἰ
1412 1639 1470 1706 ἐξ
1501 1639 1667 1693 ἐθνῶν
1684 1658 1851 1713 προσ-

270 1723 444 1786 ιόντες
484 1726 551 1796 τῇ
601 1725 800 1791 πίστει.
839 1728 900 1780 Ei
957 1728 1064 1801 γὰρ
1121 1729 1184 1782 τὸ
1222 1732 1330 1784 πᾶν
1388 1732 1653 1786 Ἰουδαίων
1699 1733 1850 1798 ἔθνος

1429 329 1935 389 COMMENTARIA
1973 332 2043 389 IN
2079 332 2419 392 PSA‘LMOS.

1901 455 1950 513 Α
2124 449 2287 504 Vens.
2321 450 2409 505 i8.
2450 447 2662 505 Similes
2694 447 2801 504 illis
2834 449 2967 519 [iant
3000 450 3090 520 qui
3119 449 3321 520 faciunt
3351 466 3434 506 ea.

3484 304 3554 396 si

1989 585 1998 595 ,
2041 541 2290 597 Praadicti
2324 543 2623 598 idololatm
2659 542 2881 597 similes
2929 541 3082 607 ﬂent,
3130 542 3218 598 vel
3261 543 3373 612 jam
3425 553 3554 600 sunt

1968 632 2121 697 facti,
2155 634 2259 688 diis
2284 633 2422 688 suis.
2460 632 2631 689 Secus
2674 648 2825 699 vero,
2861 635 2951 703 qui
2995 633 3049 687 in
3093 646 3293 689 sortem
3324 633 3415 687 Dei
3461 648 3549 686 as-

1965 724 2167 792 sumpti
2194 724 2351 788 estis,
2382 732 2438 778 et
2464 722 2693 793 populus
2723 724 2840 790 ejus
2868 722 3188 786 ccnsemini,
3219 718 3544 783 Benedicite,

1964 814 2164 883 inquit,
2195 814 2460 879 Domino;
2499 815 2550 868 id
2567 826 2670 878 est,
2697 813 3025 877 collaudate,
3068 829 3171 867 non
3209 812 3326 866 sine
3351 825 3546 880 magna

1963 905 2198 960 utilitate
2230 916 2432 959 vestra.
2465 905 2680 960 Primus
2708 915 2888 960 autem
2919 907 2985 959 ad
3021 904 3345 959 laudandum
3383 916 3547 956 voca-

1963 1005 2052 1049 tur
2085 997 2179 1051 Dei
2224 998 2473 1066 populus,
2509 997 2600 1065 qui
2646 996 2841 1051 dicitur
2868 997 3062 1052 domus
3104 996 3321 1051 lsraelis
3344 1035 3361 1062 ,
3406 995 3543 1049 ordo

1961 1088 2188 1142 inferior
2214 1088 2406 1155 plebis.
2454 1088 2706 1143 Secundo
2738 1088 2880 1153 loco,
2920 1089 2994 1142 uti
3035 1088 3235 1158 gradus
3272 1084 3543 1143 excelsior

1958 1189 2014 1236 et
2038 1183 2303 1247 eminens,
2340 1183 2533 1237 domus
2559 1181 2811 1236 Aaronis.
2840 1180 3027 1234 Tertio
3049 1177 3401 1234 sacerdotalis
3422 1178 3544 1231 uni-

1957 1288 2113 1329 versa
2138 1274 2330 1329 domus
2348 1274 2501 1329 Levi.
2530 1274 2811 1329 Postremo
2828 1273 3062 1342 denique
3084 1281 3337 1341 tanquam
3365 1269 3541 1324 cinni-

1956 1365 2056 1420 bus
2089 1366 2429 1422 sublimiores
2454 1367 2546 1437 qui
2577 1370 2766 1420 timent
2786 1366 3093 1420 Dominum.
3131 1363 3194 1418 Hi
3228 1372 3374 1428 sunt,
3398 1376 3539 1431 quos

1956 1457 2241 1512 universus
2266 1458 2496 1526 hymnus
2517 1458 2828 1525 alloquitur.
2856 1455 2955 1522 Qui
2983 1466 3163 1511 autem
3189 1453 3343 1508 initi'o
3371 1453 3538 1509 totius

1955 1549 2142 1617 psalmi
2172 1549 2515 1617 appellantur
2542 1554 2713 1615 servi,
2749 1548 2787 1602 ii
2822 1557 2949 1602 sunt
2974 1547 3065 1616 qui
3101 1561 3165 1600 ex
3203 1544 3435 1600 ethnicis
3465 1544 3534 1598 ad

1953 1641 2112 1693 iidem
2147 1650 2512 1697 accesserunt.
2541 1639 2674 1695 Nam
2703 1642 2747 1696 si
2772 1641 3023 1695 universa
3045 1639 3351 1695 Judaeorum
3386 1636 3535 1690 natio

1953 1734 2226 1798 praedictis
2261 1732 2435 1788 tribus
2463 1733 2744 1788 ordinibus
2789 1731 3285 1802 comprehenditur,
3321 1727 3536 1784 lsraelis

265 1817 654 1891 περιείληπται
692 1819 779 1874 διὰ
823 1820 930 1874 τῶν
970 1800 1276 1894 εἰρημένων
1321 1823 1490 1896 τριῶν
1534 1825 1839 1896 ταγμάτων,

1955 1824 2223 1891 videlicet,
2265 1836 2321 1881 et
2362 1827 2687 1881 familiarum
2746 1800 2979 1881 Aaronis
3025 1840 3089 1880 ac
3119 1824 3289 1888 Levi;
3338 1822 3531 1890 reliqui

261 1908 362 1961 τοῦ
405 1926 466 1962 τε
518 1909 751 1983 Ἰσραὴλ,
794 1911 889 1964 καὶ
929 1911 1023 1965 τοῦ
1070 1913 1220 1966 οἴκου
1282 1912 1513 1987 Ἀαρὼν,
1556 1917 1649 1969 καὶ
1697 1915 1849 1970 οἴκου

264 2003 421 2069 Λευῒ,
457 2004 633 2075 ἕτεροι
665 2004 815 2078 παρὰ
838 2006 1059 2072 τούτους
1085 2008 1229 2074 τίνες
1255 2009 1319 2063 ἂν
1359 2005 1469 2064 εἶεν
1498 2012 1548 2064 οἱ
1582 2011 1850 2083 φοϐούμε-

258 2113 347 2149 νοι
375 2096 468 2151 τὸν
505 2098 728 2170 Κύριον,
761 2101 809 2152 εἰ
850 2100 923 2171 μὴ
965 2099 1023 2165 ἐξ
1057 2100 1227 2155 ἐθνῶν
1258 2101 1336 2173 τῷ
1378 2102 1470 2157 τοῦ
1523 2104 1658 2157 Θεοῦ
1705 2104 1848 2177 λόγῳ

261 2187 765 2260 προσεληλυθότες;
793 2192 842 2244 οἳ
877 2192 970 2244 καὶ
1005 2192 1347 2247 διδάσκονται
1371 2193 1630 2264 εὐλογεῖν·
1655 2199 1848 2251 Εὐλο-

260 2275 448 2346 γητὸς
467 2279 683 2345 Κύριος
707 2280 775 2332 ἐκ
796 2279 971 2345 Σιὼν,
990 2284 1022 2334 ό
1050 2282 1340 2336 κατοικῶν
1368 2284 1783 2355 Ἰερουσαλὴμ,
1810 2287 1843 2358 ἢ

259 2368 366 2441 τὴν
405 2372 492 2424 ἀεὶ
544 2372 808 2443 μένουσαν
855 2374 949 2428 τοῦ
983 2376 1116 2430 Θεοῦ
1168 2378 1341 2442 πόλιν,
1385 2380 1441 2432 ἐν
1488 2375 1522 2455 ᾗ
1560 2381 1620 2434 τὸ
1648 2381 1846 2454 ἀληθὲς

256 2467 435 2516 νοοῖτο
472 2462 537 2518 ἂν
563 2468 978 2538 κατοικητήριον
1009 2467 1102 2521 τοῦ
1133 2468 1267 2522 Θεοῦ
1298 2469 1430 2542 (l0).

791 2559 1081 2613 ΨΑΛΜΟΣ
1129 2563 1297 2617 PAE'.

443 2647 528 2715 Τῷ
553 2649 876 2719 ποιήσαντι
907 2652 1211 2721 θαυμάσια
1232 2655 1468 2726 μεγάλα
1482 2658 1668 2727 μόνῳ.

329 2738 654 2813 Θαυμαστὸν
696 2743 752 2797 δὲ
793 2744 886 2796 καὶ
917 2744 1053 2815 πρὸς
1079 2743 1242 2810 λέξιν,
1274 2749 1322 2799 εί
1356 2750 1585 2821 οὐρανὸς
1623 2751 1722 2822 μὲν
1746 2752 1841 2807 καὶ

261 2832 396 2905 μόνη
414 2832 514 2905 θέα
540 2835 639 2905 τὴν
662 2836 852 2904 σοφίαν
880 2835 1071 2908 δηλοῦν
1092 2836 1184 2890 τοῦ
1205 2838 1312 2910 (ιο)
1343 2840 1500 2905 Θεοῦ,
1532 2842 1752 2913 μεγέθει
1779 2861 1840 2897 τε

248 2924 355 2978 καὶ
384 2924 572 2978 κάλλει
599 2927 692 2979 καὶ
719 2926 1055 3000 πολυχρονίῳ
1085 2933 1220 3002 μονῇ
1242 2947 1255 2960 ⁸
1287 2931 1355 3004 γῆ
1401 2931 1459 2986 δέ
1502 2934 1839 3006 πανταχόθεν

254 3015 693 3089 περικλυζομένη
737 3022 849 3083 τοῖς
892 3020 1048 3074 ὕδασι
1097 3022 1194 3075 καὶ
1244 3023 1503 3080 σύστασιν
1547 3026 1645 3099 τὴν
1701 3029 1837 3082 ίδίαν

1952 1932 2062 1987 prie
2103 1917 2186 1972 bis
2221 1919 2474 1974 timentes
2506 1918 2813 1984 Dominum,
2847 1918 3067 1988 quinam
3095 1927 3256 1972 erunt
3292 1915 3394 1971 nisi
3434 1916 3528 1985 qui

1950 2025 2016 2066 ex
2075 2013 2308 2069 ethnicis
2361 2014 2427 2067 ad
2481 2011 2579 2067 Dei
2638 2013 2936 2067 doctrinam
2993 2009 3380 2066 accesserunt?
3434 2008 3528 2080 qui

1949 2105 2113 2159 etiam
2146 2106 2410 2160 docentur
2437 2105 2517 2159 sic
2540 2105 2863 2160 benedicere
2890 2122 2905 2158 :
2936 2102 3247 2159 Benedictus
3271 2101 3528 2157 Dominus

1947 2209 2014 2249 ea:
2052 2194 2212 2258 Sion,
2266 2197 2357 2266 qui
2401 2196 2603 2250 habitat
2661 2193 2959 2249 Jerusalem
2984 2234 3000 2258 ,
3062 2194 3177 2250 sive
3223 2202 3526 2249 manentem

1948 2300 2159 2355 semper
2195 2286 2287 2342 Dei
2319 2289 2627 2352 civitatem,
2661 2288 2713 2341 in
2755 2303 2861 2357 qua
2907 2302 3034 2341 vera
3075 2287 3166 2341 Dei
3209 2284 3528 2357 intelligitur

1946 2376 2230 2434 habitatio.

2427 2557 2751 2614 PSALMUS
2790 2557 3052 2615 CXXXV.

2069 2649 2231 2704 Vens.
2256 2649 2309 2704 4.
2346 2647 2417 2703 Ei
2437 2651 2526 2720 qui
2550 2650 2680 2720 facit
2711 2651 2979 2705 mirabilia
3005 2666 3194 2720 magna
3222 2648 3389 2706 solus.

2017 2739 2158 2795 Sane
2202 2741 2269 2795 ad
2318 2741 2555 2797 litteram
2607 2742 2854 2798 mirabile
2901 2751 3021 2808 est,
3086 2740 3521 2812 quandoquidem

1942 2832 2140 2888 ccelum
2179 2834 2297 2889 solo
2335 2835 2531 2891 intuitu
2575 2836 2897 2905 sapientiam
2932 2836 3023 2892 Dei
3054 2833 3424 2905 magnitudine
3455 2842 3521 2890 ac

1941 2926 2345 2994 pulchritudine
2379 2944 2500 2995 sua,
2539 2939 2593 2983 et
2632 2940 2740 2982 tam
2776 2928 3011 2998 spatiosa
3045 2929 3261 2983 aevitate
3293 2928 3519 2983 demon-

1939 3027 2076 3071 strat
2118 3035 2131 3072 :
2175 3028 2321 3073 terra
2376 3030 2555 3075 autem
2602 3020 2928 3074 alluentibns
2985 3021 3222 3088 undique
3266 3018 3520 3073 ﬂuctibus

253 3106 628 3175 φυλάττουσαν
644 3123 656 3135 ’
686 3110 818 3162 πᾶσι
841 3110 899 3164 δέ
918 3109 1008 3163 τὸν
1029 3110 1244 3167 αἰώνια
1270 3113 1416 3167 ἔλεον
1440 3117 1467 3168 ὁ
1495 3116 1836 3189 μελογράφος

1941 3111 2248 3166 firmitatem
2299 3127 2450 3167 suam
2508 3113 2770 3168 retinens.
2821 3112 2918 3167 llis
2956 3113 3207 3167 omnibus
3257 3121 3515 3166 aeternam

253 3196 593 3264 συνέζευξεν,
620 3200 806 3272 ἐπειδὴ
833 3202 894 3254 οὺ
918 3200 1005 3255 διὰ
1031 3204 1221 3274 χρείαν
1243 3205 1448 3260 οἰκείαν
1468 3210 1496 3261 ό
1520 3207 1672 3275 Θεὸς,
1698 3209 1836 3264 ἀλλὰ

1941 3204 2365 3259 misericordiam
2412 3205 2657 3261 melodus
2700 3205 2983 3269 innexuit,
3036 3205 3300 3274 siquidem
3373 3203 3517 3258 haud

244 3287 345 3342 διὰ
377 3289 544 3361 μόνην
573 3290 979 3362 φιλανθρωπίαν
1003 3293 1430 3370 ἐδημιούργησεν
1456 3299 1690 3355 ἅπαντα.

647 3491 731 3559 Τῷ
758 3493 1089 3559 πατάξαντι
1119 3497 1445 3567 Αἴγυπτον.

324 3585 386 3637 Εἰ
420 3583 494 3656 μὴ
526 3584 803 3651 πέπεισαι,
847 3590 998 3658 φησὶ,
1037 3589 1266 3662 προνοίᾳ
1304 3591 1439 3645 Θεοῦ
1478 3595 1572 3648 καὶ
1608 3595 1833 3667 δυνάμει

243 3677 344 3732 τὸν
368 3679 658 3749 σύμπαντα
693 3680 896 3751 κόσμον
928 3682 1022 3735 καὶ
1046 3680 1114 3735 τὰ
1149 3681 1336 3736 τούτου
1366 3684 1508 3756 μέρη
1544 3686 1834 3760 διακυϐερ-

253 3770 468 3835 νᾶσθαι,
504 3772 562 3824 ἐν
594 3772 880 3843 ἀμφιϐόλῳ
910 3773 968 3826 δὲ
992 3773 1136 3844 ἔχεις
1177 3778 1249 3848 μή
1281 3794 1358 3849 πη
1387 3777 1458 3831 τὰ
1494 3779 1637 3834 κατὰ
1668 3781 1833 3853 μέρος

246 3863 347 3918 καὶ
379 3864 447 3917 τὰ
475 3864 790 3938 ἀνθρώπινα
836 3868 1141 3937 παρορᾶται
1176 3869 1269 3922 ὑπ’
1307 3870 1495 3933 αὑτοῦ,
1527 3872 1719 3939 γνῶθι,
1749 3874 1832 3927 ὅτι

248 3956 348 4008 καὶ
368 3955 477 4009 τῶν
504 3958 595 4011 ἐπὶ
625 3959 727 4030 γῆς
760 3958 858 4028 οὐχ
882 3955 1043 4030 ἦττον
1080 3960 1113 4030 ἢ
1140 3959 1249 4013 τῶν
1283 3964 1404 4015 κατ’
1442 3963 1670 4034 οὐρανὸν
1699 3980 1837 4036 προιέ

249 4055 402 4105 νοεῖ·
437 4053 757 4124 μετέρχεται
787 4054 918 4123 γοῦν
954 4054 1092 4108 κατὰ
1123 4056 1346 4125 χρόνους
1379 4054 1487 4108 τῶν
1528 4055 1830 4128 ἀνθρώπων

248 4141 375 4195 καθ’
401 4142 705 4215 ὑπερϐολὴν
728 4143 920 4208 ἀθέους
946 4146 1041 4199 καὶ
1067 4146 1302 4212 ἀσεϐεῖς,
1332 4146 1521 4220 ὥσπερ
1551 4148 1682 4200 ποτέ
1705 4150 1830 4214 τοὺς

245 4234 579 4301 Αἰγυπτίους
606 4234 889 4305 μετῆλθεν,
923 4236 1015 4289 καὶ
1044 4236 1212 4306 αὐτὴν
1236 4236 1332 4308 τὴν
1362 4238 1667 4306 Αἰγυπτίαν
1694 4240 1825 4310 γῆν.

247 4326 581 4398 Προῒσταται
627 4325 685 4379 δέ
734 4327 894 4381 πάλιν
923 4328 1017 4380 καὶ
1046 4328 1358 4400 ὑπερμαχεῖ
1398 4328 1507 4383 τῶν
1540 4329 1825 4398 θεοφιλῶν,

245 4418 341 4471 καὶ
370 4417 430 4470 οὐ
461 4417 637 4488 μόνων
661 4417 861 4482 αὐτῶν,
888 4418 1025 4472 ἀλλὰ
1045 4421 1139 4472 καὶ
1163 4420 1271 4473 τῶν
1293 4420 1500 4474 τούτων
1520 4422 1824 4491 ἀπογόνων,

1937 3295 2008 3349 ob
2037 3295 2269 3365 aliquem
2316 3311 2474 3350 suum
2524 3311 2677 3350 usum
2707 3294 2850 3350 Deus
2873 3336 2889 3360 ,
2931 3296 3027 3350 sed
3069 3297 3140 3351 ob
3178 3294 3346 3351 solam
3384 3310 3515 3367 erga

1940 3384 2188 3440 homines
2225 3385 2611 3456 benignitatem
2640 3386 2822 3440 omnia
2865 3385 3093 3441 creavit.

2200 3498 2367 3556 Vens.
2397 3500 2485 3555 10.
2523 3500 2629 3565 Qui
2657 3484 2920 3570 percussit
2936 3498 3250 3571 ngyptum.

2009 3588 2065 3644 Si
2111 3588 2252 3645 forte
2295 3592 2439 3645 haud
2471 3591 2672 3655 credis,
2705 3592 2900 3662 inquit,
2930 3592 3023 3646 Dei
3062 3589 3395 3662 providentia
3448 3604 3513 3646 ac

1935 3680 2136 3736 virtute
2176 3683 2490 3737 universum
2543 3684 2802 3737 mundum
2835 3680 3058 3752 ejusque
3103 3693 3282 3751 partes
3312 3683 3510 3752 guber-

1936 3773 2089 3837 nari,
2139 3774 2463 3843 dubitasque
2509 3790 2596 3830 res
2648 3773 2961 3842 singillatim
3014 3774 3281 3827 humanas
3329 3772 3398 3826 ab
3445 3788 3512 3828 eo

1936 3863 2167 3918 fortasse
2212 3864 2429 3935 negligi,
2472 3866 2634 3918 velim
2680 3864 2844 3930 scias,
2892 3864 3067 3932 ipsum
3107 3878 3194 3918 res
3234 3864 3375 3917 haud
3407 3864 3508 3917 mi-

1935 3970 2037 4009 nus
2064 3967 2305 4010 terrenas
2337 3971 2494 4025 quam
2529 3956 2777 4011 caelestes
2813 3971 3026 4011 curare.
3058 3955 3196 4026 Ergo
3229 3956 3509 4027 persequi-

1934 4057 2040 4114 tur,
2069 4050 2400 4117 temporibus
2429 4049 2655 4113 idoneis,
2686 4049 2932 4111 homines
2956 4052 3254 4117 praesertim
3284 4052 3508 4121 insigni-

1935 4149 2019 4195 ter
2051 4139 2384 4209 irreligiosos
2436 4149 2489 4193 et
2542 4140 2769 4208 impios;
2812 4140 2972 4193 sicuti
3015 4139 3306 4208 aliquando
3339 4141 3509 4213 Egy-

1930 4232 2056 4302 ptiis
2090 4246 2386 4300 eormnque
2434 4232 2637 4299 regiuni
2685 4231 2948 4285 incubuit.
2984 4229 3228 4304 Protegit
3266 4234 3504 4288 vicissim

1932 4335 2091 4394 atque
2128 4323 2369 4379 defendit
2415 4323 2640 4376 dilectos
2686 4338 2842 4387 suos,
2902 4339 3079 4393 neque
3130 4325 3226 4378 hos
3275 4335 3503 4390 tantum,

1930 4429 2115 4468 verum
2145 4414 2309 4467 etiam
2347 4413 2583 4480 ipsormn
2635 4421 2913 4480 posteros;
2963 4414 3120 4467 sicuti
3154 4428 3342 4483 reapse
3376 4415 3507 4470 fecit

242 4508 437 4581 ὥσπερ
477 4509 587 4562 τῶν
623 4509 711 4564 διὰ
743 4510 1021 4575 Μωῦσέως
1066 4510 1525 4585 ἡλευθερωμένων
1557 4514 1679 4566 τότε
1723 4513 1825 4584 τῆς

1941 4508 2129 4576 ereptis
2160 4516 2286 4560 tunc
2318 4520 2414 4574 per
2435 4502 2671 4576 Moysem
2704 4503 2772 4557 ab
2794 4502 3170 4576 Egyptiorum
3201 4506 3501 4573 servitute;

242 4602 378 4674 παρ’
407 4603 723 4672 Αἰγυπτίοις
762 4602 1025 4668 δουλείας,
1062 4602 1157 4667 οὒς
1195 4603 1567 4675 ἠλευθέρωσεν
1609 4604 1772 4668 αὐτὸς
1798 4607 1826 4658 ὁ

241 4695 338 4748 ἐπὶ
369 4695 585 4749 πάντων
610 4694 762 4758 Θεὸς,
787 4694 887 4748 οὐκ
916 4694 1090 4758 ἄλλως
1123 4695 1155 4765 ἢ
1190 4696 1532 4769 ἐκτεταμένη
1560 4697 1706 4768 χειρὶ
1729 4697 1825 4750 καὶ

220 4785 454 4857 νίσχυρῷ
491 4785 734 4856 βραχίονι
779 4786 1151 4858 χρησάμενος·
1180 4787 1264 4858 εἴη
1295 4786 1339 4840 δ’
1368 4787 1434 4844 ἂν
1466 4782 1622 4852 οὗτος
1657 4789 1687 4840 ὁ
1728 4787 1823 4842 τοῦ

315 4923 417 4991 (9')
467 4923 630 4978 Deest
660 4925 775 4978 τοῦ.
815 4924 973 4980 Εοιτ.

312 4994 425 5061 (10)
468 4995 521 5047 In
551 4995 829 5048 codicibus
853 4995 913 5048 D.
942 4996 979 5049 f.
1015 4994 1141 5052 257.
1181 4996 1235 5060 b,
1266 5004 1322 5052 et
1344 4996 1411 5052 ϐ.
1446 4996 1482 5051 f.
1524 4996 1653 5062 207,
1695 4996 1816 5054 aliis

238 5065 440 5131 partim
480 5065 656 5117 verbis
684 5065 824 5118 idem
855 5064 967 5119 fere
992 5065 1355 5131 fragmentum
1392 5067 1670 5120 scribitur.
1696 5069 1813 5120 ΕΥ-

239 5132 503 5188 ΣΕΒΙΟΥ.
531 5132 714 5204 Ταῦτα
735 5135 832 5204 μὲν
853 5134 960 5203 εἴη,
982 5137 1135 5204 φασὶ,
1152 5140 1266 5200 τοῖς
1286 5136 1501 5191 ποιοῦσι
1518 5138 1588 5191 τά
1600 5139 1810 5192 εἴδωλα·

238 5204 348 5284 ὁηδὲ
382 5204 506 5289 λαὸς
535 5203 637 5289 τρῦὶ
663 5203 865 5289 κυρίου
899 5203 1002 5289 καὶ
1030 5209 1058 5260 ὁ
1091 5206 1289 5289 κλῆρος
1312 5208 1477 5289 αῦτοῇ
1498 5209 1816 5289 ἁπολαυέτῳ

238 5275 341 5351 τῆς
392 5276 679 5351 είς-αὑτὸν
716 5274 1044 5351 εὐφημίας·
1084 5274 1300 5351 πρῶτον
1345 5274 1816 5351 όΑοῖκος-Ίσραὴλ

237 5341 427 5415 τάγμα
449 5345 511 5397 τὸ
535 5341 900 5416 ὑποϐεϐηκόξ·
934 5341 1053 5401 εἷτα
1075 5341 1138 5399 τὸ
1165 5348 1400 5419 ὑπερανέ
1438 5367 1516 5409 ον,
1546 5341 1693 5413 οἶκος
1721 5341 1814 5403 τᾰῦ

251 5415 463 5467 Ἀαρών
486 5432 499 5444 ’
531 5412 651 5467 εἶτα
686 5417 793 5467 τῶν
825 5417 1011 5467 ἱερέων
1040 5420 1072 5467 ἠ
1106 5420 1255 5467 πᾶσα
1278 5368 1454 5467 inuiti-
1483 5416 1630 5467 οἶκος
1661 5421 1813 5467 Ἀευῒ·

251 5416 463 5485 Ἀαρών
486 5432 499 5444 ’
531 5416 651 5469 εἶτα
686 5417 793 5471 τῶν
825 5417 1011 5488 ἱερέων
1040 5420 1073 5490 η
1106 5420 1255 5471 πᾶσα
1274 5416 1455 5491 quit-li,
1483 5416 1630 5483 οἶκος
1660 5421 1813 5473 Ἀευῖ’

237 5487 334 5564 καὶ
363 5485 869 5564 πάντωνρινώτερον
893 5489 942 5541 οἱ
971 5488 1134 5564 φοϐού
1144 5505 1289 5558 μενοι
1310 5490 1399 5544 τὸν
1414 5490 1817 5564 λΚύριονμπρὸς

236 5554 332 5632 ρῦς
356 5557 392 5632 ,εξ
436 5557 543 5619 πᾶς
572 5554 750 5632 ,ὕμνος
782 5554 1300 5632 ’προεπὲφὼνὴῖαιίῖ
1343 5561 1437 5632 καὶ
1476 5554 1596 5614 κάτ’
1635 5554 1817 5632 apis;

240 5598 328 5618 η,
364 5598 390 5608 ν
443 5598 540 5619 ....,
589 5598 748 5627 ,τη-η
801 5598 1144 5630 ..ριηηὝινη
1176 5598 1255 5611 ...η
1345 5598 1437 5614 η...
1477 5598 1576 5614 η...
1643 5598 1814 5632 ..γχςὴ

239 5626 542 5697 ἐρρέθησαν
566 5626 760 5689 δοῦλοι,
792 5629 858 5682 δι’
887 5621 961 5680 ὧν
982 5630 1105 5692 τοὺς
1134 5598 1199 5695 «ἐξ
1250 5628 1418 5683 ἐθνῶν
1462 5632 1818 5685 πεπιστευκό-

238 5712 338 5759 τας
368 5696 663 5782 ἐδήλωσεν’
693 5698 836 5782 τίνες
872 5700 1059 5782 γὰρ.οί
1092 5699 1542 5782 εξοϐρύμενοικτον
1584 5702 1814 5782 ᾕύιριον,

242 5767 391 5837 παρὰ
421 5767 489 5823 τὰ
522 5769 649 5840 τρία
674 5769 930 5840 τάγματα
951 5767 1059 5823 τῶν
1092 5767 1390 5838 Ἰουδαίων;
1418 5772 1554 5827 Σιὼν
1579 5773 1634 5826 δὲ
1670 5767 1815 5840 λέγει
1895 5816 1901 5822 .

1930 4616 2065 4671 quos
2120 4600 2231 4669 ipse
2280 4598 2580 4654 communis
2631 4597 2774 4653 Deus
2828 4597 3081 4652 liberavit
3129 4600 3269 4653 haud
3318 4599 3499 4666 aliter,

1933 4710 2091 4763 quam
2143 4707 2303 4746 manu
2354 4706 2450 4744 sua
2491 4700 2736 4756 extenta,
2776 4690 3106 4759 braehioque
3150 4690 3276 4746 forti
3322 4700 3499 4745 utens.

1929 4786 2028 4841 Est
2076 4792 2253 4839 autem
2304 4783 2407 4838 hoc
2454 4783 2629 4852 ipsum
2668 4782 2763 4837 Dei
2809 4779 3060 4848 Verbum,
3112 4795 3209 4848 per
3253 4783 3395 4850 quod
3448 4792 3504 4837 et

1927 4923 2445 4995 xal_'lepouaa}.i;u,
2471 4924 2571 4994 τὴν
2596 4922 2684 4976 ἀεὶ
2715 4919 3105 4995 μένουσαν-τοῦ
3148 4918 3285 4995 Θεοῦ
3322 4919 3498 4995 πόλιν,

1927 4941 2021 4980 και
2069 4941 2135 4978 ἰε
2204 4941 2445 4995 υσαΛημ,
2471 4941 2571 4994 την
2596 4941 2684 4976 aet.
2715 4941 2984 4993 μενουσαν
3010 4941 3105 4974 του
3148 4941 3285 4973 σεου
3322 4941 3496 4984 πολιν,

1922 4999 1980 5071 ἐν
2107 4941 2411 5071 τὲῗὰιληθές
2460 4994 2876 5071 κατοικητῄριον
2915 4988 3221 5071 τοῦνθεοῦλ·
3257 4990 3413 5071 ’κατὰ
3439 4990 3496 5045 δέ

1919 5058 2125 5189 νότὸὶἔιν,
2160 5066 2209 5119 οί
2234 5058 2529 5137 διόρατικοὶ
2565 5058 2836 5134 μὲνόῐκος
2865 5060 2960 5114 τοῦ
2998 5058 3214 5132 Ἰσραὴλ
3245 5060 3497 5143 ὀψόμενοι

1923 5154 1994 5189 κα
2032 5137 2139 5189 and
2185 5135 2383 5189 καρδία
2431 5135 2593 5187 Θεόν’
2636 5135 2684 5186 οἱ
2713 5132 2769 5186 δέ
2799 5131 3020 5189 τελείως
3061 5132 3154 5185 καὶ
3208 5132 3497 5189 ίερατικως

1923 5131 2143 5259 καθαρῖ
2185 5131 2383 5208 καρδίᾳ
2431 5131 2593 5219 Θεόνλ
2636 5135 2684 5186 οἱ
2713 5132 2769 5186 δέ
2799 5131 3020 5218 τελείως
3061 5131 3178 5185 καί
3208 5131 3499 5215 ἱερατικῶς

1923 5208 2085 5260 αὐτὸν
2145 5206 2194 5258 εὶ
2217 5206 2635 5265 θεραπευοντες,
2659 5198 2806 5265 οἶκος
2844 5202 3083 5265 ’Λαρωνο
3137 5200 3233 5254 καὶ
3276 5218 3325 5253 οι
3374 5218 3498 5255 του-

1922 5219 2085 5260 αῡτον
2107 5219 2194 5259 aet
2217 5219 2806 5279 θεραπευοντες,οικος
2851 5219 3083 5286 Λαρων·
3137 5219 3233 5254 και
3276 5219 3325 5282 οι
3374 5219 3495 5282 του-

1922 5294 2031 5347 των
2063 5276 2452 5347 ὑποδεέστερον
2478 5273 3109 5347 μὲν,,ἐξυπηρετουμεᾼνοι
3150 5272 3207 5324 δὲ
3249 5288 3495 5347 τῳμαῳ,

1925 5343 2073 5410 οἶκος
2099 5346 2250 5410 Λευῒ,
2275 5337 2370 5409 οὓς
2399 5337 2579 5415 ἄν’τις
2604 5337 2931 5415 νεωκόρους
2949 5337 3259 5415 καλέσειεν·
3298 5337 3423 5395 εἶτα
3440 5337 3492 5415 ῥε

1924 5417 1982 5483 ἐξ
2006 5416 2307 5487 ἀλλογενῶν
2328 5416 2476 5485 φόϐῳ
2509 5413 2641 5487 Θεοῦ
2679 5411 3090 5487 προστιθέμενοι
3110 5428 3149 5487 Ἀ
3162 5411 3362 5487 πάντες
3397 5412 3496 5487 μὲν

1922 5481 2014 5546 οῦν
2045 5481 2374 5555 εὐλογοῦσιν,
2411 5481 2688 5554 ἀναλόγως
2724 5481 2783 5537 δὲ
2829 5481 3080 5555 ἔκαστοι)
3125 5481 3275 5552 δηλοῖ
3309 5482 3366 5535 δὲ
3396 5481 3495 5555 καὶ

1912 5562 2017 5633 ’τὴν
2033 5551 2358 5627 Ἐκκλησίαν
2401 5551 2774 5636 Ἰερουσαλὴμ..3
2813 5555 2912 5626 τὴν
2942 5553 3016 5624 μὴ
3047 5551 3274 5676 ἔχουσαν
3304 5552 3491 5615 σπῖλον

1912 5631 1952 5676 τῇ
2007 5628 2212 5676 ῥυτίδα.
2257 5628 2354 5676 τὴν
2409 5628 2632 5676 εἰρήνην
2673 5628 2903 5676 όοωσαν.
2944 5626 3011 5676 ἦν
3055 5624 3068 5644 ’
3095 5640 3262 5676 mou;
3308 5622 3490 5676 δίδωσι

1909 5626 1985 5702 flii
2007 5626 2227 5702 (Missi,
2257 5628 2354 5702 τὴν
2409 5626 2632 5702 εἰρήνην
2665 5626 2903 5702 ,ὁρῶσαη
2944 5626 3011 5695 ἢν

1905 5682 2126 5770 ³λέγων
2153 5682 2419 5770 Είρήὶοῃν
2443 5682 2558 5770 effr
2580 5682 2734 5770 ἓμῂὴ
2766 5682 2979 5770 δίδωμὶ
2994 5682 3155 5763 apti.

3095 5623 3262 5693 ησοῦς
3308 5622 3490 5676 δίδωσι

1992 5764 2128 5841 (10⁸)
2171 5764 2427 5836 Δηλοῦν.
2462 5764 2620 5822 Ferte
2642 5764 2810 5837 δηλοῖ.
2852 5765 3008 5819 Eutr.
