4062 6400
529 321 602 378 33
1210 315 1482 373 EUSEBII
1520 313 1996 372 CAESARIENSIS
2030 315 2185 372 OPP.
2225 313 2405 370 PARS
2441 315 2527 372 Ill.
2567 345 2637 357 —
2677 311 3091 371 EXEGETICA.
3734 310 3808 366 36

530 439 662 495 olim
707 447 764 493 et
839 451 983 491 nunc
1031 435 1195 490 etiam
1244 445 1436 490 cuncta
1488 435 1805 491 hominibus
1849 434 2111 490 beneficia

2228 431 2348 486 θεοῦ
2379 433 2549 502 Λόγος
2574 433 2709 506 (Η),
2737 432 2802 486 δι’
2835 427 2896 486 οὗ
2924 432 3020 486 καὶ
3045 429 3210 485 πάλαι
3233 431 3327 484 καὶ
3349 429 3444 484 νῦν
3470 429 3567 495 τὰς
3597 433 3677 493 είς
3711 431 3806 483 ἀν-

533 531 840 600 bsnignitas
870 528 962 583 Dei
994 530 1181 597 optimi
1214 529 1448 582 confert.

749 708 913 764 Vens.
946 709 1032 765 l9.
1070 708 1208 763 Seon
1238 725 1412 778 regem
1444 709 1901 766 Anton/imorum.

603 800 956 872 Interpretari
988 801 1225 855 solemus
1248 803 1599 855 Amorrhazos
1625 801 1842 870 quidem
1875 801 2117 874 loquaces

537 904 946 963 exasperaules;
993 905 1048 946 et
1093 893 1284 947 horum
1333 909 1512 962 regem
1555 892 1719 955 Seon,
1777 895 2118 947 temationem

538 991 592 1038 et
612 982 1084 1037 exacerbalionem.
1112 980 1358 1050 Namque
1381 983 1631 1037 homines
1648 983 1951 1051 sophisticae
1975 983 2121 1035 frau-

538 1075 622 1130 dis
664 1075 819 1143 periti
867 1090 1060 1143 aspere
1110 1090 1252 1143 saepe
1299 1075 1614 1144 loquuntur,
1660 1077 1972 1145 pariterque
2005 1076 2116 1128 vel-

540 1166 652 1219 lent
681 1165 930 1219 veritatis
965 1180 1182 1234 quoque
1225 1178 1496 1220 amatores
1547 1167 1925 1221 fraudulenter
1972 1167 2118 1236 loqui

2216 521 2466 594 θρώπους
2507 523 2826 594 εὐεργεσίας
2868 524 2903 594 ἠ
2936 522 3315 593 φιλανθρωπία
3346 522 3440 576 τοῦ
3485 522 3804 591 παναγάθου

2215 615 2350 669 Θεοῦ
2381 615 2796 689 κατειργάσατο.

2427 707 2539 762 Τόν
2564 706 2736 774 Σηὼν
2763 705 3030 772 ,ϐασιλέα
3059 704 3178 760 τῶν
3208 707 3582 774 Ὰμορῤαίων.

2299 797 2726 868 Ἐρμηνεύονται
2754 797 2811 850 δὲ
2858 798 3172 868 Ἀμορραῖοι
3204 797 3302 867 μὲν
3325 795 3577 864 λαλητώ
3616 812 3810 863 παρα-

2219 875 2656 955 πιᾶιραίνοντες,
2693 889 2786 942 καὶ
2817 889 2846 940 ό
2877 886 3082 940 τούτων
3106 886 3358 958 βασιλεὺς
3391 885 3566 957 Σηὼν,
3599 901 3808 954 πειρα-

2220 980 2375 1048 σμὸς
2403 981 2496 1033 καὶ
2525 981 2932 1049 παροργισμός
2955 996 2968 1009 ·
2998 982 3046 1032 οί
3083 978 3246 1032 δεινοὶ
3274 978 3382 1052 γάρ
3423 979 3558 1049 πρὸς
3586 979 3810 1050 ἀπάτην

2223 1072 2542 1143 σοφιστικὴν
2564 1071 3087 1144 καταπικραίνοντές
3108 1072 3247 1124 εἰσιν
3274 1070 3516 1140 λαλητοὶ,
3542 1071 3668 1134 τοὺς
3692 1071 3813 1125 ὅσοι

2222 1165 2322 1234 τῆς
2348 1164 2604 1236 ἀληθείας
2631 1165 2770 1219 είσὶν
2800 1166 3028 1233 ἐρασταὶ
3063 1163 3308 1227 θέλοντες
3342 1164 3435 1217 ἐπὶ
3463 1163 3679 1233 ἀπάτης
3713 1164 3812 1217 λα-

539 1267 595 1311 et
655 1258 936 1319 occinere,
991 1267 1155 1326 atque
1207 1258 1430 1312 omnino
1489 1257 1620 1312 nihil
1677 1259 1820 1312 aliud
1878 1269 2124 1327 spectant

2228 1256 2431 1310 λεῖσθαι
2472 1256 2565 1310 καὶ
2608 1253 2849 1326 ᾄδεσθαι,
2909 1251 3190 1325 πειράζειν
3228 1269 3288 1305 τε
3321 1256 3416 1306 καὶ
3451 1251 3809 1324 παροργίζειν

538 1363 700 1416 quam
730 1357 789 1402 ut
817 1358 1012 1402 vexent
1037 1359 1198 1416 atque
1221 1360 1565 1418 exasperent.
1595 1348 1768 1403 Basan
1795 1365 1947 1416 vero,
1977 1353 2121 1420 quod

2228 1347 2437 1418 ἔχοντες
2465 1347 2556 1400 τὸν
2599 1347 2822 1402 σκοπόν.
2872 1347 3052 1401 Βασάν
3085 1347 3140 1400 δὲ
3173 1348 3478 1415 αίσχύνην
3525 1346 3808 1418 μεθερμη-

537 1442 886 1511 ignominiam
922 1442 1222 1509 signiﬁcat.
1261 1443 1630 1512 improborum
1664 1443 1968 1512 pudendam
2009 1459 2121 1496 ma-

2228 1439 2512 1509 νευομένη,
2560 1439 2660 1510 τὴν
2702 1440 2828 1504 τοὺς
2866 1441 3070 1504 κακοὺς
3107 1439 3572 1510 καταισχύνουσαν
3608 1439 3812 1493 κακίαν

540 1532 715 1587 litiam
751 1536 969 1587 denotat
1000 1553 1012 1586 :
1044 1536 1195 1601 cujus
1241 1551 1334 1590 rex
1364 1535 1445 1590 0n
1482 1551 1608 1590 cum
1645 1537 1785 1591 Seon
1824 1537 2121 1601 occiditur;

2228 1531 2407 1602 δηλοῖ·
2432 1527 2501 1604 ἧς
2524 1531 2553 1583 ὁ
2581 1530 2831 1601 βασιλεὺς
2857 1533 2972 1597 Ὢν,
3003 1533 3098 1586 σὺν
3120 1531 3198 1602 τῷ
3217 1530 3371 1602 Σηὼν
3397 1531 3806 1584 ἀποκτίννυται·

543 1632 603 1678 ut
656 1624 838 1680 lsraeli
893 1635 1035 1680 terra
1097 1642 1260 1696 quam
1306 1626 1446 1682 male
1503 1628 1804 1684 retinebant
1857 1631 2124 1694 tradatur,

2228 1623 2374 1684 ὅπως
2407 1620 2484 1691 τῷ
2522 1621 2738 1695 Ἰσραὴλ
2763 1625 2797 1694 ἠ
2826 1623 2918 1693 γῆ,
2946 1623 3010 1694 ἦν
3037 1623 3222 1687 κακῶς
3250 1621 3533 1694 ἐκράτουν,
3561 1639 3811 1692 σοφιστι-

542 1717 634 1786 qui
680 1718 874 1776 callido
921 1729 976 1774 et
1027 1721 1214 1790 iniquo
1263 1735 1553 1788 possessu,
1608 1722 1951 1793 maligneque
2003 1738 2124 1777 eam

2229 1712 2341 1776 κῶς
2361 1712 2456 1767 καὶ
2485 1714 2622 1784 μετὰ
2659 1715 2938 1786 μοχθηρᾶς
2960 1716 3126 1784 ἕξεως
3151 1717 3277 1788 περὶ
3299 1717 3398 1787 τὴν
3421 1716 3528 1770 τῶν
3550 1717 3815 1788 πραγμά-

543 1809 990 1864 administrantes
1047 1789 1286 1881 ingenio,
1340 1828 1565 1882 regnare
1624 1789 1970 1868 videbantur.
2027 1815 2125 1870 Ve-

2228 1820 2334 1857 των
2362 1803 2730 1876 διατρίϐοντες
2760 1805 2942 1874 φύσιν,
2965 1805 3246 1870 δοκοῦντες
3289 1805 3590 1877 βασιλεύειν
3616 1806 3808 1876 αὐτῆς·

545 1913 850 1956 rumtamen
895 1903 1038 1957 dicta
1082 1913 1225 1959 terra
1275 1905 1360 1960 his
1405 1919 1590 1976 erepta
1645 1909 1879 1963 traditur
1919 1911 1969 1965 in
2000 1926 2124 1966 sor-

546 1999 652 2044 tem
683 1991 899 2056 lsraeli,
936 1992 1081 2046 ﬁdeli
1123 2007 1284 2048 servo
1328 1993 1473 2051 illius
1519 1997 1611 2066 qui
1660 2013 1840 2053 rerum
1881 1999 2122 2054 omnium

544 2094 738 2137 auctor
775 2094 881 2142 est.

619 2174 780 2232 Vsus.
810 2179 898 2233 25.
927 2178 1067 2245 Quia
1102 2182 1157 2235 in
1187 2181 1492 2254 humilitate
1519 2191 1698 2236 nostra
1730 2199 1926 2237 utentur
1944 2182 2045 2254 fuit

1092 2253 1260 2304 nostri
1289 2252 1569 2306 Dominus.

613 2339 671 2395 In
693 2316 1065 2411 superioribus
1091 2359 1307 2414 quoque
1342 2347 1491 2399 varie
1526 2347 1962 2401 demonstratum
1995 2345 2120 2412 fuit,

549 2449 655 2488 non
681 2449 803 2489 eum
835 2436 924 2505 qui
974 2437 1042 2491 de
1092 2435 1320 2492 Judaico
1371 2454 1571 2508 genere
1600 2442 1818 2505 oritur,
1867 2439 2122 2495 lsraelem

546 2537 689 2585 esse,
726 2525 820 2578 sed
853 2539 974 2578 eum
1003 2526 1094 2595 qui
1123 2527 1369 2582 moribus
1396 2528 1596 2599 dignus
1628 2531 1732 2584 hoc
1761 2531 1980 2587 nomine
2017 2545 2122 2586 est.

547 2611 672 2668 Non
701 2616 838 2668 enim
870 2632 1046 2672 omnes
1083 2618 1169 2688 qui
1217 2620 1280 2673 de
1325 2619 1527 2675 Israele
1557 2632 1680 2676 sunt
1708 2660 1724 2685 ,
1773 2622 1828 2675 hi
1869 2633 1992 2677 sunt
2041 2623 2124 2679 ls-

545 2703 656 2758 rael
687 2703 731 2736 “
765 2720 778 2756 :
813 2721 977 2775 neque
1007 2707 1104 2760 illa
1143 2725 1261 2778 qua:
1294 2711 1500 2778 publice
1525 2712 1583 2779 ﬁt
1609 2751 1626 2776 ,
1671 2713 2001 2767 circumcisio
2026 2727 2122 2781 est,

544 2805 602 2849 ut
633 2797 711 2851 ait
741 2799 1034 2866 Apostolus
1061 2839 1076 2863 ,
1109 2803 1198 2853 sed
1229 2802 1283 2855 in
1310 2803 1518 2856 occulto
1563 2807 1738 2873 potius
1782 2805 2004 2862 Judazus
2027 2849 2042 2869 ,
2075 2821 2124 2862 et

544 2889 722 2940 cordis
765 2889 1139 2954 circumcisio,
1189 2909 1292 2946 non
1337 2898 1625 2949 secundum
1647 2897 1896 2963 litteram,
1933 2904 2023 2953 sed
2070 2903 2126 2956 in

543 2977 729 3040 spiritu
756 2995 777 3031 :
807 2979 961 3048 cujus
996 2981 1112 3035 laus
1148 2999 1251 3037 non
1275 3000 1339 3038 ea:
1367 2986 1688 3053 hominibus,
1719 2992 1810 3044 sed
1839 3007 1904 3045 ea:
1935 2992 2039 3046 Deo
2056 2993 2122 3048 δ’.

2225 1895 2338 1948 ἀλλ’
2387 1896 2749 1968 ἀφαιρεθεῖσα
2791 1897 2971 1950 αὐτῶν
3021 1901 3055 1968 ὴ
3115 1899 3527 1971 ἐρμηνευομένη
3579 1899 3672 1971 γῆ,
3731 1899 3815 1962 είς

2226 1988 2554 2059 κατάσχεσιν
2583 1988 2664 2061 τῷ
2715 1989 2932 2063 Ἰσραὴλ
2969 1991 3168 2046 δίδοται
3204 1993 3296 2046 ἐπὶ
3333 1991 3412 2064 τῷ
3453 1994 3815 2064 κληρονομεῖν

2225 2081 2414 2153 αὐτὴν,
2451 2080 2621 2153 δούλῳ
2647 2083 2854 2154 γνησίῳ
2879 2081 2974 2137 τοῦ
3005 2083 3222 2137 πάντων
3264 2083 3440 2138 αἰτίου
3463 2085 3809 2154 τυγχάνοντι.

2229 2171 2358 2226 Ὀτι
2398 2171 2470 2225 ἐν
2507 2172 2583 2241 τῇ
2633 2172 2987 2298 ταπεινώοὲςι
3035 2173 3204 2243 ἡμῶν
3259 2173 3531 2245 ἐμνήσθη
3562 2173 3748 2246 putt?»-
3781 2178 3816 2229 ό

2949 2263 3134 2298 υοιοο.

2949 2263 3134 2312 υριος.

2297 2331 2408 2385 Καὶ
2452 2332 2509 2384 ἐν
2553 2334 2667 2396 τοῖς
2695 2333 2952 2405 ἀνωτέρω
2997 2333 3270 2406 διαφόρως
3311 2335 3659 2390 ἐπεδείκνυτο
3712 2337 3818 2390 Ἰσ-

2229 2421 2386 2494 ραὴλ,
2416 2424 2476 2476 οὐ
2525 2424 2584 2477 τὸ
2627 2425 2783 2493 γένος
2834 2426 2943 2481 τῶν
3007 2426 3275 2480 Ἰουδαίων
3314 2428 3596 2499 ὑπάρχων,
3635 2427 3753 2482 ἀλλ’
3785 2430 3817 2481 ὁ

2225 2512 2434 2564 τοιόσδε
2462 2516 2561 2583 τῆς
2579 2513 2887 2580 θεοσεϐείας
2908 2517 3126 2589 τρόποις
3145 2518 3274 2588 (12)’
3289 2521 3371 2572 Οὐ
3392 2519 3502 2588 γὰρ
3517 2517 3743 2584 πάντες
3758 2521 3815 2572 οι

2224 2601 2294 2665 ἐξ
2323 2602 2587 2671 Ἰσραὴλ.
2609 2601 2774 2659 οὗτοι
2806 2605 3074 2674 Ἰσραήλ·
3101 2607 3243 2661 οὐδὲ
3257 2609 3294 2676 ἠ
3309 2607 3379 2660 ἐν
3395 2608 3474 2674 τῷ
3487 2608 3723 2678 φανερῷ
3742 2611 3816 2661 ἐν

2225 2693 2407 2761 σαρκὶ
2438 2695 2744 2764 περιτομὴ,
2787 2698 2930 2750 κατὰ
2957 2697 3048 2751 τὸν
3062 2697 3401 2760 ’Δπόστολον,
3433 2698 3572 2752 ἀλλ’
3595 2697 3710 2753 ὀὲν
3733 2697 3816 2764 τῷ

2225 2783 2470 2852 κρυπτῷ
2498 2784 2788 2852 Ἰουδαῖος
2808 2828 2823 2851 ,
2854 2787 2950 2840 καὶ
2971 2786 3254 2856 περιτομὴ
3275 2787 3523 2857 καρδίας
3538 2791 3609 2842 οὐ
3630 2787 3815 2859 τράμ-

2219 2892 2358 2944 pars
2374 2874 2535 2929 ἀλλὰ
2550 2877 2855 2944 πνεύματι·
2872 2873 2944 2933 οὗ
2959 2881 2992 2931 o'
3004 2876 3371 2942 ἕπαινοςούκ
3387 2878 3457 2943 ἐξ
3468 2877 3814 2948 ἀνθρώπων,

2226 2965 2362 3018 ἀλλ’
2383 2966 2451 3018 ἐκ
2473 2965 2582 3020 τοῦ
2602 2967 2770 3020 θεοῦ·
2796 2966 2890 3020 καὶ
2917 2967 3064 3038 ἡμᾶς
3079 2963 3172 3020 οὖν
3203 2968 3330 3031 τοὺς
3350 2967 3409 3032 ἐξ
3437 2968 3819 3040 ἐθνῶν,(ἡμεῖς

549 3063 659 3120 Nos
711 3080 925 3136 quoque
975 3072 1141 3140 igitur
1170 3074 1260 3142 qui
1310 3089 1376 3130 ex
1419 3077 1656 3134 ethnicis
1707 3082 1957 3136 veninnis
2001 3089 2123 3152 (nos

2228 3058 2334 3127 γάρ
2373 3059 2540 3128 ἐσμεν
2576 3060 2609 3130 ἡ
2660 3059 2931 3152 περιτοιμὴ
2966 3060 3059 3112 καὶ
3092 3059 3344 3131 ἀληθινὸς
3400 3060 3662 3132 Ἰσραὴλ),
3693 3061 3820 3113 ελο-

547 3156 693 3211 enim
741 3173 930 3230 reapse
985 3163 1332 3220 circumcisio
1381 3183 1571 3223 sumus
1617 3185 1888 3242 verasque
1937 3175 2123 3245 Israel)

2231 3147 2480 3218 τρώσατο
2510 3150 2720 3214 ἐκκτῶν
2754 3135 2965 3222 ἐχίῖρῶν
3009 3153 3166 3224 ἡμῶν
3219 3152 3418 3224 μᾶλλον
3457 3152 3490 3223 ἢ
3536 3152 3814 3218 ἐκείνους’

552 3269 671 3319 nos,
703 3256 922 3324 inquam
951 3298 967 3322 ,
996 3261 1180 3328 potius
1210 3275 1274 3317 ex
1309 3263 1544 3320 inimicis
1576 3267 1840 3334 liberavit,
1874 3285 2034 3340 quam
2064 3273 2130 3326 il-

551 3345 653 3400 los.
690 3347 901 3402 Etenim
956 3351 1031 3406 illi
1059 3367 1123 3406 ex
1173 3353 1407 3425 Egypto
1447 3360 1812 3423 discedentes,
1841 3377 2131 3430 corporeos

553 3438 805 3509 fugerunt
835 3453 1114 3512 tyrannos.
1133 3444 1519 3503 Verumtamen
1546 3454 1730 3519 pravis
1757 3455 1998 3509 moribus
2021 3457 2132 3510 aui-

553 3549 669 3586 mas
699 3551 824 3590 suas
855 3535 1162 3594 inﬁcientes
1186 3580 1201 3605 ,
1228 3541 1606 3596 occubuerunt
1636 3544 1686 3596 in
1721 3545 1936 3601 deserto
1969 3548 2133 3603 idolo-

551 3622 724 3677 latrize
756 3623 942 3682 dediti.
971 3624 1080 3680 Nos
1108 3637 1289 3682 autem
1327 3643 1514 3683 revera
1565 3633 1796 3686 redemit
1825 3637 1892 3690 de
1936 3639 2131 3694 animae

550 3725 751 3766 nosme
801 3713 1050 3770 hostibus
1075 3757 1090 3782 ,
1128 3733 1448 3788 memorque
1499 3722 1668 3775 nostri
1705 3727 1880 3794 magis
1937 3729 2037 3784 l‘uit
2072 3731 2126 3784 in

454 3831 461 3844 ι
551 3803 855 3860 humilitate
907 3816 1093 3862 nostra
1147 3824 1308 3877 quam
1349 3811 1584 3870 illorum.
1622 3813 1868 3885 Namque
1905 3817 1977 3871 illi
2009 3819 2130 3887 qui-

553 3892 675 3947 dem
708 3910 935 3964 corpore
967 3899 1275 3954 serviebant
1302 3900 1590 3972 Egyptiis.
1625 3917 1823 3960 nostrae
1855 3923 1985 3962 vero
2015 3912 2131 3964 aui-

556 3999 656 4037 tua:
685 3984 918 4040 ludibrio
941 3996 1101 4041 erant
1128 3988 1486 4058 daemonibus,
1521 4004 1575 4048 et
1605 3997 1704 4050 sub
1739 3997 1896 4052 malis
1927 4001 2131 4070 spiriti-

552 4073 656 4130 bus
687 4076 956 4131 humiliati
988 4093 1224 4137 eramus.
1261 4080 1433 4138 Tanta
1467 4100 1595 4138 vero
1625 4100 1709 4141 est
1761 4089 2130 4146 misericordia

554 4164 672 4229 Dei,
707 4176 890 4222 utnon
923 4171 1098 4223 solum
1127 4172 1334 4242 piorum
1371 4189 1554 4229 curam
1587 4189 1760 4247 gerat,
1795 4191 1848 4233 et
1877 4181 1978 4235 sibi
2005 4198 2130 4250 pro-

553 4259 940 4328 pinquantibus
976 4263 1249 4330 consulat,
1294 4279 1480 4320 verum
1510 4269 1676 4323 etiam
1703 4279 1992 4327 terrestres
2014 4288 2132 4328 om-

552 4367 651 4408 nes
679 4354 1019 4422 providentia
1046 4369 1143 4408 sua
1178 4358 1599 4428 complectatur,
1636 4378 1811 4432 neque
1839 4365 2130 4421 rationales

553 4443 726 4500 solum
758 4447 854 4500 sed
902 4448 1069 4501 etiam
1127 4449 1474 4506 irrationales
1502 4492 1518 4518 ,
1545 4456 1867 4524 cunctisque
1894 4458 1947 4511 in
1985 4467 2126 4512 terra
2159 4487 2208 4548 ο

553 4537 812 4592 alimenta
857 4539 1224 4597 animantibus
1271 4543 1549 4613 praebeat,
1599 4547 1890 4618 unicuique
1943 4552 2129 4620 generi

554 4628 770 4694 idonea,
819 4638 875 4684 et
910 4631 1038 4683 vita:
1087 4633 1398 4688 necessaria
1426 4636 1733 4705 suppeditet
1766 4652 1782 4692 :
1822 4647 1877 4692 ct
1911 4655 2008 4694 nos
2037 4641 2132 4694 de-

553 4734 698 4772 mum
737 4721 788 4774 iu
822 4721 989 4776 oculos
1027 4723 1151 4776 hinc
1181 4723 1498 4779 transferat.
1548 4727 1912 4793 Quamobrem
1951 4747 2132 4786 sermo

553 4809 854 4866 Psalmistaa
880 4825 1162 4883 postquam
1185 4817 1342 4882 dixit,
1372 4814 1478 4882 Qui
1499 4817 1591 4870 dat
1620 4835 1792 4874 escam
1817 4823 1960 4876 omni
1983 4824 2130 4876 carni

555 4917 658 4957 nos
691 4904 743 4956 in
787 4904 985 4958 coelum
1039 4907 1397 4973 transmittit,
1448 4923 1637 4963 rursus
1678 4911 1867 4967 dicens
1901 4931 1914 4966 :
1947 4912 2121 4976 Conﬁ-

554 4996 737 5050 semiui
773 4995 904 5061 Deo,
933 4999 1071 5065 cazli,
1102 5001 1352 5071 quoniam
1380 5003 1436 5056 in
1474 5012 1730 5057 retentum
1771 5006 2132 5060 misericordia

548 5087 692 5159 ejus.

1013 5179 1332 5240 PSALMUS
1378 5183 1665 5240 CXXXVI.

617 5273 783 5329 Caret
833 5273 924 5330 hic
975 5275 1217 5345 psalmus
1274 5278 1430 5333 titulo
1485 5280 1628 5349 apud
1676 5278 1964 5350 Hebraeos;
2002 5298 2125 5339 nam

625 5459 674 5493 “
706 5459 866 5516 Rom.
893 5477 971 5525 ιι,
995 5459 1048 5516 6.
1127 5459 1174 5492 δ’
1213 5460 1371 5516 Itoni.
1399 5478 1461 5529 ll,
1490 5463 1583 5532 28,
1623 5463 1713 5519 29.

623 5600 746 5672 (ll)
767 5601 964 5672 Recole
990 5601 1212 5672 omnino
1244 5601 1498 5657 adnotata
1532 5617 1562 5656 a
1600 5604 1759 5661 nobis
1793 5606 1844 5660 in
1883 5615 2117 5662 tractatu

555 5670 832 5742 SQCyriIli
883 5671 958 5742 De
1014 5671 1187 5726 Mevia
1219 5673 1462 5741 deipara,
1511 5688 1632 5742 cap.
1679 5675 1736 5738 5,
1783 5677 1851 5732 de
1897 5677 2126 5731 Domino

551 5741 704 5808 Iesu,
747 5758 845 5812 pro
893 5741 1079 5808 Josue,
1113 5743 1424 5800 exeuntium
1476 5741 1708 5814 Egypto
1753 5745 2124 5802 Israelitaruin

2231 3243 2280 3293 oi
2318 3242 2415 3312 μὲν
2444 3242 2552 3313 γὰρ
2586 3242 2644 3307 ἐξ
2674 3245 2950 3312 Αἰγύπτου
2994 3244 3366 3317 προελθόντες,
3403 3247 3530 3309 τοὺς
3577 3263 3820 3317 σωματι-

2232 3333 2362 3396 κοὺς
2405 3332 2663 3402 ἐξέφυγον
2719 3337 3050 3406 τυράννουςσ
3108 3335 3437 3408 ἐπαγόμενοι
3481 3338 3538 3390 δὲ
3588 3341 3646 3392 ἐν
3693 3343 3820 3405 ταῖς

2231 3422 2438 3476 ἑαυτῶν
2470 3423 2669 3495 ψυχαῖς
2690 3427 2816 3489 τοὺς
2843 3426 3058 3489 ἀσεϐεῖς
3088 3427 3345 3498 τρόπους,
3371 3427 3726 3482 πεπτώκασιν
3757 3431 3818 3484 ὲν

2231 3518 2296 3586 τῇ
2334 3516 2524 3587 ἐρήμῳ
2550 3516 3125 3588 είδωλολατρήσαντες.
3171 3520 3349 3590 Ἡμᾶς
3371 3520 3426 3573 δὲ
3451 3520 3666 3591 ἀληθῶς
3697 3521 3822 3574 ἐλυ-

2231 3605 2476 3677 τρώσατο
2533 3609 2598 3661 ἐκ
2649 3609 2757 3661 τῶν
2821 3612 2920 3680 τῆς
2987 3610 3167 3682 ψυχῆς
3221 3612 3378 3683 ήμῶν
3437 3611 3668 3684 ἐχθρῶν,
3722 3615 3822 3666 καὶ

2231 3698 2473 3770 ἐμνήσθη
2524 3699 2680 3771 ἡμῶν
2731 3701 2789 3753 ἐν
2830 3704 2896 3772 τῇ
2945 3702 3274 3756 ταπεινώσει
3318 3703 3475 3775 ήμῶν
3528 3703 3726 3774 μᾶλλον
3783 3705 3818 3776 ἢ

2231 3789 2457 3844 ἐκείνων
2481 3807 2493 3820 ·
2530 3793 2580 3844 οἱ
2620 3790 2719 3862 μὲν
2762 3791 2873 3863 γάρ
2914 3793 3161 3864 σώμασιν
3193 3796 3471 3850 ἐδούλευον
3505 3800 3618 3860 τοῖς
3646 3799 3819 3865 Λίγυ-

2232 3880 2430 3945 πτίοις,
2459 3882 2619 3952 ἡμεῖς
2661 3880 2718 3934 δὲ
2753 3885 2874 3946 ταῖς
2901 3883 3104 3954 ψυχαῖς
3138 3885 3330 3949 αὐταῖς
3372 3886 3642 3958 δαιμόνων
3675 3884 3820 3960 ἦμεν

2231 3973 2477 4043 παίγνια,
2512 3974 2607 4027 καὶ
2648 3973 2752 4027 ὑπὸ
2779 3977 2894 4038 τοῖς
2928 3981 3184 4048 πονηροῖς
3223 3978 3530 4049 πνεύμασιν
3567 3975 3708 4051 ἦμεν
3738 3997 3823 4033 τεο

2231 4067 2642 4138 ταπεινωμένοι.
2684 4065 2948 4121 Τοσοῦτον
2979 4069 3038 4122 δέ
3081 4071 3196 4123 ἐστι
3240 4070 3302 4124 τὸ
3342 4071 3490 4136 ἕλεος
3521 4073 3616 4124 τοῦ
3657 4072 3819 4137 Θεοῦ,

2229 4155 2306 4219 ώς
2337 4158 2410 4229 μὴ
2454 4159 2613 4228 μόνον
2646 4157 2902 4231 κήδεσθαι
2939 4160 3048 4215 τῶν
3084 4160 3373 4226 θεοσεὸῶν,
3405 4164 3499 4218 καὶ
3531 4164 3638 4217 τῶν
3668 4164 3820 4235 αὐτῷ

2231 4248 2641 4320 πλησιαζόντων
2687 4251 3017 4320 φροντίζειν,
3069 4253 3206 4308 ἀλλὰ
3253 4257 3346 4309 καὶ
3397 4257 3615 4311 πάντων
3668 4258 3822 4324 ἅπαξ

2229 4340 2419 4405 ἁπλῶς
2455 4341 2563 4396 τῶν
2598 4343 2691 4396 ἐπὶ
2725 4345 2828 4414 γῆς
2865 4345 2963 4417 τὴν
2999 4347 3254 4417 πρόνοιαν
3291 4349 3581 4413 ποιεῖσθαι,
3617 4351 3714 4405 καὶ
3754 4353 3819 4404 οὗ

2231 4432 2466 4502 λογικῶν
2516 4434 2692 4505 μόνων
2747 4435 2885 4490 ἀλλὰ
2928 4439 3021 4491 καὶ
3067 4439 3297 4508 ἀλόγων,
3351 4441 3428 4505 ὡς
3468 4443 3822 4514 ἐπιχορηγεῖν

2231 4524 2440 4594 τροφὰς
2467 4527 2600 4579 πᾶσι
2626 4529 2740 4591 τοῖς
2775 4529 2869 4582 ἐπὶ
2897 4530 3000 4601 γῆς
3033 4529 3218 4598 ζώοις,
3245 4531 3459 4602 ἑκάστῳ
3489 4550 3548 4586 τε
3573 4534 3718 4602 γένει
3748 4533 3822 4588 τὰ

2233 4618 2538 4690 πρόσφορα,
2588 4621 2680 4673 καὶ
2728 4621 2796 4674 τὰ
2848 4623 3158 4695 κατάλληλα
3205 4625 3342 4697 πρὸς
3388 4629 3488 4696 τὴν
3523 4626 3666 4698 ζωὴν
3715 4626 3820 4681 δω-

2239 4709 2482 4781 ρεῖσθαι,
2523 4711 2775 4767 ἐντεῦθέν
2832 4732 2893 4767 τε
2949 4715 3112 4769 πάλιν
3167 4717 3248 4780 είς
3299 4718 3528 4790 οὐρανὸν
3586 4718 3817 4790 διήκειν.

2233 4801 2436 4874 Διόπερ
2481 4803 2688 4874 ὁλόγος
2734 4807 2872 4876 μετὰ
2915 4807 2975 4860 τὸ
3019 4807 3207 4877 φάναι,
3248 4809 3310 4863 Ὀ
3344 4809 3550 4876 διδοὺς
3587 4811 3822 4880 τροφὴν

2235 4892 2406 4964 πάσῃ
2451 4897 2662 4964 σαρκὶ,
2696 4899 3010 4970 ἀναπέμπει
3055 4901 3202 4972 ἡμᾶς
3250 4904 3329 4966 είς
3367 4902 3629 4974 οὐρανὸν,
3664 4899 3821 4967 αὖθις

2238 4981 2444 5054 λέγων’
2479 4987 2972 5060 Ἐξομολογεῖσθε
3001 4991 3083 5057 τῷ
3114 4991 3240 5058 Θεῷ
3282 4993 3389 5048 τοῦ
3423 4995 3706 5063 οὐρανοῦ,
3727 4994 3820 5049 ὅτι

2234 5077 2325 5142 εὶς
2339 5077 2448 5131 τὸν
2460 5077 2645 5133 αἰῶνα
2662 5081 2730 5134 τὸ
2745 5083 2918 5149 ἕλεος
2932 5084 3143 5139 αὐτοῦ.

2764 5175 3056 5232 “mox
3100 5178 3282 5245 ΡΛςν.

2319 5264 2378 5317 ’0
2429 5264 2620 5336 παρὼν
2674 5266 2920 5340 ψαλμὺς,
2970 5270 3344 5342 ἀνεπίγραφος
3398 5272 3636 5344 ὑπάρχει
3685 5273 3818 5343 παρ’

2233 5603 2392 5678 duce.
2423 5601 2558 5658 Nam
2617 5614 2673 5660 et
2735 5604 3002 5678 Eusebius
3066 5605 3387 5676 conspirare
3449 5621 3572 5662 cum
3631 5601 3821 5678 Cyrilll

2233 5675 2577 5743 aliorumque
2609 5677 2879 5731 sententia
2913 5677 3146 5732 videtur.

2308 5745 2423 5818 (12)
2457 5745 2593 5802 Cod.
2622 5747 2843 5819 τρόπος.
