4062 6400
264 343 332 402 ΞΊ
1391 349 1896 408 COMMENTABIA
1933 348 2002 404 IN
2038 350 2380 408 PSALMOS.
3173 413 3176 416 ,
3461 353 3531 409 58

273 463 565 536 Ἑϐραίοις,
613 467 707 519 καὶ
751 465 875 520 οὔτε
911 466 1054 532 τίνος
1095 469 1212 523 ἐστὶ
1240 471 1678 544 προγέγραπται,
1727 470 1845 524 οὔτε

1960 483 2134 537 neque
2165 470 2281 539 ejus
2309 483 2498 526 auctor
2544 472 2876 537 inscribitur,
2919 485 3094 541 neque
3121 471 3274 538 cuius
3310 475 3529 542 generis

265 556 420 609 ποίου
449 557 702 627 τυγχάνει
729 559 935 622 εἴδους·
974 560 1090 614 ἀλλ’
1119 561 1235 615 ἔστι
1274 563 1403 634 ψιλὴ
1436 565 1742 635 προφητεία
1781 568 1845 618 ἐκ

264 648 557 720 προσώπου
601 650 710 705 τῶν
757 653 813 704 ἐν
858 652 1136 708 Βαϐυλῶνι
1185 655 1492 726 γενομένων
1539 656 1840 728 λεγομένη·

266 741 358 794 καὶ
386 740 544 794 τοῦτο
568 742 623 794 δέ
652 743 949 814 σημειώσει
977 746 1053 810 ὡς
1081 747 1137 799 ἐν
1165 764 1305 800 τισιν
1331 747 1440 802 τῶν
1468 749 1841 820 ἀντιγράφων,

266 833 408 886 ¹λειατά
438 834 994 909 τοὺςἘϐδομήκοντα,
1026 841 1427 913 ἐπιγέγραπται
1466 843 1718 912 Ἀγγαίου
1753 843 1845 898 καὶ

267 924 557 996 Ζαχαρίου.

265 1016 570 1085 Μακάριος
615 1017 684 1085 ὃς
733 1019 1145 1144 ἀνταποδὲὒσει
1192 1038 1288 1076 σοι
1346 1023 1412 1077 τὸ
1459 1024 1844 1095 ἀνταπόδομά

1035 1110 1130 1144 ου.

1035 1110 1130 1144 OU.‘

345 1177 404 1230 Ὀ
455 1181 801 1252 μακαρισμὸς
847 1183 926 1245 εἰς
984 1183 1223 1248 ἐκείνους
1277 1186 1667 1257 περιστήσεται
1718 1187 1844 1250 τοὺς

261 1269 614 1335 ἀποδιδόντας
659 1272 726 1325 τά
761 1274 1021 1344 ἀμοιϐαῖα
1064 1279 1130 1348 τῇ
1176 1276 1476 1341 Βαϐυλῶνι,
1507 1279 1602 1331 καὶ
1642 1279 1733 1333 τὸν
1775 1280 1844 1334 τά

261 1364 432 1434 νήπια
449 1365 629 1418 αὐτῶν
645 1383 824 1439 προσα
833 1368 1099 1438 ράσσοντα
1119 1372 1185 1440 τῇ
1207 1369 1381 1442 πέτρα
1406 1371 1500 1424 καὶ
1517 1371 1843 1438 ἀναιροῦντα

263 1453 436 1508 αὑτά·
473 1458 569 1509 καὶ
597 1458 705 1530 γάρ
733 1458 812 1528 τῷ
845 1458 988 1524 ὄντι,
1011 1460 1072 1513 τὸ
1103 1461 1201 1531 μὲν
1235 1459 1450 1532 πρῶτον
1485 1463 1751 1533 μακάριον
1774 1457 1844 1534 ἦν

261 1545 324 1598 τὸ
377 1548 451 1619 μὴ
495 1548 792 1603 θεάσασθαί
837 1568 964 1604 ποτε
993 1553 1092 1622 τὴν
1132 1552 1455 1618 Βαϐυλῶνα,
1493 1554 1626 1624 μηδὲ
1674 1556 1730 1606 ἐν
1774 1556 1840 1625 τῇ

265 1639 524 1709 συγχύσει
567 1642 817 1710 γενέσθαι
859 1644 967 1697 τῶν
1011 1644 1214 1715 ταύτης
1247 1644 1470 1700 κακῶν·
1519 1649 1565 1700 εί
1602 1646 1657 1700 δὲ
1698 1646 1844 1712 ἆπαξ

259 1745 349 1791 τις
375 1729 586 1797 γένοιτο
619 1732 676 1784 ἐν
708 1733 845 1804 αὐτῇ
877 1733 1170 1787 ἀποπεσὼν
1198 1735 1307 1788 τῶν
1341 1735 1684 1806 κρειττόνων,
1735 1754 1842 1806 μα·-

1947 575 2167 615 carmen
2201 562 2311 629 sit,
2343 564 2565 622 dicitur.
2619 566 2795 620 Porro
2821 575 2905 620 est
2941 565 3168 633 simplex
3203 567 3484 634 prophetia
3513 605 3532 633 ,

1946 669 2102 734 quas
2141 657 2400 709 recitatur
2437 673 2501 710 ex
2565 660 2902 727 captivorqu
2956 656 3230 728 Babylone
3279 670 3533 724 persgna.

1948 746 2079 813 Ejus
2119 747 2198 799 rei
2243 747 2502 800 indicimn
2527 757 2629 811 est,
2660 748 2806 817 quod
2845 749 2897 801 iu
2935 746 3142 815 aliquot
3181 745 3532 814 Septuaginta

1946 837 2308 908 interpretum
2372 840 2776 909 exemplaribus
2832 840 3153 894 inscribitur
3221 840 3423 908 Aggmo
3477 848 3534 892 et

1947 929 2246 983 Zacharitc.

1982 1023 2149 1077 Vens.
2186 1023 2239 1077 8.
2290 1021 2489 1077 Beatus
2522 1024 2611 1094 qui
2644 1024 2916 1146 (retrib'uet
2961 1023 3057 1076 tibi
3103 1023 3494 1078 retributionem

2668 1111 2790 1146 nam
2817 1133 2831 1146 .

2668 1111 2790 1146 nam
2817 1111 2831 1146 .'

2016 1185 2302 1241 Beatitudo
2348 1185 2455 1239 illis
2487 1194 2787 1255 reputatur,
2836 1185 2926 1254 qui
2961 1186 3218 1241 talionem
3270 1185 3526 1256 Babyloni

1949 1278 2192 1343 reddent,
2218 1288 2270 1332 et
2300 1278 2389 1347 qui
2420 1277 2673 1347 parvulos
2697 1277 2813 1345 ejus
2843 1287 3006 1347 petra:
3031 1277 3202 1332 illisos
3230 1280 3524 1332 uecabunt.

1950 1369 2157 1424 Revera
2217 1371 2361 1423 enim
2415 1370 2468 1422 in
2505 1368 2694 1437 primis
2750 1370 2964 1422 beatum
3013 1368 3202 1422 inisset
3253 1385 3527 1437 nunquam

1944 1476 2170 1516 eernere
2200 1459 2530 1530 Babylonem
2560 1499 2576 1524 ,
2613 1474 2788 1528 neque
2819 1459 2872 1513 in
2903 1458 3166 1512 malorum
3200 1459 3318 1528 ejus
3357 1459 3532 1512 collu-

1945 1555 2032 1608 vie
2062 1553 2292 1608 versari.
2331 1551 2437 1606 Sed
2477 1560 2765 1620 postquam
2810 1549 3007 1618 aliquis
3034 1535 3400 1619 prosperitate.
3433 1551 3528 1604 de-

1939 1645 2116 1714 jcetus
2142 1685 2158 1711 ,
2187 1643 2293 1696 illic
2319 1642 2654 1704 exstitisset,
2692 1640 2882 1694 beatus
2909 1655 3042 1694 sane
3073 1647 3441 1707 reputaretur.
3477 1637 3524 1692 si

1945 1748 2066 1803 qua:
2091 1747 2282 1802 passus
2313 1743 2458 1786 esset
2485 1769 2499 1795 ,
2538 1730 2768 1784 invicem
2805 1729 3126 1784 retribueret
3150 1766 3167 1792 ,
3198 1739 3256 1783 et
3288 1727 3527 1798 Babylo-

261 1820 453 1893 κάριος
481 1822 546 1877 ἂν
592 1823 677 1896 εἴη
711 1826 758 1877 εἰ
796 1824 832 1879 ἃ
874 1826 1140 1881 πέπονθεν
1194 1828 1490 1899 ποιήσειεν,
1533 1828 1625 1880 καὶ
1668 1830 1844 1881 ἀνται-

1948 1827 2067 1880 nios
2121 1825 2364 1879 vicissim
2400 1825 2901 1893 captivatet,atque
2936 1822 3082 1890 ipsas
3103 1820 3525 1890 Babyloniorum

261 1914 672 1988 χμαλωτήσειεν
696 1919 822 1982 τοὺς
855 1918 1246 1983 Βαϐυλωνίους,
1283 1921 1376 1973 καὶ
1406 1920 1576 1984 αύτάς
1603 1919 1702 1984 τάς
1735 1920 1842 1974 τῶν

262 2006 620 2062 Βαϐυλωνίων
648 2008 826 2080 ψυχὰς
862 2012 1162 2081 μεταγάγοι
1196 2011 1287 2064 ἐπὶ
1319 2011 1410 2065 τὸν
1444 2011 1538 2064 τοῦ
1582 2012 1714 2065 Θεοῦ
1749 2012 1843 2081 φό-

261 2097 378 2152 ϐον.
421 2100 484 2153 Ei
525 2100 580 2153 δὲ
629 2102 720 2154 καὶ
765 2102 834 2154 τὰ
887 2103 1056 2173 νήπια
1101 2103 1280 2156 αὐτῶν
1318 2103 1392 2175 μὴ
1436 2106 1842 2174 συγχωρήσειεν

259 2190 517 2262 αὐξῆσαι,
549 2191 686 2245 ἁλλά
733 2193 1072 2263 συντρίψειεν
1114 2194 1251 2265 πρὸς
1286 2197 1352 2266 τῇ
1395 2195 1592 2265 πέτρᾳ,
1632 2193 1840 2249 πολλῶν

257 2281 327 2335 ἂν
365 2283 575 2351 γένοιτο
615 2284 1046 2357 μακαριώτερος.
1087 2286 1409 2348 Βαϐυλῶνος
1451 2286 1510 2339 δὲ
1557 2287 1725 2358 νήπια
1775 2286 1842 2340 τὰ

258 2370 558 2442 σπέρματα
595 2373 696 2442 τῆς
739 2374 958 2438 κακίας,
995 2375 1089 2428 καὶ
1118 2374 1214 2439 τὰς
1241 2375 1415 2446 ἀρχὰς
1446 2375 1554 2428 τῶν
1589 2393 1843 2446 συγχυτι-

259 2463 377 2516 κῶν
439 2465 871 2536 ἁμαρτημάτων,
911 2467 1012 2520 οὐκ
1072 2467 1137 2521 ἂν
1176 2469 1445 2540 ἁμάρτοις
1483 2467 1682 2522 εἰπών·
1709 2468 1744 2521 ἃ
1777 2469 1842 2540 δὴ

257 2554 339 2626 τῷ
375 2555 518 2627 λόγῳ
547 2557 625 2628 τῷ
664 2557 915 2628 σωτηρίῳ
955 2559 1007 2629 (ἡ
1045 2559 1219 2630 πέτρα
1263 2559 1372 2632 γάρ
1412 2556 1479 2631 ἦν
1517 2562 1546 2613 ό
1589 2560 1842 2632 Χριστὸς)

259 2650 509 2721 ἀναιρεῖν
549 2649 684 2720 πρὸς
718 2650 778 2703 τὸ
827 2650 900 2722 μὴ
927 2651 1111 2718 αὔξειν
1135 2694 1148 2717 ,
1180 2652 1316 2723 μηδὲ
1349 2653 1429 2716 είς
1470 2652 1607 2724 ἔργα
1641 2654 1842 2726 προέρ-

259 2741 452 2813 χεσθαι
488 2741 778 2795 σπουδάσει
811 2745 838 2796 ό
872 2746 927 2796 ἐν
959 2743 1168 2808 τούτοις
1207 2743 1663 2816 μακαριζόμενος.

810 2836 951 2889 ΨΛΛ
959 2837 1100 2890 ΜοΣ
1131 2837 1295 2890 ΡΛΖ’.

274 2925 827 2998 Ἐξομολογήσομαί
851 2943 970 2992 σοι,
1001 2929 1196 2996 Κύριε,
1224 2928 1292 2981 ἐν
1319 2927 1432 2996 ὅλῃ
1459 2927 1672 2996 καρδίᾳ
1699 2945 1839 2997 μου.

337 3083 547 3154 Ὠσπερ
573 3085 601 3137 ό
627 3083 831 3146 τέλειος
863 3082 921 3147 ἐξ
952 3083 1078 3153 ὅλης
1103 3081 1286 3154 ψυχῆς
1317 3083 1412 3136 καὶ
1437 3083 1718 3154 δυνάμεως
1746 3083 1840 3135 καὶ

1943 1921 2154 1976 animas
2183 1919 2249 1972 ad
2286 1918 2377 1973 Dei
2414 1919 2664 1973 timorem
2699 1913 3045 1970 transferret.
3079 1913 3232 1980 Quod
3258 1914 3302 1967 si
3329 1921 3383 1966 et
3407 1912 3528 1967 illo-

1945 2028 2064 2066 rum
2093 2010 2357 2081 parvulos
2391 2011 2535 2064 haud
2564 2009 2753 2064 siverit
2778 2005 3092 2060 adolescere
3122 2045 3136 2068 ,
3175 2003 3270 2059 sed
3308 2004 3526 2059 illiserit

1945 2115 2134 2176 petrae,
2172 2103 2344 2158 multo
2387 2104 2493 2157 erit
2525 2102 2754 2157 felicior.
2780 2099 2897 2154 iam
2929 2115 3058 2154 vero
3082 2098 3374 2170 Babylonis
3401 2113 3528 2168 par-

1943 2199 2123 2262 vulos,
2155 2207 2301 2251 recte
2329 2195 2596 2265 intelliges
2626 2195 2884 2264 nequitiae
2913 2193 3143 2256 semina,
3171 2200 3224 2246 et
3250 2192 3523 2245 variorum

1942 2284 2305 2354 scaturigines
2335 2294 2717 2353 peccatorum,
2756 2298 2876 2351 quae
2925 2281 3236 2336 Servatoris
3262 2281 3528 2334 doctrinis

1944 2372 2092 2440 (nam
2142 2383 2291 2442 petra
2346 2382 2429 2425 est
2457 2371 2734 2440 Christus)
2773 2372 3024 2426 occidere
3051 2411 3066 2433 ,
3098 2384 3164 2424 ne
3213 2370 3529 2424 adolescant

1943 2469 2106 2528 atque
2139 2458 2190 2512 in
2219 2470 2404 2513 actum
2453 2469 2785 2529 erumpant,
2817 2460 3033 2515 curabit
3064 2458 3111 2515 is
3153 2462 3244 2528 qui
3274 2460 3376 2514 hoc
3406 2458 3528 2515 loco

1945 2550 2136 2605 beatus
2163 2550 2510 2620 prmdicatur.

2398 2814 2721 2871 PSALMUS
2758 2811 3068 2869 CXXXVII.
3176 2830 3184 2839 '

1981 2907 2146 2964 Vsus.
2195 2907 2247 2962 l.
2293 2905 2596 2975 Conﬁtebor
2628 2907 2752 2968 tibi,
2795 2905 3055 2970 Domine,
3097 2903 3150 2958 in
3195 2912 3302 2957 toto
3339 2903 3496 2958 corde

2673 2993 2786 3029 ηιεο
2795 3013 2810 3027 ο

2019 3067 2196 3124 Sicuti
2225 3066 2499 3137 perfectus
2537 3067 2704 3121 homo
2724 3105 2740 3131 ,
2771 3066 2936 3119 Deum
2964 3070 3071 3117 tota
3099 3065 3302 3130 anhna,
3327 3063 3528 3128 nervis,

266 3175 452 3248 ἰσχύος
480 3177 668 3247 ἀγαπᾷ
696 3175 786 3227 τὸν
811 3175 962 3239 Θεὸν,
993 3177 1054 3229 οὐ
1082 3175 1323 3228 διασπῶν
1347 3175 1446 3238 τὰς
1469 3175 1726 3246 δυνάμεις
1748 3176 1844 3246 τῆς

1949 3175 2012 3216 ac
2043 3161 2250 3214 viribus
2282 3168 2429 3212 amat
2455 3199 2471 3223 ,
2504 3158 2643 3212 haud
2673 3156 2923 3226 equidem
2956 3155 3160 3209 amoris
3188 3156 3271 3208 sui
3310 3155 3534 3209 faculta-

265 3268 463 3322 ἐαυτοῦ
510 3269 729 3340 ἀγάπης
774 3269 902 3339 περὶ
939 3268 1064 3322 ἄλλο
1095 3285 1172 3332 τι,
1210 3267 1324 3320 ἀλλ’
1359 3266 1494 3330 ὅλως
1532 3266 1845 3338 ἀνηρτημέ-

263 3379 356 3424 νος
393 3361 552 3434 μόνου
591 3359 686 3413 τοῦ
715 3359 871 3425 Θεοῦ,
901 3359 1073 3425 οὕτως
1112 3361 1205 3414 καὶ
1232 3361 1393 3424 αὐτὸς
1424 3361 1482 3413 ἐν
1514 3361 1613 3432 ὅλῃ
1649 3360 1846 3432 καρδίᾳ.

264 3456 663 3528 ἐξομολογεῖται
715 3455 1052 3527 εὐχαριστῶν
1099 3453 1178 3524 τῷ
1225 3453 1363 3524 Θεῷ.
1411 3453 1642 3525 Θαρσῶν
1688 3453 1742 3506 δὲ
1779 3456 1844 3524 τῇ

261 3547 487 3618 τοιαύτῃ
522 3543 686 3598 αὑτοῦ
721 3544 1034 3616 παρρησίᾳ,
1059 3544 1154 3596 καὶ
1199 3541 1376 3607 εἰδὼς,
1410 3542 1492 3595 ὅτι
1521 3542 1579 3594 ἐν
1627 3539 1847 3611 μεγάλῳ

263 3641 479 3712 θεάτρῳ
520 3639 598 3709 τῷ
640 3638 750 3690 τῶν
791 3636 1089 3709 ἀνθρώπων
1123 3635 1243 3706 βίῳ,
1281 3634 1439 3688 Θείων
1473 3633 1721 3703 ἀγγέλων
1753 3633 1848 3686 καὶ

263 3727 596 3799 λειτουργῶν
637 3725 773 3779 Θεοῦ
817 3723 1155 3797 ἐφορώντων,
1201 3725 1295 3778 καὶ
1335 3723 1623 3794 θεωμένων
1656 3723 1752 3786 τὰς
1790 3725 1847 3775 ἐν

265 3820 387 3891 Θεῷ
434 3820 716 3892 προκοπὰς
748 3819 945 3882 αὑτοῦ,
993 3819 1092 3891 τὴν
1132 3819 1514 3890 προσήκουσαν
1558 3815 1847 3868 ἀποδίδωσι

263 3914 344 3985 τῷ
377 3913 496 3984 Θεῷ
533 3912 813 3982 λατρείαν,
850 3912 944 3965 καί
991 3928 1179 3981 φησιν·
1213 3909 1324 3963 Καὶ
1357 3908 1636 3962 ἐναντίον
1679 3905 1851 3978 ἀγγέ-

265 4009 391 4060 λων
416 4003 594 4074 ψαλῶ
620 4021 738 4057 σοι.

418 4093 836 4165 Προσκυνήσω
865 4095 1014 4162 πρὸς
1041 4092 1150 4146 τὸν
1173 4091 1326 4146 ναόν
1357 4090 1529 4159 ἅγιόν
1552 4107 1690 4145 σου.

339 4190 674 4261 Προσκυνεῖν
726 4185 1119 4256 ἐπαγγέλλεται
1166 4186 1306 4257 πρὸς
1348 4185 1476 4239 ναὸν
1529 4183 1702 4252 ἇγιον,
1750 4182 1849 4254 τὴν

281 4279 608 4352 Ἐκκλησίαν
630 4277 826 4350 δηλῶν,
871 4277 904 4348 ἢ
954 4277 1054 4349 τὴν
1087 4275 1406 4344 ἐπουράνιον
1474 4271 1848 4343 Ἰερουσαλὴμ,

266 4369 337 4448 ἦς
363 4375 536 4437 τύπος
564 4374 593 4425 ὁ
623 4371 716 4425 ἐπὶ
742 4369 846 4440 γῆς
878 4370 1092 4441 ὑπῆρχε
1123 4367 1249 4430 ναός
1271 4383 1284 4397 ·
1323 4360 1442 4419 εἶτα
1467 4363 1626 4436 χάριν
1660 4363 1850 4448 ὁμολο-

266 4473 359 4541 γεῖ
387 4467 743 4535 καταξιωθεὶς
771 4463 920 4517 ἐλέου
953 4464 1049 4515 καὶ
1074 4461 1333 4531 ἀληθείας
1367 4457 1522 4512 Θεοῦ.
1565 4455 1707 4510 Ἀνθ’
1732 4447 1792 4508 οὗ
1819 4456 1850 4508 ό

268 4562 588 4633 Σύμμαχος,
622 4558 754 4626 περὶ
784 4556 891 4611 τοῦ
917 4553 1129 4620 ἐλέους
1152 4569 1268 4606 σου
1293 4551 1391 4606 καὶ
1418 4549 1528 4618 τῆς
1561 4547 1849 4614 ἀληθείας

269 4674 410 4718 σου,
463 4654 646 4723 λέγει·
709 4650 887 4722 τυχὼν
939 4650 1047 4722 γὰρ
1101 4648 1253 4701 ἐλέου
1308 4644 1464 4708 Θεοῦ,
1517 4643 1703 4696 τύπων
1754 4641 1850 4694 καὶ

273 4746 557 4819 συμϐόλων
589 4743 969 4815 ἀπήλλακται,
1003 4743 1059 4794 ἐν
1105 4737 1375 4810 ποεύματι
1407 4735 1464 4790 δὲ
1496 4736 1591 4788 καὶ
1624 4732 1851 4805 ἀληθεία

270 4839 555 4912 λατρεύειν
584 4838 701 4909 Θεῷ
729 4833 1081 4908 κατηξίωται.

282 5010 987 5087 Ἐξομολογησὰσθωσάῖ
1013 5025 1112 5087 σοι
1132 5049 1146 5074 ,
1177 5008 1374 5087 Κρριε,
1406 5003 1628 5068 πάντες
1656 5002 1710 5054 oi
1735 4999 1851 5064 ,βα-

803 5081 998 5147 σιλεῖς
1035 5078 1146 5146 τῆς
1189 5077 1318 5148 γῆς.

344 5179 610 5242 Πολλάκις
643 5175 1122 5248 παρετηρήσαμεν,
1150 5172 1230 5224 ὅτι
1253 5169 1362 5222 τῶν
1383 5165 1610 5237 ψαλμῶν
1642 5165 1689 5217 οἱ
1715 5162 1852 5233 μήτε

276 5267 468 5340 ὕμνον,
508 5267 642 5338 μήτε
671 5264 832 5336 ᾠδὴν,
860 5265 994 5334 μήτε
1027 5259 1259 5331 ψαλμὸν,
1283 5259 1318 5330 ή
1345 5275 1395 5312 τι
1423 5257 1609 5328 ἕτερον
1640 5253 1853 5324 ἔχοντες

275 5359 623 5434 προγραφὴν,
652 5357 812 5412 ἄλλου
846 5354 996 5428 παρά
1027 5353 1196 5408 ταῦτα
1227 5351 1551 5423 τυχχάνουσι
1584 5347 1855 5419 χαρακτῆ-

280 5469 392 5525 ρος.
426 5453 606 5525 ὁποῖος
629 5450 657 5501 ὀ
684 5445 874 5518 παρὼν
903 5441 1246 5517 πφφητικῆς
1279 5439 1518 5510 μετέχων
1547 5434 1848 5525 δυνάμεῳς.

277 5523 366 5596 διὰ
387 5540 496 5614 γάρ
513 5524 634 5593 ’τῶν
670 5536 1046 5610 προλαϐόντων
1071 5529 1598 5604 ἐξομολογησάμενος
1617 5527 1645 5580 ὁ
1668 5523 1853 5590 Δαυῒδ,

291 5633 434 5686 Ἀλλ’
487 5631 584 5684 οὐκ
636 5629 768 5698 ἐγὼ,
827 5629 978 5700 φησι,
1027 5627 1084 5679 ἐν
1136 5622 1412 5696 βασιλεῦσι
1457 5621 1614 5692 μόνος
1658 5617 1850 5671 τούτου

282 5723 643 5796 κατηξιώθην,
674 5721 911 5776 πλεῖστοι
937 5720 994 5772 δὲ
1026 5717 1256 5771 τοιοῦτοι
1283 5715 1623 5788 γενήσονται,
1656 5709 1856 5782 δηλαδὴ

284 5790 421 5890 μετά
438 5790 512 5872 ab
541 5790 802 5889 κήρυγμα
836 5813 927 5869 τοῦ
962 5812 1210 5883 Σωτῆρος
1231 5828 1242 5841 ·
1290 5809 1383 5864 καὶ
1415 5806 1644 5877 μάλιστα
1670 5805 1758 5857 ὅτε
1798 5802 1845 5855 τί

1968 5796 2279 5853 Servatoris
2329 5790 2769 5863 praedicationem
2810 5803 2825 5853 ;

1949 3265 2027 3309 tes
2059 3254 2376 3308 distrahens
2403 3254 2470 3306 ad
2505 3251 2651 3305 aliud
2677 3249 2896 3320 quidvis
2921 3289 2937 3314 ,
2972 3249 3066 3303 sed
3093 3264 3122 3301 a
3152 3247 3264 3302 solo
3299 3248 3408 3302 Deo
3439 3241 3532 3300 de-

1945 3346 2219 3415 pendens;
2271 3345 2352 3397 sic
2403 3352 2460 3397 et
2516 3341 2800 3396 [’sahnista
2857 3349 2968 3394 toto
3017 3339 3182 3394 corde
3214 3341 3527 3401 conlitetur,

1945 3435 2151 3508 gratias
2181 3451 2348 3504 agens
2389 3434 2516 3488 Deo.
2543 3431 2680 3486 Tum
2706 3433 2880 3487 elatus
2913 3431 3015 3486 hac
3046 3447 3141 3484 sua
3176 3429 3370 3485 ﬁducia
3395 3470 3413 3498 ,
3449 3431 3528 3483 vi-

1945 3528 2184 3595 densque
2231 3540 2291 3579 se
2330 3525 2382 3578 in
2433 3537 2626 3594 magno
2662 3525 2910 3576 humana:
2950 3520 3070 3573 vitae
3126 3520 3362 3580 theatro,
3412 3533 3533 3572 nec-

1947 3633 2054 3673 non
2110 3617 2415 3673 caelestium
2457 3616 2771 3685 angelorum
2803 3652 2820 3677 ,
2854 3611 2946 3680 qui
2994 3609 3166 3678 ipsius
3191 3610 3330 3678 apud
3362 3607 3531 3663 Deum

1949 3706 2250 3780 ptofectum
2285 3717 2532 3776 spectant
2557 3746 2572 3768 ,
2603 3705 3008 3758 convenientem
3045 3701 3152 3754 Deo
3184 3699 3374 3754 tribuit
3415 3700 3530 3754 cul-

1949 3811 2102 3864 tum,
2150 3803 2382 3870 aitque:
2423 3799 2487 3853 Et
2532 3799 2586 3851 in
2632 3811 2908 3864 conspectu
2948 3794 3256 3864 angelorum
3301 3791 3532 3862 psallam

1947 3894 2063 3947 tibi.

2046 4073 2211 4130 Vens.
2239 4073 2294 4128 ‘2.
2324 4071 2571 4126 Adorabo
2603 4071 2672 4124 ad
2700 4068 2949 4137 templum
2982 4077 3224 4121 sanctum
3257 4077 3427 4120 ticum.

2017 4169 2383 4222 Adoraturum
2419 4179 2482 4220 se
2515 4161 2744 4233 spondet
2773 4161 2826 4214 in
2859 4169 3050 4214 sancto
3082 4157 3312 4226 templo,
3347 4154 3535 4210 Eccle-

1949 4261 2084 4315 siam
2134 4260 2442 4324 denotans,
2492 4254 2575 4310 vel
2625 4254 2902 4309 cmlestem
2961 4247 3300 4313 Jerusalem,
3376 4249 3532 4316 cujus

1949 4363 2067 4408 erat
2101 4360 2261 4421 typus
2289 4356 2546 4404 terrestre
2585 4345 2862 4414 templum.
2899 4342 3102 4397 Deinde
3133 4339 3360 4410 gratiam
3409 4356 3531 4410 pro-

1955 4446 2158 4508 ﬁtetur,
2192 4445 2321 4514 quia
2352 4445 2547 4514 dignus
2577 4443 2648 4496 sit
2692 4443 2912 4495 habitus
2954 4436 3324 4492 misericordia
3353 4444 3406 4487 et
3437 4448 3529 4485 vc-

1881 4519 1924 4574 D
1955 4538 2117 4592 ritate
2149 4537 2262 4590 Dei.
2309 4535 2414 4590 Pro
2461 4535 2658 4603 quibus
2700 4532 2884 4586 verbis
2915 4528 3292 4600 Symmachus,
3319 4533 3532 4594 propttr

1955 4627 2376 4683 misericordiam
2408 4637 2550 4678 tuam
2587 4634 2635 4678 et
2676 4625 2950 4677 veritatem
2981 4629 3125 4673 tuam
3154 4659 3170 4684 ,
3207 4617 3358 4671 dicit.
3393 4613 3530 4668 Nam

1958 4719 2050 4774 Dei
2089 4717 2517 4773 misericordiam
2552 4714 2781 4784 adeptus
2803 4753 2819 4777 ,
2855 4710 3000 4781 typis
3045 4705 3414 4779 symbolisque
3441 4720 3531 4759 sc-

1957 4812 2146 4880 positis
2172 4849 2188 4875 ,
2217 4812 2270 4864 in
2297 4807 2494 4880 spiritu
2525 4823 2590 4862 ac
2629 4805 2857 4861 veritate
2889 4804 3059 4858 Deum
3094 4801 3323 4853 adorare
3362 4797 3532 4867 impc-

1959 4902 2145 4958 travit.

2014 4997 2182 5053 Vsus.
2211 4990 2652 5059 LConﬁteantur
2686 4987 2813 5048 tibi,
2843 4983 3066 5038 Domine
3085 5021 3100 5046 ,
3126 4995 3302 5034 omnes
3333 4993 3476 5046 reges

2660 5068 2837 5111 terrm.

2026 5157 2181 5230 Saepe
2209 5152 2618 5214 observavimus
2646 5147 2880 5218 psalmos
2911 5142 3031 5198 illos
3060 5140 3155 5211 qui
3187 5151 3366 5208 neque
3391 5149 3527 5188 cau-

1958 5253 2047 5308 tici
2074 5226 2249 5322 neque
2279 5246 2470 5320 psalmi
2501 5281 2517 5307 ,
2579 5255 2753 5310 neque
2799 5235 3099 5308 quamlibet
3143 5231 3305 5286 aliam
3339 5226 3532 5282 inscri-

1958 5347 2192 5418 ptionem
2223 5341 2446 5402 habent,
2474 5334 2745 5390 diversum
2766 5330 2833 5384 ab
2860 5329 2946 5385 his
2976 5328 3530 5418 cltaracteremgereo

1958 5413 2016 5491 re
2041 5477 2056 5498 ,
2092 5429 2390 5504 cujusmodi
2429 5435 2514 5483 est
2551 5425 2638 5480 hic
2679 5421 2996 5492 prophetica
3023 5419 3233 5472 virtute
3272 5413 3530 5468 imbutus.

1957 5524 2092 5579 Nam
2126 5501 2407 5591 superiore
2435 5516 2776 5572 confessione
2812 5511 2952 5567 facta
2987 5508 3183 5573 David,
3212 5503 3397 5573 Atqui,
3431 5501 3531 5562 ait,

1956 5632 2064 5672 non
2109 5629 2208 5684 ego
2238 5610 2388 5667 solus
2433 5609 2576 5665 inter
2601 5621 2754 5676 reges
2779 5603 2866 5658 his
2895 5597 3263 5673 pmrogativis
3287 5609 3405 5649 sum
3434 5591 3531 5643 de-

1965 5717 2182 5762 coratus
2209 5745 2222 5770 ,
2259 5703 2352 5759 sed
2400 5698 2619 5772 plurimi
2662 5697 2888 5766 posthac
2937 5701 3098 5747 erunt
3124 5728 3141 5755 ,
3190 5700 3383 5755 nempe
3413 5687 3530 5753 post

2889 5785 3156 5855 praecipue
3217 5795 3348 5834 vero
3408 5789 3535 5830 cum
