4062 6400
511 336 582 391 39
1156 322 1422 382 EUSEBII
1461 315 1933 378 CAESARIENSIS
1966 315 2116 371 OPP.
2160 312 2341 368 PARS
2380 311 2469 368 III.
2509 342 2578 351 —
2619 306 3034 363 EXEGETICA.
3717 309 3784 362 ιο

513 452 801 510 mu’ltitudo
850 447 1090 520 gentium
1142 445 1383 513 ingressa
1442 440 1645 502 fuerit,
1706 448 1763 492 et
1817 434 2084 490 secundus

2205 429 2459 498 πλήρωμα
2488 423 2595 477 τῶν
2626 422 2795 475 ἐθνῶν
2829 420 3066 493 εἰσέλθῃ,
3103 423 3197 474 καὶ
3225 425 3259 494 ἡ
3285 423 3516 495 δευτέρα
3545 421 3640 474 τοῦ
3664 423 3784 476 Σω-

512 543 716 600 Christi
745 543 1010 595 adventus
1039 535 1317 592 acciderit.
1355 532 1506 586 Tune
1530 531 1674 586 enim
1703 541 1898 595 magna
1929 540 2092 594 appa-

518 636 666 700 rebit.
702 633 870 702 gloria
901 628 1136 685 Domini.
1184 626 1422 693 Namque
1469 621 1794 690 imperativo
1824 619 1980 674 modo
2010 614 2092 671 vel

515 727 778 795 optativo,
809 724 985 776 futura
1017 719 1281 775 interdum
1311 719 1640 771 denotantur
1667 711 2090 780 secundum'pe-

515 816 775 873 culiarem
803 813 1150 867 Hebrteurunt
1196 806 1670 863 consuetudinem.
1705 834 1778 845 —
1812 802 2091 857 Vaticina-

519 914 610 957 tttr
657 902 906 956 diffusum
957 902 1021 952 iri
1073 913 1172 966 per
1202 913 1395 952 omnes
1428 906 1618 967 gentes
1665 895 1758 950 Dei
1810 893 2090 957 notitiam;

517 995 707 1049 Cuncti
743 993 907 1055 enim,
944 991 1141 1060 inquit,
1177 1004 1334 1057 reges
1361 996 1521 1042 teme
1546 985 1944 1041 conﬁtebuntur
1977 983 2090 1044 tibi,

517 1089 843 1154 audient‘qtte
872 1083 1054 1137 omnia
1088 1082 1250 1135 verba
1295 1079 1408 1133 oris
1437 1078 1532 1132 Dei
1560 1117 1576 1143 ,
1621 1086 1674 1131 et
1707 1077 2009 1131 cantabunt
2039 1075 2092 1127 in

516 1180 618 1232 viis
664 1175 899 1231 Domini.
953 1173 1077 1227 Haec
1128 1182 1308 1226 autem
1342 1170 1556 1224 nonnisi
1611 1176 1732 1238 post
1783 1167 2094 1222 Servatoris

519 1271 688 1326 nostri
735 1267 1176 1338 prmdicationem
1210 1265 1415 1318 exitum
1452 1270 1608 1315 nacta
1652 1271 1799 1314 sunt.
1837 1258 1952 1314 Vite
1997 1275 2094 1312 au-

520 1374 628 1415 tem
668 1359 899 1413 virtutes
949 1364 1118 1418 stitit,
1168 1367 1288 1422 quae
1335 1352 1403 1406 ad
1455 1351 1548 1406 Dei
1599 1352 1848 1406 notitiam
1896 1349 2094 1419 perdu-

520 1461 688 1522 cunt.g

588 1627 754 1682 Vens.
790 1626 842 1681 6.
879 1625 1132 1680 Excelsus
1163 1625 1421 1680 Dominus
1459 1638 1506 1679 et
1536 1624 1761 1678 humilia
1793 1624 2028 1692 respicit.

596 1719 728 1786 Qua:
774 1720 1120 1787 propheticus
1174 1718 1399 1786 spiritus
1453 1716 1510 1770 in
1563 1716 1678 1786 ipso
1705 1723 1760 1770 et
1799 1729 1895 1783 per
1925 1713 2098 1782 ipsum

2193 521 2357 591 τῆρος
2385 517 2609 586 γένηται
2658 513 2947 584 παρουσιω
2969 513 3093 564 τότε
3121 512 3230 582 γὰρ
3252 513 3548 584 ὀφθήσεται
3574 511 3785 583 μεγάλη

2192 611 2286 665 τοῦ
2321 607 2528 679 Κυρίου
2563 607 2596 677 ὴ
2641 605 2798 671 δόξω
2834 603 3248 673 προστακτικῶς
3279 605 3335 657 δὲ
3375 607 3469 658 καὶ
3517 603 3786 666 εύκτικῶς

2195 699 2305 753 ἐσθ’
2368 699 2457 751 ὅτε
2513 696 2582 749 τὰ
2635 694 2893 766 μέλλοντα
2954 693 3254 769 δηλοῦται,
3300 696 3444 748 κατά
3497 712 3619 748 τινα
3677 694 3787 747 τῶν

2207 791 2472 862 Ἑϐραίων
2517 787 2828 858 συνήθειαν.
2871 817 2940 825 -
2968 784 3310 856 Προφητεύει
3340 787 3468 858 περλ⁵
3500 787 3599 857 τῆς
3652 786 3782 857 με).-

2194 883 2395 952 λούσης
2427 878 2792 944 ὲξαπλοῦσθαι
2832 879 2911 940 εἰς
2961 877 3137 929 πάντα
3177 876 3304 947 ἔθνη
3344 877 3439 930 τοῦ
3469 877 3602 930 Θεοῦ
3642 875 3787 946 γνὼο

2197 991 2352 1037 σεως·
2383 975 2574 1026 Ἔσται
2613 971 2744 1042 γὰρ,
2777 971 2962 1040 φησιν,
2987 969 3075 1021 ὅτε
3107 969 3304 1032 πάντες
3335 970 3385 1022 οἱ
3421 969 3656 1038 βασιλεῖς
3684 968 3788 1038 τῆς

2195 1066 2299 1136 γῆς
2341 1061 2826 1134 ἐξομολογήσονταί
2870 1077 2952 1112 σοι
2988 1060 3082 1112 καὶ
3128 1061 3451 1114 ἀκούσονται
3495 1060 3672 1113 πάντα
3714 1060 3788 1113 τὶ

2199 1158 2420 1228 ῥήματα
2457 1153 2552 1207 τοῦ
2587 1153 2852 1223 στόματος
2882 1152 3040 1215 Θεοῦ,
3075 1153 3170 1204 καὶ
3201 1153 3282 1205 ὃτι
3325 1153 3546 1224 ᾄσονται
3575 1153 3635 1205 ὲν
3659 1155 3785 1216 ταῖς

2198 1243 2336 1306 ὁδοῖς
2377 1242 2605 1314 Κυρίου.
2634 1240 2820 1294 Ταῦτα
2847 1241 2904 1292 δὲ
2935 1240 3035 1294 οὐκ
3075 1239 3264 1294 ἄλλοτε
3299 1243 3332 1312 ἢ
3375 1242 3511 1312 μετὰ
3535 1242 3596 1295 τὸ
3624 1243 3786 1310 εὐαγ-

2198 1333 2412 1403 γελικὺν
2441 1336 2704 1403 κήρυγμα
2735 1332 2829 1385 τοῦ
2859 1332 3114 1404 Σωτῆρος
3142 1335 3174 1404 ἡ
3185 1332 3301 1402 μῶν
3333 1334 3522 1396 τέλους
3554 1334 3785 1406 τετύχη-

2200 1444 2314 1482 κεν.
2357 1425 2496 1478 Ὀδοὶ
2544 1425 2601 1477 δέ
2632 1426 2777 1491 εἰσιν
2803 1425 2860 1476 αἱ
2906 1424 3127 1494 ἀρεταὶ,
3160 1426 3216 1476 αἱ
3247 1424 3509 1495 φέρουσαι
3549 1425 3645 1478 ἐπὶ
3682 1424 3784 1494 τὴν

2199 1521 2400 1586 γνῶσιν
2426 1515 2520 1568 τοῦ
2553 1514 2710 1568 Θεοῦ.

2355 1604 2625 1673 ’Υψηλὸς
2655 1605 2893 1671 Κύριος,
2927 1604 3024 1657 καὶ
3059 1603 3131 1656 τὰ
3164 1607 3414 1660 ταπεινὰ
3432 1603 3639 1675 ἐφορᾷ.

2274 1697 2355 1751 Τὰ
2386 1697 2491 1750 ὑπὸ
2516 1695 2610 1750 τοῦ
2639 1696 2978 1767 προφητικοῦ
3007 1697 3318 1768 πνεύματος
3344 1700 3402 1752 ὲν
3429 1699 3576 1769 αύτῷ
3598 1699 3692 1756 καὶ
3714 1700 3782 1755 δι’

524 1784 738 1863 locutus
778 1784 1013 1872 fuerat,
1065 1784 1226 1862 David
1282 1784 1652 1876 cognoscens,
1710 1806 1920 1860 laetatur
1971 1806 2093 1873 quia

2205 1785 2360 1839 αύτοῦ
2387 1786 2687 1857 λαληθέντα
2718 1784 2905 1856 μαθὼν
2931 1787 2959 1838 ό
2989 1787 3168 1852 Δαυῒδ,
3203 1788 3396 1860 θαρρεἰ
3420 1790 3496 1852 ὡς
3528 1789 3772 1861 ἐφορῶν-

527 1899 670 1952 Deus
698 1898 918 1951 humilia
967 1897 1232 1967 respicit,
1269 1907 1323 1951 et
1353 1895 1625 1966 pressuris
1670 1895 1790 1965 ejus
1822 1905 2096 1964 protector

526 1993 700 2046 adest.

623 2109 782 2166 Vens.
817 2109 870 2163 7.
902 2107 961 2163 Si
982 2108 1317 2162 ambulavero
1347 2109 1403 2161 in
1429 2107 1600 2161 medio
1624 2105 2006 2166 tribulationis,

1043 2179 1322 2246 viviﬁcabis
1355 2194 1454 2241 me,
1484 2185 1589 2231 etc.

598 2269 810 2324 Clarius
844 2268 1205 2339 Symmachus
1233 2267 1373 2320 dixit
1403 2284 1417 2320 :
1449 2266 1512 2321 Si
1545 2264 1880 2318 ambulavero
1916 2264 1970 2318 in
1995 2279 2100 2316 me-

527 2360 616 2412 dio
648 2359 1001 2411 tribulationis
1028 2397 1043 2421 ,
1088 2355 1417 2411 conservabis
1459 2370 1540 2408 me
1565 2367 1584 2404 :
1615 2362 1800 2407 contra
1845 2353 2098 2406 anhelan-

532 2462 606 2504 tes
643 2450 879 2504 inimicos
915 2465 1057 2502 meos
1107 2463 1318 2500 manum
1366 2459 1510 2500 tuam
1543 2446 1813 2505 extendes,
1847 2445 2098 2498 servabit-

527 2555 627 2610 que
685 2555 762 2592 me
813 2540 1026 2591 dextera
1068 2547 1180 2590 tua.
1221 2537 1478 2590 Dominus
1521 2551 1628 2589 rem
1669 2553 1765 2604 pro
1809 2552 1890 2589 me
1931 2533 2101 2602 con/io

525 2633 644 2686 ciet.

970 2781 1291 2838 PSALMUS
1329 2781 1664 2837 CXXXVIII.

598 2873 764 2928 Vens.
791 2874 844 2926 1.
878 2872 1122 2939 Domine,
1153 2873 1384 2942 probasti
1408 2889 1508 2938 me,
1542 2883 1588 2926 et
1623 2872 1908 2941 cognovisti
1929 2889 2029 2926 me.

601 2966 864 3032 Quoniam
894 2965 1052 3033 igitur
1082 2974 1278 3018 nostrae
1300 2979 1516 3033 quoque
1544 2965 1664 3018 vitae
1697 2975 1908 3033 tempus
1939 2965 2103 3018 habet

531 3057 776 3112 dimensa
836 3073 865 3111 a
916 3059 1024 3112 Deo
1078 3056 1400 3120 intervalla,
1450 3057 1762 3113 universum
1807 3057 1934 3111 vita:
1968 3071 2100 3113 mea:

2200 1895 2289 1940 τος
2314 1879 2383 1932 τὰ
2413 1877 2644 1930 ταπεινὰ
2676 1875 2768 1928 τοῦ
2797 1875 2964 1943 Θεοῦ,
3005 1879 3080 1942 ὡς
3106 1881 3165 1933 ὲν
3202 1883 3324 1944 ταῖς
3353 1880 3596 1951 θλίψεσιν
3633 1883 3783 1956 αὑτῷ

2208 1969 2694 2041 συνασπιζομένου.

2213 2082 2346 2136 Ἐὰν
2364 2081 2633 2150 πορευθῶ
2659 2083 2729 2137 ἐν
2745 2085 2914 2155 μέσῳ
2942 2087 3223 2156 θλίψεως,
3251 2084 3439 2154 δήσῃς
3457 2103 3556 2156 με,
3578 2105 3633 2140 κ.
3653 2105 3705 2142 τ.
3731 2088 3781 2143 λ.

2273 2231 2610 2304 Σαφέστερον
2653 2233 2708 2286 δὲ
2741 2235 2769 2286 ὀ
2809 2234 3100 2307 Σύμμαχος
3145 2236 3283 2308 ἔφη’
3339 2237 3481 2291 Ἐὰν
3512 2237 3784 2306 πορευθῶ

2200 2320 2297 2375 διὰ
2337 2321 2536 2391 μέσης
2588 2325 2849 2392 θλίψεως
2869 2365 2883 2387 ,
2929 2329 3284 2393 περισώσεις
3325 2345 3435 2397 με·
3489 2328 3638 2382 κατὰ
3671 2326 3787 2395 τῆς

2199 2413 2512 2482 ἀναπνοῆς
2565 2413 2683 2469 τῶν
2718 2415 2947 2484 ἐχθρῶν
2972 2435 3091 2487 μου
3133 2419 3394 2485 ἐκτενεῖς
3432 2420 3599 2488 χεῖρά
3642 2436 3784 2482 σευ,

2201 2507 2298 2559 καὶ
2339 2507 2525 2560 σώσει
2569 2525 2646 2575 με
2684 2510 2723 2577 ἡ
2769 2508 2939 2572 δεξιά
2987 2523 3138 2564 σου·
3191 2514 3407 2579 Κύριος
3448 2511 3786 2566 ἐπιτελέσεί

2201 2596 2354 2666 ὑπὲρ
2384 2599 2550 2668 ἐμοῦ.

2739 2764 3028 2818 ΨΑΛΜΟΣ
3064 2766 3238 2822 ΡΛΗ’.

2379 2881 2578 2948 Κύριε,
2612 2878 2978 2948 ἐδοκίμασάς
3011 2897 3119 2949 με,
3159 2880 3259 2934 καὶ
3293 2881 3479 2951 ἔγνως
3508 2900 3602 2952 με.

2288 2972 2441 3024 Ἐπεὶ
2463 2971 2642 3024 τοίνυν
2670 2973 2764 3025 xui
2803 2975 2831 3026 ὁ
2856 2975 3044 3044 χρόνος
3070 2976 3169 3044 τῆς
3202 2973 3473 3046 ἡμετέρας
3501 2976 3646 3046 ζωῆς
3671 2975 3785 3046 ἔχει

2205 3061 2328 3116 τινὰ
2386 3062 2729 3134 διαστήματα
2783 3066 3173 3136 μεμετρημένα
3221 3064 3372 3137 παρὰ
3413 3065 3559 3136 Θεῷ,
3606 3067 3788 3121 πάντα

535 3159 745 3218 tempus
767 3191 782 3213 ,
819 3149 1027 3218 inquit,
1063 3149 1310 3218 viamque
1361 3149 1626 3204 hactenus
1653 3146 1956 3204 confectam
1988 3147 2099 3218 ipse

2208 3171 2308 3224 μου
2343 3157 2442 3225 τῆς
2472 3153 2618 3223 ζωῆς
2659 3155 2751 3208 τὸν
2795 3157 3023 3227 χρόνον,
3058 3158 3209 3226 φησὶ,
3259 3157 3353 3211 καὶ
3397 3159 3494 3231 τὴν
3544 3159 3665 3214 όδδν
3713 3161 3785 3232 ἢν

533 3229 804 3296 scrutatus
833 3256 912 3296 es.

603 3330 767 3386 Vsus.
800 3334 852 3387 6.
883 3332 1144 3387 Mirabilis
1174 3334 1315 3403 facta
1355 3343 1433 3388 est
1466 3317 1685 3388 scientia
1717 3343 1809 3387 tua
1845 3351 1908 3389 ea:
1932 3350 2031 3388 me.

607 3425 861 3492 Superat,
889 3425 1086 3494 inquit,
1117 3425 1260 3481 vires
1292 3441 1460 3490 meas,
1491 3436 1544 3480 et
1567 3433 1719 3480 extra
1751 3439 1924 3478 meam
1953 3440 2104 3479 com-

533 3515 942 3583 prehensionem
974 3525 1060 3570 est
1107 3517 1294 3570 lterum
1324 3517 1578 3586 cognitio,
1633 3517 1704 3570 ita
1741 3525 1799 3570 ttt
1837 3531 1900 3572 ea
1929 3532 2104 3588 neque

531 3609 838 3676 excogitare
859 3623 1030 3677 neque
1055 3622 1316 3663 enarrare
1345 3624 1559 3678 queam.
1579 3608 1940 3675 Quantumvis
1959 3610 2102 3663 enim

532 3699 761 3768 dixero,
809 3715 872 3755 ea
921 3716 1087 3769 parva
1140 3715 1202 3754 ac
1249 3701 1473 3754 minima
1511 3715 1619 3769 pra:
1649 3699 1831 3755 divina
1865 3701 2102 3770 potentia

534 3791 774 3856 fuerint,
814 3791 966 3858 cujus
1015 3791 1428 3858 comprehensio
1466 3807 1642 3845 meam
1694 3791 1832 3862 fugit
1871 3792 2104 3847 tenuita-

536 3892 668 3944 tent,
703 3883 810 3935 imo
843 3884 1080 3935 omnium
1113 3883 1307 3936 viriutn
1343 3882 1640 3938 defectum.

580 3994 747 4049 Vens.
779 3995 865 4049 16.
908 3993 1274 4064 Imperfectum
1304 4013 1475 4050 meum
1500 3998 1737 4051 viderunt
1777 3996 1918 4049 oculi
1953 3997 2052 4050 tui.

605 4083 759 4151 Quod
802 4087 1034 4139 nondum
1077 4087 1415 4156 feci,inqttit,
1456 4096 1710 4157 tanquam
1748 4087 1862 4157 jam
1898 4087 2100 4142 factum

533 4176 789 4242 intueris;
820 4185 875 4230 et
911 4177 1142 4230 nondum
1184 4188 1339 4233 natos
1363 4220 1378 4245 ,
1409 4189 1661 4247 tanquam
1693 4178 1805 4248 jam
1840 4179 1893 4232 in
1927 4178 2101 4234 lucem

535 4265 712 4321 etlitos
752 4268 912 4324 nosti.
943 4265 1123 4320 Potest
1156 4276 1333 4322 autem
1360 4268 1652 4338 dupliciter
1680 4267 1909 4338 intelligi
1945 4267 2103 4323 inno-

536 4357 711 4410 centia
739 4372 878 4420 utea,
911 4365 965 4409 et
997 4355 1212 4409 malitim
1254 4357 1494 4410 carentia
1522 4395 1538 4421 ,
1572 4355 1716 4410 nulla
1742 4355 1988 4426 indigens
2021 4355 2105 4408 itt-

533 4447 849 4519 qttisitione.
892 4446 1023 4501 Nam
1065 4448 1278 4502 curiosa
1313 4450 1666 4504 observantia
1708 4449 1812 4504 dici
1846 4463 1982 4516 opus
2014 4463 2104 4516 po-

536 4550 633 4593 test
679 4558 692 4594 :
731 4551 815 4596 est
862 4548 1040 4594 autent
1093 4539 1403 4610 imperfecta
1455 4543 1663 4606 anima,
1701 4557 1821 4611 quae
1863 4541 2101 4596 nondutn

533 4632 730 4687 virtute
769 4640 822 4686 et
861 4633 1089 4688 scientia
1127 4633 1413 4688 informata
1452 4633 1636 4691 fuerit.

672 4765 837 4819 Vens.
867 4766 948 4820 19.
984 4763 1096 4819 Viri
1125 4767 1469 4837 sanguinum,
1491 4764 1746 4819 declinato
1775 4783 1805 4818 ο
1837 4782 1937 4820 me.

632 4835 797 4889 Vens.
823 4837 915 4890 20.
957 4835 1239 4906 Accipient
1261 4840 1314 4890 in
1350 4836 1582 4889 vanitate
1606 4837 1836 4890 civitates
1865 4847 2004 4888 tuas.

608 4925 740 4980 Cum
764 4928 986 4981 dixisset
1009 4929 1081 4999 (ν.
1112 4929 1230 5000 I7):
1253 4927 1516 4982 Iilt'ltivero
1542 4929 1694 4981 nimis
1719 4928 1962 4980 honorati
1987 4937 2105 4980 sunt

537 5021 694 5077 amici
737 5020 854 5088 tui,
901 5019 1080 5086 Deus;
1131 5022 1328 5075 merito
1367 5020 1618 5076 inimicos
1673 5019 1766 5074 Dei
1808 5023 2108 5075 detestatur

535 5120 697 5177 atque
719 5122 748 5161 a
790 5123 848 5162 se
872 5117 1130 5163 removet.
1163 5109 1271 5164 Imo
1299 5126 1418 5164 eunt
1445 5111 1573 5166 item
1593 5111 1816 5166 dixisset
1836 5109 1952 5165 fore
1976 5120 2098 5164 teut-

535 5219 658 5270 pus,
681 5218 789 5272 qtto
818 5212 1129 5271 peccatores
1159 5202 1296 5259 Dens
1333 5204 1446 5273 ipse
1483 5204 1790 5268 interticiet,
1818 5203 1926 5272 jam
1963 5220 2105 5260 nunc

536 5294 656 5347 illos
679 5292 865 5362 procul
894 5309 953 5348 se
987 5303 1157 5359 arcet,
1193 5309 1260 5346 tte
1300 5295 1425 5362 quid
1453 5295 1649 5350 ltabeat
1672 5309 1794 5349 cum
1826 5295 1930 5348 illis
1958 5311 2105 5350 eom-

534 5401 699 5440 mune
723 5426 738 5452 ,
788 5400 963 5455 neque
999 5400 1063 5439 ex
1105 5386 1340 5454 ipsorum
1372 5389 1772 5458 propinquitate
1816 5389 2103 5443 detrimen-

537 5486 652 5532 tum
699 5477 900 5546 capiat.
939 5475 1177 5544 Namque
1209 5475 1274 5530 ad
1326 5479 1691 5535 eontentiosos
1741 5493 2020 5534 sermones
2049 5491 2104 5535 et

537 5568 978 5631 controversias,
1027 5565 1301 5620 incassum
1351 5573 1474 5622 tuas
1524 5570 1771 5626 Civitates
1809 5570 2101 5640 accipient,

537 5658 803 5714 vocabqu
874 5658 1148 5712 civitatum
1225 5659 1434 5714 divinas
1507 5659 1814 5732 Scripturas
1885 5662 2104 5734 signiﬁ-

539 5763 670 5805 cans
697 5792 712 5819 ,
753 5764 888 5820 quas
918 5750 1114 5807 iruStra
1160 5763 1381 5809 sumunt
1428 5752 1742 5812 heterodoxi
1768 5795 1783 5822 ,
1825 5765 1881 5812 et
1910 5772 2015 5814 non
2047 5768 2105 5812 ut

2207 3243 2422 3315 διῆλθον
2451 3243 2610 3306 αὐτὸς
2646 3243 2977 3314 ὲξιχνίασας.

2399 3334 2854 3403 Ἐθαυμαστώθη
2885 3337 2923 3404 νὴ
2952 3334 3176 3405 γνῶσίς
3197 3353 3312 3392 σου
3347 3337 3416 3403 ἐξ
3441 3339 3603 3408 ἐμοῦ.

2209 3436 2252 3474 ..τ’
2293 3427 2608 3490 Ἐπιϐαῐνει,
2641 3427 2794 3498 φησὶ,
2820 3427 2918 3498 τὴν
2957 3428 3095 3500 ἐμὴν
3119 3429 3366 3501 δύναμιν,
3404 3433 3495 3483 καὶ
3528 3429 3791 3489 ὲπέκεινά

2210 3519 2357 3571 ἐστιν
2383 3519 2482 3590 τῆς
2505 3520 2644 3590 ἐμῆς
2669 3517 3021 3589 καταλήψεως
3055 3520 3088 3589 ἡ
3118 3520 3323 3575 τούτων
3354 3521 3574 3590 γνῶσις,
3604 3522 3680 3586 ὠς
3709 3524 3789 3596 μὴ

2209 3607 2467 3662 δύνασθαί
2503 3626 2570 3680 με
2599 3609 2842 3681 ἐξευρεῖν
2879 3611 3013 3682 μηδὲ
3046 3610 3280 3676 ἐξειπεῖν
3309 3613 3467 3667 αὑτά.
3506 3615 3644 3669 Ὅσα
3677 3615 3791 3687 γὰρ

2211 3698 2276 3753 ἂν
2316 3699 2476 3764 εἴπω,
2514 3700 2686 3772 μικρὰ
2733 3702 2827 3754 καὶ
2876 3701 3132 3772 ἐλάχιστα
3179 3705 3434 3774 τυγχάνει
3467 3709 3564 3777 τῆς
3597 3707 3791 3778 θεῖκῆς

2210 3791 2512 3862 δυνάμεως,
2545 3788 2612 3864 ἦς
2658 3794 2962 3865 κατάληψις
3005 3795 3101 3866 τὴν
3140 3795 3277 3868 ἐμὴν
3311 3799 3650 3871 σμικρότητα
3692 3802 3792 3854 καὶ

2144 3877 2154 3890 ’
2211 3882 2455 3937 ούθενίαν
2486 3883 2786 3953 διαφεύγει.

2309 3993 2768 4064 Ἀκατέργαστόν
2794 4012 2914 4064 μου
2952 3991 3116 4050 εἶδον
3153 4000 3208 4051 οἱ
3243 3998 3538 4068 ὀφθαλμοί
3576 4015 3711 4055 σου.

2281 4085 2354 4139 Τὸ
2387 4087 2549 4156 μήπω
2568 4087 2810 4158 πραχθέν
2830 4105 2938 4159 μοι,
2958 4089 3142 4159 φησὶν,
3163 4089 3238 4152 ὡς
3261 4091 3361 4163 ἤδη
3391 4092 3638 4146 τελεσθὲν
3656 4093 3790 4147 καθ·

2211 4179 2362 4249 ορᾷς,
2395 4179 2492 4230 καὶ
2518 4179 2644 4242 τοὺς
2669 4177 2807 4244 τέως
2833 4179 2906 4252 μὴ
2937 4179 3248 4250 τεχθέντας,
3277 4181 3352 4244 ὼς
3377 4181 3475 4254 ἤδη
3498 4182 3789 4253 τεχθέντας

2211 4271 2518 4324 ἐπίστασαι.
2553 4272 2785 4325 Δύναται
2819 4271 2877 4324 δὲ
2911 4271 3148 4325 νοεῖσθαι
3179 4272 3343 4342 διχῶς
3368 4273 3428 4326 τὸ
3463 4274 3666 4328 ἄκακον
3694 4278 3791 4330 καὶ

2211 4361 2503 4432 ἀπόνηρον,
2551 4364 2644 4416 καὶ
2663 4363 3014 4429 ἀνεξέταστον
3056 4381 3190 4433 μου·
3229 4364 3387 4436 ἔργον
3423 4365 3531 4438 γὰρ
3570 4370 3602 4438 ἡ
3636 4368 3793 4439 περί-

2210 4470 2326 4506 νοια
2365 4453 2617 4522 λέγεσθαι
2652 4453 2884 4522 όφείλει’
2933 4453 3341 4525 ἀκατὲργαστος
3384 4455 3441 4508 δέ
3484 4458 3600 4510 ὲστι
3640 4456 3790 4528 ψυχὴ

2205 4548 2238 4616 ἡ
2275 4547 2440 4617 μήπω
2467 4546 2533 4599 δι’
2565 4546 2769 4618 ἀρετῆς
2797 4546 3144 4618 μορφωθεῖσα
3176 4548 3271 4600 καὶ
3300 4546 3572 4617 γνώσεως.

2211 4767 2449 4838 Ἄνδρες
2493 4767 2770 4837 αἱμάτων,
2807 4769 3124 4825 ἐκκλίνατε
3163 4771 3262 4825 ἀπ’
3289 4770 3456 4840 ἐμοῦ.
3480 4770 3792 4840 Aviti-ortas

2474 4842 2561 4903 sic
2592 4842 2958 4908 ματαιότητα
2994 4841 3102 4906 τὰς
3139 4844 3347 4905 πόλεις
3381 4858 3519 4896 σου.

2284 4929 2488 4996 Εἰπὼν,
2508 4931 2664 5000 Ἐμοὶ
2688 4931 2756 4984 δὲ
2783 4932 2927 4985 λίαν
2968 4933 3338 5002 ἐτιμήθησαν
3385 4938 3437 4987 οἱ
3466 4935 3792 5003 φίλοισου,

2214 5027 2247 5077 ό
2281 5022 2444 5088 Θεὸς,
2476 5024 2700 5098 εἰκότως
2729 5025 2854 5088 τοὺς
2886 5024 3114 5096 ἐχθροὺς
3145 5027 3238 5078 τοῦ
3282 5026 3417 5079 Θεοῦ
3449 5029 3796 5099 παραιτεῖται

2213 5118 2305 5170 καὶ
2354 5116 2645 5169 ἀπελαύνει
2700 5117 2922 5170 ἐαυτοῦ’
2969 5117 3103 5171 ἀλλὰ
3155 5118 3248 5171 καὶ
3292 5119 3668 5190 μνημονεύσας
3709 5119 3796 5171 ὅτι

2211 5206 2362 5259 ἔσται
2389 5223 2472 5269 τις
2493 5205 2682 5278 καιρὸς
2709 5208 2766 5258 ὲν
2799 5199 2842 5273 ᾦ
2873 5207 2999 5270 τοὺς
3026 5207 3382 5278 ἁμαρτωλοὺς
3420 5206 3580 5270 αὐτὸς
3601 5210 3628 5260 ό
3657 5205 3795 5271 Θεὸς

2211 5297 2516 5358 ἀποκτενεῖ,
2543 5294 2790 5347 ἐντεῦθεν
2824 5296 2926 5367 ἤδη
2958 5296 3050 5349 καὶ
3077 5295 3300 5359 τούτους
3345 5295 3538 5349 ἑαυτοῦ
3569 5295 3792 5368 μακρὰν

2211 5385 2444 5448 ἐλαύνει,
2479 5386 2554 5449 ὡς
2579 5386 2644 5439 ἂν
2689 5385 2762 5458 μὴ
2793 5387 3046 5451 κοινωνὸς
3076 5387 3252 5441 αὐτῶν
3293 5388 3519 5456 γένοιτο,
3558 5387 3692 5459 μηδὲ
3724 5389 3795 5443 ὲκ

2209 5479 2303 5533 τοῦ
2355 5479 2675 5552 πλησιάζειν
2727 5479 2971 5552 μετάσχῃ
3020 5481 3119 5550 τῆς
3167 5483 3295 5554 παρ’
3335 5480 3512 5534 αὐτῶν
3544 5480 3789 5552 .βλά6ης.

2224 5574 2374 5626 Ἐπεὶ
2411 5573 2467 5625 δὲ
2504 5573 2598 5626 καὶ
2635 5575 2714 5636 εἰς
2752 5575 3060 5645 ἐριστικοὺς
3106 5573 3296 5643 λόγους
3315 5574 3407 5628 καὶ
3441 5574 3644 5647 ἔριδας,
3686 5573 3793 5640 τὰς

2213 5665 2309 5729 σὰς
2349 5667 2426 5728 εἰς
2455 5666 2789 5737 ματαιότητα
2827 5665 3084 5736 λήψονται
3112 5666 3312 5731 πόλεις,
3339 5667 3437 5731 τὰς
3467 5667 3616 5744 θείας
3646 5667 3794 5740 Γρα-

2215 5759 2322 5829 ea;
2351 5759 2534 5823 πόλεις
2569 5760 3034 5831 χρηματιζούσας,
3062 5761 3306 5832 ματαίως
3337 5761 3394 5815 δὲ
3422 5760 3623 5825 ταύτας
3646 5759 3792 5835 λαμ-
