4062 6400
276 389 338 442 ιι
1419 381 1928 439 COMMENTARIA
1967 380 2033 436 IN
2075 380 2414 438 PSAMIOS.
3137 357 3170 392 "
3481 382 3554 437 ιε
3643 353 3660 381 ⁸

277 502 531 557 σάνουσιν
561 503 610 555 oi
637 502 953 575 ἑτερόδοξοι,
979 502 1074 557 καὶ
1088 502 1189 573 οὑχ
1209 503 1286 567 ὡς
1317 503 1399 558 δεῖ
1425 503 1562 572 (15)·
1591 503 1859 576 ἀποστρέ-

1977 509 2259 573 iporteret.
2299 501 2413 558 Hoc
2450 517 2550 574 ego
2595 502 2872 558 hominum
2906 516 3082 573 genus
3105 516 3330 558 aversor
3374 513 3429 557 et
3470 501 3557 558 fu-

277 611 450 666 φομαι
479 596 573 648 καὶ
604 595 839 649 ὲκκλίνω
867 597 963 649 ἀπ’
987 595 1188 650 αὐτῶν.

698 687 1039 756 Δοκίμασόν
1061 704 1160 756 με,
1195 689 1229 740 ὁ
1269 687 1432 751 Θεός.

347 774 533 828 Εἰπὼν
587 776 646 828 ὲν
687 776 852 847 ἀρχῇ,
887 777 1093 845 Κύριε,
1136 775 1505 845 ἐδοκίμασάς
1561 793 1640 847 με
1674 776 1772 832 καί
1806 777 1865 831 ἕ-

277 885 434 938 τνως
450 884 548 936 με,
571 865 666 920 νῦν
691 866 768 930 ὼς
800 868 967 940 μήπω
989 867 1336 939 δοκιμασθεὶς
1361 868 1488 940 ἔφη,
1525 868 1864 938 Δοκίμιισόν

276 976 372 1029 με,
410 959 610 1028 Κύριε,
645 958 744 1014 καί
774 957 957 1029 γνῶθι
983 958 1100 1028 τὴν
1129 959 1384 1028 καρδίαν
1403 977 1546 1030 μου.
1591 960 1702 1014 Καὶ
1739 960 1863 1014 τότε

282 1051 380 1122 μὲν
401 1050 637 1123 εἴρηται,
672 1049 792 1120 Τὴν
822 1051 1024 1120 τρίϐον
1043 1069 1162 1120 μου
1195 1051 1294 1105 καί
1323 1052 1440 1121 τὴν
1464 1053 1720 1120 σχοῖνόν
1742 1069 1864 1122 μου

278 1141 652 1211 ἐξιχνίασας,
687 1140 789 1195 καὶ
832 1140 1036 1207 πάσας
1063 1143 1172 1207 τὰς
1204 1142 1384 1208 ὁδούς
1407 1161 1530 1214 μου
1559 1143 1830 1214 προεῖδες
1845 1160 1859 1174 ο

279 1234 404 1306 ἄρτι
448 1233 526 1297 δὲ,
563 1235 823 1287 Ἔτασόν
841 1250 939 1303 με,
965 1233 1063 1287 καὶ
1085 1231 1265 1302 γνῶθι
1301 1234 1407 1298 τὰς
1434 1235 1673 1303 τρίϐους
1708 1251 1829 1304 μου
1848 1251 1862 1263 ·

283 1323 482 1395 μήποτ’
524 1319 618 1378 οὖν
652 1325 753 1378 οὑκ
785 1325 1005 1378 ἐναντία
1033 1325 1202 1392 λέγει.
1237 1325 1370 1378 Τότε
1413 1326 1525 1397 γὰρ
1561 1325 1751 1389 ἁπλῶς
1776 1325 1864 1378 δε-

279 1414 608 1487 δοκιμάσθαι
662 1417 757 1470 καὶ
796 1416 1069 1485 ἐγνῶσθαι
1112 1407 1261 1481 εἷπε,
1302 1416 1397 1470 νῦν
1437 1417 1496 1470 δὲ
1536 1416 1750 1490 εὔχεται
1783 1419 1867 1472 δο-

283 1508 637 1580 κιμασθῆναι,
685 1510 834 1572 ὅπως
867 1508 1084 1580 γνωσθῇ
1126 1510 1159 1580 ὴ
1204 1509 1403 1581 καρδία
1447 1508 1612 1563 αὑτοῦ
1633 1527 1646 1540 ο
1683 1512 1866 1582 μεῖζον

283 1599 394 1672 γὰρ
417 1601 476 1654 τὸ
503 1601 742 1672 καθαρὸν
777 1602 871 1655 καὶ
897 1601 1054 1666 εὑθὲς
1087 1605 1154 1674 τῇ
1182 1603 1382 1676 καρδίᾳ
1425 1603 1520 1657 τοῦ
1554 1602 1742 1667 ἁπλῶς
1770 1621 1870 1656 κα-

286 1693 454 1763 θαρὸν
479 1694 575 1748 καὶ
607 1693 742 1765 εὑθῆ
767 1695 1063 1766 ὑπάρχειν*
1093 1695 1190 1748 καὶ
1217 1696 1504 1769 ὑπεραίρει
1545 1695 1642 1750 τοῦ
1682 1695 1867 1760 ἁπλῶς

281 1783 683 1857 δοκιμασθέντα
726 1786 1034 1858 γνωσθῆναι
1080 1786 1162 1857 τῷ
1208 1787 1603 1859 δοκιμασθῆναι
1643 1787 1735 1841 ἐπὶ
1790 1786 1868 1858 τῷ

1969 606 2079 660 gio.

2508 682 2678 737 Proba
2715 699 2821 747 me,
2855 683 3019 738 Deus.

2040 781 2213 847 Quum
2238 777 2394 833 initio
2407 776 2658 842 dixisset,
2677 774 2918 840 Domine,
2935 776 3174 845 probasti
3197 792 3276 830 me
3297 783 3346 829 et
3366 789 3556 846 cogito.

1969 873 2088 927 nisti
2135 887 2236 938 me,
2295 884 2440 924 nunc
2484 883 2582 922 ceu
2637 869 2876 921 nondum
2918 870 3181 938 probatus
3217 869 3338 922 ait:
3377 869 3560 924 Proba

1970 982 2072 1029 me,
2119 963 2362 1027 Domine,
2406 972 2454 1016 et
2501 961 2634 1014 scito
2673 976 2764 1013 cor
2807 976 3000 1015 meum.
3051 961 3120 1016 Et
3166 970 3294 1015 tunc
3338 961 3554 1029 quidem

1971 1058 2172 1112 dictum
2216 1056 2370 1110 fuit:
2424 1053 2495 1108 Et
2542 1052 2839 1122 funiculum
2890 1069 3063 1106 meum
3104 1053 3454 1123 investigasti,
3503 1059 3556 1104 cl

1971 1167 2148 1204 omnes
2190 1150 2302 1203 vias
2345 1163 2487 1201 meas
2525 1145 2862 1214 prwvidisti;
2901 1160 3044 1200 nunc
3094 1161 3223 1200 vero
3246 1185 3263 1212 ,
3302 1144 3557 1201 Scrutare

1972 1253 2092 1303 me,
2147 1247 2197 1290 et
2255 1250 2504 1304 cognosce
2553 1233 2768 1288 semitas
2823 1247 2988 1286 meas.
3045 1230 3312 1287 Neutrubi
3372 1241 3554 1286 tamen

1973 1331 2249 1385 contraria
2301 1329 2565 1398 loquitur.
2610 1325 2763 1380 Tunc
2801 1327 2950 1380 enim
3005 1325 3330 1395 simpliciter
3367 1327 3557 1395 explo-

1976 1431 2151 1475 ratum
2186 1435 2243 1474 se
2275 1431 2327 1473 et
2361 1419 2638 1489 cognitum
2675 1417 2851 1478 dixit;
2891 1432 3035 1470 nunc
3058 1431 3191 1471 vero
3214 1425 3336 1469 orat
3371 1416 3557 1486 explo-

1978 1515 2085 1567 rari
2135 1527 2213 1566 se.
2260 1511 2428 1580 Majus
2465 1511 2610 1564 enim
2650 1511 2779 1580 quid
2831 1517 2954 1575 est,
2994 1523 3189 1577 purum
3236 1519 3557 1577 rectumque

1977 1604 2175 1658 habere
2195 1618 2310 1667 cor,
2334 1618 2494 1671 quam
2525 1603 2844 1670 simpliciter
2871 1616 2990 1656 esse
3022 1616 3213 1670 purum
3243 1609 3300 1655 et
3323 1610 3554 1657 rectum.

1974 1695 2267 1765 Longeque
2282 1703 2502 1765 praestat
2516 1695 2734 1762 cognito
2751 1709 2847 1763 per
2857 1692 3286 1762 explorationem
3300 1691 3559 1760 simplici-

1978 1801 2060 1843 ter
2100 1789 2338 1853 homini,
2377 1788 2464 1842 ille
2493 1788 2582 1858 qui
2619 1788 2876 1857 probatus
2915 1795 2999 1842 est
3031 1801 3130 1856 per
3165 1785 3349 1840 cordis
3370 1784 3560 1855 cogni-

283 1874 592 1947 γνωσθῆναι
621 1876 721 1948 τὴν
753 1876 980 1948 καρδίαν
1010 1877 1175 1931 αὑτοῦ
1197 1893 1212 1908 ·
1251 1877 1391 1932 ἀλλὰ
1426 1879 1521 1932 καὶ
1552 1877 1648 1932 τοῦ
1683 1877 1868 1940 ἁπλῶς

1977 1883 2198 1936 tionem.
2249 1881 2456 1935 Rursus
2487 1881 2660 1949 majus
2687 1880 2816 1950 quid
2847 1890 2930 1935 est
2953 1921 2968 1943 ,
3004 1881 3048 1934 si
3081 1879 3183 1933 viae
3207 1877 3324 1946 ejus
3353 1877 3562 1948 explo--

285 1968 657 2040 πρωραθῆναι
681 1968 779 2033 τὰς
807 1969 959 2034 ὀδοὺς
1001 1969 1190 2034 αὐτοῦ,
1240 1969 1425 2042 μεῖζον
1470 1971 1531 2024 τὸ
1559 1969 1872 2040 γνωσθῆναι

283 2060 386 2123 τὰς
426 2059 647 2133 τρίϐους
695 2059 1022 2126 ὲτασθέντας
1063 2062 1252 2117 αὑτοῦ.
1293 2063 1386 2116 Διὸ
1445 2063 1540 2116 καὶ
1587 2064 1868 2134 ἐπήγαγεο

285 2151 397 2207 Καὶ
440 2153 529 2206 ιδὲ
579 2155 632 2207 el
680 2149 835 2218 εἶδες
877 2154 1135 2224 ἀνομίαν
1168 2155 1240 2208 ἐν
1287 2155 1440 2224 ἐμοὶ,
1495 2155 1772 2208 τουτέστιν
1815 2155 1872 2208 ἐν

287 2243 404 2310 ἕξει
442 2243 538 2296 καὶ
569 2242 809 2297 διαθέσει
846 2260 969 2314 μου.
1009 2243 1238 2316 Φέρεται
1274 2245 1370 2297 καὶ
1411 2243 1608 2308 οὕτως·
1641 2243 1750 2297 Καὶ
1785 2242 1876 2297 ἰδὲ

284 2339 344 2391 ει
382 2335 525 2401 ὁδὸς
567 2336 819 2406 ἀνομίας
865 2336 936 2390 ἐν
987 2336 1152 2406 ἐμοί’
1204 2337 1494 2400 τουτέστι,
1543 2336 1878 2407 κατανόησον

291 2429 344 2482 εί
374 2427 575 2482 ὦδευσέ
617 2444 750 2482 ποτε
780 2430 838 2482 ὲν
862 2431 930 2500 τῇ
970 2427 1118 2500 ψυχῇ
1150 2445 1249 2500 μου
1277 2428 1496 2500 ἀνομία,
1525 2427 1600 2492 ὡς
1628 2427 1749 2500 ῐχνη
1778 2429 1878 2500 τῆς

285 2520 412 2574 ὀδοῦ
443 2520 614 2590 αὐτῆς
661 2523 839 2590 μεῖναι
885 2520 1017 2592 παρ’
1059 2520 1204 2592 ἐμοί.
1242 2521 1432 2593 Ὅμως
1462 2520 1521 2574 δὲ
1567 2521 1662 2574 καὶ
1695 2523 1744 2574 εί
1785 2538 1876 2575 το-

291 2611 466 2683 σαύτη
497 2614 562 2666 ὲκ
593 2611 687 2665 σοῦ
722 2613 816 2666 καί¹
840 2611 929 2666 διὰ
958 2613 1019 2666 σὲ
1045 2611 1406 2684 κατώρθωται
1433 2629 1524 2684 μοι
1553 2613 1879 2684 ἀναμαρτη-

292 2702 405 2765 σία,
449 2702 564 2756 ἀλλ’
597 2700 691 2757 οὖν
737 2705 802 2758 σὺ
840 2703 1129 2776 ὡδήγησάς
1174 2719 1240 2774 με
1281 2705 1340 2756 ὲν
1383 2703 1490 2775 όδῴ
1537 2703 1752 2775 αἰωνία,
1786 2704 1880 2757 ἐπὶ

291 2796 592 2851 ἀθανασίαν
631 2797 727 2850 καὶ
763 2797 1076 2869 ἀφθαρσίαν
1101 2798 1330 2870 ἀγούσῃ.

847 2891 1137 2944 ΨΑΛΜΟΣ
1165 2890 1332 2944 ΡΛΘν.

448 2981 783 3035 Πεσοῦνται
811 2982 904 3035 ἐπ’
939 2981 1162 3047 αὐτοὺς
1187 2981 1484 3050 ἄνθρακες
1516 2982 1726 3050 πυρός.

367 3071 530 3144 Δίκην
560 3072 670 3145 γὰρ
700 3072 885 3143 ὑφέξει
923 3072 1061 3144 πρὸς
1095 3071 1282 3136 αὐτοῦ,
1318 3072 1472 3125 νόσον
1509 3069 1648 3141 ἔχων
1695 3069 1881 3124 τοιαύ-

292 3181 417 3236 την.

383 3255 597 3325 ’Ἄνδρα
616 3256 826 3312 ἄδικον
849 3257 1002 3311 κακὰ
1038 3257 1314 3324 θηρεύσει
1339 3258 1427 3323 εἰς
1449 3255 1796 3326 διαφθοράν.

368 3415 434 3467 Τί
469 3415 525 3468 δέ
554 3417 700 3468 ἐστιν
729 3417 808 3478 εἰς
845 3415 1178 3488 διαφθοράν;
1212 3416 1295 3469 ὅτι
1335 3414 1519 3468 πολλοὶ
1560 3413 1882 3487 θηρεύονται

293 3509 377 3572 είς
401 3507 696 3579 σωτηρίαν,
730 3508 805 3572 ὡς
834 3511 883 3562 οἱ
917 3509 1067 3580 παρὰ
1093 3508 1203 3562 τῶν
1225 3507 1559 3571 ἀποστόλων,
1595 3507 1670 3570 ὼς
1693 3509 1742 3560 oi
1774 3523 1881 3559 πα-

294 3602 369 3676 ρὰ
404 3601 511 3656 τῶν
540 3602 711 3672 ἁγίων
759 3602 970 3675 ἀνδρῶν
989 3619 1002 3630 ·
1048 3601 1164 3657 ἀλλ’
1189 3601 1324 3670 οἵγε
1356 3600 1582 3673 πονηροὶ
1619 3600 1747 3653 ὅταν
1777 3599 1883 3652 ὑπὸ

292 3694 398 3765 τῆς
431 3695 629 3759 κακίας
669 3694 988 3767 θηρεύονται
1013 3695 1107 3748 καὶ
1138 3694 1364 3766 φθορᾶς⁸
1395 3693 1502 3756 πᾶς
1534 3692 1642 3764 γὰρ
1678 3691 1881 3754 ἄδικος,

293 3788 488 3860 ὥσπερ
515 3787 621 3841 ὑπὸ
665 3786 872 3851 οἰκείας
897 3787 1054 3840 νόσου
1083 3784 1404 3859 διαφθαρεὶς
1425 3785 1532 3837 ὑπὸ
1557 3784 1659 3854 τῆς
1688 3782 1881 3837 ἑαυτοῦ

295 3879 516 3942 κακίας,
565 3879 718 3950 δίκην
753 3878 936 3948 ὑφέξει
973 3877 1073 3949 τὴν
1121 3877 1500 3948 προσήκουσαν
1526 3892 1540 3904 ε
1587 3873 1746 3945 ἱκανὴ
1773 3872 1883 3944 γάρ

297 3980 446 4031 ἐστιν
468 3976 589 4030 ἀντὶ
623 3975 803 4047 πάσης
821 3972 1089 4045 τιμωρίας
1131 3972 1231 4043 τὴν
1253 3970 1478 4041 ἔχουσαν
1503 3969 1674 4040 αὑτὴν
1704 3968 1883 4040 ψυχὴν

294 4069 625 4139 διαφθεῖραι.

301 4163 531 4232 “Error
570 4161 658 4214 ὅτι
698 4156 933 4224 ποιήσει
963 4156 1180 4223 Κύριος
1201 4153 1322 4221 τὴν
1353 4152 1556 4221 κρίσιν
1594 4151 1701 4205 τοῦ
1733 4169 1886 4206 πτω·

1027 4264 1160 4318 χου.

384 4341 662 4396 Ἐντεῦθεν
700 4344 727 4396 ό
749 4339 1000 4411 Σολομὼν
1028 4337 1328 4410 ὠφεληθεὶς
1355 4337 1446 4390 τὸν
1480 4336 1688 4408 πατέρα
1719 4336 1884 4407 φησὶν

293 4435 360 4489 έν
385 4435 465 4506 τῷ
505 4433 899 4506 Ἐκκλησιαστῇ
923 4449 936 4462 ·
989 4433 1168 4497 Τέλος
1206 4431 1394 4499 λόγου
1424 4428 1490 4482 τὸ
1528 4427 1652 4482 πᾶν
1675 4429 1880 4494 ἄκουε,

295 4530 382 4583 ὅτι
411 4527 532 4584 πᾶν
549 4529 614 4582 τὸ
641 4529 865 4596 ποίημα
903 4525 1033 4590 ἄξει
1053 4527 1086 4578 ό
1111 4523 1253 4588 Θεὸς
1279 4524 1366 4586 είς
1395 4522 1618 4588 κρίσιν,
1642 4520 1712 4572 ἐν
1734 4535 1884 4573 παν-

1978 1985 2107 2026 rata:
2160 1981 2476 2038 noscantur,
2531 1987 2691 2041 quam
2728 1971 2773 2026 si
2817 1971 3190 2025 tantummodo
3223 1970 3560 2039 praevidean-

1975 2074 2079 2118 tur.
2119 2064 2324 2119 Idcirco
2358 2064 2562 2120 addidit
2594 2082 2608 2119 :
2659 2063 2727 2117 Et
2764 2063 2881 2117 vide
2919 2080 2990 2117 an
3027 2065 3110 2117 via
3154 2062 3454 2133 iniquitatis
3503 2063 3560 2114 iu

1975 2175 2054 2212 me
2084 2159 2178 2224 sit,
2219 2159 2271 2212 id
2305 2167 2388 2213 est
2419 2158 2471 2212 iu
2506 2158 2693 2213 habitu
2728 2173 2790 2212 ac
2823 2171 3021 2229 genere
3062 2155 3186 2210 vita:
3233 2170 3389 2209 meae.
3421 2152 3559 2208 Fer-

1977 2261 2066 2304 tur
2101 2261 2155 2304 et
2199 2249 2301 2304 alia
2350 2251 2704 2320 explanatio:
2747 2249 2818 2304 Et
2849 2250 2964 2304 vide
2994 2265 3118 2302 num
3149 2248 3233 2302 via
3262 2247 3559 2316 iniquitatis

1975 2341 2030 2394 in
2060 2357 2143 2394 me
2170 2341 2237 2395 sit
2264 2356 2283 2394 :
2312 2341 2363 2395 id
2396 2352 2499 2408 cst,
2533 2343 2760 2397 observa
2797 2359 2863 2396 an
2896 2341 3184 2410 aliquando
3213 2339 3471 2408 iniquitas
3504 2339 3558 2391 in

1979 2448 2068 2488 me
2101 2433 2172 2487 sit
2195 2444 2463 2502 grassata,
2495 2435 2567 2487 ita
2613 2444 2672 2488 ut
2721 2435 2947 2504 vestigia
2985 2434 3191 2489 semita:
3231 2431 3350 2501 ejus
3385 2432 3436 2484 in
3473 2447 3562 2484 mc

1979 2524 2275 2595 supersint.
2311 2523 2677 2579 Nihilominus
2723 2524 2824 2578 etsi
2858 2532 3006 2576 tanta
3044 2524 3144 2576 fuit
3177 2538 3242 2576 ex
3285 2533 3336 2575 te
3381 2529 3435 2575 et
3465 2536 3561 2590 per

1985 2627 2034 2671 te
2079 2617 2388 2672 innocentia
2427 2633 2544 2672 mea
2571 2659 2585 2681 ,
2626 2628 2679 2670 tu
2738 2627 2918 2669 tamen
2964 2616 3096 2670 mihi
3145 2615 3252 2667 dux
3297 2629 3355 2668 es
3389 2615 3441 2667 in
3475 2614 3561 2667 via

1980 2718 2184 2763 tetertm
2213 2748 2230 2773 ,
2271 2725 2388 2777 qua:
2420 2709 2485 2762 ad
2517 2708 2925 2762 immortalitem
2966 2704 3564 2774 incorruptibilitatem-

1982 2814 2087 2866 que
2125 2799 2391 2868 perducit.

2444 2889 2768 2945 I’SAL-IIIUS
2809 2888 3096 2944 CXXXIX.

2134 2976 2292 3033 Vsus.
2328 2979 2416 3033 II.
2445 2981 2644 3034 Cadent
2677 2997 2832 3048 super
2862 2997 2950 3033 eos
2983 2981 3120 3050 ignis
3143 2981 3414 3033 carbones.

2055 3067 2276 3124 Putnam
2340 3071 2538 3140 quippe
2587 3085 2616 3124 ιι
2667 3071 2776 3125 Deo
2825 3071 3055 3136 referet,
3108 3072 3199 3141 qui
3257 3071 3561 3141 hujusmodi

1987 3163 2177 3216 morbo
2208 3161 2436 3216 laborat.

1911 3243 1952 3301 (ἒ
1991 3255 2150 3310 Vens.
2193 3253 2285 3309 12.
2352 3251 2534 3309 Virum
2578 3254 2832 3322 injustam
2889 3255 3031 3309 ma!a
3081 3255 3283 3326 capient
3333 3256 3403 3309 ad
3444 3273 3565 3310 cor-

2622 3327 2936 3393 ruptionem.

2054 3417 2190 3486 Quid
2218 3428 2300 3473 est
2327 3419 2393 3472 ad
2424 3420 2872 3488 corruptionem?
2907 3434 3100 3489 nempe
3136 3419 3261 3489 quia
3296 3418 3448 3474 multi
3473 3435 3566 3474 ca-

1984 3511 2206 3580 piuntur
2228 3511 2294 3565 ad
2325 3509 2576 3577 Salutem,
2603 3521 2664 3565 ut
2689 3511 2763 3564 illi
2799 3514 2890 3581 qni
2927 3513 2994 3567 ab
3034 3513 3293 3582 apostolis
3324 3513 3561 3568 sanctis-

1983 3621 2088 3677 que
2117 3607 2269 3661 viris.
2308 3603 2686 3661 Verumtamen
2733 3605 2806 3660 illi
2844 3603 3072 3672 improbi
3103 3613 3229 3658 sunt
3259 3604 3350 3674 qui
3379 3619 3409 3657 a
3451 3620 3564 3656 ma-

1984 3697 2098 3752 litia
2123 3698 2413 3768 capiuntur
2440 3707 2494 3751 et
2529 3696 2856 3764 corruptela.
2909 3694 3098 3761 Quivis
3131 3693 3274 3747 enim
3327 3691 3562 3761 iniustus

1985 3800 2242 3862 tauquam
2280 3789 2468 3844 intimo
2498 3789 2688 3843 morbo
2712 3798 2996 3856 corruptus
3028 3787 3264 3856 nequitia
3296 3804 3415 3852 sua,
3441 3800 3564 3858 pm-

1985 3898 2110 3938 nam
2175 3897 2469 3952 congruam
2540 3883 2795 3952 perferet.
2872 3879 3114 3949 Namque
3178 3881 3246 3934 ad
3314 3895 3563 3935 corrum-

1985 3977 2212 4048 pendam
2274 3977 2544 4040 animam,
2607 3975 2846 4045 cujusvis
2894 3989 3067 4045 pmuze
3121 3974 3278 4040 loco,
3324 3973 3563 4044 nequitia

1985 4073 2199 4130 suﬂicit.

1988 4165 2152 4222 Vsus.
2199 4167 2284 4221 15.
2344 4164 2573 4235 Cognovi
2631 4167 2753 4246 quin
2798 4165 2956 4248 [σείει
3001 4163 3253 4219 Dominus
3293 4163 3563 4235 judicium

2677 4251 2864 4301 maius.

2056 4328 2192 4383 Hinc
2220 4327 2474 4384 Salomon
2503 4327 2648 4381 Patri
2672 4326 2973 4398 sum-agatis
3003 4325 3078 4379 ait
3109 4327 3160 4379 in
3191 4325 3520 4379 Ecclesiaste
3545 4343 3560 4376 ;

1991 4420 2175 4475 Finem
2241 4435 2602 4488 summamque
2657 4420 2818 4470 totius
2866 4417 3120 4470 sermonis
3158 4415 3321 4479 audi;
3371 4427 3564 4482 nempe

1987 4515 2127 4584 quod
2158 4529 2308 4566 omne
2345 4512 2542 4582 factum
2594 4511 2819 4563 adducet
2870 4509 3008 4563 Deus
3063 4509 3118 4560 in
3161 4508 3454 4578 judicium,
3497 4508 3563 4558 de

295 4623 354 4675 τὶ
381 4587 830 4689 παρεωραμένῷ,
860 4587 971 4671 ἐάν
999 4633 1060 4670 τε
1081 4613 1327 4684 ἀγαθὸν,
1355 4587 1465 4666 ἐάν
1488 4628 1551 4665 τε
1579 4611 1846 4678 πονηρόν
1863 4627 1875 4640 ο

1988 4607 2131 4660 omni
2164 4605 2492 4668 abscondito,
2547 4605 2654 4657 sive
2718 4603 2773 4656 id
2829 4604 3022 4656 bonum
3071 4601 3251 4668 fuerit,
3293 4601 3398 4651 sive
3441 4613 3562 4651 ma-

297 4714 396 4767 καὶ
419 4712 513 4765 νῦν
527 4713 654 4782 γὰρ,
691 4711 876 4781 φησιν,
903 4709 979 4773 ὡς
1012 4709 1189 4778 κρινεῖ
1205 4707 1234 4758 ὁ
1257 4704 1389 4768 Θεὸς
1414 4703 1642 4757 ἐκδικῶν
1668 4703 1759 4756 τὸν
1784 4703 1879 4756 νῦν

297 4803 773 4874 καταπονούμενον
816 4801 1023 4871 πένητα
1068 4797 1164 4852 καί
1201 4795 1438 4866 πτωχόν.
1485 4795 1606 4848 Ἐπὶ
1643 4794 1878 4866 χρηστὸν

294 4898 357 4950 δὲ
388 4897 524 4968 μετὰ
540 4895 712 4950 ταῦτα
737 4893 890 4958 τέλος
917 4888 1255 4961 κατέστρεψε
1287 4888 1378 4941 τὸν
1399 4887 1611 4958 ψαλμόν
1635 4903 1648 4916 ·
1674 4886 1754 4939 διὸ
1783 4887 1877 4940 καὶ

293 4989 401 5052 Ε’ίς
431 4985 604 5051 τέλος
638 4985 1066 5056 ἐπιγέγραπται,
1112 4981 1210 5053 τὴν
1245 4979 1614 5050 ἀποκειμένην
1650 4979 1763 5041 τοῖς
1805 4975 1883 5029 δι-

295 5078 478 5143 καίοις
524 5078 696 5146 λέγων
756 5076 964 5132 ἐλπίδα.
1035 5075 1092 5129 ’0
1137 5072 1194 5125 δὲ
1241 5071 1553 5142 Σύμμαχος,
1598 5069 1758 5136 παρὰ
1805 5066 1886 5134 τῷ

294 5167 600 5237 προσώπῳ
638 5182 775 5233 σου,
819 5167 987 5235 λέγει.
1020 5164 1084 5217 Τί
1129 5163 1186 5218 δὲ
1209 5165 1455 5234 κρεῖττον
1481 5159 1576 5214 τοῦ
1609 5159 1884 5232 κεκαθαρ-

301 5260 442 5331 μένη
497 5259 703 5331 διανοίᾳ
747 5257 1036 5330 πρόσωπον
1101 5255 1236 5328 πρὸς
1284 5255 1572 5327 πρόσωπον
1625 5253 1758 5324 όρᾷν
1793 5250 1886 5306 τὸν

294 5351 466 5417 Θεόνς
516 5351 656 5405 κατὰ
684 5351 776 5405 τὸν
808 5349 904 5404 τοῦ
937 5348 1186 5419 Σωτῆρος
1225 5344 1571 5418 μακαρισμὸν
1598 5341 1841 5405 εἰπόντος
1861 5358 1875 5372 ·

295 5443 592 5512 Μακάριοι
632 5446 686 5497 oi
730 5442 974 5511 καθαροί
1024 5438 1100 5509 τῇ
1137 5439 1369 5508 καρδίᾳ,
1420 5437 1508 5490 ὅτι
1559 5435 1726 5490 αὐτοὶ
1775 5433 1880 5486 τὸν

297 5532 454 5588 Θεὸν
479 5533 731 5602 ὄψονται
754 5549 769 5564 °
805 5527 867 5588 οὗ
893 5531 1146 5603 τυχόντες
1167 5529 1661 5600 εὑχαριστήσουσιν.

374 5693 418 5725 ⁸³
443 5691 621 5748 Eccle.
658 5703 756 5754 xtl,
784 5689 870 5753 i3,
900 5689 983 5741 Ii.
1057 5686 1103 5718 ”
1140 5685 1328 5740 Matth.
1367 5699 1417 5751 ν,
1447 5684 1503 5740 8.

1985 4697 2094 4749 lum
2135 4696 2201 4749 δ’.
2245 4695 2311 4748 Ει
2358 4711 2502 4750 nunc
2561 4695 2728 4759 enim,
2795 4693 2991 4761 inquit,
3040 4690 3307 4760 judicahit
3362 4689 3561 4744 vindex

1988 4791 2127 4844 Dens
2164 4790 2231 4844 de
2261 4805 2500 4859 paupere
2537 4802 2796 4856 oppresso
2826 4795 2880 4840 et
2910 4787 2976 4839 de
3021 4785 3196 4853 inope.
3234 4781 3396 4836 Felici
3433 4797 3554 4836 mox

1983 4884 2088 4935 line
2115 4881 2384 4950 psalmum
2415 4881 2690 4934 concludit
2728 4879 2979 4946 (ideoque
3018 4886 3074 4930 et
3121 4877 3172 4931 in
3221 4876 3380 4931 titulo
3425 4880 3564 4931 scrt-

1982 4986 2130 5046 ptum
2158 4985 2242 5029 est
2270 4973 2336 5028 In
2373 4973 2552 5044 finem)
2583 4973 2874 5042 repositam
2900 4969 3063 5038 justis
3110 4983 3258 5038 spem
3301 4967 3562 5022 recitatis.

1983 5067 2351 5139 Symmachus
2395 5077 2596 5128 autem,
2639 5062 2781 5134 apud
2818 5063 3006 5132 [aciem
3039 5070 3209 5123 tuam,
3239 5060 3388 5115 dicit.
3421 5059 3560 5125 Quid

1981 5171 2111 5212 vero
2155 5157 2496 5226 praenuntius
2545 5169 2708 5222 quam
2760 5167 2897 5223 puro
2949 5153 3114 5207 corde
3162 5151 3330 5206 Deum
3377 5163 3560 5204 coram

1983 5248 2271 5320 spectare?
2303 5259 2462 5318 prout
2495 5247 2633 5302 dixit
2657 5247 2918 5302 Servator
2942 5263 2955 5299 :
2982 5244 3133 5299 Beati
3159 5242 3354 5296 mundo
3382 5242 3558 5303 corde,

1983 5341 2234 5410 quoniam
2269 5340 2367 5408 ipsi
2412 5337 2579 5392 Deum
2601 5337 2844 5392 videbunt
2865 5337 2911 5369 "
2939 5337 2952 5389 !
2989 5352 3150 5407 quant
3181 5348 3296 5390 rem
3338 5333 3517 5403 adepti
3540 5371 3557 5396 .

1985 5431 2188 5498 gratias
2217 5437 2396 5500 agent.

378 5851 490 5922 (l3)
535 5847 770 5916 Insignis
803 5840 1322 5900 Eusebii-sententia
1367 5841 1432 5896 de
1475 5837 1644 5895 sacris
1683 5835 1852 5902 libris,
1882 5831 2014 5889 nihil
2052 5829 2299 5886 utilitatis
2326 5827 2464 5898 apud
2495 5827 2778 5883 htereticos
2818 5822 3148 5880 habentibus

582 5944 852 6004 Ριιτιιοι..
898 5939 1017 5999 (in.
1067 5934 1295 5999 XXIV.

3152 5922 3190 5978 ἓ
