4062 6400
517 395 587 450 45

587 598 838 658 Psaltuus
856 596 947 652 hic
969 608 1153 666 parem
1183 605 1246 646 ac
1278 591 1526 660 superior
1562 589 1781 645 titulum
1819 587 1979 659 gerit.
2005 585 2102 641 Est

519 706 700 751 autem
749 689 986 752 Davidis,
1033 685 1389 754 eamdemque
1435 683 1544 736 vim
1603 682 1784 752 prccis
1833 680 2098 735 continet.

518 789 634 844 Hoc
675 797 854 841 tamen
883 781 1110 851 amplius
1144 777 1333 843 habet,
1373 777 1516 846 quod
1551 775 1725 846 magis
1761 783 1846 829 est
1881 774 2104 844 dogma-

520 881 682 942 ticus,
735 884 789 929 et
809 874 960 944 plura
992 882 1158 941 atque
1189 870 1409 925 utiliora
1454 869 1556 924 sub
1591 867 1746 922 initio
1793 867 1970 922 docet.
2012 864 2104 918 Ait

518 973 686 1043 igitur
717 991 729 1024 ε
757 966 1014 1022 Clamavi.
1045 964 1199 1018 Haud
1229 977 1364 1018 sane
1388 975 1581 1032 magna
1611 973 1744 1014 voce
1776 966 1832 1012 et
1862 957 2104 1011 clamore

518 1075 676 1116 usum
701 1072 821 1112 esse
845 1055 1212 1126 psalmistam,
1233 1052 1458 1108 credere
1483 1052 1680 1114 decet;
1715 1064 1843 1104 nam
1875 1046 2100 1102 silentes

517 1165 736 1223 quoque
762 1149 914 1205 audit
953 1149 1115 1203 Deus.
1166 1145 1260 1200 Sic
1303 1144 1468 1199 etiam
1515 1143 1688 1214 Moysi
1734 1140 1970 1196 traditur
2023 1140 2103 1193 di-

515 1255 662 1300 ctum
682 1261 700 1302 ;
721 1243 863 1309 Quid
889 1241 957 1295 ad
975 1255 1056 1293 me
1080 1239 1278 1293 clamas
1291 1236 1376 1292 ‘3?
1399 1235 1504 1291 Sed
1525 1235 1616 1305 qui
1641 1247 1833 1304 magna
1854 1231 2103 1301 dogmata

519 1354 549 1392 a
580 1337 690 1391 Deo
727 1335 1014 1397 didicerat,
1055 1331 1257 1386 eximio
1294 1330 1463 1384 animi
1502 1326 1699 1382 all‘eetu
1742 1324 1957 1394 ftdcque
2003 1321 2102 1376 ali-

519 1429 648 1500 quid
671 1443 701 1483 a
728 1428 838 1482 Deo
877 1434 1086 1498 petens,
1135 1423 1208 1477 ita
1235 1423 1322 1476 ~ad
1351 1436 1475 1475 eum
1515 1416 1809 1474 clamabat.
1843 1414 2022 1482 Quare
2048 1422 2100 1468 et

522 1521 754 1577 ﬁdenter
784 1518 865 1571 ait
896 1534 911 1572 :
937 1514 1205 1583 Quoniam
1232 1512 1354 1568 talis
1389 1527 1533 1575 sum,
1583 1520 1638 1565 et
1683 1509 1754 1562 ita
1785 1507 1984 1570 clamo,
2020 1517 2104 1559 at-

521 1613 686 1667 tende
712 1610 831 1664 voci
865 1623 1002 1664 meaa
1030 1609 1155 1662 dum
1188 1605 1254 1660 ad
1293 1616 1344 1660 te
1373 1604 1570 1658 clamo.
1619 1600 1829 1669 Quippe
1859 1598 1955 1668 qui
2002 1612 2103 1667 pu-

522 1719 639 1759 ram
677 1703 850 1758 habeo
877 1715 986 1755 non
1016 1709 1252 1753 mentem
1278 1693 1676 1756 tantummodo,
1717 1690 1812 1744 sed
1840 1698 1896 1744 et
1925 1687 2101 1743 labio-

867 371 896 402 '
1198 389 1463 446 EUSEBII
1503 385 1982 443 cmmmusns
2019 383 2172 440 ore.
2215 381 2518 468 PARSsllI.
2559 412 2628 420 —
2668 376 3085 435 exessum.

1050 499 1370 556 PSALMUS
1403 498 1564 554 CXL.
2045 491 2050 498 ’
2127 502 2174 558 Α

3730 371 3800 424 Η

2541 549 2552 562 ,,
2768 490 3060 544 ΨΑΛΜΟΣ
3094 487 3229 540 PM'.

2288 585 2620 649 Ἀκολούθως
2656 583 2735 654 τῷ
2767 583 3061 655 προάγοντι
3097 577 3296 651 ψαλμῷ
3317 576 3414 632 καὶ
3427 569 3583 639 οὗτος
3610 575 3786 643 ἐπιγέ-

2203 694 2446 748 γραπται
2467 695 2481 708 ·
2517 676 2633 730 ἐστι
2657 676 2720 729 δὲ
2747 675 2842 729 τοῦ
2872 674 3058 738 Δαυῒδ,
3089 673 3184 727 καὶ
3207 670 3306 743 τὴν
3339 671 3512 740 αὐτὴν
3550 669 3662 740 ἐχει
3697 669 3797 739 τῆς

2204 771 2514 843 προσευχῆς
2542 770 2791 839 δύναμιν.
2831 769 2985 838 Ἔχει
3005 766 3062 819 δέ
3092 782 3145 819 τι
3163 763 3326 817 πλέον
3360 757 3516 826 οὗτος
3543 762 3788 832 δογματιο

2203 865 2345 918 κώτε
2355 882 2444 937 ρος
2464 863 2562 929 ὢν,
2591 864 2684 918 καὶ
2705 861 2929 916 πλείονα
2945 861 3040 914 καὶ
3065 857 3465 930 ὠφελιμώτερα
3481 856 3568 910 διὰ
3587 855 3686 926 τῆς
3700 855 3796 926 ἁρ-

2203 957 2306 1029 χῆς
2328 956 2621 1012 παιδεύωνο
2643 957 2739 1009 καὶ
2756 955 2940 1026 φησίν·
2969 951 3318 1020 Ἐκέκραξαο
3337 949 3396 1003 οὐ
3411 949 3630 1011 πάντως
3643 947 3798 1020 φωνῇ

2205 1051 2419 1121 μεγάλῃ
2451 1051 2544 1104 καὶ
2579 1049 2674 1120 βοῇ
2713 1045 3017 1117 κεχρῆσθαι
3047 1043 3211 1098 αὐτὸν
3240 1043 3507 1115 προσήκει
3550 1040 3801 1111 ὑπολαμ-

2205 1141 2413 1196 6άνειν·
2461 1141 2553 1196 καὶ
2581 1138 2911 1194 σιωπώντων
2939 1136 3047 1209 γὰρ
3072 1135 3262 1190 ἀκούει
3291 1137 3319 1189 ὁ
3343 1133 3476 1197 Θεός
3499 1150 3512 1163 ⁸
3537 1132 3682 1185 οὕτω
3702 1132 3800 1186 καὶ

2204 1234 2414 1306 Μωῦσῇ
2443 1234 2659 1304 λέγεται
2691 1231 2974 1304 εἰρηκέναι
2997 1245 3011 1260 ⁶
3055 1229 3118 1283 Τί
3136 1224 3296 1294 ,βοᾷς
3330 1225 3482 1295 πρὸς
3503 1220 3620 1295 μέ;
3655 1224 3799 1278 Ἀλλ’

2203 1329 2232 1380 ό
2259 1326 2472 1398 μεγάλα
2502 1325 2748 1396 δόγματα
2776 1324 2905 1396 περὶ
2948 1320 3086 1375 Θεοῦ
3133 1318 3493 1391 κεκτημένος,
3525 1315 3800 1389 ὑπερϐαλ-

2203 1420 2371 1492 λούσῃ
2397 1435 2458 1472 τε
2485 1417 2722 1472 διαθέσει
2742 1416 2837 1469 καὶ
2861 1414 3043 1467 πίστει
3078 1411 3247 1468 αἰτῶν
3267 1428 3321 1464 τι
3348 1409 3500 1481 παρὰ
3524 1408 3618 1462 τοῦ
3636 1407 3798 1473 Θεοῦ,

2203 1510 2377 1574 οὕτως
2417 1505 2682 1580 ὲκέκραξε
2723 1507 2859 1578 πρὸς
2893 1504 3056 1559 αὐτόν
3075 1519 3090 1534 ο
3123 1503 3204 1556 διὸ
3231 1503 3328 1556 καὶ
3354 1501 3570 1574 θαρσῶν
3593 1519 3760 1573 φησιν
3780 1517 3797 1531 ·

2203 1602 2424 1674 Ἐπειδὴ
2461 1599 2703 1665 τοιοῦτός
2742 1601 2878 1671 εἰμι,
2913 1598 3008 1652 καὶ
3041 1595 3266 1651 τοιαῦτα
3299 1595 3426 1668 βοῶ,
3456 1596 3700 1666 πρόσχες
3729 1595 3800 1666 τῇ

2203 1698 2354 1767 φωνῇ
2399 1711 2500 1765 μου
2542 1695 2601 1748 ἐν
2625 1692 2704 1764 τῷ
2740 1691 3076 1764 κεκραγέναι
3112 1707 3181 1762 με
3217 1690 3353 1763 πρὸς
3391 1688 3485 1742 σέ·
3517 1688 3593 1752 ὡς
3627 1686 3802 1741 καθα-

519 1810 642 1850 rum
664 1808 853 1848 vocem
896 1806 926 1844 a
974 1788 1276 1852 mendacio,
1321 1783 1560 1856 periurio
1587 1792 1641 1838 et
1681 1780 1950 1837 convicio.
2004 1776 2101 1834 His

2217 1787 2308 1860 ρὰν
2338 1787 2478 1859 ἔχων
2506 1787 2567 1840 ού
2623 1785 2782 1856 μόνον
2815 1785 2915 1857 τὴν
2945 1784 3206 1848 διάνοιαν,
3259 1782 3394 1837 ἀλλὰ
3444 1781 3540 1834 καὶ
3577 1779 3675 1853 τὴν
3711 1776 3803 1832 διὰ

521 1889 688 1941 etiam
719 1895 1112 1956 consequenter
1142 1881 1331 1936 addit:

527 2073 686 2129 Vsus.
742 2071 799 2127 2.
863 2069 1099 2124 Elevatio
1169 2080 1418 2119 manuum
1485 2077 1722 2116 mearum
1789 2056 2110 2126 sacriﬁcium

1135 2136 1476 2206 vespertinum
1487 2176 1500 2189 .

593 2236 706 2291 Hoc
738 2232 1002 2304 intelliges
1035 2245 1102 2292 ex
1129 2229 1272 2284 dictu
1300 2225 1544 2297 Apostoli
1571 2244 1584 2280 :
1627 2223 1762 2278 Volo
1794 2224 1932 2276 viros
1956 2233 2108 2274 orare

521 2334 750 2379 levantes
789 2338 952 2392 puras
997 2335 1210 2380 manus,
1269 2318 1384 2383 sine
1441 2315 1524 2370 ira
1568 2323 1617 2367 et
1659 2309 2105 2367 murmurationi-

522 2420 617 2470 bus
650 2415 695 2448 ⁸⁸
729 2433 745 2470 :
778 2427 1013 2483 namque
1038 2421 1092 2466 et
1116 2410 1208 2464 ille
1236 2419 1342 2463 tam
1378 2409 1771 2478 cogitationum
1803 2405 1932 2459 facit
1957 2417 2109 2458 men-

522 2509 722 2562 tionem
765 2520 928 2574 quam
977 2514 1224 2558 actuum.
1290 2500 1486 2555 Verum
1545 2498 1695 2566 impii
1757 2508 2106 2564 nequaquam

519 2613 712 2653 manus
733 2595 1042 2652 sustollunt.
1063 2593 1186 2647 Ideo
1216 2592 1422 2653 dictum
1453 2599 1534 2643 est
1560 2589 1666 2643 illis
1698 2607 1710 2642 :
1742 2586 1876 2641 Cum
1920 2599 2108 2638 manus
2134 2651 2145 2662 .

521 2701 714 2746 t'cstrns
741 2689 810 2743 ad
847 2703 928 2742 me
953 2687 1266 2748 extendetis,
1299 2684 1492 2752 facient
1519 2695 1690 2734 meam
1721 2691 1753 2732 a
1794 2678 1935 2731 uobis
1963 2691 2112 2728 auer-

519 2796 626 2838 tant
672 2784 740 2834 “.
786 2783 1012 2852 Oportet
1060 2792 1193 2831 vero
1243 2777 1295 2829 in
1349 2775 1516 2827 altum
1570 2785 1724 2826 actus
1783 2769 2108 2833 sustollere,

521 2882 683 2942 atque
703 2885 798 2926 eos
816 2879 978 2940 prout
1009 2868 1117 2923 Deo
1151 2865 1412 2936 placuerit
1438 2864 1716 2934 perlicere.
1757 2860 1767 2880 '

531 3152 692 3209 Vens.
713 3152 769 3207 4.
802 3149 884 3202 Ne
911 3146 1138 3201 declines
1167 3158 1260 3196 cor
1279 3155 1450 3194 meum
1476 3137 1546 3191 ad
1576 3133 1796 3189 malitia:
1820 3147 2104 3209 sermones.

704 3206 772 3277 ad
809 3217 1137 3276 excusandas
1182 3211 1548 3268 excusationes
1588 3209 1643 3260 in
1683 3206 1928 3276 peccatis.

601 3387 679 3443 Ne
701 3379 942 3442 subverti
978 3377 1125 3434 sinas
1161 3383 1321 3444 atque
1370 3371 1424 3426 in
1470 3365 1804 3424 contrarium
1858 3359 2110 3417 inclinari

529 3483 786 3537 donatam
821 3479 991 3530 semel
1035 3486 1066 3526 a
1117 3479 1168 3524 te
1204 3464 1336 3521 mihi
1368 3472 1630 3518 mentem.
1673 3456 1802 3524 Pro,
1845 3454 1914 3507 ad
1954 3468 2114 3506 excu-

525 3571 725 3632 sandas
753 3566 1119 3624 excusationes
1148 3561 1204 3615 in
1239 3553 1487 3626 peccatis,
1527 3548 1894 3622 Symmachus
1922 3545 2115 3610 edidit,

531 3665 602 3718 ad
630 3659 937 3732 cogitandus
965 3655 1172 3725 iniquas
1216 3647 1584 3720 cogitationes,
1626 3640 1827 3697 clarius
1865 3638 2113 3707 equidem

530 3729 785 3812 dictionis
811 3760 1048 3806 mentem
1093 3745 1425 3816 exprimens.
1467 3736 1673 3794 Deinde
1709 3733 2000 3789 Psalmista
2051 3729 2117 3783 ad

530 3848 743 3922 praxim
775 3842 1072 3899 revertitur
1113 3839 1327 3902 dicens,
1359 3850 1478 3888 cum
1517 3830 1818 3886 hominibus
1848 3824 2119 3896 aperanti--

535 3916 630 3993 itus
662 3936 1019 4006 iniquitatem,
1071 3940 1119 3985 et
1166 3945 1273 3982 non
1324 3923 1631 3980 combinabo
1676 3937 1798 3974 cum
1826 3916 2001 3973 electis
2033 3931 2120 3969 eo-

530 4045 675 4082 rum.
707 4024 813 4080 Pro
843 4038 949 4092 quo
978 4032 1171 4074 rursus
1197 4013 1560 4086 Symmachus
1599 4009 1801 4066 clarius
1851 4008 2122 4074 interpre-

535 4132 682 4177 tatus
742 4126 830 4174 est
887 4114 1075 4169 dicens
1128 4129 1142 4164 :
1204 4107 1338 4162 Cum
1396 4104 1697 4159 hominibus
1778 4098 2122 4168 operantibus

534 4212 902 4284 iniquitatem,
956 4222 1018 4260 ne
1065 4203 1309 4257 dulcibus
1375 4197 1588 4269 quidem
1641 4197 1876 4264 ipsorum
1933 4207 2123 4245 conve-

535 4282 677 4361 scar.
727 4300 852 4356 Non
886 4315 1001 4365 ero,
1053 4294 1250 4365 inquit,
1303 4305 1422 4345 cum
1469 4288 1608 4352 istis,
1657 4289 1703 4340 si
1743 4296 1822 4353 tu,
1879 4282 2122 4347 Domine,

538 4396 838 4454 custodiam
889 4392 970 4446 ori
1025 4403 1137 4442 meo
1179 4384 1443 4454 posueris,
1485 4391 1532 4435 et
1579 4386 1941 4448 prwparatum
1999 4371 2126 4426 mihi

537 4495 846 4546 thesaurum
879 4480 1286 4537 conservaveris.
1326 4474 1492 4530 Electi
1540 4486 1704 4542 porro
1753 4483 1969 4532 eorum,
2002 4479 2126 4520 cre-

2137 1855 2180 1910 B
2209 1855 2315 1935 τῶν
2335 1855 2556 1950 χειλέων
2581 1855 2762 1949 φωνὴν
2787 1855 2895 1930 ἀπὸ
2919 1875 3169 1946 ψεύδους,
3198 1873 3481 1946 ἐπιορκίας
3495 1890 3555 1926 τε
3583 1873 3677 1926 καὶ
3699 1871 3803 1926 λοι-

2209 1972 2415 2046 δορίας.
2445 1965 2540 2036 Οἷς
2559 1970 2654 2024 καὶ
2677 1968 2992 2032 ἀκολούθως
3019 1969 3300 2041 ἐπήγαγεν
3322 1983 3336 1997 ⁸

2322 2066 2612 2134 Ἔπαρσις
2640 2061 2756 2117 τῶν
2783 2060 2997 2132 χειρῶν
3035 2078 3158 2132 μου
3185 2059 3367 2115 θυσία
3394 2055 3706 2128 ἐσπερινή.

2278 2227 2514 2298 Νοὴσεις
2542 2223 2599 2277 δὲ
2642 2221 2801 2276 τοῦτο
2839 2221 2948 2274 ἀπὸ
2984 2217 3080 2272 τοῦ
3119 2217 3296 2287 λέγειν
3332 2217 3424 2270 τὸν
3457 2214 3803 2270 Ἀπόστολονο

2212 2320 2512 2387 Βούλομαι
2545 2314 2688 2378 τοὺς
2726 2312 2950 2381 ἄνδρας
2977 2311 3420 2381 προσεύχεσθαι
3449 2308 3811 2377 ἐπαίροντας

2211 2412 2426 2476 ὁσίους
2475 2407 2699 2478 χεῖρας,
2747 2405 2924 2476 χωρὶς
2969 2401 3151 2473 ὀργῆς
3188 2402 3286 2456 καὶ
3318 2397 3806 2471 διατογγυσμῶνο

2212 2506 2464 2566 κάκεῖνος
2494 2502 2603 2573 γὰρ
2625 2497 2764 2570 όμοῦ
2791 2498 2884 2550 καὶ
2909 2497 3018 2550 τῶν
3050 2495 3192 2549 κατὰ
3213 2495 3449 2549 διάνοιαν
3472 2491 3810 2565 ἐμνημόνευ-

2214 2615 2296 2662 σε,
2328 2596 2423 2650 καὶ
2467 2593 2578 2647 τῶν
2606 2590 2748 2646 κατὰ
2801 2589 3003 2661 πρᾶξιν
3028 2605 3042 2619 °
3097 2590 3148 2642 οἰ
3191 2587 3246 2642 δὲ
3283 2586 3500 2649 ἀσεῦεἰς
3547 2584 3810 2638 οὐδέποτε

2211 2692 2398 2763 χεῖρας
2440 2685 2761 2754 ἐπαίρουσι⁶
2819 2682 2900 2736 διὸ
2950 2680 3199 2734 λέλεκται
3244 2679 3382 2752 πρὸς
3424 2677 3642 2740 αὐτούς·
3675 2675 3810 2731 Ὄτ’

2215 2783 2291 2836 ἂν
2314 2779 2422 2845 τὰς
2461 2777 2664 2848 χεῖρας
2699 2775 3002 2843 ἐκτείνητε
3031 2772 3182 2842 πρὸς
3214 2772 3312 2842 μὲ,
3350 2771 3709 2840 ἀποστρέψαι
3739 2770 3810 2823 τὸ

2212 2873 2545 2943 πρόσωπόν·
2569 2887 2690 2940 μου
2717 2869 2819 2938 ἀφ’
2847 2866 3016 2938 ὑμῶν
3035 2883 3051 2898 ο
3095 2865 3346 2936 ἐπαίρειν
3368 2863 3426 2917 δὲ
3458 2864 3539 2917 δεῖ
3571 2865 3651 2926 εἰς
3673 2860 3813 2931 ὕψος

2211 2964 2312 3028 τὰς
2342 2963 2589 3035 πράξεις,
2623 2962 2720 3015 καὶ
2763 2958 3107 3030 ἀρεσκόντως
3143 2955 3314 3020 αὑτὰς
3346 2955 3424 3027 τῷ
3469 2953 3590 3026 Θεῷ
3630 2957 3814 3008 ἐπιτε-

2213 3057 2347 3111 λεῖν.

2216 3150 2312 3217 Μὴ
2351 3140 2646 3215 ἐκκλίνῃς
2689 3144 2804 3213 τὴν
2843 3142 3094 3217 καρδίαν
3135 3159 3254 3211 μου
3301 3142 3389 3217 εἰς
3435 3141 3666 3217 λόγους.
3699 3151 3814 3192 πο-

2135 3203 2182 3262 C
2217 3203 2229 3205 ⁷
2247 3203 2267 3205 ί
2285 3203 2515 3290 impiae,
2547 3203 2652 3272 τοῦ
2681 3203 3152 3286 προφασίζεσθαὶ
3179 3203 3509 3281 προφάσεις
3521 3203 3605 3264 ’ὲν
3633 3209 3815 3280 ἀμαρ-

2283 3309 2456 3355 τιαις.

2286 3385 2378 3455 Μὴ
2410 3383 2770 3454 συγχωρήσῃς
2801 3375 3232 3450 παρατραπῆναι
3284 3376 3380 3429 καὶ
3407 3371 3815 3446 παρακλιθῆναι

2216 3477 2297 3540 εἰς
2333 3477 2394 3529 τὸ
2433 3475 2676 3529 ἐναντίον
2697 3460 2799 3545 τὴν
2842 3471 2990 3535 ἅπαξ
3032 3469 3220 3533 ἁπλῶς
3271 3464 3817 3522 κατασκευασθεῖσαν

2221 3586 2322 3640 μου
2362 3568 2599 3623 διάνοιαν
2625 3584 2638 3597 ·
2690 3565 2812 3621 ἀντὶ
2846 3565 2900 3618 δὲ
2930 3563 3044 3627 τοῦ,
3078 3560 3545 3632 προφασίζεσθαι
3586 3558 3820 3628 προφά-

2220 3676 2351 3726 σεις
2383 3659 2452 3713 ἐν
2498 3659 2826 3728 ἁμαρτίαις,
2875 3658 2902 3710 ὁ
2944 3653 3262 3726 Σύμμαχος,
3300 3651 3534 3706 ἐννοεῖν
3576 3649 3822 3712 ἐννοίας

2221 3752 2608 3824 παρανόμους
2643 3749 2904 3817 ἐξέδωκε,
2949 3747 3282 3818 σαφέστερον
3327 3741 3673 3815 ἑρμηνεύσας
3715 3739 3821 3810 τὴν

2223 3843 2457 3918 θεωρίαν
2506 3841 2600 3897 τοῦ
2647 3841 2826 3909 λόγου.
2863 3837 2996 3892 Εἶτα
3048 3837 3209 3890 πάλιν
3248 3835 3564 3907 μεταϐαίνει
3615 3831 3707 3884 ἐπὶ
3755 3829 3821 3882 τὸ

2225 3934 2529 4010 πρακτικὸν
2573 3933 2820 4002 φάσκων,
2864 3931 2988 3984 σὺν¹
3032 3926 3365 3998 ἀνθρώποις
3405 3922 3821 3994 ἐργαζομένοις

2223 4028 2339 4096 τὴν
2367 4025 2642 4095 ἀνομίαν,
2664 4024 2762 4077 καὶ
2784 4024 2856 4077 οὐ
2875 4021 2962 4092 μὴ
2985 4018 3316 4074 συνδυάσω
3337 4017 3489 4087 μετὰ
3510 4015 3628 4070 τῶν
3645 4015 3822 4068 ἐκλε-

2225 4116 2387 4172 κτῶν
2421 4113 2639 4171 αὐτῶν.
2695 4112 2836 4167 Ἀνθ’
2865 4106 2924 4166 οὗ
2959 4110 3118 4165 πάλιν
3159 4111 3187 4162 ὁ
3218 4108 3512 4178 Σύμμαχος
3548 4104 3819 4175 σαφέστε-

2231 4229 2320 4284 ρον
2360 4211 2703 4282 ἡρμήνευσεν
2742 4206 2933 4272 εἰπὼν,
2975 4205 3101 4260 Σὺν
3145 4203 3479 4274 ἀνθρώποις
3510 4197 3822 4269 ἐργαζομέ-

2227 4322 2357 4370 νοις
2393 4302 2650 4365 ἀδικίαν,
2685 4299 2841 4370 μηδὲ
2877 4297 3245 4369 συμφάγοιμι
3286 4296 3360 4350 τὰ
3398 4293 3548 4362 ήδέα
3595 4288 3819 4346 αὐτῶν.

2233 4397 2356 4449 Οὐκ
2391 4393 2604 4462 ἔσομαι
2636 4391 2766 4462 γὰρ,
2794 4390 2980 4462 φησιν,
3003 4390 3124 4460 ἅμα
3153 4388 3406 4452 τούτοις,
3428 4387 3537 4438 ἐὰν
3566 4383 3670 4448 σὺ,
3697 4381 3820 4436 Κύ-

2223 4503 2342 4555 ριε,
2385 4482 2672 4555 φυλακὴν
2695 4479 2776 4547 τῷ
2797 4482 3048 4551 στόματι
3072 4481 3256 4547 θείης,
3281 4478 3378 4532 καὶ
3406 4475 3512 4529 τόν
3526 4489 3826 4545 προκατα-

539 4579 699 4635 dendi
730 4585 859 4634 sunt
891 4573 966 4628 illi
1009 4571 1100 4640 qui
1139 4568 1406 4624 malorum
1454 4572 1674 4618 actuum
1719 4574 1944 4617 suorum
1984 4571 2116 4627 prae-

2225 4553 2648 4632 σκευασθέντα
2670 4589 2773 4643 μοι
2794 4570 3104 4640 θησαυρὸν
3127 4566 3514 4637 διατηρήσῃς.
3548 4563 3824 4617 Ἔκλεκτοὶ

543 4684 722 4728 textus
743 4676 1018 4741 quaerunt,
1045 4664 1136 4734 qui
1169 4661 1384 4732 pejores
1408 4665 1536 4714 sunt
1559 4657 1664 4712 illis
1697 4654 1788 4724 qui
1828 4651 1947 4708 sine
1990 4665 2130 4722 pra:-

545 4773 696 4822 textu
720 4763 1008 4834 palamque
1033 4765 1283 4829 peccant.

548 4983 714 5038 Vens.
753 4979 805 5034 6.
852 4976 1096 5046 Absorpti
1139 4983 1261 5029 sunt
1274 4972 1444 5040 juncti
1481 4978 1644 5040 petra:
1680 4963 1889 5037 judices
1928 4976 2128 5018 eorum.

622 5070 980 5144 Symmachus
1008 5079 1188 5122 autem
1222 5089 1235 5121 ;
1265 5064 1454 5118 Adhuc
1487 5060 1629 5114 enim
1653 5058 1824 5112 oratio
1853 5071 1967 5109 mea
1989 5054 2135 5106 intra

551 5143 811 5236 nequitias
837 5159 1052 5212 illorum
1086 5172 1103 5210 :
1146 5156 1428 5210 evellentur
1457 5162 1619 5220 petra:
1660 5146 1900 5202 manibus
1925 5143 2135 5213 judiccs

547 5233 730 5314 eorum
760 5269 779 5308 :
805 5250 1022 5306 audient
1056 5249 1212 5301 verba
1247 5262 1362 5300 mea
1404 5243 1732 5298 dulcissima.
1780 5235 1954 5292 Siculi
1993 5233 2137 5303 agri-

548 5349 667 5403 cola
713 5361 831 5400 cum
878 5354 1074 5396 terram
1124 5338 1343 5407 Irangit,
1401 5339 1474 5390 ita
1503 5354 1626 5390 ossa
1668 5343 1839 5388 vestra
1879 5330 2138 5398 dissipata

547 5449 666 5494 sum
702 5452 850 5490 serus
885 5432 1107 5500 inferos.
1141 5427 1296 5483 Nunc
1339 5441 1468 5481 vero
1503 5426 1768 5480 rationem
1804 5420 2007 5484 reddit,
2036 5434 2134 5474 cur

549 5546 673 5585 cum
712 5527 1095 5598 peccatoribus
1137 5537 1242 5574 non
1293 5518 1568 5574 combinet
1600 5537 1613 5572 :
1647 5515 1844 5572 sullicit
1879 5512 2024 5568 enim
2067 5509 2132 5564 il-

552 5624 726 5678 lorum
755 5620 994 5676 societas
1025 5618 1090 5670 ad
1124 5614 1361 5669 animam
1401 5625 1580 5665 meam
1621 5605 2015 5678 dissipandam,
2044 5612 2131 5656 at-

551 5729 660 5789 que
683 5714 749 5768 ad
785 5714 1025 5782 ipsorum
1063 5707 1361 5778 nequitiam
1407 5702 1538 5759 mihi
1582 5698 1984 5756 insinuandam.
2010 5696 2131 5753 Jam

626 5904 672 5936 “
715 5898 997 5964 Exodmv,
1022 5895 1104 5952 l5.
1182 5891 1271 5945 “l
1311 5891 1450 5947 Tim.
1477 5903 1543 5956 tt,
1572 5887 1623 5943 8.
1702 5885 1886 5959 .“lsa.
1921 5901 1955 5950 I,
1989 5882 2072 5938 15.

2231 4671 2289 4724 δὲ
2311 4669 2515 4724 τούτων
2538 4662 2648 4721 εἷεν
2673 4667 2724 4719 οἰ
2751 4664 3116 4736 σκηπτόμενοι
3146 4661 3449 4733 προφάσεις
3474 4658 3558 4726 ἐφ’
3579 4649 3660 4720 οἷς
3684 4653 3827 4727 δρῶ-

2235 4781 2288 4817 σι
2323 4761 2536 4825 κακῶς·
2574 4760 2835 4832 χειρόνων
2862 4758 3030 4811 ὄντων
3060 4754 3169 4810 τῶν
3197 4755 3324 4809 ἄνευ
3353 4751 3698 4825 προφάσεως,
3729 4747 3828 4802 καὶ

2234 4856 2692 4920 ἀνεπικαλύπτως
2721 4851 3086 4926 ἀνομούντων.

2234 4951 2672 5017 Κατεπόθησαν
2708 4947 2967 5017 ἐχόμενα
3016 4941 3237 5013 πέτρας
3274 4942 3328 4995 οί
3361 4938 3553 5010 κριταὶ
3603 4933 3826 4990 αὐτῶν.

2316 5051 2374 5105 '0
2405 5049 2461 5103 δὲ
2493 5048 2816 5119 Σύμμαχος
2859 5046 2982 5099 Ἔτι
3027 5043 3138 5116 γὰρ
3163 5039 3263 5095 καί
3298 5039 3337 5107 ὴ
3359 5031 3668 5108 προσευχὴ
3703 5052 3830 5119 μοις

2213 5135 2407 5201 ἐντὸς
2427 5133 2547 5188 τῶν
2575 5116 2811 5186 κακιῶν
2847 5127 3044 5184 αὐτῶν
3065 5144 3079 5158 ·
3104 5123 3533 5192 ἐκτιλήσονται
3553 5119 3623 5172 ἐν
3654 5116 3833 5186 χερσὶ

2235 5232 2457 5301 πέτρας
2489 5230 2544 5283 oi
2581 5224 2774 5310 κροιταὶ
2810 5221 3040 5278 αὑτῶν-ο
3073 5221 3437 5276 ἀκούσονται
3471 5213 3686 5283 ῥήσεις
3708 5229 3833 5280 μου

2234 5319 2492 5389 ἡδίστας
2516 5335 2528 5350 ·
2553 5301 2757 5386 ὤσὲτερ
2777 5313 3032 5385 γεωργὸς
3065 5311 3158 5365 ὅτ’
3182 5309 3257 5363 ἂν
3286 5308 3500 5377 primm
3540 5304 3655 5372 τὴν
3685 5301 3830 5373 γῆν,

2241 5414 2323 5478 ὠς
2366 5409 2742 5481 ἐσκορπίσθη
2784 5404 2952 5476 ὑμῶν
2985 5404 3060 5458 τὰ
3101 5400 3254 5457 ὀστᾶ
3295 5399 3455 5470 παρὰ
3496 5397 3602 5451 τὸν
3649 5394 3828 5461 ᾅδην.

2243 5506 2354 5578 Τὴν
2385 5503 2564 5558 αἰτίαν
2593 5502 2651 5556 δὲ
2675 5501 2769 5557 νῦν
2804 5499 2997 5568 ἐπάγει
3037 5495 3130 5550 τοῦ
3169 5494 3246 5567 μὴ
3291 5490 3607 5555 συνδυάζειν
3649 5488 3835 5557 ἁμαρ-

2241 5598 2462 5661 τωλοῖς*
2494 5594 2654 5666 ἰκανὴ
2686 5593 2794 5664 γὰρ
2826 5590 3006 5645 αὐτῶν
3034 5585 3366 5662 ή-κοινωνία,
3397 5583 3552 5655 φησι,
3577 5581 3840 5648 διασκορ-

2244 5695 2401 5749 πίσαι
2435 5709 2535 5765 μου
2570 5689 2668 5760 τὴν
2708 5684 2907 5757 ψυχὴν,
2943 5683 3039 5738 καὶ
3071 5679 3182 5735 τῶν
3221 5677 3431 5734 κακιῶν
3463 5674 3643 5731 αὐτῶν
3683 5669 3840 5726 ἔνδον
