4062 6400
318 388 392 444 45
1454 402 1862 462 COMMENTAI

1997 411 2064 467 IN
2104 413 2441 473 PSALMOS.
2565 467 2578 482 .
3437 391 3460 428 ἢ
3503 435 3575 490 s6
3653 413 3678 458 ἰ

313 509 610 565 ἀπολαϐεῖν
628 529 643 542 ·
671 514 734 568 τὸ
762 515 820 568 δὲ
866 516 1286 584 ἐκτιλήσονται
1314 521 1482 592 δηλοῖ,
1515 525 1598 579 ὅτι
1641 528 1736 580 καὶ
1766 529 1860 582 τοὺ

1965 537 2216 591 verbum
2277 539 2555 593 evellenlur
2597 541 2948 614 demonstrat,
3009 546 3122 603 fore
3164 559 3222 603 ut
3263 567 3388 607 suos
3425 556 3576 623 prin-

313 600 524 655 εαυτῶν
547 601 811 674 ἄρχοντας
836 607 930 660 καὶ
953 610 1142 681 κριτὰς
1168 611 1316 666 ἴδωσι
1336 619 1798 688 κατασπωμὲνους
1832 623 1898 674 ἐκ

317 687 507 782 ῥιζῶν,
552 692 740 767 ὥσπερ
773 697 1222 772 ἀποτιλλομένους
1262 703 1486 777 δυνάμει
1530 687 1624 762 τοῦ
1675 711 1896 782 στερεοῦ

313 779 498 850 λόγου.
1773 779 1785 782 -
1820 817 1826 822 '

607 876 703 945 Μὴ
738 877 1077 950 ἀντανέλῃς
1102 885 1217 954 τὴν
1239 888 1455 958 ψυχήν
1471 909 1611 960 μου.

394 964 451 1018 '0
472 965 764 1040 Σύμμαχος
780 973 902 1026 ἀντὶ
923 973 1037 1038 τοῦ,
1061 979 1172 1032 οὐκ
1189 979 1542 1052 ἀντανέλῃς,
1563 984 1650 1054 μὴ
1680 987 1894 1044 ἀποκε-

308 1054 530 1126 νώσῃς,
546 1061 819 1129 τουτέστι,
849 1065 922 1135 μὴ
955 1071 1314 1143 συγχωρήσῃς
1337 1074 1428 1126 τὸν
1445 1075 1801 1148 ἀποκείμενον
1828 1083 1888 1136 ἐν

307 1152 373 1220 τῇ
413 1150 558 1222 ψυχῇ
607 1170 707 1224 μου
744 1155 945 1224 ἀγαθὸν
979 1158 1248 1233 θησαυρὸν
1281 1165 1720 1241 ἀποκενωθῆναιο
1765 1172 1888 1227 τότε

306 1241 417 1314 γὰρ
444 1243 664 1313 ἁφόόως
699 1247 1092 1322 ἀπελεύσομαι,
1135 1255 1322 1326 φησὶν,
1365 1257 1445 1311 ὅτ’
1479 1257 1545 1313 ἂν
1576 1261 1890 1333 ἁμαρτωλοὶ

304 1335 417 1398 τοῖς
440 1335 650 1390 ἑαυτῶν
679 1341 1027 1430 περιπαριῖἲσι
1057 1344 1316 1412 δικτύοις.

830 1433 1122 1488 ΨΔΛΜΟΣ
1162 1438 1338 1494 PMA'.

303 1517 614 1586 Συνέσεως
635 1519 714 1587 τῷ
734 1523 936 1607 Δαυίδ,
952 1525 1022 1579 ἐν
1039 1526 1120 1592 τῷ
1138 1525 1289 1584 εἶναι
1308 1532 1496 1607 αὑτὸν
1518 1535 1587 1588 ἐν
1615 1534 1695 1602 τῷ
1731 1551 1887 1607 σπη-

829 1596 1000 1662 λαίῳ,
1041 1602 1375 1670 προσευχή.

374 1677 530 1732 Καὶδ
557 1688 644 1747 νς¹
677 1671 866 1754 ὁμοίαν
908 1685 1019 1757 ἔχει
1057 1689 1155 1761 τὴν
1198 1691 1509 1767 ἐπιγραφὴν
1539 1695 1713 1762 οὕτως
1736 1715 1749 1728 ·
1782 1700 1884 1765 Είς

300 1771 364 1824 τὸ
391 1771 583 1840 τέλος,
607 1775 694 1844 μὴ
717 1776 1084 1850 διαφθείρῃς,
1117 1781 1195 1847 τῷ
1231 1785 1414 1839 Δαυῒδ
1445 1789 1531 1852 εις
1555 1794 1882 1860 στηλογριι-

2000 623 2149 693 cipes
2187 623 2508 697 judicesque
2576 634 2841 690 radicitus
2910 640 3239 709 exstirpatos
3308 656 3570 716 cernant,

1998 715 2212 772 evulsos
2243 717 2401 774 veluti
2431 723 2586 779 fortis
2616 725 2764 780 verbi
2787 728 3004 784 virtute.

2234 896 2396 951 Vens.
2430 896 2485 951 8.
2518 897 2602 952 Ne
2628 901 2841 969 auferas
2870 905 3101 959 animam
3131 923 3318 962 meam.

2065 983 2425 1055 Symmachus
2453 1005 2553 1060 pro
2590 992 2804 1062 auferas
2826 995 2982 1064 dicit,
3022 1014 3084 1051 ne
3109 1016 3345 1067 euacues,
3378 1000 3432 1056 id
3460 1010 3567 1068 est,

1992 1091 2063 1133 ne
2089 1079 2239 1132 sinas
2267 1080 2560 1148 repositum
2594 1083 2646 1137 in
2684 1084 2863 1140 anima
2903 1102 3019 1140 mea
3077 1089 3389 1144 thesaurum
3436 1105 3568 1147 eva-

1992 1169 2166 1224 cuari.
2193 1170 2348 1226 Tunc
2387 1173 2529 1226 enim
2563 1189 2810 1243 securus,
2846 1176 3036 1247 inquit,
3074 1181 3256 1247 abibo,
3294 1198 3416 1237 cum
3451 1185 3565 1240 suis

1993 1261 2125 1331 ipsis
2161 1275 2483 1334 peccatores
2512 1269 2936 1340 implicabuntur
2961 1272 3186 1329 retibus.

2503 1445 2628 1502 PSA
2640 1447 2730 1502 LM
2742 1447 2826 1504 US
2865 1450 3042 1506 CXLI.

1989 1535 2152 1591 Vens.
2194 1535 2244 1589 1.
2281 1533 2582 1594 Intellectus
2621 1541 2830 1625 Davisii.
2881 1560 2999 1596 cum
3025 1554 3156 1598 esset
3194 1545 3247 1599 in
3274 1547 3561 1615 spelunca;

2675 1623 2865 1666 oratio.

2056 1695 2298 1753 Similem
2363 1699 2490 1754 huic
2542 1702 3026 1773 quinquagesimus
3097 1720 3311 1776 quoque
3372 1717 3559 1766 sextus

1984 1791 2222 1856 psalmus
2249 1791 2460 1846 titulum
2514 1795 2694 1857 habet,
2746 1812 2939 1866 nempe
2969 1815 2984 1852 :
3038 1796 3103 1852 In
3144 1800 3328 1867 ﬁnem,
3358 1819 3420 1856 ne
3449 1819 3560 1857 cor-

295 1862 464 1929 φίαν,
496 1863 566 1917 ἐν
594 1864 673 1931 τῷ
697 1867 885 1922 αὐτὸν
912 1869 1377 1941 ἀποδιδράσκειν
1405 1873 1522 1929 ἀπὸ
1553 1878 1862 1947 προσώπω

1984 1899 2220 1949 rumpas.
2263 1883 2454 1937 Davidi
2479 1888 2534 1940 in
2561 1887 2704 1940 tituli
2735 1888 3151 1958 inscriptionem,
3196 1907 3313 1945 cum
3357 1911 3388 1946 a
3420 1893 3558 1962 facie

294 1956 495 2011 Σαοὺλ
522 1963 610 2024 είς
645 1957 711 2013 τὸ
739 1960 1066 2030 σπήλαιον.
1103 1967 1291 2020 Κεῖται
1328 1967 1383 2020 δὲ
1412 1970 1444 2040 ή
1480 1971 1687 2042 ἱστορία
1719 1973 1776 2024 ὲν
1807 1975 1872 2044 τῇ

295 2046 486 2122 πρώτῃ
517 2049 624 2103 τῶν
669 2051 992 2106 Βασιλειῶν·
1039 2056 1150 2108 Καὶ
1185 2056 1366 2125 ἀνέϐη
1410 2059 1590 2113 Δαυτδ
1625 2060 1874 2127 ἐκεῖθεν,

293 2141 392 2194 καὶ
423 2141 703 2198 ἐκάθισεν
723 2146 794 2199 ἐν
824 2147 950 2212 τοῖς
975 2149 1304 2216 σπηλαίοις
1328 2150 1453 2216 τοῖς
1484 2153 1726 2222 ὀχυροῖς
1756 2155 1877 2225 Ἐγκ-

291 2233 466 2301 ratio!
483 2251 500 2269 ο
527 2236 623 2290 καὶ
649 2237 884 2307 ἐγένετο
907 2240 988 2304 ὡς
1019 2240 1354 2310 ἐπέστρεψε
1387 2244 1587 2298 Σαοὺλ
1628 2245 1876 2300 ὄπισθεν

289 2326 411 2380 τῶν
438 2329 826 2400 ἀλλοφύλων·
858 2335 956 2388 καὶ
984 2335 1350 2406 ἀνήγγειλαν
1381 2339 1542 2407 αὑτῷ
1564 2341 1870 2412 λέγοντες,

305 2417 450 2474 Ἰδοὺ
480 2422 662 2476 Δαυῒδ
687 2425 757 2478 ἐν
785 2425 862 2495 τῇ
891 2427 1086 2498 ἐρήμῳ
1121 2431 1406 2502 ἘΠ-αδδι.
1466 2434 1576 2488 Kal.
1610 2435 1869 2505 παρέλα-

289 2511 356 2563 ϐε
382 2512 582 2568 Σαοὺλ
622 2519 1004 2586 τρισχιλίους
1030 2520 1602 2591 ἄνδρας,ἐιιλητοὺς
1625 2527 1692 2580 ἐκ
1723 2541 1870 2583 παν-

286 2603 392 2668 τὸς
438 2604 696 2673 Ἰσραὴλ,
732 2608 830 2662 καὶ
861 2611 1154 2680 ἐπορεύθη
1186 2615 1294 2669 τοῦ
1331 2615 1523 2685 ζητεῖν
1553 2619 1658 2672 τὸν
1690 2620 1870 2674 Δαυτδ

287 2693 388 2746 καὶ
421 2695 564 2760 τοὺς
595 2695 816 2767 ἄνδρας
848 2701 990 2767 τοὺς
1014 2706 1142 2772 μετ’
1175 2709 1381 2774 αὐτοῦ,
1413 2711 1509 2763 ἐπὶ
1545 2713 1870 2782 πρόσωπον

285 2783 400 2852 τῆς
426 2785 611 2857 θήρας
651 2788 770 2843 τῶν
799 2792 1071 2862 ἐλάφωνσ
1117 2799 1215 2852 καὶ
1246 2796 1438 2871 ἦλθον
1467 2806 1553 2868 είς
1580 2803 1688 2870 τὰς
1712 2805 1871 2875 μάν-

284 2875 434 2945 δρας
465 2877 584 2932 τῶν
608 2881 914 2951 προϐάτων
936 2887 1034 2940 ἐπὶ
1061 2888 1175 2957 τὴν
1202 2891 1346 2947 ὁδὸν
1376 2895 1474 2948 καὶ
1498 2896 1594 2950 ἐπὶ
1621 2897 1688 2950 τὸ
1711 2898 1869 2966 σπή-

284 2971 461 3024 λαιον
479 2988 492 3001 ·
522 2973 622 3026 καὶ
655 2974 904 3045 εἰσῆλθε
943 2981 1144 3035 Σαοὺλ
1175 2985 1262 3049 εὶς
1288 2985 1355 3040 τὸ
1386 2987 1693 3053 σπήλαιον
1724 2991 1868 3046 ἁπο-

1983 1970 2166 2025 Saulis
2188 1972 2389 2038 fugeret
2409 1976 2462 2026 in
2492 1977 2810 2044 speluncam.
2837 1978 3023 2033 Exstat
3048 1991 3225 2035 autent
3249 1981 3472 2037 historia
3503 1985 3556 2038 in

1981 2064 2156 2133 primo
2209 2065 2519 2136 Regnorum
2575 2068 2735 2123 libro.
2791 2069 2860 2124 Et
2914 2075 3146 2126 ascendit
3189 2075 3318 2129 illuc
3363 2075 3553 2138 Dauid,

1981 2159 2315 2229 conseditque
2353 2161 2408 2213 in
2453 2160 2584 2215 locis
2623 2163 2838 2216 munitis
2884 2162 3155 2235 Engaddi.
3196 2164 3554 2237 Contigitque,

1981 2259 2036 2301 ut
2087 2253 2363 2304 revertenti
2407 2249 2562 2306 Sauli
2593 2252 2656 2305 de
2709 2252 3125 2324 alienigenarum
3171 2260 3552 2325 persecutione,

1980 2346 2243 2400 diceretur
2283 2349 2330 2401 ei
2366 2365 2386 2402 :
2425 2347 2561 2402 Ecce
2618 2348 2787 2402 David
2834 2349 2888 2420 in
2931 2350 3136 2403 deserto
3176 2349 3425 2420 Engaddi
3452 2365 3551 2408 est.

1977 2438 2216 2507 Sumptis
2239 2457 2359 2509 ergo
2384 2439 2518 2496 Saul
2546 2441 2710 2494 tribus
2734 2442 3006 2494 hominum
3037 2442 3358 2497 delectorum
3381 2445 3547 2498 milli-

1976 2529 2070 2582 bus
2099 2545 2164 2582 ex
2205 2531 2447 2582 universo
2488 2527 2710 2595 Israele,
2756 2531 2984 2598 perrexit
3022 2531 3091 2584 ad
3128 2530 3548 2601 investigandum

1975 2619 2226 2674 Davidem
2249 2621 2462 2690 ejusque
2493 2623 2727 2685 comites,
2751 2621 2818 2673 ad
2843 2621 3014 2675 locum
3033 2622 3124 2688 qui
3160 2622 3356 2677 dicitur
3393 2641 3550 2678 uena-

1975 2712 2048 2766 tio
2081 2729 2353 2766 cervorum
2400 2729 2417 2767 :
2455 2724 2810 2783 veneruntque
2837 2714 2907 2767 ad
2947 2715 3129 2768 caulas
3161 2715 3333 2768 ovium
3371 2716 3427 2768 in
3461 2717 3547 2770 via

1974 2817 2095 2868 qua:
2116 2802 2184 2854 ad
2211 2819 2419 2872 specum
2443 2803 2605 2857 ducit.
2641 2802 3018 2874 Ingressusque
3044 2814 3122 2858 est
3160 2803 3293 2860 Saul
3332 2806 3402 2858 ad
3427 2822 3547 2874 pur-

1972 2896 2172 2965 gandos
2203 2897 2356 2965 pedes
2396 2912 2517 2950 suos
2557 2897 2613 2949 in
2647 2913 2876 2965 specum.
2924 2894 2993 2951 Et
3028 2897 3198 2952 David
3232 2899 3546 2970 comitesque

1971 2988 2087 3056 ejus
2112 2989 2167 3040 in
2197 2988 2534 3041 interioribus
2567 2989 2708 3042 antri
2737 2991 2971 3054 partibus
3000 2989 3232 3044 latebant
3260 2989 3326 3046 ⁸⁷.

281 3059 568 3116 κοινῶσαι
596 3063 706 3136 (14)
743 3065 885 3132 τοὺς
910 3069 1099 3137 πόδας
1131 3075 1317 3130 αὐτοῦ
1336 3092 1350 3106 ο
1382 3078 1478 3131 καὶ
1511 3079 1691 3132 Δαυῒδ
1719 3082 1816 3135 καὶ
1839 3083 1892 3135 οἱ
1924 3078 2137 3148 ἄνδρες
2173 3079 2300 3150 μετ’
2329 3079 2514 3133 αὑτοῦ
2552 3078 2624 3132 ἐν
2661 3080 2872 3149 μέρεσι
2917 3081 3040 3147 τοῖς
3077 3081 3390 3152 ἐσωτέροις
3433 3084 3543 3140 τοῦ

281 3156 589 3224 σπηλαίου
611 3159 923 3223 ἐκάθηντο.

351 3247 678 3321 Προεγράφη
709 3251 742 3320 ἡ
793 3253 1000 3324 ίστορία
1037 3257 1069 3327 ἡ
1116 3259 1242 3330 περὶ
1270 3261 1440 3316 Σαοὺλ
1467 3264 1560 3318 καὶ
1589 3266 1682 3320 τοῦ
1722 3283 1862 3338 σπη-

2036 3264 2208 3330 Supra
2243 3263 2444 3332 scripta
2482 3260 2592 3330 jam
2630 3261 2734 3319 fuit
2763 3263 2939 3320 Saulis
2966 3265 3192 3321 historia
3229 3277 3393 3336 atque
3415 3282 3542 3338 spev-

278 3338 429 3390 λαίσυ
451 3356 463 3368 ·
489 3339 550 3392 τὸ
579 3340 636 3393 δὲ
657 3341 750 3395 τοῦ
784 3345 948 3398 Δαόὶδ
976 3347 1144 3418 ὄνομα
1176 3350 1446 3424 διαφόρως
1477 3356 1858 3428 ἑρμηνεύεται,

276 3429 353 3522 ᾡς
394 3429 654 3522 πολλάκις
684 3435 1011 3508 εἰρήκαμεν,
1048 3442 1141 3494 καὶ
1175 3441 1447 3516 διαφόρως
1490 3448 1858 3522 λαμϐάνεταιο

277 3521 367 3574 ὅτε
401 3521 508 3594 γὰρ
541 3525 620 3587 είς
639 3525 928 3597 πρόσωπον
950 3530 1043 3583 τοῦ
1071 3534 1274 3605 Κυρίου
1291 3537 1564 3608 εὑρήσεις,
1587 3541 1730 3595 οὕτω
1749 3543 1863 3596 κεί-

282 3630 442 3684 μενον
487 3616 845 3707 ἑρμηνεύεται
877 3627 1320 3694 πεποθημένος·
1351 3630 1439 3682 ὅτε
1478 3630 1534 3685 δὲ
1570 3634 1650 3697 είς
1691 3635 1862 3707 πρόσ-

275 3721 424 3758 ωπον
456 3705 564 3759 τῶν
612 3708 1030 3781 ἁμαρτανόντων
1075 3715 1166 3768 καὶ
1193 3717 1647 3790 ἐπιστρεφόντων,
1683 3705 1858 3798 ἑρμηο

275 3795 489 3850 νεύεται
538 3797 1026 3882 ἐξουθενημένος,
1084 3805 1170 3859 διὰ
1213 3807 1311 3873 τὰς
1343 3812 1617 3886 ἁμαρτίας
1669 3795 1855 3873 αυτοῧ.

275 3888 390 3941 Νῦν
418 3888 512 3942 τοῦ
550 3889 712 3943 Δαυῖδ
747 3889 922 3963 ὄνομα
948 3893 1131 3948 λαϐεῖν
1165 3896 1310 3953 ἔστιν
1341 3903 1421 3964 είς
1467 3904 1558 3958 τὸν
1606 3905 1731 3959 λαὸν
1764 3908 1857 3962 τὸν

273 3982 634 4052 ἡμαρτηκότα
660 3983 750 4037 καὶ
775 3985 854 4047 είς
884 3984 1096 4041 σύνεσιν
1127 3989 1368 4055 ἐλθόντα,
1397 3995 1491 4048 καὶ
1514 3997 1572 4049 ἐν
1607 3997 1856 4071 σπηλαίῳ

273 4071 439 4124 αὑτὸν
478 4073 928 4138 κατακλείσαντα,
969 4078 1063 4130 καὶ
1109 4083 1541 4154 προσευχόμενον
1577 4088 1714 4157 μετὰ
1760 4089 1854 4143 δα-

273 4163 461 4233 κρύων
491 4165 742 4237 ἰσχυρῶς,
766 4169 861 4222 καὶ
882 4166 1388 4242 ὲξομολογούμενον,
1419 4175 1495 4239 ὡς
1514 4178 1606 4231 καὶ
1634 4180 1763 4233 αὐτὸ
1792 4182 1855 4236 τὸ

273 4257 600 4328 ἐπίγραμμα
624 4258 781 4312 τοῦτο
807 4258 956 4331 δηλοῖ
976 4277 990 4290 ο
1019 4261 1219 4332 ὁμοίως
1249 4264 1307 4317 δὲ
1339 4267 1428 4320 καὶ
1454 4270 1482 4321 ό
1500 4268 1712 4342 ψαλμὸς
1731 4273 1856 4328 ταῦ-

269 4364 340 4400 τα
373 4347 634 4403 διδάσκει.

389 4441 492 4495 Ἐν
519 4440 599 4507 τῷ
628 4443 931 4496 ἐκλείπειν
952 4435 1026 4508 ἐξ
1058 4445 1206 4515 ἐμοῦ
1239 4447 1306 4502 τὸ
1338 4450 1580 4522 πνεῦμὰ
1595 4471 1734 4522 μου.

340 4531 554 4604 Σφόδρα
591 4533 936 4606 καταλλήλως
978 4539 1044 4608 τῇ
1085 4536 1179 4591 τοῦ
1215 4539 1404 4611 καιροῦ
1433 4543 1528 4595 καὶ
1558 4543 1654 4598 τοῦ
1683 4547 1847 4600 τόπου

1964 3352 2153 3406 luiicze.
2185 3352 2401 3406 Davidis
2430 3363 2611 3407 autem
2637 3367 2830 3406 nomen
2856 3355 3005 3410 varie
3023 3355 3364 3424 interpretari
3389 3357 3537 3424 licet,

1963 3457 2021 3499 ut
2061 3461 2202 3515 sa-pe
2237 3446 2349 3516 jam
2395 3446 2636 3500 diximus
2696 3447 2954 3522 varieque
3013 3449 3348 3519 intelligitur.
3398 3450 3535 3506 Nam

1959 3553 2080 3591 cum
2123 3538 2188 3591 de
2225 3536 2444 3592 homine
2484 3536 2574 3591 Dei
2605 3536 2809 3591 dictum
2851 3537 3120 3602 invenies,
3155 3550 3282 3596 tunc
3333 3541 3413 3596 sic
3447 3557 3535 3607 po-

1958 3629 2147 3692 situm,
2192 3629 2462 3698 signiﬁcat
2510 3628 2888 3683 desideratum.
2927 3628 3060 3684 Cum
3113 3642 3290 3685 autem
3331 3631 3382 3684 in
3413 3646 3534 3698 per-

1958 3734 2090 3773 sona
2133 3717 2474 3787 peccantium
2515 3726 2569 3772 et
2607 3728 2789 3771 tamen
2825 3717 3259 3787 resipiscentium
3297 3735 3532 3790 usurpa-

1959 3821 2064 3873 tur,
2093 3819 2220 3864 tunc
2255 3819 2490 3878 spretum
2531 3808 2959 3879 interpretamur
2995 3822 3217 3880 propter
3243 3811 3364 3882 ejus
3401 3827 3532 3881 pec-

1955 3910 2096 3956 cata.
2162 3900 2314 3956 Nunc
2366 3901 2584 3956 Davidis
2643 3917 2837 3957 nomen
2883 3902 2949 3958 de
2989 3903 3186 3973 populo
3239 3915 3532 3975 peccatore

1957 3992 2273 4058 adhibetur;
2308 3993 2664 4063 resipiscente
2692 4004 2895 4062 tamen,
2929 4001 2984 4048 et
3014 3994 3065 4048 in
3105 4009 3269 4064 specu
3298 4011 3358 4052 se
3391 4011 3526 4052 con-

1956 4085 2227 4151 i-ludcnte,
2251 4095 2302 4140 et
2327 4100 2448 4140 cum
2482 4083 2737 4154 lacrymis
2767 4083 2942 4139 valide
2962 4093 3156 4139 orante
3176 4095 3231 4139 et
3264 4090 3528 4142 comiten-

1955 4190 2029 4240 te,
2063 4189 2121 4232 ut
2148 4179 2263 4247 ipsa
2301 4177 2582 4247 inscriptio
2621 4174 2980 4232 demonstrat.
3017 4177 3263 4233 Psalmus
3307 4194 3525 4251 quoque

1954 4272 2067 4341 ipse
2096 4270 2282 4325 eadem
2307 4270 2482 4324 docet.

2045 4444 2209 4500 Vens.
2239 4443 2293 4497 4.
2322 4441 2390 4496 In
2427 4441 2716 4511 deficiendo
2743 4457 2809 4495 ea:
2846 4458 2927 4495 me
2951 4443 3193 4511 spiritum
3231 4458 3420 4496 meum.

2022 4537 2422 4596 Convenienter
2463 4535 2754 4589 admodum
2794 4544 2849 4589 et
2888 4536 3149 4602 temporis
3184 4545 3239 4590 et
3275 4535 3376 4590 loci
3423 4549 3526 4589 an-

271 4629 469 4697 συνοχῇ
497 4627 590 4679 καὶ
612 4626 783 4680 ταῦτα
814 4626 1060 4682 λέλεκται
1082 4646 1096 4660 ο
1130 4630 1254 4684 ὅσον
1281 4631 1389 4705 γὰρ
1416 4634 1504 4688 ἐπ’
1537 4635 1844 4709 ἀνθρώποις

1965 4634 2139 4705 ςυειίἰε
2174 4631 2290 4687 haec
2321 4642 2536 4698 quoque
2567 4627 2708 4683 dicta
2749 4629 2916 4683 fuere.
2955 4627 3088 4681 Nam
3138 4639 3399 4698 quantum
3434 4645 3524 4691 res

265 4716 413 4770 ἔνδον
462 4719 520 4770 ὲν
552 4718 629 4790 τῷ
662 4719 908 4791 σπηλαίῳ
949 4721 1324 4793 συνεχόμενος,
1365 4725 1562 4791 παντὸς
1597 4727 1842 4800 δρασμοῦ

263 4810 362 4864 καὶ
390 4810 567 4880 φυγῆς
616 4810 1016 4876 ὲπεκέκλειστο,
1046 4811 1169 4866 οὔτε
1224 4813 1320 4886 μία
1346 4833 1405 4869 τε
1461 4818 1642 4891 παρῆν
1693 4821 1840 4893 αὐτῷ

264 4901 518 4973 βοηθείας
536 4902 691 4967 ἐλπίς
709 4919 722 4933 ·
747 4903 860 4957 ἀλλ’
887 4904 1008 4957 οὐδὲ
1036 4899 1104 4977 ἦν
1133 4907 1162 4958 ὁ
1190 4906 1291 4978 τὴν
1311 4905 1488 4980 ψυχὴν
1520 4911 1684 4965 αὑτοῦ
1716 4913 1839 4984 ῥυό-

265 5012 429 5066 μενος
469 4995 502 5066 ἢ
537 4993 832 5067 ἐπιζητῶν.
875 4995 1048 5068 Ὁρῶν
1079 4997 1138 5051 δὲ
1169 4998 1297 5062 τοὺς
1319 4999 1417 5070 τῆς
1452 4999 1631 5073 ψυχῆς
1670 5004 1834 5058 αὐτοῦ

261 5087 488 5159 νοητοὺς
513 5087 761 5160 ἐχθροὺς,
794 5088 912 5141 ὅλον
943 5088 1101 5142 τοῦτο
1134 5093 1665 5162 κατεργασαμένους,
1694 5095 1836 5164 λέγω

258 5179 318 5232 δὲ
343 5179 406 5232 τὸ
438 5179 696 5234 εἰσελθεῖν
724 5181 894 5233 Σαοὺλ
919 5182 1000 5245 εἰς
1024 5180 1085 5234 τὸ
1115 5181 1374 5253 σπήλαιον
1407 5184 1548 5257 ὑπὲρ
1575 5186 1670 5239 τοῦ
1707 5187 1835 5241 συλ-

257 5270 534 5342 ληφθῆναι
583 5271 674 5326 τὸν
726 5271 908 5334 Δαυῒδ,
946 5272 1170 5335 εἰκότως
1201 5273 1385 5343 ἔλεγεν
1407 5276 1488 5342 τὸ,
1523 5279 1836 5349 Ἕκρυψαν

259 5361 483 5432 παγίδα
516 5379 640 5431 μοι.
666 5361 808 5415 Ἀλλ’
852 5363 913 5415 οὐ
951 5365 1369 5436 προκεχωρήκει
1411 5367 1596 5431 αὐτοῖς
1636 5369 1702 5422 τὰ
1735 5370 1836 5440 τῆς

257 5453 486 5522 παγίδος
512 5453 602 5506 διὰ
635 5453 733 5524 τὴν
760 5455 1123 5526 προκειμένην
1151 5458 1456 5529 προσευχήν
1475 5475 1488 5489 ο
1537 5458 1750 5532 θαρσῶν
1780 5462 1836 5517 δὲ

255 5547 326 5615 τῇ
354 5543 449 5598 τοῦ
483 5544 599 5614 βίου
637 5545 800 5598 αὺτοῦ
837 5546 1052 5618 πορείᾳ,
1087 5549 1206 5611 ταῖς
1243 5564 1301 5600 τε
1335 5549 1565 5618 πράξεσι
1594 5553 1689 5608 καὶ
1716 5556 1836 5618 ταῖς

329 5699 414 5753 ’⁷1
447 5699 580 5770 Reg.
618 5715 767 5767 xxiv,
799 5701 907 5754 1-4.

309 5839 440 5911 ,(14)
471 5837 545 5894 lta
575 5840 699 5896 cod.
731 5838 837 5897 Sed
869 5857 995 5896 num
1015 5856 1121 5913 pro
1153 5843 1535 5896 ἁποκενῶσαιῖ

1948 4727 2198 4781 humanae
2244 4721 2511 4785 ferebant,
2567 4717 2707 4772 intra
2763 4733 2980 4789 specum
3045 4716 3332 4771 conclusus
3371 4719 3520 4772 omni

1944 4814 2208 4872 evadendi
2268 4811 2530 4868 facultate
2585 4808 2892 4881 eﬂugioque
2943 4809 3202 4873 carebat,
3255 4810 3519 4880 nullaqde

1944 4919 2064 4968 erat
2090 4909 2275 4964 auxilii
2297 4923 2443 4978 spes,
2474 4924 2575 4965 nec
2608 4909 2893 4980 quisquam
2937 4907 3106 4961 vitam
3133 4906 3254 4977 ejus
3285 4907 3520 4963 liberare

1943 5002 2241 5071 satagebat.
2270 5000 2470 5056 Videns
2514 5011 2696 5056 autem
2736 4999 2931 5053 anima:
2961 5014 3075 5054 sua:
3116 5000 3516 5056 intellectuales

1943 5099 2128 5154 hostes
2162 5095 2285 5149 huic
2313 5094 2527 5164 negotio
2555 5093 2814 5156 intentos.
2855 5092 3096 5156 Saulem.
3156 5093 3399 5162 inquam,
3433 5095 3517 5149 in-

1944 5197 2025 5242 tra
2047 5201 2267 5257 Specum
2291 5187 2592 5257 ingressum
2617 5183 2684 5237 ad
2713 5184 3031 5252 capiendum
3060 5187 3340 5252 Davidem,
3367 5198 3517 5243 recte

1942 5279 2122 5333 aiebat
2147 5295 2163 5333 :
2195 5277 2460 5350 Laqueum
2490 5276 2867 5331 absconderant
2896 5279 3046 5333 mihi.
3083 5279 3191 5334 Sed
3221 5293 3516 5334 caruerunt
3632 5331 3640 5338 .

1942 5369 2140 5427 effectu
2178 5371 2612 5426 insidiaaillorum
2673 5381 2893 5442 propter
2932 5371 3074 5426 hanc
3113 5385 3354 5440 precem.
3394 5369 3514 5442 ipse

1943 5473 2129 5518 autem
2158 5462 2397 5519 conlisus
2426 5464 2548 5519 vita:
2575 5479 2689 5520 sua:
2715 5464 2935 5527 rationi.
2968 5463 3288 5529 actibusque
3319 5473 3376 5518 et
3405 5465 3511 5518 viis

1941 5556 2139 5628 quibus
2167 5556 2459 5626 institerat,
2498 5557 2696 5628 injuste
2733 5557 2992 5629 expulsus
3037 5565 3093 5611 et
3143 5564 3510 5626 oppugnatus,
