4062 6400
417 379 432 394 ⁸
525 367 644 451 47⁸

521 514 652 569 dicit
686 511 797 566 Deo
828 529 839 564 :
873 519 927 565 et
956 519 1010 564 tu
1033 507 1324 576 cognovisti
1349 507 1573 562 semitas
1597 521 1770 562 meas.

812 780 970 834 Vens.
995 780 1048 834 6.
1078 779 1160 832 Ad
1195 788 1264 842 te,
1294 776 1542 844 Domine,
1575 777 1820 832 clamavi.

595 876 804 932 Rursus
837 876 937 927 hoc
976 872 1137 926 etiam
1172 871 1290 927 loco
1330 869 1570 925 clamare
1622 882 1680 924 se
1730 868 1949 934 fatetur,
1991 884 2095 924 non

523 967 866 1038 simpliciter,
895 963 987 1018 sed
1019 963 1086 1016 ad
1115 961 1420 1015 Dominum.
1444 959 1656 1030 Alioqui
1684 973 1783 1014 nec
1813 958 1930 1012 ﬁeri
1950 969 2100 1028 pote.

526 1070 608 1116 rat
638 1070 696 1114 ut
724 1073 910 1113 vocem
942 1053 1236 1118 attolleret,
1279 1062 1547 1121 prasente
1587 1053 1762 1106 hoste.
1811 1050 1930 1106 Jam
1969 1066 2099 1107 vero

525 1155 579 1207 in
625 1151 732 1206 Deo
768 1146 1141 1203 tantummodo
1188 1159 1336 1214 spem
1385 1158 1536 1198 suam
1587 1143 1896 1212 reposuisse
1931 1142 2098 1198 conti-

527 1256 666 1308 tens,
698 1258 727 1297 a
756 1255 922 1310 scopo
958 1255 1066 1294 nou
1108 1236 1412 1303 aberravit;
1440 1235 1640 1292 etenim
1666 1249 1791 1306 spes
1824 1251 1932 1291 non
1969 1251 2100 1292 con-

524 1337 722 1391 fundit.
765 1333 897 1388 Nam
924 1332 1025 1387 etsi
1050 1330 1233 1400 aliqua
1266 1329 1566 1384 viventium
1618 1337 1764 1382 terra
1811 1328 1905 1396 sit,
1951 1329 2100 1397 equi-

525 1430 671 1494 dem,
700 1426 898 1496 inquit,
925 1425 1100 1479 l'ateor
1143 1437 1315 1478 meam
1355 1431 1406 1476 te
1448 1421 1620 1476 solum
1653 1435 1772 1476 esse
1811 1436 1984 1491 spem.
2016 1421 2098 1475 Tu

523 1523 669 1576 enim
691 1534 831 1590 spes
875 1533 994 1572 mea
1026 1531 1085 1572 es
1115 1517 1166 1571 in
1203 1526 1347 1570 terra
1391 1515 1722 1579 viventium,
1775 1513 1850 1568 ita
1885 1522 1963 1578 ut,
1994 1513 2098 1567 nisi

527 1624 580 1669 te
605 1613 886 1672 haberem,
928 1608 1069 1664 haud
1103 1608 1212 1677 jam
1257 1606 1562 1661 viventibus
1598 1615 1753 1661 terrae
1784 1605 1974 1660 incolis
2006 1605 2100 1658 ad-

526 1718 869 1760 numerarer.
896 1700 1064 1755 Porro
1094 1698 1386 1753 viventium
1417 1707 1583 1763 terra,
1609 1712 1951 1766 nequaquam
1982 1696 2098 1751 haec

526 1807 610 1853 est
657 1811 778 1866 quae
808 1810 836 1849 a
868 1793 1023 1849 nobis
1071 1791 1337 1854 calcatur,
1389 1790 1581 1845 mortis
1628 1791 1774 1844 enim
1821 1804 1883 1845 ea
1917 1789 2098 1858 potius

1196 392 1462 449 EUSEBII
1501 389 1980 458 C/ESARIENSIS
2020 389 2170 445 OPP.
2211 387 2392 443 PARS
2416 388 2520 444 'lll.
2554 419 2624 428 —
2664 389 3078 445 EXEGETICA.
3711 387 3774 438 48

2126 512 2174 568 Α
2200 504 2338 567 ὁδοῖς
2387 471 2476 567 αἶς
2512 503 2779 568 ἐϐάδιζεν,
2824 504 3024 568 ἀδίκως
3082 501 3436 574 ἐλαυνόμενος
3485 499 3579 554 καὶ
3623 502 3777 554 πολε-

2205 595 2492 668 μούμενος,
2528 596 2661 668 φησὶ
2706 595 2786 667 τῷ
2810 594 2930 667 Θεῷ
2951 612 2965 626 ο
3014 596 3110 649 καὶ
3137 595 3202 648 σὺ
3231 594 3400 663 ἔγνως
3436 591 3535 656 τὰς
3566 591 3776 664 τρίϐους

2205 705 2330 760 μου.
2380 717 2388 724 ·

2570 779 2726 848 Πρὸς
2751 777 2846 842 σὲ,
2873 779 3066 848 Κύριε,
3092 775 3408 848 ἐκέκραξα.

2271 870 2442 925 Πάλιν
2469 872 2563 925 καὶ
2602 872 2838 925 ἐνταῦθα
2869 868 3097 943 κράζειν
3135 870 3404 940 ὁμολογεῖ,
3440 870 3539 941 οὐχ
3568 870 3774 936 ἅπλῶς,

2199 962 2336 1017 ἀλλὰ
2363 963 2500 1036 πρὸς
2529 963 2622 1016 τὸν
2648 963 2852 1035 Κύριον
2871 980 2886 995 ο
2924 963 3101 1028 ἄλλως
3127 963 3237 1034 γὰρ
3258 962 3517 1019 ἀδύνατον
3541 957 3608 1034 ἦν
3633 962 3780 1034 αὐτῷ

2199 1054 2386 1127 φωνὴν
2420 1056 2662 1125 ἀφιέναι,
2707 1055 2932 1128 πλησίον
2977 1055 3244 1128 παρόντος
3283 1054 3379 1109 τοῦ
3425 1054 3620 1127 ἐχθροῦ
3639 1072 3654 1084 ”
3685 1054 3780 1127 τὴν

2202 1146 2372 1218 μόνην
2405 1147 2463 1201 δὲ
2503 1147 2690 1200 ἐλπίδα
2719 1145 2884 1202 αὐτοῦ
2931 1147 3022 1201 τὸν
3051 1146 3181 1200 Θεὸν
3224 1145 3368 1216 ἐχειν
3419 1145 3777 1218 ὁμολογήσας,

2198 1239 2300 1292 οὐκ
2325 1237 2551 1304 ἐξέπεσε
2577 1237 2673 1293 τοῦ
2713 1239 2918 1294 σκοποῦ
2939 1257 2953 1270 ο
3000 1241 3033 1311 ἡ
3071 1239 3182 1311 γὰρ
3210 1239 3363 1303 ἐλπὶς
3391 1239 3452 1293 οὐ
3487 1237 3779 1309 καταισχύ-

2199 1348 2298 1384 νειο
2319 1329 2453 1384 ἀλλὰ
2480 1331 2574 1384 καὶ
2599 1330 2653 1384 εῐ
2679 1349 2764 1397 τις
2791 1330 2942 1386 ἔσται
2966 1334 3037 1404 γῆ
3068 1329 3305 1396 ζώντων,
3335 1329 3600 1402 ὁμολογῶ,
3626 1332 3777 1400 φησὶ,

2203 1422 2469 1494 μηδεμίαν
2496 1423 2641 1494 ἐχειν
2669 1426 2852 1496 χώραν
2882 1424 2938 1477 ἐν
2963 1422 3134 1495 ταύτῃ
3166 1423 3199 1494 ἢ
3231 1423 3293 1476 σέ
3323 1423 3481 1493 μόνον
3508 1421 3605 1493 τὴν
3642 1423 3778 1495 ἐμὴν

2199 1514 2422 1568 ἐλπίδα·
2461 1516 2526 1569 σὺ
2551 1515 2660 1588 γὰρ
2682 1511 2732 1569 εἶ
2765 1515 2918 1580 Θεὸς,
2946 1518 2979 1588 ἡ
3010 1516 3168 1587 μερίς
3197 1532 3298 1586 μου
3333 1515 3391 1568 ἐν
3424 1517 3494 1585 γῇ
3528 1513 3776 1578 ζώντων·

2199 1607 2274 1671 ὡς
2306 1609 2354 1660 εί
2391 1607 2465 1678 μὴ
2493 1607 2552 1661 σέ
2588 1604 2754 1679 εἶχον,
2775 1609 2875 1662 οὐκ
2900 1606 2965 1661 ἂν
2993 1605 3284 1678 ἐξετάσθην
3313 1606 3442 1659 ποτέ
3470 1607 3527 1658 ἐν
3556 1609 3627 1676 γῇ
3650 1603 3781 1670 {div-

2197 1716 2325 1752 των.
2370 1697 2593 1753 Ζώντων
2641 1699 2698 1754 δέ
2741 1701 2834 1771 γῆ,
2865 1701 2964 1770 οὐχ
3002 1701 3035 1771 ἡ
3074 1699 3386 1771 πατουμένη
3428 1697 3524 1752 νῦν
3552 1699 3688 1770 πρὸς
3714 1699 3778 1769 ἡ·

2205 1790 2341 1862 μῶν,
2372 1790 2602 1845 θανάτου
2631 1791 2740 1864 γὰρ
2773 1791 2846 1862 γῆ
2870 1791 2963 1844 καὶ
2988 1789 3195 1863 νεκρῶν
3223 1788 3384 1859 αῦτη,
3406 1787 3520 1842 ἀλλ’
3552 1789 3620 1859 ἢν
3653 1787 3781 1860 κληο

527 1900 670 1944 terra
724 1897 829 1952 est,
887 1885 980 1942 sed
1024 1900 1185 1955 quam
1236 1885 1398 1939 mites
1429 1882 1846 1946 hazreditabunt,
1888 1881 1943 1936 in
1995 1896 2097 1950 qua

2207 1859 2602 1955 ρονομήσουσιν
2642 1859 2928 1956 οἱπραεῖς
2947 1902 2960 1915 ·
3013 1859 3099 1952 ἐφί
3194 1880 3394 1947 ζῶντες
3419 1881 3619 1945 πάντες
3642 1859 3782 1934 κατέί

525 1997 716 2036 omnes
744 1981 987 2034 viventes
1016 1987 1218 2032 aeterna
1247 1991 1369 2030 cum
1409 1975 1518 2029 vita
1553 1973 1818 2028 habitant.

527 2075 694 2130 Vsus.
738 2073 792 2128 5.
844 2069 1094 2151 Nonerat
1137 2069 1226 2150 qui
1270 2075 1600 2149 cognosceret
1650 2081 1752 2119 me.
1792 2094 1864 2104 ——
1899 2063 1964 2118 Et
1998 2080 2100 2118 non

830 2153 904 2196 est
941 2149 1028 2209 qui
1064 2149 1293 2208 requirat
1331 2152 1565 2190 animam
1609 2152 1797 2189 meum.

596 2237 655 2291 Si
686 2234 811 2304 quis
839 2234 909 2289 ab
958 2235 1045 2297 iis,
1078 2232 1169 2302 qui
1213 2230 1462 2286 ecclesiis
1511 2242 1742 2297 praeesse
1786 2226 2103 2281 existiman-

525 2337 634 2394 tur,
667 2327 959 2398 negligitur
983 2334 1038 2380 et
1065 2324 1380 2378 nullatenus
1416 2319 1738 2388 requiritur,
1783 2319 2102 2388 tempestive

527 2419 630 2474 hoc
659 2418 845 2481 dicet;
900 2425 955 2470 et
985 2415 1128 2484 quod
1159 2413 1402 2482 sequitur
1436 2409 1620 2476 addet,
1661 2409 1955 2464 clamorem
1995 2407 2103 2462 sci-

525 2509 650 2563 licet
684 2507 752 2562 ad
777 2508 968 2570 Deum,
993 2515 1046 2558 et
1071 2518 1128 2558 se
1167 2518 1271 2557 non
1303 2517 1524 2571 sperare
1548 2516 1578 2555 a
1611 2500 1965 2570 principibus,
2000 2499 2097 2552 sed

523 2615 554 2653 a
584 2599 849 2664 Domino;
895 2605 952 2650 et
981 2594 1286 2662 portionem
1317 2606 1377 2645 se
1429 2590 1628 2645 habere
1659 2589 1711 2642 iu
1742 2599 1884 2643 terra
1910 2589 2100 2643 viven-

525 2690 680 2756 tium,
711 2704 817 2744 non
857 2696 1042 2742 autem
1070 2685 1123 2739 in
1159 2695 1300 2738 terra
1333 2681 1642 2736 oblivionis.

1035 2775 1360 2832 PSALMUS
1395 2773 1599 2830 CXLII.

593 2875 916 2942 Quicunque
964 2871 1217 2924 maximis
1262 2867 1651 2923 tentatiouibus
1691 2864 2102 2934 immodicisque

525 2967 797 3036 pressuris
845 2972 1088 3034 urgetur,
1111 2961 1394 3018 commode
1417 2969 1592 3015 utetui
1625 2957 1877 3029 praesenti
1915 2964 2097 3024 prec‘e.

529 3060 820 3129 Propterea
869 3056 1108 3125 psalmus
1143 3055 1263 3110 sine
1303 3051 1455 3106 titulo
1511 3062 1616 3105 est.
1658 3049 1823 3104 Audit
1879 3049 2097 3118 quidem

528 3166 722 3206 omnes
747 3148 1030 3210 Dominus,
1063 3161 1267 3216 paucos
1295 3154 1473 3198 tamen
1513 3142 1757 3200 exaudit.
1800 3140 2097 3211 theroqui

527 3246 574 3298 si
607 3244 674 3298 iis
696 3243 785 3312 qu‘i
837 3256 937 3296 nos
985 3247 1146 3293 orant
1202 3253 1390 3291 aurem
1457 3235 1844 3306 praeberemus,
1900 3245 2101 3289 nostra:

529 3336 732 3398 pariter
767 3346 957 3402 preces
1003 3330 1343 3383 audirentur.
1387 3327 1548 3382 Certe
1593 3326 1684 3396 qui
1731 3341 1855 3380 cum
1905 3325 2099 3379 liducia

527 3437 669 3490 orat,
729 3425 1030 3480 auditorem
1089 3434 1351 3493 provocat
1401 3422 1595 3475 Deum.
1646 3419 1751 3473 Alii
1803 3417 1958 3471 aiunt
1993 3432 2099 3471 non

526 3533 649 3573 esse
696 3516 814 3571 sine
867 3513 1023 3570 titulo
1067 3512 1354 3583 psalmum,
1393 3512 1487 3565 sed
1529 3507 1751 3564 inscribi
1792 3525 1807 3561 :
1855 3504 2102 3560 Psalmus

2199 1973 2298 2045 τὴν
2331 1973 2543 2028 αἰώνιον
2569 1973 2713 2047 ζωὴν
2745 1974 3128 2046 διατρίόουσιν.

2207 2068 2328 2120 οὐκ
2348 2066 2429 2136 ἦν
2457 2069 2490 2120 ό
2517 2065 2930 2137 ἐπιγινώσκων
2949 2067 3244 2134 pta—002:
3269 2065 3439 2119 ἐστιν
3471 2066 3507 2118 ὁ
3527 2059 3784 2131 ἐκζητῶν

2685 2137 2801 2204 τὴν
2828 2136 3040 2206 ψυχήν
3059 2154 3196 2204 μου.

2285 2228 2344 2282 '0
2373 2227 2478 2281 ὑπὸ
2500 2229 2608 2282 τῶν
2637 2229 2992 2303 προΐστασθαι
3021 2227 3130 2280 τῶν
3157 2225 3460 2297 ἐκκλησιῶν
3491 2225 3782 2297 νομιζομέ-

2199 2338 2308 2375 νων
2333 2320 2698 2392 ἀμελούμενος
2746 2323 2840 2374 καὶ
2874 2319 3119 2392 μηδόλως
3171 2318 3565 2389 ἐκζητούμενος
3607 2316 3783 2370 εὑκαίυ

2207 2431 2312 2484 ρως
2339 2411 2496 2466 τοῦτο
2548 2415 2693 2483 ἐρεῖ·
2725 2413 2822 2466 καὶ
2858 2413 2920 2466 τὸ
2960 2412 3085 2483 ἐξῆς
3114 2411 3365 2483 ἐπιφέρει
3401 2410 3462 2462 τὸ
3513 2408 3781 2480 κεκραγὸς

2203 2505 2338 2575 πρὸς
2363 2505 2453 2556 τὸν
2493 2503 2645 2568 Θεὸν,
2675 2504 2768 2557 καὶ
2804 2503 2878 2574 μὴ
2911 2501 3152 2566 ἐλπίζειν
3176 2505 3270 2556 ἐπὶ
3297 2502 3636 2574 ἡγουμένοις,
3663 2502 3780 2556 ἀλλ’

2203 2597 2295 2650 ἐπὶ
2329 2597 2540 2668 Κυρίῳ,
2573 2597 2667 2649 καὶ
2704 2596 2900 2668 μερίδα
2922 2595 3064 2666 ἔχειν
3099 2596 3157 2649 ἐν
3196 2598 3269 2667 γῇ
3302 2592 3519 2659 ζώντων
3559 2596 3652 2647 καὶ
3679 2593 3783 2650 οὐκ

2204 2690 2264 2741 ἐν
2297 2688 2698 2761 ἐπιλελησμένῃ
2721 2691 2814 2758 γῇ.

2747 2778 3040 2832 ΨΑΛΜΟΣ
3067 2778 3244 2831 PMB’.

2272 2874 2388 2936 Πᾶς
2415 2875 2444 2927 ὁ
2475 2873 2532 2926 ἐν
2573 2871 2847 2942 μεγίστοις
2881 2873 3205 2943 πειρασμοῖς
3231 2869 3326 2923 καὶ
3351 2868 3592 2938 θλίψεσιν
3613 2871 3783 2945 ὕπερ-

2204 2964 2524 3028 ϐαλλούσαις
2547 2963 2950 3036 ἐξεταζόμενος,
2987 2963 3256 3034 εὐκαίρως
3283 2962 3626 3033 χρήσαιτοτῇ
3657 2979 3785 3035 προσ

2202 3057 2427 3129 κειμένῃ
2459 3058 2732 3132 προσευχῇ
2755 3073 2768 3085 ·
2814 3055 2893 3108 διὸ
2942 3055 3037 3109 καὶ
3070 3054 3443 3126 ἀνεπίγραφος
3481 3056 3509 3107 ὁ
3547 3053 3781 3125 ψαλμός.

2203 3148 2418 3202 Ἀκούει
2437 3148 2536 3220 μὲν
2553 3143 2644 3202 οῦν
2668 3149 2884 3202 πάντων
2899 3149 2927 3200 ὁ
2944 3146 3168 3219 Κύριος,
3189 3147 3384 3214 ὀλίγων
3399 3145 3456 3199 δέ
3477 3145 3749 3199 είσακούει
3765 3162 3782 3176 ο

2203 3241 2298 3294 ἐὰν
2331 3240 2440 3293 τῶν
2481 3239 2750 3310 δεομένων
2786 3238 2942 3310 ήμῶν
2984 3238 3399 3309 ἐπακούσωμεν,
3451 3238 3789 3307 ἀκουσθησό-

2205 3332 2343 3404 μεθα
2375 3333 2470 3386 καὶ
2515 3332 2700 3385 αὐτοί⁸
2739 3333 2768 3384 ὁ
2801 3331 3017 3403 θαρσῶν
3053 3332 3109 3385 δὲ
3144 3334 3210 3402 τῇ
3257 3330 3448 3384 ἐαυτοῦ
3505 3333 3784 3402 προσευχῇ

2202 3425 2476 3496 ἀκροατὴν
2513 3425 2669 3478 καλεῖ
2707 3423 2799 3478 τὸν
2825 3423 2977 3477 Θεὸν.
3031 3423 3213 3476 Ἀλλοι
3253 3423 3308 3476 δέ
3357 3439 3488 3492 φασι
3523 3406 3597 3493 μή
3644 3417 3784 3474 εἶναι

2205 3514 2576 3586 ἀνεπίγραφον
2603 3515 2695 3569 τὸν
2731 3515 2964 3586 ψαλμὸν,
2999 3515 3110 3569 ἀλλ’
3143 3513 3562 3585 ἐπιγεγράφθαι,
3619 3516 3786 3567 Ψαλ-

531 3609 744 3670 Dam'zli,
775 3622 895 3660 cum
951 3622 1068 3659 eum
1111 3603 1256 3672 [ilius
1290 3611 1686 3672 persequeretur
1725 3611 1744 3650 :
1791 3597 1883 3653 sed
1916 3611 2019 3651 non
2047 3597 2100 3650 ili

2202 3607 2312 3675 μὸς
2348 3606 2427 3672 τῷ
2464 3608 2664 3674 Δαυτδ,
2707 3607 2804 3661 ὅτε
2831 3608 3017 3662 αὐτὸν
3058 3610 3091 3661 ὀ
3121 3606 3252 3671 υίὸς
3289 3605 3666 3660 κατεδίωκεν.
3708 3606 3784 3658 οὗ

527 3701 736 3754 cunctis
789 3694 1325 3766 interpretationibus
1378 3694 1482 3747 hoc
1541 3691 1786 3760 ponitur.
1839 3690 2095 3744 Attamen

524 3807 648 3862 qua:
683 3792 772 3844 hic
794 3789 1072 3850 dicuntur,
1102 3803 1207 3841 non
1242 3792 1565 3854 repugnant.
1599 3781 1705 3836 Sed
1742 3780 1872 3835 nihil
1898 3781 2099 3844 obstat,

527 3881 819 3954 quominus
846 3880 913 3934 de
944 3879 1127 3933 Saulis
1154 3876 1531 3945 persecutione
1554 3875 1670 3927 haec,
1709 3872 1852 3927 dicta
1881 3870 2099 3926 fuerint.

675 3973 837 4027 Vsus.
867 3972 924 4026 ὁ.
961 3969 1202 4024 Τιεάίιιηι
1233 3985 1420 4037 passus
1447 3977 1519 4020 est
1545 3969 1761 4034 spiritus
1792 3981 1956 4020 meus.

603 4065 838 4135 Spiritus
862 4062 1095 4117 hominis
1126 4060 1342 4114 taedium
1369 4058 1600 4128 patitur,
1631 4072 1752 4112 cum
1792 4072 1889 4110 cor
1911 4057 2103 4110 turba-

532 4171 622 4212 tur
676 4167 1049 4211 rememoraus
1104 4150 1375 4222 quomodo
1439 4148 1693 4203 inimicus
1744 4148 2105 4217 prostraverit

531 4246 683 4303 humi
711 4246 875 4300 vitam
899 4244 1038 4312 ejus,
1067 4256 1296 4311 eamque
1344 4241 1397 4295 in
1431 4239 1730 4295 tenebrosis
1778 4237 1914 4293 locis
1970 4253 2104 4292 con-

531 4339 776 4397 stituerit
801 4345 1124 4392 utmortuos
1162 4334 1367 4390 saeculi.
1412 4333 1736 4398 Turbatum,
1770 4332 1965 4402 inquit,
2010 4346 2106 4386 cor

532 4447 734 4493 meum,
770 4429 1076 4500 passionem
1111 4427 1258 4480 intus
1283 4425 1571 4488 continuit,
1605 4439 1711 4479 non
1756 4424 1889 4479 adeo
1921 4425 2104 4478 conci—

2201 3698 2289 3752 διὰ
2319 3700 2508 3753 πασῶν
2539 3700 2719 3770 μέντοι
2749 3700 2857 3754 τῶν
2879 3698 3183 3772 ἐρμηνειῶν
3237 3699 3556 3770 πρόσκειται
3587 3696 3780 3750 τοῦτο·

2201 3791 2270 3844 τά
2299 3790 2354 3844 δὲ
2395 3792 2664 3862 λεγόμενα
2695 3793 2794 3846 οὐκ
2827 3793 3111 3864 ἀλλότριαο
3159 3790 3313 3844 οὐδὲν
3340 3790 3396 3843 δὲ
3427 3789 3626 3844 κωλύει
3653 3790 3787 3861 περὶ

2203 3886 2303 3955 τῆς
2334 3884 2437 3938 ὑπὸ
2471 3884 2644 3937 Σαοὺλ
2663 3883 2894 3951 διώξεως
2918 3883 3169 3955 εἰρῆσθαι
3200 3882 3356 3936 αὑτά.

2447 3975 2800 4044 Ἡκηδίασεν
2823 3976 2917 4028 ἐπ’
2943 3975 3048 4044 ἐμὲ
3069 3975 3131 4029 τὸ
3165 3973 3400 4044 πνεῦμά
3418 3991 3559 4043 μου.

2274 4067 2347 4120 Τὸ
2407 4065 2625 4139 πνεῦμα
2673 4066 2768 4121 τοῦ
2815 4065 3100 4140 ἀνθρώπου
3149 4067 3210 4120 τὸ
3259 4067 3317 4120 ἐν
3363 4065 3513 4136 αὐτῷ
3560 4065 3782 4136 ἀκηδιᾷ,

2205 4159 2419 4212 ἐπειδὰν
2445 4162 2478 4230 ἠ
2510 4160 2708 4231 καρδία
2751 4158 2993 4230 ταραχθῇ
3030 4157 3327 4229 μνησθεῖσα
3369 4156 3486 4220 πῶς
3527 4159 3556 4211 ὁ
3590 4156 3788 4229 ἐχθρὸς

2205 4252 2570 4306 ἐταπείνωσεν
2597 4255 2676 4316 είς
2715 4252 2816 4324 τὴν
2831 4251 2934 4321 γῆν
2975 4252 3074 4321 τὴν
3107 4250 3250 4322 ζωὴν
3287 4249 3477 4319 αὐτῆς,
3508 4250 3601 4303 καὶ
3623 4247 3704 4313 ὡς
3730 4250 3788 4302 ἐ-

2205 4343 2426 4398 κάθισεν
2459 4344 2626 4417 αὐτὴν
2665 4347 2722 4398 ἐν
2754 4347 3042 4407 σκοτεινοῖς
3070 4343 3144 4407 ὡς
3171 4343 3395 4413 νεκροὺς
3429 4341 3621 4403 αἰῶνος
3645 4357 3661 4370 ·
3687 4357 3789 4394 τα-

2211 4435 2466 4508 ραχθεῖσα
2491 4435 2570 4500 δέ,
2605 4435 2788 4506 φησὶν,
2821 4439 2854 4506 ὴ
2883 4434 3077 4506 καρδία
3112 4452 3213 4505 μου
3242 4436 3299 4487 ἐν
3324 4435 3482 4504 αὐτῇ,
3513 4431 3661 4486 ἐνδον
3681 4433 3786 4484 ἐπ·-

531 4523 688 4588 dens,
735 4530 793 4574 ut
839 4519 1013 4589 palam
1067 4516 1598 4572 cuuctisextraneis
1642 4513 1784 4570 foret
1819 4514 1938 4583 ejus
1990 4523 2101 4568 tur-

2209 4529 2334 4599 ἐσχε
2370 4527 2431 4581 τὸ
2473 4527 2642 4590 πάθος
2671 4526 2949 4590 παντελῶς
2982 4526 3056 4598 μὴ
3081 4524 3408 4587 ἐκπεσοῦσα,
3459 4525 3540 4587 ὡς
3565 4525 3647 4588 είς
3678 4541 3786 4593 φα-

530 4613 695 4669 batio.

711 4815 872 4870 Vsus.
898 4816 951 4871 5.
989 4813 1194 4868 Memor
1209 4813 1288 4882 fui
1333 4812 1535 4866 dierum
1567 4812 1927 4882 antiquorum.

607 4909 744 4976 Quia
778 4917 832 4962 et
862 4907 1070 4977 Moyses
1096 4904 1316 4959 mandat
1355 4904 1578 4958 dicens:
1604 4901 2108 4958 Recordaminidie—

537 5022 657 5060 rum
711 5001 892 5057 seaculi
925 5001 1012 5066 ἰ¹¹;
1077 5007 1131 5052 et
1183 4997 1352 5053 David
1410 4997 1612 5065 pariter
1658 4995 1785 5051 ait:
1834 5001 2106 5050 Annorum

536 5105 854 5153 aeternorum
883 5091 1180 5154 memini,et
1199 5089 1529 5144 consideravi
1549 5089 1594 5121 ⁸³
1623 5106 1638 5155 ;
1675 5097 1821 5142 recte
1839 5087 1942 5143 sibi
1977 5103 2108 5143 con-

537 5188 722 5242 sulens
755 5185 864 5250 hic,
901 5183 1054 5252 cujus
1084 5196 1177 5235 cor
1212 5182 1482 5236 turbatum
1520 5189 1629 5245 est,
1659 5179 1895 5235 recurrit
1927 5180 2107 5234 animo

538 5281 608 5335 ad
639 5279 889 5346 antiquos
910 5276 1027 5331 dies
1050 5289 1198 5339 suos,
1227 5275 1420 5344 quibus
1439 5284 1566 5329 ante
1595 5274 1958 5328 turbationem
1979 5272 2104 5328 felix

538 5383 692 5438 erat,
749 5369 832 5424 vel
883 5368 1133 5437 antiquas
1182 5367 1441 5422 historias
1482 5367 1535 5422 in
1573 5375 1809 5421 mentem
1844 5376 2102 5421 revocat:

538 5473 925 5533 resumptaque
952 5476 1134 5515 rerum
1165 5459 1446 5522 memoria,
1472 5458 1766 5513 meditatur
1797 5473 1961 5527 Opera
1993 5458 2108 5524 Dei,

537 5566 595 5611 et
646 5571 900 5610 manuum
946 5552 1064 5622 ejus
1111 5551 1366 5616 facturas,
1408 5565 1515 5602 non
1563 5550 1834 5604 modicum
1869 5565 1938 5605 ex
1968 5551 2112 5604 auti-

538 5648 663 5717 quis
708 5644 1025 5700 lectionibus
1080 5644 1323 5697 solamen
1381 5641 1634 5710 capiens,
1684 5642 1810 5697 dum
1863 5657 1930 5699 ex
1979 5644 2112 5714 ipsis

613 5823 658 5852 “
694 5821 850 5876 Deut.
897 5818 1162 5887 xxx:n,7.
1243 5817 1286 5848 ¹⁸⁹
1336 5815 1476 5872 Psal.
1529 5830 1712 5880 uxvn,
1764 5817 1818 5871 6.

2207 4619 2362 4690 νερὸν
2383 4619 2553 4672 ἐλθεῖν
2580 4621 2692 4682 τοῖς
2715 4620 2867 4683 πᾶσι,
2907 4618 3001 4672 καὶ
3030 4620 3142 4680 τοῖς
3163 4615 3317 4678 ἐκτὸς
3348 4614 3657 4686 γνωσθῆναι
3684 4615 3790 4686 τὴν

2207 4712 2467 4782 ταραχήν.

2535 4821 2876 4891 Ἐμνήσθην
2914 4821 3150 4891 ἡμερῶν
3185 4821 3465 4891 ἀρχαίων.

2291 4915 2445 4967 Ἐπεὶ
2478 4915 2570 4967 καὶ
2589 4914 2872 4985 ὁΜωῦο-ῆς
2899 4914 3226 4985 προστάττει
3247 4913 3441 4981 λέγων,
3459 4909 3796 4976 Μνήσθητε

2209 5005 2434 5076 ἡμέρας
2465 5005 2712 5072 αὶῶνυς’
2747 5008 2842 5060 καὶ
2871 5009 2900 5060 ὁ
2940 5005 3103 5060 Δαυτδ
3159 5006 3321 5060 πάλιν
3355 5004 3510 5076 φησὶ,
3541 5002 3652 5058 Καὶ
3682 5004 3795 5070 ἐτη

2211 5097 2414 5152 αἰώνια
2445 5097 2777 5167 ἐμνήσθην,
2810 5098 2907 5152 καί
2949 5097 3284 5168 ἐμελέτησ.»
3303 5114 3319 5128 ⁸
3353 5097 3578 5159 εἰκότως
3625 5094 3799 5166 θερα-

2213 5187 2395 5242 πεύων
2433 5188 2624 5242 ἐαυτὸν
2671 5190 2700 5243 ὁ
2727 5187 3020 5263 ταραχθεὶς
3061 5188 3158 5259 τὴν
3210 5187 3458 5259 καρδίαν,
3499 5185 3798 5256 ἀνατρέχει

2212 5275 2307 5328 ἐπὶ
2337 5276 2436 5340 τὰς
2467 5279 2701 5342 παλαιὰς
2732 5277 2900 5332 αὐτοῦ
2932 5277 3165 5349 ἡμέρας,
3198 5277 3298 5340 τὰς
3333 5275 3438 5348 πρὸ
3483 5273 3584 5344 τῆς
3615 5290 3801 5345 ταρ²⁴

2214 5369 2339 5440 χῆς,
2375 5371 2432 5424 ἐν
2461 5366 2550 5433 αἷς
2582 5370 2886 5443 κατώρθου,
2918 5371 2951 5442 ἢ
2980 5371 3072 5424 ἐπὶ
3101 5371 3200 5434 τὰς
3234 5369 3471 5431 παλαιὰς
3507 5368 3756 5438 ἱστορίας
3778 5385 3799 5398 °

2217 5461 2312 5515 καὶ
2353 5461 2452 5532 τὴν
2500 5463 2720 5532 μνήμην
2772 5461 3078 5526 ἀναλαϐὼν,
3125 5461 3323 5532 μελετᾷ
3366 5462 3422 5514 ἐν
3455 5461 3566 5523 τοῖς
3607 5459 3806 5529 ἔργοις

2215 5551 2310 5606 τοῦ
2334 5552 2491 5616 Θεοῦ,
2531 5554 2625 5607 καὶ
2659 5557 2716 5607 ἐν
2757 5557 2869 5618 τοῖς
2915 5555 3182 5626 ποιήμασι
3215 5554 3323 5607 τῶν
3359 5551 3558 5623 χειρῶν
3598 5550 3799 5611 αὑτοῦ,

2215 5645 2277 5699 οὑ
2310 5648 2512 5718 μικρᾶς
2545 5647 2827 5717 τυγχάνων
2868 5645 3218 5718 παραμυθίας
3262 5644 3372 5698 ἀπὸ
3397 5643 3504 5698 τῶν
3543 5641 3808 5697 παλαιῶν
