4062 6400
278 347 346 447 δυ
1409 391 1922 450 (ΣΟΜΜΕΝΤΑΜΑ
1960 389 2027 446 ΙΝ
2075 387 2423 447 ΡθΑιΜοε.
3411 403 3428 432 ί
3479 388 3546 443 50
3635 413 3650 434 ο

278 513 755 584 ἀναγνωσμάτων,
803 512 1089 583 μανθάνων
1135 508 1195 576 ἐξ
1235 511 1439 577 αὐτῶν,
1482 512 1565 565 ὅτι
1597 513 1724 576 τοὺς
1759 528 1865 565 πα-

1979 510 2278 579 cognoscit,
2313 517 2524 562 veteres
2556 507 2679 562 illos
2711 504 2960 577 plurimis
3011 506 3283 578 pressuris
3318 501 3382 561 ac
3429 514 3549 561 ten-

278 605 463 668 λαιοὺς
505 605 644 676 μετὰ
695 605 893 676 μυρίας
922 604 1127 675 θλίψεις
1149 606 1244 659 καὶ
1271 606 1611 676 πειρασμοὺς
1636 603 1865 657 ἐπεσκέ-

281 715 446 752 πτετο
472 699 501 750 ὁ
527 698 680 763 Θεὸς,
704 699 798 752 καὶ
824 699 953 762 ὅσας
990 698 1262 771 παρέσχεν
1282 699 1466 762 αὐτοῖς
1481 697 1780 769 θεραπείας
1801 714 1862 750 τε

279 791 374 845 καὶ¹
407 791 746 863 εὐεργεσίας.
809 790 971 843 Ἀλλὰ
1000 790 1095 843 καὶ
1141 791 1199 844 ἐν
1229 793 1344 853 τοῖς
1374 790 1472 860 τῆς
1503 789 1864 860 δημιουργίας

280 882 458 951 λόγοις
502 882 737 953 μελετῶν
785 881 1148 954 ἐθεραπεύετο
1177 883 1278 953 τὴν
1309 880 1507 952 ψυχὴν,
1544 881 1867 950 παιδευόμε-

280 992 392 1040 νος,
425 974 500 1038 ὠς
529 975 630 1028 οὐκ
660 973 807 1027 ἐστιν
836 974 1171 1046 ἀπρονόητος
1194 976 1222 1028 ό
1255 972 1362 1027 τῶν
1389 972 1692 1044 ἀνθρώπων
1729 973 1863 1042 βίος,

278 1065 400 1120 οὗδέ
437 1065 811 1138 ἀθεράπευτος
853 1066 886 1136 ἡ
934 1065 1027 1118 τοῦ
1071 1065 1435 1137 ταραχθέντος
1467 1064 1644 1135 ψυχή’
1694 1065 1868 1135 ἐφορᾷ

276 1157 337 1212 δὲ
369 1158 464 1212 καὶ
512 1159 782 1230 ἐφέστηκε
818 1159 983 1212 πᾶσιν
1031 1159 1061 1210 ό
1091 1157 1187 1212 τοῦ
1228 1156 1364 1210 Θεοῦ
1407 1157 1580 1226 Λόγος
1640 1154 1866 1228 ἰώμενος

276 1253 404 1316 τοὺς
429 1253 920 1324 συντετριμμένους
945 1251 1043 1323 τὴν
1072 1251 1323 1323 καρδίαν.

276 1343 606 1398 Δωπέτασα
634 1344 784 1414 πρὸς
813 1345 888 1397 σὲ
921 1343 1035 1414 τὰς
1061 1343 1263 1413 χεῖράς
1300 1360 1448 1413 μουο
1479 1343 1518 1410 ἠ
1545 1342 1716 1413 ψυχή
1746 1360 1866 1413 μου

785 1415 866 1480 ὡς
899 1413 974 1484 γῆ
1000 1413 1260 1484 ἄνυδρός
1290 1429 1410 1468 σοι.

349 1505 630 1577 Μνησθεὶς
674 1507 783 1560 τῶν
834 1505 1078 1579 ἀρχαίων
1117 1506 1341 1578 ἡμερῶν
1383 1506 1448 1559 ἐκ
1491 1507 1591 1577 τῆς
1639 1504 1868 1577 μελέτης

277 1597 387 1651 τῶν
421 1597 581 1653 θείων
614 1599 1080 1669 ἀναγνωσμάτων,
1112 1597 1212 1662 τὰς
1243 1599 1431 1670 χεῖράς
1462 1616 1586 1669 μου,
1627 1598 1722 1651 καὶ
1769 1597 1869 1660 τὰς

274 1692 366 1746 διὰ
397 1691 682 1763 μετανοίας
711 1689 939 1761 πράξεις
969 1690 1216 1760 καθαράς
1242 1708 1324 1743 σοι
1354 1690 1662 1752 ἐπιδεικνὺς
1687 1688 1870 1741 διεπέ-

274 1799 439 1846 τασα,
487 1781 659 1846 οῦτως
707 1780 875 1850 διψῶν
910 1797 1024 1845 σου,
1059 1782 1087 1834 ὁ
1115 1780 1267 1844 Θεὸς,
1300 1780 1395 1834 καὶ
1427 1781 1525 1851 τῆς
1570 1778 1721 1851 παρὰ
1770 1778 1864 1832 σοῦ

1971 603 2266 658 tationibus
2319 617 2350 654 a
2405 601 2516 655 Deo
2569 600 2737 655 fuisse
2788 599 3060 666 visitatos,
3111 607 3162 654 et
3209 608 3410 670 quanta
3459 599 3552 655 hic

1967 694 2202 749 remedia
2254 693 2445 746 iisdem
2497 690 2789 746 contulerit
2842 706 2909 746 ac
2973 691 3256 747 beneﬁcia.
3323 690 3547 761 Insuper

1967 789 2094 840 dum
2140 800 2322 840 rerum
2373 783 2706 840 creationem
2745 799 2928 840 secum
2964 793 3202 856 reputat,
3249 785 3434 840 animo
3465 799 3552 838 re-

1966 885 2204 940 creatur,
2255 875 2380 946 quia
2418 875 2578 929 discit
2637 874 2804 929 vitam
2865 875 3141 930 hominum
3192 875 3547 930 Providentia

1968 983 2074 1023 non
2138 967 2414 1032 destitui,
2491 982 2666 1036 neque
2722 982 2876 1022 suum
2953 968 3226 1022 turbatum
3303 969 3543 1022 animum

1969 1058 2214 1113 remedio
2268 1072 2483 1124 carere,
2533 1073 2656 1114 cum
2705 1059 2958 1113 omnibus
3004 1059 3313 1127 inspectans
3364 1059 3549 1129 praesit

1970 1151 2071 1206 Dei
2102 1149 2362 1218 Verbum,
2393 1167 2424 1206 a
2470 1165 2577 1221 quo
2609 1153 2839 1208 contriti
2877 1152 3040 1206 corde
3085 1161 3366 1206 sanantur.

1975 1333 2135 1389 Vens.
2153 1333 2206 1388 6.
2234 1331 2484 1402 Expandi
2509 1348 2697 1386 manus
2715 1348 2856 1385 meas
2876 1333 2946 1384 ad
2965 1341 3046 1394 te;
3074 1333 3253 1386 anima
3276 1349 3392 1386 mea
3416 1334 3547 1387 sicut

2501 1413 2642 1456 terra
2673 1404 2786 1456 sine
2811 1419 2947 1471 aqua
2968 1404 3082 1455 tibi.

2040 1497 2264 1554 Dierum
2325 1496 2673 1568 antiquorum
2737 1504 2961 1565 prapter
3015 1494 3230 1549 divinas
3288 1495 3548 1550 Iecriones

1968 1605 2219 1655 memor,
2274 1604 2470 1644 manus
2523 1602 2670 1643 meas
2720 1587 3052 1658 pmttitentia:
3092 1588 3348 1656 operibus
3395 1603 3552 1642 mun-

1967 1684 2126 1739 datas
2169 1682 2237 1736 ad
2289 1691 2341 1738 te
2402 1683 2736 1752 expandens,
2770 1693 2819 1737 te
2857 1682 3070 1746 sitiens,
3106 1683 3265 1750 Deus,
3299 1684 3548 1753 prreben-

1971 1777 2208 1844 dumque
2235 1789 2265 1828 a
2299 1783 2351 1829 te
2379 1775 2740 1839 curationem,
2773 1790 2879 1829 non
2924 1776 3082 1828 modo
3111 1790 3209 1829 ceu
3241 1790 3438 1830 cervus
3480 1776 3548 1830 ad

279 1873 497 1938 ἰάσεως,
538 1874 598 1926 ού
646 1873 806 1944 μόνον
851 1871 912 1925 ὃν
950 1871 1149 1942 τρόπον
1190 1871 1388 1940 ἔλαφος
1425 1871 1518 1923 ἐπὶ
1542 1870 1642 1933 τὰς
1683 1868 1865 1940 πηγὰς

1975 1867 2156 1921 fontes
2186 1881 2481 1936 aquarum,
2518 1881 2703 1921 verum
2755 1878 2813 1921 ut
2860 1866 3009 1922 arida
3053 1876 3107 1922 et
3155 1867 3272 1922 sine
3321 1868 3550 1922 humore

275 1964 388 2018 τῶν
417 1965 664 2028 ὑδάτωνν
691 1963 825 2018 ἀλλά
864 1963 958 2016 καὶ
988 1962 1064 2026 ὡς
1096 1962 1322 2034 ἄνυδρος
1351 1962 1447 2015 καὶ
1475 1959 1616 2032 ξηρά
1645 1959 1719 2030 γῆ
1747 1959 1868 2032 ὀρέ-

274 2069 434 2124 γεται
464 2053 557 2107 τοῦ
587 2055 672 2106 ἐπ’
695 2053 864 2125 αὐτὴν
892 2051 1169 2114 κατιόντος
1193 2051 1371 2104 ὑετοῦ.
1399 2052 1461 2104 El
1499 2051 1557 2105 δὲ
1597 2051 1692 2104 καὶ
1720 2050 1866 2102 ἔστιν

277 2149 315 2217 ἠ
351 2146 496 2218 ψυχή
541 2163 642 2216 μου
688 2146 764 2210 ὡς
792 2145 866 2216 γῆ
897 2143 1141 2216 ἄνυδρος.
1181 2143 1256 2206 ὡς
1301 2143 1438 2214 πρὸς
1481 2143 1540 2196 σέ
1588 2143 1680 2196 τὸν
1733 2142 1866 2197 Θεὸν

276 2238 504 2309 τοιαύτη
538 2237 684 2292 ἐστίν
703 2255 718 2268 ο
748 2237 871 2291 καθ’
893 2235 1092 2307 ἑαυτὴν
1118 2235 1226 2306 γὰρ
1251 2234 1346 2288 καὶ
1374 2234 1449 2297 ὡς
1477 2236 1534 2288 ἐν
1564 2233 1865 2306 ἀνθρώπων

278 2330 566 2403 συγκρίσει
623 2328 844 2400 γόνιμος
899 2329 992 2382 καὶ
1044 2326 1304 2398 τεθηλυῖα
1363 2326 1592 2398 καρπῶν
1642 2324 1867 2394 ἀγαθῶν

278 2421 548 2491 ὑπάρχειο
588 2423 670 2473 σοὶ
698 2420 754 2474 δέ
785 2419 1011 2490 ἄνυδρός
1049 2420 1201 2471 ἐστιν
1229 2416 1422 2483 οὕτως,
1452 2417 1526 2480 ὡς
1551 2417 1614 2470 οὑ
1642 2417 1836 2470 δικαιω
1860 2446 1865 2450 -

276 2512 510 2583 θήσεται
546 2510 777 2564 ἐνώπιόν
805 2527 898 2563 σου
927 2511 1034 2573 πᾶς
1073 2508 1202 2572 ζῶν.

285 2601 442 2674 Ταχὺ
471 2600 840 2674 εἰσάκουσον
871 2617 969 2674 με,
1003 2617 1056 2653 κ.
1085 2616 1134 2652 τ.
1253 2600 1350 2674 Μὴ
1379 2599 1770 2674 (ἱεῖσα-τρέψῃς
1800 2599 1868 2653 τὸ

671 2671 997 2740 πρόσωπόν
1023 2685 1140 2724 σου
1166 2671 1264 2722 ἀπ’
1291 2671 1460 2740 ἐμοῦ.

362 2761 452 2816 Ἐν
498 2764 612 2824 τοῖς
657 2760 1043 2828 κατεπείγουσι
1074 2762 1288 2830 καιροῖς
1333 2759 1443 2812 τῶν
1490 2758 1866 2831 περιστάσεων

276 2853 402 2924 ἦτοι
431 2855 488 2906 ἐν
517 2854 776 2923 διωγμοῖς
809 2853 842 2925 ἢ
871 2856 984 2916 τοῖς
1031 2853 1280 2923 ἐσχάτοις
1328 2852 1617 2916 κινδύνοις,
1647 2850 1867 2904 ἐπειδάν

278 2942 732 3015 παρακινδυνεύει
784 2943 928 3006 τινὸς
979 2945 1012 3014 ἡ
1061 2941 1229 3013 ψυχὴ,
1279 2942 1622 3006 ἐκλείποντος
1667 2941 1762 2995 τοῦ
1809 2944 1866 2996 ἐν

278 3037 418 3107 αὐτῇ
446 3034 776 3107 πνεύματος,
819 3036 913 3089 καί
952 3035 1052 3105 τῆς
1087 3035 1311 3107 καρδίας
1345 3035 1401 3087 ἐν
1427 3037 1561 3107 αὐτῇ
1604 3051 1867 3106 ταραττο-

283 3129 472 3200 μένης,
503 3131 769 3202 προσήκει
800 3130 1000 3201 ὁμοίως
1033 3129 1110 3200 τῷ
1144 3129 1308 3182 Δαυῒδ
1330 3129 1509 3198 λέγειν
1541 3130 1865 3202 εὐχομένους

1974 1966 2116 2012 terra
2160 1957 2504 2026 depluentem
2555 1958 2606 2013 in
2660 1973 2720 2014 se
2755 1958 2990 2014 imbrem
3034 1969 3280 2029 exoptat.
3314 1955 3543 2015 Etiamsi

1968 2062 2100 2104 vero
2137 2048 2316 2102 anima
2345 2062 2462 2102 mea
2493 2057 2579 2104 est
2609 2047 2772 2103 veluti
2809 2048 2928 2104 sine
2956 2063 3096 2117 aqua
3128 2060 3296 2113 terra,
3331 2063 3462 2119 erga
3495 2059 3547 2105 te

1973 2141 2226 2195 nimirum
2257 2141 2331 2195 ita
2370 2154 2432 2196 se
2467 2140 2666 2206 habet;
2723 2151 2982 2198 caeterum
3019 2157 3130 2212 pra:
3169 2142 3291 2196 aliis
3314 2141 3551 2196 homini-

1969 2232 2070 2286 bus
2087 2230 2282 2288 fertilis
2295 2241 2398 2296 est,
2420 2240 2477 2287 et
2497 2233 2769 2288 bonorum
2793 2231 3066 2287 fructuum
3094 2248 3199 2287 non
3221 2233 3508 2288 infecunda
3533 2254 3547 2289 :

1971 2323 2090 2388 tibi,
2113 2325 2362 2393 inquam,
2380 2332 2464 2378 est
2481 2323 2656 2392 arida,
2678 2325 2805 2395 quia
2831 2339 2934 2379 non
2954 2323 3344 2394 justiﬁeabilur
3365 2341 3546 2381 coram

1972 2425 2024 2471 te
2051 2415 2338 2486 quisquam
2376 2416 2584 2471 vivens.

1974 2593 2130 2650 Vers.
2157 2595 2212 2648 7.
2248 2593 2366 2650 Cito
2395 2597 2592 2650 exaudi
2649 2613 2755 2660 me,
2805 2607 2915 2651 etc.
2971 2597 3055 2652 Ne
3105 2609 3311 2652 avertas
3361 2599 3550 2666 faciem

2606 2677 2752 2720 tuam
2784 2685 2816 2720 a
2842 2685 2944 2722 me.

2042 2758 2372 2830 Urgentibus
2414 2758 2793 2814 calamitatum
2847 2761 3185 2830 temporibus
3214 2761 3330 2814 sive
3359 2775 3548 2828 perse-

1969 2851 2277 2907 cutionibus
2302 2852 2675 2922 extremisque
2707 2852 3141 2919 discriminibus,
3166 2869 3290 2908 cum
3320 2852 3550 2920 alicujus

1969 2941 2151 2996 anima
2180 2941 2546 3012 periclitatur,
2588 2942 2969 2999 deﬁcientibus
2998 2942 3117 3013 ejus
3154 2944 3384 3008 viribus,
3417 2959 3552 2998 con-

1967 3035 2186 3088 turbato
2217 3035 2404 3102 corde,
2447 3035 2580 3090 utile
2614 3045 2700 3091 est
2725 3053 2847 3093 cum
2879 3037 3084 3092 Davide
3117 3046 3341 3092 orantes
3365 3036 3550 3092 dicere

1969 3124 2188 3181 Christo
2216 3143 2228 3180 :
2261 3123 2478 3181 Exaudi
2515 3144 2617 3196 me,
2654 3128 2898 3183 Domine.
2932 3130 3119 3201 Neque
3150 3140 3331 3185 tamen
3362 3130 3415 3184 in
3449 3131 3550 3184 hu-

278 3218 351 3272 τά
377 3219 1027 3289 Χριστοῦ,Είο’ά)ιουσόν
1047 3237 1144 3290 με,
1177 3221 1352 3289 Κύριε
1370 3237 1384 3250 ο
1412 3221 1473 3274 οὺ
1505 3221 1610 3293 μὴν
1641 3222 1733 3274 ἐπὶ
1756 3224 1865 3286 τοῖς

1972 3221 2150 3273 manis
2179 3220 2410 3287 negotiis
2443 3220 2546 3274 hoc
2581 3234 2800 3288 precum
2835 3236 3034 3290 genere
3069 3222 3144 3274 uti
3182 3222 3545 3276 necessarium

279 3311 643 3382 ἀνθρωπίνοις
706 3312 1024 3383 πράγμασιν
1086 3313 1383 3382 ἀναγκαῖον
1438 3313 1758 3384 κεχρῆσθαι.
1796 3345 1864 3356 -

292 3403 409 3472 Ἐφ’
439 3404 560 3456 ὅσον
615 3403 714 3474 μὲν
765 3403 828 3456 τὸ
876 3405 1166 3476 πρόσωπόν
1219 3421 1311 3458 σου
1347 3405 1594 3472 καταξιοῖ
1641 3423 1708 3478 με
1755 3406 1864 3461 τῶν

282 3494 429 3547 ίδὶων
457 3494 644 3562 αὐτοῦ,
671 3493 732 3547 τὸ
755 3494 871 3564 φῶς
907 3512 1001 3548 σου
1033 3497 1180 3550 ἐστὶν
1209 3498 1267 3551 ἐν
1297 3496 1440 3567 ἐμοὶ,
1465 3497 1558 3550 καὶ
1583 3497 1734 3552 πᾶσά
1763 3516 1864 3570 μου

278 3583 616 3655 ἀπελήλαται
659 3585 847 3639 σκοτία
867 3603 881 3616 ·
928 3585 1058 3640 ὥστ’
1109 3586 1175 3640 ἂν
1233 3588 1422 3640 εἰπεῖν·
1496 3587 1863 3659 Ἐσημειώθη

277 3678 374 3746 ἐφ’
405 3675 565 3745 ἡμᾶς
610 3676 676 3730 τὸ
711 3676 838 3747 φῶς
875 3679 980 3733 τοῦ
1018 3677 1343 3749 προσώπου
1391 3694 1531 3745 σου,
1573 3682 1781 3750 Κύριε·
1818 3685 1867 3735 εί

276 3769 338 3823 δὲ
376 3769 779 3840 ἀωπρέψειάς
824 3788 956 3824 ποτε
1000 3771 1062 3825 τὸ
1098 3772 1390 3844 πρόσωπόν
1439 3791 1532 3827 σου
1584 3774 1679 3828 ἀπ’
1708 3774 1864 3844 ἐμοῦ,

289 3860 501 3931 γίνομαι
542 3863 601 3916 ἐν
631 3861 824 3934 σκοτίᾳ
856 3865 914 3916 ἐν
1013 3863 1254 3932 γίνονται
1287 3864 1490 3927 πάντες
1517 3866 1566 3916 οἱ
1604 3865 1868 3918 καταϐαί-

279 3968 464 4015 νοντες
492 3953 571 4015 είς
599 3952 798 4006 λάκκον
818 3970 830 3984 ·
865 3955 923 4007 ἐν
961 3948 1006 4023 ᾦ
1038 3954 1228 4027 λάκκῳ
1251 3955 1404 4009 οὐδὲν
1439 3955 1628 4027 ἕτερόν
1657 3958 1802 4010 ἐστιν
1830 3958 1866 4030 ἢ

281 4044 345 4098 τὸ
374 4044 704 4116 καλούμενον
739 4047 932 4111 σκότος
955 4046 1238 4118 ἐξώτερον.

295 4137 630 4192 Ἀκουστὸν
674 4140 937 4207 ποίησόν
981 4158 1084 4211 μοι
1121 4140 1188 4195 τὸ
1220 4140 1372 4209 πρωῒ
1403 4140 1468 4193 τὸ
1502 4139 1676 4207 ἔλεός
1727 4155 1865 4195 σου.

365 4293 454 4347 Ἐν
482 4297 595 4360 τοῖς
643 4297 973 4367 πειρασμοῖς
1017 4295 1200 4360 ἐλέους
1241 4295 1384 4350 θείου
1422 4297 1689 4368 δεόμεθα·
1729 4299 1867 4370 ὅπερ

281 4386 480 4456 γένοιτ’
511 4385 576 4440 ἂν
621 4387 680 4440 ἐν
719 4390 841 4452 ταῖς
891 4388 1222 4459 προσευχαῖς
1261 4388 1638 4460 ἐγρηγορότως
1672 4387 1867 4459 σχολά-

282 4479 492 4549 ζοιμεν,
523 4479 618 4532 καὶ
666 4479 896 4548 μάλιστα
938 4479 1080 4534 κατὰ
1118 4479 1309 4552 καιρὸν
1334 4481 1426 4533 τὸν
1454 4479 1694 4544 ἑωθινὸν,
1727 4479 1869 4533 ὥστε

1966 3309 2392 3377 est.—-Quandiu
2424 3311 2592 3367 facies
2633 3323 2723 3367 tua
2749 3328 2846 3368 suo
2879 3329 2964 3369 me
2993 3325 3240 3384 respectu
3272 3315 3548 3384 dignatur,

1968 3402 2148 3459 lumen
2185 3408 2332 3458 tuum
2366 3405 2418 3458 in
2444 3419 2530 3459 me
2554 3416 2661 3470 est,
2687 3417 2850 3476 atque
2876 3423 3067 3462 omnes
3095 3409 3352 3463 recedunt
3390 3417 3549 3462 tene-

1969 3496 2108 3564 brae;
2143 3496 2214 3550 ita
2251 3506 2310 3551 ut
2342 3497 2518 3552 dicam
2552 3515 2565 3551 :
2610 3496 2891 3568 Signatum
2943 3510 3016 3554 est
3059 3515 3217 3569 super
3243 3517 3338 3554 nos
3373 3499 3550 3554 tanien

1967 3591 2144 3643 vultus
2171 3591 2270 3654 tui,
2300 3588 2526 3644 Domine
2548 3591 2616 3643 ⁵ο.
2646 3589 2798 3658 Quod
2822 3594 2866 3646 si
2899 3592 3104 3646 vultum
3139 3602 3287 3646 tuum
3311 3604 3548 3659 avertas,

1972 3681 2163 3736 decido
2184 3683 2237 3736 in
2267 3683 2520 3738 tenebras
2545 3700 2685 3755 quas
2709 3685 2742 3738 ii
2776 3687 3058 3754 patiuntur
3085 3684 3178 3754 qui
3211 3685 3549 3739 descendunt

1969 3773 2022 3827 in
2049 3773 2222 3828 lacum
2246 3792 2259 3840 ;
2284 3790 2390 3844 quo
2411 3777 2464 3830 in
2487 3777 2606 3832 lacu
2627 3777 2760 3830 nihil
2777 3777 2921 3831 aliud
2939 3789 3203 3846 estquam
3221 3777 3548 3842 exteriores,

1969 3865 2048 3920 uti
2078 3865 2434 3936 appellantur,
2475 3869 2729 3927 tenebrae.

1975 4129 2134 4186 Vens.
2189 4133 2243 4187 8.
2297 4132 2551 4184 Auditum
2605 4131 2692 4199 [ac
2739 4132 2870 4185 mihi
2925 4147 3079 4185 mane
3125 4130 3548 4184 misericordiam

2639 4213 2804 4257 tuum.

2042 4295 2136 4350 Dei
2157 4293 2534 4350 misericordia
2565 4295 2617 4350 in
2641 4294 3031 4350 tentatiouibns
3059 4293 3395 4365 indigemus;
3425 4309 3546 4362 qtae

1971 4397 2031 4444 ut
2085 4388 2242 4444 nobis
2293 4389 2570 4454 obveniat,
2621 4388 2912 4458 vigilanter
2963 4390 3216 4458 precibus
3268 4403 3547 4452 vacemus,

1973 4481 2240 4536 matutino
2274 4481 2577 4550 przesertitn
2624 4491 2886 4549 tempore,
2928 4491 2986 4533 ut
3023 4481 3200 4536 dicere
3226 4481 3501 4550 possimus
3531 4499 3546 4535 :

281 4568 540 4622 δύνασθαι
590 4567 800 4638 λέγειν’
851 4571 913 4624 '0
959 4571 1126 4639 Θεὸς,
1165 4575 1198 4626 ό
1249 4571 1394 4636 Θεός
1422 4588 1562 4641 μου,
1598 4570 1748 4640 πρὸς
1790 4570 1865 4624 σὲ

1970 4574 2136 4639 Deus,
2162 4573 2303 4629 Deus
2330 4589 2496 4638 meus,
2525 4573 2594 4626 ad
2623 4583 2673 4628 te
2701 4575 2766 4626 de
2793 4573 2909 4627 luce
2943 4573 3097 4642 vigilo
3120 4574 3187 4627 εί.

284 4661 543 4715 όοθοίᾰυ.

311 4662 318 4705 ἶ
357 4664 391 4715 θ
428 4662 449 4711 ί
477 4680 543 4715 ω.

311 4659 665 4826 ριξνιῐρισόν
689 4773 812 4824 μοι,
843 4756 1036 4825 Κύριε,
1063 4755 1206 4810 ὁδὸν
1232 4755 1302 4808 ἐν
1329 4749 1368 4827 ᾗ
1397 4755 1790 4826 πορεύσομαι..

311 4878 320 4887 “
368 4917 500 4970 Ἀπὸ
528 4916 623 4971 τοῦ
649 4917 822 4989 χαμαὶ
846 4916 1058 4971 κεῖσθαι
1086 4916 1184 4988 τὴν
1226 4916 1365 4988 ἐμὴν
1399 4915 1536 4990 πρὸς
1594 4916 1652 4969 σέ
1679 4916 1858 4989 ψυχὴν

282 5010 620 5064 ἀνατείναντι
676 5011 960 5082 μετανοίας
1005 5009 1174 5076 δεῖξον
1227 5009 1367 5073 ὁδὸν,
1407 5008 1439 5080 ἢ
1474 5007 1574 5079 τὴν
1618 5007 1858 5077 ἄγουσαν

1969 4751 2127 4806 Vens.
2153 4754 2205 4807 8.
2261 4754 2452 4806 Notam
2503 4751 2590 4820 [ac
2643 4752 2806 4873 tsi/lli,
2855 4751 3097 4814 Domine,
3155 4751 3291 4804 riam
3332 4751 3384 4803 in
3445 4767 3549 4822 qua

2563 4838 2646 4873 am
2689 4839 2845 4873 uem.

2563 4838 2845 4875 amentem.

2041 4913 2174 4967 Dum
2200 4913 2385 4968 anima
2409 4929 2527 4968 mea
2548 4912 2696 4981 jacet
2728 4912 2874 4965 humi
2902 4921 3204 4981 prostrata,
3231 4911 3545 4982 imploranti

1967 5004 2101 5059 inihi
2148 5006 2486 5074 pmnitentia:
2520 5002 2659 5059 vian't
2691 5005 2940 5068 ostende,
2984 5020 3105 5073 qua:
3144 5015 3269 5076 post
3301 5009 3547 5076 corporis

286 5101 424 5171 μετὰ
446 5102 695 5174 σώματος
716 5102 1036 5173 ἀπαλλαγὴν
1061 5103 1152 5155 ἐπὶ
1175 5099 1242 5154 τὰ
1272 5101 1496 5171 οὐράνια
1521 5101 1651 5172 (15)’
1676 5102 1865 5174 θνητὸς

1973 5098 2364 5166 depositionem
2401 5101 2550 5155 ducit
2579 5105 2631 5154 in
2664 5099 2888 5155 cmlum.
2927 5099 3061 5154 Nam
3105 5110 3369 5164 mortuus,
3409 5117 3547 5170 quo-

281 5194 393 5265 γὰρ
417 5195 534 5259 πῶς
561 5194 626 5249 ἂν
658 5196 847 5267 νοήσαι
875 5193 972 5258 τὰς
996 5193 1150 5258 ὁδοὺς
1176 5193 1371 5260 αὐτοῦς
1401 5194 1542 5264 τάχα
1565 5194 1621 5248 δέ
1648 5213 1730 5258 τις
1765 5195 1866 5261 τὰς

281 5292 556 5366 προτέρας
595 5289 747 5353 ὁδοὺς
771 5289 1008 5344 Μωῦσέα
1033 5287 1127 5342 καὶ
1151 5289 1284 5352 τοὺς
1305 5290 1588 5360 προφήτας
1615 5286 1858 5358 βαδίσας,

282 5384 424 5438 κατὰ
445 5383 526 5450 τὸ,
556 5382 744 5454 Στῆτε
767 5383 838 5436 ἐν
870 5381 999 5446 ταῖς
1027 5379 1208 5446 ὁδοῖς,
1245 5380 1342 5434 καὶ
1373 5379 1709 5450 ἐρωτήσατε
1738 5382 1860 5449 τρί-

283 5478 428 5539 ϐους
467 5473 687 5542 Κυρίου
711 5473 972 5537 (τίων-(ας,
1009 5471 1146 5543 μετὰ
1185 5469 1389 5535 ταύτας
1416 5472 1514 5543 τὴν
1540 5471 1658 5526 ὁδὸν
1682 5469 1860 5542 ζητῶν

281 5567 381 5638 τὴν
410 5565 639 5638 ἀγαθὴν,
683 5564 761 5637 τῷ
803 5565 1006 5635 ταύτης
1049 5565 1167 5635 ἐρεῖ
1189 5563 1378 5634 πατρὶ,
1409 5563 1504 5618 καὶ
1538 5563 1857 5634 γινώσκοντι

357 5683 403 5715 ⁸ο
429 5681 569 5738 Psal.
601 5698 678 5748 tv,
715 5684 764 5737 7.
837 5685 882 5717 ⁸¹
915 5683 1056 5738 Psal.
1089 5700 1224 5751 uti,
1262 5685 1316 5740 2.
1395 5684 1439 5715 ⁸²
1472 5681 1584 5738 Jer.
1635 5699 1712 5747 vl,
1748 5683 1831 5737 l6.

357 5773 470 5842 (15)
492 5772 657 5846 Vides
685 5773 863 5846 hicpde
878 5773 1164 5846 animabus
1186 5775 1306 5829 sine
1327 5775 1646 5846 corporibus
1676 5773 1840 5846 etiam

286 5844 338 5898 in
405 5845 602 5899 malum
682 5844 1008 5914 recipiendis
1077 5844 1444 5916 sententiain,
1495 5845 1875 5916 antiquissimi.

1971 5189 2132 5244 modo
2175 5191 2294 5246 vias
2346 5208 2474 5248 suas
2524 5193 2863 5263 cognoscet?
2907 5193 3166 5250 Fortasse
3210 5194 3412 5264 aliquis
3457 5195 3550 5263 qui

1972 5283 2312 5352 antiquiores
2347 5285 2492 5349 vias,
2535 5284 2797 5356 Moysem.
2826 5285 3077 5356 inquam,
3122 5295 3176 5341 et
3225 5287 3547 5356 prophetas,

1970 5375 2302 5442 decurrerit;
2334 5375 2489 5444 juxta
2529 5376 2692 5432 illud:
2728 5377 2879 5433 State
2903 5381 2957 5432 in
2986 5380 3106 5443 viis,
3135 5387 3186 5433 et
3201 5378 3548 5433 sciscitamini

1969 5470 2032 5523 de
2060 5474 2258 5526 sentitis
2292 5471 2512 5528 Domini
2544 5461 2752 5529 (uternis
2783 5477 2828 5507 δ’
2854 5492 2868 5541 ;
2915 5485 3031 5544 post
3079 5476 3199 5541 has,
3231 5474 3427 5528 bonam
3452 5473 3544 5526 de-

1968 5563 2133 5632 nique
2163 5564 2306 5619 viam
2333 5580 2580 5636 quarens
2625 5568 2767 5623 dicet
2821 5567 2982 5629 huius
3030 5567 3190 5636 patri,
3232 5565 3550 5636 viarumque

1955 5774 2172 5829 Euseoti
2236 5783 2426 5834 contra
2513 5777 2870 5834 recentiorum
2931 5775 3243 5833 Grtccorum
3321 5769 3550 5828 cacodo-

1973 5845 2134 5898 siam.

3657 591 3688 626 6
