4062 6400
517 343 630 404 δίο

1190 343 1456 400 EUSEBII
1498 341 1978 398 CASSARIENIS
2016 340 2172 396 OPP.
2214 337 2396 393 PARS
2434 336 2524 394 III.
2568 366 2638 382 -ν
2677 333 3090 390 EXEGETICA.
3702 332 3775 385 52

512 461 642 516 llliis
673 461 990 518 idoneorum
1023 460 1235 530 perito:
1275 456 1503 512 Ostende
1541 459 1669 512 mihi
1704 460 1844 514 uiam
1885 460 1941 513 in
1980 476 2084 529 qua

2192 456 2284 526 τὴν
2313 455 2430 514 eam.
2457 453 2566 507 τῶν
2597 452 2730 508 υἱῶν
2752 452 2834 518 τὸ,
2851 450 3162 520 Γνῷρισόγ
3171 468 3273 520 μοι
3298 448 3442 504 ὁδὸν
3465 447 3776 516 emitur-er

513 553 778 609 ambulem
803 567 824 606 :
854 569 973 622 quae
998 554 1211 624 quidem
1241 561 1513 607 annuente
1532 551 1692 606 Patre
1713 562 1882 607 semet
1907 563 2088 608 osten-

513 647 651 700 dens
675 646 752 700 ait
792 646 972 715 dignis
1018 663 1034 700 :
1067 645 1177 714 Ego
1197 661 1316 699 sum
1346 645 1452 706 via,
1495 661 1646 698 nemo
1680 647 1819 698 enim
1843 645 1982 700 venit
2016 646 2086 699 ad

517 731 736 788 Patrem
760 737 860 790 nisi
883 752 974 802 per
995 751 1075 788 me
1099 736 1166 790 ⁸³.

661 913 820 967 Vens.
866 915 954 968 Ii.
1004 911 1234 984 Propter
1269 930 1456 968 nomen
1491 924 1664 975 tuum.
1701 913 1941 968 Domine.

588 1004 775 1059 Simile
806 1006 905 1059 hoc
937 1005 1160 1058 dictioni
1189 1004 1264 1058 illi
1293 1020 1309 1058 :
1355 1003 1479 1060 Non
1510 1005 1679 1070 nobis,
1710 1003 1954 1071 Domine,
1984 1021 2087 1060 non

513 1097 679 1163 nobis,
699 1097 790 1149 sed
807 1098 1007 1149 nomini
1021 1105 1110 1149 tuo
1123 1095 1192 1149 da
1209 1095 1506 1165 gloriam“.
1527 1095 1640 1150 Non
1659 1097 1802 1151 enim
1821 1098 1872 1150 in
1891 1109 2086 1152 semet-

512 1184 646 1251 ipsis
699 1195 914 1252 oportet
943 1185 1240 1241 conlidere.
1271 1185 1372 1252 Qui
1401 1198 1580 1242 autem
1614 1189 1942 1243 tentationes
1975 1188 2087 1244 for-

516 1277 645 1330 titer
678 1276 1016 1340 toleraverit,
1047 1277 1132 1333 his
1161 1279 1318 1333 bonis
1351 1280 1508 1348 potiri
1537 1289 1738 1350 speret,
1774 1291 1958 1351 utpote
1992 1283 2081 1352 qui

516 1376 740 1434 angusta
801 1382 1212 1438 :erumnosaqne
1246 1370 1328 1425 via
1364 1371 1465 1426 iter
1487 1369 1699 1427 fecerit.

517 1457 682 1512 Vens.
721 1459 808 1512 Η.
842 1458 1122 1527 .¹Ε‹ιιιὶιαιε
1161 1472 1253 1515 tua
1285 1465 1469 1518 educes
1502 1465 1566 1520 de
1603 1465 1940 1523 tribulatione
1963 1471 2082 1524 ani-

1139 1548 1280 1585 mam
1311 1551 1477 1588 meant
1487 1573 1500 1588 ο

591 1621 728 1675 Vere
765 1621 1039 1677 tribulatio
1065 1623 1260 1678 animae
1295 1634 1400 1690 est,
1435 1640 1556 1688 cum
1603 1628 1838 1684 hominis
1865 1629 1976 1684 vita
2018 1630 2085 1686 ad

516 1717 721 1768 terram
754 1713 1136 1780 prosternitur,
1166 1723 1220 1769 et
1248 1716 1362 1784 ipse
1398 1716 1452 1769 in
1483 1718 1722 1773 tenebris
1753 1719 1923 1775 sedet.
1955 1719 2087 1775 Pra-

517 1803 602 1853 vis
637 1816 855 1871 quoque
898 1804 1326 1871 cogitationibus
1359 1817 1416 1861 et
1466 1809 1818 1879 cupiditatum
1871 1809 2083 1865 ﬂamma
2120 1837 2161 1893 Β

513 1891 693 1946 anima
719 1893 836 1961 ejus
862 1903 1050 1956 vexata
1075 1895 1352 1969 aﬂligitnr,
1388 1901 1600 1956 nemine
1626 1917 1689 1956 ex
1717 1901 1803 1957 his
1822 1904 2091 1972 pressuris

514 1982 807 2048 liberante,
843 1997 1045 2054 praeter
1078 1991 1321 2043 cordium
1351 1993 1630 2048 conscium
1675 1993 1864 2048 Deum.
1901 1993 2006 2049 Sed
2037 2005 2092 2050 et

513 2073 626 2137 ille,
660 2075 744 2128 cui
785 2078 1117 2148 'deceptores
1166 2082 1437 2148 negotium
1481 2083 1790 2152 facessunt,
1845 2087 2092 2142 turbatur

514 2167 701 2226 animo
755 2183 1102 2240 magnopere,
1136 2173 1435 2240 praesertim
1489 2163 1610 2229 cum
1661 2177 1869 2232 illorum
1909 2178 2091 2247 sophi-

513 2267 687 2320 smata
708 2260 849 2314 haud
881 2260 1068 2316 valens
1097 2277 1413 2334 coarguere,
1440 2280 1505 2321 ne
1529 2267 1758 2324 veritate
1788 2269 2092 2340 depellatur

516 2351 689 2403 timet.
727 2351 833 2405 Sed
874 2352 1034 2424 hujus
1072 2354 1311 2418 animam
1350 2355 1486 2412 Deus
1517 2359 1662 2413 omni
1696 2374 1950 2428 pressura
1979 2362 2090 2416 eri-

519 2442 651 2509 piet,
687 2442 996 2500 illuminans
1031 2462 1150 2501 eam
1188 2448 1407 2517 suisque
1439 2451 1605 2505 radiis
1632 2451 1978 2521 collustrans,
2010 2460 2087 2506 at»

518 2547 624 2596 que
653 2543 711 2587 ut
747 2535 802 2588 in
831 2551 930 2590 sua
964 2534 1178 2605 justitia
1207 2540 1355 2592 vivat
1381 2539 1664 2608 adjuvans,
1694 2544 1768 2596 uti
1804 2558 1966 2614 supra
1998 2545 2088 2600 de-

513 2636 876 2682 monstratum
911 2627 1032 2683 fuit.
1062 2628 1233 2685 Porro
1265 2632 1642 2689 misericordia
1679 2635 1771 2690 Dei
1800 2637 2087 2691 destruen-

517 2730 604 2771 tnr
660 2719 888 2784 inimici,
943 2738 1051 2776 non
1109 2724 1563 2790 substantialiter,
1620 2728 1722 2782 hoc
1769 2728 1914 2782 enim
1969 2728 2086 2785 fieri

515 2813 721 2880 nequit,
747 2813 841 2867 sed
865 2813 1084 2883 dempta
1113 2814 1179 2868 iis
1211 2815 1488 2882 facultate,
1536 2833 1640 2888 qua
1683 2819 1830 2889 justo
1880 2822 2085 2877 homini

381 2925 402 2944 ο
513 2905 895 2970 adversantur,
957 2903 1186 2974 ejusque
1237 2907 1472 2962 animam
1524 2921 1743 2966 vexant.
1803 2910 1895 2967 Sic
1939 2914 2083 2967 enim

513 2995 729 3063 requies
756 2995 906 3065 justo
931 2999 1055 3063 erit,
1096 3010 1152 3054 et
1192 3006 1344 3053 extra
1388 2999 1585 3054 bellum
1635 3001 1690 3056 in
1727 3018 1863 3072 pace
1905 3005 2081 3074 deget.

515 3084 637 3139 Mox
678 3101 984 3156 provocans
1018 3090 1330 3146 invocatum
1384 3107 1539 3146 suum
1595 3097 1661 3147 ad
1715 3097 2082 3164 annuenduru,

2190 541 2231 617 ᾖ
2259 545 2643 613 πορεύσομαι·
2663 545 2784 615 ἥτις
2805 541 3188 604 ἐπινεύσαντος
3215 540 3310 594 τοῦ
3339 540 3551 613 Πατρὸς
3575 540 3776 611 ἐαιντὴν

2193 636 2566 707 ἐμφανίζουσα
2601 635 2747 704 λέγει
2789 637 2900 699 τοῖς
2947 633 3144 699 ἀξίοιςο
3190 630 3332 702 Ἐγώ
3361 634 3479 702 ειμι
3521 631 3559 698 ἠ
3607 631 3773 694 ὁδός-⁸

2191 727 2392 792 οὐδεὶς
2438 728 2550 797 τὰρ
2591 727 2824 796 ἔρχεται
2861 724 3011 794 πρὸς
3055 723 3164 778 τόν
3212 723 3444 794 Πατέρα
3473 725 3527 778 ει
3567 721 3655 794 μὴ
3698 721 3778 775 δι’

2194 818 2358 887 ἐμοῦ.

2440 908 2692 962 Ἕνεκεν
2723 908 2830 962 τοῦ
2862 907 3150 977 ὀνόματός
3174 907 3525 976 σου,Κύριε.

2264 1001 2488 1073 Ὅμοιον
2514 1000 2670 1054 τοῦτο
2687 998 2784 1070 τῷ,
2806 999 2902 1067 Μὴ
2928 997 3092 1068 ἡμῖν,
3114 1000 3309 1067 Κύριε,
3326 997 3412 1068 μὴ
3442 997 3603 1068 ἡμῖν,
3632 997 3775 1054 ἀλλ’

2193 1094 2231 1163 ἢ
2275 1092 2355 1159 τῷ
2399 1093 2645 1163 ὀνόματί
2677 1107 2796 1145 σου
2824 1090 2931 1156 δὸς
2967 1090 3186 1155 δόξαν·
3222 1091 3284 1145 οὐ
3312 1089 3420 1161 γάρ
3449 1091 3534 1159 ἐφ’
3563 1092 3777 1152 ἑαυτοῖς

2193 1185 2298 1258 χρὴ
2323 1184 2562 1258 θαῤῥείν.
2603 1184 2661 1236 '0
2689 1183 2748 1236 δὲ
2777 1183 2905 1245 τοὺς
2943 1181 3284 1254 πειρασμοὺς
3313 1181 3606 1252 ὑπομείνας
3645 1199 3770 1250 γεν-

2194 1277 2357 1340 ναίως
2407 1275 2675 1340 ἐλπιζέτω
2715 1274 2919 1328 τούτων
2963 1276 3176 1346 τυχεῖν,
3218 1273 3295 1338 ὡς
3339 1274 3404 1329 ἂν
3448 1275 3638 1345 στενὴν
3678 1274 3773 1327 καὶ

2191 1369 2553 1440 τεθλιμμένην
2579 1366 2824 1431 ὁδεύσας.

2205 1461 2307 1514 Ἐν
2338 1459 2415 1529 τῇ
2443 1459 2796 1528 δικαιοσύνῃ
2823 1457 3206 1529 σωγέξάξεις
3247 1456 3317 1511 ἐκ
3354 1457 3616 1526 θλίψεως
3656 1456 3772 1526 τὴν

2796 1527 3009 1598 ψυχήν
3036 1547 3174 1598 μου.

2261 1622 2456 1694 Ψυχῆς
2498 1620 2714 1693 ἀληθῶς
2766 1619 2944 1690 θλίψις
2984 1619 3047 1672 τὸ
3101 1618 3505 1690 ταπεινωθῆναι
3539 1621 3619 1682 είς
3665 1621 3773 1689 γῆν

2190 1715 2288 1787 τὴν
2326 1716 2470 1787 ζωὴν
2513 1715 2698 1780 αὐτοῦ,
2731 1716 2826 1768 καὶ
2865 1717 2921 1767 ἐν
2966 1717 3256 1777 σκοτεινοῖς
3298 1715 3460 1768 αὐτὸν
3495 1715 3769 1786 καθῆσαιο

2192 1809 2285 1864 καὶ
2316 1811 2345 1862 ό
2376 1808 2482 1861 ὑπὸ
2508 1807 2783 1878 λογισμῶν
2810 1807 2866 1860 δὲ
2892 1807 3109 1876 φαύλων
3137 1807 3232 1860 καὶ
3258 1808 3558 1879 πυρώσεως
3583 1809 3773 1864 παθῶν

2195 1900 2579 1972 ἐνοχλούμενος
2605 1901 2704 1972 τὴν
2733 1899 2909 1972 ψυχὴν
2948 1899 3188 1956 θλίϐεται
3210 1915 3227 1932 ⁸
3256 1900 3470 1965 οὐδενὸς
3508 1901 3564 1954 δὲ
3606 1901 3771 1957 ἄλλου

2193 1994 2294 2049 ἐν..
2348 2012 2376 2047 ν
2431 1992 2686 2064 τοιαύτης
2739 1993 2970 2062 θλίψεως
3010 1991 3440 2064 ἐλευθεροῦντας,
3487 1995 3522 2063 ἢ
3569 1993 3663 2047 τοῦ
3712 1995 3775 2048 τὸ

2193 2085 2436 2156 κρυπτὸν
2497 2086 2596 2154 τῆς
2659 2084 2887 2156 καρδίας
2941 2083 3139 2148 εἰδότος
3196 2084 3352 2140 Θεοῦ.
3406 2085 3563 2138 Ἀλλά
3605 2087 3702 2139 καὶ
3744 2087 3775 2139 6

2191 2179 2296 2232 ὑπὸ
2329 2178 2658 2249 διοχλήσεων
2701 2176 3032 2232 ἀπατεώνων
3082 2179 3180 2249 τὴν
3223 2178 3399 2248 ψυχὴν
3439 2180 3774 2251 ταραττόμε-

2190 2287 2278 2332 νος
2310 2269 2543 2322 θλίόοιτο
2575 2269 2660 2336 ἂνξ
2685 2267 2936 2339 μεγάλως
2979 2269 3066 2322 ὅτε
3097 2268 3351 2339 μάλιστα,
3386 2271 3444 2322 ού
3475 2270 3776 2340 δυνάμενος

2189 2360 2484 2431 διελέγχειν
2528 2359 2598 2414 τὰ
2643 2360 2970 2428 σοφίσματα,
3019 2358 3326 2412 εὐλαϐεῖται
3361 2359 3434 2430 μὴ
3480 2359 3772 2430 ἀποσφαλῇ

2188 2452 2288 2523 τῆς
2346 2450 2634 2521 ἀληθείας⁸
2696 2451 2878 2520 ἐξάγει
2945 2451 3000 2504 δὲ
3059 2450 3237 2522 ψυχὴν
3296 2449 3478 2521 πάσης
3541 2449 3775 2520 θλίψεως

2188 2539 2468 2612 τοιαύτης,
2512 2538 2839 2609 ἐπιλάμπων
2891 2538 3058 2610 αὐτὴν
3105 2539 3200 2591 καὶ
3243 2537 3614 2607 καταλάμπων
3648 2539 3772 2600 ταῖς

2193 2631 2350 2695 ἰδίαις
2401 2634 2791 2706 μαρμαρυγαῖς
2833 2631 2949 2684 καὶ.
2979 2630 3127 2699 ἄγων
3177 2631 3346 2700 αὐτὴν
3391 2631 3474 2692 εἰς
3518 2629 3576 2681 τὸ
3603 2627 3769 2698 ζῆσαι

2189 2726 2332 2778 κατὰ
2362 2724 2459 2796 τὴν
2491 2724 2836 2795 δικαιοσύνην
2868 2724 3057 2786 αὑτοῦ,
3098 2723 3173 2786 ὡς
3222 2723 3450 2793 ἔναγχος
3489 2720 3770 2774 ἀποδέδει-

2189 2831 2334 2869 κται.
2374 2815 2542 2868 Ἐλέει
2565 2815 2622 2868 δέ
2649 2813 2783 2867 Θεοῦ
2819 2812 3356 2884 ἐξολοθρευθήσονται
3395 2813 3443 2864 οἱ
3471 2811 3672 2881 ἐχθροὶ,
3706 2809 3769 2861 ού

2187 2909 2308 2962 κατ’
2322 2907 2510 2960 οὐσίαν
2523 2905 2862 2976 φθειρόμενοι
2877 2904 3008 2975 (16),
3029 2903 3288 2957 ἀδύνατον
3309 2903 3418 2975 γὰρ
3437 2902 3611 2966 τοῦτο,
3635 2901 3772 2956 ἀλλά
3854 2889 3862 2894 ’

2185 2997 2283 3070 τὴν
2318 2999 2429 3066 ἓξιν
2457 2996 2839 3060 ἀποὸαλόντες,
2877 2996 2956 3049 δι’
2983 2995 3050 3067 ἣν
3082 2993 3268 3066 ἐχθροὶ
3299 2994 3391 3047 τοῦ
3424 2993 3633 3047 δικαίου
3675 2994 3772 3050 καὶ

2189 3089 2464 3154 θλίϐοντες
2505 3089 2602 3162 τὴν
2633 3087 2807 3159 ψυχὴν
2839 3086 3005 3141 αὐτοῦ
3058 3088 3411 3158 τυγχάνουσιν
3437 3104 3451 3117 ·
3491 3084 3634 3139 οὕτω
3663 3085 3774 3156 γὰρ

513 3178 668 3234 addit
696 3196 711 3233 :
754 3179 892 3245 Quia
926 3198 1101 3237 seruus
1130 3195 1251 3241 tuus
1279 3201 1372 3253 ego
1414 3201 1550 3239 sum.
1588 3185 1654 3239 Et
1687 3187 1904 3257 quidem
1933 3190 2078 3244 omni

2192 3183 2244 3234 ὲν
2288 3181 2470 3235 ἀνέσει
2514 3180 2666 3233 ἔσται
2699 3181 2727 3231 ό
2769 3178 2976 3242 δίκαιος
3020 3178 3145 3232 ἄνευ
3193 3177 3428 3248 πολέμου
3475 3178 3532 3228 ἐν
3577 3178 3774 3247 εἰρήνῃ

517 3271 859 3336 possessione
889 3273 1168 3345 gloriaque
1198 3276 1358 3349 longe
1387 3275 1578 3332 melius
1609 3287 1693 3334 est
1724 3293 1940 3335 servum
1965 3294 2086 3336 esse

519 3362 612 3416 Dei
664 3380 679 3418 :
734 3361 887 3432 cujus
939 3366 1016 3421 rei
1071 3369 1501 3439 magnitudinem
1553 3371 1813 3426 Servator
1869 3386 2087 3442 quoque

511 3454 770 3523 exposuit
825 3457 1174 3521 astantibus,
1225 3458 1470 3514 dicens:
1524 3458 1630 3514 Vos
1677 3477 1758 3515 me
1812 3461 2086 3531 appellatis

516 3547 801 3600 Dominum
814 3557 862 3602 et
894 3548 1230 3617 Magistrum,
1265 3559 1315 3604 et
1354 3552 1478 3606 bene
1501 3552 1698 3616 dicitis,
1719 3569 1836 3606 sum
1861 3553 1994 3607 enim
2017 3555 2084 3607 ⁸⁸.

513 3636 656 3694 Nihil
684 3637 900 3693 demum
930 3648 1214 3709 tantopere
1253 3641 1440 3698 hostes
1468 3652 1689 3701 nostros
1717 3641 1905 3714 fugat,
1929 3657 2088 3712 quam

511 3729 773 3799 spiritalis
823 3731 1128 3789 meditatio.

1014 3995 1335 4052 PSALMUS
1364 3996 1593 4053 CXLIII.

591 4088 649 4143 Si
680 4086 840 4158 hujus
863 4089 1054 4159 psalmi
1085 4090 1476 4144 continentiam
1499 4092 1565 4144 ad
1585 4089 1837 4146 Davidem
1865 4089 2090 4159 referas,

520 4182 822 4251 praesertim
856 4181 984 4250 quia
1020 4182 1073 4236 in
1125 4180 1401 4237 nonnullis
1451 4181 1855 4250 exemplaribus
1894 4182 2091 4237 inscri-

518 4277 668 4330 bitur
704 4274 772 4330 de
795 4260 1041 4342 Goliath,
1089 4274 1236 4330 dices
1258 4275 1524 4345 psalmum
1557 4273 1745 4329 Davidi
1771 4289 2090 4345 cengruere,

517 4367 631 4435 qui,
662 4374 722 4422 ut
752 4375 832 4422 est
864 4367 917 4421 in
960 4367 1213 4430 historia,
1248 4366 1424 4420 virum
1462 4365 1608 4420 illum
1644 4365 1775 4421 vicit
1805 4381 1911 4420 non
1945 4381 2094 4422 com-

2187 3274 2406 3344 διάγων.
2453 3271 2882 3342 Ἐκκαλούμενος
2907 3270 2962 3323 δὲ
2987 3268 3124 3340 πρὸς
3149 3268 3210 3321 τὺ
3240 3267 3521 3320 ἐπινεῦσαι
3545 3266 3634 3320 τὸν
3667 3284 3774 3318 πα-

2191 3363 2611 3438 ρακαλούμενον,
2641 3363 2886 3433 ἐπήγαγε
2914 3361 2994 3424 τὸ,
3030 3360 3157 3414 "Ott
3182 3363 3214 3413 ὀ
3247 3358 3464 3424 δοῦλός
3507 3373 3624 3415 σου
3653 3357 3774 3426 εἰμὶ

2187 3459 2320 3529 ἐγώ.
2356 3456 2664 3529 Κτημάτων
2687 3455 2745 3508 δὲ
2776 3455 2870 3508 καὶ
2903 3451 3237 3524 αὐχημάτων
3266 3451 3328 3506 τὸ
3357 3450 3608 3522 μέγιστον
3632 3467 3773 3520 χρη-

2194 3551 2418 3622 ματίσαι
2467 3548 2602 3602 Θεοῦ
2644 3547 2848 3601 δοῦλον.
2894 3545 3141 3598 Δείκνυσι
3187 3544 3243 3596 δὲ
3289 3543 3348 3597 τὸ
3392 3542 3619 3614 μέγεθος
3646 3541 3772 3594 τού-

2190 3662 2282 3698 του
2308 3642 2402 3696 καὶ
2426 3643 2454 3696 ὁ
2488 3641 2679 3713 Σωτὴρ
2705 3640 2879 3709 λέγων
2919 3640 3032 3702 τοῖς
3079 3635 3325 3690 συνοῦσιν
3351 3635 3500 3706 αὐτῷ
3523 3653 3537 3666 ο
3576 3632 3775 3702 Ὑμεῖς

2191 3731 2437 3805 φωνεῖτέ
2460 3749 2536 3802 με
2561 3734 2593 3785 ό
2616 3731 2832 3799 Κύριος
2851 3728 2948 3782 καὶ
2976 3731 3010 3782 ὁ
3031 3725 3421 3791 Διδάσκαλος,
3451 3724 3550 3780 καὶ
3573 3723 3774 3789 καλῶς

2190 3825 2415 3895 λέγετε,
2431 3822 2544 3893 ειμι
2562 3821 2675 3890 γάρ
2694 3837 2708 3851 ·
2731 3820 2882 3873 οὐδὲν
2903 3819 3074 3884 οὕτως
3096 3817 3388 3872 ἀποδιὼκει
3402 3818 3525 3881 τοὺς
3545 3816 3775 3888 ἐχθροὺς

2192 3916 2369 3988 ἡμῶν,
2413 3915 2488 3980 ὡς
2519 3914 2720 3987 θεωρία
2758 3915 3101 3984 πνευματική
3133 3913 3178 3984 (l
3192 3913 3266 3983 7).

2735 4003 3020 4058 ΨΑΛΜΟΣ
3063 4006 3241 4058 PMl".

2263 4100 2326 4153 Ei
2367 4099 2464 4171 μὲν
2507 4097 2802 4170 ἀναφέρεις
2845 4097 3016 4151 ταῦτα
3061 4095 3154 4149 ἐπὶ
3187 4095 3276 4150 τὸν
3314 4094 3496 4159 Δαυῖδ,
3540 4092 3774 4165 μάλιστα

2194 4191 2273 4245 ὅτι
2311 4191 2454 4244 κατά
2482 4208 2603 4244 τινα
2642 4189 2750 4244 τῶν
2793 4189 3141 4263 ἀντιγράφων
3187 4188 3584 4260 ἐπιγέγραπται
3638 4184 3774 4254 πρὸς

2196 4283 2287 4336 τὸν
2323 4282 2539 4348 Γολιάθ,
2573 4284 2720 4353 ἐρεῖς
2750 4279 3009 4352 ἁρμόζειν
3041 4278 3209 4350 αύτῷ,
3238 4279 3381 4332 κατὰ
3405 4277 3502 4348 τὴν
3533 4276 3775 4346 ἱστορίαν

2197 4375 2505 4447 νενικηκότι
2529 4373 2620 4427 τὸν
2647 4373 2818 4445 ἄνδρα
2838 4373 2899 4425 οὐ
2943 4375 3011 4444 τῇ
3045 4374 3198 4443 κοινῇ
3231 4370 3552 4441 παντευχίᾳ,
3591 4385 3774 4423 πεποι-

519 4460 669 4515 muni
700 4469 977 4520 armatura
1004 4500 1018 4524 ,
1054 4460 1154 4514 sed
1185 4474 1280 4513 sua
1330 4472 1456 4526 erga
1505 4458 1670 4513 Deum
1717 4458 1907 4513 fiducia
1944 4477 1956 4512 :
1987 4474 2093 4528 quo

2199 4465 2354 4538 θήσει
2409 4466 2466 4521 δέ
2517 4469 2586 4538 τῇ
2639 4465 2732 4518 ἐπὶ
2773 4463 2864 4518 τὸν
2904 4463 3075 4517 Θεόν·
3123 4463 3181 4516 ὃν
3219 4461 3407 4533 ὥσπερ
3458 4458 3781 4516 διδάσκαλον,

517 4552 620 4607 sibi
673 4550 937 4622 magistro
967 4560 1279 4620 assumpto,
1331 4525 1460 4603 tunc
1508 4551 1732 4619 quidem
1781 4525 2091 4604 Goliathum

2198 4525 2654 4630 ἐπιγραφόμενος,
2707 4556 2829 4610 τότε
2888 4555 2987 4627 μὲν
3033 4554 3123 4607 τὸν
3168 4525 3469 4623 Γολιάθυτῇ
3516 4553 3779 4623 σφενδόνῃ

517 4643 678 4711 funda
732 4644 900 4699 ictum
953 4640 1263 4710 interfecit;
1313 4641 1450 4696 alias
1499 4656 1627 4696 vero
1671 4643 1724 4696 in
1766 4657 1898 4712 agro
1949 4641 2093 4698 feras

2198 4651 2411 4706 καθεῖλε
2452 4649 2659 4722 βαλὼν’
2705 4649 2891 4704 ἄλλοτε
2939 4647 2996 4702 δὲ
3040 4647 3164 4711 τοὺς
3215 4647 3334 4700 κατ’
3387 4644 3556 4716 ἀγρὸν
3604 4643 3778 4714 θῆρας

518 4735 864 4802 strangulans
893 4733 1197 4788 interemit.
1232 4734 1426 4797 Decuit
1448 4749 1575 4787 vero
1605 4734 1946 4803 potissimum
1974 4734 2093 4788 bzec

2196 4748 2316 4808 ταῖς
2333 4744 2486 4815 χερσὶ
2516 4743 2722 4812 πνίγων
2737 4743 2951 4813 ἀνῄρει.
2971 4741 3215 4810 Ἐπρεπε
3243 4738 3300 4792 δὲ
3327 4737 3560 4810 μάλιστα
3589 4736 3682 4788 ἐπὶ
3707 4739 3775 4805 τῇ

517 4841 716 4896 canere
740 4827 806 4880 ad
831 4827 1171 4894 psalterium,
1204 4842 1326 4883 cum
1377 4827 1625 4896 manibus
1669 4826 1964 4902 digitisque
1997 4841 2093 4894 pro

2198 4836 2291 4889 τοῦ
2321 4835 2619 4908 ψαλτηρίου
2664 4833 2993 4905 ἀνακρούσει
3019 4831 3191 4886 ταῦτα
3230 4831 3410 4900 λέγειν
3433 4829 3616 4892 αὐτὸν,
3663 4829 3776 4890 ὅτε,

520 4919 727 4986 plectro
757 4928 938 4994 utens,
956 4919 1261 4990 invisibiles
1289 4922 1564 4976 daemonas
1585 4919 1802 4978 Saulem
1831 4931 2093 4986 vexantes

2196 4932 2314 5000 ταῖς
2377 4927 2534 5004 χερσὶ
2577 4927 2672 4995 καὶ
2712 4929 2824 4990 τοῖς
2864 4924 3145 4988 δακτύλοις
3193 4925 3312 4978 ἀντὶ
3357 4922 3450 4976 τοῦ
3499 4920 3782 4992 πλήκτρου

523 5009 746 5079 fugavit.
769 5011 922 5077 Quod
954 5012 997 5067 si
1025 5013 1092 5067 ad
1117 5013 1361 5084 quemvis
1385 5014 1589 5096 justum
1627 5013 1740 5068 hare
1768 5011 2092 5080 referantur,

521 5101 671 5156 dices
693 5111 917 5169 cunctas
943 5103 1180 5160 hominis
1209 5106 1317 5160 Deo
1340 5105 1517 5161 dilecti
1548 5106 1792 5160 actiones
1816 5106 1868 5164 in
1899 5106 2094 5160 adver-

520 5191 790 5258 sariarum
823 5203 1154 5262 potestatum
1189 5195 1412 5250 exitium
1442 5209 1691 5266 vergere,
1717 5195 1824 5249 Deo
1854 5196 1974 5263 ipso
2001 5195 2102 5250 has

2202 5020 2501 5094 χρώμενος,
2529 5022 2656 5084 τοὺς
2684 5019 2949 5091 ἀοράτους
2971 5017 3228 5088 δαίμονας
3261 5016 3456 5088 ἤλαυνε
3495 5012 3571 5085 τῷ
3606 5013 3782 5066 Σαοῦλ

2201 5111 2567 5184 ἐνοχλοῦντας.
2618 5113 2683 5165 Εἰ
2722 5111 2765 5165 δ’
2813 5112 2906 5165 ἐπὶ
2952 5111 3128 5170 πάντα
3173 5109 3380 5162 δίκαιον
3425 5107 3678 5175 ἀνάγοιτο
3709 5105 3783 5159 τὰ

2206 5206 2366 5277 ρητὰ,
2394 5207 2537 5276 ἐρεῖς
2562 5204 2740 5273 πάσας
2780 5202 2874 5256 τοῦ
2905 5199 3184 5270 θεοφιλοῦς
3209 5200 3436 5272 πράξεις
3461 5198 3782 5268 καθαίρεσιν

525 5300 781 5339 manuum
839 5285 1188 5357 operationes
1231 5287 1516 5368 dirigente.
1551 5289 1761 5367 Digitos
1793 5287 1911 5356 ejus
1941 5287 2093 5353 dicit,

2203 5297 2312 5350 τῶν
2354 5297 2742 5368 ἀντικειμένων
2773 5295 3053 5366 δυνάμεων
3095 5295 3360 5364 ἐνεργεῖν,
3400 5291 3494 5345 τοῦ
3533 5289 3668 5344 Θεοῦ
3696 5289 3782 5344 δι·-

519 5395 681 5448 opera
697 5380 861 5435 etiam
880 5380 1098 5449 minima
1111 5381 1360 5445 humanm
1375 5381 1498 5448 vita).
1514 5381 1870 5456 denotans.Et
1883 5381 2093 5453 quidem

2203 5386 2471 5458 δασκάλου
2512 5389 2610 5467 τῆς
2659 5387 2873 5441 τοιᾶσδε
2925 5386 3032 5440 τῶν
3075 5385 3274 5464 χειρῶν
3322 5385 3595 5448 ἐκτάσεως
3637 5399 3784 5452 γινο-

525 5488 778 5527 tnanuum
812 5487 1030 5528 suarum
1061 5473 1382 5540 extensione
1425 5472 1636 5542 Moyses
1669 5473 2001 5529 Amalecitas
2041 5471 2092 5527 in

2206 5480 2400 5549 μένοψ
2448 5481 2571 5546 τοὺς
2625 5480 2684 5534 δὲ
2732 5477 3022 5550 δακτύλους
3073 5477 3239 5534 αὑτοῦ
3305 5478 3404 5543 τὰς
3454 5477 3617 5550 μέχρι
3668 5472 3786 5528 τῶν

593 5584 643 5618 ω
677 5583 953 5650 Joamxiv,
987 5583 1039 5640 6.
1117 5581 1323 5637 l"'I’sal.
1357 5599 1511 5647 (χιιι,
1549 5585 1597 5638 I.
1673 5586 1718 5617 "
1768 5583 1926 5640 Joan.
1957 5600 2078 5652 xttt,
2108 5589 2196 5643 I3.

595 5722 707 5793 (t6)
749 5724 803 5777 In
840 5721 1023 5797 codice
1069 5737 1280 5797 carioso
1333 5724 1523 5797 lacuna
1569 5727 1854 5797 suppletur
1899 5744 2088 5782 recen-

595 5746 707 5793 μοι
750 5746 803 5777 ιιι
840 5746 1023 5781 cimice
1069 5746 1280 5780 carioso
1333 5746 1523 5784 lacuna
1569 5746 1854 5797 suppletur
1899 5746 2088 5782 recen-

528 5795 663 5856 tiorc
717 5809 875 5848 manu
912 5793 1294 5868 φθεγγόμενοι.
1346 5794 1459 5866 Ego
1503 5806 1683 5852 tamen
1734 5799 1898 5855 malui
1940 5799 2090 5865 φθει-

2201 5746 2435 5864 “iiii;

2277 5800 2394 5864 (17),
2424 5799 2812 5858 Animadverte
2859 5799 2959 5864 piae
2991 5798 3360 5857 meditationis
3388 5796 3626 5856 laudent.
