4062 6400
293 362 365 418 53
608 422 618 437 ,
1431 362 1940 421 COMMENTARIA
1980 365 2048 422 IN
2083 365 2424 426 essurus.
2878 332 2883 336 ’
3490 373 3561 429 st

288 481 636 556 μικροτάτων
669 482 952 556 ἐνεργείας
981 483 1092 538 τῶν
1121 484 1265 539 κατὰ
1286 485 1379 540 τὸν
1403 486 1743 560 ἀνθρώπινον
1769 487 1880 559 βίον

1988 492 2169 564 fugam
2200 493 2469 549 vertebat.
2506 492 2720 550 Videsis
2752 464 2916 548 etiam
2965 506 3034 548 ne
3085 493 3226 551 forte
3260 496 3339 552 sit
3398 498 3559 554 Chri-

283 573 524 646 ἐδήλωσε
544 590 556 602 ·
607 573 704 628 καὶ
744 576 988 647 Μωῦσῆς
1029 575 1088 629 δὲ
1114 576 1213 641 τάς
1236 580 1424 650 χεῖρας
1446 577 1703 634 ἐκτείνων
1725 580 1878 652 ἐτρο-

1981 593 2120 651 stus,
2186 585 2277 656 qui
2336 584 2473 640 ait:
2525 584 2580 640 in
2639 585 2827 655 fugam
2891 584 3189 655 conjiciens
3256 585 3561 645 invisibiles

283 665 454 721 ποῦτο
491 665 584 720 τὸν
639 666 908 738 ’Δμαλήκ.
960 667 1103 740 Ὅρα
1142 667 1199 723 δὲ
1230 669 1306 741 μὴ
1346 670 1582 739 Χριστὸς
1611 673 1641 726 6
1680 670 1875 740 λέγων,

280 758 711 833 τροπωσάμενος
741 759 871 822 τοὺς
906 758 1175 831 ἀοράτους
1214 759 1445 834 ἐχθρούς
1467 778 1482 793 ο
1525 761 1678 834 δηλοῖ
1714 762 1825 836 γὰρ
1848 764 1877 817 6

281 848 517 921 ψαλμδς,
547 849 624 915 ὡς
658 848 1024 922 δειχθήσεται,
1065 849 1163 905 καὶ
1191 850 1421 907 κάθοδον
1465 853 1631 909 αὐτοῦ
1673 854 1774 927 τὴν
1817 854 1877 923 ἐξ

281 941 539 1015 ούρανοῦ,
588 943 681 995 καὶ
721 942 932 1015 τροπὴν
984 942 1276 1014 δαιμόνων,
1312 944 1409 998 καὶ
1451 944 1643 1017 κλῆσιν
1685 934 1874 1011 ἐθνῶν,

284 1034 381 1088 καὶ
422 1033 516 1087 δύο
557 1032 741 1099 λαούς.

476 1125 541 1180 '0
561 1124 932 1181 ὺποτάσσων
957 1126 1066 1181 τὸν
1088 1127 1244 1182 λαόν
1266 1145 1388 1197 μου
1430 1129 1534 1183 ὑπ’
1572 1126 1695 1200 ἐμέ.

354 1217 491 1272 Θεοῦ
526 1218 643 1272 ἔστι
678 1217 741 1272 τὸ
789 1218 1117 1274 ύποτάσσειν
1151 1219 1244 1274 τὸν
1276 1219 1474 1274 ἑαυτοῦ
1509 1219 1639 1275 λαὸν
1667 1220 1877 1293 ἀνθρώ-

287 1325 447 1373 ποις·
474 1310 612 1382 ὅπερ
637 1311 687 1362 εί
715 1310 790 1382 μὴ
829 1311 894 1364 ὲκ
936 1310 1072 1364 Θεοῦ
1114 1311 1337 1380 γίνοιτο,
1372 1311 1474 1366 οὐκ
1507 1313 1573 1367 ἄν
1611 1329 1743 1367 ποτε
1784 1312 1878 1382 γέ-

287 1417 434 1455 νοιτο
451 1400 563 1472 (18)
579 1418 593 1431 ·
621 1400 743 1455 οὐδὲ
757 1402 866 1474 γὰρ
889 1402 1132 1474 Μωῦσῆς
1156 1404 1400 1477 ἡγήσατο
1421 1403 1486 1459 ἂν
1503 1403 1597 1458 τοῦ
1621 1404 1875 1460 τοσούτου

290 1491 551 1567 πλήθους,
584 1493 661 1566 μὴ
687 1492 783 1548 τοῦ
811 1494 1023 1565 Κυρίου
1063 1494 1430 1563 ὑποτάξαντος
1454 1495 1603 1568 αύτῷ
1627 1498 1718 1551 τὸν
1750 1497 1878 1552 ἑαυ-

287 1585 385 1640 τοῦ
418 1584 569 1651 λαδν,
599 1585 661 1639 οὐ
687 1584 757 1640 δι’
782 1586 961 1640 ὃπλων
999 1586 1033 1657 ἦ
1076 1587 1165 1641 διά
1208 1588 1569 1660 παρατάξεως
1598 1588 1875 1661 ἀνθρωπί-

290 1695 411 1749 νης,
438 1676 525 1732 διά
547 1677 604 1732 δὲ
644 1679 742 1751 τῆς
779 1678 1090 1751 κρείττονος
1132 1679 1434 1751 δυνάμεως.

289 1770 491 1840 Κύριε,
531 1769 592 1824 τι
621 1769 795 1824 ἐστιν
834 1769 1162 1841 ἄνθρωπος,
1210 1772 1299 1825 ὅτι
1334 1770 1646 1841 ἐγνώσθης
1678 1771 1877 1838 αὐτῷ;

359 1862 697 1918 Πυνθάνεται
719 1860 918 1932 όλόγος
939 1864 1482 1936 ὲρωτηματικῶςτὸ,
1507 1864 1560 1917 τί
1598 1840 1749 1919 ἔστιν
1784 1866 1877 1920 ἄν·
1910 1840 1951 1895 Β

1983 674 2194 731 hostes.
2224 673 2361 729 Nam
2392 674 2656 744 psalmus,
2687 685 2747 731 ut
2775 675 3262 743 demonstrabitur,
3313 687 3369 734 et
3410 681 3560 736 redi-

1982 774 2097 822 tum
2156 765 2275 836 ejus
2334 766 2402 822 de
2478 764 2665 833 caelo,
2728 778 2786 822 et
2856 766 3040 839 fugam
3097 769 3452 840 daemonum,
3506 781 3561 827 et

1978 854 2220 926 gentium
2264 856 2643 925 vocationem,
2691 857 2829 915 duos
2873 856 3109 930 denique
3159 860 3409 932 populos,
3459 862 3557 918 de-

1979 955 2156 1003 ιιοιιιι.

2051 1130 2219 1186 Vens.
2254 1128 2312 1185 2.
2357 1128 2462 1199 Qui
2481 1127 2714 1184 subdidit
2743 1126 2994 1199 populum
3027 1145 3200 1183 meum
3242 1128 3339 1182 sub
3382 1143 3487 1185 me.

2052 1222 2148 1279 Dei
2181 1230 2267 1279 est
2289 1222 2549 1293 populum
2573 1236 2731 1276 suum
2762 1219 3072 1274 hominibus
3094 1219 3382 1287 subjicere,
3415 1220 3557 1291 quod

1980 1297 2145 1371 nisi'a
2177 1313 2287 1370 Deo
2314 1314 2425 1377 fiat,
2458 1328 2735 1384 nunquam
2793 1311 2904 1367 fiet.
2956 1311 3089 1367 Nam
3133 1326 3307 1383 neque
3348 1312 3559 1384 Moyses

1981 1407 2144 1463 talem
2219 1414 2537 1476 tantamque
2608 1404 3014 1461 multitudinem
3090 1402 3378 1472 rexisset,
3449 1404 3557 1461 nisi

1978 1497 2028 1553 ei
2075 1496 2339 1555 Dominus
2396 1497 2652 1568 populum
2684 1511 2843 1552 suum
2898 1494 3249 1561 subdidisset,
3304 1511 3413 1552 non
3465 1510 3557 1551 ar-

1979 1593 2085 1648 mis
2142 1607 2320 1662 neque
2365 1592 2648 1647 hominum
2702 1590 2990 1656 exercitu,
3045 1590 3139 1646 sed
3190 1589 3416 1646 meliore
3464 1605 3562 1662 po-

1981 1684 2173 1739 tentia.

1978 1773 2146 1839 Vens,
2179 1773 2234 1827 2.
2264 1761 2503 1841 Domine,
2527 1772 2656 1843 quid
2679 1782 2755 1828 est
2782 1772 2960 1839 homo,
2986 1771 3115 1843 quia
3154 1771 3437 1827 innotuisti
3462 1771 3510 1828 ei
3535 1773 3561 1827 7

2051 1865 2445 1935 Interrogativo
2494 1863 2655 1920 modo
2697 1864 2891 1935 quaerit
2928 1863 3257 1930 Psalmista,
3305 1864 3435 1934 quid
3490 1864 3563 1919 sit

292 1955 531 2025 θρωπος,
554 1956 704 2027 ἡμᾶς
728 1952 935 2019 διδάξαι
962 1955 1304 2027 βουλόμενος,
1331 1957 1413 2011 ὅτι
1436 1956 1580 2028 μέγα
1597 1974 1648 2010 τι
1666 1954 1878 2027 ἄνθρω-

1981 1957 2177 2023 homo;
2212 1957 2410 2013 docere
2434 1970 2533 2011 nos
2559 1955 2768 2019 volens,
2800 1970 3055 2027 magnum
3078 1956 3208 2027 quid
3233 1969 3356 2012 esse
3384 1955 3562 2012 homi-

290 2062 425 2111 πος’
451 2046 513 2099 ού
570 2044 680 2118 γὰρ
737 2045 804 2101 ἂν
848 2045 1094 2118 ἐχώρησε
1132 2046 1268 2101 Θεοῦ
1304 2046 1528 2118 γνῶσιν,
1568 2048 1675 2101 οὐδ’
1716 2047 1781 2101 ἂν
1830 2050 1879 2101 ὲ-

291 2138 506 2211 μνήσθη
522 2137 689 2194 αὐτοῦ
711 2140 740 2192 6
755 2138 887 2203 Θεὸς
901 2138 1094 2206 οὕτως,
1110 2138 1187 2204 ὡς
1203 2139 1295 2195 κει)⁸
1312 2140 1535 2213 Σωτῆρα
1558 2141 1653 2195 καὶ
1666 2142 1878 2213 Λυτρω-

288 2230 390 2300 τὴν
420 2229 799 2296 ἐξαποστεῖλαι
842 2230 992 2303 αύτῷ
1025 2231 1118 2285 τὸν
1147 2232 1343 2287 ἑαυτοῦ
1376 2233 1567 2302 Λόγον.
1614 2233 1879 2305 Παραινεῖ

286 2321 348 2376 δὲ
379 2323 438 2377 ὲν
471 2321 552 2394 τῷ
580 2322 730 2395 αὐτῷ
771 2323 865 2376 καὶ
902 2323 1129 2395 μηδενὸς
1171 2323 1459 2396 ἀνθρώπου
1493 2327 1876 2396 καταφρονεῖν,

289 2415 387 2469 καὶ
423 2415 505 2471 ὅτι
548 2415 738 2488 μηδεὶς
779 2415 927 2485 ἀξιον
954 2415 1212 2488 κατορθοῖ
1231 2416 1331 2488 τῆς
1368 2416 1624 2490 τοιαύτης
1658 2400 1878 2490 εύεργε-

291 2506 437 2571 σίας.

380 2599 579 2669 Κύριε,
615 2599 829 2654 κλῖνον
859 2601 1156 2671 οὐρανούς
1178 2614 1316 2665 σου,
1349 2600 1448 2655 καὶ
1473 2599 1780 2669 κατάϐηθι.

364 2676 578 2763 Σφόδρα
617 2690 932 2762 ἀναγκαίως
960 2692 1054 2747 καὶ
1084 2690 1397 2756 ἀκολούθως
1427 2690 1624 2765 [λέγει]
1653 2691 1749 2751 καὶ
1781 2692 1879 2745 αύ-

289 2782 382 2838 τδν
415 2783 719 2856 καταϐῆναι
753 2783 846 2839 τὸν
895 2783 990 2838 τοῦ
1024 2783 1160 2838 Θεοῦ
1203 2784 1375 2854 Λόγον
1423 2786 1503 2849 είς
1561 2783 1879 2859 καθαίρεσιν

191 2917 206 2930 .
288 2873 399 2929 τῶν
425 2874 700 2946 πολεμίων
716 2891 735 2909 ·-
762 2877 811 2930 εί
837 2874 947 2949 γὰρ
973 2877 1066 2930 καὶ
1090 2876 1159 2931 τὰ
1180 2875 1438 2947 μάλιστα,
1457 2879 1617 2947 φησι,
1636 2876 1879 2935 διδάσκει

289 2966 390 3031 τὰς
411 2966 552 3039 ἐμὰς
575 2971 763 3041 χεῖρας
786 2969 881 3023 καὶ
921 2969 1047 3035 τοὺς
1083 2967 1380 3034 δακτύλους
1410 2969 1558 3033 ὅπως
1583 2969 1689 3042 χρὴ
1721 2967 1880 3022 πολε-

291 3062 437 3129 μεῖν,
469 3059 606 3115 ἀλλὰ
630 3062 728 3117 καὶ
756 3060 839 3125 τίς
882 3062 1034 3133 ίσχὺς
1080 3061 1391 3134 ἀνθρώπου,
1422 3063 1517 3116 καὶ
1556 3060 1696 3132 πόση
1723 3060 1881 3115 δύνα-

1978 2065 2126 2105 nem.
2157 2049 2327 2105 Secus
2359 2051 2528 2115 enim,
2566 2064 2741 2119 neque
2769 2048 2886 2119 ipse
2911 2049 3004 2107 Dei
3030 2050 3280 2105 notitiam
3311 2059 3558 2121 caperet,

1979 2157 2155 2217 neque
2185 2142 2332 2204 Deus
2378 2149 2662 2212 tantopere
2712 2140 2833 2212 ejus
2878 2143 3241 2211 meminisset,
3281 2153 3342 2199 ut
3391 2143 3558 2199 etiam

1980 2232 2325 2287 Servatorem
2354 2230 2878 2306 Redemptoremque
2916 2232 2965 2287 ei
3006 2235 3241 2289 mitteret
3282 2234 3558 2303 proprium

1980 2322 2242 2378 Verbum.
2270 2321 2451 2378 Monet
2486 2323 2654 2378 simul
2675 2338 2743 2379 ne
2763 2338 3095 2393 quemquam
3123 2324 3395 2378 hominem
3427 2338 3560 2378 con—

1982 2423 2331 2480 temnamus;
2383 2424 2440 2470 et
2486 2416 2628 2485 quod
2674 2430 2834 2473 nemo
2861 2415 3128 2472 beneficio
3159 2425 3312 2471 tanto
3337 2414 3558 2486 dignum

1979 2505 2184 2575 aliquid
2214 2516 2361 2576 agat.

1982 2597 2147 2655 Vens.
2186 2598 2241 2655 5.
2297 2598 2539 2666 Domine,
2584 2598 2781 2655 inclina
2822 2601 2975 2657 eteius
3019 2610 3159 2666 tuos,
3206 2610 3254 2654 et
3285 2599 3556 2654 descende.

2050 2689 2372 2750 Necessario
2388 2692 2676 2747 admodum
2693 2701 2749 2748 et
2763 2705 3126 2750 consentanee
3144 2692 3300 2765 [dicit
3304 2692 3348 2763 ι,
3381 2692 3558 2762 ipsum

1981 2784 2330 2840 descendisse
2368 2785 2457 2842 Dei
2507 2783 2746 2840 Verbum
2806 2787 2875 2841 ad
2930 2786 3170 2842 hostian
3225 2786 3558 2840 destructio-

1983 2893 2137 2936 nem.
2164 2879 2396 2937 Etiamsi
2430 2879 2600 2945 enim,
2650 2877 2849 2949 inquit,
2902 2877 3121 2948 egregie
3164 2877 3323 2931 docet
3367 2891 3558 2930 Inanus

1983 2985 2131 3027 meas
2160 2970 2227 3025 ad
2252 2970 2502 3036 bellum,
2529 2979 2771 3026 attamen
2792 2970 3051 3040 quantula
3079 2978 3164 3023 est
3195 2968 3275 3023 vis
3300 2967 3558 3031 hominis,

1983 3073 2041 3119 et
2066 3062 2316 3121 morituri
2354 3062 2530 3117 virtus
2561 3061 2654 3132 qui
2686 3062 2918 3116 vanitati
2959 3059 3154 3115 similis
3179 3068 3283 3123 est,
3313 3067 3371 3112 ut
3397 3066 3562 3110 tantae

293 3168 389 3223 μις
420 3151 517 3211 τοῦ
540 3151 735 3225 θνητοῦ
769 3155 864 3209 καὶ
896 3154 1216 3226 ματαιότητι
1242 3153 1620 3225 ὁμοιωθέντος,
1653 3151 1791 3224 πρὸς
1819 3151 1880 3205 τὸ

1986 3155 2229 3211 hostium
2253 3153 2687 3211 acieiJresistere
2706 3152 2924 3225 possit?
2958 3151 3101 3221 Ergo
3130 3161 3183 3205 tu
3220 3150 3357 3220 ipse,
3385 3148 3562 3203 Domi-

289 3241 584 3317 δυνηθῆναι
628 3249 817 3317 στῆναι
859 3244 1001 3299 κατά
1041 3246 1139 3317 τῆς
1186 3246 1451 3317 τοσαύτης
1490 3244 1877 3317 παρατάξεως;

290 3333 375 3388 διὸ
407 3337 472 3390 σὺ
514 3336 696 3402 αὐτὸς,
729 3332 774 3392 ὧ
800 3336 994 3410 Κύριε,
1035 3337 1212 3391 κλῖνον
1259 3338 1544 3410 οὐρανοὺς,
1564 3338 1676 3397 καὶ
1710 3336 1881 3389 κατά-

293 3426 439 3499 ϐηθι.
475 3429 748 3501 οὐρανοὺς
779 3428 836 3483 δέ
883 3447 1014 3501 φησι
1053 3430 1151 3492 τάς
1196 3429 1587 3500 ὲπινοουμιένας
1629 3430 1690 3483 ὲν
1732 3426 1880 3498 αύτῷ

290 3518 588 3590 δυνάμεις·
623 3521 699 3585 ὡς
730 3521 789 3575 δὲ
837 3523 1020 3594 πατὴρ
1065 3521 1301 3593 νηπίοις,
1348 3522 1445 3576 καὶ
1485 3521 1563 3587 ὡς
1610 3520 1881 3593 μαθηταῖς

289 3609 613 3677 διδάσκαλος
652 3614 1097 3683 συγκαταϐαίνει.

449 3702 912 3769 Ἐξαπόστειλον
938 3703 1054 3774 τὴν
1077 3704 1248 3776 χεζοά
1274 3720 1391 3761 σου
1419 3705 1490 3771 ἐξ
1515 3706 1734 3776 ὕψους.

377 3792 806 3863 Ἔξαπόοτειλον,
835 3798 1000 3868 φησιν
1023 3799 1053 3851 6
1082 3797 1314 3871 ψαλμὺς,
1348 3799 1448 3871 τὴν
1475 3798 1764 3871 ποιητικὴν
1786 3798 1881 3853 καὶ

292 3887 635 3960 φυλακτικὴν
680 3888 789 3943 τῶν
836 3888 1166 3961 ὅλων,χείρα
1210 3890 1320 3944 ἐπὶ·
1347 3889 1426 3960 τῷ
1474 3889 1753 3957 ἐξελέσθαι
1786 3890 1881 3943 καὶ

295 3977 566 4052 ῥύσασθαί
600 3997 667 4051 με
695 3980 761 4035 ὲκ
786 3979 896 4035 τῶν
941 3980 1389 4036 πλλῶννὺδάτων
1413 3981 1507 4035 καλ⁵
1541 3980 1652 4035 τῶν
1680 3980 1882 4053 χειρῶν

291 4070 404 4126 τῶν
425 4072 720 4145 ἀλλοτρίων
740 4071 870 4126 υἱῶν
888 4088 902 4103 ·
930 4071 1153 4126 δυνατὸν
1178 4072 1235 4126 δὲ
1259 4072 1321 4125 τὸ
1344 4072 1401 4139 ἐξ
1431 4072 1639 4127 ὑδάτων
1670 4072 1881 4128 πολλῶν

294 4163 559 4237 ρυσθῆναι
589 4166 764 4222 είπεῖν
791 4162 900 4219 τῶν
929 4163 1182 4237 πονηρῶν
1208 4164 1496 4237 δυνάμεων
1523 4164 1619 4219 καὶ
1639 4164 1743 4222 -τοῦ
1762 4165 1881 4219 δια-

292 4257 454 4312 δόλου
483 4256 577 4311 τοῦ
620 4254 885 4328 βασιλέως
921 4255 1140 4319 πάντων
1188 4255 1301 4310 τῶν
1338 4255 1595 4311 τοιούτων
1615 4273 1629 4287 ·
1666 4256 1881 4329 ἐξαιρε-

293 4349 452 4424 θῆναι
473 4350 531 4404 δὲ
555 4350 651 4406 καὶ
676 4349 740 4404 ὲκ
760 4348 942 4421 χειρὸς
962 4348 1069 4403 τῶν
1090 4347 1386 4421 ἀλλοτρίων
1413 4348 1564 4415 υἱῶν,
1592 4348 1703 4403 τῶν
1731 4351 1883 4421 ἐνερ-

292 4443 577 4515 γουμένων
619 4441 714 4496 ὑπ’
753 4441 932 4497 αὐτῶν
968 4439 1305 4513 ἀνθρώπων*
1341 4439 1441 4504 τάς
1487 4442 1884 4506 ἐπαναστάσεις

1982 3262 2075 3312 ne,
2110 3246 2280 3302 coelos
2305 3245 2530 3310 inclina.
2559 3255 2614 3300 et
2657 3245 2947 3300 descende.
2976 3241 3157 3299 leos
3193 3250 3373 3297 autem
3407 3242 3559 3309 dicit,

1981 3355 2104 3409 qua:
2132 3339 2204 3394 ibi
2239 3336 2613 3409 intelliguntur
2634 3351 2758 3393 esse
2790 3344 3105 3406 potestates.
3136 3333 3309 3391 Porro
3339 3349 3438 3391 ceu
3465 3348 3562 3403 pa-

1984 3442 2066 3486 ter
2099 3431 2166 3484 ad
2197 3430 2453 3500 parvulos
2495 3428 2665 3495 filios,
2705 3443 2803 3485 ceu
2854 3429 2921 3484 ad
2963 3427 3260 3498 discipulos
3303 3426 3564 3497 magister

1981 3523 2282 3580 descendit.

2200 3708 2363 3765 Vens.
2412 3684 2465 3765 ἦ.
2502 3708 2697 3764 Emitte
2715 3720 2929 3763 manum
2952 3715 3099 3759 luam
3122 3719 3190 3759 ex
3217 3703 3346 3758 alto.

2052 3800 2274 3869 Emitte,
2317 3802 2394 3857 ait
2431 3802 2692 3873 psalmus,
2739 3799 3106 3871 operatricem
3161 3799 3556 3869 tutelaremque

1982 3892 2224 3948 omnium
2248 3907 2495 3960 manum,
2528 3904 2588 3948 ut
2615 3908 2779 3949 eruas
2816 3892 3124 3963 Iiberesque
3167 3906 3261 3947 me
3275 3891 3344 3946 de
3370 3891 3559 3948 multis

1983 3984 2258 4051 ﬂuctibus,
2279 3994 2336 4041 et
2357 3986 2660 4043 alienorum
2692 3985 2927 4041 filiorum
2961 3985 3233 4041 manibus.
3274 3982 3391 4040 Jam
3426 3984 3566 4056 eripi

1983 4076 2051 4131 de
2085 4075 2581 4142 multisvﬂuctibus,
2623 4077 2849 4147 intelligi
2887 4085 3067 4147 potest
3105 4076 3175 4132 de
3204 4075 3361 4132 malls
3412 4088 3567 4147 pote-

1982 4168 2234 4234 statibus,
2264 4178 2322 4224 et
2354 4168 2423 4224 de
2452 4169 2643 4224 harum
2695 4169 2938 4224 omnium
2987 4184 3114 4240 rege
3160 4169 3396 4225 diabolo.
3434 4168 3565 4224 Item

1984 4257 2207 4314 liberari
2240 4258 2307 4315 de
2334 4259 2637 4314 alienorum
2680 4257 2919 4313 ﬁliorum
2953 4257 3225 4321 manibus,
3270 4271 3468 4327 nempe
3498 4257 3566 4311 de

1984 4352 2272 4409 commotis
2355 4352 2573 4407 illorum
2641 4355 2867 4409 obsessu
2948 4348 3278 4405 hominibus.
3348 4346 3563 4403 Etenim

1985 4442 2247 4511 impetum
2278 4444 2637 4498 tentationum
2662 4453 2830 4513 atque
2851 4441 3167 4512 impiorum,
3189 4456 3359 4509 aquas
3381 4437 3567 4509 appel-

292 4535 404 4608 γάρ
447 4534 910 4607 τῶνηπειρασμῶν
940 4532 1056 4593 καὶ,⁴
1087 4532 1196 4587 τῶν
1236 4532 1452 4586 ἀσεϐῶν
1481 4531 1652 4587 ὓδατα
1684 4532 1874 4586 ἐκάλε-

1984 4532 2140 4599 lavit,
2163 4540 2222 4587 ut
2241 4541 2297 4588 et
2326 4533 2453 4587 aIihi
2485 4534 2561 4587 ait
2591 4547 2606 4587 :
2667 4532 2923 4589 Forsitan
2974 4548 3126 4604 aqua:
3163 4532 3567 4587 submersissent

295 4645 409 4691 σεν,
437 4626 513 4692 ὡς
546 4628 642 4682 καὶ
669 4626 902 4697 ἀλλαχοῦ
929 4641 1120 4697 φησιν·
1144 4626 1293 4695 Ἀρα
1319 4623 1385 4678 τὸ
1412 4624 1570 4693 ὕδωρ
1596 4624 1877 4679 κατεπόν-

292 4733 465 4774 τισεν
514 4716 705 4789 ἡμᾶς’
752 4720 862 4772 καὶ⁸
888 4718 1052 4772 πάλιν
1070 4733 1096 4753 ἰ
1126 4714 1339 4773 Σῶσόν
1358 4733 1455 4787 με,
1510 4720 1543 4771 ό
1584 4716 1749 4781 Θεὸς,
1785 4715 1876 4792 ότι

292 4810 671 4879 εισήαθοσαν
704 4809 891 4864 ὕδατα
919 4808 1030 4874 ἕως
1061 4807 1271 4879 ψυχῆς
1292 4824 1443 4878 μουο
1475 4800 1783 4871 ἀκολούθως
1820 4807 1877 4862 δὲ

297 4903 437 4975 μετά
473 4903 573 4975 τὴν
611 4902 911 4957 κατάϐασιν
936 4899 1037 4955 τοῦ
1059 4900 1193 4955 Θεοῦ
1219 4900 1415 4969 Λόγου,
1460 4899 1559 4971 τὴν
1585 4898 1878 4971 ὲπιὸουλὴν

291 4995 412 5049 τῶν
457 4994 740 5051 ἀσείῶν...
784 4993 964 5049 αὐτοῦ.
989 5010 1110 5066 τῳ..
1158 4991 1515 5064 θεασάμενος,
1554 4989 1624 5045 τά
1665 4988 1882 5062 προκεί-

296 5103 438 5159 μενα
470 5086 737 5154 θεσπίζει.

651 5178 835 5251 ’ῼδὴν
877 5177 1098 5248 καινὴν
1127 5177 1353 5248 ᾄσομαι
1397 5192 1518 5232 σοι.

371 5272 542 5345 ’ᾼδει,
570 5273 790 5344 καὶττὴν
819 5270 1011 5343 καινὴν
1051 5269 1319 5342 διαθήκην
1359 5270 1417 5322 ὲν
1464 5271 1577 5332 τοῖς
1618 5267 1747 5339 περὶ
1787 5267 1889 5338 τῆς

294 5364 524 5419 καθόδου
547 5364 643 5418 τοῦ
668 5364 806 5418 Θεοῦ
827 5364 1004 5433 Λόγου
1029 5360 1530 5436 προφητευομένοις
1576 5377 1680 5432 μνη
1689 5375 1885 5431 μονεύ-

297 5456 458 5529 θῆναι
479 5475 494 5489 ο
529 5456 611 5511 διδ
642 5454 898 5528 δηλοῦται
945 5455 1085 5527 αὕτη
1106 5453 1215 5509 νδιά
1241 5453 1344 5525 τῆς
1383 5455 1576 5525 καινῆς
1597 5451 1761 5524 ᾠδῆς.
1788 5452 1881 5505 Ἐν

294 5546 376 5621 τῷ
410 5548 468 5603 δὲ
503 5548 682 5620 λέγειν
723 5547 934 5620 καινὴν,
968 5544 1322 5607 πεπαλαίωκε
1360 5543 1458 5617 τὴν
1506 5542 1749 5616 πρώτην,
1804 5541 1881 5606 ὥς

403 5690 452 5723 ⁸⁸
494 5686 637 5745 Psal.
679 5702 873 5755 cum,
910 5687 965 5740 ti;
1037 5687 1082 5719 ⁸⁷
1124 5684 1270 5742 Psal.
1315 5699 1507 5750 LXVIII,
1550 5682 1607 5738 2.

1985 4642 2080 4680 nos
2099 4626 2164 4681 ⁸⁸.
2200 4625 2373 4697 Item:
2411 4624 2569 4681 Salva
2609 4642 2713 4692 me,
2755 4625 3009 4692 Domine,
3054 4625 3179 4694 quia
3232 4623 3567 4677 intraverunt

1965 4739 2139 4792 aqua:
2169 4739 2332 4792 usque
2361 4723 2428 4776 ad
2452 4723 2687 4776 animum
2718 4737 2886 4777 nteant
2909 4722 2978 4776 ⁸⁷.
3009 4721 3387 4776 Consentanee
3435 4733 3567 4774 vero

1986 4825 2108 4884 post
2127 4815 2218 4868 Dei
2249 4814 2406 4869 Verbi
2423 4813 2771 4880 descensum,
2792 4814 3085 4885 impiorum
3109 4812 3333 4868 insidias
3353 4812 3565 4878 videns,

1988 4904 2360 4977 suprascripta
2389 4904 2745 4961 vaticinatur.

2163 5169 2326 5225 Vens.
2361 5168 2416 5224 9.
2459 5165 2747 5223 Canticum
2774 5183 2976 5224 nouum-
3002 5169 3231 5225 oantabo
3271 5169 3386 5226 tibi.

2058 5262 2243 5327 Canit,
2296 5278 2356 5318 se
2406 5277 2602 5318 novum
2649 5277 2873 5331 quoque
2912 5261 3093 5319 fcedus
3142 5263 3194 5319 in
3236 5263 3324 5318 his
3351 5276 3470 5334 qua:
3498 5262 3569 5320 de

1984 5357 2161 5412 reditu
2183 5357 2288 5412 Dei
2328 5356 2490 5412 Verbi
2523 5356 2881 5421 vaticinatur,
2914 5356 3330 5412 memoravisse.
3357 5355 3569 5412 Idcirco

1989 5449 2045 5505 id
2081 5449 2261 5505 fmdus
2295 5464 2435 5505 novo
2467 5450 2685 5504 cantico
2735 5450 3160 5505 demonstratur.
3203 5448 3341 5505 Dum
3386 5456 3570 5506 autem

1988 5556 2187 5599 novum
2214 5540 2371 5607 dicit,
2403 5540 2555 5612 prius
2604 5542 2735 5598 illud
2786 5541 3119 5612 autiquavit,
3145 5549 3206 5598 ut
3232 5541 3309 5599 ait
3332 5542 3570 5615 Apostoc

373 5829 487 5899 (I8)
533 5829 791 5901 Congruit
828 5826 1093 5884 Ensrhius
1122 5842 1241 5883 cum
1270 5825 1399 5882 divo
1437 5824 1604 5883 I’aulu
1630 5824 1786 5882 lium.
1813 5840 1933 5892 xm,
1978 5821 2027 5888 l,
2082 5821 2201 5879 Non
2229 5832 2303 5879 est
2336 5828 2562 5892 potestas
2591 5818 2690 5874 nisi
2721 5835 2752 5872 a
2778 5815 2907 5872 Deo.
