4062 6400
510 307 578 362 53
1202 301 1467 358 EUSEBII
1505 299 1969 358 CASSARIENSIS
2008 299 2160 355 OPP.
2199 297 2378 354 PARS
2415 297 2500 356 Ill.
2535 327 2605 339 -—-
2642 294 3049 351 EXEGETICA.
3687 289 3756 344 56

443 411 446 416 ’
512 433 594 484 Ius
614 428 682 482 ⁸⁸.
726 427 801 480 De
848 423 1160 494 hujusmodi
1209 423 1425 477 cantico
1471 422 1616 478 dicta
1669 431 1796 477 sunt
1841 430 1898 476 et
1938 421 2074 477 illa:

2192 436 2344 491 φησιν
2365 420 2394 472 δ
2429 417 2747 481 Ἀπόστολος
2765 434 2779 448 ·
2806 417 2934 487 περὶ
2960 413 3163 486 ταύτης
3187 413 3434 467 λέλεκται
3458 413 3559 484 τῆς
3577 411 3750 483 ᾠδῆς·

511 516 734 573 Cantate
774 513 1004 569 Domino
1033 512 1291 565 canticum
1323 527 1536 575 nouum,
1574 519 1786 566 cantate
1828 511 2072 576 Domino,

2183 513 2405 582 ᾊσατε
2449 508 2528 574 τῷ
2570 509 2766 578 Κυρίῳ
2808 501 2972 577 ᾆσμα
3020 504 3250 569 καινὸν,
3291 504 3482 572 ᾇσατε
3529 502 3608 569 τῷ
3640 509 3759 558 Κυ-

512 611 683 665 omnis
712 619 853 662 terra
884 605 952 658 ⁵⁸.
982 603 1206 674 Insuper
1236 620 1251 656 :
1285 599 1558 666 Psallam,
1592 600 1786 670 inquit,
1829 600 2077 670 psalterio

2192 603 2300 668 οίῳ,
2315 599 2483 656 πᾶσα
2502 601 2540 668 ὴ
2578 599 2653 670 γῆ
2675 617 2689 631 ·
2719 599 2850 653 ἀλλὰ
2873 599 2990 663 καὶ,
3017 594 3282 659 Ψαλῶσι,
3301 596 3484 665 φησὶν,
3506 595 3575 648 ἐν
3604 598 3760 662 ψαλ-

512 696 876 760 deeachordo;
901 694 1189 763 practicam
1221 692 1456 746 innuens
1480 692 1669 756 vitam,
1702 690 1882 744 anima
1920 691 2080 744 simul

2192 696 2358 766 τηρίῳ
2384 692 2741 762 δεκαχόρδῳ,
2769 691 2859 745 τὸν
2893 688 3193 763 πρακτικὸν
3237 687 3603 758 αἰνιττόμενος
3644 687 3758 756 βίον

513 799 570 843 et
600 804 825 860 corpore
873 793 1206 844 operantem.
1259 783 1398 837 Sunt
1427 783 1573 838 enim
1612 783 1852 851 quinque
1901 784 2082 838 carnis

2192 787 2268 841 5ιὰ
2306 786 2482 857 ψυχῆς
2527 786 2622 838 καὶ
2665 783 2918 854 σώματος
2967 780 3386 852 ὲνεργούμενον·
3446 778 3610 831 πέντε
3659 778 3759 848 μὲν

513 893 729 941 sensus,
753 878 991 947 quinque
1034 874 1161 926 item
1192 872 1387 926 anima:
1433 871 1707 942 potentiae,
1741 870 1938 939 quibus
1961 884 2083 924 cor-

514 971 665 1040 porei
702 983 893 1024 sensus
937 975 1245 1021 moventur.

762 1147 932 1203 Vens.
966 1145 1056 1202 10.
1093 1145 1196 1212 Qui
1229 1147 1320 1199 dat
1353 1145 1576 1199 salutem
1617 1143 1850 1213 regibus.

585 1240 688 1309 Qui
727 1239 988 1294 caelorum
1018 1253 1240 1308 regnum
1281 1251 1378 1290 nos
1425 1234 1630 1300 docuit,
1677 1247 1830 1302 reges
1859 1247 1954 1286 eos
1977 1229 2086 1283 elli-

515 1333 590 1386 cit
633 1331 726 1402 qui
760 1331 850 1384 illo
901 1327 1050 1399 digni
1101 1328 1324 1394 fuerint,
1373 1329 1572 1398 quibus
1600 1329 1760 1380 etiam
1786 1327 1835 1380 vi
1870 1323 2086 1395 propria

516 1423 748 1477 salutem
796 1419 1006 1474 confert
1047 1436 1062 1485 ;
1121 1417 1392 1488 simulque
1437 1426 1583 1471 recte
1641 1423 1884 1485 agentes,
1933 1421 2088 1467 extra

519 1513 724 1584 peccati
763 1512 1102 1567 dominatum
1138 1510 1312 1580 ponit.
1359 1507 1560 1578 Utique
1595 1507 1848 1562 Christus
1876 1506 1930 1558 in
1954 1503 2091 1560 Pro-

516 1605 722 1660 verbiis
757 1604 927 1660 dicit:
957 1603 1058 1657 Per
1080 1619 1164 1657 me
1195 1618 1338 1672 reges
1371 1609 1592 1672 regnant
1618 1601 1684 1654 δ’.
1715 1599 1840 1654 [huc
1860 1610 2090 1653 cernens

518 1695 813 1764 Apostolus
837 1694 1111 1750 scribebat
1139 1713 1153 1749 :
1191 1693 1319 1748 Sine
1349 1692 1500 1746 nobis
1540 1691 1870 1761 regnavistis,
1900 1698 1949 1744 et
1982 1687 2089 1742 uti-

2183 879 2350 932 όντων
2377 876 2579 947 σαρκὸς
2613 873 3000 946 αἰσθητηρίων,
3039 873 3199 926 πέντε
3231 872 3286 926 δὲ
3315 871 3422 924 τῶν
3447 871 3545 940 τῆς
3575 870 3759 939 ψυχῆς

2183 968 2484 1037 δυνάμεων,
2519 966 2588 1020 δι’
2631 960 2706 1020 ὧν
2733 964 2802 1019 τὰ
2833 965 3167 1038 αἰσθητήρια
3204 963 3297 1017 τοῦ
3325 961 3573 1034 σώματος
3595 964 3762 1015 κινεῖ-

2186 1080 2274 1117 ται
2305 1061 2436 1132 (t9).

2298 1151 2382 1218 Τῷ
2411 1151 2636 1206 διδόντι
2677 1147 2792 1216 τὴν
2818 1147 3126 1216 σωτηρίαν
3153 1145 3278 1212 τοῖς
3298 1143 3629 1210 ,βασιλεῦσι

2268 1244 2327 1298 Ὀ
2357 1242 2572 1308 διδάξας
2599 1239 2872 1313 βασιλείαν
2903 1239 3167 1311 οὐρανῶν,
3203 1237 3437 1307 βασιλεῖς
3467 1234 3761 1306 ἐργάζεται

2187 1335 2312 1399 τοὺς
2339 1333 2794 1404 καταξιουμένους
2823 1331 3016 1400 αὐτῆς,
3044 1325 3125 1393 οἷς
3155 1328 3336 1382 δίδωσι
3365 1327 3463 1398 τὴν
3495 1326 3626 1395 παρ’
3657 1323 3763 1376 αὑ-

2187 1425 2283 1480 τοῦ
2333 1427 2633 1498 σωτηρίαν·
2674 1425 2790 1496 ἃμα
2829 1422 2888 1476 δὲ
2940 1419 3313 1493 κατορθώσασι
3367 1417 3428 1471 τὸ
3479 1416 3553 1489 μὴ
3605 1415 3763 1486 βασι-

2189 1514 2436 1569 λεύεσθαι
2468 1513 2574 1568 ὑπὸ
2614 1513 2918 1586 ἁμαρτίας·
2955 1509 3187 1582 Χριστὸς
3219 1509 3262 1562 δ’
3289 1509 3436 1562 ἐστὶν
3467 1510 3496 1561 δ
3523 1508 3578 1559 ἐν
3619 1507 3766 1578 Παρ-

2187 1608 2394 1677 οιμίαις
2432 1604 2636 1674 λέγων·
2675 1605 2756 1658 Δι’
2799 1601 2944 1672 ἐμοῦ
2980 1599 3268 1666 ,ϐασιλεῖς
3315 1599 3760 1664 βασιλεύουσι·

2191 1696 2363 1752 ταῦτα
2411 1694 2566 1760 εἰδὼς
2614 1695 2643 1748 δ
2704 1693 3021 1758 ’Δπόστολος
3069 1693 3307 1768 ἔγραφε·
3364 1688 3548 1758 Χωρὶς
3589 1687 3768 1758 ἡμῶν

521 1804 644 1842 nam
674 1785 1033 1856 regnaueritis,
1061 1795 1115 1838 ut
1139 1793 1187 1838 et
1214 1799 1307 1838 nos
1339 1783 1602 1838 uobiscum
1634 1796 2002 1852 conregnemus
2020 1777 2084 1830 “.

2192 1787 2619 1840 ἐϐασιλεύσατε
2636 1824 2652 1851 ,
2695 1782 2796 1840 καὶ
2837 1783 3060 1852 ὄφελόν
3081 1799 3147 1852 γε
3179 1780 3634 1840 ἐϐασιλεύσατε,
3659 1778 3767 1830 ἵνα

523 1880 795 1949 Quoniam
844 1894 974 1950 ergo
1015 1880 1099 1934 his
1123 1877 1351 1934 salutem
1403 1877 1544 1932 Deus
1591 1876 1840 1946 largitur,
1894 1875 2089 1936 merito

521 1974 624 2043 ipsi
656 1988 875 2043 quoque
908 1972 1099 2026 Davidi
1131 1985 1285 2040 spem
1333 1969 1530 2023 bonam
1580 1968 1857 2024 oraculum
1892 1968 2087 2038 injicit,

521 2069 639 2121 fore
666 2074 783 2120 uta
819 2065 1081 2133 peccatis,
1121 2062 1172 2116 itt
1199 2076 1318 2131 quae
1356 2061 1647 2130 aliquando
1680 2059 1899 2127 cecidit,
1951 2060 2092 2114 redi-

520 2167 724 2213 matur.
783 2156 919 2212 Nam
971 2155 1134 2210 Verbi
1189 2154 1281 2210 Dei
1333 2154 1627 2208 descensus
1659 2153 1846 2207 Davidi
1881 2167 2092 2222 quoque

522 2265 644 2303 cum
701 2248 824 2304 aliis
871 2249 1144 2304 beneﬁcus
1176 2246 1412 2312 exstitit,
1452 2247 1543 2316 qni
1582 2246 1854 2302 nativitati
1891 2247 2006 2316 ejus
2036 2245 2089 2301 in

522 2356 688 2396 carne
711 2339 978 2395 inserviit.

527 2517 691 2573 Vens.
736 2517 822 2572 10.
867 2516 974 2583 Qui
1013 2517 1221 2571 redimit
1271 2516 1527 2571 Davidem
1571 2535 1777 2572 servum
1835 2536 1990 2575 suum
2028 2523 2092 2577 de

1074 2589 1253 2655 gladio
1279 2587 1535 2655 maligno.

593 2677 818 2734 Gladius
856 2679 1149 2750 malignus,
1182 2678 1366 2747 lingua
1422 2689 1506 2733 est
1550 2682 1858 2746 atheorum,
1888 2694 1940 2737 et
1971 2684 2092 2739 illo-

522 2786 642 2825 rum
673 2785 954 2826 sermones
983 2769 1072 2838 qui
1123 2770 1458 2837 sOphismala
1503 2772 1764 2827 adversus
1803 2773 1968 2829 Deum
1998 2789 2096 2829 ex-

524 2862 787 2928 cogitant,
821 2869 882 2914 ut
913 2861 1126 2915 animas
1172 2860 1525 2917 interﬁciant.
1573 2862 1762 2918 Manus
1819 2877 1996 2919 autem
2032 2867 2096 2920 ﬁ-

526 2952 722 3004 liorum
752 2950 1080 3016 alienorum,
1142 2959 1296 3005 actus
1341 2963 1467 3006 sunt
1513 2962 1568 3008 et
1615 2955 1721 3007 vita
1760 2955 1971 3010 illorum
2001 2959 2092 3026 qtti

527 3041 627 3096 Dei
656 3041 802 3096 cultu
831 3041 990 3098 alieni
1025 3051 1188 3106 sunt;
1217 3057 1445 3111 quorum
1477 3060 1539 3100 os
1573 3045 1838 3100 fabulosis
1867 3046 2094 3118 ﬁgmen-

2191 1879 2291 1932 xal
2323 1878 2494 1948 ’ἡμεῖς
2528 1877 2670 1948 ὑμῖν
2701 1875 3312 1945 συμϐασιλεύσωμεν·
3346 1873 3468 1926 ἐπεὶ
3511 1866 3602 1925 οὖν
3635 1869 3767 1924 τού-

2189 1987 2302 2033 τοις
2333 1969 2614 2041 χαρίζεται
2640 1970 2670 2022 ό
2701 1966 2834 2030 Θεὸς
2863 1964 2963 2036 τὴν
2999 1964 3294 2036 σωτηρίαν,
3319 1962 3543 2024 εἰκότως
3567 1962 3661 2015 καὶ
3682 1959 3769 2030 τῷ

2190 2059 2351 2114 Δαυῖδ
2377 2060 2586 2130 ἀγαθὰς
2628 2058 2850 2122 ἐλπίδας
2879 2057 3183 2128 ὑπογράφει
3216 2055 3278 2108 τὸ
3305 2055 3514 2123 λόγιον,
3553 2054 3630 2118 ὡς
3670 2054 3769 2108 λυ-

2189 2152 2590 2225 τρωθησομένῳ
2627 2153 2719 2220 ἀφ’
2754 2146 2828 2205 ὧν
2875 2149 3092 2203 πώποτε
3130 2148 3415 2203 πέπτωκεν
3445 2147 3764 2217 ἁμαρτιῶν·

2190 2248 2223 2316 ἡ
2253 2244 2362 2316 γὰρ
2392 2244 2617 2307 κάθοδος
2649 2242 2742 2296 τοῦ
2774 2241 2909 2296 Θεοῦ
2940 2241 3115 2311 Λόγου
3147 2239 3291 2311 μετὰ
3323 2239 3430 2292 τῶν
3457 2238 3629 2292 ἄλλων
3669 2239 3769 2292 καὶ

2191 2335 2268 2406 τῷ
2297 2332 2459 2387 Δαυῒδ
2486 2333 2816 2405 εύεργητικὴ
2846 2332 3156 2403 γεγένηται,
3188 2330 3284 2384 ἅτε
3322 2326 3770 2398 διακονησαμένῳ

2191 2429 2257 2498 τῇ
2293 2425 2541 2495 ὲνσάρκῳ
2565 2423 2728 2478 αὐτοῦ
2761 2423 2989 2493 γενέσει.

2199 2517 2283 2583 Τῷ
2311 2515 2695 2586 λυτρουμένῳ
2724 2515 2904 2590 Δαυῒδ
2930 2514 3034 2568 τὸν
3061 2512 3286 2590 δοῦλον
3317 2510 3502 2566 αὑτοῦ
3530 2509 3598 2562 ἐκ
3616 2510 3770 2577 ῥομ-

2723 2587 2831 2654 grai
2833 2603 2905 2650 ας
2942 2587 3229 2651 πονηρᾶς.

2276 2678 2546 2750 Ῥομφαία
2573 2677 2785 2750 πονηρὰ
2826 2679 2859 2748 η
2898 2676 3114 2745 γλῶττά
3145 2677 3260 2727 ἐστι
3289 2673 3398 2726 τῶν
3437 2670 3634 2735 ἀθέων,
3670 2672 3770 2724 καὶ

2193 2772 2244 2824 οἰ
2271 2771 2418 2839 λόγοι
2446 2769 2553 2822 τῶν
2579 2768 2647 2822 τὰ
2691 2769 2998 2840 σοφίσματα
3027 2767 3166 2821 κατὰ
3210 2765 3302 2820 τοῦ
3339 2765 3476 2818 Θεοῦ
3509 2762 3774 2835 μελετῶν-

2193 2880 2301 2916 των
2340 2863 2419 2925 είς
2443 2859 2506 2914 τὸ
2540 2858 2782 2929 φονεύειν
2809 2857 3007 2929 ψυχάς·
3051 2857 3170 2929 χεὶρ
3195 2856 3251 2908 δὲ
3278 2853 3408 2908 υἱῶν
3448 2852 3766 2924 ἀλλοτρίων,
3855 2874 3862 2879 ι

2197 2949 2392 3023 πρᾶξις
2423 2949 2518 3004 καί⁸
2545 2952 2574 3004 ό
2599 2950 2709 3021 βίος
2737 2948 2844 3003 τῶν
2881 2948 3174 3020 ἀλλοτρίων
3205 2949 3306 3017 τῆς
3331 2944 3662 3007 θεοσεϐείας,
3689 2937 3772 2997 ὧν

2196 3046 2254 3096 ὲν
2296 3043 2484 3114 μύθοις
2515 3041 2902 3112 ἀναπλάσμασι
2933 3041 3027 3093 καὶ
3051 3042 3172 3104 ταῖς
3202 3039 3330 3110 περὶ
3358 3036 3590 3091 εἰδώλων
3631 3035 3774 3088 πλά-

531 3136 600 3188 tis
631 3143 686 3190 et
716 3134 980 3189 idolorum
1030 3135 1310 3190 erroribus
1358 3135 1596 3206 loquitur
1637 3139 1928 3194 vanitates.
1986 3139 2090 3195 Ho-

2193 3152 2311 3199 ναις
2337 3135 2398 3188 τὸ
2427 3135 2601 3205 στόμα
2627 3132 2779 3188 λαλεί
2818 3133 3180 3204 ματαιότητας
3199 3147 3211 3160 ·
3240 3129 3443 3184 τούτων
3472 3129 3527 3182 δὲ
3561 3129 3655 3181 καὶ
3676 3128 3770 3180 δε-

475 3293 477 3296 ρ
531 3241 647 3281 rum
679 3225 844 3280 etiam
874 3227 1115 3293 dextera,
1149 3226 1199 3278 itl
1227 3236 1312 3282 est
1342 3227 1425 3282 vis
1451 3229 1753 3298 operosior,
1785 3231 2010 3285 avaritia
2041 3241 2097 3285 et

533 3316 738 3384 rapinis
766 3327 1081 3385 occupatur.
1112 3317 1433 3386 Hujusntodi
1478 3330 1635 3374 erant
1685 3321 1882 3389 prioris
1915 3322 2094 3392 populi

532 3406 802 3471 homines,
830 3407 985 3460 sicuti
1019 3407 1221 3462 dictum
1250 3418 1351 3463 est.
1387 3409 1463 3463 Ex
1499 3409 1586 3465 his
1605 3409 1718 3478 jam
1745 3427 1886 3465 nunc
1922 3412 2096 3467 denuo

529 3508 652 3552 orat
706 3496 872 3551 David
923 3513 983 3553 se
1031 3499 1187 3568 eripi,
1238 3515 1305 3555 ne
1343 3501 1458 3569 pari
1505 3511 1847 3570 peccatorum
1900 3518 2097 3573 genere

532 3588 828 3642 irreliatur.

533 3679 696 3738 Vens.
727 3680 815 3736 l2.
861 3681 1099 3766 Quorum
1145 3682 1247 3764 ﬁlii
1295 3684 1430 3766 sicut
1486 3683 1704 3738 ηουειία·
1745 3684 2098 3754 plantationes

1061 3765 1115 3806 tn
1146 3765 1419 3822 juvcnlute
1451 3772 1570 3808 sua.

600 3840 716 3896 Non
750 3841 948 3911 prioris
982 3846 1351 3898 tantummodo
1373 3847 1549 3913 populi
1587 3845 1706 3911 lilii,
1741 3849 1833 3900 sed
1856 3847 2096 3901 ontnium

2201 3224 2308 3290 ξιὰ,
2333 3226 2604 3280 τουτέστιν
2632 3228 2665 3296 ἠ
2696 3225 3115 3296 πρακτικωτέρα
3151 3223 3398 3292 δύναμις,
3429 3221 3556 3292 περί
3580 3219 3774 3272 πλεον-

2199 3318 2344 3384 εξίας
2402 3316 2498 3370 καὶ
2547 3317 2800 3389 ἁρπαγὰς
2839 3315 3164 3386 ἀσχολεῖται.
3194 3313 3434 3367 Τοιοῦτον.
3474 3313 3517 3365 δ’
3559 3312 3624 3365 ἂν
3659 3307 3774 3364 εἶεν

2199 3411 2292 3462 καὶ
2326 3411 2373 3462 οἰ
2414 3410 2478 3461 ἐκ
2508 3408 2602 3462 τοῦ
2643 3409 2908 3480 προτέρου
2949 3407 3099 3469 λαοῦ,
3144 3407 3265 3460 καθ’
3303 3404 3338 3459 ἃ
3378 3404 3620 3474 εἴρηται·
3661 3402 3775 3455 ἀπὸ

2197 3502 2400 3554 τούτων
2416 3496 2508 3554 οῦν
2529 3501 2620 3553 ἐπὶ
2637 3499 2730 3553 τοῦ
2754 3501 3015 3571 παρόντος
3033 3499 3128 3570 ήδη
3150 3497 3398 3566 δεύτερον
3424 3498 3452 3549 ὁ
3481 3493 3640 3548 Δαυῒδ
3675 3496 3776 3564 ῥυ-

2200 3594 2392 3664 σθῆναι
2420 3590 2654 3662 εῠχεται,
2675 3591 2761 3645 ἵνα
2785 3591 2858 3663 μὴ
2874 3591 2986 3662 ἁλῷ
3007 3593 3116 3653 τοῖς
3135 3589 3340 3658 ὁμοίοις
3360 3588 3771 3658 ἁμαρτήμασιν.

2197 3681 2310 3739 Ὧν
2347 3687 2401 3739 οι
2446 3684 2561 3738 υἱοὶ
2591 3685 2672 3749 ὡς
2706 3684 2968 3771 νεόφυτα
3001 3680 3283 3761 ζδρυμένα
3322 3679 3391 3732 ἐν
3420 3676 3496 3746 τῇ
3534 3677 3776 3744 νεότητι

2875 3769 3092 3807 αυτων.

2271 3849 2378 3902 Τοῦ
2406 3849 2672 3920 προτέρου
2695 3845 2827 3901 λαοῦ
2853 3847 2901 3898 οἰ
2925 3844 3028 3898 υἱοὶ
3054 3845 3114 3896 ού
3151 3843 3330 3912 μόνον,
3356 3841 3489 3894 ἀλλά
3521 3840 3613 3892 κειύ⁴
3641 3838 3776 3891 πᾶν·

531 3949 562 3990 a
604 3933 697 3987 Dei
726 3933 871 3986 cultu
906 3933 1234 3999 alienorum,
1269 3950 1368 3989 ceu
1403 3952 1553 3990 novae
1581 3937 1949 4006 plantationes
1975 3947 2090 3992 sunt

2197 3957 2304 3992 των
2330 3938 2437 3991 τῶν
2465 3937 2758 4009 ἀλλοτρίων
2803 3936 2904 4005 τῆς
2929 3931 3235 3994 θεοσεϐείας
3267 3931 3342 3995 ὡς
3369 3929 3601 3999 νεόφυτά
3625 3929 3776 3981 ἐστιν

533 4026 587 4078 in
613 4023 896 4092 juventnte
923 4039 1042 4078 sua.
1073 4023 1212 4082 Justi
1243 4033 1421 4079 autem
1461 4026 1696 4079 hominis
1725 4041 1854 4079 caro
1884 4025 2090 4081 inﬁrma

2202 4028 2462 4101 ἱδρυμένα
2506 4031 2563 4082 ἐν
2619 4030 2685 4099 τῇ
2733 4027 2942 4095 νεότητι
2984 4023 3190 4077 αὐτῶν·
3247 4020 3340 4074 τοῦ
3386 4020 3443 4072 δὲ
3484 4018 3694 4072 δικαίου
3731 4019 3770 4088 ἠ

531 4122 633 4178 est,
665 4121 720 4168 et
763 4111 879 4180 ejus
918 4113 1111 4168 mentis
1155 4111 1328 4168 fastus
1367 4123 1669 4168 emortuus.
1726 4114 1964 4180 Illorum,
2007 4116 2090 4186 qui

2201 4119 2338 4192 σάρξ
2367 4122 2514 4174 ἐστιν
2553 4119 2802 4190 ἀσθενὴς,
2837 4118 2928 4172 καὶ
2962 4117 3022 4169 τὸ
3055 4114 3310 4187 φρόνημά
3356 4115 3471 4167 ἐστι
3506 4127 3776 4180 νενεκρω-

533 4211 601 4265 de
650 4209 1061 4265 circumcisione
1123 4219 1270 4276 sunt,
1327 4211 1450 4266 ﬁlia:
1509 4227 1724 4281 quoque
1790 4213 2090 4269 meretricia

2203 4211 2362 4283 μένον
2382 4229 2395 4242 ·
2429 4212 2633 4266 τούτων
2673 4211 2782 4264 τῶν
2822 4211 2885 4264 ἑκ
2927 4207 3232 4283 περιτομῆς
3262 4207 3358 4260 καὶ
3389 4206 3444 4258 αἰ
3478 4203 3776 4273 θυγατέρες

533 4313 684 4354 more
717 4307 841 4352 sunt
874 4309 1170 4366 exornatas,
1199 4302 1266 4355 ad
1310 4301 1492 4371 templi
1535 4302 1822 4373 imaginem
1857 4303 1945 4357 ubi
1991 4305 2090 4374 spi-

2200 4303 2490 4374 έταιρικῶς
2534 4304 2640 4356 εἰσι
2683 4301 3092 4372 κεκοσμημέναι
3138 4299 3212 4364 ὡς
3254 4299 3508 4371 ὁμοίωμα
3545 4297 3674 4352 ναοῦ
3715 4298 3776 4348 ὲν

533 4390 668 4443 ritus
702 4391 872 4444 malus
902 4390 1185 4446 inhabitat.
1218 4391 1341 4447 Ideo
1369 4393 1436 4448 de
1465 4392 1570 4449 illis
1616 4394 1746 4448 dicit
1795 4396 2051 4465 propheta
2080 4415 2090 4450 :

2197 4387 2242 4463 ᾧ
2279 4395 2513 4468 πονηρὸν
2553 4393 2768 4465 πνεῦμα
2809 4395 3040 4448 ἐνοικεῖ·
3073 4393 3154 4447 διό
3196 4409 3329 4462 φησι
3370 4391 3497 4462 περὶ
3527 4387 3706 4442 αὐτῶν
3745 4389 3780 4440 ὁ

532 4481 821 4544 Propterea
875 4481 1201 4537 incesserunt
1245 4484 1376 4552 βιίω
1422 4483 1596 4539 Sionis
1648 4494 1820 4540 erecto
1861 4487 2017 4551 collo,
2044 4499 2090 4541 et

2199 4485 2514 4556 προφήτης·
2577 4484 2718 4538 Ἁνθ’
2761 4475 2850 4537 ὧν
2893 4481 3308 4550 ἐπορεύθησαν
3354 4479 3414 4531 αἰ
3459 4473 3777 4544 θυγατέρες

531 4591 646 4630 cum
691 4575 904 4631 nutibus
949 4577 1228 4632 oculorum
1251 4579 1317 4646 “,
1344 4586 1396 4632 et
1423 4579 1653 4646 reliqua.
1702 4578 1886 4634 Sancti
1915 4589 2090 4635 autem

2201 4577 2356 4632 Σιὼν
2389 4578 2459 4631 ἐν
2487 4574 2705 4649 ὑψηλῷ
2728 4573 3008 4645 τραχήλῳ
3029 4574 3124 4628 καί
3156 4573 3224 4626 ἐν
3245 4573 3538 4639 νεύμασιν
3563 4569 3777 4636 (Sy-Gal-

532 4665 777 4722 homines
809 4668 1064 4738 templum
1098 4669 1190 4723 Dei
1224 4677 1367 4731 sunt,
1409 4679 1463 4723 et
1506 4670 1598 4725 Dei
1635 4670 1855 4738 spiritus
1887 4671 1939 4724 in
1969 4670 2090 4739 ipsis

2197 4669 2348 4738 μῶν,
2369 4669 2462 4722 καὶ
2488 4667 2556 4722 τὰ
2589 4667 2746 4739 ἑξῆς·
2777 4669 2826 4720 οἰ
2851 4666 2908 4720 δὲ
2937 4665 3082 4734 ἅγιοι
3132 4664 3256 4727 ναός
3281 4664 3386 4715 εἰσι
3412 4658 3568 4723 Θεοῦ,
3598 4658 3688 4712 καί⁵
3716 4656 3781 4709 τὸ

531 4755 819 4811 inhabitat.
851 4757 917 4812 Et
949 4758 1162 4813 illorum
1211 4760 1428 4828 quidem
1453 4759 1730 4813 abundant
1772 4759 2090 4814 redundant-

2203 4758 2420 4830 πνεῦμα
2439 4758 2533 4812 τοῦ
2553 4757 2686 4813 Θεοῦ
2716 4758 2856 4811 οἰκεῖ
2883 4759 2941 4811 ὲν
2970 4757 3181 4819 αὐτοῖς·
3207 4755 3299 4808 καὶ
3323 4752 3431 4806 τῶν
3463 4751 3560 4823 μὲν
3586 4764 3774 4820 περιτ-

532 4859 638 4910 que
664 4859 864 4909 peoora
895 4847 1381 4902 thesaurizantium
1413 4848 1465 4901 in
1499 4858 1645 4902 terra
1673 4857 1727 4902 et
1758 4847 2053 4902 dicentium
2082 4861 2090 4902 :

2202 4852 2349 4906 τεύει
2376 4851 2472 4905 καὶ
2505 4851 2731 4921 ὑπερχεῖ
2759 4849 2830 4903 τὰ
2859 4851 3059 4919 ταμεϊα
3086 4845 3519 4918 θησαυριζόντων
3552 4843 3644 4916 επὶ
3677 4841 3774 4908 τῆς

533 4936 812 4990 Destruam
846 4937 1033 4992 horrea
1058 4957 1174 4993 mea
1197 4950 1243 4995 et
1271 4939 1532 5002 ampliora
1574 4939 1848 5010 wdiﬁcabo
1882 4937 1968 5006 ⁶³;
2002 4939 2090 4993 lto-

2205 4945 2327 5016 γῆς·
2373 4943 2469 5003 καὶ
2512 4942 2796 5010 λεγόντων,
2827 4937 3064 4995 Καθελῶ
3088 4956 3206 5007 μου
3234 4937 3341 5003 τὰς
3360 4933 3664 5001 ἀποθήκας
3679 4930 3775 4985 καὶ

534 5044 653 5083 rutn
685 5038 871 5083 contra
903 5033 1188 5089 thesaurus
1213 5034 1266 5087 in
1299 5033 1439 5088 coelo
1466 5042 1568 5088 est.
1597 5033 1812 5086 Illorum
1858 5047 1990 5087 oves
2024 5030 2090 5086 fe-

2202 5033 2474 5104 μείζονας
2492 5031 2885 5101 οἰκοδομήσω·
2915 5029 3023 5084 τῶν
3056 5029 3113 5083 δὲ
3155 5030 3183 5081 ὁ
3230 5027 3500 5100 θησαυρός
3545 5027 3691 5078 ἐστιν
3720 5026 3776 5077 ὲν

533 5122 724 5178 cundze
741 5137 806 5177 ac
829 5138 1151 5189 numerosae,
1182 5127 1453 5196 bovesque
1485 5125 1678 5188 crassi,
1711 5123 2016 5192 cnjnsmodi
2045 5123 2090 5177 in

2208 5125 2423 5198 οὐρανῷ
2440 5143 2454 5157 ·
2481 5125 2575 5180 καὶ
2599 5124 2706 5180 τῶν
2740 5125 2838 5195 μὲν
2863 5123 2977 5178 ἔστι
3007 5122 3254 5194 πρόϐατα
3289 5120 3558 5175 πολύτοκα
3583 5115 3758 5187 πληθύ

533 5209 746 5281 Αἱεγριί
769 5214 1036 5283 ubertate.
1057 5229 1248 5285 nempe
1277 5217 1353 5272 illi
1371 5217 1595 5286 pulchra
1614 5214 1792 5286 specie
1811 5225 1865 5270 et
1887 5213 2090 5270 eximii:

2206 5237 2388 5284 νοντα,
2415 5218 2510 5271 καὶ
2547 5217 2667 5288 βόες
2709 5219 2922 5286 παχεῖς,
2947 5217 3123 5270 ὁποῖοι
3165 5217 3264 5284 τῆς
3304 5211 3578 5280 Αἰγύπτου
3610 5207 3780 5279 εὐθη-

533 5303 788 5358 carnibus
815 5319 951 5373 quos
973 5305 1102 5359 vidit
1120 5305 1355 5363 Pharao.
1376 5310 1480 5364 Sed
1495 5308 1629 5378 justi
1658 5305 1761 5362 viri
1777 5305 1917 5362 ovile
1937 5319 2090 5375 pura!

2207 5312 2323 5374 νίας
2345 5327 2359 5341 ·
2401 5308 2556 5364 καλοί
2603 5308 2714 5380 γὰρ
2740 5307 2819 5378 τῷ
2856 5307 2983 5361 εῐδει
3013 5308 3108 5361 καὶ
3149 5305 3395 5360 ἐκλεκτοὶ
3438 5305 3558 5365 ταῖς
3588 5298 3777 5371 σαρξὶν

535 5391 766 5458 animas,
801 5405 857 5450 et
883 5398 1052 5453 bonas
1100 5414 1163 5451 ac
1205 5401 1495 5455 rationales
1530 5417 1660 5456 oves
1699 5401 2090 5470 complectitur.

2206 5399 2348 5474 ἦσαν
2372 5402 2467 5467 οὓς
2491 5397 2631 5459 εἶδεν
2653 5404 2682 5457 δ
2707 5399 2926 5472 Φαραώ·
2957 5400 3052 5454 τοῦ
3078 5399 3136 5454 δὲ
3157 5398 3364 5453 δικαίου
3390 5398 3425 5468 η
3452 5394 3652 5466 ποίμνη
3673 5390 3778 5460 ou-

533 5484 636 5558 κάς
665 5487 974 5558 ἀκεραίους,
1005 5493 1097 5544 καὶ
1125 5491 1304 5560 ἀγαθὰ
1331 5493 1424 5545 καὶ
1455 5493 1647 5561 λογικὰ
1691 5495 1937 5567 πρόϐατα
1982 5495 2396 5567 ἐμπεριείληφε.

605 5600 652 5639 ⁸⁸
682 5599 974 5663 llebr.vm.
1006 5606 1089 5660 15.
1166 5608 1210 5638 ⁸⁸
1243 5607 1383 5661 Psal.
1416 5623 1538 5674 XCV,
1575 5610 1624 5662 l.
1735 5612 1778 5641 6°
1815 5611 1978 5666 I’I‘OV-
2013 5623 2088 5664 VII

2199 5611 2249 5666 5.
2327 5613 2367 5642 ⁶¹
2403 5610 2569 5665 lCor.
2597 5626 2670 5678 tv,
2702 5609 2756 5664 8.
2835 5608 2878 5640 ⁵⁸
2920 5607 3128 5669 Isa.ttt,
3165 5604 3248 5658 16.
3327 5603 3370 5633 ⁸³
3405 5600 3537 5661 Luc.
3563 5614 3661 5664 xtl,
3685 5597 3772 5653 18.

607 5712 717 5784 (19)
746 5713 952 5774 Videsis
979 5717 1179 5776 Nicettc
1209 5720 1494 5779 Scrrarum
1529 5724 1765 5796 episcopi
1794 5724 2120 5796 prooemium
2153 5740 2184 5781 ει
2215 5725 2372 5786 nobis
2402 5726 2604 5783 editum
2631 5725 2696 5781 ad
2721 5732 2971 5780 catenam
3001 5720 3052 5774 in
3087 5717 3345 5774 Psalmos.

1735 5612 1778 5641 6°
1815 5611 1978 5666 Prov.
2013 5623 2134 5675 vm,
2162 5611 2249 5670 15.

263 5977 570 6071 μί’-’κ
