4062 6400
288 361 346 418 5⁵1
1406 359 1910 416 COMMENTARIA
1950 357 2018 415 IN
2056 360 2396 419 PSALMOS.
3471 360 3542 418 58

351 477 459 532 Του
500 474 762 548 [δικαίου]
795 477 895 548 μὲν
935 476 1025 531 διὰ
1068 476 1130 530 τδ
1180 475 1466 546 φοϐεῖσθαι
1507 477 1601 531 τὸν
1633 476 1860 549 Κύριον,

2037 475 2176 532 Justi
2202 477 2326 544 viri,
2353 485 2643 547 propterea
2671 474 2816 545 quod
2862 473 3148 530 Dominum
3189 473 3363 537 timet,
3398 472 3538 529 beati

287 569 543 640 μακάριοι
594 573 644 624 ol.
676 571 786 623 υἱοὶ
824 569 956 622 ὡσεὶ
986 569 1222 638 νεόφυτά
1264 571 1400 623 εἰσιν
1441 567 1638 622 ἐλαιῶν
1677 568 1862 641 κύκλῳ

288 663 389 731 τῆς
420 660 704 732 τραπέζης
731 659 898 714 αὑτοῦ
922 677 935 691 ’
968 660 1078 714 τῶν
1105 660 1161 713 δέ
1199 659 1493 732 ἀλλοτρίων
1541 662 1590 714 οἱ
1645 662 1750 714 υἱοὶ
1787 660 1864 725 ὠς

287 749 516 819 νεόφυτα
544 747 804 820 ἱδρυμένα
837 750 896 802 ἐν
915 751 984 820 τῇ
1010 749 1224 820 νεότητι
1257 749 1454 802 αὐτῶν.
1486 749 1739 821 Κὰκείνῳ
1766 750 1864 820 μὲν

283 842 384 896 οὐκ
410 842 517 894 εἰσὶ
555 840 886 911 θυγατέρεςο
932 840 1143 904 τούτοις
1174 841 1233 894 δέ
1277 843 1381 894 εἰσι
1413 841 1863 911 κεκαλλωπισμέ-

283 946 394 994 ναι,
437 930 978 1000 περικεκοσμημέναι
1003 931 1080 994 ὡς
1123 931 1375 1002 ὁμοίωμα
1421 930 1584 985 ναοῦ·
1629 931 1865 1002 κάκείνῳ

289 1021 388 1092 μὲν
418 1021 557 1074 εἰσὶν
592 1021 698 1073 υίοὶ
726 1019 879 1084 υἱῶν,
911 1020 1121 1084 τούτοις
1146 1020 1202 1073 δὲ
1238 1020 1393 1091 οὐχί·
1428 1020 1508 1074 ἐτι
1541 1021 1734 1092 ἐκείνῳ
1766 1020 1865 1091 μὲν

285 1109 468 1164 οὐκέτι
509 1113 733 1181 ταμεῖον
771 1110 894 1164 οὐδὲ
931 1109 1214 1182 ἀποθήκη·
1242 1110 1448 1164 τούτων
1475 1111 1532 1163 δὲ
1558 1110 1626 1164 τὰ
1667 1113 1867 1182 ταμεῖα

287 1202 472 1274 πλήρη
503 1201 906 1273 ἐξερευγόμενα
943 1204 1010 1256 ἐκ
1041 1201 1234 1255 τούτου
1265 1204 1344 1265 είς
1371 1200 1560 1255 τοῦτο’
1593 1204 1685 1255 καὶ
1726 1202 1867 1256 κατὰ

285 1295 348 1348 τὸ
387 1294 714 1363 Εὑαγγέλιον
743 1293 802 1348 δὲ
831 1297 944 1358 τοῖς
970 1294 1326 1366 τρεφομένοις
1359 1294 1465 1347 ὑπὸ
1496 1292 1589 1347 τοῦ
1616 1295 1867 1366 οὐρανίου

289 1386 505 1458 Πατρὸς
549 1389 815 1450 πετεινοῖς
863 1385 958 1439 τοῦ
992 1385 1222 1456 ούρανοῦ
1267 1386 1451 1439 ούκέτι
1495 1389 1718 1456 ταμεῖον
1749 1385 1869 1439 ούδέ

287 1479 558 1551 ἀποθήκη.
606 1479 726 1532 Υίοὶ
756 1480 804 1532 oi
839 1479 1110 1550 αἱρετικοὶ
1163 1478 1332 1548 λόγοι,
1381 1481 1475 1532 καὶ
1515 1479 1584 1532 τὰ
1625 1481 1870 1552 νοήματα

286 1571 365 1636 ὡς
397 1571 650 1640 νεόφυτα,
680 1571 769 1625 διὰ
799 1572 897 1642 τὴν
941 1571 1292 1641 καινοτομίαν
1315 1589 1328 1601 ·
1373 1571 1672 1644 θυγατέρες
1701 1574 1757 1627 αἱ
1784 1573 1872 1626 λέ-

289 1661 400 1727 ξεις
419 1679 434 1694 ’
464 1663 974 1735 κεκαλλωπισμέναι
995 1662 1053 1716 δὲ
1074 1663 1162 1716 διὰ
1184 1663 1283 1736 τὴν
1312 1663 1531 1735 φράσιν,
1561 1665 1686 1719 ναὸν
1716 1661 1870 1719 οὖσαι

285 1753 382 1808 τοῦ
416 1757 780 1827 φρονήματος.

462 1847 584 1900 οὐκ
612 1845 746 1899 ἔστι
774 1845 1133 1916 κατάπτωμα
1162 1845 1455 1916 φραγμοῦ,
1491 1864 1546 1901 κ.
1573 1863 1624 1899 τ.
1651 1845 1702 1901 λ.

359 1939 469 1994 Καὶ
503 1940 561 1992 ἐν
607 1937 688 2009 τῷ
728 1937 843 1992 Ἰὼϐ
887 1939 1133 2011 εἴρηται·
1169 1939 1273 1993 Διὰ
1315 1940 1372 1992 τί
1404 1938 1641 2004 ἀσεϐεῖς
1701 1937 1868 2003 ζῶσι,

289 2030 736 2084 πεπαλαίωνται
769 2028 838 2083 δὲ
877 2031 976 2084 καὶ
1012 2031 1082 2084 ἐν
1105 2031 1382 2098 πλούτῳ;
1414 2031 1508 2084 καὶ
1539 2029 1608 2083 τὰ
1642 2029 1867 2100 ἐφεξῆς’

289 2122 427 2194 πλὴν
453 2121 725 2195 ἐπιφέρειο
750 2125 833 2177 οὐ
848 2122 974 2192 μὴν
988 2121 1086 2177 καὶ
1118 2121 1354 2178 ἀσεϐῶν
1365 2124 1595 2192 λύχνος
1623 2121 1874 2189 068001}-

286 2229 479 2268 σεται.
513 2213 622 2266 Καὶ
655 2215 713 2266 ἐν
741 2211 1124 2284 ἑϐδομηκοστῷ
1151 2211 1386 2283 δευτέρῳ
1408 2211 1608 2282 ψαλμῷ
1629 2211 1866 2280 λέγεται·

301 2302 599 2370 Ὲζήλωσα
635 2303 736 2357 ἐπὶ
771 2303 897 2369 τοῖς
930 2304 1198 2372 ἀνόμοις,
1225 2302 1475 2372 είρήνην
1513 2301 1875 2372 ἁμαρτωλῶν

287 2393 542 2465 θεωρῶν,
573 2395 669 2448 καὶ
694 2394 764 2447 τὰ
799 2392 944 2466 ἐξῆςο
982 2386 1056 2447 ὦν
1085 2393 1180 2447 καὶ
1207 2393 1388 2446 αὐτῶν
1415 2393 1449 2464 ἡ
1481 2391 1634 2456 λύσις
1676 2392 1875 2462 ἐπάγε-

287 2503 381 2540 ται
403 2489 463 2539 ὲν
485 2485 584 2556 τῷ,
610 2485 738 2549 Πῶς
771 2486 1016 2554 ἐγένοντο
1049 2485 1127 2549 είς
1155 2485 1469 2555 ἐρήμωσιν;
1500 2483 1731 2550 ἐξάπινα
1765 2485 1874 2537 άπ-

287 2575 491 2628 ώλοντο
516 2574 602 2628 διὰ
619 2574 716 2646 τὴν
732 2572 987 2627 ἀϐουλίαν
1009 2571 1209 2636 αὐτῶν,
1232 2573 1308 2634 ὡς
1335 2570 1584 2625 ἐνύπνιον
1609 2571 1875 2641 ὲξεγειρο-

294 2661 488 2733 μένων.

238 2793 239 2796 η
819 2748 1113 2803 ΨΑΛΜΟΣ
1160 2750 1337 2802 PMA'.

359 2841 500 2897 Οὔτε
535 2842 604 2896 δι’
636 2841 866 2913 ὀργάνου
901 2839 996 2894 τοῦ
1029 2839 1366 2910 καλουμένου
1405 2839 1700 2910 ψαλτηρίου
1730 2838 1875 2894 λέλε-

292 2952 416 2988 κται
452 2933 521 2987 τὰ
554 2933 910 3005 προκείμενα,
951 2930 1076 2985 οὔτε
1117 2931 1183 2984 δι’
1228 2931 1393 3003 ᾠδῆς,
1441 2931 1563 2986 καθ’
1589 2933 1776 3003 ἕτερον
1817 2932 1875 2985 δὲ

288 3027 510 3098 τρόπον,
535 3026 777 3092 Ατνεσις
802 3024 1227 3097 ἐπιγέγραπται.

500 3120 642 3174 Καθ’
669 3117 936 3186 ἑκάστην
961 3118 1190 3189 ἡμέραν
1214 3117 1530 3188 εὐλογήσω
1563 3133 1656 3172 σε.

374 3212 541 3283 Ἀρχὴ
594 3212 726 3284 παρ’
785 3211 1057 3282 Ἑϐραίοις
1106 3211 1200 3266 τοῦ
1253 3212 1523 3285 παρόντος
1576 3211 1758 3283 στίχου
1811 3210 1873 3266 τδ

293 3303 394 3376 βήθ
421 3303 552 3373 (ΞΟ).
577 3304 830 3357 Διδάσκει
855 3303 1008 3357 δὲὸτι
1026 3305 1290 3376 προσήκει
1315 3303 1875 3376 ὦσπερόφειλὴνὲκά-

291 3412 428 3466 στης
457 3396 670 3467 ¹ἡμέρας
700 3395 778 3467 τῷ
815 3396 934 3468 Θεῷ
969 3397 1060 3450 τὸν
1101 3396 1268 3468 ὕμνον
1304 3395 1630 3450 ἀποδιδόναι.
1672 3437 1684 3449 .
1720 3397 1877 3468 μηδε-

294 3490 424 3558 μιᾶς
455 3487 668 3559 ἡμέρας
708 3486 787 3558 τῷ
824 3486 944 3558 Θεῷ
973 3486 1140 3559 ὕμνον
1186 3487 1469 3559 ὀλιγωρεῖν
1512 3487 1606 3540 καὶ
1638 3485 1874 3557 ἀπολιμ-

292 3579 554 3632 πάνεσθαι
602 3579 738 3651 (21).
770 3579 988 3650 Διανοίᾳ
1036 3580 1132 3650 μὲν
1175 3575 1267 3632 οὖν
1297 3580 1391 3632 xal.
1434 3578 1744 3650 λογισμοῖς,
1781 3579 1875 3633 καὶ

291 3671 432 3743 αὐτῇ
470 3671 564 3725 τοῦ
594 3672 653 3725 ἐν
681 3673 814 3743 ἡμῖν
844 3671 1152 3742 πνεύματος
1175 3671 1404 3742 δυνάμει
1433 3671 1595 3724 αὑτὸν
1620 3670 1712 3724 τὸν
1743 3670 1876 3724 Θεὸν

291 3763 534 3834 ὑψοῦμεν
574 3763 669 3816 καὶ
696 3761 1056 3834 εὐλογοῦμενο
1089 3763 1293 3834 χείλεσι
1323 3762 1380 3815 δέ
1405 3762 1501 3814 καὶ
1532 3760 1746 3832 θνητοῖς
1779 3761 1877 3832 ρή-

297 3871 432 3928 μασι
459 3853 554 3907 τοῦ
583 3853 716 3908 Θεοῦ
755 3854 816 3908 τὸ
853 3854 1021 3926 ὄνομα
1064 3853 1377 3925 δοξάζομενο
1419 3855 1517 3907 Ast
1563 3854 1644 3916 σὲ,
1687 3852 1872 3923 φησὶν,

294 3946 480 4016 ὑμνῶν
524 3946 779 4012 διατελῶ,
831 3948 927 4000 καὶ
982 3946 1240 4018 οὐδεμίαν
1293 3945 1522 4017 ἄμοιρον
1578 3944 1724 3998 ἐάσω
1774 3942 1876 4014 τῆς

294 4037 591 4108 ὑμνῳδίας.
617 4037 764 4091 Ἀντὶ
800 4038 856 4091 δὲ
889 4037 1006 4102 τοῦ,
1031 4039 1117 4104 εἰς
1148 4038 1255 4090 τὸν
1283 4035 1469 4090 αἰῶνα
1501 4035 1606 4090 τοῦ
1637 4034 1872 4103 αἰῶνος,

292 4129 324 4181 ὁ
349 4129 447 4198 μὲν
489 4129 721 4193 ’Δκύλας
748 4129 954 4195 εισέτι,
989 4132 1018 4183 ὁ
1045 4129 1100 4183 δὲ
1138 4129 1432 4202 Σύμμαχος
1459 4127 1750 4197 διηνεκῶς
1777 4131 1876 4201 ήρ-

298 4221 595 4293 μήνευσαν.
624 4253 696 4263 -
739 4222 1030 4276 Ἀκόλουθα
1060 4222 1115 4276 δὲ
1144 4222 1320 4277 πάντα
1359 4225 1474 4288 τοῖς
1508 4221 1838 4295 προλαϐοῦσι
1857 4238 1871 4252 °

263 4307 465 4368 είπὼν
500 4315 613 4386 γὰρ
657 4313 972 4384 εὐλογήσω
1023 4314 1122 4368 καὶ
1166 4315 1426 4383 emam,
1493 4313 1762 4368 δείκνυσιν
1799 4312 1876 4378 ὠς

293 4406 446 4460 οὐδὲν
470 4407 618 4478 αὐτῷ
653 4405 1009 4478 προστίθησιν
1035 4408 1068 4478 ἡ
1097 4407 1239 4478 παρ’
1267 4406 1427 4478 ἡμῶν
1450 4405 1725 4478 εὐφημία’
1757 4407 1878 4460 ἐαυ-

1965 565 2061 620 lilii
2095 577 2348 635 tanquam
2378 567 2601 621 novella:
2629 566 2765 620 olei:
2793 574 2922 620 sunt
2947 565 3091 620 circa
3121 579 3363 618 mensam
3396 563 3537 630 ejus.

1966 657 2074 713 Sed
2106 657 2409 712 alienorum
2442 675 2470 710 a
2501 658 2612 712 Deo
2659 656 2940 711 hominum
2989 655 3106 719 lilii,
3153 654 3380 710 novellae
3417 662 3542 707 sunt

1965 749 2331 818 plantationes
2359 747 2412 802 in
2439 747 2727 815 iuventute
2753 763 2875 802 sua.
2915 747 2980 801 Et
3003 747 3167 815 priori
3202 745 3441 814 quidem,
3475 745 3542 798 tl-

1966 838 2054 893 liae
2087 853 2192 893 non
2224 845 2382 904 sunt;
2413 838 2505 893 ‘his
2529 849 2710 891 autem
2757 839 2938 908 specie
2971 837 3195 906 pulchra
3241 845 3296 891 et
3335 845 3542 891 ornatae

1965 928 2141 982 instar
2178 926 2382 997 templi.
2415 926 2590 980 Priori
2617 933 2745 980 sunt
2795 925 2891 979 lilii
2919 926 3194 989 ﬁliorum;
3231 925 3315 980 his
3337 940 3543 994 nequa-

1966 1034 2152 1088 quam.
2173 1018 2398 1088 Insuper
2417 1018 2582 1088 priori
2617 1033 2722 1071 non
2754 1027 2838 1072 est
2865 1033 3014 1079 arcn,
3047 1032 3223 1088 neque
3252 1019 3539 1082 horreum;

1969 1110 2056 1166 his
2085 1119 2266 1164 autem
2298 1110 2668 1180 promptuaria
2697 1111 2802 1164 hac
2835 1109 2960 1164 illac
2981 1111 3328 1178 pertinentia.
3355 1107 3540 1177 Atqui,

1967 1205 2265 1258 secundum
2302 1201 2676 1272 Evangelium,
2726 1202 2849 1258 coeli
2902 1201 3214 1258 volatilibus
3263 1218 3292 1255 a
3331 1201 3541 1257 caelesti

1971 1295 2134 1350 Patre
2167 1295 2390 1351 nutritis
2445 1311 2550 1349 non
2599 1303 2683 1350 est
2733 1295 3165 1365 promptuarium
3213 1307 3388 1362 neque
3419 1293 3542 1348 hor-

1971 1403 2122 1442 reum
2148 1388 2216 1444 “.
2245 1387 2388 1451 Filii,
2418 1387 2793 1458 intelliguntur
2846 1386 3222 1440 haereticorum
3245 1397 3539 1442 sermones.

1970 1495 2274 1548 eorumque
2309 1488 2614 1534 commenta
2663 1488 2919 1547 tanquam
2984 1491 3136 1530 norm
3181 1473 3544 1542 plantationes

1970 1572 2040 1627 ob
2103 1571 2179 1626 rei
2239 1572 2558 1626 novitatem.
2616 1570 2790 1636 Filiae,
2854 1569 3229 1639 intelliguntur
3283 1566 3544 1622 vocabula

1973 1663 2196 1733 pulchra
2227 1671 2282 1719 et
2304 1673 2498 1718 ornata
2554 1662 2622 1718 ad
2675 1661 3025 1735 loquendum,
3069 1668 3124 1715 et
3166 1658 3330 1714 veluti
3377 1659 3546 1713 fastus

1976 1754 2251 1825 templum.

2177 1833 2340 1898 Vens.
2380 1844 2468 1898 Η.
2511 1843 2632 1897 Νοη
2659 1854 2732 1896 est
2761 1844 2916 1896 ruina
2944 1842 3208 1906 maceriae,
3237 1850 3342 1896 etc.

2044 1935 2100 1990 In
2129 1937 2230 1992 Joh
2262 1952 2476 2006 quoque
2502 1937 2700 1990 dicitur
2725 1955 2738 1991 :
2782 1936 2890 1990 Cur
2920 1935 3063 2003 impii
3090 1935 3284 2000 vivunt,
3315 1943 3361 1987 et
3386 1933 3441 1986 in
3466 1933 3550 1987 di-

1974 2027 2112 2081 vitiis
2135 2037 2502 2081 consenescunt
2536 2026 2618 2081 “1'
2653 2037 2709 2081 et
2741 2027 2969 2096 reliqua.
3006 2023 3394 2079 Verumtamen
3421 2025 3548 2078 sub-

1969 2115 2132 2186 jicit:
2171 2117 2401 2172 Tametsi
2426 2119 2704 2187 impiorum
2733 2118 2947 2171 lucerna
2980 2116 3343 2184 exstinguetur
3367 2113 3434 2169 ⁸⁸.
3482 2113 3550 2167 Et

1977 2210 2031 2264 in
2065 2211 2468 2281 septuagesimo
2491 2201 2730 2265 secundo
2755 2209 3003 2280 psalmo:
3042 2205 3220 2262 Zelavi
3261 2223 3417 2276 super
3440 2206 3547 2260 ini-

1974 2318 2126 2372 quos,
2155 2316 2338 2368 pacem
2364 2311 2696 2371 peccatorum
2744 2299 2921 2354 videns
2951 2299 3018 2363 θ’,
3052 2306 3106 2351 et
3134 2297 3365 2366 reliqua.
3401 2296 3549 2363 Quo-

1976 2408 2096 2448 rum
2130 2392 2329 2448 solutio
2361 2391 2706 2464 subiungitur
2744 2391 2830 2446 his
2865 2391 3088 2446 verbis:
3139 2390 3420 2457 Quomodo
3469 2404 3553 2442 re-

1975 2487 2120 2542 dacti
2151 2495 2280 2542 sunt
2309 2486 2378 2540 ad
2407 2485 2753 2540 solitudinem
2777 2484 2800 2537 ?
2845 2483 3026 2538 subito
3069 2481 3348 2550 perierunt
3373 2478 3442 2535 ob
3471 2479 3553 2533 in-

1976 2578 2436 2634 considerantiam
2511 2593 2688 2634 suam.
2748 2592 2849 2632 ceu
2912 2576 3184 2630 somnium
3244 2571 3554 2643 evigilantis

1975 2681 2161 2726 mente
2195 2670 2400 2725 deﬂuit.

2477 2759 2798 2818 PSALMUS
2836 2757 3064 2815 CXLIV.

2048 2852 2234 2922 Neque
2259 2853 2327 2908 ad
2355 2867 2618 2924 organum
2667 2868 2843 2921 neque
2899 2856 2968 2908 ad
3023 2851 3341 2923 psalterium
3377 2851 3555 2906 dictus

1976 2942 2074 2998 fuit
2103 2943 2193 2998 hic
2228 2943 2494 3013 psalmus,
2518 2958 2695 3011 neque
2733 2943 2931 2998 cantici
2969 2952 3060 2996 aut
3078 2942 3369 3012 cujuslibet
3394 2939 3553 2996 metri

1976 3049 2171 3089 nomen
2209 3035 2392 3102 habet,
2424 3033 2518 3088 sed
2550 3033 2693 3088 Laus
2725 3033 3058 3089 inscribitur.

2124 3125 2287 3182 Vens.
2319 3125 2375 3181 2.
2413 3124 2523 3181 Per
2550 3127 2782 3197 singulos
2815 3129 2926 3182 dies
2957 3126 3251 3180 benedicam
3296 3126 3412 3180 tibi.

2053 3215 2268 3271 Initium
2296 3217 2438 3286 apud
2467 3216 2727 3273 Hebraeos
2755 3216 3043 3286 prmsentis
3072 3214 3325 3271 versiculi
3355 3223 3438 3270 est
3465 3213 3556 3269 lit-

1977 3320 2090 3366 tera
2153 3310 2291 3364 beth.
2355 3309 2626 3364 Docemur
2683 3321 2908 3377 autem,
2965 3319 3219 3379 oportere
3296 3319 3554 3376 tanquam

1977 3401 2408 3470 uniuscujusque
2443 3401 2548 3455 diei
2581 3401 2846 3467 debitum,
2898 3403 3160 3472 hymnum
3203 3403 3312 3455 Deo
3353 3398 3559 3469 persol-

1975 3508 2123 3558 vere,
2155 3493 2321 3557 nullo,
2356 3493 2596 3562 inquam,
2630 3493 2716 3548 die
2741 3493 3084 3565 hymnodiam
3121 3493 3360 3547 divinam
3390 3490 3560 3562 negli-

1977 3599 2102 3656 gere
2137 3593 2227 3639 aut
2255 3585 2533 3639 omittere.
2565 3585 2632 3639 Et
2655 3595 2837 3640 mente
2881 3585 3122 3654 quidem,
3176 3593 3230 3638 et
3274 3569 3560 3651 cogitatio-

1977 3678 2162 3744 nibus,
2217 3686 2274 3731 et
2321 3677 2437 3746 ipsa
2481 3676 2710 3747 spiritus
2749 3677 2799 3732 vi
2851 3677 3018 3730 Deum
3049 3675 3359 3730 extollimus
3396 3682 3560 3744 atque

1979 3767 2308 3824 laudamus:
2340 3769 2500 3823 labiis
2529 3783 2660 3822 vero
2698 3777 2752 3823 et
2779 3767 3043 3838 perituris
3086 3766 3272 3821 verbis
3316 3764 3412 3820 Dei
3462 3778 3561 3818 no-

1980 3873 2103 3914 men
2143 3859 2536 3930 gloriﬁcamus.
2569 3859 2668 3924 Te,
2705 3858 2904 3929 inquit,
2950 3873 3170 3930 semper
3206 3857 3424 3929 hymnis
3470 3873 3560 3913 ce-

1985 3949 2162 4016 lebro,
2195 3949 2506 4022 nullamque
2555 3950 2697 4006 diem
2752 3951 2960 4022 absque
3007 3951 3296 4023 hymnodia
3343 3959 3561 4021 praeter-

1982 4041 2157 4097 mitto.
2188 4039 2307 4097 Jam
2344 4057 2441 4112 pro
2469 4042 2676 4108 verbis,
2713 4044 2767 4097 in
2805 4059 2907 4098 saec
2925 4043 3073 4097 ulum
3129 4042 3332 4107 sa'cult,
3367 4042 3559 4112 Aquila

1977 4134 2370 4204 interpretatus
2407 4142 2516 4200 est,
2545 4150 2709 4206 usque
2733 4135 2931 4201 adhuc,
2974 4135 3338 4206 Symmachus
3379 4145 3561 4188 autem

1978 4226 2324 4283 continenter.
2353 4257 2424 4268 -—
2445 4225 2652 4281 Cuncta
2685 4236 2866 4282 autem
2897 4237 3263 4282 consentanea
3298 4236 3428 4282 sunt
3456 4227 3564 4296 pri-

1975 4317 2184 4374 oribus.
2217 4315 2352 4372 Nam
2381 4332 2504 4373 cum
2563 4318 2782 4383 dixerit,
2819 4317 3054 4373 laudabo
3092 4327 3145 4374 et
3181 4318 3452 4382 exaltabo,
3487 4316 3562 4372 si-

1976 4408 2200 4480 gniﬁcat
2232 4395 2367 4464 nihil
2395 4408 2504 4465 Deo
2530 4409 2654 4464 addi
2693 4422 2725 4464 a
2774 4411 2984 4465 nostris
3025 4409 3294 4465 laudibus.
3341 4408 3563 4465 Nosmet

293 4497 424 4561 τοὺς
455 4497 513 4550 δὲ
558 4497 979 4570 λαμπρύνομεν,
1013 4493 1164 4552 αἶνον
1198 4497 1256 4550 δὲ
1295 4499 1375 4561 εις
1402 4496 1494 4549 τὸν
1531 4492 1679 4550 αἶνον
1720 4512 1871 4566 προσ‹

1984 4501 2165 4571 potius
2213 4499 2574 4566 illustramus,
2626 4502 2753 4556 dum
2795 4499 3013 4557 laudent
3064 4502 3225 4558 laude
3278 4501 3561 4558 connecti-

297 4587 537 4657 ᾴγοντες.

451 4681 558 4736 Καὶ
590 4680 665 4750 τῇ
691 4681 1047 4750 δικαιοσύνῃ
1074 4697 1190 4735 σου
1223 4679 1717 4749 ἀγαλλιάσονται.

365 4773 467 4826 Διὰ
509 4773 712 4828 τούτων
751 4773 994 4828 διδάσκει
1035 4772 1130 4826 τοῦ
1164 4771 1300 4826 Θεοῦ
1345 4771 1444 4836 τὰς
1483 4772 1705 4843 ἀρετὰς,
1754 4772 1876 4826 ὅσαι

297 4866 377 4930 είς
408 4867 556 4936 ἡμᾶς
589 4866 884 4937 διήκουσιν,
921 4867 1016 4935 ἀφ’
1050 4857 1127 4918 ὧν
1167 4865 1328 4918 αὑτὸν
1370 4865 1465 4918 καὶ
1503 4863 1874 4936 γνωρίζομεν·

296 4955 396 5020 τὰς
425 4957 534 5029 γὰρ
568 4957 706 5032 ὑπὲρ
725 4960 873 5030 ἡμᾶς
905 4956 1252 5028 ἀθεωρήτους
1275 4958 1408 5027 ἡμῖν
1433 4955 1600 5020 οὔσας
1628 4957 1722 5010 καὶ
1748 4956 1879 5010 ἀκα-

295 5046 620 5118 ταλήπτους,
645 5049 743 5120 οὐχ
770 5043 880 5102 οἷόν
911 5047 972 5101 τέ
1007 5049 1122 5100 ἐστι
1150 5047 1317 5119 θνητῇ
1349 5047 1508 5116 φύσει
1538 5047 1874 5118 περιλαϐεῖν.

311 5137 424 5190 Ἀεὶ
453 5138 512 5191 δὲ
547 5141 626 5203 είς
662 5141 810 5210 ἡμᾶς
850 5139 1150 5209 φθάνουσαι
1183 5138 1278 5191 τοῦ
1331 5138 1467 5192 Θεοῦ
1516 5138 1730 5210 ἀρεταὶ,
1783 5138 1878 5208 ἀφ’

297 5219 374 5282 ῶν
402 5229 564 5284 αὑτὸν
603 5230 966 5303 γινώσκομεν,
1002 5231 1059 5285 αἱ
1089 5231 1264 5301 φωναί
1297 5231 1438 5283 εἰσιν
1464 5226 1642 5286 αὗται.

2207 4680 2372 4736 Vens.
2407 4681 2461 4735 7.
2499 4681 2570 4736 Et
2601 4683 2813 4752 Justitia
2852 4695 2944 4738 tua
2994 4683 3346 4739 exsultabant.

2054 4773 2150 4829 His
2171 4773 2354 4828 verbis
2380 4774 2622 4830 declarat
2650 4774 2742 4831 Dei
2775 4776 3024 4842 virtutes,
3057 4783 3329 4846 quatenus
3355 4771 3422 4828 ad
3461 4788 3562 4831 nos

1984 4865 2300 4928 deveniunt,
2329 4879 2399 4920 ex
2420 4866 2620 4936 quibus
2653 4868 2902 4922 eumdem
2933 4866 3315 4936 cognoscimus
3343 4885 3358 4932 ;
3392 4867 3560 4922 virtu-

1986 4969 2089 5022 tes,
2152 4957 2395 5027 inquam,
2439 4958 2599 5014 nobis
2649 4959 2984 5028 superiores,
3036 4958 3337 5014 invisibiles
3377 4967 3434 5013 et
3471 4959 3558 5011 in-

1985 5049 2530 5120 comprehensibiles,
2603 5066 2743 5119 quas
2811 5049 3057 5106 mortalis
3124 5061 3312 5106 natura
3380 5059 3560 5104 mente

1985 5139 2272 5210 complecti
2302 5142 2511 5211 nequit.
2580 5143 2836 5198 Attamen
2899 5142 2992 5200 Dei
3043 5143 3273 5198 virtutes
3301 5151 3560 5214 perpetuo

1985 5231 2053 5286 ad
2097 5247 2198 5288 nos
2228 5233 2602 5300 decurrentes,
2645 5250 2712 5289 ex
2746 5237 2950 5308 quibus
2995 5251 3119 5294 eum
3163 5236 3558 5308 cognouimus,

1986 5324 2066 5378 hac
2097 5324 2318 5380 totidem
2348 5339 2512 5381 voces
2539 5337 2686 5382 sunt.

374 5546 418 5577 “
451 5544 641 5601 Matth.
679 5561 750 5607 vr,
784 5546 871 5600 26.
950 5546 994 5577 ⁸⁸
1022 5544 1124 5601 Job
1151 5561 1260 5608 xxi,
1288 5543 1338 5598 7.
1415 5546 1460 5577 “
1488 5545 1617 5600 ibid.
1653 5545 1735 5598 l7.
1814 5546 1856 5577 ⁸⁷

1974 5547 2061 5602 sal.
2114 5563 2280 5614 Lxxu,
2317 5549 2372 5603 5.

377 5730 490 5791 (‘20)
526 5729 729 5800 Nempe
757 5721 1008 5794 uni-'93:.
1042 5733 1095 5786 in
1120 5733 1259 5786 omni
1281 5734 1384 5787 die.

379 5801 487 5871 (ει)
516 5801 901 5872 Observcmus,
942 5813 1074 5860 lt:le
1108 5803 1361 5873 Eusebio,
1411 5803 1719 5877 hymuodic
1741 5804 2069 5875 quotidianae
2100 5802 2154 5860 in
2185 5803 2432 5863 Ecclesia.
2458 5803 2928 5864 consuetudinem.
