4062 6400
541 332 610 388 59

649 450 814 505 Vens.
843 448 898 504 8.
929 447 1217 503 Miserator
1243 459 1292 502 et
1319 448 1616 502 misericors
1647 449 1932 515 Dominus,
1960 456 2018 504 et

1214 518 1443 588 reliqua.

610 612 747 668 Cum
781 611 914 667 nihil
942 625 1038 666 nos
1062 624 1325 674 essemus,
1354 621 1533 680 neque
1564 610 1743 665 adhuc
1764 609 2114 674 exsistentes,

542 704 596 758 in
629 703 805 757 lucem
835 700 1085 771 protulit.
1120 700 1325 755 Deinde
1355 715 1525 770 prava
1561 701 1732 756 multa
1764 709 2014 772 agentes,
2061 710 2118 756 et

539 795 776 865 superbo
800 802 1112 862 contemptu
1138 793 1404 860 viventes,
1439 810 1546 848 non
1570 809 1669 864 pro
1699 793 1906 849 meritis
1930 807 2118 863 perse-

538 886 746 956 quitur,
792 885 885 942 sed
921 885 1236 950 miseretur,
1264 885 1468 955 diuque
1511 902 1610 942 nos
1651 895 1814 941 vocat
1847 885 1912 940 ad
1943 885 2117 955 poeni-

541 977 784 1042 tentiam,
818 976 944 1045 quia
975 985 1207 1030 mortem
1236 977 1544 1046 peccatoris
1571 992 1676 1032 non
1709 977 1847 1043 vult,
1877 979 1971 1033 sed
2002 995 2116 1034 ma-

537 1067 621 1136 gis
643 1067 760 1138 ejus
787 1067 1192 1136 paenitentiam.
1245 1065 1430 1137 Neque
1465 1068 1540 1122 ita
1568 1084 1697 1140 erga
1745 1085 1873 1125 suos
1905 1079 2112 1125 tantum

538 1173 597 1211 se
618 1159 778 1228 gerit,
807 1159 903 1214 sed
937 1174 1068 1229 erga
1097 1173 1288 1214 omnes
1315 1159 1539 1214 omnino
1564 1177 1579 1223 ;
1607 1168 1692 1214 est
1720 1160 1866 1215 enim
1901 1160 2114 1216 cunctis
2149 1157 2152 1160 ’

535 1249 820 1320 benignus.

569 1426 736 1483 Vnus.
770 1428 824 1484 9.
858 1427 927 1482 Et
960 1430 1343 1552 miserationesd
1356 1431 1474 1498 ejus
1506 1445 1662 1500 super
1706 1428 1884 1482 omnia
1915 1445 2074 1497 opera

1192 1516 1306 1552 eius
1349 1515 1452 1552 em.

1192 1515 1452 1566 ejusdem.

602 1586 872 1654 Quoniam
921 1587 1301 1644 miserationes
1353 1589 1472 1660 ejus
1529 1589 1747 1644 cunctis
1814 1591 2110 1660 prmvalent

529 1677 775 1746 ejusdem
803 1680 1081 1748 operibus,
1117 1689 1518 1750 consequenter
1563 1680 1766 1736 dictum
1814 1691 1933 1736 est:
1965 1681 2107 1737 Con-

1216 328 1484 386 EUSEBII
1522 325 2008 382 CESABIENSIS
2044 327 2197 384 OPP.
2241 324 2418 382 PARS
2456 325 2546 382 ΙΙΙ.
2574 359 2642 368 -
2683 326 3096 384 EXEGETICA.

2145 449 2190 506 Α
2213 447 2542 518 Οικτίρμων
2566 447 2664 502 καὶ
2687 447 2960 516 ἐλεήμων
2981 451 3014 502 ό
3037 448 3272 516 Κύριος,
3297 449 3392 502 καὶ
3411 448 3480 502 τὰ
3510 448 3822 507 ἀκόλουθα.⁴

3737 337 3812 386 ω

2288 601 2378 672 Μὴ
2406 600 2516 670 γὰρ
2557 600 2718 664 ὄντας
2744 602 2918 671 ἡμᾶς,
2946 601 3080 673 μηδὲ
3111 602 3449 669 ὑφεστῶτας,
3477 607 3807 679 παρήγαγεν

2215 692 2296 756 εἰς
2326 690 2442 760 φῶς
2461 708 2474 722 ο
2517 687 2638 747 εῐτα
2665 691 2836 746 πολλὰ
2868 693 3111 764 δρῶντας
3151 695 3300 748 κακά
3331 696 3424 750 καὶ
3456 714 3810 768 καταφρονη-

2213 783 2382 848 τικῶς
2430 784 2652 855 ἔχοντας
2707 786 2904 849 αὐτοὺς
2952 787 3014 839 οὐ
3071 786 3390 858 μετέρχεται
3439 792 3560 842 κατ’
3601 789 3764 854 ἀξίαν
3787 809 3805 823 ο

2213 875 2305 946 ὲμ.
2336 913 2352 930 .
2379 875 2436 929 δὲ
2463 877 2620 940 ἐλεεῖ,
2649 875 2786 930 ἀλλά
2817 879 2912 932 καὶ
2949 878 3293 949 μακροθυμεῖ
3319 879 3808 950 προσκαλούμενος

2212 965 2362 1036 ἡμᾶς
2390 968 2472 1030 είς
2508 966 2819 1038 μετάνοιαν,
2855 965 2944 1020 διά
2976 967 3037 1020 τὸ
3075 967 3148 1039 μὴ
3192 967 3475 1037 βούλεσθαι
3503 969 3594 1024 τὸν
3633 971 3811 1027 θάναέ

2212 1074 2302 1110 τον
2349 1058 2444 1112 τοῦ
2490 1058 2838 1130 ἀμαρτωλοῦ,
2887 1059 2964 1123 ὡς
3004 1059 3102 1132 τὴν
3151 1061 3440 1131 μετάνοιαν
3488 1062 3684 1116 αὑτοῦ·
3735 1066 3806 1120 οὐ

2215 1145 2372 1216 μόνον
2409 1146 2466 1200 δὲ
2510 1146 2638 1219 περὶ
2686 1147 2812 1210 τοὺς
2844 1147 3079 1212 οἰκείους
3120 1148 3278 1202 τοῦτὸ
3321 1151 3504 1214 ἐστιν,
3535 1151 3672 1207 ἀλλά
3700 1154 3808 1206 καὶ

2212 1237 2341 1308 περὶ
2390 1238 2599 1301 πάντας
2655 1238 3025 1304 ἁπαξαπλῶς,
3085 1239 3208 1294 ἐπεὶ
3256 1240 3351 1293 καὶ
3395 1243 3630 1313 χρηστός
3676 1245 3806 1296 ἐστι

2210 1329 2324 1392 τοῖς
2359 1327 2657 1400 σύμπασιν.

2210 1419 2320 1474 Καὶ
2354 1422 2410 1474 ol
2438 1421 2725 1492 οἰκτιρμοί
2757 1421 2942 1476 αὐτοῦ
2967 1420 3064 1474 ἐπὶ
3094 1422 3291 1476 πάντα
3319 1420 3393 1476 τὰ
3417 1421 3561 1494 ἔργα
3581 1426 3802 1480 αὑτοῦ.

2294 1595 2515 1668 Ἐπειδὴ
2553 1597 2602 1650 oi
2647 1597 2923 1670 οἱκτιρμοὶ
2967 1595 3132 1651 αὐτοῦ
3179 1597 3272 1651 ἐπὶ
3315 1597 3493 1652 πάντα
3543 1598 3609 1653 τὰ
3654 1599 3804 1671 ἔργα

2209 1687 2398 1747 αὐτοῦ.
2435 1689 2747 1754 ἀκολούθως
2773 1691 3056 1745 λέλεκται’
3098 1691 3805 1762 Ἐξομολογησάσθωσὰν

529 1772 788 1839 ﬁteantur
819 1772 913 1824 tibi
942 1772 1000 1826 in
1024 1773 1201 1825 omnia
1231 1789 1389 1842 opera
1430 1782 1542 1826 tua.
1599 1773 1916 1845 Debeturoei
1954 1774 2101 1829 insu-

2208 1792 2308 1832 σοι
2340 1778 2540 1833 πάντα
2580 1781 2653 1834 τὰ
2690 1780 2834 1850 ἔργα
2879 1795 3028 1834 σου·
3076 1781 3491 1851 προσοφείλεται
3535 1783 3682 1852 αὐτῷ
3713 1783 3802 1844 ὡς

530 1875 652 1932 per,
677 1871 737 1916 ut
765 1862 894 1932 ipsa:
918 1878 1039 1932 qua:
1068 1862 1338 1917 inanimes
1373 1862 1757 1919 existimantur
1815 1873 2101 1931 creaturaa,

526 1967 664 2008 voce
689 1955 1076 2023 propemodum
1107 1955 1304 2010 emissa
1339 1955 1544 2024 gratias
1577 1956 1624 2009 ei
1666 1967 1855 2027 agant,
1886 1967 1940 2010 et
1969 1973 2100 2011 con-

527 2042 789 2098 titeantur
816 2045 1053 2099 creatori
1105 2060 1230 2100 suo.
1277 2043 1580 2116 Participat
1605 2047 1749 2100 enim
1780 2046 2102 2114 sapientiam

523 2132 644 2201 ejus
669 2151 1007 2206 unaquaeque
1027 2137 1096 2192 ab
1115 2151 1182 2192 eo
1213 2136 1364 2191 varie
1387 2146 1704 2192 constructa
1739 2147 2017 2202 creatura,
2050 2148 2104 2193 et

523 2226 636 2279 vim
668 2227 967 2284 creationis
1004 2227 1243 2284 mirabili
1283 2229 1517 2284 artiﬁcio
1545 2229 1729 2284 sentit.
1778 2229 2104 2299 Specialiter

522 2329 654 2371 vero
683 2317 1065 2389 praecipueque
1095 2318 1268 2374 sancti
1303 2319 1422 2390 ejus
1454 2319 1712 2390 majorem
1767 2319 1942 2376 laudis
1987 2335 2104 2390 par-

525 2417 632 2463 tem
663 2410 971 2466 retribuunt
997 2427 1014 2466 :
1045 2426 1171 2466 nam
1197 2411 1264 2466 iis
1298 2427 1418 2481 qua:
1441 2413 1684 2482 cogitant
1721 2422 1888 2483 atque
1911 2421 2098 2482 agunt,

521 2512 746 2568 regnum
774 2501 892 2568 ejus
917 2503 1240 2572 praedicant,
1276 2503 1330 2558 in
1380 2515 1726 2561 antecessum
1778 2505 1831 2559 id
1873 2505 2101 2559 manife-

521 2599 753 2656 stantes,
781 2601 839 2646 ut
875 2601 1136 2663 tanquam
1165 2595 1214 2650 ei
1252 2596 1571 2660 militantes,
1604 2596 1776 2664 gloria
1804 2596 1913 2651 sint
1946 2597 2098 2666 regni

519 2682 658 2750 ejus.
697 2683 1084 2741 Praedicabunt
1134 2688 1263 2742 item
1312 2689 1727 2743 connaturalem
1773 2705 1941 2761 regno
1980 2691 2098 2759 ejus

515 2773 881 2841 dominatum,
908 2785 963 2832 et
988 2779 1135 2847 quod
1187 2795 1527 2850 unaquaeque
1557 2791 1809 2835 creatura
1847 2782 2099 2840 ordinate

515 2865 566 2918 ei
603 2866 813 2921 subest.
850 2867 981 2923 Cum
1025 2870 1137 2924 sint
1187 2869 1434 2926 benevoli
1487 2871 1540 2926 hi
1575 2872 1666 2941 qui
1701 2873 1872 2943 gratia
1905 2883 1991 2929 tua
2029 2875 2098 2930 ad

518 2966 571 3011 te
602 2972 700 3026 per
722 2960 1070 3015 sanctitatem
1097 2962 1347 3018 conversi
1380 2971 1527 3029 sunt,
1562 2963 1704 3018 bona
1739 2980 1837 3019 sua
1867 2966 1988 3021 sine
2017 2966 2094 3020 in-

514 3046 662 3101 vidia
705 3052 1114 3106 communicant
1167 3067 1266 3122 per
1321 3055 1696 3125 magisterium
1748 3055 1874 3112 ﬁliis
1919 3057 2094 3113 bomi-

2207 1868 2304 1923 καὶ
2331 1869 2471 1922 αὐτὰ
2493 1870 2560 1923 τά
2589 1869 2922 1942 νομιζόμενα
2951 1867 3092 1924 εἶναι
3117 1871 3320 1942 ἀψυχα,
3359 1872 3541 1945 φωνὴν
3563 1873 3799 1942 ἀφιέντα

2209 1963 2491 2033 μονονουχὶ
2534 1963 2878 2033 εὐχαριστεῖν
2928 1964 3022 2018 καὶ
3067 1963 3502 2036 ἐξομολογεῖσθαι
3544 1965 3619 2036 τῷ
3667 1983 3796 2027 ποιτ

2205 2052 2398 2123 ήσαντι
2431 2053 2592 2108 αὑτά.
2619 2055 2855 2126 Μετέχει
2887 2055 2998 2127 γὰρ
3023 2055 3122 2125 τῆς
3148 2055 3314 2112 αὐτοῦ
3346 2057 3536 2126 σοφίας
3563 2059 3795 2111 ἕκαστον

2203 2145 2369 2198 αὑτοῦ
2413 2146 2522 2199 τῶν
2571 2147 2749 2220 ἔργων
2800 2149 3063 2214 ποικίλως
3113 2152 3652 2221 κατεσκευασμένον,
3694 2156 3794 2207 καὶ

2203 2237 2493 2305 πανσότρως
2561 2241 2785 2311 μετέχον
2855 2240 2957 2311 τῆς
3013 2241 3414 2314 δημιουργικῆς
3469 2244 3789 2314 δυνάμεωςο

2202 2328 2600 2400 ἀφωρισμένως
2657 2332 2716 2386 δὲ
2760 2331 2853 2386 καὶ
2907 2333 3203 2406 ἐξαιρέτως
3236 2338 3284 2389 oi
3331 2337 3469 2390 ὅσιοι
3518 2339 3682 2391 αὐτοῦ
3724 2340 3794 2393 τὸ

2205 2421 2389 2492 μεῖζον
2429 2422 2529 2492 τῆς
2577 2422 3017 2498 ὲξομολογήσεως
3067 2428 3376 2482 ἀποδιδόασι
3400 2446 3414 2460 °
3463 2431 3530 2484 δι’
3561 2424 3634 2484 ὧν
3677 2433 3790 2504 γὰρ

2202 2514 2459 2586 φρονοῦσι
2507 2517 2600 2570 καὶ⁵
2637 2517 2954 2588 πράττουσι,
2983 2518 3082 2591 τὴν
3109 2519 3384 2590 βασιλείαν
3424 2523 3588 2576 αὑτοῦ
3635 2525 3791 2595 ἐροῦ-

2202 2625 2307 2672 σιν,
2339 2608 2729 2678 ἐμφανίζοντες
2765 2613 3196 2682 προγευστικῶς,
3231 2613 3306 2678 ὠς
3343 2615 3492 2686 αὐτῷ
3529 2634 3787 2688 στρατευ-

2201 2702 2426 2772 σάμενοι
2456 2700 2615 2766 δόξαν
2644 2698 2783 2757 εἶναι
2817 2704 2916 2774 τῆς
2955 2704 3236 2775 βασιλείας
3263 2705 3429 2761 αὐτοῦ
3451 2724 3464 2738 °
3492 2708 3788 2779 λαλήσουσι

2197 2793 2255 2847 δὲ
2299 2793 2393 2847 καὶ
2436 2795 2659 2866 συμφυῆ
2697 2795 3016 2852 δυναστείαν
3048 2801 3114 2870 τῇ
3152 2798 3424 2872 βασιλείᾳ,
3473 2802 3548 2866 ὡς
3577 2803 3788 2857 ἕκαστα

2195 2881 2304 2936 τῶν
2329 2883 2641 2954 κτισμάτων
2672 2885 2986 2956 τεταμένως
3023 2887 3173 2958 αὐτῷ
3204 2888 3570 2944 ὑποτέτακται
3588 2908 3600 2921 ·
3629 2893 3788 2958 ὅντες

2198 2973 2569 3047 φιλάνθρωποι
2597 2976 2644 3028 οἱ
2675 2976 2777 3046 τῆς
2809 2977 2948 3048 πρὸς
2975 2977 3036 3032 σὲ
3065 2981 3161 3033 καὶ
3193 2980 3344 3051 παρὰ
3371 2980 3466 3035 σοῦ
3505 2983 3785 3053 ὁσιότητος

2199 3065 2673 3137 μεταποιούμενοι,
2714 3066 2965 3137 ἀφθόνως
3001 3063 3076 3123 ὧν
3107 3069 3264 3142 ἔσχον
3293 3071 3515 3140 ἀγαθῶν
3561 3075 3783 3144 μεταδι-

515 3151 669 3194 num.
726 3137 928 3195 Rerum
987 3145 1386 3210 tantummodo,
1429 3161 1550 3216 qua:
1597 3146 1892 3202 humanam
1923 3149 2091 3204 vitam

2198 3158 2347 3213 δόασι
2395 3161 2508 3222 τοῖς
2551 3158 2661 3213 τῶν
2694 3158 3000 3231 ἀνθρώπων
3043 3137 3633 3229 υἱοῖςνδιδασκαλικῶςο
3685 3165 3787 3236 μό-

513 3230 808 3293 excedunt,
837 3233 1102 3303 magister
1143 3243 1310 3305 atque
1342 3245 1658 3292 antecessor
1686 3236 1939 3294 Christus
1970 3248 2094 3305 est;

515 3335 641 3375 cum
674 3320 709 3375 ii
741 3322 836 3392 qui
868 3325 1047 3379 adhuc
1074 3325 1170 3380 lilii
1203 3327 1482 3382 hominum
1511 3338 1689 3394 erant,
1737 3331 1980 3398 magistri
2008 3345 2096 3386 es-

511 3421 633 3466 sent
661 3411 840 3470 eﬂecti
884 3416 952 3472 ab
980 3417 1048 3472 iis
1087 3433 1228 3488 quos
1277 3419 1396 3490 ipse
1445 3418 1705 3476 Christus
1751 3425 2088 3477 erudiverat.

509 3501 711 3560 Paulus
739 3505 909 3578 igitur
942 3522 1048 3563 non
1100 3509 1166 3564 ab
1192 3510 1527 3578 hominibus,
1565 3522 1661 3566 aut
1689 3528 1787 3580 per
1816 3514 2089 3580 homines,

507 3594 604 3649 sed
632 3611 662 3649 a
691 3597 1030 3656 revelatione
1059 3599 1188 3656 Jesu
1217 3601 1420 3658 Christi
1455 3614 1682 3676 accepto
1710 3605 2083 3677 Evangelio",

509 3685 672 3756 idque
706 3687 953 3758 edoctus,
1011 3693 1256 3761 gentium
1310 3694 1504 3750 doctor
1531 3695 1586 3750 in
1617 3694 1722 3751 [ide
1769 3711 1835 3752 ac
1863 3697 2089 3753 veritate

506 3779 698 3835 evasit.
730 3780 870 3848 Quin
897 3783 1034 3838 adeo
1071 3781 1336 3845 Servator
1379 3785 1497 3856 ipsc
1543 3786 1693 3842 misit
1716 3789 1988 3858 apostolos
2019 3791 2085 3846 ad

505 3869 781 3928 docendas
832 3886 1056 3944 gentes;
1110 3890 1250 3946 quos
1296 3886 1460 3931 antea
1511 3889 1799 3934 monuerat
1827 3894 1896 3936 ne
1921 3896 2083 3950 quem

506 3961 829 4033 magistrum
885 3965 939 4019 in
985 3974 1131 4020 terra
1169 3966 1530 4036 appellarent.
1576 3969 1708 4036 Quae
1749 3985 1878 4042 ergo
1922 3973 1991 4028 ab
2019 3989 2084 4030 eo

505 4053 687 4106 sancti
719 4053 956 4119 discunt,
992 4055 1107 4110 haec
1137 4055 1265 4111 liliis
1295 4056 1581 4113 hominum
1616 4061 1923 4118 notiticant.

2191 3267 2298 3303 νων
2326 3249 2436 3322 γὰρ
2467 3249 2576 3304 τῶν
2620 3251 2717 3321 τὴν
2750 3251 3097 3324 ἀνθρωπίνην
3131 3253 3276 3326 ζωὴν
3305 3255 3788 3330 ὑπεραναὸεϐηκὸη

2190 3359 2298 3395 των
2339 3341 2660 3406 διδάσκαλος
2701 3342 2794 3396 καὶ
2829 3343 3147 3418 καθηγητὴς
3187 3349 3217 3401 6
3260 3348 3514 3420 Χριστὸς,
3555 3349 3664 3403 τῶν
3697 3351 3784 3404 ἔτι

2189 3431 2565 3502 τυγχανόντων
2602 3432 2736 3486 υἱῶν
2772 3433 3076 3506 ἀνθρώπων
3106 3436 3442 3493 διδασκάλων
3476 3440 3782 3512 γινομένων

2191 3521 2296 3575 ὑπὸ
2323 3523 2435 3577 τῶν
2467 3523 2572 3577 ὑπὸ
2609 3524 2849 3595 Χριστοῦ
2878 3527 3326 3600 πεπαιδευμένων
3345 3547 3359 3561 ·
3403 3531 3615 3596 Παῦλος
3644 3534 3782 3602 γοῦν

2190 3618 2220 3671 6
2251 3615 2326 3688 μὴ
2359 3616 2512 3687 παρὰ
2538 3616 2840 3688 ἀνθρώπων
2858 3618 3006 3689 ,ἤδι’
3031 3618 3355 3691 ἀνθρώπων,
3382 3623 3521 3677 ἀλλά
3544 3624 3610 3678 δι’
3639 3629 3776 3680 ἀπο-

2191 3705 2477 3776 καλύψεως
2505 3706 2679 3777 Ἰησοῦ
2700 3707 2937 3780 Χριστοῦ
2961 3726 3038 3762 πα
3047 3709 3295 3782 ραλαῦὼν
3316 3713 3406 3766 καὶ
3425 3714 3695 3787 διδαχθεὶς
3715 3720 3782 3771 τὸ

2192 3795 2542 3866 Εὑαγγέλιον,
2566 3796 2886 3864 διδάσκαλος
2907 3799 3076 3854 ὲθνῶν
3102 3803 3160 3855 ὲν
3183 3803 3362 3857 πίστει
3399 3807 3494 3860 καὶ
3513 3807 3740 3882 ἀληθείᾳ
3758 3830 3773 3842 ·

2191 3885 2382 3956 ἀμέλει
2411 3886 2542 3956 γοῦν
2583 3888 2679 3943 καὶ
2711 3889 2875 3952 αὐτὸς
2905 3892 2935 3944 6
2961 3893 3154 3965 Σωτὴρ
3179 3895 3453 3966 ἐκπέμπει
3485 3899 3610 3963 τοὺς
3644 3901 3785 3954 ἀποο

2192 3977 2412 4043 στόλους
2441 3979 2533 4032 ἐπὶ
2559 3980 2638 4051 τῷ
2671 3981 3012 4053 μαθητεῦσαι
3036 3985 3212 4039 πάντα
3239 3986 3311 4040 τὰ
3338 3987 3486 4060 ἔθνη,
3510 3992 3780 4064 πρότερον

2189 4069 2483 4135 παιδεύσας
2505 4072 2704 4138 αὐτοὺς
2729 4073 2804 4146 μὴ
2828 4075 3013 4131 καλεῖν
3046 4076 3367 4132 διδάσκαλον
3393 4082 3489 4136 ἐπὶ
3513 4084 3614 4155 τῆς
3636 4086 3774 4158 γῆς·

502 4139 540 4195 ἃ
567 4141 746 4197 τοίνυν
769 4147 899 4218 παρ’
922 4147 1088 4202 αὐτοῦ
1122 4149 1484 4221 μανθάνουσιν
1523 4153 1574 4206 οἱ
1611 4154 1768 4222 ὅσιοι,
1797 4157 2119 4230 γνωρίζουσι
2138 4162 2252 4226 τοῖς
2285 4161 2393 4216 τῶν
2422 4139 2907 4236 ἀνθρώταον-υῖοῖς.

575 4257 744 4316 Vens.
781 4261 870 4317 M.
909 4261 1112 4320 Fidelis
1151 4264 1414 4322 Dominus
1444 4269 1498 4324 in
1520 4273 1852 4327 sermonibus
1875 4279 2007 4332 suis.

573 4371 777 4430 Fidelis
822 4374 988 4440 Deus,
1026 4393 1132 4434 non
1180 4382 1334 4451 quasi
1374 4383 1535 4439 (idem
1581 4386 1939 4456 participans,
1983 4389 2076 4442 sed

2386 4279 2606 4343 Πιστὸς
2633 4281 2849 4350 Κύριος
2876 4283 2947 4336 ἐν
2969 4283 3095 4352 τοῖς
3121 4288 3328 4357 λόγοις
3358 4290 3564 4346 αὑτοῦ.

2256 4387 2453 4452 Πιστὸς
2488 4388 2544 4442 δὲ
2577 4391 2606 4443 6
2642 4390 2776 4455 Θεὸς
2817 4393 2918 4464 οὐχ
2954 4394 3031 4458 ὡς
3072 4396 3316 4467 μετέχων
3351 4400 3618 4465 πίστεως,
3652 4400 3774 4454 ἀλλ’

498 4465 628 4536 quia
685 4465 792 4563 lide
847 4467 1044 4538 dignus
1090 4472 1315 4529 dicitur.
1368 4476 1574 4532 Cuncta
1599 4479 1744 4533 enim
1771 4493 1892 4548 quae
1917 4480 2074 4545 dicit,

2198 4477 2254 4541 ὓς
2286 4477 2598 4545 ἀξιόπιστος
2633 4482 2880 4554 εἴρηται*
2912 4465 3090 4540 πάντα
3135 4465 3244 4562 γὰρ
3279 4490 3317 4545 ἃ
3355 4492 3502 4562 λέγει
3533 4495 3763 4563 γίνεται’

497 4566 656 4624 nunt,
681 4555 838 4626 juxta
866 4559 1000 4615 illud
1034 4579 1049 4616 :
1092 4561 1217 4633 Ipse
1246 4565 1418 4622 dixit:
1449 4565 1641 4623 Nonne
1668 4569 1851 4638 faciet,
1879 4581 1928 4623 et
1969 4587 2075 4625 non

497 4651 730 4704 manebit
768 4651 855 4706 "1’
883 4653 1107 4724 Insuper
1149 4656 1323 4712 illud:
1366 4658 1568 4715 Caelum
1630 4670 1679 4715 et
1722 4673 1863 4716 terra
1897 4672 2076 4717 trans-

2179 4571 2321 4625 κατά
2349 4571 2430 4638 τὸ,
2464 4572 2657 4642 Αὐτὸς
2686 4572 2876 4630 εἷπεν-⁸
2908 4578 3055 4647 Οὐχὶ
3091 4581 3331 4646 ποιήσει
3366 4585 3464 4638 καὶ
3497 4585 3632 4655 οὐχὶ
3665 4588 3768 4657 ἐμ-

2171 4665 2373 4734 μενεῐ;
2395 4665 2545 4735 λέγει
2566 4668 2624 4722 δὲ
2657 4671 2753 4724 καὶ
2783 4671 2865 4724 τόο
2904 4671 2968 4726 '0
2997 4674 3254 4742 οὐρανὸς
3287 4676 3386 4730 καὶ
3419 4678 3458 4745 ἠ
3501 4677 3578 4747 γῆ
3616 4695 3765 4750 παρ-

497 4739 668 4807 ibunt,
687 4758 951 4798 sermones
979 4757 1157 4801 autem
1184 4747 1282 4802 mei
1305 4765 1409 4803 non
1431 4751 1858 4818 prwteribunt".
1887 4752 2074 4809 Jusws

2198 4758 2516 4826 ιλεύσεται,
2564 4764 2621 4815 oi
2671 4761 2741 4816 δὲ
2772 4765 2943 4835 λόγοι
2975 4739 3097 4835 μοι)
3139 4739 3241 4820 οὺ⁷
3257 4769 3344 4838 μὴ
3393 4739 3755 4839 παρέλθωσι.

497 4829 626 4884 item
659 4841 764 4899 est,
806 4847 1073 4905 quatenus
1104 4839 1418 4910 impertitur
1462 4845 1730 4899 creaturis
1774 4845 1888 4900 suis
1911 4845 2074 4916 justi-

2198 4849 2287 4902 {ai
2329 4850 2474 4915 ὅσιος
2511 4850 2589 4917 δὲ,
2624 4852 2702 4918 ὡς
2755 4829 3034 4927 ὁσιότητος
3075 4829 3391 4928 μεταδίδοῦς
3429 4829 3541 4922 τοῖς
3578 4863 3760 4935 ἔργοις

497 4923 669 4977 tiam:
719 4925 881 4981 sicuti
920 4929 1088 4984 etiam
1136 4941 1360 4986 sanctus
1395 4931 1449 4986 in
1485 4931 1572 4999 iis,
1603 4935 1694 5004 qui
1725 4938 2071 4994 sanctitatem

2198 4939 2368 4994 ιὺτοῦ·
2403 4941 2595 5016 ὥσπερ
2627 4944 2724 4999 καὶ
2757 4946 2911 5015 ἅγιος
2929 4923 2998 5001 -ὲν
3020 4923 3133 5014 τοῖς
3167 4951 3454 5022 μετέχουσι
3485 4955 3586 5026 τῆς
3610 4923 3759 5024 and;

493 5012 617 5082 ejus
636 5015 987 5086 participant.
1030 5021 1270 5090 Denique
1312 5023 1579 5093 sapientia
1623 5026 1881 5084 Servator
1905 5039 1990 5085 est
2019 5030 2070 5085 in

2198 5045 2340 5099 τητος
2380 5012 2579 5087 αὐτοῦλ
2617 5035 2711 5088 καὶ
2741 5012 2904 5106 σοφία
2929 5037 3079 5091 ἐστὶν
3109 5012 3138 5091 6
3167 5012 3362 5114 imi};
3398 5044 3456 5097 ἐν
3493 5012 3607 5110 τοῖς
3639 5012 3756 5100 κατ’

494 5110 586 5166 Ιιο,
612 5107 705 5176 qui
735 5107 913 5163 instar
935 5108 1050 5178 ejus
1075 5113 1348 5182 sapientes
1376 5127 1519 5175 sunt.

2198 5122 2339 5176 ιύτὸν
2371 5128 2574 5194 σοφοῖς.

494 5192 659 5251 Vsns.
697 5197 787 5254 15.
828 5198 908 5255 Tu
931 5201 1028 5256 das
1051 5218 1222 5257 escam
1247 5205 1462 5261 illorum
1495 5219 1726 5279 tempore
1749 5219 2064 5279 opportuno.

2281 5215 2366 5269 Σὺ
2401 5192 2580 5284 δέδως
2619 5217 2732 5288 τὴν
2765 5221 2998 5292 τροφὴν
3027 5224 3226 5278 αὐτῶν
3253 5225 3323 5280 ἐν
3357 5229 3644 5297 εὐκαιρίᾳ.

568 5286 659 5342 Ait
682 5289 848 5344 etiam
877 5291 1145 5349 Eusebius
1170 5295 1338 5350 Deum
1366 5313 1475 5354 non
1495 5307 1710 5354 tantum
1738 5315 1862 5356 esse
1887 5301 2070 5371 lapso-

2243 5306 2380 5376 Φησὶ
2426 5308 2484 5361 δὲ
2513 5311 2608 5363 καὶ
2643 5286 2955 5378 δἘὺᾶέδὶοξ
2996 5315 3130 5386 (22),
3161 5315 3237 5380 ὡς
3272 5318 3334 5371 οὐ
3375 5286 3540 5390 μόνον
3570 5286 3755 5392 ἰατρός

494 5389 617 5430 rum
662 5381 933 5438 medicum
977 5394 1035 5441 et
1081 5387 1485 5445 confractorum
1523 5401 1863 5462 sanatorem,
1890 5399 1984 5450 sed
2015 5405 2070 5450 et

2198 5415 2322 5452 ,στιν
2350 5402 2378 5454 6
2407 5401 2540 5466 Θεὸς
2577 5402 2686 5458 τῶν
2717 5407 3107 5474 πεπτωκότων,
3142 5411 3237 5464 καὶ
3271 5410 3616 5484 θεραπευτὴς
3643 5412 3754 5466 τῶν

599 5560 646 5592 ⁸⁸
668 5561 788 5620 Gal.
822 5580 864 5630 ι,
909 5567 962 5622 1.
1035 5566 1244 5625 “Nam.
1286 5588 1444 5639 um,
1478 5573 1564 5629 i9.
1631 5575 1679 5607 ⁷⁸
1728 5574 1862 5634 Luc.
1914 5593 2033 5644 nt,
2074 5580 2164 5636 55.

565 5697 944 5791 Qiij‘usebii
985 5720 1182 5786 nomen
1217 5708 1267 5762 in
1295 5708 1774 5791 .codicihusquos
1811 5715 2063 5791 adhibui-
2173 5731 2294 5785 qua:
2319 5717 2588 5791 edidimus
2609 5719 3063 5791 fragmentorum.
3092 5722 3205 5780 lloc
3266 5734 3447 5780 tamen
3489 5727 3606 5783 loco
3647 5743 3725 5785 att

497 5784 615 5825 mus
655 5781 970 5830 constanter
1021 5777 1074 5831 in
1134 5779 1474 5850 marginibus
1519 5777 1779 5840 scribitur
1827 5787 2067 5842 omnium
2177 5777 2296 5844 étor
2321 5785 2539 5845 Catena:
2566 5777 2768 5848 codicis
2802 5792 2842 5849 C
2868 5793 3035 5848 etiam
3067 5777 3124 5851 in
3147 5777 3638 5866 'cbniémi'idédn.
