4062 6400
266 347 331 404 6i
1388 356 1887 419 COMMENTARIA
1926 365 1991 421 ΙΝ
2021 369 2366 431 PSALMOS.
3391 316 3414 336 '
3460 388 3524 444 62

223 545 227 550 ⁸
268 468 750 566 κατεῤῥαγμένων,
795 469 932 526 ἀλλά
978 471 1072 526 καὶ
1127 476 1358 547 τροφεὺς
1403 478 1515 533 τῶν
1552 480 1838 536 ἀπάντων·

1947 491 2193 547 omnium
2221 495 2574 553 nutritorem.
2627 497 2995 566 Quamobrem
3020 505 3260 560 omnium
3291 513 3398 561 tam
3431 522 3520 560 ra-

265 559 349 614 διδ
388 561 482 614 καὶ
510 560 726 614 πάντων
752 561 860 616 τῶν
891 562 1123 632 λογικῶν
1151 583 1212 620 τε
1245 568 1342 622 καί⁵
1376 569 1586 640 ἀλόγων
1616 573 1769 638 ζώων
1796 578 1844 630 οἰ

266 646 539 718 ὀφθαλμοὶ
577 647 690 702 ἀνω
720 651 800 713 εἰς
827 651 990 704 αὐτὸν
1018 654 1402 724 ἀναϐλέπουσι,
1450 661 1547 715 καὶ
1591 668 1846 732 φυσικαῖς

265 755 378 795 τισι
421 740 517 794 καὶ
551 739 826 806 διδακταῖς
856 746 1054 816 ὁρμαῖς
1104 747 1242 820 πρὸς
1287 750 1451 804 αὐτὸν
1488 752 1704 809 πάντων
1742 757 1846 825 ἀφ-

263 832 536 906 ορώντων,
576 835 740 899 αὐτὸς
765 832 854 890 οἷα
898 839 1083 912 πατὴρ
1117 842 1322 912 ἀγαθὸς
1368 845 1472 910 τὰς
1497 848 1706 919 τροφὰς
1731 852 1846 914 τοῖς

265 932 476 999 καιροῖς
503 929 822 1002 ἐπιτηδείως
853 923 1040 987 ἄλλοτε
1068 934 1234 1000 ἄλλας
1263 941 1509 1010 χορηγεῖ,
1539 945 1652 1004 τοῖς
1681 943 1846 996 πᾶσιν

262 1021 367 1094 τὴν
398 1024 559 1095 χεῖρά
577 1041 636 1077 τε
672 1023 771 1095 τὴν
808 1025 1226 1102 δημιουργικὴν,
1255 1032 1503 1086 τουτέστι
1539 1034 1639 1105 τὴν
1686 1033 1847 1088 δύνα-

268 1131 384 1185 μιν,
418 1113 666 1179 ὲξαπλῶν
695 1115 943 1186 ἀφθόνως
976 1120 1070 1172 καὶ
1111 1121 1531 1188 ἀνεπικωλύτως
1567 1127 1676 1178 πᾶν
1705 1124 1843 1189 ζῶον

264 1206 574 1278 ἐμπίπλησι
600 1207 700 1280 τῆς
729 1208 838 1263 τῶν
879 1211 970 1265 ὑπ’
999 1211 1165 1266 αὐτοῦ
1203 1213 1560 1287 δωρουμένων
1600 1217 1842 1271 ἀπολαύ-

263 1314 423 1362 σεως.

274 1390 490 1460 Ἔγτὺς
531 1392 746 1462 Κύριος
777 1392 927 1517 uagi.
966 1395 1617 1520 Ξὲςθέῗικαλουμένοις
1656 1399 1844 1455 αὐτὸν

893 1482 931 1517 ν
1052 1484 1088 1520 n
1127 1483 1158 1520 ε
1183 1483 1238 1520 α.

893 1482 931 1517 ν
970 1482 1238 1534 ααιηυειᾳ.

331 1547 466 1608 Εἶτα
497 1554 684 1627 ἐπειδὴ
711 1555 904 1625 ὀλίγων
937 1559 1055 1612 ἐστὶ
1081 1559 1143 1612 τὸ
1171 1559 1433 1616 δύνασθαι
1459 1563 1842 1636 ἐπιστημόνως

259 1646 425 1702 αὐτὸν
477 1648 874 1716 ἐπικαλεῖσθαι,
928 1652 1023 1705 καὶ
1082 1653 1472 1718 καταξιοῦσθαι
1527 1656 1694 1711 αὐτοῦ
1743 1657 1844 1728 τῆς

260 1739 452 1812 ἀκοῆς,
497 1741 748 1812 ἐπιφέρει
795 1743 1110 1811 ἀναγκαίως
1153 1746 1509 1800 ὲπαναλαδὼν
1545 1747 1637 1802 τὸν
1684 1747 1842 1817 λόγον

1947 583 2228 640 tionalium
2276 602 2439 658 quam
2490 592 2657 646 etiam
2705 594 3103 651 irrationalium
3153 598 3519 655 animantium

1945 675 2087 733 oculi
2115 679 2182 733 ad
2214 693 2338 734 eum
2387 683 2715 751 suSpiciuut,
2765 695 2820 742 et
2868 688 3212 746 naturalibus
3236 690 3522 760 insitisque

1947 769 2188 826 motibus
2227 770 2375 828 illum
2406 783 2677 845 spectant,
2724 779 2850 834 dum
2891 780 3008 850 ipse
3048 789 3106 836 ut
3153 782 3331 838 bonus
3366 791 3523 854 pater

1948 863 2286 932 temporibus
2314 865 2524 922 idoneis
2571 881 2727 925 escas
2773 872 2947 928 modis
2976 873 3144 928 variis
3189 875 3519 945 suppeditat,

1944 954 2267 1025 cunctisque
2313 973 2535 1013 manum
2585 975 2737 1014 suam
2777 964 3123 1031 creatricem,
3163 966 3214 1020 id
3242 975 3327 1021 est
3365 981 3520 1022 suam

1949 1044 2232 1114 virtutem,
2283 1047 2627 1106 abundanter
2649 1061 2703 1107 et
2726 1052 2844 1107 sine
2872 1054 2980 1109 ullo
3007 1055 3393 1126 impedimento
3417 1058 3521 1112 im-

1944 1138 2213 1208 pertiens,
2267 1156 2431 1198 omne
2489 1145 2694 1200 animal
2734 1145 2920 1216 .replet
2982 1148 3246 1203 donorum
3297 1165 3517 1206 suorum

1944 1227 2142 1285 fructu.

1955 1405 2115 1466 VEIts.
2153 1409 2243 1466 l8.
2275 1408 2448 1482 Prope
2484 1423 2559 1466 est
2601 1412 2858 1496 Dominus
2889 1415 3128 1469 omnibus
3159 1415 3520 1470 invocantibus

2491 1500 2608 1538 eum
2650 1494 2703 1538 in
2739 1494 2974 1539 veritate.

2018 1571 2227 1629 Deinde
2250 1575 2376 1644 quia
2413 1590 2710 1646 paucorum
2747 1587 2832 1633 est
2875 1577 3152 1648 sapienter
3194 1591 3316 1633 eum
3363 1577 3520 1632 invo-

1945 1678 2092 1734 care,
2123 1675 2289 1736 atque
2321 1666 2438 1736 ejus
2462 1669 2814 1726 exauditione
2847 1669 3042 1740 dignos
3074 1671 3286 1736 haberi,
3326 1681 3518 1726 neces-

1944 1759 2090 1815 sario
2119 1774 2430 1816 sermonem
2461 1775 2751 1818 resumens
2787 1762 2898 1817 ait:
2933 1777 3041 1817 non
3077 1762 3330 1817 omnibus
3367 1762 3520 1816 invo-

260 1830 358 1886 καὶ
397 1831 562 1901 φησὶν
591 1832 673 1886 ὅτι
725 1832 786 1886 ού
835 1834 970 1889 πᾶσι
1001 1836 1116 1898 τοῖς
1157 1836 1610 1908 ἐπικαλουμένοις
1659 1838 1838 1905 αὐτὸν,

1948 1851 2202 1906 cantibus
2241 1865 2388 1916 eum,
2444 1852 2537 1907 sed
2585 1851 2653 1908 iis
2688 1853 3064 1908 tantummodo
3100 1854 3189 1923 qui
3219 1868 3342 1908 cum
3375 1854 3520 1907 veri—

260 1921 400 1980 ἀλλὰ
429 1922 608 1994 μόνοις
635 1924 746 1988 τοῖς
785 1919 846 1978 ἔν
891 1924 1118 1998 ἀληθείᾳ
1153 1925 1311 1980 τοῦτο
1345 1927 1677 1998 πράττουσιν
1715 1930 1840 1983 ἐπι-

258 2015 548 2087 τυγχάνει·
597 2016 706 2071 τῶν
756 2017 864 2090 γὰρ
904 2017 980 2090 μὴ
1023 2017 1284 2074 τοιούτων
1335 2020 1552 2092 μακρὰν
1597 2021 1841 2091 ἀφέστη-

257 2124 385 2162 κεν·
420 2103 502 2172 οἷς
537 2108 632 2162 καὶ
670 2109 868 2180 φησίν·
912 2114 981 2166 At
1013 2111 1290 2181 ἁμαρτίαι
1317 2113 1486 2184 ὑμῶν
1527 2112 1843 2169 διιστῶσιν

254 2199 376 2256 ἀνὰ
397 2199 592 2268 μέσον
617 2199 765 2270 ἐμοῦ
789 2199 889 2256 καὶ
917 2199 1113 2272 ὑμῶν·
1143 2205 1274 2277 περὶ
1301 2204 1507 2259 τούτων
1535 2205 1592 2258 δὲ
1625 2207 1720 2260 καὶ
1746 2206 1842 2260 ἀλ-

255 2289 425 2362 λαχοῦ
474 2291 721 2347 λέλεκται
744 2309 758 2324 ·
823 2295 979 2348 Διότι
1035 2297 1090 2348 οἱ
1120 2296 1533 2364 μακρύνοντες
1587 2295 1843 2364 ἑαυτοὺς

254 2383 380 2438 ἀπὸ
430 2384 547 2440 σοῦ
586 2385 970 2440 ἀπολοῦνται.
1017 2386 1160 2440 Πᾶσι
1204 2387 1301 2458 μὲν
1342 2383 1436 2442 οὖν
1486 2389 1653 2459 ἐγγὺς
1698 2390 1840 2444 κατὰ

255 2476 552 2549 πρόνοιαν,
589 2478 730 2533 κατά
760 2479 943 2549 σχέσιν
972 2479 1030 2533 δὲ
1065 2483 1178 2544 τοῖς
1213 2480 1310 2535 σὺν
1339 2481 1618 2554 ἐπιστήμῃ
1645 2481 1840 2536 καλού-

258 2585 316 2621 σι
338 2584 351 2598 ·
385 2567 545 2622 τοῦτο
572 2568 680 2640 γὰρ
705 2568 786 2632 τὸ,
815 2569 887 2623 ἔν
926 2569 1198 2639 ἀληθείᾳ.
1234 2600 1303 2612 --
1345 2571 1501 2626 Μετὰ
1527 2573 1626 2644 τὴν
1655 2575 1840 2646 κοινὴν

255 2659 315 2713 δὲ
352 2659 608 2732 πρόνοιαν
652 2659 930 2732 ἐξαίρετον
981 2660 1081 2732 τὴν
1111 2662 1238 2734 περὶ
1264 2661 1372 2715 τῶν
1407 2662 1616 2716 πιστῶν
1645 2665 1840 2736 ἐπενή-

255 2771 404 2825 νοχε,
437 2754 498 2808 τὺ
529 2753 783 2808 τοιούτων
813 2755 981 2824 ὲγγὺς
1026 2751 1196 2821 εἶναι,
1241 2757 1333 2811 καὶ
1364 2756 1625 2829 μειζόνως
1657 2758 1838 2813 αὐτῶν

259 2844 624 2917 προνοεῖσθαι.

255 2937 510 3012 Αινεσιν
535 2939 756 3012 Κυρίου
797 2938 1060 3012 λαλήσει
1080 2940 1156 3012 ,τὸ
1191 2941 1387 3011 στόμα
1425 2926 1567 3012 μου,
1603 2942 1702 2996 καὶ
1733 2945 1834 2998 εὑ-

1947 1952 2058 1998 tate
2097 1945 2149 1998 id
2193 1953 2386 2014 agunt,
2420 1947 2668 2000 occurrit
2701 1964 2717 2004 :
2766 1962 3001 2017 namque
3036 1947 3105 2002 ab
3136 1947 3206 2002 iis
3235 1947 3326 2017 qui
3362 1944 3520 2001 aliter

1945 2050 2003 2090 se
2041 2036 2265 2103 habent,
2297 2037 2457 2106 longe
2497 2035 2672 2092 abest.
2711 2035 2918 2105 Quibus
2942 2038 3106 2094 etiam
3147 2039 3260 2094 ait:
3290 2036 3518 2094 Peccata

1942 2139 2116 2182 vestra
2143 2145 2224 2183 me
2259 2145 2291 2182 a
2332 2129 2477 2183 vobis
2514 2131 2852 2198 separant".
2889 2130 2966 2186 De
3013 2132 3099 2186 his
3137 2131 3264 2188 alibi
3301 2147 3519 2202 quoque

1943 2220 2151 2275 dictum
2207 2228 2330 2274 est:
2380 2217 2644 2285 Quoniam
2672 2221 2764 2288 qui
2811 2238 2843 2274 a
2881 2230 2931 2275 te
2978 2238 3034 2276 se
3074 2221 3342 2293 elongant,
3401 2240 3522 2294 per-

1944 2312 2185 2366 ibunt".
2219 2310 2446 2367 Cunctis
2481 2311 2668 2382 itaque
2706 2313 3049 2383 providentia
3084 2330 3178 2368 sua
3223 2329 3390 2385 prope
3432 2315 3521 2371 ad-

1953 2413 2059 2471 est,
2092 2403 2186 2460 sed
2217 2413 2397 2459 tamen
2429 2406 2571 2475 quod
2596 2403 2659 2458 ad
2701 2403 2952 2461 allectum
2982 2407 3200 2472 attinet,
3244 2410 3398 2461 adest
3443 2407 3522 2460 in-

1942 2496 2268 2552 vocantibus
2293 2512 2418 2550 cum
2455 2497 2759 2566 sapientia;
2786 2497 2838 2552 id
2862 2498 3006 2551 enim
3043 2497 3315 2568 signiﬁcat
3344 2499 3401 2552 in
3436 2514 3520 2552 ve-

1943 2588 2127 2644 ritate.
2192 2587 2322 2643 Post
2369 2589 2680 2660 generalem
2741 2589 3160 2660 providentiam,
3223 2589 3517 2658 specialem

1942 2694 2072 2750 erga
2125 2679 2310 2736 ﬁdeles
2356 2681 2561 2748 intulit,
2617 2695 2808 2751 nempe
2854 2679 2998 2750 quod
3032 2681 3119 2736 his
3154 2695 3324 2752 prope
3351 2679 3514 2743 adsit,

1941 2771 2229 2844 magisque
2269 2771 2537 2829 consulat.

1943 2948 2112 3006 Vnus.
2138 2950 2230 3004 21.
2267 2949 2504 3004 Laudem
2549 2949 2765 3022 Domini
2820 2949 3068 3022 loquetur
3118 2964 3177 3002 os
3220 2963 3415 3022 meum.
3465 2957 3515 3003 et

290 3009 540 3079 λογείτω
577 3008 747 3064 πᾶσα
776 3009 933 3079 σὰρξ
961 3010 1028 3064 τὸ
1067 3011 1255 3081 ὄνομα
1291 3008 1358 3066 τὸ
1391 3008 1563 3084 ἅγιον
1591 3013 1800 3070 αὑτοῦ.

326 3101 478 3164 Τέως
511 3101 608 3172 μὲν
637 3099 804 3154 αἰνῶν
827 3100 888 3154 ού
917 3100 1173 3171 διαλείψω
1200 3101 1354 3156 Θεόν.
1380 3101 1623 3176 Εύχομαι
1649 3103 1707 3156 δὲ
1744 3103 1841 3156 καὶ

2119 3022 2391 3075 benedicat
2413 3021 2584 3075 omnis
2611 3036 2738 3074 caro
2774 3018 2978 3074 nomini
3006 3029 3188 3073 sancto
3215 3018 3348 3088 ejus.

2015 3110 2238 3166 Interim
2267 3126 2298 3164 a
2336 3109 2429 3165 Dei
2472 3109 2726 3165 laudibus
2765 3123 2872 3164 non
2912 3107 3196 3164 desistam.
3247 3107 3386 3179 Opto
3415 3124 3515 3163 au-

253 3193 450 3259 θᾶττον
482 3193 752 3265 ἀποϐῆναι
776 3193 878 3264 τὴν
909 3193 1174 3262 λέγουσαν
1213 3195 1548 3266 προφητείαν
1569 3213 1582 3226 ·
1628 3195 1838 3264 Ἐκχεῶ

1945 3209 2056 3257 tem
2087 3202 2325 3258 celerius
2355 3203 2409 3256 in
2452 3217 2566 3256 rem
2606 3199 2850 3257 conferri
2886 3201 3228 3271 prophetiam
3273 3216 3392 3271 qute
3435 3203 3515 3256 di-

251 3285 376 3346 ἀπὸ
418 3285 524 3340 τοῦ
568 3285 914 3354 Πνεύματός
947 3303 1068 3355 μου
1094 3286 1192 3340 ἐπὶ
1230 3286 1438 3343 πᾶσαν
1463 3286 1691 3358 σάρκα·
1721 3287 1834 3346 καί·

1946 3295 2057 3352 cit:
2086 3293 2380 3365 Effundam
2428 3295 2493 3349 de
2531 3291 2740 3364 Spiritu
2797 3310 2910 3348 meo
2951 3309 3107 3362 super
3157 3310 3362 3348 omnem
3399 3309 3514 3346 car-

254 3376 434 3431 Πᾶσα
469 3374 627 3445 πνοὴ
665 3373 960 3430 αἰνεσάτω
990 3374 1099 3430 τὸν
1125 3377 1378 3445 Κύριον·
1410 3378 1561 3434 ἔσται
1594 3380 1650 3434 δὲ
1680 3381 1838 3437 τοῦτο

1942 3403 2060 3442 nem
2085 3388 2132 3420 ⁷³
2157 3405 2172 3455 ;
2199 3395 2293 3442 et:
2331 3384 2516 3441 Omnis
2561 3385 2781 3456 spiritus
2832 3385 3013 3440 laudet
3065 3384 3365 3440 Dominum.
3405 3385 3515 3440 Hoc

253 3467 422 3542 ἡνίκα
462 3465 525 3520 τό
562 3466 833 3540 πλήρωμα
865 3466 975 3530 τῶν
1013 3465 1182 3521 ἐθνῶν
1212 3467 1458 3542 εἰσέλθῃ,
1490 3470 1578 3524 ὅτε
1608 3473 1702 3526 καὶ
1729 3475 1838 3528 πᾶν

1943 3494 2077 3536 vero
2121 3479 2403 3548 continget
2441 3492 2561 3533 cum
2603 3476 2886 3548 plenitudo
2921 3477 3166 3548 gentium
3219 3477 3514 3540 introierit,

252 3560 414 3631 γένος
462 3558 765 3633 ἀνθρώπων
825 3560 1160 3633 σωθήσεται·
1225 3562 1399 3633 στόμα
1453 3563 1510 3621 δὲ
1569 3563 1716 3634 λέγει
1776 3566 1838 3620 τὸ

1942 3580 1996 3628 et
2032 3571 2348 3626 universum
2374 3569 2659 3624 hominum
2697 3583 2872 3638 genus
2895 3567 3104 3623 salvum
3141 3566 3256 3622 ﬁet.
3289 3567 3363 3623 Os
3385 3568 3516 3622 dicit

248 3653 466 3724 νοητὸν,
499 3653 627 3725 περὶ
653 3645 714 3707 οὗ
731 3654 825 3725 ita}
857 3654 1111 3726 ἀλλαχοῦ·
1127 3653 1304 3710 Πᾶσα
1328 3655 1485 3724 σὰρξ
1499 3657 1838 3726 εὐλογοῦσα

1942 3661 2328 3727 intellectuale,
2359 3661 2589 3730 utalibi,
2639 3659 2825 3716 Omnis
2857 3677 2982 3715 caro
3014 3661 3275 3715 benedice!
3314 3660 3515 3714 nomini

251 3744 321 3804 τὸ
357 3744 544 3814 ὄνομα
568 3745 788 3813 Κυρίου
815 3745 1263 3817 ἕσται,δηλονότι
1296 3745 1385 3811 εἰς
1400 3744 1508 3799 τὸν
1534 3747 1719 3804 αἰῶνα
1739 3748 1836 3802 καὶ

1942 3755 2152 3810 Domini
2181 3755 2237 3808 in
2264 3753 2519 3808 swculum
2551 3762 2601 3806 et
2643 3753 2699 3806 in
2740 3753 2993 3807 saxulum
3032 3752 3216 3806 seculi
3239 3751 3306 3816 ⁷⁸,
3367 3750 3515 3806 salu-

249 3837 340 3903 εἰς
370 3833 478 3889 τὸν
495 3834 680 3890 αίῶνα
706 3836 813 3892 τοῦ
831 3836 1065 3905 αἰῶνος,
1093 3837 1332 3910 ὀψομένη
1358 3839 1420 3899 τὸ
1446 3840 1715 3912 σωτήριον
1740 3839 1833 3894 τοῦ

252 3927 413 3995 Θεοῦ,
439 3929 533 3982 καὶ
557 3928 658 3983 ούκ
680 3925 812 3994 οὖσα
843 3929 917 3995 ὡς
948 3931 1160 4001 χόρτος.

789 4021 1079 4083 ΨΑΛΜΟΣ
1116 4024 1296 4084 ΡΜΕ’.

325 4109 400 4164 Τὸ
428 4110 721 4183 ἀλληλούῖα
764 4107 914 4167 αἶνον
955 4113 1162 4186 Κυρίου
1203 4114 1486 4186 σημαίνει·
1522 4113 1694 4179 οὓτως
1727 4112 1836 4187 γάρ

1940 3856 2055 3902 tare
2083 3845 2176 3900 Dei
2209 3852 2542 3916 spectatura,
2571 3857 2673 3899 nec
2700 3843 2814 3912 jam
2845 3843 3020 3898 instar
3050 3842 3158 3898 feni
3189 3841 3441 3898 decidua.

2443 4021 2766 4080 PSALMUS
2799 4020 3006 4078 CXLV.

2004 4115 2236 4172 Alleluia
2266 4114 2478 4171 laudem
2507 4113 2719 4168 Domini
2765 4111 3057 4182 signiﬁcat.
3105 4109 3197 4166 Sic
3229 4109 3375 4166 enim
3417 4125 3514 4166 ex-

251 4199 616 4274 ἑρμηνεύεται
650 4203 684 4273 ἡ
712 4201 857 4268 λέξις
876 4218 890 4232 ·
925 4202 1071 4257 ἐστιν
1102 4199 1194 4258 οὖν
1227 4205 1324 4258 καὶ
1354 4204 1416 4258 τὸ
1449 4203 1833 4277 προκείμενον,

1942 4207 2167 4278 plicatur
2194 4204 2538 4262 vocabulum.
2570 4202 2716 4258 Laus
2734 4202 3022 4270 estitaque
3076 4214 3316 4271 praesens
3368 4200 3514 4270 psal-

251 4288 431 4357 αῐνος·
473 4293 554 4348 διὸ
590 4293 655 4365 δὴ
700 4295 1002 4367 ἀρχόμενός
1053 4313 1219 4368 φησιν
1264 4296 1295 4348 ὁ
1340 4294 1528 4365 λόγος·
1564 4296 1751 4364 Atrei,
1793 4295 1833 4362 ἡ

1942 4311 2058 4354 mus
2074 4315 2088 4352 :
2103 4310 2272 4367 quare
2291 4303 2347 4350 et
2363 4292 2580 4363 incipit:
2605 4289 2811 4356 Lauda,
2841 4290 3020 4345 anima
3042 4305 3179 4354 mea,
3204 4288 3511 4353 Dominum;

251 4383 427 4455 ψυχή
446 4403 589 4455 μου,
613 4386 723 4440 τόν
748 4388 988 4457 Κύριον,
1006 4388 1126 4459 ἦτοι
1148 4387 1242 4442 τοῦ
1265 4388 1574 4460 πνεύματος
1597 4390 1664 4459 τῇ
1688 4388 1832 4458 ψυχῇ

1942 4391 2050 4446 sive
2069 4387 2291 4459 spiritus
2307 4386 2542 4442 animam
2561 4383 2900 4449 adhortetur,
2917 4381 3035 4438 sive
3057 4382 3173 4452 ipsa
3197 4397 3276 4438 se.
3311 4381 3514 4438 Deinde

252 4477 788 4550 παρακελευομένου,
825 4480 858 4552 ἢ
895 4480 1067 4551 αὐτῆς
1100 4482 1299 4553 ἑαυτῇ·
1332 4477 1432 4534 εἴθ’
1477 4479 1835 4540 ὑπακούσασα

1942 4480 2192 4537 mandato
2213 4479 2620 4548 obtemperans,
2648 4483 2900 4546 prompte
2943 4475 3232 4544 respondet
3275 4474 3462 4529 dicens
3493 4490 3508 4526 :

246 4569 328 4641 τῷ
373 4570 775 4642 προστάγματι,
828 4571 1122 4644 προθύμως
1163 4571 1518 4644 ἀποκρίνεται
1559 4570 1826 4641 λέγουσα·

1942 4571 2190 4630 Laudabo
2217 4569 2502 4625 Dominum
2537 4569 2594 4622 in
2620 4567 2726 4622 vita
2769 4583 2906 4631 mea,
2961 4565 3188 4635 psallam
3237 4564 3346 4620 Deo
3395 4580 3511 4620 meo

238 4660 472 4731 ᾼίνέσω
497 4664 714 4732 Κύριον
741 4663 811 4717 ἐν
830 4663 941 4734 ζωῇ
950 4683 1090 4735 μου,
1133 4665 1306 4729 ψαλῶ
1337 4664 1419 4732 τῷ
1437 4665 1560 4732 Θεῷ
1582 4682 1703 4736 μου
1718 4664 1821 4732 ἓως

1942 4662 2173 4736 quandiu
2205 4662 2378 4733 fuero.
2407 4660 2561 4728 Quod
2584 4661 2628 4716 si
2664 4658 2988 4715 immortalis
3014 4667 3098 4714 est
3131 4657 3336 4725 anima,
3362 4671 3510 4714 sem—

245 4753 518 4826 ὑπάρχω.
541 4757 606 4810 Εἰ
637 4757 695 4811 δὲ
717 4756 985 4822 ἀθάνατός
1009 4759 1154 4812 ἐστιν
1177 4759 1210 4830 η
1237 4757 1407 4830 ψυχὴ,
1438 4759 1525 4811 ἀεί
1553 4775 1614 4812 τε
1638 4759 1705 4830 ζῇ
1733 4758 1830 4813 καὶ

1942 4769 2138 4826 perque
2165 4753 2301 4809 vivit
2325 4761 2382 4808 et
2408 4760 2493 4808 est
2517 4751 2679 4807 etiam
2711 4759 2836 4821 post
2863 4750 3162 4806 discessum
3198 4763 3230 4802 a
3258 4762 3509 4818 corpore,

246 4845 485 4918 ὑπάρχει
526 4848 620 4903 καὶ
649 4850 788 4919 μετὰ
823 4849 925 4922 τὴν
960 4849 1054 4904 τοῦ
1087 4849 1336 4921 σώματος
1377 4849 1695 4921 ἀπαλλαγὴν
1739 4850 1831 4904 δυ-

244 4939 480 5010 ναμένη,
516 4940 702 5011 φησίν·
732 4940 821 5004 Ὡς
867 4942 976 5014 ἄρα
1015 4941 1136 4996 οὐδὲ
1184 4941 1403 4996 πώποτε
1431 4941 1708 5013 παύσομαι
1737 4943 1826 4997 αἰ-

244 5029 414 5086 νοῦσα
458 5033 552 5086 τὸν
596 5032 819 5106 Κύριον,
863 5034 976 5094 ἀλλ’
1025 5035 1106 5098 εἰς
1157 5035 1402 5106 μακροὺς
1458 5033 1679 5100 αἰῶνας,
1732 5035 1828 5090 καὶ⁸

248 5123 430 5177 πάντα
455 5123 544 5177 τὸν
571 5127 670 5196 τῆς
691 5125 961 5179 ἀθανάτου
989 5125 1135 5196 ζωῆς
1163 5143 1265 5197 μου
1297 5125 1430 5197 βίον,
1459 5127 1612 5181 οὐδὲν
1641 5127 1826 5200 ἕτερον

245 5214 561 5286 πράττουσα
584 5214 679 5269 τοῦ
713 5217 883 5271 αἰνεῖν
914 5216 1006 5270 τὸν
1027 5215 1231 5288 Κύριον
1253 5215 1563 5272 διατελέσω.
1608 5217 1694 5282 Ὡς
1720 5217 1826 5286 ψυ-

246 5305 354 5377 χῆς
377 5305 434 5359 δὲ
465 5306 759 5374 ἀκουστέον
797 5307 1062 5380 λεγούσης
1081 5308 1163 5373 τὸ,
1187 5307 1298 5374 ἕως
1320 5307 1589 5378 ὑπάρχω,
1622 5309 1720 5380 οὐχ
1750 5309 1827 5372 ὡς

250 5395 552 5467 μελλούσης
580 5398 697 5467 μετ’
724 5397 866 5453 αύτά
907 5399 981 5470 μὴ
1014 5397 1303 5469 ὑπάρχειν,
1339 5398 1452 5451 ἀλλ’
1485 5400 1565 5461 εἰς
1598 5397 1826 5468 ἄπειρον

246 5489 342 5543 τὸν
368 5489 468 5560 τῆς
509 5488 797 5561 ὑπάρξεως
829 5491 998 5564 αὐτῆς
1021 5491 1212 5563 χρόνον
1234 5490 1346 5561 (25)
1383 5489 1619 5548 αἰνέσειν
1657 5491 1828 5559 ἑπαγ-

244 5581 578 5654 γελλομένης
599 5583 690 5638 τὸν
711 5583 933 5656 Κύριον.

321 5701 366 5733 ¹¹
397 5703 498 5758 lsa.
528 5719 638 5770 ιιι,
661 5704 714 5771 2.
792 5705 836 5736 τ’
860 5703 1002 5760 Psal.
1038 5719 1208 5771 ωιτη,
1250 5705 1341 5759 27.
1417 5703 1622 5761 “Joel.
1655 5719 1716 5768 tt,
1754 5703 1848 5762 28.

1931 4847 2056 4918 jure
2087 4859 2188 4902 suo
2217 4846 2298 4902 ait
2325 4843 2647 4914 :Nuuquam
2669 4842 2915 4898 desinam
2938 4841 3160 4896 laudare
3184 4839 3507 4907 Dominum;

1935 4939 2030 4996 sed
2081 4938 2240 5008 longa
2293 4936 2517 5003 saecula,
2552 4942 2608 4989 et
2651 4943 2821 4990 totum
2867 4930 3190 4986 immortalis
3213 4943 3350 4986 mea:
3387 4931 3511 4983 vitae

1934 5044 2168 5104 tempus,
2196 5030 2413 5088 nonnisi
2469 5028 2696 5084 laudans
2748 5023 3036 5081 Dominum
3067 5024 3383 5095 transigam.
3419 5021 3510 5077 Sic

1931 5127 2098 5182 etiam
2117 5123 2404 5180 audiamus
2433 5122 2699 5178 dicentem
2719 5119 2982 5185 animam,
3003 5117 3171 5172 donec
3191 5116 3363 5187 fuero,
3400 5130 3507 5168 nun

1933 5219 2076 5289 quod
2103 5229 2291 5287 postea
2323 5232 2429 5271 non
2457 5217 2532 5272 sit
2566 5217 2848 5280 duratura,
2875 5211 2969 5268 sed
3003 5211 3129 5282 quia
3161 5210 3214 5265 in
3238 5206 3508 5264 inﬁnitum

1934 5322 2148 5382 tempus
2201 5311 2382 5367 futura
2429 5311 2502 5366 sit
2548 5307 2901 5366 subsistentia
2933 5304 3070 5377 ejus,
3116 5304 3342 5377 parique
3383 5316 3510 5373 ερας

1934 5405 2010 5461 tio
2041 5403 2328 5461 Dominum
2359 5417 2418 5460 se
2453 5401 2796 5459 laudaturam
2818 5398 3119 5473 promittat.

1925 5703 1974 5734 ’⁸
1996 5701 2136 5758 Psal.
2175 5716 2353 5771 cxuv,
2382 5701 2472 5762 21.

328 5821 441 5895 (23)
456 5821 806 5896 Perspicuum
835 5821 1054 5881 Eusebii
1085 5824 1149 5882 de
1183 5824 1374 5881 animae
1395 5825 1805 5882 immortalitate
1838 5822 2230 5884 testimonium.
