4062 6396
495 319 568 375 63
1203 311 1470 367 EUSEBII
1507 312 1976 370 CAESABIENSIS
2013 313 2169 369 OPP.
2209 311 2390 369 PARS
2429 309 2520 366 Ill.
2558 336 2630 349 -
2663 300 3078 360 EXEGETICA.
3688 299 3761 350 θυι

661 432 823 486 Vsus.
863 429 917 484 3.
962 426 1144 483 Nolite
1172 427 1438 495 conﬁdere
1473 426 1528 480 in
1553 427 1907 497 principibus.

574 525 684 579 lloc
713 522 889 578 simile
915 521 988 575 illi
1024 539 1039 574 :
1067 518 1274 574 Bonum
1299 529 1371 572 est
1417 519 1683 586 conﬁdere
1711 519 1765 571 in
1808 518 2030 571 Domino
2053 556 2070 582 ,

495 633 653 688 quam
683 615 943 683 conlidere
973 615 1028 667 in
1064 612 1292 667 homine.
1339 611 1545 666 Bonum
1568 621 1646 666 est
1671 627 1880 679 sperare
1911 629 1943 665 a
1968 609 2074 664 Do-

2105 431 2153 488 Α.

2505 419 2603 488 Μὴ
2632 417 2952 472 steatomate
2980 411 3073 467 ἐπ’
3099 410 3392 481 ἄρχοντας

2247 513 2468 584 Ὅμοιον
2489 510 2589 581 τῷ,
2615 507 2863 578 Ἀγαθὸν
2897 503 3245 559 πεποιθέναι
3283 501 3384 555 ἐπὶ
3429 502 3668 570 Κύριον,
3714 501 3755 571 ἢ

2173 601 2517 658 πεποιθέναι
2535 601 2627 655 ἐπ’
2648 599 2978 668 ἄνθρωπον-ι
3007 594 3232 666 ἀγαθὸν
3255 589 3514 655 ἐλπίζειν
3525 593 3624 647 ἑέπί
3642 593 3759 648 Κύ-

498 683 665 769 mino,
699 722 856 776 quam
893 719 1105 766 sperare
1134 722 1166 757 a
1195 701 1522 772 principibus
1551 703 1618 758 ".
1652 701 1708 757 ld
1758 711 1936 757 autem
1966 701 2076 773 syl-

2187 712 2322 760 οιον,
2361 693 2400 762 ἢ
2429 692 2698 758 ἐλπίζειν
2729 690 2822 745 ἐπ’
2845 689 3162 760 ἄρχοντας·
3189 685 3350 738 τοῦτο
3380 683 3437 738 δέ
3460 683 3759 756 παρίστησι

499 800 730 868 logismo
762 797 1121 852 demonstrat.
1151 793 1285 848 Nam
1331 793 1373 847 si
1419 793 1542 862 ipsi,
1576 793 1749 862 inquit
1778 831 1795 857 ,
1846 792 2072 847 salutem

500 891 602 945 sibi
633 903 950 957 comparare
1000 886 1383 956 nequiverunt,
1446 901 1694 956 quaenam
1753 887 1857 940 erit
1892 885 1960 939 ab
1993 885 2075 940 his

503 979 740 1032 utilitas?
778 976 962 1046 Neque
992 977 1136 1031 enim
1179 976 1361 1030 valent
1388 975 1714 1046 semetipsos
1755 985 1929 1029 morte
1961 974 2074 1028 eri-

502 1085 634 1140 pere
664 1078 786 1137 post
813 1068 1105 1122 terminum
1140 1084 1152 1121 :
1181 1081 1304 1120 nam
1338 1065 1624 1120 morientis
1648 1065 1882 1120 hominis
1913 1063 2078 1134 spiri-

504 1173 590 1217 tus
605 1177 877 1230 egressus,
903 1159 1030 1214 illuc
1056 1157 1212 1212 vadet
1233 1171 1340 1227 quo
1369 1156 1688 1210 abducetur.
1715 1155 1941 1225 Reliqua
1975 1156 2075 1211 ho-

505 1250 668 1305 minis
704 1266 829 1319 pars
877 1249 931 1303 in
986 1248 1262 1318 pulverem
1315 1261 1471 1301 suum
1510 1255 1831 1310 revertetur,
1869 1257 2078 1301 natura:

504 1341 606 1410 legi
645 1341 973 1410 obsequens,
1000 1355 1162 1408 quam
1207 1335 1366 1392 initio
1388 1335 1530 1392 Deus
1554 1337 1760 1391 Adamo
1779 1338 1970 1391 statuit
1994 1338 2079 1392 di-

503 1449 632 1490 cens
665 1452 679 1488 :
711 1431 894 1486 Pulvis
926 1449 999 1496 es,
1053 1441 1101 1484 et
1131 1431 1187 1484 in
1215 1429 1478 1497 puluerem
1509 1428 1785 1482 reverteris
1830 1429 1900 1480 ⁷⁵.
1933 1428 2079 1495 Quo-

503 1539 624 1579 rum
683 1524 974 1578 verborum
1016 1535 1212 1577 sensus
1259 1528 1385 1574 est:
1423 1516 1665 1575 Consilia
1721 1519 1927 1585 omnia,
1959 1534 2079 1589 qua:

501 1616 680 1671 adhuc
708 1615 812 1669 vita
850 1615 1050 1669 comite
1079 1613 1220 1684 apud
1267 1629 1327 1670 se
1387 1613 1634 1683 cogitans
1686 1622 2033 1682 congesserat
2057 1653 2074 1678 ,

504 1707 658 1776 quasi
691 1706 910 1762 futurus
948 1717 1206 1772 aeternus,
1234 1721 1566 1762 ouacervans
1592 1706 1646 1759 in
1685 1715 1831 1760 terra
1859 1704 2078 1759 thesau-

2173 786 2263 842 8ιά
2289 782 2670 856 συλλογισμοῦ·
2699 784 2750 836 εί
2789 781 2899 854 γὰρ
2928 780 3106 844 αὐτοὶ,
3134 777 3319 849 φησιν,
3349 778 3562 841 ἑαυτοῖς
3600 793 3760 849 περι-

2175 878 2503 952 ποιήσασθαι
2545 877 2819 949 σωτηρίαν
2845 877 2944 946 οὐχ
2969 868 3072 927 οἷοί
3099 873 3160 926 τέ
3191 873 3317 938 είσι,
3347 872 3430 934 τίς
3458 870 3524 924 ἂν
3550 870 3763 940 γένοιτο

2173 971 2282 1026 ἀπὸ
2307 970 2416 1024 τῶν
2439 969 2698 1024 τοιούτων
2723 967 2995 1039 ὠφέλειας
3024 966 3145 1020 οὐδὲ
3191 964 3300 1038 γὰρ
3339 963 3596 1019 δύνανται
3625 964 3763 1018 ἑαυ-

2174 1064 2300 1128 τοὺς
2343 1060 2620 1128 ἐξελέσθαι
2662 1058 2758 1113 τοῦ
2799 1058 3030 1113 Θανάτου
3063 1055 3198 1129 μετά
3223 1056 3286 1110 τὺ
3322 1055 3475 1119 τέλος
3499 1054 3610 1126 (ει)
3632 1073 3646 1087 ο
3699 1055 3766 1108 τὸ

2181 1156 2278 1228 μὲν
2294 1154 2402 1227 γὰρ
2417 1154 2512 1208 τοῦ
2537 1153 2862 1224 θνήσκοντος
2879 1149 3218 1218 ἐξελεύσεται
3248 1147 3466 1220 πνεῦμα
3481 1146 3614 1218 (25),
3631 1146 3766 1200 ἔνθα

2180 1247 2246 1302 ἂν
2278 1248 2470 1322 ἀπάγῃ
2491 1248 2520 1300 6
2545 1246 2803 1314 ἀπάγωνο
2838 1243 2868 1297 6
2893 1243 2950 1298 δὲ
2977 1241 3162 1306 λοιπὸς
3186 1241 3470 1313 ἄνθρωπος
3493 1240 3768 1310 ἀποστρέ-

2177 1340 2271 1410 ψει
2299 1341 2380 1403 εἰς
2404 1339 2503 1410 τὴν
2529 1338 2632 1409 γῆν
2673 1335 2862 1400 αὑτοῦ,
2891 1334 3055 1406 νόμον
3096 1333 3311 1404 φύσεως
3335 1332 3558 1405 πληρῶν
3579 1333 3637 1386 ὃν
3662 1334 3767 1385 ἐπ-

2180 1429 2424 1502 έσκηψεν
2441 1428 2679 1502 ἀρχῆθεν
2698 1431 2727 1482 6
2751 1427 2884 1492 Θεὸς
2903 1426 2982 1497 τῷ
3015 1425 3185 1497 Ἀδὰμ
3215 1424 3402 1479 εἰπών·
3432 1423 3521 1492 Γῆ
3551 1421 3624 1490 εἴ,
3665 1423 3769 1477 καί

2178 1523 2267 1587 εις
2325 1518 2444 1591 m'r
2500 1519 2856 1574 ἀπελεύσειο
2907 1510 2969 1571 οὗ
3026 1517 3344 1588 λεγόμενον,
3395 1516 3461 1569 Οἱ
3513 1515 3771 1586 λογισμοὶ

2181 1613 2383 1676 πάντες
2412 1610 2505 1675 οὓς
2539 1611 2624 1666 ἔτι
2649 1608 2858 1681 περιὼν
2897 1607 2974 1680 τῷ
2999 1607 3101 1679 βίῳ
3130 1609 3409 1678 συνήγαγε
3435 1610 3562 1679 παρ’
3588 1606 3770 1677 ἐαυτῷ

2178 1701 2579 1773 διανοούμενος,
2614 1703 2709 1755 καὶ
2749 1699 2941 1773 ὥσπερ
2982 1717 3067 1765 τις
3111 1699 3329 1764 αίὼνιος
3375 1698 3619 1766 συνάγων
3670 1698 3772 1752 καὶ

507 1811 623 1861 ros,
658 1797 920 1852 terribilia
960 1811 1020 1851 se
1051 1797 1320 1850 facturum
1367 1797 1664 1867 spondens,
1699 1805 1756 1852 et
1780 1794 1901 1850 aliis
1933 1809 2081 1850 com-

2187 1795 2530 1868 θησαυρίζων
2553 1795 2648 1848 ἐπὶ
2674 1795 2798 1865 γῆς,
2835 1795 3083 1864 ποιήσειν
3120 1809 3181 1846 τε
3207 1792 3276 1846 τὰ
3303 1791 3451 1846 δεινὰ
3485 1791 3772 1860 ἐπαγγελ-

503 1889 741 1948 minans,
779 1903 882 1942 una
920 1888 1054 1942 hora
1099 1886 1364 1957 dissipata
1407 1887 1684 1957 peribunt,
1716 1896 1936 1952 cuncta,
1995 1886 2080 1940 in-

505 1995 690 2049 quam,
714 1979 938 2034 consilia
970 1979 1388 2044 dominantium,
1417 1980 1508 2049 qui
1553 1994 1586 2033 a
1633 1979 1789 2049 plebe
1820 1978 2082 2047 suspicie-

505 2074 728 2129 bantur.
772 2073 839 2128 Et
871 2071 1090 2141 quidem
1151 2073 1285 2126 dicit
1347 2073 1620 2142 principes
1666 2070 1828 2139 hujus
1855 2069 2079 2136 saeculis;

507 2179 743 2233 namque
767 2173 822 2218 et
848 2164 900 2218 hi
937 2163 1202 2218 caducum
1253 2163 1458 2219 habent
1496 2163 1883 2234 principatum.
1932 2159 2084 2216 Unus

508 2250 704 2306 salutis
731 2264 926 2306 auctor
951 2252 1212 2306 Servatur
1229 2259 1336 2314 est,
1363 2251 1454 2321 qui
1479 2251 1557 2306 ait
1584 2268 1598 2306 :
1653 2249 1820 2305 Nemo
1851 2251 2084 2319 amplius

509 2341 742 2397 salvablt
774 2352 970 2411 praeter
991 2359 1099 2398 me.
1137 2341 1194 2397 Si
1221 2356 1350 2412 ergo
1380 2343 1447 2398 ab
1488 2343 1599 2406 illo,
1643 2357 1748 2396 non
1782 2352 1964 2396 autem
2002 2341 2082 2394 vi-

507 2433 660 2486 ribus
690 2432 920 2503 propriis
942 2433 1239 2500 salvantur,
1268 2435 1539 2503 quomodo
1573 2434 1705 2490 alios
1738 2434 1952 2490 salvare
1984 2449 2081 2504 po-

505 2533 689 2580 terunt
717 2526 741 2580 ἲ

617 2708 778 2766 Vens.
815 2708 868 2764 6.
903 2710 1007 2774 Qui
1042 2709 1269 2763 custodit
1308 2709 1580 2761 veritatem
1612 2710 1666 2760 in
1697 2709 1976 2763 steculum.

593 2801 798 2872 Nempe
828 2801 1095 2856 dictorum
1145 2816 1390 2865 suorum,
1419 2815 1539 2869 quae
1571 2801 1623 2854 in
1663 2800 1962 2871 Scripturis
1989 2817 2086 2858 ex-

503 2895 704 2966 posuit,
732 2894 1017 2948 veritatem
1043 2893 1423 2961 comprobans.
1446 2891 1701 2948 Promisit
1721 2895 1866 2950 enim
1888 2911 1948 2951 se
1967 2910 2085 2961 eos,

507 3003 630 3042 cum
655 2985 920 3056 judicium
953 2982 1069 3050 ﬁet,
1099 2983 1548 3055 puniturum,qui
1581 2985 1633 3038 in
1663 2997 1928 3055 prasente
1976 2989 2084 3043 vita

2181 1886 2426 1958 λόμενος,
2458 1887 2556 1940 καὶ
2601 1885 2763 1940 πάλιν
2791 1884 2999 1956 ἑτέροις
3023 1883 3283 1949 ἀπειλῶν,
3319 1882 3426 1936 ὑπὸ
3457 1883 3586 1951 μίαν
3615 1883 3774 1954 ὥρα)

2185 1977 2596 2050 σϐεσθήσονται,
2636 1977 2732 2031 καὶ
2765 1977 3094 2031 ἀπολοῦνται
3125 1977 3325 2040 πάντες
3355 1978 3404 2030 οἱ
3433 1974 3776 2047 διαλογισμοὶ

2183 2071 2384 2134 αὐτῶν,
2408 2069 2609 2142 δηλαδὴ
2632 2069 2741 2124 τῶν
2781 2069 3058 2142 ἀρχόντων
3083 2069 3194 2122 τῶν
3221 2068 3371 2141 παρὰ
3394 2067 3608 2131 πολλοῖς
3641 2066 3776 2122 θαυ-

2187 2162 2532 2234 μαζομένων.
2580 2164 2742 2233 Λέγοι
2781 2165 2829 2219 δ’
2874 2163 2940 2219 ἂν
2987 2165 3083 2219 καὶ
3129 2164 3398 2237 ἄρχοντας
3438 2164 3627 2218 τούτου
3671 2163 3776 2217 τοῦ

2182 2255 2406 2320 αἰῶνοςο
2441 2257 2801 2330 μεταπτωτὴν
2830 2257 2943 2330 γὰρ
2987 2259 3081 2312 καὶ
3109 2252 3254 2312 οὗτοι
3297 2258 3488 2329 ¹ἔχουσι
3531 2257 3628 2329 τὴν
3666 2258 3741 2329 ἀρ
3763 2286 3779 2298 ο

2183 2351 2318 2420 χήν·
2363 2352 2393 2403 6
2429 2349 2487 2403 δὲ
2534 2349 2722 2422 Σωτὴρ
2757 2350 2916 2422 μόνος
2959 2349 3132 2414 αἴτιος
3173 2351 3467 2422 σωτηρίας,
3509 2352 3537 2403 6
3565 2349 3776 2422 λέγων·

2185 2446 2380 2510 Σὼζων
2417 2443 2601 2498 οὐκέτι
2643 2442 2822 2516 πάρεξ
2859 2441 3024 2514 ἐμοῦ’
3061 2443 3109 2495 εί
3139 2441 3316 2496 τοίνυν
3360 2441 3418 2509 ἐξ
3463 2440 3646 2495 αὐτοῦ’
3677 2441 3779 2494 καὶ

2183 2539 2285 2590 οὐκ
2307 2538 2517 2591 οἴκοθεν
2553 2536 2835 2602 σώζονται,
2877 2535 2994 2601 πῶς
3025 2535 3242 2607 ἐτέρους
3282 2533 3476 2601 σώζειν
3515 2535 3778 2607 δυνήσον-

2184 2645 2274 2681 ται
2300 2645 2314 2694 ;

2297 2717 2410 2772 Τὸν
2444 2717 2845 2788 φυλάσσοντα
2875 2715 3166 2784 ἀλήθειαν
3195 2718 3284 2784 εἰς
3305 2715 3412 2770 τὸν
3436 2714 3644 2792 αζῶνα.

2256 2810 2378 2865 Τῶν
2420 2809 2592 2879 λόγων
2643 2809 2830 2875 αὐτοῦ,
2866 2805 2941 2864 ὧν
2970 2812 3028 2865 ὲν
3068 2812 3191 2876 ταῖς
3231 2811 3476 2883 Γραφαῖς
3515 2810 3783 2881 ἐπηγγεί-

2185 2899 2338 2966 λατο,
2397 2899 2762 2972 πιστούμενος
2819 2898 2919 2972 τὴν
2965 2900 3257 2972 ἀλήθειαν’
3311 2900 3618 2972 ἐκδικήσειν
3662 2900 3781 2973 γάρ

2187 2993 2550 3066 ἐπηγγείλατο
2595 2993 2722 3056 τοὺς
2760 2992 2903 3046 κατὰ
2937 2991 3029 3046 τὸν
3061 2993 3304 3066 παρόντα
3329 2992 3443 3064 βίον
3478 2993 3781 3064 ἀδικουμέ-

509 3080 694 3149 inique
713 3093 772 3132 se
793 3077 1084 3148 gesserint.
1108 3074 1202 3131 Est
1234 3085 1289 3130 et
1321 3076 1424 3130 alia
1448 3077 1738 3146 promissio
1769 3095 1783 3131 :
1817 3077 1972 3132 Beati
1993 3080 2081 3150 qui

2188 3105 2330 3151 νους,
2359 3088 2418 3141 ἐν
2443 3085 2622 3159 καιρῴ
2645 3085 2722 3157 τῷ
2744 3085 2845 3157 τῆς
2865 3084 3101 3157 κρίσεως
3122 3101 3135 3114 ο
3165 3085 3259 3138 καὶ
3285 3083 3416 3156 ἄλλη
3447 3083 3780 3151 ἐπαγγελία,

507 3173 744 3227 esuriunt
767 3179 817 3226 et
842 3171 1053 3235 sitiunt,
1077 3170 1324 3238 quoniam
1383 3170 1484 3236 ipsi
1527 3170 1937 3236 saturabuntur,
1995 3189 2081 3226 vos

2189 3177 2269 3233 τόο
2291 3177 2576 3247 Μακάριοι
2597 3181 2650 3231 οι
2667 3175 2990 3240 πεινῶντες
3014 3174 3112 3229 καί
3136 3173 3452 3244 διψῶντες,
3478 3175 3566 3228 ὅτι
3602 3175 3781 3228 αὐτοὶ

508 3272 684 3314 autem
733 3260 974 3314 esurietis
1029 3261 1098 3314 τ’.
1140 3259 1280 3328 Quin
1320 3259 1456 3314 adeo
1503 3260 1816 3316 sensibilem
1868 3279 2088 3333 quoque

508 3368 690 3408 escam
726 3353 992 3409 famelicis
1015 3354 1069 3409 in
1097 3354 1313 3409 deserto
1334 3353 1582 3409 exhibuit
1607 3371 1827 3424 manna,
1859 3366 1912 3411 et
1935 3358 2090 3427 quin-

507 3458 617 3516 que
640 3445 914 3500 hominum
933 3445 1098 3499 millia
1132 3446 1415 3512 saturavit,
1436 3453 1492 3501 et
1521 3461 1618 3515 per
1644 3463 1863 3504 corvum
1890 3451 2087 3517 Eliam,

506 3545 565 3591 et
620 3551 716 3607 per
777 3537 1093 3608 prophetam
1130 3537 1438 3592 Abacucum
1479 3539 1780 3596 Danieletn.
1820 3539 1916 3597 Jus
1945 3543 2080 3598 dixit

510 3626 836 3682 calumniam
887 3627 1060 3697 passis
1096 3625 1328 3698 Josepho
1355 3637 1522 3699 atque
1565 3630 1853 3700 Susanna,
1891 3633 1968 3689 illi
2020 3634 2088 3690 ab

511 3717 765 3790 Egyptia
799 3717 997 3774 femina
1019 3761 1033 3785 ,
1061 3721 1187 3777 huic
1213 3736 1243 3773 a
1272 3719 1548 3788 iudicibus
1585 3720 1822 3789 lsraelis,
1875 3741 2085 3781 necnon

514 3815 703 3871 Davidi
756 3829 788 3868 a
820 3813 1004 3870 Saule.
1051 3812 1215 3870 Plena
1259 3812 1568 3884 huiusmodi
1607 3815 1870 3886 exemplis
1904 3817 2084 3873 divina

510 3907 784 3962 volumina
812 3915 955 3960 sunt.

512 3996 680 4052 Vens.
727 3997 778 4050 7.
819 3994 1074 4050 Dominus
1121 3993 1274 4076 soluit
1314 3998 1654 4078 compeditos,
1702 3997 1961 4054 Dominus
1995 4000 2088 4054 dat

1037 4080 1187 4120 otects
1227 4077 1558 4136 sapientiam.

583 4157 933 4229 Compeditos
957 4158 1141 4223 solvit,
1170 4158 1551 4213 remissionem
1599 4169 1950 4230 peccatorum
1985 4159 2090 4215 lar-

511 4253 668 4322 giens
689 4254 759 4309 iis
798 4253 894 4324 qui
941 4251 1267 4308 delictorum
1307 4266 1529 4308 suorum
1573 4253 1780 4307 catenis
1809 4254 2086 4308 constn‘n-

513 4355 735 4418 guntur.
771 4346 994 4403 Videtur
1022 4356 1200 4402 autem
1229 4345 1316 4400 his
1341 4342 1527 4400 verbis
1573 4343 1916 4400 vocationem
1955 4361 2087 4416 gen-

2189 3267 2730 3337 χορτασθήσονται,
2753 3263 2922 3335 ὑμεῖς
2941 3263 3010 3316 δὲ
3037 3262 3369 3318 πεινάσετε
3389 3263 3526 3319 ἀλλὰ
3561 3265 3656 3318 καὶ
3688 3267 3783 3318 αξ-

2191 3357 2401 3430 σθητῶς
2449 3356 2653 3431 τροφὴν
2702 3358 2760 3410 ἐν
2808 3357 3002 3429 ἐρήμῳ
3045 3359 3158 3421 τοῖς
3203 3353 3428 3409 πεινῶσι
3478 3356 3538 3409 τὸ
3596 3356 3782 3426 μάννα

2190 3451 2452 3523 παρέσχε,
2491 3451 2586 3504 καὶ
2615 3450 2777 3503 πέντε
2827 3449 3073 3520 χιλιάδας
3112 3448 3382 3522 διέθρεψε,
3414 3449 3510 3502 καὶ
3550 3447 3636 3502 διά
3677 3465 3782 3502 κο-

2192 3542 2374 3612 ράκων
2416 3540 2624 3605 Ἠλίαν,
2655 3540 2749 3593 καὶ
2778 3539 2846 3593 δι’
2891 3538 3217 3611 Ἀμϐακοὺμ
3239 3538 3332 3593 τοῦ
3367 3541 3643 3611 προφήτου
3679 3537 3782 3592 τὸν

2190 3631 2418 3704 Δανιήλ·
2455 3631 2677 3703 ἐποίησε
2707 3631 2765 3685 δὲ
2801 3632 2975 3705 κρίμα
2997 3634 3109 3696 τοῖς
3143 3631 3522 3702 ἀδικουμένοις
3569 3631 3778 3702 Ἰωσὴφ

2190 3725 2284 3779 καὶ
2310 3724 2587 3796 Σωσάννῃ,
2618 3723 2695 3795 τῷ
2729 3724 2830 3794 μὲν
2859 3723 2966 3778 ὑπὸ
2991 3724 3091 3795 τῆς
3125 3723 3450 3792 Αἰγυπτίας,
3482 3725 3549 3794 τῇ
3574 3721 3631 3776 δὲ
3665 3722 3781 3775 ὑπὸ

2188 3819 2297 3872 τῶν
2329 3815 2532 3889 κριτῶν
2577 3814 2812 3886 Ἰσραὴλ,
2853 3815 2946 3870 καὶ
2976 3813 3055 3885 τῷ
3084 3813 3247 3868 Δαυῒδ
3291 3815 3394 3868 ὑπὸ
3433 3812 3627 3868 Σαούλ.
3661 3815 3782 3868 Καὶ

2191 3908 2372 3980 πλήρη
2393 3906 2502 3962 τῶν
2526 3905 2782 3960 τοιούτων
2810 3905 2880 3959 τὰ
2913 3905 3031 3960 θεῖα
3057 3902 3466 3978 συγγράμματα

2187 4002 2404 4070 Κύριος
2459 4001 2592 4055 λύει
2650 3998 3126 4124 πεπεδημῖνους,
3174 3999 3392 4070 Κύριος
3442 3997 3629 4070 σοφοῖ
3678 4017 3786 4054 τυ·

2863 4087 2904 4124 φ
2949 4087 3077 4124 ουρ.

2861 4087 3077 4139 φαιους.

2260 4161 2677 4233 Πεπεδημένους
2708 4161 2846 4226 λύει,
2883 4161 3078 4232 ἄφεσιν
3127 4161 3413 4234 ἁμαρτιῶν
3443 4162 3615 4226 διδοὺς
3653 4165 3784 4228 ταῖς

2189 4257 2399 4326 σειραῖς
2442 4253 2552 4307 τῶν
2613 4254 2760 4308 ίδίων
2810 4254 3227 4326 ἁμαρτημάτων
3289 4254 3780 4327 κατεσφιγμένοις.

2191 4347 2376 4401 "Eant:
2400 4345 2458 4399 δὲ
2485 4345 2575 4399 διὰ
2600 4345 2804 4400 τούτων
2819 4347 3154 4401 αἰνίττεσθαι
3171 4348 3272 4419 τὴν
3299 4347 3410 4402 τῶν
3441 4347 3612 4404 ἐθνῶν
3638 4346 3784 4420 κλῆ-

515 4439 648 4494 tium
676 4439 922 4506 innuere,
971 4451 1181 4493 necnon
1229 4435 1442 4491 Domini
1497 4435 1640 4490 inter
1669 4435 1920 4526 homines
1945 4451 2081 4505 prte-

2193 4453 2298 4501 σιν,
2328 4435 2424 4491 καὶ
2455 4434 2551 4488 τοῦ
2583 4435 2792 4506 Κυρίου
2824 4435 2923 4508 τὴν
2960 4437 3047 4501 εἰς
3079 4436 3402 4510 ἀνθρώπους
3445 4439 3782 4510 παρουσίαν,

512 4533 768 4600 sentiam,
795 4542 851 4587 et
882 4531 1011 4587 hinc
1040 4530 1240 4584 factum
1273 4530 1528 4588 omnibus
1581 4528 1927 4584 medicinam.
1951 4527 2081 4586 Haec

2190 4530 2290 4602 τήν
2335 4546 2395 4582 τε
2440 4528 2508 4582 δι’
2559 4529 2731 4599 αὐτῆς
2787 4527 2962 4583 ἅπασι
3024 4530 3398 4602 γενησομένην
3452 4530 3714 4603 θεραπεί;
3732 4551 3781 4586 θ.

511 4622 647 4678 mihi
672 4620 928 4690 cogitatio
962 4619 1173 4682 incidit,
1196 4618 1254 4671 in
1284 4618 1602 4674 memoriam
1637 4620 1910 4676 revocanti
1932 4619 2088 4677 Isaiae

510 4715 578 4770 de
598 4713 887 4768 Senators
912 4719 1096 4766 nostro
1120 4709 1549 4779 praedictionem,
1595 4726 1700 4781 qna
1744 4712 1913 4768 dicit:
1949 4714 2086 4770 Ecce

511 4803 661 4873 posui
699 4814 747 4856 te
775 4811 832 4856 ut
851 4803 924 4856 sis
956 4802 1124 4871 [mdus
1146 4801 1371 4872 generis,
1401 4801 1574 4858 lumen
1591 4805 1847 4874 gentium;
1871 4816 1927 4859 ιιι
1949 4823 2080 4860 ocu-

511 4896 589 4950 los
619 4911 877 4950 caecorum
903 4895 1130 4963 aperias,
1156 4904 1210 4948 ut
1235 4895 1457 4950 vinculis
1486 4897 1716 4952 detentos
1742 4900 1989 4966 expedias
2014 4900 2081 4956 ⁷⁸.

513 4988 606 5042 Sic
635 4989 778 5042 enim
813 4996 869 5043 et
913 4987 1016 5043 hoc
1039 4987 1160 5045 loco
1210 4987 1470 5044 Dominus
1514 4990 1849 5059 compeditos
1895 4991 2079 5047 solvit.

512 5077 648 5134 Tum
709 5087 764 5133 et
819 5077 950 5132 illud
991 5078 1188 5133 dicitur
1236 5098 1252 5133 :
1319 5079 1575 5134 Dominus
1632 5081 1727 5134 dat
1772 5081 1925 5136 catt-is
1987 5098 2081 5135 sa-

509 5171 783 5241 pientiam.
813 5169 960 5226 Sane
986 5170 1183 5226 mirum
1213 5181 1320 5239 est,
1343 5187 1577 5244 corpore
1613 5173 1794 5238 cacis,
1825 5174 1944 5245 plus
1982 5174 2086 5229 ali-

512 5264 643 5335 quid
695 5262 1066 5334 intelligentia‘.
1113 5265 1292 5320 inesse
1341 5265 1552 5334 solere,
1593 5266 1721 5336 quia
1761 5265 1902 5322 Deus
1963 5266 2086 5322 illos

581 5437 628 5470 ⁷³
664 5437 806 5494 Psal.
853 5454 1024 5507 cxvtt,
1057 5441 1111 5507 8,
1133 5440 1187 5497 9.
1263 5439 1310 5473 "
1336 5438 1476 5497 Gen.
1527 5456 1614 5510 ιιι,
1649 5437 1740 5497 l9.
1815 5441 1861 5476 ⁷⁷
1887 5439 2138 5507 Mattlm,
2169 5439 2244 5508 6;
2285 5440 2419 5501 Luc.
2465 5456 2556 5508 vt,
2585 5444 2646 5498 2|
2671 5485 2688 5512 ,
2721 5444 2813 5500 25.

585 5599 698 5677 (gi)
729 5601 802 5658 De
830 5601 1146 5677 prtescripto
1185 5601 1314 5677 vitta
1363 5604 1592 5677 termino
1623 5604 1820 5677 legcsis
1854 5607 2066 5677 longam

514 5670 1203 5807 fiipatriarchze
1237 5670 1821 5736 CP.»dissertatio'nem
1856 5695 1884 5735 a
1920 5670 2076 5735 n'obis

2189 4621 2359 4676 Τοῦτο
2397 4620 2456 4674 δὲ
2489 4623 2632 4675 νοεῖν
2668 4637 2757 4691 μοι
2797 4619 3033 4692 ἐπῆλθεν
3061 4623 3143 4685 είς
3191 4623 3414 4695 μνήμην
3447 4621 3782 4679 ἀναλαϐόντι

2187 4713 2286 4786 τὴν
2329 4713 2550 4768 Ἡσαΐου
2579 4714 2708 4785 περὶ
2737 4712 2833 4767 τοῦ
2862 4715 3114 4786 Σωτῆρος
3146 4714 3304 4786 ήμῶν
3339 4715 3663 4787 πρόρρησιν,
3697 4714 3783 4770 δι’

2188 4803 2257 4879 ἦς
2283 4825 2447 4880 φησιν
2467 4825 2481 4839 ⁸
2536 4807 2682 4863 Ἰδοὺ
2716 4807 2951 4864 τέθεικὰ
2976 4822 3051 4862 σε
3073 4810 3162 4874 είς
3197 4807 3494 4878 διαθήκην
3529 4808 3779 4879 γένους,

2187 4901 2274 4964 εὶς
2299 4897 2426 4969 φῶς
2456 4897 2666 4964 ἐθνῶν,
2694 4899 2928 4965 ἀνοῖξαι
2953 4902 3302 4973 ὀφθαλμοὺς
3350 4902 3618 4972 τυφλῶν,
3671 4902 3782 4968 ἐξ-

2189 4991 2433 5063 αγαγεῖν
2453 4992 2522 5046 ἐκ
2544 4990 2785 5062 δεσμῶν
2815 4992 3192 5066 δεδεμένους.
3220 4995 3378 5051 Οὕτω
3404 4997 3514 5070 γὰρ
3556 4999 3650 5052 καὶ
3681 4999 3778 5053 ἐν·-

2189 5081 2364 5136 ταῦθα
2392 5084 2422 5135 6
2465 5081 2671 5154 Κύριος
2693 5082 2810 5136 λύει
2839 5085 3278 5159 πεπεδημένουςο
3327 5089 3537 5160 εἴρηται
3579 5088 3635 5142 δέ
3676 5091 3779 5144 καὶ

2187 5175 2272 5239 τὸ,
2319 5176 2383 5228 Ὀ
2414 5176 2631 5243 Κύριος
2663 5176 2852 5246 σοφοῖ
2893 5180 3184 5248 τυφλούς·
3214 5178 3495 5252 θαυμάσαι
3523 5180 3569 5233 δ’
3594 5180 3774 5244 ἐστιν,

2190 5267 2340 5330 ὅπως
2365 5265 2458 5320 καὶ
2485 5267 2598 5330 τοῖς
2616 5266 2685 5320 τὰ
2711 5267 2938 5338 σώματα
2963 5270 3159 5341 πηροῖς
3205 5270 3391 5325 πλεῖόν
3414 5287 3468 5325 τι
3503 5271 3778 5338 συνέσεως

2889 5447 2936 5478 ’⁵⁸
2967 5446 3072 5502 Isa.
3108 5460 3240 5511 χιιι,
3273 5445 3326 5501 6.

2262 5605 2375 5676 (25)
2409 5606 2502 5678 De
2542 5606 2740 5661 animae
2791 5607 2938 5662 exitu
2970 5607 3165 5678 legitur
3214 5607 3438 5678 humilia
3472 5606 3532 5662 S.
3572 5606 3767 5678 Cyrilli

2189 5675 2730 5746 AleXLeditiouibus,
2763 5692 2923 5746 quam
2968 5675 3148 5734 tamen
3177 5677 3392 5734 codices
3414 5691 3442 5730 a
3465 5692 3550 5731 me
3573 5675 3772 5732 obser-

2191 5747 2302 5805 vati
2329 5745 2626 5818 Theophilo
2658 5745 2988 5818 ejus’patruo
3013 5764 3078 5826 ac
3111 5749 3386 5807 decessori
3425 5747 3694 5822 tribuunt.
