4062 6400
2389 325 2410 354 ἷ

239 409 312 463 65
1368 401 1862 462 COMMENTARIA
1900 404 1964 458 IN
2005 405 2343 464 PSALMOS.
3444 411 3515 466 66

240 526 498 601 πάρεστι,
552 523 647 579 τοῦ
692 524 828 578 Θεοῦ
861 523 1183 595 σοφίσαντος
1209 523 1407 588 αὐτοὺς
1433 525 1555 578 ἀντὶ
1587 523 1686 596 τῆς
1719 523 1826 578 τῶν

1934 525 2192 580 acntioris
2242 513 2440 597 ingenii
2495 526 2676 593 efﬁcit,
2732 535 2950 598 propter
2989 525 3270 581 oculorum
3309 524 3518 583 orbita-

237 619 537 693 ὀφθαλμῶν
567 619 894 690 στερήσεως.

500 710 798 781 Ὀρφανὸν
825 708 923 762 καὶ
958 707 1155 778 χήραν
1192 707 1588 777 ἀναλήψεται.

308 805 376 858 Al
409 801 784 858 ἀποϐαλοῦσαι
805 801 975 873 ψυχαὶ
1001 802 1094 856 τὸν
1127 801 1420 872 γενόμενον
1446 801 1503 853 ὲν
1529 798 1700 870 κακίᾳ
1725 815 1831 851 πα-

236 897 374 969 τέρα
400 894 580 950 αὐτῶν
598 892 865 957 διάϐολον,
889 893 923 966 ἦ
952 893 1045 948 καὶ
1067 893 1258 967 ἄνδρα,
1287 890 1522 964 ὀρφαναὶ
1543 891 1638 945 καὶ
1659 891 1826 962 χῆραι

238 986 756 1060 άναλαμϐανόμεναί
820 989 959 1040 είσι·
1033 985 1237 1040 τούτων
1305 982 1743 1056 ἀναληφθέντων,
1792 985 1826 1055 ἡ

236 1078 349 1133 τῶν
376 1075 717 1149 ἁμαρτωλῶν
755 1076 874 1140 ὁδὸς
897 1077 997 1130 οὐκ
1028 1075 1166 1147 άλλη
1191 1075 1291 1147 τῆς
1337 1075 1538 1138 κακίας
1567 1068 1700 1126 οὖσα
1726 1073 1830 1127 ὑπὸ

237 1170 376 1225 Θεοῦ
405 1169 856 1241 ἀφανισθήσεται.
889 1169 999 1223 Καὶ
1039 1167 1211 1222 ταῦτα
1253 1167 1354 1238 μὲν
1385 1166 1634 1238 είρηνται
1665 1163 1829 1236 άλλη-

237 1260 626 1335 γορικώτερον.
683 1260 883 1332 Χηρῶν
936 1260 994 1314 δὲ
1046 1259 1197 1328 λέγει
1265 1259 1326 1312 ού
1369 1258 1481 1312 τῶν
1526 1257 1826 1330 τυχουσῶν,

237 1354 376 1408 ἀλλὰ
396 1352 507 1406 τῶν
532 1352 628 1406 σὺν
647 1351 840 1422 ἁγνεία
865 1351 960 1404 καὶ
987 1350 1276 1421 σεμνότητι
1306 1347 1666 1403 διατελουσῶν
1685 1387 1700 1412 ,
1729 1349 1826 1419 ὀρ-

238 1446 428 1518 φανῶν
485 1445 563 1510 se,
593 1445 721 1507 τοὺς
755 1443 1068 1502 θεοσεϐείας
1097 1441 1261 1496 ἕνεκα
1293 1441 1690 1505 καταλιπόντας
1737 1457 1830 1509 γε-

238 1540 369 1603 νεάς
397 1538 529 1610 (26).

764 1626 1056 1682 ΨΑΑΜΟΣ
1094 1627 1270 1694 ΡΜςο

325 1721 415 1776 Ἐν
442 1719 520 1791 τῷ
547 1718 773 1790 παρόντι
801 1716 1004 1789 ψαλμῷ
1047 1717 1166 1771 ἀντὶ
1193 1715 1312 1781 τοῦ,
1348 1716 1567 1770 αινεῖτε
1595 1716 1703 1770 τὸν
1721 1718 1831 1772 Κύ-

232 1831 388 1885 ριον,
411 1817 440 1868 6
461 1814 557 1886 μὲν
587 1812 902 1884 Σύμμαχος,
933 1811 1291 1878 mmmam,
1320 1809 1408 1864 ὅτι
1432 1809 1656 1878 ἀγαθὸν
1677 1810 1824 1879 ᾠδὴ,

1936 627 2040 673 tem
2049 662 2064 675 .

2155 710 2315 765 Vens.
2347 713 2399 768 9.
2439 711 2709 782 l‘upillum
2734 723 2782 768 et
2805 713 3017 767 viduam
3047 714 3313 784 suscipiet.

2002 807 2214 861 Animae
2249 821 2369 876 quae
2395 820 2426 859 a
2455 804 2672 860 diabolo
2705 814 2860 874 patre
2887 809 3128 874 ipsarum
3160 815 3254 860 aut
3281 805 3506 860 viro-de-

1933 896 2136 952 stitutae
2197 895 2436 960 fuerunt,
2482 897 2563 949 hae
2608 894 2860 949 videlicet
2885 894 2992 948 illa!
3014 904 3142 948 sum
3165 894 3423 964 orphante
3449 909 3516 948 ac

1932 985 2108 1040 viduae
2130 999 2267 1055 quas
2316 985 2460 1040 Deus
2493 983 2740 1054 suscipit.
2779 982 2873 1038 His
2919 985 3207 1054 susceptis,
3267 995 3518 1054 peccato—

1937 1093 2055 1133 rum
2090 1093 2184 1132 seu
2231 1077 2450 1132 malitia:
2479 1078 2564 1131 via
2592 1077 2907 1132 destruetur
2933 1091 2962 1131 a
3001 1076 3130 1132 Deo.
3187 1076 3363 1146 Atque
3400 1078 3517 1134 haec

1933 1171 2228 1242 allegorice
2266 1171 2446 1241 potius
2465 1180 2592 1224 sunt
2634 1171 2800 1225 dicta.
2831 1171 2908 1226 De
2940 1172 3120 1225 viduis
3139 1180 3318 1225 autem
3351 1171 3519 1240 loqui-

1933 1273 2022 1318 tur
2051 1279 2156 1318 non
2189 1264 2546 1334 quibuslibet,
2574 1265 2667 1318 sed
2706 1263 2900 1333 pudice
2957 1271 3252 1332 sancteque
3281 1263 3516 1318 viventi-

1932 1354 2328 1424 hus.qupillos
2351 1356 2583 1424 denique
2625 1355 2862 1424 appellat
2900 1353 2994 1424 qui
3027 1353 3305 1424 religionis
3350 1367 3512 1409 causa

1933 1449 2197 1503 omittunt
2221 1447 2444 1519 generis
2479 1447 2948 1518 propagationem.

2428 1643 2550 1698 PSA
2563 1643 2749 1699 LMUS
2790 1640 3019 1699 CXLVI.

1999 1737 2278 1794 Praesente
2312 1738 2364 1792 in
2384 1737 2615 1805 psalmo,
2640 1751 2761 1805 pro,
2789 1736 3004 1790 laudate
3032 1735 3336 1800 Dominum,
3358 1735 3515 1807 Sym-

1932 1833 2157 1886 machus
2174 1830 2329 1894 dixit,
2350 1829 2586 1891 alleluia,
2603 1829 2729 1898 quia
2747 1829 2879 1882 bona
2898 1845 2978 1883 res
3001 1829 3287 1892 canticum,
3313 1830 3514 1883 omissa

237 1908 481 1982 εἴρηκεν,
515 1909 916 1980 ἀνερμήνευτον
950 1905 1193 1975 φυλάξας
1225 1905 1322 1977 τὴν
1365 1903 1635 1975 Ἐϐραίων
1680 1903 1826 1970 λέξιν

1934 1925 2378 1991 interpretatione
2407 1922 2661 1977 llehraici
2693 1921 2966 1984 vocabuli,
2999 1921 3364 1990 significantis
3396 1921 3512 1986 lqu-

236 2001 338 2074 τὴν
371 2001 741 2072 σημαίνουσαν
771 1999 852 2063 τὸ,
901 1997 1119 2052 ala-sits
1155 1997 1264 2052 τὸν
1305 1997 1544 2065 Κύριον.
1592 1997 1826 2067 Ὁμοίως

237 2093 295 2146 δὲ
325 2093 422 2146 καὶ
445 2094 479 2162 ή
510 2092 736 2162 πέμπτη
763 2090 993 2154 ἐκδοσις,
1029 2090 1248 2144 αἱνεῗτε
1285 2087 1395 2142 τὸν
1427 2089 1508 2153 ιὰ,
1537 2087 1821 2153 ἐξέδωκεν.

248 2186 312 2241 Ὀ
360 2186 461 2258 μὲν
483 2179 576 2239 οὖν
607 2185 713 2256 πρὸ
745 2183 935 2238 τούτου
968 2183 1183 2255 ψαλμὸς
1220 2184 1319 2254 μιᾷ
1347 2181 1492 2253 ψυχῇ
1527 2183 1697 2236 αἰνεῖν
1734 2182 1826 2235 τὸν

237 2276 446 2349 Κύριον
481 2274 948 2350 παρακελεύεταιο
993 2273 1229 2329 ἐνταῦθα
1261 2275 1319 2328 δὲ
1353 2275 1581 2346 πλήθεσι
1606 2274 1826 2342 λέγεται

237 2370 325 2434 τὸ,
352 2369 570 2422 alt-size
599 2369 702 2422 τὸν
725 2369 965 2437 Κύριονο
990 2366 1175 2436 ἐπειδὴ
1199 2365 1401 2430 οὐδεὶς
1424 2364 1646 2435 ἀγαθὸς
1671 2368 1720 2419 εί
1738 2364 1825 2434 μὴ

235 2459 331 2531 εἷς
365 2467 399 2517 ό
433 2463 595 2529 Θεὸς,
633 2462 853 2525 εἰκότως
897 2461 1005 2515 πᾶν
1033 2461 1094 2514 τὸ
1124 2461 1205 2522 είς
1239 2457 1405 2512 αὑτοῦ
1435 2458 1592 2526 δόξαν
1625 2459 1830 2528 ἀναφε-

240 2554 495 2628 ρόμενον,
527 2554 619 2608 καὶ
650 2556 728 2617 εἰς
787 2552 952 2607 αὐτοῦ
983 2552 1150 2624 τιμὴν
1183 2552 1578 2623 πραττόμενον,
1623 2551 1827 2620 άγαθὺν

239 2647 307 2702 ἂν
340 2647 446 2718 εἴη·
483 2645 672 2717 ῶσπερ
714 2641 807 2697 οὖν
839 2643 934 2697 καὶ
970 2642 1174 2711 ἀγαθὸν
1207 2645 1236 2696 6
1275 2641 1486 2714 ψαλμδς
1518 2641 1594 2704 ὼς
1644 2639 1710 2694 ἂν
1747 2643 1826 2704 είς

239 2739 444 2807 ἀγαθὸν
471 2737 600 2792 Θεὸν
618 2736 1090 2806 ἀναπεμπόμενος.
1123 2733 1263 2787 Ἀνθ’
1291 2728 1352 2787 οῦ
1380 2734 1408 2786 6
1433 2733 1532 2804 μὲν
1573 2732 1823 2795 Ἀκύλας,

239 2831 469 2902 ἀγαθὸν
497 2827 785 2901 ἐγκώμιον
810 2828 1176 2900 ήρμήνευσενο
1199 2827 1227 2879 6
1252 2826 1308 2879 δὲ
1334 2825 1652 2896 Σύμμαχος,
1681 2825 1828 2894 ἀττι-

242 2924 353 2980 Οὸν
380 2923 526 2990 ᾠδή.
578 2922 652 2976 Οὐ
692 2921 796 2995 μὴν
827 2919 964 2974 ἀλλά
997 2919 1091 2974 κα)⁵
1113 2921 1146 2988 ἡ
1173 2917 1380 2981 αίνεσις
1407 2919 1440 2987 ὴ
1467 2919 1547 2980 είς
1573 2917 1663 2970 τὸν
1697 2915 1829 2969 Θεὸν

243 3014 677 3088 ἀναπεμπομένη
721 3012 922 3075 παντός
959 3029 1018 3064 τε
1070 3007 1303 3072 εὐώδους
1357 3007 1701 3079 θυμιάματος
1734 3006 1830 3060 καὶ

242 3111 425 3182 πάσης
445 3108 639 3181 ἡδονῆς
659 3107 825 3180 ἡδίων
850 3103 999 3176 αὐτῷ
1025 3102 1305 3174 τυγχάνει·
1333 3101 1429 3154 καὶ
1454 3100 1563 3172 γάρ
1593 3100 1668 3164 ὡς
1695 3099 1830 3169 άλη-

241 3203 354 3267 θῶς
387 3198 533 3266 αἷνος
566 3199 699 3254 Θεοῦ
733 3201 798 3252 ὲκ
826 3197 1049 3267 λογικῆς
1087 3195 1182 3249 καὶ
1225 3194 1473 3265 καθαρᾶς
1511 3191 1831 3263 ἀναπεμπό-

1929 2018 2050 2070 date
2076 2016 2379 2070 Dominum.
2409 2014 2673 2070 Similiter
2693 2014 2949 2082 etquinta
2980 2014 3170 2079 editio,
3197 2014 3414 2068 laudate
3436 2014 3514 2078 ia,

1928 2110 2126 2178 posuit.
2163 2108 2427 2178 Superior
2455 2109 2639 2178 itaque
2678 2108 2923 2177 psalmus
2949 2109 3039 2164 uni
3068 2109 3264 2162 anima:
3288 2107 3515 2162 iaudare

1930 2200 2214 2254 Dominum
2236 2204 2487 2262 mandat;
2521 2202 2609 2255 hic
2635 2209 2764 2256 verb
2791 2202 3124 2256 multitudini
3154 2201 3373 2266 dicitur,
3397 2201 3515 2254 lau-

1928 2294 2050 2346 date
2069 2293 2374 2348 Dominum.
2393 2291 2660 2360 Quoniam
2680 2310 2828 2348 nemo
2846 2298 3012 2347 bonus
3030 2295 3131 2347 nisi
3155 2294 3514 2356 unusDeus",

1931 2394 2076 2438 recte
2099 2385 2360 2454 quidquid
2405 2390 2472 2438 ad
2519 2384 2639 2452 ejus
2664 2385 2892 2454 gloriam
2931 2386 3188 2449 refertur,
3226 2395 3394 2452 atque
3441 2383 3519 2440 ob

1931 2475 2463 2529 eumbonorandnm
2517 2475 2598 2540 ﬁt,
2654 2476 2854 2530 bonum
2913 2492 3036 2532 esse
3085 2477 3512 2532 existimabitur.

1933 2566 2104 2621 Sicuti
2133 2581 2280 2622 nunc
2311 2569 2477 2622 etiam
2515 2569 2651 2622 bona
2688 2583 2773 2622 res
2796 2568 3037 2638 psalmus
3062 2568 3282 2632 dicitur,
3320 2584 3416 2622 ceu
3447 2571 3514 2623 ad

1932 2661 2130 2715 bonum
2176 2658 2342 2713 Deum
2388 2660 2648 2714 directus.
2678 2659 2786 2714 Pro
2831 2677 2938 2731 quo
2965 2660 3157 2730 Aquila
3201 2661 3393 2714 bonum
3423 2677 3519 2715 cn-

1931 2753 2158 2805 comium
2207 2752 2594 2821 interpretatus
2642 2767 2750 2808 est.
2791 2753 3150 2824 Symmachus
3199 2767 3350 2819 vero,
3379 2754 3513 2807 bona

1933 2863 2014 2899 res
2044 2847 2336 2900 canticum.
2363 2847 2708 2915 Caeteroqnin
2739 2859 2793 2900 et
2819 2847 2936 2901 laus
2957 2861 3078 2916 quae
3107 2846 3174 2899 ad
3212 2845 3378 2900 Deum
3416 2862 3517 2901 ει·-

1934 2937 2142 2992 tollitur
2175 2938 2328 2992 omni
2355 2937 2528 2992 odoro
2559 2938 2932 3009 thymiamate,
2971 2939 3227 3006 omnique
3253 2937 3516 3007 jucundi-

1936 3039 2046 3084 tate
2085 3030 2306 3085 suavior
2330 3039 2429 3084 est.
2479 3029 2687 3099 l’leapsc
2723 3031 2867 3086 enim
2921 3029 3160 3084 laudatio
3187 3031 3275 3084 Dei
3316 3016 3380 3084 ἔκ
3424 3045 3505 3082 ra-

1937 3122 2125 3176 tionali
2155 3137 2400 3192 puraque
2435 3123 2736 3192 procedens
2780 3122 2985 3187 anima,
3015 3131 3265 3191 pergrata
3307 3121 3382 3175 illi
3407 3121 3513 3176 erit

1933 3222 1988 3267 et
2020 3212 2212 3268 dulcis.
2245 3212 2455 3268 Gaudet
2483 3214 2627 3269 enim
2659 3213 2819 3275 Dens,
2842 3214 3180 3284 libenterque
3213 3213 3406 3284 recipit
3435 3221 3517 3269 ta-

244 3312 408 3368 μενος
455 3293 630 3366 ψυχῆς
680 3289 984 3363 προσφιλὴς
1027 3287 1093 3341 ἂν
1141 3285 1226 3358 είη
1279 3284 1449 3356 αύτῷ,
1497 3285 1592 3338 καὶ
1637 3283 1713 3347 ὼς
1764 3283 1829 3337 ἂν

1935 3306 2037 3360 lem
2073 3306 2324 3362 humana:
2356 3308 2554 3364 mentis
2592 3308 2849 3362 fructum.

239 3390 404 3461 εἴπερ
430 3405 512 3453 τις
540 3385 690 3458 ἡδύς·
717 3384 897 3457 χαίρει
922 3383 1030 3454 γὰρ
1061 3381 1158 3435 καὶ
1185 3380 1508 3452 ἀποδέχεται
1533 3379 1624 3431 τὸν
1657 3375 1832 3431 τοιοῦ-

242 3500 336 3536 τον
363 3481 465 3553 τῆς
497 3479 844 3552 ἀνθρωπίνης
874 3476 1112 3540 διανοίας
1142 3472 1375 3546 καρπόν.

253 3576 318 3630 '0
355 3574 600 3645 ἰώμενος
624 3573 769 3638 τοὺς
806 3567 1352 3640 συντετριμμένους
1393 3563 1510 3634 τὴν
1555 3561 1828 3632 καρδίαν.

326 3668 548 3739 Ἐπειδὴ
587 3665 838 3738 Σωτῆρὸς
882 3667 998 3718 ἐστι
1074 3663 1170 3717 καὶ
1229 3658 1416 3732 ἰατροῦ
1464 3657 1526 3711 τὸ
1579 3655 1830 3712 ἰάσασθαι

244 3765 340 3818 καὶ
375 3758 798 3831 καταδεσμεύειν
851 3756 920 3810 τά
965 3751 1427 3826 συντετριμμένα,
1477 3749 1702 3812 είκότως
1737 3747 1832 3802 καὶ

242 3855 332 3910 διὰ
354 3855 560 3908 τούτων
584 3851 798 3922 νοηθείη
818 3849 980 3912 αὐτὸς
1005 3849 1079 3901 ὢν
1105 3849 1132 3902 6
1163 3845 1410 3918 Κύριοςό
1435 3842 1625 3914 Σωτὴρ
1649 3843 1682 3912 ἡ
1692 3839 1828 3912 μῶν,

241 3950 272 4002 6
299 3945 394 4000 τοῦ
425 3943 559 3999 Θεοῦ
591 3943 762 4012 Λόγος
784 3982 798 4004 ,
834 3944 862 3994 ὁ
894 3938 1086 3994 εἰπών’
1136 3939 1218 3991 Οὐ
1251 3935 1460 4006 χρείαν
1499 3935 1750 4003 ἔχουσιν
1777 3935 1832 3986 οἱ

248 4045 570 4115 ἰσχύοντες
616 4037 840 4108 ίατροῦ,
888 4035 1024 4091 ἀλλ’
1077 4037 1129 4088 ol
1169 4031 1366 4097 κακῶς
1407 4031 1669 4098 ἔχοντες·
1721 4028 1832 4080 οὐκ

245 4137 437 4210 ἦλθαν
469 4137 722 4191 καλέσαι
779 4131 1068 4196 δικαίους,
1115 4127 1276 4181 ἀλλὰ
1321 4120 1708 4192 ἁμαρτωλοὺς
1745 4120 1832 4184 εἰς

241 4228 585 4301 μετάνοιαν.
619 4223 820 4296 Ψυχῶν
861 4222 916 4275 δὲ
958 4220 1032 4274 ὢν
1065 4216 1265 4289 ἰατρὸς,
1297 4214 1428 4278 τοὺς
1470 4212 1570 4282 τὴν
1604 4211 1832 4281 καρδίαν

249 4317 760 4392 συντετριμμένους,
807 4314 902 4367 καὶ
930 4311 1035 4366 τῶν
1063 4308 1202 4364 κατὰ
1231 4307 1392 4377 φύσιν
1415 4303 1693 4374 λογισμῶν
1731 4319 1833 4354 πα-

251 4411 756 4489 ρατετραμμένους,
813 4407 877 4458 ὲκ
928 4403 1027 4476 τῆς
1065 4402 1261 4472 νοητῆς
1313 4395 1692 4489 αἰχμαλωσίας

244 4485 602 4580 τρωσάμενος
627 4503 854 4555 ἰάσεται.
897 4497 954 4551 'O
985 4497 1081 4568 μὲν
1100 4491 1394 4564 Σύμμαχός
1414 4504 1602 4560 φησιν,
1644 4485 1829 4580 ΪΟ-ὶώ-

242 4577 432 4669 μενος
463 4595 604 4660 τοὺς
628 4588 1078 4659 κεκλασμένους
1107 4585 1222 4653 τὴν
1253 4581 1525 4651 καρδίαν,
1563 4577 1662 4632 καὶ
1707 4577 1832 4669 επι-

2182 3563 2348 3618 Vens.
2381 3565 2434 3621 5.
2467 3564 2575 3631 Qui
2619 3576 2774 3620 sanat
2805 3567 3060 3620 contritot
3089 3568 3267 3621 corde.

2007 3657 2272 3726 Quoniam
2320 3658 2628 3714 Servatoris
2687 3660 2991 3730 mediciqne
3026 3659 3260 3715 omcium
3298 3672 3384 3716 est
3433 3675 3522 3715 sa-

1935 3765 2069 3802 nare
2097 3758 2152 3802 et
2180 3750 2415 3803 contrita
2465 3749 2710 3819 alligare,
2750 3760 2896 3804 recte
2938 3759 2988 3803 et
3021 3749 3150 3804 hinc:
3180 3750 3520 3820 dignoscitur

1935 3841 2074 3895 idem
2112 3841 2373 3895 Dominus
2401 3851 2588 3895 noster
2618 3841 2709 3895 Dei
2767 3839 3004 3895 Verbum
3050 3841 3142 3910 qui
3180 3841 3358 3896 dixit:
3391 3841 3520 3897 Non

1933 3947 2062 3996 Opus
2092 3942 2165 3984 est
2196 3932 2394 3984 medico
2432 3930 2749 3996 valentibus,
2782 3932 2872 3985 sed
2900 3933 3110 4001 (egrotis
3150 3932 3218 3985 ⁸⁸.
3253 3931 3374 3988 Non
3403 3937 3520 3989 veni

1932 4040 2117 4076 vocare
2136 4023 2334 4092 justas,
2360 4025 2448 4076 sed
2477 4035 2774 4093 percatores
2801 4027 2869 4077 ad
2897 4027 3253 4092 ptenileuliam
3284 4027 3350 4081 ".
3385 4027 3517 4080 Λιιίο

1935 4132 2144 4170 tnarnm
2185 4118 2367 4186 itaque
2401 4133 2524 4171 cunt
2566 4118 2638 4171 sit
2670 4119 2932 4181 medicus,
2970 4119 3036 4192 iis
3057 4118 3146 4185 qui
3182 4120 3348 4173 corde
3392 4134 3520 4175 con-

1935 4207 2043 4260 triti
2073 4216 2220 4269 sunt,
2251 4218 2305 4261 et
2337 4223 2365 4260 a
2398 4217 2551 4261 recto
2583 4218 2792 4262 natura:
2823 4209 3048 4263 consilio
3077 4211 3277 4275 aversi,
3306 4210 3374 4264 de
3405 4209 3516 4279 spi-

1935 4300 2077 4354 ritali
2117 4301 2414 4370 redemptis
2449 4301 2765 4371 captivitate
2789 4303 3114 4357 medcbitur.
3151 4301 3520 4374 Symmachus

1933 4393 2066 4448 dicit
2092 4410 2104 4446 :
2143 4392 2247 4457 Qui
2281 4405 2436 4447 sanat
2467 4394 2770 4462 confracta:
2809 4397 2990 4455 corde.
3013 4403 3062 4448 et
3093 4395 3282 4464 alligat
3313 4394 3515 4462 fractu-

1933 4501 2020 4537 ras
2038 4501 2243 4552 eorum,
2270 4485 2561 4542 rationales
2582 4487 2835 4540 nimirum
2859 4486 3058 4541 fascias
3077 4488 3515 4555 circumponens.

1938 4575 2028 4630 Sic
2071 4591 2203 4645 ergo
2260 4577 2509 4647 alligavit
2559 4576 2900 4647 spiritalibus
2936 4577 3400 4646 rationalibusqne
3437 4574 3514 4628 la-

245 4657 491 4758 δεσμῶν
517 4657 867 4753 κατάγματα.
889 4677 1110 4737 αὐτῶν,
1149 4672 1394 4746 δηλονότι
1427 4669 1660 4738 δεσμοὺς
1702 4667 1831 4719 ὑπο-

1938 4668 2092 4736 queis
2123 4668 2398 4721 hominem
2436 4684 2464 4722 a
2502 4667 2806 4722 latronibus
2837 4666 3175 4721 vulneratum
3205 4675 3258 4720 et
3308 4665 3516 4718 contri-

249 4779 464 4835 ϐάλλων
504 4773 777 4844 λογικούςο
837 4769 980 4825 οὓτω
1009 4766 1140 4838 γοῦν
1171 4765 1404 4833 ἐπέδησε
1436 4763 1548 4824 τοῖς
1584 4774 1831 4828 πνευμα-

1941 4765 2054 4810 tum
2079 4757 2206 4811 dum
2241 4757 2634 4829 Hierosolymis
2671 4757 3076 4812 lliericbuntetn
3104 4758 3476 4811 descenderet.

247 4877 425 4940 τικοῖς
469 4873 560 4927 καὶ
610 4870 846 4940 λογικοῖς
889 4866 1106 4937 δεσμοῖς
1160 4861 1252 4914 τὸν
1303 4858 1408 4912 ὑπὸ
1454 4853 1668 4927 λῃστῶν
1715 4852 2188 4926 τραυματισθέντα
2241 4854 2336 4908 καὶ
2384 4854 2738 4926 συντριϐέντα
2791 4855 2849 4906 ἐν
2894 4851 2973 4922 τῷ
3014 4849 3360 4904 καταϐαίνειν
3409 4847 3530 4904 ἀπὸ

261 4967 616 5042 Ἰερουσαλὴμ
644 4967 722 5028 εἰς
762 4959 994 5033 Ἱεριχώ.

252 5070 364 5125 Kal
412 5065 719 5135 δεσμεύων
748 5061 822 5114 τὰ
849 5056 1282 5135 ’συντρίμματα
1335 5047 1554 5135 αὐτῶν.
1606 5047 1672 5100 '0
1707 5047 1836 5116 ἀρι-

555 5133 718 5205 θμῶν
740 5130 940 5197 πλήθη
1005 5120 1264 5194 ἄστρων,
1301 5140 1354 5177 κ.
1384 5139 1436 5174 τ.
1464 5120 1514 5174 λ.

323 5230 481 5287 Μετὰ
506 5228 568 5282 τὸ
609 5224 862 5281 ἰάσασθαι
898 5222 1025 5284 τοὺς
1058 5213 1556 5288 συντετριμμένους
1581 5209 1679 5281 τὴν
1705 5225 1840 5280 καρ-

253 5325 394 5386 δίαν,
430 5320 526 5375 καὶ
560 5318 722 5388 δῆσαι
769 5314 838 5368 τά
877 5310 1259 5383 συντρίμματα
1305 5304 1504 5369 αὐτῶν,
1548 5300 1840 5368 ἐπανάγων

253 5421 334 5482 είς
381 5414 480 5486 τὴν
531 5409 766 5482 φυσικὴν
814 5405 1003 5475 ὑγείαν
1052 5402 1180 5464 τοὺς
1233 5398 1401 5452 πάλαι
1457 5393 1840 5486 νενοσηκότας,

254 5483 552 5580 φωπῆρὰς
577 5519 636 5555 τε
663 5500 857 5561 αὐτοὺς
879 5493 1353 5566 ἀπεργασάμενος,
1377 5487 1559 5580 ἀξίους
1580 5483 1674 5539 τοῦ
1703 5483 1834 5556 παρ’

255 5579 424 5656 αὐτοῦ
473 5593 706 5669 ἀριθμοῦ
750 5590 1062 5659 καθίστησι.
1116 5583 1374 5655 Συνήθως
1406 5583 1434 5634 6
1489 5579 1647 5647 λόγος
1692 5593 1835 5647 συμ-

253 5695 450 5750 πλέκει
475 5691 536 5744 τό
563 5706 623 5741 τε
653 5686 782 5758 περὶ
821 5680 1094 5752 σωτηρίας
1123 5675 1445 5749 ἀνθρώπων,
1479 5673 1574 5727 καὶ
1599 5669 1672 5724 τὰ
1707 5670 1838 5742 περ).

329 5793 376 5827 ’⁸
409 5788 576 5844 Marc.
607 5802 665 5851 ι,
698 5784 785 5839 18.
869 5780 915 5811 ⁸⁰
954 5777 1148 5835 Matth.
1183 5793 1260 5841 Ix,
1290 5773 1379 5830 12.
1453 5771 1497 5804 ⁸⁸
1537 5770 1668 5826 Luc.
1700 5785 1755 5836 v,
1787 5765 1878 5823 52.

337 5880 446 5954 (26)
478 5879 622 5933 Laus
653 5874 935 5931 caelibatus
964 5867 1222 5937 religiosi.

2124 5043 2359 5099 Vsus.3.
2397 5042 2463 5097 Et
2484 5042 2711 5110 alligans
2734 5037 3071 5110 contritiones
3103 5052 3304 5110 eorum.

2035 5114 2199 5170 Vsus.
2232 5116 2284 5169 4.
2325 5114 2429 5179 Qui
2453 5107 2689 5166 numerat
2715 5108 3099 5163 multitudinem
3129 5107 3425 5162 stellarum.

2014 5207 2142 5262 Post
2165 5217 2386 5262 sanatos
2440 5220 2536 5260 eos
2563 5202 2654 5272 qui
2688 5202 2904 5255 fuerant
2955 5202 3119 5254 corde
3164 5199 3416 5262 contriti,
3466 5208 3522 5254 et

1944 5307 2068 5368 post
2097 5297 2334 5368 ipsorum
2379 5293 2739 5350 contritiones
2801 5291 3074 5362 alligatas,
3111 5290 3166 5342 in
3216 5286 3522 5344 naturalem

1947 5390 2310 5445 valetudinem
2339 5389 2466 5442 olim
2497 5401 2672 5458 (egros
2717 5398 3007 5456 reponens,
3041 5397 3244 5451 ecsqne
3290 5380 3528 5435 lumina-

1943 5484 2087 5537 rium
2120 5484 2290 5537 instar
2317 5483 2370 5536 in
2395 5481 2526 5536 orbe
2551 5479 2847 5544 collocatis,
2875 5478 3067 5546 dignos
3089 5475 3266 5529 electo
3290 5487 3526 5526 numero

1945 5590 2045 5629 suo
2081 5572 2264 5630 cllicit.
2307 5573 2455 5628 More
2499 5572 2660 5628 solito
2696 5569 2982 5625 Psahnista
3032 5565 3225 5620 salutis
3274 5565 3525 5620 humana:

1947 5674 2326 5738 argumentum
2361 5678 2482 5721 cum
2515 5659 2804 5718 uniVersali
2833 5656 3179 5714 Providentia
3225 5651 3527 5720 connectit,
