4062 6400
542 397 608 451 57
1245 389 1507 447 EUSEBII
1545 387 2017 446 CESARIENSIS
2056 385 2207 442 OPP.
2251 383 2429 440 PARS
2467 383 2557 440 lli.
2593 414 2664 425 —
2702 384 3116 443 EXEGETICA.
3724 400 3795 447 68

537 514 917 566 demonstrans
941 508 1110 565 Deum
1133 523 1242 563 non
1274 512 1508 578 partium
1565 505 1942 563 tantummodo
1968 503 2112 558 orbis

2219 501 2320 571 τῆς
2351 499 2580 555 καθόλου
2613 501 2897 572 Προνοίας,
2929 502 3164 568 δεικνὺς,
3180 503 3256 567 ὡς
3283 505 3345 558 οὑ
3378 505 3537 576 μόνον
3572 511 3797 577 κηὸεται

539 616 726 656 curam
745 616 950 671 gerere.
971 616 1155 655 verum
1184 601 1350 654 etiam
1381 601 1744 655 humanorum
1768 599 2110 666 dogutatum:

540 705 596 748 et
628 696 770 762 quod
797 693 945 750 solus
974 693 1190 748 noverit
1232 701 1511 747 astrorum
1545 704 1860 752 numerum,
1887 687 2115 758 positio-

543 801 662 850 nes,
692 794 984 851 etcausas,
1013 785 1416 855 magnitudines
1438 798 1658 854 quoque
1698 791 1753 835 et.
1786 780 2072 835 distantias
2097 817 2114 844 ,

543 878 768 932 virtutes
791 887 848 933 et
889 875 1205 941 eﬂicaciam,
1259 877 1554 945 unicuique
1610 875 1863 930 idoneum
1921 885 2116 926 nomen

546 969 846 1038 imponens.

691 1057 854 1113 Vens.
880 1058 931 1112 7.
962 1057 1244 1112 Prwcinito
1271 1056 1500 1111 Domino
1543 1055 1598 1109 in
1622 1054 1973 1124 confessione.

615 1148 998 1221 Symmachus,
1033 1147 1309 1202 Recensete
1349 1147 1462 1203 Deo
1497 1147 1898 1217 confessionem,
1943 1143 2119 1198 canita

546 1241 652 1297 Deo
671 1252 850 1296 nostro
880 1259 998 1296 cum
1023 1242 1161 1312 lyra.
1198 1241 1390 1311 Aquila
1422 1259 1436 1295 :
1461 1239 1734 1294 Recensete
1753 1237 1978 1293 Domino
1997 1252 2118 1289 cum

541 1335 834 1404 gratiarum
871 1334 1100 1399 actione,
1141 1335 1313 1387 canite
1350 1331 1460 1384 Deo
1494 1341 1680 1384 nostro
1734 1344 1853 1382 cunt
1882 1327 2113 1382 cithara.

543 1427 642 1493 Qui
698 1426 821 1480 aliis
875 1424 1274 1480 confessionem
1309 1432 1364 1478 et
1406 1422 1672 1493 psalmum
1703 1420 1998 1489 imperant,
2034 1418 2120 1472 di-

543 1517 686 1573 versi
705 1517 824 1572 sine
851 1516 1014 1571 dubio
1037 1522 1165 1570 sunt
1189 1515 1257 1569 ab
1281 1515 1350 1569 iis
1385 1513 1582 1584 quibus
1627 1511 1946 1582 imperatur.
1975 1508 2118 1576 Ergo

542 1611 740 1664 chorus
768 1607 1114 1678 propheticus
1139 1617 1194 1662 et
1223 1605 1550 1675 apostolicus
1577 1603 1645 1657 ad
1668 1602 1919 1658 eumdem
1947 1599 2116 1654 Deum

541 1715 657 1760 eos,
687 1700 777 1768 qui
807 1699 872 1752 de
900 1712 1128 1752 numero
1171 1713 1277 1751 non
1312 1703 1489 1758 erant,
1536 1702 1714 1756 vocat,
1757 1692 2009 1746 ethnicos
2042 1689 2119 1744 ni-

2216 590 2326 642 τῶν
2363 589 2458 643 τοῦ
2491 589 2698 660 κόσμου
2731 591 2933 662 μερῶν,
2986 591 3121 645 ἀλλὰ
3158 594 3252 646 καὶ
3294 594 3402 648 τῶν
3435 595 3796 668 ἀνθρωπίνων

2215 680 2532 752 δογμάτωνο
2571 682 2663 734 καὶ
2699 683 2858 752 μόνος
2883 683 3116 754 ἀριθμὸν
3158 683 3375 758 ἄστρων
3416 683 3545 749 οἶδε,
3576 690 3669 741 καὶ⁸
3702 689 3795 741 θέ-

2218 790 2352 836 σεις,
2399 773 2494 826 καὶ¹
2541 773 2640 837 τάς
2687 774 2887 839 αἰτίας,
2939 775 3140 848 μεγέθη
3185 794 3242 829 τε
3276 778 3370 830 καὶ
3410 780 3797 851 ἀποστήματα,

2216 863 2474 935 δυνάμεις
2505 883 2564 918 τε
2597 866 2694 920 καὶ
2723 867 3026 938 ἐνεργείας,
3049 869 3264 938 ἑκάστῳ
3290 870 3599 942 πρόσφορον
3625 873 3798 944 ὃνομα

2217 955 2449 1028 τίθησιν.

2385 1047 2704 1117 Ἐξάρξατε
2743 1046 2822 1112 τῷ
2851 1049 3046 1118 Κυρίῳ
3077 1049 3146 1103 ἐν
3173 1050 3622 1123 ἐξομολογησει.

2299 1138 2357 1193 '0
2389 1138 2705 1210 Σύμμαχος,
2736 1139 3118 1205 Καταλέξατε
3147 1140 3226 1207 τῷ
3269 1144 3465 1212 Κυρίῳ
3508 1146 3799 1215 ἐξομολό-

2217 1246 2419 1300 γησιν,
2464 1230 2857 1300 μελῳδήσατε
2908 1230 2988 1296 τῷ
3051 1231 3172 1298 Θεῷ
3215 1233 3386 1303 ἡμῶν
3431 1235 3529 1289 διὰ
3581 1238 3792 1307 λύρας.

2231 1321 2481 1386 Ἀκύλας,
2514 1323 2893 1387 Καταλέξατε
2937 1321 3019 1388 τῷ
3060 1325 3256 1393 Κυρίῳ
3306 1326 3377 1380 ἐν
3424 1329 3795 1397 εὐχαριστίᾳ,

2211 1411 2603 1482 μελῳδήσατε
2630 1412 2710 1477 τῷ
2739 1412 2860 1478 Θεῷ
2889 1413 3060 1482 ἡμῶν
3080 1414 3150 1467 ἐν
3174 1415 3404 1483 κιθάρᾳ.
3435 1417 3497 1469 Oi
3521 1421 3798 1489 προστάτ-

2216 1522 2398 1567 τοντες
2429 1505 2635 1576 ἐτέροις
2668 1502 3103 1574 ἐξομολογεῖσθαι
3137 1507 3230 1560 καὶ
3260 1506 3502 1575 ψάλλειν,
3529 1509 3705 1582 ἐτεροι
3730 1511 3799 1566 ἂν

2216 1593 2326 1650 εἷεν
2364 1596 2473 1650 τῶν
2517 1595 3020 1668 προσταττομένωνο
3057 1597 3216 1668 χορὸς
3243 1598 3420 1651 τοίνυν
3461 1601 3799 1671 προφητικὸς

2216 1689 2305 1742 διὰ
2337 1689 2556 1767 τούτων.
2572 1689 2666 1742 καὶ
2689 1687 3049 1750 ἀποστολικὸς
3081 1689 3175 1741 ἐπὶ
3200 1689 3292 1743 τὸν
3327 1690 3487 1745 αὐτὸν
3513 1691 3643 1745 Θεὸν
3666 1693 3797 1758 τοὺς

543 1791 762 1853 init-um,
795 1790 983 1845 dicens
1015 1808 1029 1843 :
1068 1789 1290 1843 Psallite
1332 1787 1440 1841 Deo
1468 1797 1670 1840 nostro.
1700 1781 1900 1838 Jubent
1932 1793 2112 1837 antem

2221 1783 2295 1856 μὴ
2327 1783 2488 1848 ὄντας
2510 1780 2570 1847 ἐξ
2597 1781 2773 1836 αὐτῶν
2802 1779 3171 1844 ἀνακαλεῖται,
3208 1782 3334 1842 τοὺς
3358 1782 3464 1836 άπὸ
3487 1783 3596 1837 τῶν
3623 1784 3798 1838 ἐθνῶν

543 1882 658 1937 haec
684 1883 868 1943 verba,
903 1887 1082 1935 mente
1114 1880 1334 1949 quidem
1366 1890 1422 1934 et
1451 1875 1872 1947 cogitationibus
1921 1876 2112 1928 animat

2219 1845 2480 1947 δηλονότι,
2515 1845 2782 1944 λέγοντες·
2824 1874 3060 1930 Ψάλατε
3105 1871 3186 1939 τῷ
3233 1873 3355 1939 Θεῷ
3389 1873 3574 1943 ἡμῶν.
3617 1876 3796 1947 Προσ-

542 1961 814 2035 εόιιίίιοτί,
845 1972 1092 2043 corporis
1121 1981 1300 2024 autem
1331 1971 1611 2041 Operibus,
1642 1966 1809 2022 veluti
1851 1966 2005 2038 pulsa
2037 1965 2118 2019 ci-

543 2063 724 2128 thara,
776 2064 878 2133 ipsi
931 2061 1192 2133 psallere.
1224 2061 1291 2116 Et
1335 2061 1552 2130 quidem
1583 2073 1735 2114 more
1771 2073 1872 2113 suo
1921 2072 2120 2125 corpus

544 2154 782 2224 psalterii
816 2154 1150 2223 citharaeque
1173 2152 1394 2207 nomine
1427 2149 1714 2205 Psalniista
1741 2149 1988 2213 denotat,
2019 2163 2118 2202 ceu

543 2246 808 2301 concinne
834 2256 892 2301 et
913 2245 1159 2315 sapiente
1193 2260 1320 2300 cum
1350 2243 1634 2298 harmonia
1663 2250 2029 2311 compactum.
2060 2240 2118 2294 In

545 2337 650 2393 hoc
683 2338 828 2392 enim
861 2353 1017 2392 mens
1061 2337 1278 2392 virtutis
1303 2335 1561 2404 operibus
1599 2350 1824 2401 canens,
1878 2334 2116 2389 divinam

542 2428 956 2500 spiritalemque
985 2428 1098 2484 Deo
1134 2427 1315 2484 reddit
1353 2426 1664 2482 melodiam.

719 2712 882 2767 Vens.
924 2713 977 2768 9.
1014 2709 1116 2775 Qui
1143 2712 1233 2762 dat
1269 2725 1442 2763 escam
1476 2707 1636 2776 pullis
1659 2719 1936 2760 corvorum

1050 2781 1411 2834 invocantibus
1451 2795 1594 2832 eum.

612 2871 830 2926 Tradita
863 2869 1020 2924 nobis
1053 2879 1136 2922 est
1177 2867 1402 2938 physica
1433 2864 1675 2934 quaedam
1708 2862 1987 2928 doctrina,
2017 2876 2116 2916 ceu

541 2963 587 3016 si
615 2961 740 3030 pulli
787 2975 1078 3015 corvorum
1113 2972 1144 3011 a
1195 2960 1311 3012 suis
1341 2955 1682 3027 parentibus,
1717 2969 1822 3008 non
1854 2967 2008 3023 atque
2053 2968 2118 3008 ac

542 3053 683 3107 alius
705 3051 917 3122 generis
956 3050 1135 3104 avium
1180 3049 1331 3118 pulli,
1385 3048 1623 3103 alantur.
1653 3045 1862 3101 Revera
1897 3045 2116 3100 destitui

541 3145 796 3200 dicuntur
845 3159 877 3198 a
928 3143 1262 3215 genitoribus
1312 3142 1426 3196 suis
1481 3154 1771 3195 corvorum
1815 3137 1969 3208 pulli,
2018 3136 2115 3192 sed

505 3269 508 3274 -
546 3247 729 3290 tamen
755 3234 913 3290 aliter
939 3234 1006 3286 ali
1037 3231 1359 3286 mirabiliter
1387 3247 1415 3283 a
1449 3230 1542 3284 Dei
1568 3228 1832 3300 potentia.
1881 3225 2019 3281 Nam
2060 3237 2116 3282 et

541 3337 830 3396 antequam
879 3325 1082 3396 proprii
1143 3334 1397 3394 parentes
1458 3321 1744 3386 accedant,
1812 3319 1966 3374 hiare
2017 3333 2114 3373 ore

539 3420 816 3484 dicuntur,
870 3433 1010 3472 esca:
1049 3417 1415 3492 necessitate;
1464 3421 1541 3478 et,
1572 3424 1632 3468 ut
1662 3413 1841 3468 solent
1890 3411 1966 3466 illi
2015 3411 2113 3480 qui

545 3511 734 3566 Deum.
772 3511 1062 3573 invocant,
1098 3507 1326 3562 naturali
1375 3507 1607 3576 quodam
1639 3505 1898 3560 instinctu
1931 3503 2110 3557 cibum

539 3614 724 3673 petere
747 3603 816 3656 ab
843 3616 908 3654 eo
934 3602 1022 3670 qui
1055 3611 1307 3654 naturam
1335 3596 1577 3650 donavit.
1601 3594 1777 3664 Atque
1806 3595 1878 3648 ita
1907 3591 2114 3650 deferri

541 3697 608 3748 ad
644 3709 737 3748 eos
771 3709 868 3762 per
897 3707 1077 3748 aerem
1113 3705 1294 3747 escam
1323 3691 1588 3758 aliquam,
1624 3701 1758 3741 aura
1789 3687 2020 3758 quadam
2059 3688 2110 3741 in

535 3803 596 3844 os
627 3787 884 3842 delatam.

1003 3979 1328 4036 PSALMUS
1356 3977 1617 4036 CXLVII.

704 4074 869 4128 Vens.
908 4071 962 4126 8.
990 4072 1322 4127 Annuntians
1346 4073 1555 4126 uerbum
1585 4086 1738 4126 suum
1761 4069 1952 4125 Iacob.

607 4167 699 4221 Ait
733 4165 1018 4220 Eusebius.
1059 4167 1330 4219 Accurate
1365 4163 1655 4217 admodum
1712 4162 1926 4216 videtur
1977 4161 2111 4215 mihi

539 4261 642 4316 hoc
673 4258 988 4313 vocabulum
1021 4257 1224 4326 aliquid
1259 4257 1481 4321 docere,
1542 4269 1736 4324 nempe
1786 4255 2108 4308 annuntians

537 4367 827 4406 sermonem
864 4367 1018 4404 suum
1045 4349 1270 4404 Jacobo.
1304 4347 1420 4402 Non
1449 4348 1596 4402 enim
1627 4347 1764 4400 dixit
1789 4347 1997 4399 mittens
2027 4345 2108 4400 vel

535 4443 624 4514 qui
648 4446 810 4498 misit.
847 4443 1008 4498 Aliud
1032 4457 1162 4498 vero
1193 4441 1651 4504 estannuntiare,
1696 4438 1842 4494 aliud
1893 4438 2109 4492 mittere

2219 1969 2402 2021 τάττει
2441 1967 2498 2021 δὲ
2550 1969 2580 2020 6
2622 1966 2778 2036 λόγος
2803 1966 3012 2038 διανοίᾳ
3047 1965 3146 2037 μέν
3187 1967 3282 2019 καὶ
3315 1965 3593 2037 λογισμοῖς
3617 1967 3795 2040 ψυχῆς

2219 2057 2686 2128 ἐξομολογεῖσθαι,
2741 2057 2924 2129 ἔργοις
2968 2057 3027 2111 δὲ
3082 2058 3196 2122 τοῖς
3255 2057 3346 2111 διὰ
3390 2058 3486 2112 τοῦ
3544 2059 3795 2130 σώματος

2219 2145 2406 2219 ὥσπερ
2465 2147 2555 2202 διὰ
2611 2147 2840 2218 κιθάρας
2891 2147 3289 2220 ἐνεργουμένης
3341 2147 3562 2218 ψάλλειν
3620 2149 3790 2219 αὐτῷ’

2221 2238 2462 2310 συνήθως
2489 2239 2546 2293 δὲ
2577 2240 2638 2293 τὸ
2673 2240 2831 2311 σῶμα
2869 2240 3167 2311 ψαλτήριον
3200 2241 3296 2294 καὶ
3323 2241 3554 2313 κιθάραν
3579 2241 3796 2313 ὠνόμα-

2221 2351 2333 2394 σεν,
2365 2333 2460 2386 άτε
2489 2332 2778 2404 εὐρύθμως
2809 2335 2904 2387 καλ⁸
2937 2333 3056 2404 μεθ’
3075 2332 3339 2404 ἁρμονίας
3368 2333 3539 2405 σοφῆς
3576 2335 3796 2404 συγκεί-

2222 2444 2380 2498 μενον
2399 2443 2413 2458 ο
2459 2429 2517 2480 ὲν
2560 2426 2733 2496 τούτῳ
2759 2426 2868 2498 γὰρ
2907 2429 2935 2480 6
2959 2427 3084 2492 νοῦς
3111 2429 3542 2500 ἀνακρουόμενος
3566 2429 3653 2484 διὰ
3685 2430 3796 2484 τῶν

2219 2521 2338 2574 κατ’
2373 2519 2576 2590 ἀρετὴν
2620 2517 2871 2592 πράξεων
2914 2516 3243 2593 τῆν’ένθεον
3280 2523 3374 2576 καὶ
3419 2523 3796 2596 πνευματικὴν

2222 2611 2489 2683 μελῳδίαν
2522 2612 2837 2683 ἀναπέμπει
2868 2611 2946 2683 τῷ
2971 2612 3088 2684 Θεῷ
3123 2613 3264 2685 (9.7).

2218 2702 2449 2757 Διδόντι
2483 2703 2844 2776 τροφῂνᾲκαὶ
2874 2706 2997 2771 τοῖς
3043 2709 3325 2776 ¹ιτιεοσονοῖς
3359 2705 3478 2760 τῶν
3518 2706 3796 2776 κοράκων

2563 2774 2684 2839 τοῖς
2713 2774 3210 2845 ἐπικαλουμένοις
3235 2776 3442 2831 αὐτόν.

2289 2858 2461 2918 Ἦλθε
2496 2863 2553 2918 δέ
2581 2857 2664 2929 τις
2697 2867 2775 2929 εἰς
2799 2867 2947 2937 ἡμᾶς
2995 2867 3221 2934 φυσικὸς
3244 2865 3420 2935 λόγος,
3450 2867 3526 2932 ὡς
3561 2867 3636 2940 μὴ
3666 2883 3797 2939 τρε-

2219 2956 2468 3027 φομένων
2489 2957 2719 3011 νεοττῶν
2733 2957 2843 3010 τῶν
2866 2958 3116 3029 κοράκων
3135 2954 3238 3011 ὑπὸ
3261 2959 3368 3013 τῶν
3389 2960 3792 3030 γεννησάντων,

2217 3047 2418 3118 ὁμοίως
2448 3051 2561 3111 τοῖς
2590 3048 2695 3100 τῶν
2723 3047 2899 3102 ἄλλων
2937 3046 3139 3120 ὀρνέων
3183 3053 3436 3114 νεοττοῖς·
3471 3051 3799 3104 καταλείπε-

2222 3135 2344 3189 σθαι
2376 3137 2474 3207 μέν
2505 3136 2613 3208 γὰρ
2651 3135 2758 3189 τῶν
2796 3137 3047 3208 κοράκων
3077 3137 3210 3208 φασὶ
3248 3139 3374 3202 τοὺς
3400 3140 3650 3203 νεοττοὺς
3689 3139 3797 3192 ὑπὸ

2220 3227 2328 3280 τῶν
2351 3227 2774 3298 γεγεννηκότων,
2799 3227 3090 3300 τρέφεσθαι
3128 3229 3185 3284 δὲ
3208 3229 3352 3302 άλλῳ
3388 3230 3673 3303 παραδόξῳ
3699 3230 3796 3285 τοῦ

2222 3319 2357 3373 Θεοῦ
2403 3320 2665 3392 δυνάμει·
2721 3321 2917 3392 μηκέτι
2979 3323 3087 3395 γὰρ
3146 3323 3330 3388 αὐτοῖς
3385 3323 3796 3395 πλησιαζόντων

2221 3413 2646 3484 γεγεννηκότων,
2694 3411 2982 3483 κεχηνέναι
3024 3414 3084 3468 τὸ
3127 3413 3296 3485 στόμα
3343 3413 3548 3486 τροφῆς
3592 3412 3795 3484 ἐνδείᾳ,

2221 3504 2315 3556 καὶ
2352 3503 2586 3556 ἐοικέναι
2625 3502 3071 3574 ἐπικαλουμένοις
3108 3505 3200 3558 τὸν
3247 3505 3401 3569 Θεὸν,
3449 3509 3650 3578 φυσικῇ
3686 3524 3796 3562 τινι

2221 3594 2470 3666 ἐνεργείᾳ
2502 3594 2602 3664 τὴν
2624 3595 2828 3666 τροφὴν
2859 3595 3140 3660 αἰτοῦντας
3167 3596 3318 3669 παρὰ
3342 3597 3434 3652 τοῦ
3464 3595 3673 3654 τὸεῖναι
3696 3603 3796 3656 αύ-

2218 3688 2331 3751 τοῖς
2361 3685 2731 3759 δεδωρημένου
2750 3703 2763 3716 ο
2794 3685 2936 3740 οὕτω
2964 3687 3021 3741 δὲ
3053 3689 3313 3760 φέρεσθαι
3353 3691 3538 3755 αὐτοῖς
3569 3709 3688 3746 τινα
3734 3691 3794 3758 ἐξ

2219 3779 2380 3851 ἀέρος
2421 3779 2625 3851 τροφὴν
2659 3777 2802 3832 κατά
2837 3779 2932 3832 τοῦ
2981 3782 3247 3852 στόματος
3289 3783 3394 3836 ὑπό
3435 3798 3577 3849 τινος
3615 3783 3794 3858 αῦρας

2222 3871 2653 3944 τυνωθουμένην.

2763 3986 3053 4041 ΨΑΛΜΟΣ
3086 3989 3263 4042 ΡΜΖ’.

2299 4079 2362 4133 '0
2389 4076 2788 4149 ἀπαγγέλλων
2815 4079 2923 4132 τὸν
2957 4081 3142 4148 λόγον
3163 4079 3351 4135 αὐτοῦ
3382 4079 3462 4146 τῷ
3503 4077 3719 4136 Ἰακώϐ.

2285 4172 2420 4242 Φησὶ
2441 4171 2498 4224 δὲ
2529 4171 2622 4224 καὶ
2643 4169 2672 4222 6
2700 4170 2958 4234 Εὑσέόιος
2988 4172 3122 4242 (28).
3143 4172 3353 4245 Σφόδρα
3378 4173 3432 4225 δὲ
3467 4172 3790 4246 άπηκριὸοιμ

2220 4263 2394 4334 μένως
2423 4279 2512 4334 μοι
2540 4263 2738 4334 δοκεῖὴ
2771 4263 3018 4335 παροῦσα
3044 4263 3186 4328 λέξις
3203 4263 3495 4332 διδάσκειν,
3531 4263 3584 4318 '0
3609 4265 3794 4334 ἀπατ-

2215 4354 2449 4437 γέλλων
2476 4353 2581 4407 τὸν
2603 4355 2789 4423 λόγον
2829 4356 3015 4410 αὑτοῦ
3042 4355 3120 4421 τῷ
3159 4355 3379 4409 Ἰακὼϐο
3411 4357 3471 4408 οὑ
3498 4356 3606 4428 γὰρ
3640 4358 3794 4429 εἴρη-

2215 4461 2331 4509 κεν,
2377 4447 2411 4499 ό
2459 4444 2874 4508 ἀποστέλλων,
2910 4446 2943 4517 ἢ
2991 4449 3023 4500 ό
3069 4447 3459 4514 ἀποστείλας.
3504 4447 3664 4501 Ἀλλο
3694 4448 3792 4520 δή·

539 4539 618 4595 vel
648 4538 806 4594 mitti.
851 4536 1009 4592 Prius
1042 4537 1191 4592 euim
1227 4533 1503 4604 portendit
1532 4533 1676 4602 quod
1711 4531 1953 4585 futurum
1987 4540 2105 4597 est,

2217 4553 2320 4589 που
2344 4535 2492 4589 ἐστὶν
2518 4537 2871 4607 ἀπαγγεῖλαι,
2901 4537 2994 4590 καὶ
3017 4537 3144 4592 ἄλλο
3175 4538 3234 4591 τὸ
3261 4538 3575 4592 ἀποστεῖλαι
3605 4538 3639 4610 ἢ
3662 4541 3795 4593 ἁπο-

534 4638 590 4685 et
619 4629 900 4700 pradicit;
953 4626 1183 4682 alterum
1217 4640 1346 4680 vero
1403 4638 1517 4679 rem
1552 4633 1868 4700 praesentem
1905 4621 2105 4693 signiti-

535 4699 641 4786 cat,
665 4722 717 4777 id
744 4730 850 4788 est,
879 4735 1042 4789 quem
1079 4718 1195 4788 ipse
1224 4718 1372 4772 misit
1393 4718 1459 4770 ad
1490 4699 1918 4786 pradicandum.
1947 4714 2023 4768 Ita
2052 4721 2110 4768 ut

535 4812 873 4866 annuntiatio
898 4809 1115 4879 quidem
1153 4817 1210 4862 et
1261 4805 1540 4878 praadictio
1569 4804 1759 4869 futuri,
1803 4806 1895 4858 uni
1922 4803 2106 4860 lsraeli

535 4902 679 4957 facta
731 4902 922 4968 fuerit;
965 4900 1152 4956 missio
1211 4912 1394 4954 autem
1455 4914 1561 4953 non
1596 4898 1723 4952 huic
1764 4897 1880 4960 uni,
1917 4911 2106 4951 verum

533 4996 697 5050 etiam
735 4994 944 5049 cunctis
968 4993 1090 5047 aliis
1111 4992 1385 5062 gentibus.
1427 4988 1540 5044 Sed
1575 4987 1808 5044 fortasse
1829 4988 1978 5043 dicet
2003 4988 2107 5042 ali-

533 5088 656 5156 quis
684 5104 698 5140 :
734 5087 794 5140 Si
821 5087 1031 5141 caeteris
1065 5084 1373 5140 hominibus
1401 5082 1791 5139 revelationem
1814 5097 1920 5136 non
1956 5082 2105 5149 fecit,

534 5181 803 5248 quomodo
841 5194 935 5233 eos
968 5182 1141 5249 punit,
1169 5191 1361 5246 nempe
1393 5179 1560 5232 etiam
1593 5173 1716 5228 illos
1747 5173 1836 5243 qui
1873 5183 2002 5228 ante
2029 5175 2108 5228 le-

533 5284 656 5339 gem
690 5269 962 5333 Vixerunt,
1000 5278 1053 5324 et
1100 5278 1211 5322 toto
1255 5269 1391 5322 orbe
1430 5274 1756 5337 peccatores
1784 5263 1979 5318 fuere?
2017 5263 2107 5319 Di-

533 5361 708 5415 cimus
734 5375 866 5430 ergo
899 5361 999 5415 hos
1030 5359 1247 5430 quidem
1270 5357 1505 5428 iudicari
1537 5373 1567 5412 a
1603 5357 1714 5411 Deo
1753 5369 1818 5409 ex
1837 5355 1961 5426 jure
2016 5371 2106 5410 na-

536 5450 721 5516 turali,
749 5452 893 5520 quod
927 5449 1084 5505 nobis
1138 5449 1406 5514 inhaeret;
1452 5444 1724 5501 lsraelitas
1767 5454 1948 5498 autem
1993 5453 2106 5498 tum

529 5545 652 5616 jure
683 5542 940 5608 naturali,
965 5552 1078 5597 tum
1095 5545 1260 5597 etiam
1281 5541 1512 5608 scripto,
1544 5538 1618 5592 ita
1648 5549 1707 5593 ut
1739 5537 1914 5607 majus
1939 5537 2108 5592 bene-

2208 4627 2556 4681 στέλλεσθαιο
2612 4628 2674 4680 τὸ
2717 4628 2814 4699 μέν
2857 4628 2966 4701 γὰρ
3008 4628 3312 4701 προμηνύει
3359 4630 3422 4683 τὸ
3465 4630 3653 4701 μέλλον
3695 4631 3793 4685 καὶ

2208 4720 2482 4792 προλέγει·
2532 4720 2594 4773 τὸ
2630 4719 2686 4773 δὲ
2726 4722 3027 4791 παρουσίαν
3072 4723 3347 4793 σημαίνει,
3399 4723 3616 4776 καὶτὸν
3655 4723 3792 4778 ἀποφ

2209 4811 2474 4865 σταλέντα
2511 4811 2578 4864 δι’
2609 4811 2804 4865 ἐαυτοῦ
2833 4813 3120 4884 κηρύττειν
3141 4831 3154 4843 ο
3186 4812 3324 4866 ὥστε
3365 4814 3462 4885 τὴν
3491 4815 3586 4886 μὲν
3611 4816 3793 4883 ἀπαγ-

2207 4901 2395 4971 γελίαν
2428 4903 2522 4956 καὶ
2545 4902 2644 4974 τὴν
2674 4905 2976 4975 πρόρρησιν
3002 4903 3096 4956 τοῦ
3130 4903 3435 4975 μέλλοντος,
3460 4905 3790 4976 γεγενῆσθαι

2215 4991 2367 5063 παρὰ
2417 4992 2562 5064 μόνῳ
2593 4993 2671 5064 τῷ
2719 4993 2953 5066 Ἰσραὴλ,
3001 4993 3098 5066 τὴν
3129 4994 3184 5047 δὲ
3231 4995 3536 5067 ἀποστολὴν
3579 4995 3678 5050 οὐκ
3723 4996 3790 5050 ἂν

2213 5083 2404 5154 ἐκείνῳ
2440 5085 2605 5156 μόνῳ,
2653 5085 2789 5139 ἀλλὰ
2835 5087 2930 5139 καὶ
2977 5087 3110 5140 πᾶσι
3155 5089 3267 5152 τοῖς
3312 5086 3518 5152 λοιποῖς
3556 5087 3785 5141 ἔθνεσιν.

2224 5168 2362 5222 Ἀλλ’
2396 5171 2524 5234 ίσως
2550 5170 2693 5225 εἴποι
2725 5189 2808 5236 τις
2833 5171 2918 5226 ἄν’
2945 5175 3054 5226 Καὶ
3083 5175 3158 5246 μὴ
3178 5175 3425 5247 δηλώσας
3451 5179 3561 5239 τοῖς
3582 5176 3788 5243 λοιποῖς

2211 5260 2537 5333 ἀνθρώποις,
2582 5264 2698 5328 πῶς
2731 5265 2926 5330 αὐτοὺς
2965 5266 3200 5332 κολάζει,
3246 5272 3340 5322 καὶ
3379 5270 3506 5334 τοὺς
3543 5269 3650 5341 πρὸ
3692 5269 3786 5323 τοῦ

2209 5355 2378 5425 νόμου
2408 5357 2502 5408 καὶ
2539 5357 2663 5420 τοὺς
2692 5358 3006 5429 ἁπανταχοῦ
3047 5359 3147 5430 τῆς
3188 5361 3512 5432 οἰκουμένης
3537 5362 3789 5434 ἁμαρτά-

2213 5463 2403 5510 νοντας
2427 5463 2442 5513 ;
2475 5448 2582 5500 Kal.
2617 5449 2814 5520 φαμένο
2843 5451 3076 5517 Τούτους
3101 5454 3200 5523 μὲν
3237 5454 3412 5527 κρίνει
3441 5455 3548 5509 άπὸ
3570 5455 3664 5510 τοῦ
3693 5474 3789 5527 cpu-

2218 5538 2370 5592 σικοῦ
2415 5540 2578 5610 νόμου
2615 5542 2710 5596 καί
2754 5543 2848 5596 τοῦ
2884 5545 2941 5597 ἐν
2981 5546 3134 5617 ἡμῖν,
3175 5547 3300 5610 τοὺς
3339 5546 3396 5600 δὲ
3448 5547 3788 5620 Ἰσραηλίτας

602 5774 716 5844 (-27)
749 5773 948 5830 Conier
982 5787 1168 5829 rursus
1199 5771 1319 5844 hac,
1356 5784 1518 5844 super
1559 5783 1617 5823 re
1661 5765 2097 5844 Nicetw‘editutn
2138 5781 2168 5822 a
2197 5768 2350 5825 nobis
2369 5769 2652 5843 prologum
2688 5771 2907 5830 Catena:
2945 5773 3164 5832 Patrum
3192 5775 3245 5834 in
3273 5775 3536 5834 Psalmos.

601 5836 714 5914 (28}
740 5847 934 5905 Recole
965 5849 1217 5902 adnotata
1258 5843 1324 5896 ad
1362 5836 1626 5911 psalmqu
1663 5853 1843 5903 cxuv,
1873 5836 1958 5892 15.
