4062 6400
262 402 335 460 69
1398 392 1904 451 COMMENTARIA
1945 393 2013 449 IN
2052 389 2397 450 PSALMOS.
3310 397 3313 400 '
3471 380 3540 434 70

262 525 361 580 καὶ
400 524 510 578 ἀπὸ
533 521 724 575 τούτου
760 519 856 574 καὶ
888 519 999 574 ἀπὸ
1040 517 1137 572 τοῦ
1182 517 1432 589 γραπτοῦ
1479 517 1615 588 (29),
1639 517 1780 570 ὥστε
1822 517 1856 588 ἡ

1962 515 2168 577 ﬁcium.
2206 512 2427 581 majoris
2479 506 2850 565 damnationis
2896 506 2984 562 his
3013 519 3176 561 causa
3235 503 3351 570 ﬁat,
3405 501 3542 555 obe-

263 617 437 687 πολλὴ
477 614 770 685 εὐεργεσία
814 613 1060 677 πλείονος
1102 612 1286 676 αὐτοῖς
1315 611 1696 683 κατακρίσεως
1731 611 1858 664 ὑπό-

1962 608 2226 662 dicntiam
2258 603 2682 676 negligentibus.
2717 602 2925 656 Idcirco
2963 600 3106 654 Deus
3155 595 3298 651 haud
3360 594 3539 649 dixit:

264 709 419 773 θεσις
465 708 678 776 γίνεται
730 705 1163 779 ῥερᾳθυμηκόσι·
1203 704 1292 758 διὰ
1331 703 1493 756 τοῦτο
1554 703 1649 757 καὶ
1693 703 1858 768 αὐτὸς

1962 699 2076 755 Νοη
2108 699 2238 754 fecit
2259 697 2406 752 omni
2449 697 2619 768 genti,
2650 695 2744 750 sed
2774 693 2863 750 Sic
2897 709 2998 746 non
3022 690 3183 763 fecit;
3214 689 3267 743 id
3295 693 3401 751 est,
3434 701 3540 740 non

262 799 366 854 οὐκ
404 796 576 864 εἶπεν,
619 801 702 852 ὄτι
733 799 834 852 οὐκ
873 799 1098 868 ἐποίησε
1132 798 1295 851 παντὶ
1327 796 1492 861 ἔθνει,
1524 797 1639 851 ἀλλ’
1669 798 1860 864 οὕτως

1962 793 2175 847 tabulas
2203 789 2374 854 misit,
2404 804 2509 844 non
2542 788 2752 842 litteras
2775 787 2827 842 in
2851 795 3036 842 monte
3060 784 3215 847 Sina,
3242 780 3336 837 sed
3373 793 3540 849 pecu-

263 893 376 945 οὐκ
391 891 666 959 ἐποίησε·
685 888 840 943 τουτέ
849 905 964 943 στιν
985 888 1046 941 ού
1075 887 1290 953 πλάκας
1317 888 1414 941 ἐπε
1423 888 1582 959 μψεν,
1601 889 1660 942 ού
1681 889 1862 960 γράμ-

267 999 414 1052 ματα
481 980 550 1035 τὰ
587 980 684 1036 ἐπὶ
747 981 840 1035 τοῦ
905 981 1092 1035 Σινέου
1139 981 1320 1054 ὅρους,
1373 980 1512 1036 ἀλλὰ
1579 985 1695 1045 τοῖς
1747 983 1877 1035 ἰου-

262 1077 435 1142 δαίοις
466 1079 530 1132 ὲκ
563 1077 904 1150 περιουσίας.

785 1172 1082 1226 ΨΑΛΜΟΣ
1133 1172 1318 1226 PMH'.

346 1264 438 1317 Ἐν
475 1263 574 1335 μὲν
601 1263 680 1335 τῷ
709 1263 830 1336 ρμε¹
869 1263 1071 1335 ψαλμῷ
1120 1265 1218 1334 μία
1251 1264 1374 1318 καθ’
1408 1264 1608 1336 ἑαυτὴν
1637 1265 1671 1334 ή
1707 1262 1853 1334 ψυχὴ

263 1356 358 1410 τὸν
392 1355 597 1429 Κύριον
649 1358 820 1411 αἰνεῖν
855 1357 1156 1422 ἐκελεύετο,
1200 1357 1498 1426 φάσκοντος
1541 1355 1637 1409 τοῦ
1671 1355 1854 1424 λόγου,

265 1448 453 1510 Λινει,
490 1447 528 1514 ἡ
575 1447 746 1517 ψυχή
786 1466 926 1518 μου,
964 1448 1073 1502 τὸν
1104 1450 1342 1518 Κύριον.
1389 1449 1477 1502 Ἑν
1507 1447 1566 1500 δὲ
1609 1447 1706 1518 τῷ-
1738 1447 1855 1518 μετ’

268 1540 432 1593 αὐτὸν
464 1538 671 1610 πλῆθος
701 1541 795 1593 ἐπὶ
839 1541 930 1594 τὸν
963 1538 1114 1595 αἶνον
1148 1541 1331 1595 ἐκάλει
1361 1540 1450 1594 διὰ
1478 1539 1595 1603 τοῦ,
1637 1539 1858 1594 Αἰτεῖτε

267 1631 508 1699 Κύριον,
542 1629 630 1684 ὅτι
660 1630 883 1701 ἀγαθὸν
907 1634 1152 1703 ψαλμός
1171 1651 1183 1663 ·
1221 1634 1314 1686 ἐπὶ
1342 1633 1399 1686 δὲ
1429 1631 1522 1685 τοῦ
1557 1631 1685 1702 ἑξῆς
1718 1631 1854 1702 αὑτὴ

1961 885 2176 940 liariter
2205 889 2411 938 tantum
2439 880 2659 938 Iudaeis.

2441 1159 2764 1220 PSALMUS
2789 1157 3065 1216 CXLVIII.

2030 1262 2087 1314 lu
2113 1260 2322 1329 psalmo
2365 1257 2583 1328 quidem
2615 1269 2774 1319 cxnv,
2824 1253 2917 1307 uni
2968 1265 3065 1320 per
3094 1264 3154 1306 se
3197 1247 3394 1304 animae
3424 1246 3540 1302 latt-

1958 1352 2094 1408 dare
2132 1352 2419 1406 Dominum
2447 1348 2837 1418 imperabatur.
2873 1343 2947 1398 lbi
2975 1343 3118 1398 enim
3144 1339 3542 1396 dieitur:Lau-

1959 1446 2028 1498 da
2055 1483 2071 1509 ,
2127 1444 2304 1498 anima
2329 1458 2444 1496 mea
2468 1481 2485 1507 ,
2536 1438 2822 1492 Dominum
2853 1436 2920 1490 ⁸³.
2964 1434 3021 1489 In
3073 1433 3320 1504 proximo
3361 1441 3540 1487 autem

1965 1536 2254 1591 multitudo
2291 1533 2623 1589 invitabatur
2674 1533 2760 1587 bis
2804 1529 2988 1584 verbis
3028 1546 3041 1582 :
3075 1527 3314 1582 Laudate
3359 1525 3545 1581 Domi-

1964 1643 2087 1681 num
2108 1668 2124 1693 ,
2157 1627 2407 1698 quoniam
2433 1625 2569 1679 bona
2606 1639 2685 1676 res
2716 1621 2952 1692 psalmus
2978 1621 3045 1675 ³⁸.
3080 1619 3322 1689 Denique
3352 1619 3404 1673 in
3437 1619 3545 1674 alio

278 1721 640 1794 Ἰερουσαλὴμ
688 1720 849 1774 τοῦτο
888 1722 1150 1795 πράττειν
1201 1721 1600 1793 προσετάττετο
1651 1724 1710 1775 ὲν
1751 1720 1851 1792 τῷ,

1962 1719 2323 1788 subsequente
2354 1716 2468 1784 ipsa
2516 1713 2853 1769 Hierusalem
2887 1713 2992 1767 hoc
3018 1726 3178 1780 agere
3201 1709 3496 1778 jubebatur
3529 1730 3543 1765 :

281 1814 570 1880 Ἐπαίνει,
615 1814 1029 1886 Ἰερουσαλὴμ,
1073 1816 1182 1870 τὸν
1222 1818 1463 1885 Κύριον.
1525 1815 1858 1879 Ἀκολούθως

269 1902 364 1962 οὖν
392 1906 620 1972 ἐκείνοις
649 1909 678 1961 6
707 1907 1068 1979 προκείμενος
1098 1903 1248 1974 αἶνος
1273 1909 1530 1962 ἐπιτείνει
1553 1909 1613 1962 τὸ
1645 1909 1860 1980 παράγ-

269 2000 469 2071 γελμα,
517 1999 654 2071 μετὰ
705 1999 806 2071 τὴν
851 2001 1083 2073 μερικὴν
1133 2000 1533 2072 παρακέλευσιν
1584 1995 1747 2067 αῦξον
1797 2001 1860 2054 τὸ

271 2092 633 2164 πρόσταγμα·
670 2091 884 2164 ἀθρόως
927 2109 986 2145 τε
1033 2089 1167 2164 ὁμοῦ
1210 2091 1313 2164 τὴν
1357 2091 1591 2163 γενητὴν
1641 2093 1860 2147 ἃπασαν

272 2186 448 2238 κτίσιν
476 2185 575 2256 τήν
605 2201 668 2237 τε
695 2184 979 2257 ὁρωμένην
1010 2185 1103 2239 καὶ
1132 2185 1228 2257 τὴν
1255 2186 1485 2257 ἀόρατον
1520 2186 1614 2238 ἐπὶ
1646 2185 1739 2240 τὸν
1773 2182 1860 2240 αῖ-

273 2293 364 2329 νον
391 2275 486 2329 τοῦ
520 2275 656 2330 Θεοῦ
687 2278 977 2348 παρορμᾷ”
1010 2277 1152 2332 κατὰ
1196 2279 1293 2349 μὲν
1337 2279 1434 2350 τὴν
1472 2280 1647 2351 ἀρχὴν
1685 2279 1755 2333 τὰ
1801 2280 1859 2334 ὲν

271 2370 391 2431 τοῖς
411 2369 658 2440 οὐρανοῖς
689 2369 785 2422 καὶ
811 2368 964 2424 τὰ⁸ὲν
991 2373 1104 2435 τοῖς
1129 2369 1372 2440 ὑψίστοις
1400 2369 1855 2442 ἀνακαλούμενος·

276 2455 484 2528 προῖὼν
515 2457 571 2509 δὲ
612 2456 679 2511 τὰ
709 2457 802 2510 ἐπὶ
841 2458 942 2529 τῆς
970 2459 1074 2530 γῆς
1108 2461 1203 2514 καὶ
1240 2460 1310 2514 τὰ
1347 2463 1405 2514 ἐν
1431 2464 1554 2524 ταῖς
1579 2459 1858 2526 ἁϐύσσοις,

273 2549 377 2619 οὐχ
421 2550 496 2613 ὡς
539 2549 756 2604 πάντων
791 2551 973 2622 ψυχῆς
1019 2553 1115 2605 καὶ
1153 2553 1312 2622 λόγου
1356 2555 1714 2626 μετεχόντων,
1743 2554 1858 2608 ἀλλ’

275 2641 358 2703 είς
399 2637 575 2693 ταῦτα
614 2641 741 2706 τοὺς
783 2640 941 2710 λόγου
974 2642 1358 2716 μετειληχότας
1389 2645 1724 2698 ἀποϐλέπειν
1769 2662 1862 2700 κε-

277 2729 446 2798 λεύει,
488 2731 584 2786 καὶ
632 2732 732 2803 τὴν
763 2732 974 2797 τούτοις
1004 2733 1304 2806 γενομένην
1343 2735 1532 2806 σοφίαν
1576 2753 1858 2809 καταμαν-

279 2818 560 2886 θάνοντας,
591 2821 684 2875 τὸν
708 2822 944 2894 Ποιητὴν
967 2823 1248 2895 ἀνυμνεῖν.

748 2911 857 2966 Καὶ
886 2911 1075 2967 πᾶσαι
1106 2910 1386 2970 ἄϐυσσοι.

353 3005 578 3077 Ἕτερος
645 3004 918 3069 ἀϐύσσους
962 3005 1059 3077 τὴν
1107 3006 1216 3060 τῶν
1258 3007 1624 3079 καταχθονίων
1689 3010 1859 3083 ἔφησε

1958 1809 2169 1874 Lauda,
2202 1806 2559 1872 Hierusalem,
2589 1804 2871 1860 Dominum
2897 1803 2963 1858 ⁸⁸.
2999 1804 3376 1859 Couseutanea
3408 1815 3547 1870 pm‘

1957 1899 2119 1955 dictis
2167 1913 2407 1968 prmsens
2437 1897 2555 1952 laus
2601 1895 2822 1964 jussum
2852 1895 3113 1963 ampliat;
3159 1902 3216 1949 et
3244 1893 3544 1964 congestim

1957 2000 2262 2046 creaturam
2292 1990 2453 2044 simul
2487 1989 2798 2044 universam
2835 1996 2943 2040 tam
2979 1986 3245 2043 visibilem
3271 2001 3433 2055 quam
3461 1985 3544 2039 in-

1956 2083 2228 2140 visibilem
2255 2084 2321 2137 ad
2354 2081 2447 2136 Dei
2482 2081 2697 2136 Iaudem
2726 2079 2930 2135 excitat
2962 2099 2975 2135 :
3009 2079 3165 2134 initio
3192 2078 3411 2149 quidem
3441 2091 3548 2132 ctr-

1960 2177 2113 2232 lestia
2162 2185 2219 2231 et
2264 2175 2637 2230 excelsissima
2671 2173 2910 2228 invitans
2939 2190 2954 2228 :
2992 2186 3118 2226 mox
3147 2170 3502 2242 progrediens
3527 2209 3542 2233 ,

1961 2267 2243 2322 terrestria
2287 2276 2344 2321 et
2389 2280 2510 2335 qua:
2545 2265 2597 2318 in
2636 2263 2849 2333 abyssis
2895 2272 3214 2317 versantur:
3249 2276 3356 2316 non
3401 2259 3542 2328 quod

1958 2359 2140 2412 omnia
2167 2357 2348 2410 anima
2379 2365 2434 2410 et
2474 2353 2684 2422 loquela
2719 2354 2940 2422 praedita
2976 2354 3103 2416 sint,
3139 2354 3234 2408 sed
3269 2353 3542 2420 homines,

1957 2449 2053 2518 qui
2085 2446 2294 2517 loquela
2322 2455 2447 2502 sunt
2475 2446 2704 2515 praediti,
2726 2444 2880 2514 jubet
2914 2445 3034 2500 illas
3056 2454 3339 2501 creaturas
3369 2443 3543 2514 respi—

1959 2555 2084 2597 cere
2112 2581 2128 2607 ,
2178 2551 2234 2593 et
2279 2553 2591 2609 expressam
2634 2537 2693 2592 in
2743 2537 2827 2592 his
2859 2535 2952 2591 Dei
2984 2537 3308 2606 sapientiam
3339 2550 3545 2606 cogno-

1961 2640 2197 2698 scentes,
2225 2629 2539 2687 Creatorem
2566 2630 2783 2701 hymnis
2809 2629 3112 2686 celebrare.

2353 2900 2518 2956 Vsus.
2551 2899 2606 2952 7.
2644 2898 2712 2952 Et
2745 2914 2925 2952 omnes
2947 2897 3143 2967 abyssi.

2033 2994 2184 3051 Alius
2214 2993 2429 3063 quidam
2465 2993 2690 3062 abyssos
2713 2992 2842 3046 dicit
2869 3006 2992 3046 esse
3015 2991 3426 3045 subterraneam
3463 3005 3547 3044 re-

279 3096 487 3170 χώραν,
529 3097 672 3152 κατὰ
700 3097 914 3153 Παῦλον
950 3098 1172 3152 είπόντα
1193 3116 1206 3129 °
1237 3099 1329 3172 Μὴ
1355 3101 1535 3174 είπῃς,
1566 3104 1663 3170 Τίς
1686 3080 1863 3158 κατα-

1965 3087 2180 3158 gionem
2204 3126 2220 3152 ,
2252 3095 2411 3155 prout
2450 3084 2648 3138 Paulus
2679 3083 2754 3136 ait
2792 3099 2805 3135 :
2842 3080 2920 3137 Ne
2947 3082 3120 3146 dicas,
3155 3081 3286 3147 Quis
3334 3080 3541 3135 descen-

279 3189 529 3256 ὄήσεται
565 3192 652 3257 εὶς
697 3189 810 3259 τὴν
865 3189 1162 3256 ἄϐυσσον,
1215 3191 1462 3246 τουτέστι
1509 3194 1746 3261 Χριστὸν
1799 3197 1864 3249 ὲκ

278 3283 495 3354 νεκρῶν
549 3284 870 3351 ἀναγαγεῐν;
912 3285 1006 3336 καὶ
1062 3284 1121 3336 ὲν
1188 3281 1346 3348 Ἰὼϐ,
1388 3285 1491 3338 Ἐν
1528 3284 1617 3350 δὲ,
1673 3287 1862 3358 φησὶν,

284 3375 529 3444 ἴχνεσιν
575 3376 850 3429 ἀϐύσσου
887 3375 1364 3444 περιεπάτησας;
1397 3377 1622 3448 Μήποτε
1668 3379 1726 3432 δὲ
1772 3381 1865 3435 καὶ

281 3465 441 3520 τοῦτο
468 3466 672 3537 πλῆθος
703 3466 908 3520 ὑδάτων
934 3467 1084 3538 δηλοῖ
1109 3467 1231 3522 καθ’
1265 3459 1326 3520 οῦ
1354 3469 1727 3541 περιεπάτησε
1752 3472 1866 3525 Κύ-

287 3575 436 3630 ριοςς
469 3558 544 3622 ὡς
573 3559 668 3628 ἀφ’
703 3557 895 3630 ἐτέρας
926 3560 1102 3644 αρχῆς
1125 3555 1264 3614 εἶναι
1294 3560 1376 3624 τὸ,
1405 3562 1774 3632 Ἀνοίγονται
1796 3564 1865 3618 δέ

282 3665 383 3704 σοι
405 3650 552 3720 φόϐῳ
575 3652 760 3705 πύλαι
792 3650 1083 3716 θανάτου;

434 3827 656 3896 ¹’ᾼσιιτε
688 3824 766 3892 τῷ
801 3828 997 3896 Κυρίῳ
1027 3820 1192 3898 ᾆσμα
1223 3830 1454 3894 καινὸν,
1483 3848 1536 3883 κ.
1573 3849 1624 3885 τ.
1655 3831 1704 3886 λ.

357 3917 466 3970 Τοῦ
500 3917 686 3972 καινοῦ
710 3919 952 3991 ᾄσματος
975 3918 1156 3990 (50)...
1182 3923 1246 3992 τῇ
1265 3919 1374 3973 τῶν
1394 3921 1556 3975 ὁσίων
1570 3921 1866 3994 Ἐκκλησία⁹

286 4009 548 4080 ᾀδομένου
574 4053 590 4075 ,
637 4009 836 4081 δηλαδὴ
883 4009 984 4082 τῆς
1028 4010 1121 4063 τοῦ
1165 4011 1416 4084 Σωτῆρος
1463 4013 1622 4084 ἡμῶν
1654 4015 1866 4086 Καινῆς

284 4098 604 4170 Διαθήκης..
637 4098 850 4170 παλαιῷ
883 4099 1164 4170 προσέχων
1210 4101 1426 4173 Ἰσραὴλ
1455 4101 1534 4173 τῷ
1577 4101 1668 4156 διὰ
1699 4105 1866 4157 Μωῦ-

289 4192 426 4255 σέως
445 4209 459 4222 ’
481 4191 540 4245 τὸ
568 4192 751 4245 καινὸν
777 4191 833 4245 δὲ
860 4191 1014 4245 τοῦτο
1041 4193 1436 4264 παράδειγμα..
1465 4194 1860 4266 εὐφραινέσθωθ

286 4281 450 4345 αὐτὸς
495 4277 701 4352 γὰρῆν
749 4281 778 4333 6
815 4279 909 4334 τοῦ
938 4280 1073 4334 Θεοῦ
1111 4282 1282 4350 Λόγος
1331 4283 1359 4335 6
1401 4283 1745 4354 χρηματίσας
1787 4282 1866 4354 τῷ

282 4375 532 4437 Μωῦσεί,
582 4375 676 4427 καὶ
717 4373 808 4426 τὸν
861 4372 1076 4446 Ἰσραὴλ
1122 4372 1406 4443 ἐξαγαγὼν
1450 4375 1516 4428 ἐκ
1560 4376 1658 4448 τῆς
1699 4375 1865 4445 Αίγύ-

1965 3183 2051 3234 det
2101 3181 2154 3234 iu
2201 3179 2444 3249 abyssum
2472 3175 2540 3241 ⁸⁸,
2580 3175 2631 3228 id
2671 3183 2756 3228 est
2805 3171 2875 3227 ob
2923 3171 3199 3226 Christum
3249 3188 3278 3225 a
3316 3172 3546 3226 mortuis

1964 3271 2371 3328 revocandum?
2406 3270 2469 3324 Et
2499 3267 2638 3336 apud
2668 3265 2861 3321 Jobum
2895 3282 2909 3319 :
2947 3264 3013 3319 In
3037 3265 3323 3334 profundo,
3348 3263 3544 3333 inquit,

1964 3362 2139 3433 abyssi
2160 3358 2444 3414 ambulasti
2474 3356 2564 3410 “7
2593 3355 2730 3410 Num
2760 3354 2902 3410 forte
2930 3357 3094 3409 etiam
3127 3355 3232 3408 hoc
3261 3353 3545 3418 vocabulo,

1964 3451 2116 3521 copia
2150 3464 2415 3520 aquarum
2441 3449 2732 3502 denotatur
2754 3459 2916 3514 supra
2941 3458 3099 3514 quam
3126 3443 3422 3498 ambulavit
3445 3444 3551 3497 Do—

1965 3544 2146 3599 minus
2174 3543 2197 3596 7
2227 3542 2302 3596 ita
2325 3552 2382 3594 ut
2411 3539 2632 3594 aliunde
2680 3536 3007 3607 repetendus
3035 3536 3107 3590 sit
3132 3551 3326 3590 sensus
3350 3537 3548 3590 verbo-

1966 3650 2085 3689 rum
2121 3650 2134 3688 :
2169 3632 2494 3702 Aperiantur
2531 3632 2668 3696 tibi,
2714 3627 2930 3683 timoris
2961 3641 3123 3681 causa
3147 3665 3165 3692 ,
3209 3637 3379 3696 parta:
3409 3642 3550 3679 mor-

1964 3729 2030 3782 tis
2045 3727 2088 3759 ⁸⁷
2115 3726 2139 3779 ?

2034 3817 2199 3875 Vens.
2233 3817 2288 3870 I.
2314 3814 2538 3870 Caritate
2566 3813 2795 3867 Domino
2820 3810 3083 3866 canticum
3113 3825 3326 3875 novum,
3367 3817 3472 3864 etc.

2035 3909 2186 3964 Novo
2220 3906 2436 3962 cantico
2461 3904 2512 3958 in
2531 3912 2846 3957 sanctorum
2881 3901 3122 3956 Ecclesia
3153 3910 3372 3956 cantato
3395 3915 3548 3956 nem-

1964 4016 2031 4072 pe
2050 3999 2181 4054 Novi
2212 3997 2458 4053 Fwderis
2489 3993 2798 4049 Servatoris
2829 3992 3066 4048 nostri...
3089 3992 3280 4059 veteri,
3312 4006 3432 4062 qua:
3454 3993 3551 4046 da-

1966 4104 2018 4148 ta
2051 4092 2154 4146 fuit
2186 4106 2284 4161 per
2324 4089 2564 4160 Moysem
2595 4127 2610 4152 ,
2644 4086 2751 4158 legi
2787 4085 3070 4140 adhaerens
3104 4084 3292 4141 Israel.
3339 4083 3545 4138 Novum

1967 4186 2069 4240 hoc
2101 4181 2448 4254 exemplar...
2481 4179 2736 4235 exsultet.
2770 4177 2948 4248 Ipsum
2976 4178 3121 4231 enim
3152 4186 3273 4231 erat
3307 4176 3398 4231 Dei
3429 4175 3550 4230 Ver-

1967 4277 2116 4342 bum,
2149 4275 2290 4346 quod
2326 4273 2493 4344 Moysi
2528 4270 2749 4327 oracula
2776 4270 2997 4334 edebat,
3025 4277 3080 4324 et
3108 4267 3358 4323 lsraelem
3385 4266 3550 4338 Egy.

1967 4379 2059 4440 plo
2083 4367 2290 4434 eduxit,
2318 4367 2529 4436 sibique
2557 4379 2626 4420 ex
2659 4377 2725 4418 eo
2755 4359 3006 4431 populum
3039 4358 3371 4430 peculiarem
3409 4357 3546 4413 clie—

287 4483 423 4518 πτθυ
451 4465 585 4538 (51),
615 4466 847 4536 ποιήσας
883 4442 950 4518 τε⁷
975 4442 1139 4518 αύτὸν
1185 4442 1380 4519 ἑαυτοῦ
1421 4465 1568 4521 λαόν.
1607 4442 1732 4530 ΙΪοῖς
1764 4442 1864 4538 μὲν

1966 4463 2060 4516 cit.
2108 4460 2263 4515 Filiis
2291 4473 2421 4528 ergo
2451 4456 2697 4527 apprime
2741 4453 2926 4509 Sionis
2961 4451 3181 4506 mandat
3224 4448 3459 4519 gaudere
3492 4457 3548 4501 et

285 4551 379 4610 οῦν
407 4557 542 4619 υίοῖς
575 4553 712 4608 Σιὼν
751 4555 959 4627 χαίρειν
992 4557 1086 4609 καὶ
1111 4555 1370 4628 ἀγαλλιᾷν
1411 4556 1650 4630 πρώτοις
1679 4575 1864 4632 παρα-

284 4647 568 4702 κελεύεται
601 4649 695 4701 ἐπὶ
726 4646 804 4718 τῷ
838 4647 1048 4718 βασιλεῖ
1084 4647 1294 4701 αὐτῶνθ
1331 4650 1493 4714 αὐτὸς
1525 4649 1582 4704 δὲ
1626 4647 1695 4723 ἦν
1731 4651 1866 4716 ..τὸς

286 4739 452 4794 πάλιν
479 4739 507 4791 6
540 4739 634 4792 τοῦ
671 4738 805 4793 Θεοῦ
833 4739 1023 4808 Λόγος,
1059 4739 1226 4793 πάλαι
1270 4740 1369 4812 μὲν
1405 4741 1583 4795 αὐτῶν
1613 4742 1868 4814 βασιλεὺς

1960 4553 2232 4607 exsultare
2261 4549 2331 4604 ob
2365 4562 2544 4618 regem
2578 4547 2839 4615 ipsorum.
2870 4543 2984 4598 Hoc
3007 4551 3188 4595 autem
3218 4551 3339 4595 erat
3370 4541 3545 4608 ipsum

1963 4643 2054 4699 Dei
2083 4643 2360 4706 Verbum,
2387 4641 2514 4695 olim
2546 4638 2763 4708 quidem
2790 4651 2884 4692 rex
2916 4635 3150 4697 illorum,
3183 4647 3343 4702 quem
3377 4630 3428 4685 hi
3461 4641 3545 4684 ta-

1963 4749 2086 4790 men
2135 4733 2328 4788 dciurle
2381 4738 2765 4786 recusarunt...
2804 4725 2947 4780 unde
2992 4722 3269 4794 propheta!
3307 4717 3544 4774 Samueli

284 4829 383 4896 ὢν,
433 4829 658 4904 ὕστερον
701 4829 756 4883 δὲ
789 4829 1148 4901 παραιτηθεὶς
1181 4829 1296 4902 [ὑπ’
1342 4830 1568 4902 αύῙτῶνο
1605 4832 1684 4886 διὸ
1733 4833 1864 4906 πρὸς

1963 4827 2142 4882 aiebat
2178 4843 2191 4879 :
2226 4822 2349 4878 Non
2384 4835 2434 4878 te
2468 4828 2930 4887 contempserunt,
2974 4817 3065 4869 scd
3101 4829 3221 4878 me,
3265 4813 3548 4882 quominus

284 4922 380 4976 τὸν
431 4922 716 4992 προφήτην
750 4919 1004 4992 Σαμουήλ
1039 4936 1203 4990 φησιν
1256 4936 1270 4950 °
1300 4922 1382 4975 οὐ
1428 4921 1504 4976 σὲ
1542 4922 1866 4990 ἐξουθενή-

287 5030 491 5077 κασιν,
557 5013 696 5068 ἀλλ’
746 5011 896 5082 ἐμὲ..
952 5012 1040 5081 μὴ
1084 5012 1445 5076 βασιλεύειν
1492 5014 1587 5068 ἐπ’
1641 5013 1862 5071 αὐτῶν.

287 5107 442 5159 Ἐπεὶ
469 5105 525 5159 δὲ
571 5104 645 5177 μὴ
690 5104 1001 5176 ὑπήκουσαν
1033 5105 1098 5174 τῇ
1143 5103 1352 5174 κλήσει,
1388 5107 1614 5171 εἰκότως
1640 5108 1739 5180 τῆς
1767 5107 1867 5178 χά-

292 5215 439 5271 ριτος
491 5198 593 5269 τῆς
653 5196 989 5270 εὐφροσύνης
1044 5198 1274 5260 ἑαυτοὺς
1317 5199 1638 5271 ἐστέρησαν*
1687 5200 1757 5254 τά
1799 5217 1865 5268 γε

292 5291 399 5363 μὴν
433 5290 560 5362 ἔθνη
587 5290 680 5343 τὸν
703 5289 933 5352 ἐκείνοις
973 5287 1209 5360 πρώτοις
1242 5291 1684 5362 κατηγγελμένον
1711 5291 1866 5363 βασι-

379 5434 422 5465 ⁸¹
458 5433 602 5488 Psal.
653 5448 813 5495 chv,
864 5431 920 5486 2.

1021 5430 1070 5462 ⁸³
1098 5429 1245 5486 PsaI.
1287 5445 1465 5500 cxnvr,
1517 5437 1562 5490 Ι.

286 5503 331 5537 ⁸⁷
361 5505 491 5560 ibid.
525 5505 613 5558 17.

711 5505 757 5536 ⁸⁸
782 5505 800 5558 I
825 5504 954 5575 Reg.
986 5517 1110 5568 vm,
1137 5502 1191 5555 7.

364 5641 477 5714 (29)
508 5641 866 5715 Magnipretii
888 5651 972 5697 est
999 5642 1113 5715 haec
1140 5637 1366 5715 Eusebii
1387 5634 1628 5715 doctrina
1660 5637 1730 5692 ob
1757 5635 1863 5690 sol-

292 5706 496 5767 vendas
528 5706 623 5767 de'
639 5706 981 5768 ethnicorum
1019 5713 1193 5767 salute
1221 5710 1304 5764 vel
1336 5706 1688 5762 damnatione
1738 5722 1863 5777 pro-

295 5784 497 5856 positas
518 5797 560 5856 _a
597 5782 932 5856 philosophis
961 5782 1320 5856 dillicultates.

371 5853 484 5924 (30)
518 5847 686 5923 llujus
721 5847 1001 5924 fragmeuti
1041 5853 1243 5908 lacuna:
1274 5851 1325 5905 in
1357 5847 1658 5918 antiquiore
1687 5847 1868 5902 lacero
1943 5856 1948 5860 '

1669 5437 1716 5468 ⁸⁸⁸
1750 5437 1897 5491 Psal.
1959 5449 2158 5499 chvu,
2230 5434 2316 5488 12.

1967 4937 2123 4990 super
2148 4935 2236 4974 eos
2258 4933 2462 4988 regnem
2487 4915 2555 4969 ⁸⁸.
2583 4914 2648 4968 Ει
2688 4912 2815 4982 quia
2845 4906 3120 4964 vocationi
3153 4919 3261 4960 non
3291 4903 3546 4959 obedive-

1969 5023 2138 5078 runt,
2183 5011 2378 5067 merito
2411 5005 2686 5077 semetipsi
2725 5003 2896 5076 gratia
2935 5000 3140 5055 laetitia:
3188 5000 3543 5054 orbaveruut.

1967 5104 2038 5160 Et
2083 5103 2434 5176 praedicatum
2483 5100 2702 5170 quidem
2764 5094 3010 5165 apprime
3059 5091 3264 5147 Iudicis
3318 5103 3545 5160 regem,

1968 5205 2159 5268 gentes
2183 5211 2308 5252 eum
2338 5200 2697 5265 agnoscentes
2721 5188 3099 5250 admiserunt,
3144 5185 3376 5254 ideoque
3409 5181 3546 5242 laeti-

1967 5291 2062 5356 tia,
2089 5303 2209 5360 quae
2225 5288 2518 5344 secundum
2538 5283 2705 5339 Deum
2721 5289 2827 5345 est,
2851 5288 2908 5335 et
2927 5276 3220 5336 exsultatio
3237 5275 3370 5346 ipsis
3401 5274 3547 5328 acci-

2428 5433 2473 5464 ⁸⁸
2506 5432 2663 5486 Rom.
2720 5444 2774 5497 x,
2805 5427 2859 5482 7.
2973 5423 3020 5456 ⁸⁸
3046 5422 3148 5477 Job
3192 5435 3424 5484 xxxvut,
3456 5417 3544 5472 16.

1969 5638 2265 5707 exemplari
2293 5645 2601 5706 supersunt.

2029 5698 2150 5790 _('5l)
2188 5698 2383 5764 Recole
2411 5708 2551 5764 dicta
2577 5724 2608 5764 a
2633 5707 2788 5764 nobis
2817 5707 2869 5762 iu
2895 5715 3006 5761 not.
3039 5704 3108 5760 ad
3135 5719 3271 5761 vers.
3309 5703 3373 5756 ll)
3397 5698 3547 5773 psal-

1972 5794 2042 5834 ml
2069 5793 2266 5835 CXXXV.
