4062 6400
531 377 599 434 7|
1249 375 1512 433 EUSEBII
1550 327 2022 432 CAiSARIENSlS
2057 327 2209 429 OPP.
2250 372 2430 430 PARS
2466 371 3078 430 lll.——EXEGETICA.
3745 385 3816 438 79,

535 497 636 553 dit.
665 494 805 552 Hinc
837 503 954 552 toto
980 494 1114 550 orbe
1143 503 1332 566 gentes
1375 494 1431 548 in
1471 493 1590 550 suis
1631 492 1882 549 ecclesiis
1908 491 2130 547 laudant

2237 491 2330 546 λέα
2372 491 2668 560 ἐπιγνόντα
2693 489 3075 555 κατεδέξαντο*
3102 489 3292 562 διόπερ
3320 492 3356 563 ή
3386 493 3528 547 κατά
3561 494 3697 550 Θεὸν
3726 499 3816 552 εύο

537 601 736 642 nomen
764 585 884 654 ejus
914 601 1013 641 ceu
1044 585 1248 656 pr0prii
1275 586 1441 654 regis,
1477 585 1572 639 Dei
1599 584 1812 640 scilicet
1844 582 2006 640 Verbi
2028 583 2120 638 Je-

2237 583 2471 656 φροσύνη
2502 583 2597 636 καὶ
2639 581 2959 651 ἀγαλλίασις
2992 581 3254 654 μετῆλθεν
3277 584 3364 636 ἐπ’
3395 587 3565 640 αύτάο
3599 588 3723 643 ὅθεν
3749 591 3817 644 τά

539 692 602 732 su
630 677 834 733 Christi
867 693 1058 732 nomen
1093 677 1250 746 pleno
1276 676 1447 730 choro
1477 692 1601 730 cum
1647 675 1884 746 tripudio
1907 674 2120 747 gloriﬁ-

541 777 752 821 cantes.
787 766 893 821 Sed
926 775 977 820 et
1006 767 1097 836 qui
1146 767 1407 821 solitatim
1436 767 1616 838 degit.
1650 765 1808 822 bonis
1845 769 1960 822 suis
1987 766 2125 821 acti-

541 859 648 914 bus
670 867 722 914 et
750 859 993 929 corporis
1039 859 1520 915 exercitationibus
1553 859 1811 930 hymnum
1855 859 2124 930 quodam-

545 952 708 1006 modo
735 960 790 1006 et
842 950 1208 1005 laudationem
1244 949 1356 1006 Deo
1391 950 1631 1006 coniicit.
1679 950 1733 1006 ld
1787 951 2126 1008 credibiliter

542 1041 842 1112 praedicens
890 1041 1177 1098 Psalmista
1221 1042 1396 1112 pergit
1432 1041 1624 1110 jubere
1671 1050 1730 1096 ut
1764 1051 2022 1114 tympano
2070 1052 2127 1099 et

541 1134 803 1204 psalterio
819 1133 1056 1205 psallant
1079 1136 1128 1190 ei
1154 1152 1169 1188 :
1185 1133 1424 1205 tympani
1445 1133 1707 1188 vocabulo
1723 1133 1985 1188 denotans
2004 1150 2128 1189 cor-

540 1241 679 1296 pus,
719 1227 981 1298 psalterio
1013 1228 1341 1297 spiritum...
1371 1227 1749 1296 morti/icantes
1776 1228 2009 1282 membra
2039 1243 2130 1280 stt-

541 1334 635 1386 per
695 1328 896 1372 terram
921 1319 990 1382 ",
1049 1328 1096 1372 et
1148 1319 1277 1372 .Iesu
1327 1319 1864 1386 mortiﬁcationemin
1913 1335 2130 1386 corpore

543 1410 976 1476 circumferentes
1020 1410 1089 1465 “.
1147 1410 1246 1477 Qui
1290 1410 1566 1464 exsultant
1617 1409 1688 1464 ob
1738 1425 1922 1481 regem
1969 1426 2125 1466 suum

544 1515 651 1554 una
683 1515 806 1558 cum
834 1500 1214 1557 exsultante...
1244 1502 1334 1570 qui
1381 1501 1510 1556 fecit
1551 1516 1746 1556 eum...
1790 1511 2047 1575 tympano
2073 1513 2128 1558 et

543 1592 808 1660 psalterio
835 1592 1090 1661 psallunt.

2232 677 2332 746 μὲν
2359 674 2480 729 καθ’
2508 675 2635 745 ὅλης
2659 675 2759 745 τῆς
2790 673 3119 744 οἰκουμένης
3143 673 3271 747 ἔθνη
3299 679 3417 740 ταῖς
3444 678 3655 733 ἐαυτῶν
3696 682 3818 734 Ἐκ.

2230 763 2484 835 κλησίαις
2541 762 2750 817 αἰνοῦσι
2780 762 2842 816 τὸ
2866 762 3035 834 ὄνομα
3073 763 3240 818 αὑτοῦ
3267 765 3361 818 τοῦ
3399 766 3661 836 βασιλέως
3691 771 3819 824 ἐαυ-

2228 856 2360 923 τῶν,
2394 855 2454 908 ἐν
2478 855 2626 927 χορῷ
2653 853 2748 909 τοῦ
2777 854 2913 908 Θεοῦ
2941 855 3116 924 Λόγου
3145 855 3204 908 τὸ
3235 856 3409 928 ὄνομα
3444 859 3652 931 Ἰησοῦν
3686 863 3820 934 Χρι.

2233 946 2358 1002 στὸν
2391 948 2530 1019 μετὰ
2559 946 2775 1018 χορείας
2799 943 3130 1013 δοξάζοντες·
3151 945 3288 1000 άλλά
3314 949 3451 1002 καὶὸ
3473 950 3662 1015 καθεὶς
3688 953 3817 1023 παρ’

2233 1043 2412 1116 ἐαυτῷ
2451 1061 2603 1097 ..νων
2629 1043 2675 1097 δ’
2713 1043 2892 1114 ἐργων
2925 1041 3164 1112 ἀγαθῶν,
3200 1042 3296 1096 καὶ
3323 1041 3412 1096 διά
3443 1042 3672 1114 τῶνοτοῦ
3714 1043 3821 1097 σώ-

2237 1155 2405 1210 ματος
2439 1137 2692 1210 πράξεων
2729 1137 2799 1191 τά
2828 1136 3185 1190 συντελοῦντα
3220 1138 3300 1200 εἰς
3339 1135 3507 1207 ὕμνον
3543 1137 3640 1189 καὶ
3679 1135 3821 1201 δοξο-

2233 1226 2422 1296 λογίαν
2457 1226 2552 1280 τοῦ
2576 1225 2713 1280 Θεοῦ
2751 1226 3162 1298 διαπράττεται.
3199 1227 3441 1290 Εἰκότως
3477 1225 3640 1279 τοῦτο
3683 1228 3820 1280 αὐτὸ

2235 1318 2524 1391 προλαϐὼν
2543 1319 2573 1370 ό
2594 1318 2750 1388 λόγος
2781 1318 3109 1390 προστάττει
3135 1317 3360 1388 φάσκων
3379 1335 3394 1349 ο
3432 1319 3518 1374 Ἐν
3551 1321 3820 1390 τυμπάνῳ

2235 1411 2330 1464 καὶ
2374 1409 2660 1482 ψαλτηρίῳ
2687 1409 3016 1480 ψαλάτωσαν
3053 1410 3205 1481 αὐτῷ
3230 1428 3242 1440 ·
3291 1411 3574 1483 τύμπανον
3610 1412 3711 1483 μὲν
3757 1411 3820 1464 τὸ

2237 1505 2397 1575 σῶμα
2419 1503 2865 1576 προσαγορεύων,
2898 1503 3197 1576 ψαλτήριον
3231 1504 3289 1557 δὲ
3328 1505 3389 1558 τὸ
3433 1504 3695 1575 πνεῦμα..
3724 1521 3820 1559 νε-

2236 1595 2577 1666 κρώσαντες
2608 1596 2681 1650 τὰ
2701 1595 2859 1666 μέλη
2891 1597 2966 1651 τὰ
2991 1597 3091 1651 ἐπὶ
3124 1595 3236 1664 τῆς
3262 1596 3394 1667 γῆς,
3427 1597 3526 1651 καὶ
3557 1597 3672 1666 τὴν
3714 1599 3822 1665 Ἰη-

544 1686 662 1742 σοῦ
702 1687 997 1757 νέκρωσιν
1045 1692 1116 1744 ἐν
1166 1690 1248 1757 τῷ
1296 1690 1524 1761 σώματι
1576 1691 2028 1761 περιφέροντεςο
2078 1693 2128 1747 οἰ
2172 1692 2569 1764 ἀγαλλιώμενοι
2633 1692 2727 1746 ἐπὶ
2787 1690 2865 1763 τῷ
2907 1691 3115 1763 βασιλεῖ
3142 1691 3320 1746 αὐτῶν
3349 1692 3466 1764 ἅμα
3488 1691 3566 1763 τῷ
3592 1693 3820 1764 εὐφραι-

544 1780 776 1852 νομένῳ.
807 1818 823 1833 .
869 1785 1156 1854 ποιήσαντι
1185 1785 1370 1848 αὑτὸν,
1402 1785 1460 1837 ἐν
1484 1784 1756 1855 τυμπάνῳ
1797 1786 1891 1840 καὶ
1921 1785 2208 1857 ψαλτηρίῳ
2241 1785 2556 1855 ψάλλουσιν.

1047 1873 1370 1930 PSALMUS
1402 1873 1633 1929 CXLIX.

763 1967 927 2023 Vens.
965 1968 1019 2024 5.
1047 1966 1392 2021 Lretabuntur
1418 1967 1474 2020 in
1499 1966 1757 2020 cubilibus
1787 1967 1918 2020 suis.

618 2057 790 2112 Aliter
819 2049 948 2114 vero
977 2098 995 2122 ,
1025 2067 1255 2112 mortem
1289 2066 1605 2112 sanctorum
1643 2058 1909 2114 voeabqu
1939 2058 2133 2112 cubili-

549 2150 644 2202 bus
679 2149 878 2204 innuit.
931 2148 1322 2204 Dortnitionem
1361 2149 1567 2219 quippe
1594 2148 1734 2203 solet
1761 2164 1880 2204 eam
1933 2165 2133 2206 vocare

549 2242 870 2312 Scriptura,
925 2241 1138 2296 dicente
1186 2240 1353 2296 Paulo
1403 2259 1416 2296 :
1471 2239 1546 2294 De
1595 2240 1978 2297 dormientibus
2028 2259 2129 2296 au-

550 2343 652 2387 tem
696 2335 817 2389 nolo
863 2351 952 2389 eos
1004 2335 1292 2404 ignorare,
1341 2335 1538 2402 fratres
1583 2335 1650 2392 ".
1703 2334 1867 2391 Vetus
1917 2350 2134 2407 quoque

550 2425 961 2483 Testamentum
1006 2427 1084 2482 ait
1131 2444 1146 2482 :
1189 2426 1446 2483 Dormivit
1502 2429 1676 2485 Dauid
1731 2444 1854 2483 cunt
1891 2431 2132 2499 patribus

551 2611 712 2666 Vens.
732 2611 786 2667 6.
817 2611 1190 2686 Exultationes
1218 2611 1315 2666 Dei
1339 2613 1403 2686 in,
1429 2623 1640 2680 gutture
1659 2631 1866 2680 eorum,
1893 2625 1942 2669 et
1967 2615 2134 2686 gladii

895 2684 1150 2750 ancipites
1174 2684 1232 2736 in
1264 2685 1506 2738 manibus
1535 2686 1789 2753 ipsorum.

619 2773 899 2844 anpinate
944 2774 1139 2842 Aquila
1196 2783 1519 2843 praesentem
1572 2775 1898 2828 sententiam
1963 2789 2132 2845 expo-

549 2863 681 2928 suit,
711 2863 841 2917 dum
868 2861 1220 2916 Hebraeorum
1249 2861 1512 2916 vocabulo
1534 2865 1722 2926 servit,
1741 2863 1926 2920 dicens
1955 2883 1970 2920 :
2002 2864 2131 2920 Gla-

548 2957 670 3009 dius
717 2954 912 3024 gemini
943 2955 1050 3007 oris
1076 2954 1132 3006 iu
1173 2969 1334 3007 manu
1368 2953 1624 3020 ipsorum.
1661 2952 1765 3009 Sed
1797 2964 1852 3009 et
1884 2955 1970 3010 bis
2003 2972 2135 3011 con-

554 3047 718 3101 traria
767 3055 1137 3100 memorantur
1175 3044 1396 3098 alicubi.
1452 3044 1579 3099 Filii
1608 3047 1879 3100 hominum
1903 3088 1920 3114 ,
1955 3049 2132 3103 dentes

550 3153 730 3192 eorum
775 3152 924 3191 arma
957 3145 1006 3190 et
1051 3137 1296 3204 sagittaz,
1327 3145 1374 3189 et
1421 3134 1602 3206 lingua
1653 3137 1890 3206 ipsorum
1924 3139 2134 3209 gladius

2160 1880 2207 1938 Β

2763 1875 3057 1930 ΨΑΛΜΟΣ
3097 1874 3277 1928 ΡΜΘν.

2410 1967 2900 2038 Ἆγαλλιὰσονται
2927 1967 3027 2022 ἐπὶ
3057 1967 3175 2022 τῶν
3203 1968 3414 2024 κοιτῶν
3445 1967 3660 2025 αὐτῶν.

2314 2060 2523 2125 ’Δλλως
2545 2061 2603 2114 δέ
2626 2061 2718 2115 τὸν
2755 2059 2984 2116 θάνατον
3006 2061 3115 2114 τῶν
3150 2061 3313 2114 ὁσίων
3342 2061 3563 2132 ᾐνίξατο
3585 2061 3677 2115 διὰ
3702 2061 3821 2117 τῶν

2234 2152 2464 2207 κοιτῶν.
2499 2154 2770 2224 Κοίμησιν
2793 2151 2902 2221 γάρ
2927 2151 3087 2206 εἴωθε
3125 2152 3309 2206 καλεῖν
3350 2152 3512 2206 αὐτὸν
3545 2155 3579 2224 η
3606 2154 3818 2225 Γραφῇ.

2233 2239 2485 2309 λέγοντος
2519 2242 2614 2294 καὶ
2649 2240 2885 2294 Παύλοψ
2913 2241 3056 2309 Περί
3086 2239 3156 2294 δὲ
3186 2241 3305 2295 τῶν
3333 2241 3709 2312 κοιμωμένων
3747 2245 3820 2298 οὐ

2235 2332 2390 2388 θέλω
2402 2331 2558 2403 ὑμᾶς
2579 2332 2838 2403 ἀγνοεῖν,
2855 2331 3124 2401 ἀδελφοί·
3149 2332 3242 2386 καὶ
3265 2333 3298 2403 ἡ
3321 2332 3530 2387 Παλαιά
3551 2332 3608 2387 δέ
3632 2349 3818 2407 φησιν’

2247 2425 2566 2495 Ἐκοιμήθη
2601 2423 2784 2480 Δαυῒδ
2815 2423 2965 2493 μετὰ
2992 2422 3114 2478 τῶν
3139 2423 3410 2494 πατέρων
3432 2407 3640 2480 αὑτοῦ.

2236 2606 2308 2658 Αἱ
2333 2602 2602 2674 ὑψώσεις
2628 2602 2734 2674 τοῦ
2765 2603 2914 2658 Θεοῦ
2945 2603 3016 2657 ἐν
3041 2601 3294 2674 λᾴρυγγι
3310 2602 3658 2674 αὐτῶν,γωί
3673 2605 3821 2674 ῥομ-

2415 2673 2585 2742 φαῖιιι
2613 2673 2885 2742 δίστομοι
2913 2674 2984 2726 ἐν
3011 2673 3142 2740 ταῖς
3169 2673 3383 2743 χερσὶν
3406 2673 3625 2728 αὐτῶν.

2309 2765 2636 2837 Παραδόξοις
2677 2766 2735 2818 δὲ
2788 2764 3020 2829 Ἀκύλας
3055 2764 3158 2836 τὴν
3195 2764 3548 2818 ἀποδοθεῖσαν
3585 2765 3823 2820 διάνοιαν

2237 2859 2570 2931 παρέστησε,
2599 2857 2890 2922 δουλεύσας
2918 2859 2983 2928 τῇ
3009 2856 3118 2911 τῶν
3159 2856 3424 2929 Ἐϐραίων
3451 2861 3600 2929 φωνῇ
3627 2858 3818 2910 εἰπών’

2236 2950 2510 3020 Μάχαιρα
2534 2948 2849 3020 στομάτων
2883 2950 2994 3021 (52)
3027 2948 3096 3002 ὲν
3119 2950 3265 3018 χειρί
3289 2947 3506 3003 αὐτῶν.
3543 2949 3702 3002 Ἀλλὰ
3729 2949 3825 3003 καὶ

2239 3043 2369 3114 περὶ
2413 3040 2524 3094 τῶν
2562 3040 2824 3104 τοιούτοις
2850 3041 3104 3095 ἐναντίων
3140 3040 3256 3109 (55)
3286 3040 3502 3112 εἴρηταί
3528 3058 3652 3094 mou-
3697 3042 3821 3096 Υἱοὶ

2237 3131 2582 3202 ἀνθρώπων,
2601 3136 2654 3186 οἱ
2677 3132 2921 3199 ὀδόντες
2963 3132 3162 3186 αὐτῶν
3205 3132 3363 3187 ὅπλα
3391 3133 3490 3188 καὶ
3508 3133 3688 3201 βέλη,
3721 3135 3822 3186 καί

551 3239 740 3283 acutus
781 3229 853 3295 ",
900 3237 962 3283 ut
1002 3228 1254 3282 occidant
1286 3237 1553 3297 quotquot
1589 3229 1723 3300 ipsis
1756 3232 1957 3301 captivi
2009 3247 2133 3289 suc-

2240 3228 2277 3294 ή
2295 3224 2545 3296 γλῶσσα
2560 3223 2757 3279 αὐτῶν
2765 3223 3028 3295 μάχαιρα
3045 3223 3229 3290 ὀξεῖα,
3244 3225 3574 3295 φονευόντων
3586 3227 3708 3288 τοὺς
3729 3225 3823 3278 ὑπ’

551 3322 836 3378 cumbunt.
879 3319 1104 3389 Proprie
1137 3334 1267 3374 vero
1296 3321 1532 3391 gladium
1565 3322 1765 3392 gemini
1801 3325 1918 3378 oris
1942 3363 1958 3389 ,
1993 3326 2132 3380 actio

551 3417 655 3469 bus
683 3413 927 3468 exerceri
970 3415 1129 3467 docet
1168 3410 1480 3466 Psalmista.
1515 3411 1883 3480 Dicitautem,
1921 3415 2132 3470 exalta-

551 3507 719 3560 tiones
750 3503 850 3558 Dei
876 3505 929 3559 in
957 3514 1168 3574 gutture
1190 3519 1373 3557 eorum
1394 3543 1411 3570 ,
1436 3505 1562 3574 quia
1593 3521 1728 3562 voce
1761 3508 2052 3563 utebantur
2079 3509 2133 3564 in

550 3598 704 3653 verbi
741 3596 1082 3663 ministerio,
1113 3596 1257 3667 apud
1289 3611 1386 3652 eos
1414 3597 1506 3667 qui
1539 3599 1732 3654 audire
1760 3607 2014 3668 poterant
2047 3610 2134 3655 at-

551 3689 806 3744 tollentes
841 3689 1125 3760 hymnum.
1160 3689 1388 3744 Actibus
1425 3699 1606 3745 autem
1658 3691 1764 3744 vim
1811 3692 2138 3748 exserebant

550 3781 876 3837 adversariae
904 3780 1164 3852 potentiae
1189 3779 1493 3836 victricem.
1535 3779 1727 3837 Manus
1759 3781 1973 3838 illorum
1997 3820 2014 3848 ,
2044 3799 2134 3837 ac-

551 3883 639 3929 tus
661 3874 816 3938 dicit,
862 3873 978 3928 sive
1012 3873 1090 3928 rei
1137 3873 1389 3943 gerenda:
1413 3888 1600 3927 curam
1644 3883 1973 3941 susceptam.
2005 3875 2136 3929 Erat

551 3974 734 4019 autem
766 3965 885 4019 hac
919 3962 1233 4032 evangelica
1264 3963 1599 4032 praedicatio,
1636 3978 1757 4035 quae
1779 3965 1989 4037 gladius
2010 3982 2136 4035 quo-

552 4071 659 4124 que
693 4054 1030 4118 nominatur,
1063 4054 1194 4123 quia
1229 4055 1494 4108 malorum
1541 4063 1600 4108 et
1634 4055 1973 4124 impurorum
2021 4057 2135 4126 spi-

553 4149 755 4202 rituum
803 4159 1000 4216 greges
1047 4146 1441 4216 persequitur,
1494 4154 1550 4200 et
1603 4161 1896 4216 Oppressus
1953 4148 2138 4218 inique

552 4249 743 4310 gentes
793 4238 1096 4303 ulciscitur,
1143 4246 1202 4292 et
1254 4237 1660 4293 idololatricum
1715 4239 1897 4310 populi
1929 4239 2134 4296 cultum

553 4331 823 4386 emendat.

555 4504 722 4561 Vsus.
749 4505 803 4562 8.
838 4506 920 4559 Ad
952 4506 1252 4578 alligandos
1277 4523 1420 4577 reges
1445 4522 1626 4561 eorum
1649 4509 2132 4579 compedibus,etc.

623 4599 1074 4670 Quandoquidem
1105 4601 1248 4655 haud
1275 4599 1436 4656 aliter
1462 4601 1662 4657 licebat
1687 4605 1900 4674 eripere
1948 4619 2013 4661 ac
2059 4606 2128 4660 li-
2162 4603 2206 4659 Ι)

555 4692 750 4747 berare
795 4706 892 4747 eos
931 4691 1024 4761 qui
1058 4691 1363 4746 daemonum
1417 4692 1548 4748 olim
1587 4700 1975 4764 premebantur
2011 4711 2131 4754 ser-

555 4788 707 4852 vitio,
738 4787 844 4842 nisi
871 4785 1094 4842 domitis
1133 4786 1474 4857 alligatisque
1506 4788 1744 4858 ipsorum
1773 4789 2133 4860 principibus,

2242 3318 2421 3374 αὐτῶν
2443 3319 2742 3391 ἡλωκότας.
2785 3319 3013 3384 Οἰκείως
3042 3319 3098 3372 δέ
3143 3319 3240 3391 τὴν
3273 3320 3371 3391 μὲν
3407 3318 3682 3392 μάχαιραν
3713 3320 3824 3373 τῶν

2244 3413 2522 3482 στομάτων
2567 3413 2625 3465 ἐν
2653 3414 2772 3475 ταῖς
2815 3410 3078 3480 πράξεσιν
3125 3412 3365 3483 ἐνεργεῖν
3407 3413 3436 3464 ό
3478 3411 3633 3479 λόγος
3683 3429 3826 3483 παρ-

2243 3500 2460 3572 έστησε,
2513 3500 2620 3566 τὰς
2648 3500 2705 3553 δὲ
2733 3502 3000 3569 ὑψώσεις
3026 3499 3131 3554 τοῦ
3162 3498 3310 3554 Θεοῦ
3338 3500 3408 3553 ἐν
3454 3499 3532 3566 τῷ
3572 3502 3826 3570 στόματι

2241 3591 2460 3658 αὐτῶν,
2491 3594 2641 3663 φωνῇ
2666 3591 2774 3662 γὰρ
2795 3592 3032 3663 ἐχρῶντο
3065 3593 3158 3646 ἐπὶ
3179 3591 3499 3664 διδασκαλίᾳ
3517 3591 3610 3646 τοῦ
3634 3591 3823 3661 λόγου,

2242 3685 2397 3756 παρά
2420 3688 2530 3750 τοῖς
2551 3685 2772 3740 ἀκούειν
2802 3685 3120 3756 δυναμένοις
3146 3683 3474 3754 ἀνυψοῦντες
3505 3685 3596 3738 τὸν
3615 3683 3789 3757 ὕμνον
3805 3701 3821 3716 ⁶

2241 3780 2364 3842 ταῖς
2397 3777 2456 3832 δέ
2501 3778 2764 3850 πράξεσιν
2811 3778 2963 3848 ἰσχὺν
3009 3772 3156 3848 εῐχον
3201 3777 3590 3850 καθαιρετικὴν
3637 3777 3826 3850 πάσης

2242 3869 2625 3942 ἀντικειμένης
2648 3868 2948 3940 δυνάμεως.
2977 3867 3180 3941 Χεῖρας
3205 3868 3305 3940 μὲν
3337 3868 3516 3923 αὐτῶν
3542 3868 3640 3934 τάς
3678 3870 3824 3942 πρά-

2245 3963 2356 4028 ξεις
2404 3963 2592 4032 φησὶν,
2647 3961 2766 4032 ἦτοι
2812 3961 2878 4032 ἢν
2932 3960 3364 4032 μετεχειρίζοντο
3415 3959 3819 4032 πραγματείαν.

2242 4053 2392 4124 Αὕτη
2413 4054 2471 4107 δὲ
2497 4049 2564 4125 ἦν
2589 4055 2618 4107 ὁ
2640 4052 2991 4123 εύαγγελικὸς
3019 4051 3194 4122 λόγος,
3216 4051 3274 4115 ὃς
3299 4051 3393 4106 καὶ
3421 4051 3664 4123 ῥομφαία
3687 4051 3823 4104 ὠνο-

2246 4143 2449 4217 μάσθη,
2475 4143 2810 4199 ἐκδιὼκουσα
2834 4145 2932 4209 τὰς
2963 4144 3069 4198 τῶν
3093 4145 3344 4216 πονηρῶν
3374 4147 3468 4199 καί⁵
3492 4145 3823 4217 ἀκαθάρτων

2243 4239 2570 4310 πνευμάτων
2618 4239 2852 4308 ἀγέλαςσ
2903 4240 3078 4291 ποιεῖν
3121 4247 3182 4290 τε
3233 4237 3332 4310 τὴν
3377 4237 3653 4310 ἐκδίκησιν
3706 4239 3823 4292 τῶν

2247 4330 2593 4402 ἠδικημένων
2621 4329 2808 4396 ἐθνῶν,
2837 4330 2931 4385 καὶ
2973 4329 3213 4400 ἐλέγχειν
3242 4330 3336 4383 τοῦ
3378 4329 3507 4383 λαοῦ
3539 4330 3636 4401 τὴν
3665 4330 3825 4384 εἰδω-

2242 4419 2400 4474 λολατ
2409 4437 2467 4494 ρε
2475 4421 2579 4475 ίαν.

2247 4513 2358 4568 Τοῦ
2375 4512 2606 4568 δεῖσθαι
2621 4512 2763 4580 τοὺς
2785 4512 3068 4579 βασιλεῖς
3088 4511 3362 4567 αὐτῶν-ὲν
3378 4511 3605 4579 πέδαις,
3623 4531 3678 4566 κ.
3695 4531 3746 4566 τ.
3766 4513 3818 4568 λ.

2319 4603 2538 4676 Ἐπειδὴ
2564 4605 2665 4659 οὐκ
2688 4605 2862 4669 άλλως
2897 4601 2964 4678 ἦν
3000 4605 3363 4675 ὑπεξαγαγεῖν
3391 4606 3485 4659 καὶ
3516 4605 3821 4677 ἐλευθερῶ-

2238 4714 2327 4751 σαι
2359 4696 2485 4760 τοὺς
2513 4696 2680 4751 πάλαι
2713 4698 2826 4760 τοῖς
2863 4697 3081 4770 δαίμοσι
3132 4694 3562 4769 δεδου’ωμένους
3601 4698 3636 4769 ἢ
3683 4699 3823 4753 καθ-

2240 4807 2270 4842 υ
2281 4787 2621 4854 ποτάξαντας
2637 4789 2902 4861 πρότερον
2931 4791 3026 4844 καὶ
3042 4791 3454 4863 καταδήσαντας
3469 4793 3598 4854 τοὺς
3614 4791 3819 4862 ἄρχον-

557 4877 754 4932 merito
785 4877 898 4932 haec
947 4877 1362 4948 pergitdicere.
1407 4875 1536 4932 Loci
1573 4893 1792 4932 sensum
1839 4893 2132 4948 cognosces

2237 4897 2336 4944 τας
2364 4881 2567 4945 αὐτῶν,
2618 4881 2841 4944 εἰκότως
2882 4881 3222 4938 ἐπιλέλεκται
3267 4881 3460 4936 ταῦτα.
3493 4882 3721 4952 Νοήσεις
3760 4883 3820 4936 δὲ

556 4970 723 5025 etiam
747 4984 777 5022 a
807 4969 1115 5025 Senatorio
1144 4984 1276 5026 voce
1306 4969 1538 5025 dicentis
1576 4989 1590 5026 :
1631 4970 1906 5037 Quomodo
1937 4972 2131 5043 aliquis

2237 4975 2331 5027 καὶ
2367 4973 2526 5028 τοῦτο
2560 4974 2669 5028 ἀπὸ
2709 4973 2810 5044 τῆς
2853 4974 3121 5046 σωτηρίου
3151 4975 3355 5046 φωνῆς,
3391 4974 3458 5027 δι’
3484 4968 3551 5046 ἦς
3576 4971 3817 5045 εῖρτηταιο

557 5063 762 5133 ingredi
801 5074 968 5129 potest
1012 5064 1224 5116 domum
1265 5064 1420 5134 [ortis
1441 5105 1458 5130 ,
1489 5065 1704 5134 ejusque
1733 5081 1855 5118 rasa
1883 5065 2130 5134 diripere,

2237 5067 2370 5136 Πῶς
2385 5069 2637 5124 δύναταί
2655 5087 2744 5137 τις
2765 5069 3064 5124 εἰσελθεῖν
3083 5073 3167 5136 εἰς
3187 5070 3301 5139 τὴν
3311 5070 3506 5125 οἰκίαν
3528 5069 3632 5123 τοῦ
3650 5072 3822 5139 ἰσχυ-

557 5157 662 5211 nisi
690 5155 838 5225 prius
866 5155 1056 5225 fortem
1084 5156 1400 5227 alligaverit,
1433 5169 1489 5212 ut
1523 5167 1635 5211 tum
1668 5159 1880 5212 demunt
1911 5158 2128 5211 domum

2237 5159 2340 5229 ρσῦ
2362 5161 2459 5215 καὶ
2480 5162 2550 5216 τὰ
2564 5163 2755 5231 σκεύη
2781 5163 2967 5217 αὐτοῦ
2981 5161 3329 5232 διαρπάσαι,
3348 5161 3457 5216 ἐὰν
3470 5160 3556 5232 μὴ
3579 5159 3822 5230 πρῶτον

628 5331 676 5364 ⁶⁹
700 5331 879 5388 Colos.
913 5349 996 5399 ιιι,
1023 5334 1078 5389 5.
1153 5335 1200 5366 9°
1251 5333 1290 5388 Il
1315 5337 1441 5391 Cor.
1474 5352 1547 5402 IV,
1577 5336 1665 5392 10.
1758 5336 1803 5368 "
1834 5337 1855 5391 l
1885 5337 2078 5394 Thess.
2114 5354 2128 5393 I

2237 5341 2310 5396 l2.
2396 5341 2444 5374 "
2488 5341 2553 5397 lll
2589 5341 2790 5413 Βομι,
2819 5343 2906 5398 10.

627 5446 742 5519 ('52)
770 5448 920 5504 Alius
953 5450 1162 5523 codex,
1209 5453 1385 5523 στόμα
1423 5455 1622 5509 αὐτῶν.
1662 5486 1732 5497 -
1770 5454 1934 5512 Vides
1961 5455 2128 5510 Euse-

561 5518 706 5572 bium
735 5523 927 5598 stricto
954 5536 1113 5598 sensu
1135 5518 1632 5598 intellexisse‘apud
1655 5527 2130 5598 Αηυίιειιῃίστομά-

558 5603 666 5668 των
715 5602 779 5668 ex
813 5589 1339 5668 rllebraicoumtntn
1407 5589 1794 5668 oris'duplic'is.
1843 5595 1959 5666 (Sic
1995 5589 2084 5652 aio
2114 5637 2130 5660 .

561 5658 686 5736 quia
707 5656 918 5736 .Latina
951 5676 1054 5736 non
1083 5662 1312 5736 dicimus
1343 5665 1512 5736 arium
1549 5656 1631 5720 vel
1676 5683 1828 5720 orum
1850 5656 1962 5721 cas.
2003 5656 2128 5736 gen.

561 5727 725 5800 plur.)
763 5731 830 5781 At
863 5729 913 5781 in
949 5731 1257 5800 polyglottis
1285 5730 1460 5787 Lond.
1501 5736 1728 5788 acierum
1776 5751 1935 5791 sensu
1964 5727 2134 5792 mcta-

565 5798 792 5863 pborico
816 5838 832 5865 ,
860 5798 1406 5871 quem—eigniticatum
1443 5804 1566 5860 inde
1596 5805 1937 5874 desumptum
1962 5805 2132 5863 Mont-

3016 5344 3064 5378 "
3092 5341 3236 5402 Psal.
3269 5359 3354 5398 ινι
3386 5383 3400 5408 ,
3440 5343 3494 5398 5.

2230 5458 2518 5530 Quconius
2567 5461 2620 5515 in
2654 5459 2911 5528 Hexnplis
2947 5460 3195 5530 apposuit
3247 5461 3346 5530 ipsi
3389 5459 3614 5527 Aquilte.
3643 5459 3816 5529 Atqui

2228 5529 2496 5586 Eusebius
2534 5531 2635 5585 nisi
2679 5533 2743 5585 sd
2779 5529 3027 5587 strictum
3063 5529 3310 5587 vocabuli
3359 5531 3636 5598 originalis
3681 5546 3818 5585 sen-

2229 5615 2353 5655 sum
2403 5602 2764 5683 respexisset,
2811 5602 3063 5672 Aquilam
3109 5601 3179 5657 de
3221 5601 3500 5656 idiotismo
3540 5599 3816 5657 Hebraico

2231 5685 2384 5727 reum
2400 5685 2516 5740 non
2549 5681 2768 5740 egisset.

2277 5739 2418 5812 ~(33)
2447 5741 2533 5797 Al.
2565 5739 2710 5809 ced.,
2741 5740 2849 5800 τῶν
2880 5739 3136 5796 τοιούτων
3167 5741 3429 5798 ἐναντίον.
