4062 6400
2107 281 2136 300 ά

553 369 627 427 75
1238 363 1504 420 EUSEBII
1542 356 2030 418 (ἓιΕδΑῐὶΙΕΝΞΙΒ
2068 354 2218 412 OPP.
2262 351 2443 406 PARS
2482 351 2576 405 Ill.
2621 379 2688 391 —
2727 343 3143 426 EXEGETICA.
3759 340 3834 394 76

555 484 808 555 spiritum
835 496 1071 554 praesens
1106 494 1282 536 sermo
1311 479 1374 534 ad
1419 477 1820 550 hymnologiam
1852 482 2127 546 provocat,

2237 470 2328 521 ἐπὶ
2372 469 2470 538 τὴν
2524 465 2848 537 ύμνολογίαν
2894 461 3173 522 ἀνακαλεῖ,
3215 458 3328 511 ἀλλ’
3373 458 3495 510 ἐπεὶ
3529 456 3601 528 μὴ
3629 457 3840 528 τρόπος

557 579 682 648 quia
705 587 884 632 tamen
917 592 1019 632 non
1050 590 1188 628 unus
1217 582 1298 627 est
1331 573 1575 626 omnium
1611 571 1803 624 modus
1829 583 2002 638 neque
2036 569 2143 620 ani-

2244 560 2323 624 εἶς
2347 562 2454 614 τῶν
2490 559 2729 621 πάντων,
2765 555 2897 627 μηδὲ
2931 552 3080 626 [μία]
3107 551 3364 615 διάθεσις,
3397 551 3514 604 κατ’
3541 549 3841 618 ἀναλογίαν

559 664 634 718 mi
671 663 896 718 ali’cctus
925 703 940 724 ,
993 677 1095 715 non
1149 659 1268 713 sine
1318 655 1582 724 analogiae
1617 670 1808 709 norma
1852 652 2144 722 unicuique

2246 656 2460 724 ἑκάστῳ
2500 650 2729 723 ὄργανόν
2759 667 2811 702 τι
2845 650 2978 720 πρὸς
3022 645 3112 698 τὸν
3159 645 3327 715 ὕμνον
3361 645 3665 715 ἐπιτήδειον
3701 643 3843 711 ἀφο-

559 749 811 808 idoneum
861 766 1121 822 organum
1182 750 1386 820 hy‘mno
1454 745 1819 802 adhibendum
1873 742 2139 798 decernit.

2251 748 2405 819 ρίξει·
2447 747 2475 798 ὁ
2511 746 2608 815 μὲν
2638 743 2746 815 γάρ
2775 759 2858 806 τις
2895 737 3324 808 ὲπανιϐεϐηκὼς
3356 740 3422 808 τῇ
3451 738 3616 808 ἀρετῇ
3648 752 3843 806 κρειτ-

567 846 807 914 Namque
834 844 905 898 illi
939 843 1029 913 qui
1064 856 1256 897 omnes
1284 842 1488 895 virtute
1518 837 1855 907 superaverit
1885 878 1899 902 ,
1938 836 2002 888 ad
2033 833 2144 887 lau-

2246 840 2413 902 τόνως
2459 837 2600 908 ὑπὲρ
2633 837 2864 897 πάντας,
2915 832 3007 886 τὸν
3053 827 3201 884 αἶνον
3251 830 3574 912 ἀποδίδωσιν
3618 830 3676 882 ὲν
3718 828 3847 898 ἤχῳ

561 941 681 993 dem
715 936 1012 991 canendam
1048 934 1209 994 .tuhre
1246 931 1486 988 sonitum
1515 929 1791 993 attribuit,
1837 928 1960 998 quia
1992 926 2144 982 vide-

2251 931 2566 999 σάλπιγγος,
2603 927 2789 998 ἐπειδὴ
2829 926 3046 980 πάντων
3073 925 3319 996 ὀργάνων
3355 920 3846 994 μεγαλοφωνοτὲρα

467 1047 477 1059 ~
562 1022 689 1076 iicet
720 1020 1210 1074 instrumentorum
1239 1014 1486 1072 omnium
1508 1014 1856 1068 vocalissima
1883 1021 1966 1075 est
1993 1011 2071 1066 tul

2315 1021 2567 1090 σάλπιγξ,
2600 1022 2694 1074 καὶ
2727 1019 2970 1088 μείζονος
3003 1017 3097 1070 καὶ
3129 1015 3523 1086 κραταιοτέρας
3557 1014 3847 1084 δυνάμεως
3887 1069 3891 1082 ;

561 1123 617 1167 et
646 1112 852 1182 majore
878 1109 1216 1178 lortioreque
1241 1107 1292 1162 vi
1317 1121 1454 1175 opus
1483 1114 1567 1161 est
1614 1104 1662 1160 ei
1693 1105 1783 1174 qui
1813 1103 1902 1156 illa
1943 1103 2018 1156 uti
2057 1118 2147 1156 vc-

2249 1113 2330 1165 δεῖ
2355 1115 2467 1174 τοῖς
2511 1111 2646 1181 αὐτῇ
2685 1109 3011 1180 χρωμένοις·
3045 1107 3272 1160 τοιοῦτοι
3308 1102 3449 1176 ἦσαν
3477 1107 3525 1158 οἱ
3571 1107 3706 1176 ἱεροὶ
3742 1104 3850 1158 τοῦ

567 1202 648 1258 Ιίι.
684 1199 1180 1268 iiujusmodierant
1209 1196 1346 1251 sacri
1381 1193 1613 1264 apostoli
1650 1190 1984 1254 Servatoris,
2019 1203 2148 1257 quo.

2251 1204 2502 1275 Σωτῆρος
2535 1201 2844 1263 ἀπόστολοι,
2892 1193 2968 1252 ῶν
3000 1200 3064 1270 δὴ
3104 1201 3183 1261 εἰς
3216 1199 3394 1250 πᾶσαν
3428 1196 3524 1266 τὴν
3553 1196 3656 1265 γῆν
3693 1195 3850 1264 ἐξῆλ-

571 1309 689 1348 rum
721 1307 854 1347 sane
879 1291 931 1346 in
959 1291 1271 1345 universam
1307 1297 1510 1343 terram
1538 1299 1707 1342 sonus
1747 1285 1940 1349 exivit,
1985 1292 2150 1352 atque

2252 1293 2342 1347 θεν
2371 1296 2399 1348 ὀ
2424 1293 2678 1363 φθόγγος,
2705 1292 2798 1346 καὶ
2838 1292 2916 1354 εἰς
2941 1290 3009 1342 τὰ
3043 1291 3255 1362 πέρατα
3281 1289 3380 1358 τῆς
3417 1287 3737 1356 οἰκουμένης
3777 1285 3852 1338 τὰ

564 1386 630 1438 ad
659 1382 843 1438 mundi
874 1382 1142 1437 terminos
1186 1379 1350 1435 verba
1388 1379 1628 1448 ipsorum
1661 1378 1727 1440 ’7,
1763 1377 1888 1430 dum
1917 1376 2148 1430 vocalis-

2254 1391 2474 1460 ῥήματα
2508 1387 2706 1454 αὐτῶν,
2737 1386 2815 1457 τῷ
2848 1385 3215 1456 μεγαλοφώνῳ
3242 1384 3336 1438 τοῦ
3371 1381 3721 1451 εὕαγγελικοῦ
3752 1399 3850 1448 κη-

565 1478 760 1528 simam
814 1473 1089 1542 Evangelii
1145 1470 1586 1541 prmdicalionem
1640 1467 1920 1530 facerent,
1961 1468 2034 1520 ita
2093 1476 2151 1520 ut

2257 1479 2530 1551 ρύγματος
2563 1477 2924 1550 χρησαμένων
3047 1474 3348 1546 ἀνθρώπων
3368 1472 3718 1544 πληρωθῆναι
3743 1473 3852 1540 τῆς

563 1582 726 1621 aures
753 1567 1032 1647 hominum
1067 1579 1200 1618 voce
1231 1563 1445 1619 illorum
1485 1560 1844 1630 replerentur.
1880 1559 1986 1614 Sed
2027 1573 2148 1613 cum

2255 1575 2437 1644 φωνῆς
2471 1573 2669 1627 αὐτῶν.
2709 1571 2926 1641 Ἐπειδὴ
2978 1569 3052 1641 μὴ
3085 1569 3287 1633 πάντες
3314 1562 3415 1621 οἷοί
3461 1567 3520 1619 τέ
3555 1568 3659 1618 είσι
3704 1565 3854 1618 κατὰ

566 1675 673 1714 non
704 1672 894 1710 omnes
937 1654 1156 1710 valeant
1189 1653 1328 1708 tuine
1365 1667 1494 1708 voce
1523 1691 1538 1717 ,
1588 1667 1745 1723 :eque
1773 1668 1835 1706 ac
1877 1651 2102 1720 apostoli
2132 1692 2146 1715 ,

2253 1668 2378 1730 τοὺς
2403 1665 2734 1727 ἀποστόλους
2771 1666 2828 1717 ὲν
2857 1666 3008 1733 φωνῇ
3042 1662 3340 1729 σάλπιγγος
3373 1661 3562 1731 ὑμνεῖν
3586 1659 3675 1711 τὸν
3691 1656 3852 1719 Θεὸν,

569 1748 737 1803 Deum
789 1746 1055 1810 laudare,
1115 1743 1500 1799 coudescendit
1553 1758 1734 1797 sermo
1800 1742 2147 1808 Psalmistze,

2257 1755 2679 1825 συγκαταϐαίνει
2721 1754 2750 1806 ὁ
2794 1753 2951 1821 λόγος
3002 1753 3095 1806 καὶ
3160 1749 3595 1823 παρακελεύεται
3645 1747 3854 1818 ἑτέροις

569 1839 898 1906 mandatque
936 1835 1060 1890 aliis
1097 1836 1311 1903 quidem
1360 1835 1435 1888 uti
1477 1833 1734 1903 psalterio
1772 1843 1862 1886 aut
1900 1833 2110 1887 cithara
2135 1875 2150 1899 ,

2262 1823 2360 1920 μὲν
2390 1844 2699 1918 ψαλτηρίῳ,
2735 1845 2946 1915 ἑτέροις
2982 1844 3039 1897 δὲ
3086 1841 3308 1913 κιθάρᾳ,
3353 1842 3446 1895 καὶ
3587 1838 3767 1900 ἀλλοις
3792 1838 3857 1890 ὲν

570 1928 693 1984 aliis
722 1937 976 1997 tympano
1003 1965 1018 1990 ,
1047 1925 1169 1979 aliis
1207 1925 1326 1995 ipso
1357 1939 1524 1994 opere
1560 1933 1614 1980 et
1639 1927 1883 1994 corporis
1916 1923 2150 1991 actibus,

2257 1937 2560 2011 τυμπάνοις
2723 1938 2835 1998 τοῖς
2882 1935 2980 2005 μὲν
3014 1933 3080 1985 δι’
3108 1932 3285 2005 ἔργων
3309 1970 3322 1994 ,
3355 1929 3450 1983 καὶ
3495 1927 3584 1982 διὰ
3617 1927 3723 1980 τῶν
3751 1923 3855 1982 τοῦ

569 2027 872 2095 animaeque
926 2022 1226 2093 composito
1281 2029 1336 2074 et
1397 2019 1715 2075 harmonico
1782 2029 1928 2072 motu
1987 2020 2153 2073 Deum

2261 2030 2510 2102 σώματος
2538 2028 2807 2099 πράξεων,
2841 2030 2952 2090 τοῖς
3000 2026 3056 2079 δὲ
3093 2025 3158 2078 δι’
3192 2025 3363 2093 αὐτῆς
3408 2021 3586 2091 ψυχῆς
3707 2020 3858 2089 κινή-

571 2117 868 2172 laudare...
895 2116 1101 2184 Spiritu
1133 2112 1544 2168 inhabitante...
1565 2125 1686 2166 cum
1714 2110 1912 2164 dixerit
1943 2129 1954 2164 :
1981 2109 2157 2163 Orabo

2262 2139 2400 2186 σεως
2429 2120 2720 2194 εὐρύθμως
2771 2119 2865 2173 καὶ
2896 2116 3233 2189 ὲναρμονίως
3395 2113 3487 2166 τοῦ
3531 2109 3851 2181 Πνεύματος

574 2210 786 2278 spiritu,
825 2208 986 2262 orabo
1024 2217 1072 2262 et
1100 2215 1266 2260 mente
1291 2204 1360 2258 ⁸⁸.
1393 2203 1511 2259 1am
1533 2219 1654 2258 cum
1685 2203 1786 2257 tria
1829 2202 1938 2257 sint
1975 2203 2026 2256 in
2065 2219 2158 2255 no-

2261 2210 2354 2264 τοῦ
2389 2209 2770 2272 κατοικοῦντος
2912 2209 2997 2260 ἐπ’
3048 2209 3114 2260 ἂν
3151 2206 3307 2278 λέγῃ·
3349 2203 3718 2276 Προσεύξομαι
3773 2200 3857 2268 τῷ

576 2302 729 2356 bis...
761 2313 965 2355 sermo.

2263 2294 2558 2369 πνεύματι,
2580 2297 2947 2370 προσεύξομαι
2973 2296 3028 2349 δὲ
3053 2296 3148 2348 καὶ
3186 2295 3265 2365 τῷ
3289 2295 3389 2346 νοῒ·
3413 2293 3580 2364 τριῶν
3603 2292 3657 2344 δὲ
3685 2292 3857 2344 ὅντων

2263 2388 2370 2440 τῶν
2402 2390 2457 2441 ἐν
2479 2389 2615 2458 ᾑμῖν
2741 2404 2778 2456 η
2810 2388 2838 2438 ὁ
2863 2385 3036 2454 λόγος.

771 2477 941 2536 Vens.
973 2481 1022 2536 i.
1050 2477 1294 2534 Laudate
1321 2477 1485 2532 Deum
1511 2476 1564 2530 in
1589 2476 1788 2530 sanctis
1820 2475 1955 2542 ejus.

2499 2479 2729 2532 Αἰνεῖτε
2767 2478 2916 2531 Θεὸν
2943 2477 3012 2529 ἐν
3035 2474 3157 2539 τοῖς
3183 2475 3372 2544 ἁγίοις
3406 2473 3610 2527 αὐτοῦ.

647 2571 842 2641 Aquila
904 2569 1124 2639 quidem
1168 2569 1224 2621 in
1272 2566 1604 2633 sanctiﬁcata
1635 2563 1750 2632 ejus
1786 2561 1955 2625 dicit;
2003 2560 2164 2629 Sym-

2347 2569 2406 2621 '0
2438 2569 2536 2639 μέν
2561 2585 2644 2620 τοι
2687 2569 2916 2630 Ἀκύλας
2955 2569 3026 2620 ἐν
3050 2566 3396 2637 ἡγιασμένῳ
3423 2563 3608 2618 αὑτοῦ
3641 2579 3796 2633 φησι·
3832 2567 3859 2615 ὁ

574 2663 802 2720 machus
847 2671 1024 2716 autem
1058 2661 1112 2713 in
1153 2667 1333 2711 sancto
1379 2653 1513 2723 ejus.
1553 2651 1798 2706 Laudate
1837 2665 1954 2704 eum
1985 2650 2038 2702 in
2069 2649 2167 2716 [ir-

2265 2661 2322 2712 δὲ
2357 2659 2669 2730 Σύμμαχος,
2711 2659 2780 2711 ἐν
2810 2657 2890 2722 τῷ
2917 2658 3064 2726 ἁγίῳ
3088 2657 3293 2712 αὐτοῦ.
3323 2655 3550 2710 Αἰνεῖτε
3581 2654 3770 2707 αὐτὸν
3793 2655 3861 2706 ἐν

577 2764 842 2808 momento
929 2748 1140 2804 uirtutis
1194 2746 1329 2816 ejus.
1408 2743 1836 2798 Firmamentum
1902 2742 2163 2796 caelorum

2270 2748 2627 2817 στερεώματι
2653 2747 2960 2815 δυνάμεως
2984 2745 3189 2798 αὑτοῦ.
3219 2746 3327 2797 Καὶ
3362 2745 3434 2814 μή
3469 2759 3596 2796 ποτε
3627 2743 3733 2794 τῶν
3764 2742 3860 2795 οὕ-

581 2858 690 2898 non
740 2841 916 2906 dicit,
951 2852 1126 2908 neque
1158 2835 1389 2905 alicujus
1419 2833 1518 2888 loci
1547 2848 1711 2902 supra
1761 2832 1860 2887 hos
1894 2832 2163 2886 altissimi.

2277 2839 2450 2910 ρανῶν
2503 2839 2596 2892 καὶ
2627 2838 2732 2891 τῶν
2766 2837 2906 2903 ὑπὲρ
2939 2836 3159 2899 τούτους
3199 2835 3458 2905 ὑψίστων·
3491 2833 3673 2904 ἕτερός
3713 2835 3861 2886 ἐστιν

581 2932 738 2986 Alius
787 2939 872 2985 est
920 2935 1142 2983 sanctus
1175 2926 1311 2990 Dei,
1349 2939 1510 2994 quem
1545 2924 2026 2992 perhorresceutes
2059 2923 2170 2975 da:-

2274 2931 2429 2999 ἅγιος
2456 2930 2550 2983 τοῦ
2583 2928 2741 2991 Θεοῦ,
2769 2928 2829 2980 ὃν
2857 2927 3298 2995 καταπλαγέντες
3342 2925 3436 2978 καὶ
3466 2924 3714 2994 δαίμονες
3747 2923 3861 2976 ἐλε-

582 3038 776 3079 mones
798 3021 1016 3076 aiebant
1044 3036 1058 3074 :
1090 3018 1295 3075 Scimus
1324 3029 1372 3072 te
1400 3017 1516 3086 quis
1540 3017 1610 3070 sis
1639 3025 1854 3070 sanctus
1881 3014 1979 3068 Dei
1999 3017 2078 3079 9";
2103 3016 2168 3069 ad

2273 3037 2386 3088 γον·
2416 3017 2674 3088 Οἴδαμεν
2711 3034 2784 3072 σε
2817 3019 2910 3082 τίς
2941 3018 2996 3071 εἷ
3031 3020 3063 3070 ό
3088 3017 3256 3086 ἅγιος
3286 3014 3394 3069 τοῦ
3435 3015 3601 3070 θεοῦ·
3636 3015 3693 3067 ὲν
3733 3009 3779 3081 ᾧ
3813 3017 3860 3066 oi

583 3127 745 3181 quem
777 3109 866 3179 qui
901 3108 1288 3180 pervenerint,
1335 3121 1632 3175 congruum
1667 3098 1906 3175 perfecte
1950 3105 2172 3174 religio-

2276 3113 2573 3182 γενόμενοι,
2617 3110 2709 3163 τὸν
2756 3111 3032 3178 πρέποντα
3073 3112 3184 3170 τοῖς
3217 3106 3400 3179 ἄκρως
3428 3105 3859 3175 τετελειωμέναις

583 3204 665 3258 sis
706 3204 967 3274 hymnum
996 3200 1250 3255 attollere
1290 3208 1562 3269 poterunt.
1601 3197 1739 3263 Quid
1759 3197 1903 3251 enim
1936 3197 2168 3263 beatius,

2277 3205 2442 3275 ὕμνον
2477 3201 2793 3273 ἀναπέμψαι
2835 3203 3172 3272 δυνήσονται.
3220 3201 3283 3252 Τί
3311 3200 3420 3271 γὰρ
3451 3196 3858 3269 μακαριώτερον

585 3308 748 3362 quam
786 3292 835 3348 ei
859 3307 977 3348 esse
1005 3290 1343 3360 copulatum,
1381 3297 1435 3343 et
1469 3302 1568 3359 per
1590 3287 1739 3342 illum
1771 3286 1966 3341 Patri?
1997 3287 2172 3353 Quan-

2276 3296 2567 3360 ἑνωθέντος
2593 3293 2760 3362 αύτῷ,
2793 3295 2887 3346 καὶ
2917 3294 2983 3345 δι’
3008 3292 3176 3346 αὑτοῦ
3203 3291 3280 3362 τῷ
3306 3290 3479 3362 Πατρί
3495 3307 3509 3356 ;
3545 3287 3665 3361 Χρὴ
3688 3288 3748 3342 δὲ
3772 3288 3863 3344 καὶ

585 3398 748 3452 quam
777 3390 1026 3451 oportet,
1055 3395 1154 3435 nos
1194 3380 1261 3434 ad
1291 3379 1581 3449 prophetas
1624 3393 1842 3448 quoque
1874 3387 1927 3432 et
1954 3389 2171 3447 aposto-

2275 3390 2354 3451 εἰς
2398 3388 2524 3450 τοὺς
2581 3387 2863 3458 προφήτας
2914 3384 3007 3439 καὶ
3056 3384 3390 3446 ἀποστόλους
3433 3382 3527 3435 καὶ
3583 3381 3863 3452 μάρτυρας

586 3474 670 3530 los
721 3484 1100 3543 martyresque
1146 3471 1542 3540 respicientes,
1598 3467 1820 3523 laudare
1857 3470 2171 3523 eorunnlem

2276 3477 2616 3548 ἀφορῶντας,
2646 3479 2905 3547 ἀνυμνεῖν
2951 3476 3132 3529 αὐτῶν
3177 3475 3266 3528 τὸν
3303 3474 3456 3535 Θεὸν,
3493 3473 3585 3525 τὸν
3610 3471 3863 3544 τοιαύτην

589 3562 756 3623 Deum
785 3601 799 3627 ,
848 3561 940 3632 qui
987 3561 1150 3616 talem
1199 3559 1512 3615 hominibus
1551 3558 1896 3628 egregiorum
1931 3560 2170 3612 virorum

2084 3574 2170 3612 "In
2277 3567 2584 3638 ἀνθρώποις
2614 3567 2832 3636 ἀγαθῶν
2863 3567 3072 3638 ἀνδρῶν
3103 3565 3274 3637 φορὰν
3307 3564 3687 3637 χαρισάμενον.

588 3657 804 3725 copiam
843 3654 1135 3710 concessit.

680 3744 847 3800 Vsus.
870 3744 927 3798 2.
964 3742 1205 3801 Laudate
1232 3759 1350 3796 eum
1380 3741 1666 3797 secundum
1701 3741 2089 3796 multitudinem
2283 3792 2284 3797 η

2283 3743 2509 3798 Αἰνεῖτε
2545 3744 2730 3798 αὑτὸν
2754 3745 2902 3799 κατὰ
2929 3744 2993 3798 τὸ
3027 3743 3262 3811 πλῆθος
3295 3743 3406 3812 τῆς
3423 3746 3863 3813 μεγαλωσύνης

1108 3813 1490 3883 magnitudinis
1515 3813 1652 3882 ejus.
2353 3834 2355 3836 -

1575 3827 1652 3865 us.
2353 3834 2355 3836 ·
2973 3815 3179 3868 αὑτοῦ.

667 3904 1018 3974 Unaquaeque
1061 3905 1210 3958 enim
1246 3903 1366 3972 ejus
1398 3902 1602 3957 creatio
1628 3901 1915 3972 plurimam
1946 3901 2177 3970 hymno-

2357 3907 2627 3960 Ἔκαστον
2659 3906 2764 3977 γὰρ
2798 3907 2962 3960 αὐτοῦ
2990 3905 3376 3978 δημιούργημα
3413 3904 3583 3957 δεῖται
3611 3904 3867 3974 πλείστης

593 3997 795 4066 logiam
821 3995 1052 4066 requirit
1083 4016 1098 4050 ε
1137 3996 1528 4067 magnitudinis
1558 3997 1706 4050 enim
1737 3995 1856 4064 ejus
1893 3993 2073 4047 nullus
2096 4002 2177 4047 est

2286 3998 2625 4068 ὕμνολογίας·
2674 3999 2774 4068 τῆς
2821 3999 2930 4068 γὰρ
2975 3997 3362 4069 μεγαλωσύνης
3412 3997 3573 4052 αὑτοῦ
3621 3997 3726 4050 οὐκ
3756 3999 3868 4050 ἔστι

599 4089 866 4144 terminus
898 4089 938 4142 ’.
969 4085 1140 4143 Porro
1170 4087 1318 4142 haud
1361 4086 1594 4152 suadet,
1638 4096 1695 4140 ut
1722 4100 1905 4155 parem
1935 4086 2052 4155 ejus
2089 4085 2172 4140 di-

2282 4091 2473 4160 πέρας·
2509 4091 2568 4142 ού
2602 4089 2746 4158 λέγει
2793 4089 2849 4142 δὲ
2892 4089 3218 4162 ἀντίρροπον
3247 4090 3429 4152 αὐτοῖς
3461 4087 3749 4142 ἀποδοῦναι
3781 4089 3870 4143 τὸν

597 4180 791 4250 gnitin
844 4180 1104 4252 hymnum
1137 4178 1381 4234 dicamus
1407 4220 1424 4244 ,
1475 4178 1620 4247 quod
1651 4177 1768 4231 lieri
1814 4177 2000 4246 nequit
2029 4193 2044 4241 ;
2080 4177 2174 4231 sed

2285 4180 2472 4250 ὕμνον·
2509 4180 2766 4235 ἀδύνατον
2799 4182 2923 4251 γάρ·
2955 4181 3088 4235 ἀλλά
3112 4181 3174 4234 τὸ
3200 4180 3340 4234 κατὰ
3376 4180 3602 4250 δύναμιν
3629 4181 3865 4244 ἀπαιτεῖ,

597 4270 833 4340 postulat
859 4281 914 4324 ut
947 4284 1046 4340 pro
1073 4270 1301 4333 viribus,
1321 4268 1709 4338 magnitudinis
1736 4265 1854 4336 ejus
1883 4267 2179 4322 multitudi-

2085 4268 2179 4322 tdi-
2286 4268 2599 4333 ἐννοοῦντας
2627 4271 2690 4323 τὸ
2719 4271 2921 4340 πλῆθος
2961 4272 3060 4342 τῆς
3089 4271 3478 4342 μεγαλωσύνης
3504 4271 3689 4325 αὐτοῦ.

599 4377 722 4417 nem
756 4369 1104 4432 reputantes,
1139 4361 1190 4414 id
1216 4375 1463 4428 agamus.

599 4492 3021 4525 “mm

3026 4495 3870 4523 sm

1092 4667 1574 4760 EUSEBII
1657 4664 2373 4754 FRAGMENTA
2453 4666 2577 4753 IN
2655 4663 3394 4758 PROVERBIA.

1638 4869 1646 4874 -
1682 4834 1816 4898 (MAI,
1841 4833 2133 4885 Bibliotheca
2155 4846 2276 4883 nova
2305 4834 2529 4895 Patrum,
2556 4834 2637 4894 iV,
2666 4835 2798 4898 316.)

581 5129 586 5134 l
675 5147 730 5200 7.
792 5141 1111 5212 Impleamus
1183 5149 1363 5196 domos
1389 5149 1600 5197 nostras
1657 5140 1864 5216 spoliis.
1945 5141 2181 5196 Eusebii.

2257 5155 2264 5194 ι
2365 5141 2426 5206 ζ’.
2479 5141 2815 5210 Πλήσωμεν
2861 5139 2928 5192 δὲ
2965 5140 3173 5206 οἴκους
3231 5137 3555 5208 ἡμετέρους
3599 5139 3861 5202 ,σκύλων

571 5235 857 5305 ‘Spoliant
917 5231 1181 5286 daemonia
1229 5231 1348 5286 illos
1389 5247 1527 5302 quos
1590 5221 1821 5286 vicerint
1869 5248 1883 5282 :
1931 5231 2175 5283 auferqu

2297 5231 2574 5284 Εὐσεὸίου.
2611 5231 2969 5284 Σκυλεύουσιν
2995 5230 3088 5294 οὕς
3116 5231 3339 5284 νικῶσιν
3365 5233 3412 5284 οἱ
3435 5232 3708 5300 δαίμονες,
3736 5231 3870 5302 λαμ-

608 5326 818 5382 scilicet
861 5323 927 5378 ab
958 5323 1091 5392 ipsis
1126 5320 1220 5376 Dei
1257 5331 1612 5389 armaturam,
1650 5322 1701 5377 id
1730 5332 1814 5375 est
1855 5320 2085 5391 galeam,
2119 5322 2189 5375 lo-

2297 5321 2550 5387 δάνον-,τες
2588 5323 2682 5376 ἀπ’
2719 5323 2896 5376 αὐτῶν
2927 5324 3026 5394 τὴν
3056 5324 3149 5377 τοῦ
3177 5325 3310 5377 Θεοῦ
3346 5323 3664 5390 πανοπλίαν,
3712 5324 3871 5395 ἦγουι

583 5474 590 5480 -
678 5438 724 5470 "
751 5437 893 5491 Psal.
925 5450 1082 5500 xvtn,
1123 5433 1176 5488 5.
1254 5434 1342 5487 "l
1377 5433 1502 5487 Cor.
1535 5449 1648 5500 τιν,
1697 5433 1786 5488 15.
1864 5431 1910 5463 θ’
1941 5432 2106 5487 Marc.
2136 5448 2174 5497 ι,
2215 5433 2318 5497 (ὶίς
2356 5434 2493 5490 Luc.
2525 5451 2603 5500 tv,
2632 5435 2722 5493 ⁸54.
2813 5436 3006 5490 ‘Psal.
3037 5453 3215 5502 cxctv,
3243 5437 3296 5491 5.

608 5534 862 5588 tinuiens.
899 5550 918 5584 ι
953 5529 1377 5602 Ilymniquoque
1405 5529 1780 5602 pronuntiandi
1815 5541 1957 5602 sunt,
1993 5529 2057 5581 de
2079 5531 2194 5598 qui-
2299 5529 2438 5583 Bene
2467 5547 2593 5602 uero
2619 5548 2813 5586 sonans
2843 5533 3143 5602 cymbalum
3187 5533 3313 5585 dicit
3342 5531 3634 5586 I’salmista
3663 5546 3883 5587 suavem

610 5603 707 5657 bus
749 5599 1102 5673 dictum_est_:
1137 5599 1394 5673 Narrotio
1424 5599 1666 5673 nominis
1690 5601 1954 5673 religiosi,
1991 5614 2194 5667 semper
2297 5600 2724 5673 modulatamque
2746 5599 2938 5668 vocem,
2966 5619 3093 5673 quia
3113 5619 3218 5656 rem
3253 5603 3394 5656 clare
3424 5603 3684 5670 exprimit,
3722 5619 3883 5670 quam

614 5675 861 5744 sapiens._
888 5691 905 5722 ι
943 5671 1014 5725 0s
1035 5670 1174 5740 justi
1215 5669 1557 5744 meditabitur
1587 5667 1897 5744 sapientiam
1925 5709 1938 5729 ,
1965 5679 2083 5744 ret
2112 5684 2192 5722 re-
2295 5669 2453 5744 etiam
2509 5667 2842 5744 iubilationis
2889 5667 3185 5743 cymbalum
3242 5667 3520 5744 appellavit
3621 5667 3886 5730 rictoriali

587 5738 779 5819 κράνη.
813 5741 933 5798 Hoc
954 5738 1052 5807 est,
1084 5751 1270 5806 mente,
1289 5739 1491 5808 lingua,
1510 5748 1557 5792 et
1587 5753 1675 5793 ore
1701 5738 1866 5793 Deum
1895 5739 2179 5794 celebrare.
2292 5740 2484 5798 humno
2523 5743 2790 5798 idoneum.
2920 5738 2938 5743 ⁷
3277 5738 3284 5740 -
3311 5738 3320 5744 ’
3837 5763 3839 5765 ί
