4062 6400
321 391 406 448 ἸῚ

1251 389 1768 447 COMMENTAth
1808 393 1872 446 IN

2004 396 2173 454 “AM.
2217 430 2281 439 ——-
2317 397 2719 454 i’R/EFATIO.
3537 405 3606 456 78

315 516 531 576 «ieam,
561 521 617 569 et
659 512 894 582 gladium
935 513 1177 584 spiritus.
1239 513 1374 569 Sunt
1406 525 1587 570 autem
1621 517 1902 572 dmmonio‘

2019 520 2115 592 τὴν
2173 523 2601 593 περικεφαλαίαν
2635 522 2732 576 καὶ
2786 520 3011 592 θώρακα
3067 523 3158 576 καὶ
3199 522 3298 593 τὴν
3334 522 3629 595 μάχαιραν·

333 621 454 658 rum
482 603 696 668 domus,
729 603 1096 659 maleﬁcorum
1125 604 1404 660 hominum
1433 609 1909 677 congregationes,

319 710 472 766 quas
515 695 680 750 etiam
732 697 959 766 implere
1017 695 1217 752 vellent
1261 698 1489 768 spoliis,
1535 699 1588 753 id
1627 709 1713 754 est
1757 701 1914 756 bonis

329 787 636 857 quaajustis
657 789 926 858 eripiunt.
965 789 1128 859 Atqui
1163 788 1438 859 quomodo
1467 789 1640 857 spolia
1673 791 1914 860 appellas

327 894 417 944 ea,
449 895 569 948 qua:
602 879 745 933 haud
769 879 894 935 belli
921 880 1049 949 jure
1078 880 1293 950 cepisti,
1337 880 1430 934 sed
1473 881 1584 936 sola
1625 881 1913 950 iniquitate

330 970 477 1024 male
515 971 608 1024 tibi
641 979 794 1040 parta
825 971 988 1026 sunt?

403 1061 458 1116 8.
485 1061 552 1115 Et
575 1073 812 1134 torquem
837 1079 1054 1118 aureum
1088 1063 1226 1116 circa
1253 1062 1446 1116 collum
1470 1071 1636 1116 tuum.
1669 1063 1908 1117 Eusebii.

327 1150 505 1206 Sicuti
541 1167 699 1222 caput
727 1163 780 1207 et
817 1153 1015 1208 collum
1049 1155 1306 1208 denotant
1334 1164 1592 1219 mentem,
1636 1156 1706 1207 ita
1742 1155 1908 1208 etiam

325 1245 543 1314 torquis
578 1255 634 1301 et
674 1260 872 1301 corona
907 1246 1211 1302 scientiam.

2014 614 2106 667 τοῦ
2155 614 2490 684 πνεύματος·
2547 610 2682 667 οἴκοι
2732 613 2788 666 δὲ
2828 613 3008 668 αὐτῶν
3047 613 3235 668 αἰτῶν
3284 614 3605 686 κακούργων

2015 708 2322 779 ἐκκλησίαι,
2360 707 2424 771 ἃς
2454 709 2546 761 καὶ
2576 706 2852 778 ἐμπλῆσαι
2879 706 3174 777 βούλωνται
3210 706 3443 773 σκύλων,
3485 708 3604 778 ἤτοι

2015 803 2244 874 καρπῶν
2288 796 2363 855 ὧν
2393 804 2456 854 ὲκ
2486 801 2592 854 τῶν
2620 801 2842 854 δικαίων
2871 800 3211 873 ἁρπάζουσι·
3261 799 3379 863 πῶς
3425 800 3482 853 δὲ
3511 802 3604 853 καὶ

2017 892 2188 947 σκῦλα
2218 893 2641 963 προσαγορεύεις
2667 891 2736 945 τὰ
2767 892 2841 963 μὴ
2871 891 3108 963 πολέμου
3137 891 3285 962 νόμῳ
3308 890 3602 962 ληφθέντα,

2015 987 2128 1040 ἀλλ’
2146 989 2206 1039 ἐκ
2233 985 2445 1056 γυμνῆς
2463 985 2564 1054 τῆς
2593 985 2805 1047 ἀδικίας
2832 983 3016 1047 κακῶς
3051 1000 3131 1036 σοι
3168 983 3600 1055 περιγενόμενα;

2087 1087 2154 1150 η’.
2186 1078 2298 1133 Καὶ
2330 1077 2540 1132 κλοιὸν
2576 1078 2839 1145 χρύσεον
2867 1076 3000 1144 περὶ
3039 1074 3118 1140 τῷ
3148 1074 3459 1144 τραχήλῳ.
3495 1074 3602 1134 Εὐ-

2017 1173 2218 1226 σεϐίου.
2258 1172 2469 1240 Ὥσπερ
2505 1169 2560 1222 δὲ
2587 1168 2796 1238 κεφαλὴ
2814 1168 2918 1222 ’καὶ
2950 1167 3220 1239 τράχηλος
3241 1167 3330 1221 τὸν
3355 1166 3480 1219 νοῦν
3503 1158 3602 1238 61;;-

2015 1262 2215 1326 λοῦσιν,
2249 1263 2391 1317 οὕτω
2415 1262 2507 1315 καὶ
2527 1261 2702 1322 κλοιὸς
2731 1261 2825 1313 καὶ
2854 1259 3117 1330 στέφανος
3144 1258 3244 1328 τὴν
3271 1257 3494 1325 γνῶσιν.

339 1391 3458 1428 Μ

1411 1558 2505 1730 ΕΥΣΕΒΙΟΥ

1505 1832 1736 1919 ΤΟΥ
1810 1827 2412 1919 ΠΑΜΦΙΛΟΥ

589 2024 1813 2164 ΥΠΟΜΝΗΜΑΤΑ
1887 2031 2147 2156 ΕΙΣ
2225 2027 2574 2159 ΤΟΝ
2653 2023 3322 2160 ΗΣΑΙΑΝ.

1069 2416 1832 2576 EUSEBII
1925 2415 2856 2572 PAMPHILI

878 2706 1975 2821 'COMMENTARIA
2065 2707 2212 2818 IN
2295 2705 2973 2872 HESAIAM.

1365 2925 1734 2987 (Mox-reros,
1763 2923 1989 2976 Collectio
2013 2938 2134 2973 nom
2162 2926 2385 2986 Patrum,
2415 2933 2446 2975 t.
2481 2928 2561 2989 ll.)

1615 3229 2298 3322 PRAZFATIO.

393 3427 510 3481 Non
545 3425 597 3482 in
625 3425 803 3480 animo
834 3432 974 3489 erat,
1008 3437 1129 3476 cum
1172 3424 1239 3477 ab
1283 3420 1434 3476 initio
1467 3421 1606 3476 hanc
1643 3421 1907 3492 συλλογὴν
1939 3429 1981 3484 Β
2011 3421 2206 3475 decimi
2241 3421 2448 3485 saeculi,
2484 3420 2575 3474 ubi
2609 3420 2990 3490 Expositioncs
3020 3419 3231 3476 Eusebii
3259 3429 3312 3476 et
3345 3422 3593 3488 aliorum,

316 3533 544 3590 operum
594 3516 806 3588 publico
835 3515 1236 3571 destinabamus
1266 3513 1406 3578 usui,
1444 3513 1657 3570 Eusebii
1705 3515 1756 3568 in
1801 3513 1905 3567 lle-

314 3611 492 3666 saiam
543 3609 618 3679 (l)
660 3606 1078 3664 Commentariis
1125 3620 1342 3660 manum
1388 3606 1675 3660 admovere
1727 3623 1740 3658 :
1784 3619 1906 3658 nam

316 3714 442 3752 cum
471 3700 636 3753 codex
666 3697 723 3751 S.
754 3695 976 3750 Taurini
1026 3695 1373 3750 Ebroicensis
1415 3694 1688 3749 sexdecim
1731 3692 1905 3747 solum

317 3791 531 3846 llesaize
578 3791 759 3859 capita
809 3804 933 3844 eum
983 3787 1393 3844 commentariis
1425 3785 1907 3847 circumferat;ut

317 3882 528 3951 reliqua
555 3881 760 3936 sarcire
787 3895 1070 3949 possemus
1090 3919 1105 3941 .
1133 3879 1470 3933 diuturniore
1497 3893 1662 3946 opera
1690 3885 1743 3931 et
1783 3891 1906 3946 per-

313 3972 612 4039 quisitione
633 3986 768 4040 cpus
794 3970 908 4026 fore
942 3970 1284 4039 putabamus.
1316 3965 1518 4022 Verum
1554 3967 1644 4022 ubi
1678 3966 1742 4020 ad
1770 3982 1902 4037 ope-

315 4064 398 4117 ris
428 4062 878 4118 restaurationem
919 4062 1152 4130 amplam
1195 4060 1244 4114 in
1281 4060 1558 4114 codicibus
1600 4059 1780 4128 Regiis
1813 4075 1902 4114 se-

313 4165 492 4224 getem
544 4152 724 4208 oll'erri
787 4152 942 4208 nobis
992 4151 1505 4215 animadvertimus,
1538 4165 1634 4220 spe
1665 4167 1730 4206 ac
1754 4151 1904 4222 cupi-

317 4246 450 4299 dine
472 4245 599 4299 moti
629 4246 766 4299 bene
796 4244 1045 4314 gerenda;
1084 4243 1183 4306 rei,
1222 4256 1324 4298 nec
1357 4241 1597 4297 deterriti
1644 4243 1902 4298 horumce

309 4337 564 4392 codicum
598 4335 944 4406 legendorum
984 4333 1324 4398 dillicultate,
1352 4334 1778 4387 commentarios
1806 4333 1903 4387 deo

311 4436 489 4484 mum,
521 4430 581 4474 ut
607 4420 835 4475 facultas
888 4419 1031 4486 tulit,
1079 4420 1355 4485 eruimus,
1401 4429 1457 4474 et
1490 4418 1542 4473 in
1571 4427 1900 4488 postremam

311 4510 543 4579 hujusce
580 4512 709 4566 tomi
757 4522 991 4581 partem,
1023 4512 1167 4580 quod
1219 4511 1324 4565 alio
1370 4519 1497 4564 tunc
1539 4524 1644 4564 non
1676 4509 1896 4574 liceret,

309 4602 684 4674 conjiciendos
713 4603 988 4657 duximus.
1038 4601 1236 4657 Verum
1273 4611 1383 4656 tum
1435 4602 1537 4656 hac
1570 4601 1635 4654 de
1673 4615 1754 4666 re,
1785 4609 1895 4654 tum

313 4695 386 4753 de
413 4697 802 4750 commentario
835 4696 975 4765 ipso,
1020 4711 1118 4767 pro
1162 4708 1311 4750 more
1355 4700 1539 4748 nostro
1579 4691 1794 4762 prmi-ari
1830 4705 1896 4744 ne

308 4804 626 4859 graventur.

267 5026 270 5028 ~
313 4991 394 5048 De
419 4994 683 5049 codicibus
722 4994 860 5047 unde
899 4994 1158 5118 ρηῦιειυει
1180 4990 1390 5044 Eusebii
1422 4989 1812 5044 Commentaria
1842 4989 1896 5040 in

1021 5077 1239 5117 natam.

1021 5077 1239 5117 natam.

385 5154 589 5225 Utjam
619 5158 799 5212 dicere
841 5156 1252 5226 occupavimus,
1293 5153 1461 5208 codex
1507 5149 1852 5208 Ebroicensis
1878 5190 1894 5215 ,

277 5247 441 5318 _olim
480 5249 772 5303 cardinalis
803 5247 1068 5312 Perronii,
1093 5262 1253 5316 quem
1297 5243 1383 5299 ille
1414 5243 1465 5296 in
1499 5242 1649 5297 Italia
1687 5257 1751 5296 ex
1800 5255 1895 5294 ve-

313 5340 475 5394 tustis
525 5340 801 5394 codicibus
833 5338 1067 5394 exscribi
1121 5337 1370 5400 curavit,
1411 5339 1554 5390 inter
1601 5335 1702 5388 alia
1759 5337 1910 5388 bene’

312 5429 480 5483 multa
511 5430 971 5484 Commentarium
1003 5426 1216 5483 Eusebii
1251 5425 1303 5480 in
1341 5426 1585 5480 Psalmos
1608 5464 1622 5489 ,
1646 5433 1701 5478 et
1730 5424 1897 5478 Euse-

309 5521 384 5575 bii
420 5521 659 5591 ejusdem
690 5522 741 5575 in
781 5520 1029 5575 Hesaiam
1069 5519 1340 5574 sexdecim
1374 5519 1551 5587 capita
1588 5515 1895 5586 complecti-

309 5623 423 5667 tur.
453 5614 535 5669 Ad
566 5614 678 5670 haec
704 5630 830 5668 vero
859 5629 925 5669 ex
955 5613 1140 5670 codice
1166 5612 1337 5684 Regio
1372 5626 1520 5666 num.
1566 5609 1730 5673 2458,
1761 5610 1893 5663 duo-

2013 3528 2117 3567 non
2154 3513 2399 3580 excerpti
2434 3522 2487 3566 et
2508 3514 2813 3582 compendii
2843 3529 3012 3579 more,
3054 3516 3148 3570 sed
3192 3515 3326 3579 fuse,
3359 3528 3516 3586 prout
3543 3519 3596 3574 iu

2012 3604 2144 3672 ipsis
2195 3603 2508 3658 auctoribus
2543 3604 2862 3669 exstabant,
2904 3615 3273 3671 assumuntur,
3311 3607 3597 3664 Commen-

2012 3695 2180 3747 tarios
2213 3708 2240 3747 a
2277 3694 2534 3748 vicesimo
2579 3703 2776 3749 octavo
2807 3696 2980 3763 capite
3024 3698 3086 3750 ad
3119 3699 3595 3771 quadragesimum

2007 3785 2242 3853 primum
2287 3787 2519 3840 mutuati
2563 3801 2775 3840 sumus.
2829 3786 3055 3857 Reliqua
3103 3803 3235 3843 vero
3277 3804 3342 3844 ex
3373 3791 3598 3848 Catenis

2010 3877 2193 3946 Regiis
2225 3877 2612 3952 manuscriptis
2649 3877 2940 3941 sarcimus,
2975 3894 3127 3934 num.
3177 3880 3337 3948 [891,
3375 3881 3515 3937 1892
3541 3893 3599 3939 et

2005 3968 2166 4034 2457,
2203 3983 2429 4039 quarum
2475 3971 2652 4040 prima
2702 3978 2756 4024 et
2792 3978 3086 4038 postrema,
3140 3973 3596 4040 membranaceaa,

2006 4061 2203 4114 decimi
2237 4060 2420 4116 saeculi
2445 4069 2592 4115 sunt.
2616 4060 2691 4114 Ea
2723 4074 2852 4114 vero
2873 4075 2994 4130 quae
3018 4060 3157 4116 1892
3189 4072 3425 4131 notatur,
3441 4045 3600 4121 bom-

2006 4152 2222 4223 bycina,
2261 4153 2570 4208 duodecimi
2601 4152 2821 4220 saeculi,
2853 4168 2916 4208 ac
2973 4152 3131 4224 longe
3186 4155 3427 4212 melioris
3455 4167 3597 4214 nota-

2003 4252 2058 4298 et
2088 4244 2214 4298 [ιαρὶ
2251 4252 2334 4298 est
2384 4258 2546 4313 quam
2584 4243 2726 4298 aliae.
2771 4242 2838 4299 Ut
2873 4254 3053 4299 autem
3107 4261 3174 4300 ex
3235 4263 3443 4313 eorum,
3473 4264 3596 4318 qua:

2005 4334 2212 4404 integra
2242 4343 2554 4404 supersunt,
2582 4336 2993 4404 comparatione
3043 4336 3306 4405 liquidum
3345 4349 3449 4406 est,
3476 4321 3594 4396 bac

2001 4433 2192 4478 catena
2215 4424 2504 4480 admodum
2533 4440 2708 4494 pauca
2762 4427 2984 4495 omittit,
3013 4427 3416 4497 explicationes.
3457 4431 3593 4486 inte-

1999 4527 2123 4583 gras
2153 4511 2330 4578 aﬂert,
2362 4514 2690 4584 Eusebiique
2728 4515 3033 4572 orationem
3055 4556 3072 4582 ,
3104 4532 3203 4572 nec
3223 4517 3450 4573 ~brevius
3481 4535 3584 4591 nec

1999 4617 2155 4658 secus
2181 4604 2458 4674 exprimit.
2489 4603 2656 4673 Hujus
2682 4605 2808 4660 item
2843 4606 2918 4660 rei
2957 4617 3330 4676 argumentum
3359 4623 3426 4663 ex
3455 4609 3580 4668 Hie-

2001 4695 2210 4764 ronymi
2242 4694 2294 4750 in
2329 4695 2579 4752 Hesaiam
2597 4695 3014 4752 Commentariis
3037 4697 3268 4754 eruitur.
3305 4696 3436 4752 Nam
3455 4715 3580 4756 cum

1925 4769 1967 4824 ο
2007 4787 2368 4858 Hieronymus
2397 4787 2611 4844 Eusebii
2638 4788 3114 4857 interpretationes
3137 4805 3242 4842 non
3276 4789 3589 4874 infrequen-

2010 4885 2090 4930 ter
2121 4877 2187 4930 ad
2220 4879 2442 4932 verbum
2475 4893 2613 4949 pene
2644 4877 2955 4940 transierat,
2982 4878 3110 4932 hinc
3141 4878 3453 4948 conjectura
3481 4895 3588 4946 est.

2006 4968 2192 5035 plenas
2224 4969 2343 5024 illas
2376 4953 2720 5042 inteprasque
2744 4970 2796 5023 in
2824 4968 3028 5024 Catena
3056 4967 3260 5038 all‘erri,
3291 4973 3480 5042 quales
3509 4976 3592 5029 ni-

2005 5061 2201 5114 mirum
2231 5061 2593 5134 Hieronymus
2629 5076 2696 5117 ex
2728 5061 3152 5119 Commentariis
3187 5073 3445 5120 verterat.

2077 5151 2293 5208 Monere
2346 5169 2411 5207 ne
2450 5153 2629 5222 pigeat
2682 5153 2929 5208 codicem
2966 5153 3340 5210 Colbertinum
3396 5171 3592 5211 nume-

2005 5258 2064 5298 ro
2090 5242 2252 5309 2596,
2289 5243 2417 5299 olim
2461 5242 2806 5298 Bibliotheca
2849 5243 3109 5308 Tbuanm,
3148 5246 3361 5301 initium
3421 5246 3589 5302 Com-

2007 5336 2398 5390 mentariorum
2452 5335 2634 5389 Basilii
2689 5335 2739 5390 in
2793 5333 3067 5403 Hesaiam,
3101 5338 3316 5393 Eusebii
3367 5342 3590 5394 nomine

2004 5427 2355 5483 circumferre
2393 5431 2493 5483 hoc
2528 5431 2721 5496 modo,
2748 5430 3010 5484 Εὑσεϐῐου
3043 5431 3137 5485 τοῦ
3176 5433 3463 5505 ﬂatuple
3494 5436 3587 5506 ἑρ-

2005 5522 2202 5591 μηνεία
2237 5523 2314 5584 εἱς
2341 5521 2432 5574 τὸν
2468 5524 2756 5595 προφήτην
2775 5596 2780 5600 _
2797 5523 3026 5578 Ἡσαΐαν
3047 5524 3205 5593 λόγος
3227 5525 3296 5578 α’.
3328 5525 3459 5582 1ιιὶι.
3484 5528 3588 5581 Eli-

2005 5610 2162 5675 ξαςθε
2193 5612 2266 5683 μὴ
2288 5614 2536 5692 γενέσθαι
2557 5615 2656 5688 τὴν
2691 5616 2864 5689 φυγὴν
2886 5615 3058 5700 ναῶν.
3083 5616 3284 5676 Deinde
3305 5631 3431 5673 vero
3452 5619 3587 5686 lucc,

388 5730 466 5801 (ί)
500 5729 748 5786 Ηιιαὶαηι
787 5746 894 5786 non
947 5731 1144 5786 Isaiam
1188 5730 1498 5796 scribimus,
1528 5743 1715 5784 vocem
1743 5727 1902 5783 (irate

2056 5729 2282 5793 Ἡσαΐας
2339 5730 2656 5802 sequentes,
2725 5733 2825 5789 etsi
2898 5731 3158 5788 llebraicc
3182 5725 3591 5796 nlwlluaialz

309 5802 605 5856 scribatur.
707 5841 711 5844 .
