4062 6400
482 412 554 471 '19
1162 397 1429 456 EUSEBII
1468 392 1950 453 CESARIENSIS
1987 344 2138 447 (ii’P.
2180 389 2366 445 PARS
2405 385 2496 442 ill.
2537 416 2605 426 —
2646 381 3062 440 EXEGETICA.
3702 375 3772 432 80

485 545 609 602 qua:
666 527 810 599 apud
842 523 1101 582 Basilium
1150 513 1256 574 una
1297 517 1438 573 serie
1487 517 1761 587 leguntur,
1798 529 1922 569 cum
1981 515 2080 568 ltoc
2115 518 2155 574 Α
2189 525 2314 563 nros
2343 507 2605 576 legerem,
2633 503 2777 557 aliud
2809 511 2978 556 multo
3021 497 3222 569 reperi,
3252 509 3415 566 quam
3453 495 3636 551 indice
3662 509 3786 564 pro-

486 622 647 680 tituie
679 614 1189 686 exstant,t‘tr:60¢-:et<;
1218 610 1504 668 Εὑσεὸίου.
1524 611 1648 666 lttit.
1695 608 1914 678 Ἐπειδὴ
1938 606 2078 661 κατὰ

488 716 720 790 χρόνους
751 713 974 783 γέγονεν
1003 710 1033 762 ὁ
1078 707 1386 778 προφήτης.
1418 703 1551 759 Post
1583 703 1699 758 haec
1733 700 2082 756 Commenta-

491 789 608 862 rius
639 805 927 860 inchoatur
951 800 1035 854 Itis
1069 797 1249 851 verbis
1287 813 1300 850 :
1346 795 1580 867 ’Ὀρασις
1625 800 1696 848 α’,
1734 793 1968 863 "Opust;
2013 789 2080 859 ἣν

487 896 627 954 οἶδεν
663 896 922 958 Ἡσαΐας,
971 902 1080 946 etc.
1123 889 1246 943 luit.
1297 889 1418 944 Τῶν
1460 887 1592 959 παρ’
1640 887 1772 956 ἡμῖν
1819 883 2083 954 αἱσΟητημ

493 993 622 1064 ρξων
654 989 716 1042 τὸ
743 985 1164 1058 ἐναργέστατον.
1199 981 1388 1036 L’trum
1420 988 1600 1034 autem
1643 979 1758 1032 lucc
1791 974 2084 1030 Commen-

491 1085 627 1139 taria
665 1080 846 1136 Basilii
882 1078 992 1134 sint
1030 1088 1240 1139 necne,
1279 1089 1386 1129 non
1445 1072 1580 1126 satis
1630 1067 1890 1124 convenit
1943 1065 2084 1118 inter

489 1179 803 1243 scriptorcs.
827 1171 898 1226 At
926 1169 961 1224 ii
997 1169 1163 1224 etiam
1189 1166 1280 1234 qui
1315 1164 1504 1221 Basilii
1547 1177 1670 1217 csse
1717 1167 2078 1232 propugnant,

493 1264 708 1320 initium
753 1260 883 1316 illud
942 1257 1278 1330 [tractationis
1326 1269 1476 1310 more
1515 1252 1899 1323 praemissum,
1934 1263 2082 1301 assu-

491 1367 733 1415 meutum
780 1352 1052 1424 quoddam
1083 1365 1204 1407 esse
1255 1349 1495 1404 fatentur
1531 1343 1714 1414 :quod
1769 1356 1867 1395 nec
1900 1338 2082 1393 Basilii

489 1449 582 1512 sit,
602 1461 704 1504 nec
729 1443 1135 1501 Commentario
1161 1443 1213 1496 in
1248 1439 1498 1495 llesaiam
1529 1435 1840 1496 conveniat,
1863 1442 1916 1486 et
1937 1429 2082 1484 aliud

492 1555 718 1614 prorsus
741 1547 885 1610 agat.
921 1536 1032 1607 Ego
1057 1551 1186 1590 vero
1209 1531 1444 1588 Eusebio
1473 1527 1644 1582 multo
1666 1525 1846 1580 minus
1882 1521 2082 1576 ascribi

493 1612 653 1702 posse
677 1637 831 1702 puto;
852 1637 962 1681 tum
989 1627 1059 1683 ob
1085 1625 1210 1696 styli
1231 1618 1655 1691 discrepantiam
1679 1617 1839 1686 plane
1865 1612 2086 1682 conspi-

494 1740 674 1788 cnatn,
695 1732 807 1776 tum
832 1719 956 1790 quia
983 1717 1379 1786 subseqnctttes
1404 1708 1813 1772 Commentarii,
1847 1706 1937 1776 qui
1965 1719 2086 1774 per-

493 1815 624 1870 inde
656 1812 872 1868 Eusebii
898 1809 1116 1866 nomine
1139 1807 1330 1862 eodem
1363 1804 1416 1859 in
1445 1802 1632 1858 codice
1658 1797 2084 1867 subjunguntur,

495 1905 694 1962 diversi
737 1918 959 1976 prorsus
990 1917 1018 1955 a
1058 1895 1482 1955 Commentariis
1523 1891 1740 1948 Eusebii
1789 1898 1934 1944 sunt.
1972 1886 2080 1943 Ctt—

491 1997 582 2064 jus
619 2007 784 2066 porro
809 1992 886 2048 sit
916 1998 1289 2046 assumetttum
1323 1982 1632 2055 ltujusmodi
1667 1995 1773 2034 non
1801 1978 1939 2034 satis
1959 1991 2083 2045 per-

495 2098 765 2156 spectum.
796 2083 1066 2140 Caeterum
1122 2077 1379 2139 ὑπόθεσις
1405 2075 1516 2140 illa,
1554 2071 1711 2141 cujus
1738 2071 1950 2124 initium
1981 2076 2083 2132 est,

507 2179 727 2249 Ἐπειδὴ
759 2177 902 2234 κατὰ
933 2173 1193 2246 χρόνους.
1224 2180 1282 2224 ut
1321 2182 1485 2239 supra
1525 2165 1792 2226 diximus,
1822 2164 1887 2217 ad
1925 2160 2088 2214 Com-

497 2271 822 2328 mentarium
859 2267 1008 2323 illum
1035 2265 1126 2336 qui
1154 2262 1335 2317 Basilii
1367 2259 1589 2315 nomine
1619 2252 2086 2328 insignitur,ltaud

498 2365 662 2421 dubie
707 2362 940 2433 pertinet
980 2377 995 2414 :
1041 2373 1164 2412 nam
1209 2355 1261 2409 in
1317 2353 1504 2408 codice
1549 2349 1718 2421 Regio
1763 2346 2089 2417 bombycino

497 2455 802 2514 duodecimi
855 2451 1062 2516 saeculi,
1100 2450 1154 2504 iu
1201 2446 1380 2502 fronte
1425 2443 1842 2525 Espositionum
1887 2439 1940 2493 in
1981 2437 2086 2492 lle-

496 2551 667 2605 saiam
698 2547 880 2603 Basilii
914 2543 1133 2600 nomine
1159 2538 1527 2611 praemittitur.
1550 2535 1682 2600 Qua:
1711 2541 1890 2587 autem
1919 2530 2088 2600 hypo-

499 2642 632 2699 thesi
665 2644 930 2711 praeeunt,
955 2634 1134 2689 aliena
1160 2641 1216 2687 et
1246 2627 1523 2697 adjectitia
1551 2639 1674 2680 esse
1708 2623 1984 2677 videntur.

1228 2720 1352 2794 gn.

506 2822 550 2880 1.
593 2819 914 2877 Testimonia
955 2824 1184 2871 ceterum
1219 2813 1284 2864 de
1338 2808 1553 2863 Eusebii
1598 2803 2094 2880 Contntentariishin

585 2870 970 2944 ᾗὲἓᾶἐᾶἰτὲζιι.
997 2870 1090 2937 De
1134 2896 1317 2952 genere
1361 2876 1766 2952 interpretandi.
1815 2872 1900 2926 Ill.
1941 2870 2095 2952 Nihil

576 2960 722 3013 dubii
783 2957 914 3026 περὶ
952 2944 1373 3026 γνησςᾶξητρς.
1414 2944 1508 3026 _I_V.
1543 2946 1660 3012 Quo
1714 2954 1941 3014 tempore
1983 2944 2094 2994 [nec

576 3018 972 3084 Commentario
1006 3018 1227 3078 ediderit
1265 3018 1544 3073 Eusebius.

565 3123 605 3174 Ι.
631 3118 936 3173 Testimonia
971 3109 1541 3225 vetersmuéieﬁusebii
1581 3105 1959 3160 Commentariis
1981 3103 2032 3150 in

1259 3187 1426 3223 satam.

1259 3187 1426 3223 satam.

578 3269 939 3337 Hieronymus
959 3261 1058 3316 lib.
1087 3260 1162 3314 De
1182 3256 1525 3326 scriptoribus
1554 3248 1922 3306 ecclesiasticis
1959 3247 2101 3299 inter

507 3356 613 3412 alia
643 3352 860 3419 Eusebii
882 3348 1188 3419 opera,hoc
1209 3346 1333 3399 item
1359 3352 1625 3398 recenset.
1647 3339 1714 3393 Et
1741 3341 1794 3392 in
1826 3337 2098 3399 Ilesaiant,

509 3446 716 3518 inquit,
747 3444 908 3496 libras
954 3442 1151 3494 decem.
1189 3437 1244 3490 In
1299 3435 1522 3503 prologo
1562 3440 1740 3486 autem
1780 3431 1831 3484 in
1872 3427 2097 3498 Exposi-

511 3515 710 3589 tionem
745 3529 972 3594 llesaim,
996 3528 1076 3582 sic
1099 3526 1261 3582 habet
1287 3543 1300 3579 :
1325 3521 1582 3576 Eusebius
1605 3536 1810 3591 quoque
1837 3515 2102 3586 Pamphili

503 3627 662 3696 juxta
688 3622 990 3677 historicam
1013 3615 1439 3689 explanationem
1475 3611 1774 3684 quindecim
1812 3607 1977 3664 edidit
2012 3622 2100 3660 vo-

510 3717 734 3772 lumina.
775 3715 845 3770 At
877 3712 1273 3783 Hieronymum
1324 3707 1440 3762 sive
1478 3704 1649 3760 libros
1679 3703 1794 3760 sive
1832 3699 2102 3758 volumina

509 3815 796 3870 memoret,
826 3803 1061 3872 idipsum
1088 3799 1400 3870 significare
1433 3798 1641 3869 liquet;
1675 3809 1800 3850 nam
1827 3793 1881 3848 in
1911 3792 2099 3847 eodem

514 3897 742 3968 prologo
779 3895 847 3950 de
880 3891 1115 3964 Origene
1153 3893 1280 3946 talia
1317 3892 1466 3945 tatur
1511 3908 1526 3945 :
1577 3886 1837 3956 Origenes
1882 3885 2101 3953 triginta

513 3989 805 4054 volumina,
833 4002 860 4040 e
896 3987 1082 4056 quibus
1122 3984 1399 4038 vicesimus
1428 3991 1610 4036 sextus
1651 3981 1780 4033 liber
1823 3995 1927 4032 non
1958 3978 2101 4030 inre-

515 4081 664 4137 nitur
691 4093 708 4141 ;
735 4076 879 4130 unde
913 4075 1081 4146 igitur
1110 4074 1272 4129 modo
1317 4072 1528 4138 decem,
1576 4070 1736 4125 modo
1765 4067 2100 4138 quindecim,

515 4171 736 4228 Eusebii
779 4171 968 4235 libros,
999 4185 1093 4225 seu
1131 4165 1404 4221 volumina
1431 4171 1648 4218 exstare
1673 4161 1806 4215 dicit
1833 4159 1858 4213 ?
1888 4159 1942 4212 ld
1973 4173 2106 4212 sane

515 4262 602 4318 vel
639 4261 1033 4332 exemplarium
1063 4255 1350 4322 varietati;
1381 4267 1564 4324 parem
1598 4250 1798 4322 quippe
1824 4249 1878 4303 in
1915 4247 2103 4300 Histo—

519 4356 597 4409 ria
622 4353 974 4408 ecclesiastica
1008 4350 1272 4419 ejusdem,
1293 4345 1701 4401 distinctionum
1735 4340 2104 4395 diversitatem

515 4445 1017 4517 deprelteniimus;
1066 4440 1148 4494 vel
1194 4437 1607 4492 amanuensium
1658 4434 1790 4488 vitio
1839 4432 2097 4487 ascribas.

2188 602 2456 656 mittebat.
2492 597 2811 665 Ubicunque
2843 594 2990 649 enim
3043 606 3168 646 eum
3223 589 3450 643 historia
3490 587 3780 648 defecerit,

2187 690 2384 744 transit
2423 689 2489 741 ad
2519 685 2856 755 allegoriam,
2891 691 2947 738 et
2977 682 3051 737 ita
3093 687 3344 750 separata
3379 677 3682 739 consociat,
3717 688 3781 729 ut

2189 781 2359 834 mirer
2405 793 2527 834 eum
2574 791 2713 832 nova
2761 774 3031 830 sermonis
3059 772 3264 827 fabrica
3300 772 3355 825 in
3390 786 3556 824 unum
3584 785 3785 837 eurpus

2187 872 2416 938 lapidem
2449 869 2762 938 ferrumque
2785 866 3142 936 conjungere.
3180 862 3294 918 lloc
3340 863 3579 917 breviter
3601 863 3790 914 admo-

2187 965 2303 1028 nui,
2335 978 2403 1017 tte
2431 963 2552 1031 quis
2581 975 2680 1014 nos
2725 962 2875 1028 pute't
2916 974 2984 1012 ex
3030 956 3172 1012 illius
3220 955 3462 1010 l’ontibtts
3510 964 3790 1008 mutuasse

2187 1069 2309 1123 qua:
2332 1053 2602 1115 dicimus;
2639 1064 2763 1103 nam
2785 1058 2841 1102 et
2867 1048 2918 1100 itt
2943 1046 3195 1116 praesenti
3229 1045 3470 1115 capitulo
3499 1045 3788 1098 adversum

2185 1143 2402 1199 Judmos
2435 1151 2490 1198 et
2534 1139 2965 1208 Hierosolymam
3009 1137 3140 1191 dicit
3184 1136 3525 1206 prophetiam
3577 1133 3789 1202 dirigi:

2186 1240 2328 1308 quod
2362 1240 2414 1292 itt
2471 1236 2737 1306 principio
2795 1234 2916 1288 ﬁdei
2963 1231 3292 1286 Christiana:
3321 1232 3390 1282 ad
3430 1238 3567 1284 totas
3600 1237 3791 1296 gentes

2187 1329 2444 1399 epistolas
2478 1328 2747 1394 miserint,
2779 1341 2845 1380 ne
2868 1322 3213 1392 susciperent
3236 1321 3786 1391 passioncmCltristi,

2187 1433 2239 1478 et
2287 1421 2534 1476 miserint
2570 1433 2741 1488 usque
2790 1419 2856 1472 ad
2918 1416 3256 1485 Aitltiopiam
3291 1423 3346 1468 et
3385 1411 3787 1467 occidentalem

2191 1515 2427 1585 plagam,
2455 1520 2734 1579 totumque
2772 1508 2961 1562 orbem
3012 1506 3173 1575 hujus
3219 1503 3565 1572 blasphemia:
3617 1503 3793 1556 disse-

2191 1604 2488 1658 tninatione
2536 1599 2958 1669 coutpleverint.
2997 1616 3015 1648 ι
3049 1597 3218 1664 Quam
3275 1595 3788 1661 interpretationem

2190 1694 2255 1748 ad
2287 1694 2537 1748 eumdem
2586 1691 2764 1746 locum
2821 1688 3065 1758 pluribus
3109 1685 3453 1756 prosequitur
3486 1683 3789 1752 Eusebius,

2191 1797 2249 1839 ut
2275 1785 2470 1852 cuique
2508 1781 2691 1835 videre
2733 1778 2910 1833 liceat.
2949 1776 3102 1843 Quod
3132 1791 3293 1845 porro
3320 1774 3394 1826 ait
3428 1771 3792 1841 [liemnyntus

2113 1869 2156 1926 Β
2187 1877 2477 1932 Eusebium
2505 1874 2666 1928 modo
2693 1871 2975 1928 lilteralem
2995 1881 3050 1925 et
3094 1869 3437 1927 historicam,
3471 1867 3628 1920 modo
3654 1865 3792 1918 alle-

2187 1970 2425 2040 goricam
2451 1968 2821 2021 narrationem
2850 1962 3158 2026 instituere,
3186 1959 3436 2014 omnibus
3455 1958 3628 2026 palam
3660 1957 3788 2019 erit,

2188 2065 2230 2116 si
2263 2061 2342 2115 vel
2377 2058 2708 2130 primoribus
2735 2056 2952 2125 quidem
3007 2051 3174 2106 labris
3221 2053 3317 2103 hos
3346 2047 3792 2102 Comtttentarins

2190 2152 2491 2222 attigerint.
2548 2147 2704 2214 Quod
2752 2154 2934 2198 autem
2989 2143 3126 2196 dicit
3161 2157 3218 2196 se
3279 2155 3385 2193 nott
3446 2153 3512 2192 ex
3546 2135 3792 2190 ‘liuscbii

2193 2245 2430 2300 fontibus
2464 2241 2734 2303 hausisse,
2767 2236 2832 2290 de
2885 2245 2996 2290 toto
3045 2231 3449 2290 Commentario
3498 2229 3789 2294 intelligas.

2191 2338 2296 2392 Tot
2322 2337 2467 2390 enim
2494 2343 2751 2404 tantaque
2786 2332 2983 2387 ibidem
3015 2335 3234 2382 enarrat
3264 2324 3645 2393 Hieronymus,
3669 2336 3792 2389 qua:

2195 2429 2456 2484 Eusebius
2499 2441 2565 2481 ne
2595 2439 2753 2480 nosse
2781 2421 3036 2492 quidem,
3068 2419 3263 2473 nedum
3299 2429 3560 2471 enarrare
3594 2412 3792 2481 potuit,

2196 2529 2254 2572 ut
2312 2517 2657 2588 periniqnum
2733 2522 2876 2567 esset
2933 2506 3339 2579 Hieronymiani
3391 2501 3786 2558 Commentarii

2195 2609 2422 2680 gloriam
2458 2609 2510 2660 itt
2545 2603 2840 2659 Eusebium
2891 2601 3167 2656 conferre.
3222 2597 3476 2650 Attamen
3515 2593 3607 2648 ille
3651 2595 3794 2646 bene

2199 2701 2363 2756 multa
2401 2715 2465 2753 ex
2509 2699 2662 2754 hisce
2690 2693 3114 2751 Commentariis
3157 2692 3476 2761 expiscatus
3518 2698 3622 2753 est,
3654 2702 3796 2758 quo-

2201 2810 2317 2848 rttm
2348 2793 2625 2847 minimam
2657 2799 2863 2860 partem
2897 2801 2998 2841 nos
3023 2785 3189 2838 variis
3211 2783 3264 2836 in
3296 2781 3429 2834 locis
3460 2776 3797 2840 notavimus.

2197 2887 2466 2943 Caeterum
2520 2886 2622 2941 hac
2671 2882 2928 2938 cautione
2983 2879 3109 2948 jure
3172 2875 3343 2928 tttitur
3378 2871 3738 2939 Hieronymus
3774 2881 3793 2918 :

2201 2980 2325 3048 quia
2363 2993 2486 3032 cum
2526 2989 2787 3031 censores
2838 2971 2989 3026 multi
3033 2969 3213 3023 invido
3243 2967 3400 3022 oculo
3440 2964 3556 3034 ejus
3590 2963 3793 3032 scripta

2205 3072 2498 3125 lnstrarent
2522 3108 2537 3132 ,
2565 3065 2870 3138 perieulum
2905 3071 3026 3117 erat
3071 3075 3137 3114 ne
3175 3060 3348 3129 ipsum
3377 3058 3538 3127 plagii
3572 3057 3796 3110 nomine

2207 3161 2594 3223 incesserent;
2643 3155 2735 3212 sed
2794 3153 2926 3209 illud
2975 3151 3170 3219 injuria
3207 3149 3409 3202 factum
3459 3154 3796 3201 essetznatn

2205 3250 2451 3321 quantuli
2482 3246 2640 3319 pretii
2678 3255 2807 3301 sunt
2844 3259 2910 3298 ea
2949 3257 3069 3312 quae
3111 3255 3180 3295 ex
3231 3240 3464 3295 Eusebio
3511 3237 3794 3299 delibavit,

2203 3341 2248 3394 si
2286 3345 2670 3407 comparentur
2699 3349 2821 3389 cum
2853 3334 2953 3396 iis,
2983 3344 3105 3400 quae
3139 3332 3200 3384 S.
3247 3329 3446 3382 Doctor
3477 3327 3692 3380 erudite
3729 3325 3804 3381 de

2205 3431 2474 3486 Hebraico
2509 3436 2657 3483 textu
2700 3441 2764 3479 ae
2801 3424 2867 3480 de
2909 3424 3144 3478 lectione
3191 3421 3419 3490 vulgatae
3453 3418 3650 3489 passim
3686 3415 3802 3470 dis-

2205 3523 2395 3578 seruit.
2426 3519 2538 3576 Nec
2578 3519 2676 3574 abs
2719 3533 2779 3574 re
2817 3517 2956 3571 forte
2991 3514 3142 3568 dicas
3193 3512 3481 3566 Eusebium
3515 3520 3570 3564 et
3605 3508 3804 3562 lliero—

2206 3631 2429 3688 nymum
2468 3614 2656 3668 eadem
2684 3613 2801 3684 ipsa
2826 3625 2892 3664 ex
2927 3607 3180 3680 Origenis
3210 3605 3636 3660 Commentariis
3657 3604 3803 3658 hau-

2206 3722 2360 3762 SISSC.

2279 3800 2332 3851 ltt
2363 3796 2822 3852 Pra3liminaribus
2856 3793 2920 3846 ad
2953 3791 3203 3859 Procopii
3239 3787 3706 3844 Commetttarium
3741 3786 3798 3840 in

2210 3891 2460 3946 llesaiam
2491 3897 2714 3943 curante
2741 3887 2899 3939 Petro
2923 3885 3176 3938 Curterio
3203 3881 3432 3946 editum,
3469 3880 3583 3933 hare
3607 3879 3803 3946 legun-

2208 3994 2296 4038 tur
2321 3999 2384 4036 ex
2410 3982 2594 4037 codice
2617 3979 2809 4032 Rettati
2831 3975 3084 4029 Marcltali
3117 3993 3129 4028 :
3157 3971 3482 4043 Μετελήφοη
3512 3972 3540 4023 ὁ
3568 3971 3804 4032 Ἡσαΐας

2207 4072 2314 4126 ἀπὸ
2346 4069 2678 4140 ἀντιγράφου
2715 4065 2807 4118 τοῦ
2856 4064 2999 4118 ἀὸϐᾶ
3036 4062 3439 4125 Ἀπολλιναρίου
3481 4060 3574 4112 τοῦ
3620 4076 3803 4112 κοινο-

2209 4165 2537 4235 ῧιάρχου,ὲν
2562 4155 2606 4228 ᾧ
2661 4157 3050 4212 καθυπόκειται
3091 4155 3353 4208 ταῦτα...
3413 4150 3742 4223 Μετελήςρῦη
3771 4150 3805 4203 ὁ

2221 4261 2446 4323 Ἡσαΐας
2487 4261 2549 4311 ὲκ
2598 4255 2704 4310 τῶν
2754 4255 2894 4308 κατὰ
2917 4254 3014 4319 τὰς
3049 4253 3289 4315 ἐκδύσεις
3329 4248 3624 4314 Ἐξαπλῶν,
3670 4248 3806 4299 ἀντ-

2209 4353 2410 4423 εϐλήοη
2453 4351 2507 4403 δὲ
2535 4350 2627 4402 καὶ
2665 4349 2800 4420 πρὸς
2829 4343 3347 4417 ἓτερονἙξαπλοῦν,
3365 4342 3486 4411 ἕχον
3510 4341 3609 4410 τὴν
3624 4354 3807 4409 παρα-

2179 4446 2507 4517 -σημεῑωσιν
2550 4443 2846 4512 mdium...
2914 4438 3258 4511 Διώρϐωντσιι
3322 4427 3562 4506 ἀκριϐῶς
3629 4434 3806 4484 πᾶσαι.

515 4536 784 4592 Cat-terum
811 4533 926 4588 lucc
956 4547 1047 4587 seu
1096 4529 1456 4593 voluminum,
1484 4540 1577 4582 seu
1607 4525 1871 4580 librorum
1903 4523 2095 4576 distin-

2208 4539 2264 4591 αἱ
2330 4535 2594 4597 ἐκδόσεις·
2638 4529 3049 4603 ἀντεϐλήοησαν
3106 4529 3213 4597 γὰρ
3268 4527 3402 4596 πρὸς
3463 4520 3807 4594 τετραπλοῦν

517 4633 623 4685 ctio
643 4629 755 4699 jam
793 4628 882 4683 ditt
915 4626 1094 4696 periit,
1128 4624 1355 4694 ejusque
1382 4636 1448 4677 ne
1484 4621 1769 4690 vestigium
1800 4618 2016 4690 quidem
2050 4617 2100 4670 itt

518 4723 798 4779 codicibus
833 4719 1118 4790 reperitur.

595 4815 735 4866 ldent
769 4813 1130 4882 lliemnymns
1161 4810 1211 4862 itt
1241 4806 1481 4878 prologo
1513 4805 1579 4858 ad
1608 4805 1804 4858 librum
1844 4818 1874 4855 v
1903 4801 1958 4855 in
1999 4798 2098 4852 (le-

520 4905 691 4961 saiam
715 4905 828 4958 hate
858 4905 1018 4958 habet
1044 4922 1057 4957 :
1096 4921 1114 4953 ι
1164 4900 1304 4968 Quid
1355 4899 1517 4968 igitur
1546 4895 1782 4949 iaciant?
1814 4895 2107 4947 subeauttte

521 5011 681 5067 Opus,
714 4995 767 5048 in
797 5010 904 5064 quo
931 4992 1280 5048 eruditissimi
1313 4990 1415 5045 viri
1445 4988 1798 5047 sudaverunt,
1821 4983 2106 5054 Origenem

523 5087 716 5157 loquor
742 5095 797 5140 et
827 5085 1115 5140 Eusebium
1153 5082 1453 5153 Pamphili.
1482 5093 1715 5149 quorum
1750 5075 1888 5129 alter
1927 5075 2111 5127 liberis

525 5179 794 5250 allegoria":
832 5175 1021 5246 spatiis
1049 5185 1332 5246 evagatur,
1391 5182 1449 5230 et
1481 5169 1854 5239 interpretatis
1889 5167 2113 5220 nomini-

524 5272 627 5326 bus
657 5269 1014 5339 singulorum,
1044 5268 1319 5337 ingenium
1356 5281 1516 5322 suum
1550 5264 1677 5318 facit
1720 5259 1976 5314 Ecclesia:
2020 5274 2111 5311 sa-
2133 5313 2148 5323 ο

526 5373 804 5419 cramenta
838 5384 849 5418 :
884 5361 1023 5416 alter
1052 5360 1365 5415 historicam
1395 5357 1787 5428 expositionem
1821 5353 1977 5405 titulo
2029 5367 2114 5404 re-

527 5455 880 5524 promittens.
915 5453 1184 5508 interdum
1236 5449 1569 5504 obliviscitur
1637 5445 1900 5514 prepositi
1924 5483 1940 5508 ,
1975 5453 2026 5497 et
2056 5444 2107 5497 in

527 5541 777 5612 Origenis
810 5542 944 5597 scita
997 5539 1246 5596 concedit
1284 5540 1308 5592 ἲ
1347 5557 1365 5588 ι
1411 5535 1524 5591 Sub
1560 5539 1672 5590 tunc
1723 5545 1906 5588 autem
1956 5533 2112 5586 initio

528 5634 724 5705 capitis
747 5632 1172 5699 tlecimi'nctavi,
1222 5631 1292 5684 ita
1324 5629 1568 5698 loquitur
1596 5647 1610 5682 :
1649 5647 1668 5680 ι
1700 5627 1962 5683 Eusebius
1996 5625 2107 5679 Ca:-

531 5727 790 5781 sariensis
835 5725 1147 5781 historicam
1191 5722 1686 5793 interpretationem
1727 5719 1882 5774 titulo
1928 5734 2112 5787 repro-

533 5818 774 5885 mittens,
804 5819 1029 5882 dirersis
1061 5817 1309 5874 sensibus
1361 5821 1660 5884 evagatur;
1697 5811 1848 5880 cujus
1892 5825 2013 5865 cum
2053 5810 2114 5863 li-

2220 4627 2464 4680 Ἦσαῖαψ
2486 4624 2564 4678 ἔτι
2589 4624 2645 4678 δὲ
2676 4623 2767 4676 καὶ
2793 4617 3256 4694 πρὸςἘξαπ).οὖν.
3277 4617 3418 4689 Πρὸς
3445 4614 3678 4676 τούτοις,
3712 4611 3811 4666 καὶ

2211 4717 2318 4771 ἀπὸ
2362 4720 2461 4787 τῆς
2499 4715 2692 4786 ἀρχῆς,
2737 4713 2842 4777 ἕως
2895 4711 2989 4765 τοῦ
3043 4711 3318 4783 ὁράματος
3371 4709 3568 4778 Τύρου,
3619 4705 3810 4775 τὸμων

2212 4805 2552 4877 ἐξηγητικῶν
2606 4808 2685 4868 εἰς
2721 4804 2811 4856 τὸν
2853 4804 3080 4856 Ἡσαΐαν
3119 4801 3444 4872 Ὠριγένους,
3499 4796 3594 4849 καὶ
3645 4795 3814 4866 ἀκρι-

2213 4898 2323 4961 66a;
2383 4898 2778 4968 ἐπιστήσαντες
2827 4898 2892 4966 τῇ
2959 4894 3165 4966 ἐννοίᾳ,
3221 4891 3342 4945 καθ’
3375 4891 3442 4959 ἢν
3499 4887 3814 4958 ἐξηγήσατο

2215 4991 2453 5062 ἑκάστην
2484 4990 2649 5056 λέξιν,
2686 4988 2806 5042 καθ’
2830 4989 2903 5051 ὡς
2933 4981 3044 5040 οἷόν
3085 5004 3142 5039 τε
3185 4982 3272 5057 ἦν,
3301 4985 3394 5037 καὶ
3428 4983 3534 5034 πᾶν
3569 4977 3813 5050 ἀμφίδυ-

2213 5085 2303 5137 λον
2345 5082 2484 5135 κατὰ
2527 5083 2625 5153 τὴν
2661 5080 2869 5135 ἐκείνου
2918 5078 3124 5132 ἔννοιαν
3169 5072 3616 5147 διωρθωσάμεοα.
3659 5069 3813 5140 Πρὸς

2215 5176 2424 5238 τούτοις
2471 5175 2760 5246 συνεκρίθη
2794 5176 2826 5245 η
2875 5173 2981 5225 τῶν
3005 5171 3405 5241 Ἐϐδομήκολτα
3447 5167 3673 5227 ἕκδοσις,
3711 5161 3812 5214 καὶ

2216 5268 2352 5340 πρὸς
2403 5266 2469 5319 τὰ
2517 5267 2621 5319 ὑπὸ
2663 5265 2922 5318 Ἐὺσεϐἱου
2965 5266 3042 5327 εἰς
3088 5264 3177 5316 τὸν
3219 5262 3445 5314 Ἰἰσαῒαν
3498 5257 3806 5327 εἰρημένα,

2220 5356 2313 5408 καὶ
2340 5357 2396 5407 ἐν
2433 5352 2512 5418 οἷς
2577 5353 2903 5422 διεφώνουν,
2938 5355 3037 5424 τῆς
3084 5352 3394 5422 ἐξηγήσεως
3449 5349 3546 5420 τὴν
3599 5347 3812 5400 ἔννοιαν

2221 5445 2727 5518 ζητήσαντες,πρδς
2745 5447 2914 5518 αὐτὴν
2946 5445 3381 5516 ἐδιωρθώσαμεν.
3413 5441 3467 5496 Id
3505 5450 3620 5494 cst:
3651 5458 3669 5490 ι
3697 5440 3814 5491 lix-

2221 5541 2455 5608 scriptns
2490 5552 2571 5592 est
2602 5539 2828 5592 lli-saias
2863 5541 2930 5592 ab
2955 5537 3249 5606 exemplari
3293 5535 3503 5590 abbatis
3531 5532 3815 5602 Apollina-

2225 5630 2285 5683 rii
2309 5628 2724 5690 emnobiarchte,
2754 5629 2805 5681 itt
2829 5645 2933 5696 quo
2956 5628 3067 5681 hate
3089 5624 3471 5695 subjiciuntur.
3503 5663 3516 5676 .
3539 5621 3811 5689 Desuntp~

2222 5734 2344 5791 ptus
2407 5731 2491 5775 est
2541 5720 2764 5774 llesaias
2811 5721 2879 5773 ab
2913 5719 3164 5788 llexaplis
3216 5717 3537 5781 editiOnum,
3579 5712 3816 5772 collatus

2222 5817 2398 5863 autem
2422 5818 2513 5863 est
2535 5821 2656 5862 cum
2674 5805 2915 5878 ﬂexaplo
2931 5807 3056 5878 alio,
3074 5809 3124 5861 in
3151 5822 3257 5877 quo
3287 5806 3813 5877 istagadnotantur...
