4062 6400
271 406 338 466 υ
1200 404 1710 463 ΕΟΜΜΕΆΤΑΜΑ
1748 405 1815 461 ιΝ

1960 407 2116 464 IAM.
2156 440 2223 450 -—-—
2260 408 2649 465 PRJEFATIO.
3471 407 3542 463 Si

266 530 541 583 Accurate
591 525 863 580 editiones
901 539 1090 578 omnes
1139 534 1398 579 correctae
1437 533 1600 589 sunt;
1641 525 1851 579 collata:

1960 522 2315 595 τυγχάνουσιν
2333 543 2345 555 ·
2368 525 2603 580 ἴστωσαν
2624 524 2732 597 γάρ
2748 525 2824 588 ὼς
2849 525 2909 577 οὐ
2945 524 3104 595 μόνον
3134 523 3401 595 διαφόρως
3423 525 3548 594 ἠνέ-

264 620 414 675 cnim
441 608 659 674 fuerunt
681 632 805 673 etim
837 617 1067 686 tetraplo
1093 616 1322 685 llesaiar,
1354 624 1409 671 et
1434 632 1556 672 cum
1590 616 1849 686 llexaplo.

266 712 476 765 Pra-tcr
524 710 668 771 ha'e,
709 706 782 763 ab
826 707 982 762 initio
1020 708 1186 762 etiam
1215 751 1229 774 ,
1274 722 1451 778 usque
1484 708 1552 761 ad
1585 708 1850 762 visionem

269 798 423 869 Tyri,
451 796 765 853 accuratius
796 800 1140 851 emendatum
1188 806 1292 852 est.
1335 797 1469 852 Nam
1513 812 1634 852 cum
1680 806 1854 852 tomo-

266 906 392 946 rum
426 887 795 958 Expositionis
835 886 1088 954 Origenis
1137 888 1191 943 in
1236 888 1484 943 llesaiam
1513 890 1668 958 capia
1700 888 1853 944 nobis

266 990 439 1045 esset,
469 980 659 1034 sedqu
687 980 1034 1034 advertentes
1060 994 1168 1049 quo
1199 994 1362 1035 sensu
1392 980 1636 1051 singulas
1664 982 1854 1036 dictio-

267 1088 367 1128 nes
395 1071 715 1141 accepisset,
753 1086 851 1141 pro
876 1069 1136 1126 facultate
1160 1071 1425 1142 quidquid
1461 1072 1680 1132 dubium
1712 1083 1850 1140 erat,

267 1165 341 1220 ad
386 1163 530 1219 illius
575 1164 899 1219 sententiam
931 1162 1295 1218 correximus.
1338 1161 1611 1219 Praeterea
1658 1163 1852 1219 collata

264 1268 353 1313 est
386 1256 550 1311 etiam
585 1254 939 1326 Septuaginta
981 1251 1339 1326 lnterpretum
1375 1254 1564 1322 editio,
1600 1271 1725 1312 cum
1765 1258 1852 1327 iis,

264 1364 390 1419 qua:
422 1348 476 1401 in
501 1346 749 1403 Hessiam
785 1346 1004 1416 scripsit
1028 1345 1295 1402 Eusebius
1322 1355 1411 1403 :et
1431 1347 1486 1403 in
1513 1349 1710 1419 quibus
1736 1362 1851 1407 erat

263 1439 529 1505 varietas,
549 1438 804 1510 indagato
828 1438 1208 1509 explicationis
1228 1452 1414 1506 sensu,
1438 1439 1506 1496 ad
1542 1441 1657 1511 ejus
1693 1442 1851 1499 fidem

261 1531 695 1588 emcndavimus.
736 1548 758 1583 ι
803 1527 1104 1601 Procopius
1135 1540 1321 1598 certe,
1351 1535 1443 1605 qui
1497 1548 1565 1589 ex
1609 1542 1852 1589 veterum

263 1620 587 1676 collectione
619 1633 776 1675 suum
808 1620 861 1674 i
900 1618 1150 1675 ﬂesaiam
1189 1619 1655 1680 Commentarium
1694 1626 1851 1680 adoro

264 1713 437 1780 navit,
472 1727 537 1768 ex
571 1710 809 1768 Eusebio
855 1712 1057 1781 passim
1086 1714 1255 1770 multa
1292 1714 1553 1788 decerpit,
1590 1719 1751 1775 modo
1786 1718 1854 1773 ad

261 1805 505 1859 litteram
530 1813 587 1860 et
608 1805 833 1859 verbum
856 1804 923 1859 de
945 1805 1112 1860 verbo
1139 1820 1156 1871 ;
1196 1806 1376 1871 modo,
1413 1816 1467 1863 et
1496 1808 1713 1879 quidem
1743 1808 1853 1862 fre-

261 1894 535 1963 quentius,
571 1892 790 1949 Eusebii
830 1906 990 1950 sensa
1047 1895 1400 1964 paucioribus
1448 1899 1729 1968 exprimit.
1757 1898 1864 1954 Vc—
1895 1898 1935 1953 Β

264 1999 386 2039 rum
433 1983 524 2039 hic
577 1982 832 2055 Procopii
883 1983 1325 2043 Commentarius
1374 1988 1550 2043 media
1608 1987 1725 2044 fere
1777 1991 1862 2045 sui

259 2084 418 2144 parte
449 2082 737 2131 truncatus
776 2076 842 2130 ad
877 2090 976 2132 nos
1028 2077 1286 2146 devenit,
1320 2077 1655 2137 lectionibus
1684 2082 1862 2138 llexa-

260 2166 473 2237 piorum
509 2165 765 2236 refertus,
787 2182 1018 2239 quarum
1072 2178 1132 2223 ut
1178 2170 1469 2228 nonnullas
1500 2172 1665 2229 habet
1701 2175 1864 2231 Euse-

259 2255 497 2323 bius,ita
532 2256 823 2330 plerasque
850 2256 1030 2326 ﬁert,
1062 2258 1332 2333 Procopio
1356 2263 1588 2321 intactas
1617 2273 1672 2321 et
1707 2266 1862 2322 inob-

257 2356 527 2403 servatas.
549 2348 842 2416 Caeterum,
884 2349 1108 2408 allatum
1157 2353 1297 2410 istuc
1344 2357 1412 2411 de
1459 2354 1666 2412 Hesaize
1719 2355 1861 2413 libro

263 2436 662 2503 testimonium,
696 2439 874 2510 palam
905 2452 991 2499 est
1037 2443 1305 2514 scriptum
1346 2443 1520 2503 fuisse
1568 2456 1858 2517 antequam

259 2523 504 2596 ﬂexapla
547 2527 855 2583 interirent.
898 2528 1054 2598 Quod
1094 2534 1439 2602 quandonam
1481 2535 1771 2601 acciderit,
1804 2538 1857 2592 in

260 2618 584 2674 collectione
613 2616 979 2691 Hexaplorum
1020 2623 1333 2693 propediem
1379 2622 1610 2690 edenda,
1639 2626 1859 2699 indaga-

264 2709 449 2765 himus
478 2709 580 2780 (2).

335 2799 432 2856 llis
455 2799 730 2869 subjicere
762 2802 938 2858 visum
963 2810 1047 2859 cst
1076 2803 1360 2875 prologum
1396 2805 1448 2861 in
1474 2808 1660 2862 codice
1687 2807 1858 2879 Regio

258 2889 593 2961 bombycino
621 2890 838 2945 Catenae
868 2890 921 2945 in
951 2889 1200 2947 Hesaiatn
1225 2894 1528 2964 praeﬁxum,
1559 2898 1649 2965 qni
1668 2897 1856 2953 lectori

274 2998 379 3038 nec
411 2981 743 3053 iniucundus
774 2996 874 3038 nec
899 2981 1272 3042 infructuosus
1301 2988 1427 3042 erit.

256 3123 567 3192 Πρόλοτος
592 3119 699 3192 τοῦ
730 3117 1096 3192 λογιωτρτου
1148 3118 1248 3174 καὶ
1297 3122 1856 3192 πανευγενεστάτου

333 3187 521 3264 πυροῦ
564 3187 846 3264 Ἰωςίῖνοᾲ
888 3187 999 3259 τῆς
1033 3190 1435 3260 Δρουγγίφίιις
1476 3187 1592 3264 (sit)
1622 3195 1711 3259 εὶς
1752 3194 1858 3248 τὸν

331 3260 626 3331 μακάριον
662 3259 929 3317 Ἡσαΐαν.

332 3396 449 3468 Τῆς
481 3412 817 3468 προφητειας
844 3393 938 3449 τοῦ
980 3394 1270 3449 θεσπεσίου
1310 3396 1533 3451 Ἡσαΐου
1560 3397 1654 3451 τοῦ
1688 3416 1857 3470 μεγαα

256 3488 634 3559 λοφωνοτάτου
659 3488 768 3542 τῶν
795 3488 1091 3561 προφητῶν
1130 3490 1229 3561 τὴν
1263 3488 1446 3561 βίϐλον
1487 3490 1626 3561 μετά
1668 3496 1856 3565 χεῖρας

258 3580 467 3646 λαϐὼν,
488 3581 584 3635 καὶ
599 3580 803 3651 ταύτης
818 3581 919 3652 τὴν
935 3581 1241 3651 ἀνάγνωσιν
1265 3584 1654 3655 ποιησάμενος,
1673 3586 1767 3639 καὶ
1782 3586 1857 3657 μὴ

258 3671 531 3744 εὑρίσκων
567 3673 664 3743 τῆς
697 3659 808 3726 τῶν
837 3672 1239 3744 γεγραμμένων
1275 3673 1513 3739 διανοίας
1548 3676 1854 3745 ἐφικέσθαι,

260 3764 399 3838 πρὸς
431 3765 559 3829 τοὺς
602 3765 810 3837 ταύτην
850 3766 1285 3838 ήρμηνευκότας,
1330 3767 1499 3838 ήγουν
1527 3769 1857 3840 ὑπομνημα-

260 3853 520 3919 τίσαντας
548 3853 854 3926 ἀνέδραμον
872 3894 889 3921 ,
915 3856 1014 3909 καὶ
1040 3855 1140 3929 τὴν
1179 3855 1333 3910 λύσιν
1370 3856 1481 3911 τῶν
1509 3854 1855 3928 ζητουμένων

257 3947 553 4020 δ.αφόρως,
586 3946 663 4012 ὠς
700 3941 811 4002 οἷόν
852 3964 935 4012 τε,
975 3946 1172 4019 εὑρὼν,
1210 3949 1507 4016 ἀναγκαῖον
1560 3948 1856 4019 ἡγησάμην

257 4038 388 4109 τῇδε
438 4040 507 4109 τῇ
550 4037 719 4110 βίϐλῳ
776 4038 1155 4109 παραθέσθαι,
1190 4038 1279 4093 ἵνα
1314 4042 1427 4103 τοῖς
1469 4038 1856 4110 ἐντυγχάνουσι

260 4129 565 4201 κατάδηλος
615 4132 650 4203 ή
694 4129 801 4184 τῶν
849 4131 1242 4203 ἀπορουμένων
1294 4134 1561 4203 σαφήνεια
1608 4131 1853 4203 γένηται.

259 4221 471 4294 Μηδεὶς
516 4221 574 4276 δὲ
632 4222 709 4287 ὡς
759 4222 1082 4296 ἑτεροδόξων
1132 4224 1431 4296 ἑρμηνείας
1495 4224 1857 4293 συναγαγόντι

260 4310 582 4382 ἐγκαλείτω’
630 4314 776 4386 φημὶ
818 4313 884 4385 δή
939 4314 1266 4386 Ὠριγένους,
1302 4314 1397 4368 καὶ
1449 4313 1711 4368 Εὐσεὸίου
1761 4315 1855 4369 τοῦ

261 4406 623 4479 Καισαρείας,
650 4406 746 4461 καὶ
773 4404 1051 4477 Θεοδώρου
1103 4405 1451 4479 Ἡρακλείας,
1477 4407 1571 4459 καὶ
1591 4407 1853 4462 Εὑσεϐίου

274 4501 533 4574 Ἐμέσης,
559 4503 652 4556 καὶ
685 4500 1091 4572 ’Δπολλιναρίου
1109 4542 1124 4567 ,
1149 4500 1244 4555 καὶ
1270 4499 1602 4579 Θεοδωρίτου
1630 4500 1815 4573 Κύρου
1838 4519 1850 4532 ’

1960 615 2164 687 χθησαν
2190 619 2247 670 ἐν
2288 619 2401 680 τοῖς
2441 617 2675 687 νοήμασι
2714 614 2816 685 τῆς
2855 613 3212 668 θεοπνεύστου
3251 614 3471 686 Γραφῆς
3498 617 3548 669 οι

1958 707 2161 780 ταύτην
2199 707 2626 779 ήρμηνευκότες,
2655 705 2791 761 ἀλλά
2825 704 2884 759 δέ
2927 707 3023 760 καὶ
3056 706 3197 761 αὒτά
3223 705 3293 760 τὰ
3328 708 3550 779 ῥήματα

1958 800 2059 870 τῆς
2094 800 2264 871 αὐτῆς
2295 799 2445 863 Θείας
2481 799 2706 871 Γραφῆς
2738 800 2838 852 οὐκ
2873 797 3005 861 ἴσως
3042 796 3425 859 διεστείλαντο,
3456 799 3551 852 καὶ

1958 891 2100 945 οὕτω
2131 890 2228 963 τήν
2267 892 2564 964 ἑρμηνείαν
2594 890 2889 961 ἐπέθηκαν.
2933 889 2993 943 '0
3038 890 3136 961 μὲν
3170 888 3281 960 γὰρ
3311 888 3550 955 πλείους,

1958 985 1987 1037 ὁ
2005 983 2062 1036 δὲ
2090 984 2286 1054 ἥττους
2318 984 2532 1054 στίχους
2560 981 2911 1053 προθέμενος,
2933 980 3032 1053 τήν
3061 980 3321 1053 ἐξήγησιν
3361 980 3553 1052 ἐποιή-

1962 1091 2111 1129 σατο.
2136 1074 2244 1128 Καὶ
2277 1075 2341 1127 ἐκ
2376 1073 2566 1128 τούτου
2593 1074 2842 1128 δοκοῦσιν
2886 1074 2937 1127 οί
2966 1071 3191 1147 ἀριθμοὶ
3212 1074 3328 1135 τοῖς
3377 1087 3552 1141 κεφαι-

1959 1165 2133 1228 λαίοις
2176 1166 2540 1237 ἐπικείμενοι,
2568 1164 2940 1236 ἀναχαιτίζειν
2977 1164 3039 1218 τὸ
3066 1162 3259 1233 Εδαφος
3283 1161 3554 1231 ἀναγινώ-

1961 1274 2189 1322 σκοντας
2210 1260 2289 1321 εἰς
2310 1258 2373 1310 τὸ
2406 1258 2594 1330 πῲσω
2628 1257 2851 1328 βαίνειν.
2887 1254 3008 1329 Χρὴ
3044 1250 3137 1310 οὖν
3165 1255 3261 1310 καὶ
3298 1254 3552 1325 δεύτερον

1961 1349 2055 1403 καὶ
2078 1350 2259 1421 τρίτον
2306 1350 2599 1419 κεφάλαον
2630 1347 2724 1403 τοῦ
2764 1348 2992 1419 ἐδάφους
3024 1348 3120 1418 τῆς
3149 1347 3313 1416 ἀγίας
3328 1346 3552 1417 Γραφῆς

1960 1439 2350 1510 ἀναγινώσκειν
2383 1458 2398 1472 θ
2426 1444 2519 1496 καὶ
2548 1440 2690 1495 οὕτω
2732 1439 2832 1503 τὰς
2874 1439 3202 1510 ἐγκειμένας
3231 1436 3546 1511 ἑρμηνείας,

1963 1530 2028 1583 ἵν’
2062 1531 2367 1585 εὐσύνοπτα
2403 1532 2555 1585 ἔσται
2592 1531 2707 1594 τοῖς
2745 1528 3134 1601 ἐντυγχάνουσι
3168 1526 3237 1582 τὰ
3278 1528 3547 1599 νοήματαέ

1963 1636 2225 1709 Prologus
2264 1637 2609 1709 eruditissimi
2650 1643 2707 1709 et.
2745 1632 3056 1709 nobilissimi
3095 1622 3298 1709 domini
3322 1629 3548 1687 Joannis

2274 1708 2562 1778 Druugarii
2594 1709 2648 1761 in
2687 1705 2900 1760 beatum
2946 1702 3225 1758 ﬂuuium.

2038 1843 2057 1877 ι
2088 1824 2483 1895 Prophetarum
2520 1808 2948 1892 eloquentissimi
2983 1820 3150 1877 divini
3182 1809 3550 1877 llesaizclibl'o

1964 1918 2263 1988 prophetiae
2309 1931 2421 1985 pra:
2458 1915 2710 1970 manibus
2760 1923 3009 1984 accepto,
3062 1926 3242 1983 eoque
3286 1910 3545 1980 perfecto,

1964 2024 2085 2064 eum
2122 2007 2447 2077 scriptorum
2478 2006 2832 2077 assequendae
2877 2003 3045 2059 menti
3073 2018 3173 2074 par
3214 2017 3323 2059 non
3345 2016 3545 2065 essem,

1963 2101 2032 2156 ad
2062 2101 2180 2171 ejus
2210 2101 2561 2169 interpretes,
2581 2113 2675 2153 seu
2711 2104 3169 2153 commentatores
3188 2109 3274 2151 me
3307 2094 3545 2156 contuli;

1961 2208 2026 2247 ac
2048 2192 2142 2248 ubi
2176 2190 2468 2247 dubiorum
2494 2188 2820 2245 solutionem
2868 2187 3019 2243 varie
3049 2186 3269 2243 allatam
3296 2188 3545 2243 animad-

1958 2283 2123 2348 verti,
2139 2281 2506 2337 neeessarium
2527 2280 2653 2335 duxi
2676 2279 2801 2335 huic
2827 2278 2965 2334 libro
2986 2292 3206 2333 manum
3236 2278 3547 2344 admovere,

1960 2383 2021 2429 ut
2060 2387 2179 2441 qua:
2219 2371 2418 2426 ibidem
2446 2369 2678 2426 obscura
2706 2377 2763 2425 ct
2793 2368 2973 2424 dubiae
2995 2369 3277 2454 sententia:
3305 2376 3547 2433 exstant,

1959 2461 2117 2532 plana
2149 2458 2456 2529 legentibus
2498 2457 2815 2514 evaderent.
2855 2455 2936 2513 Ne
2966 2457 3088 2527 quis
3115 2471 3247 2512 vero
3273 2456 3405 2512 mihi
3441 2459 3550 2512 cri-

1960 2551 2092 2629 mini
2145 2558 2340 2613 vertat,
2378 2550 2521 2633 quod
2563 2550 3025 2607 heterodoxorum
3069 2550 3548 2619 interpretationes

1958 2640 2555 2714 collegerim,:0rigenis
2572 2643 2719 2706 dico,
2737 2640 2953 2698 Eusebii
2979 2638 3352 2710 Casarieusis;
3368 2640 3550 2697 'l'beo-

1959 2734 2076 2788 dori
2126 2733 2499 2803 Heracleotes,
2540 2732 2763 2790 Eusebii
2805 2733 3053 2790 Emeseni
3077 2774 3092 2800 ,
3130 2733 3454 2804 Apollinarii
3493 2744 3551 2790 et

1961 2824 2284 2881 Theodoreti
2312 2825 2435 2897 Cyri
2469 2843 2483 2881 :
2509 2840 2632 2879 nam
2662 2826 2720 2891 ii,
2754 2840 2878 2881 cum
2903 2840 3008 2880 non
3033 2827 3100 2882 de
3139 2826 3253 2881 suis
3283 2826 3549 2896 dogmatio

1959 2916 2061 2971 bus
2092 2916 2257 2971 verba
2293 2915 2524 2984 faciunt,
2567 2916 2839 2972 interdqu
2867 2916 3097 2987 pulchre
3133 2915 3541 2973 ratiocinantur.

1960 3005 2016 3061 ld
2043 3021 2205 3076 porro
2234 3021 2342 3062 non
2369 3016 2501 3063 nutu
2528 3017 2585 3064 et
2615 3008 2887 3065 arbitratu
2933 3023 3053 3063 meo
3081 3008 3181 3063 feci
3208 3026 3223 3075 ;
3258 3008 3354 3064 sed
3387 3008 3550 3064 obse-

1960 3108 2119 3155 cutus
2142 3098 2492 3156 sanctissimo
2520 3098 2667 3155 Patri
2700 3109 2892 3156 nostro
2936 3098 3171 3169 Cyrillo,
3196 3098 3416 3157 Christo
3449 3099 3548 3156 ad-

1962 3193 2120 3248 dicta:
2148 3202 2202 3248 et
2227 3206 2435 3275 magna:
2453 3191 2830 3249 Alexandrinae
2853 3192 3090 3249 civitatis
3113 3192 3548 3266 archiepiscopo,

1958 3285 2048 3354 qui
2077 3284 2131 3339 in
2161 3300 2257 3339 sua
2292 3286 2359 3341 ad
2395 3283 2678 3355 Eulogium
2708 3283 2933 3354 epistola
2964 3284 3042 3337 ait
3087 3297 3103 3337 :
3143 3302 3163 3337 ι
3210 3282 3330 3342 Non
3366 3286 3550 3342 omnia

1960 3364 2340 3432 luereticorum
2397 3376 2543 3431 dicta
2604 3373 2858 3445 fugienda
2914 3384 2971 3430 et
3011 3377 3316 3446 respuenda
3375 3387 3545 3444 sunt;

1959 3467 2127 3523 multa
2163 3468 2308 3523 enim
2336 3468 2685 3531 conﬁtentur,
2712 3481 2832 3537 qua:
2864 3481 2964 3531 nos
3000 3468 3131 3524 item
3156 3468 3497 3526 conﬁtemur.
3527 3490 3546 3523 ι

1959 3555 2073 3612 lloc
2114 3556 2243 3611 item
2298 3557 2561 3611 monitum
2606 3555 2863 3611 lectorem
2900 3557 3081 3624 volui,
3115 3571 3370 3630 magnum
3404 3561 3550 3616 scili-

1957 3655 2045 3702 cet
2071 3645 2328 3702 Basilium
2364 3643 2528 3712 huius
2560 3648 2858 3717 prophetia:
2883 3656 3092 3721 partem
3130 3649 3546 3719 interpretatum

1958 3754 2080 3795 esse
2110 3755 2124 3791 :
2153 3753 2272 3806 qute
2296 3747 2471 3793 tamen
2502 3738 2900 3807 interpretatio,
2931 3755 2998 3795 an
3024 3738 3142 3810 ejus
3178 3740 3273 3806 sit,
3303 3755 3335 3795 a
3366 3740 3549 3796 multis

1960 3831 2012 3884 in
2064 3828 2284 3884 dubium
2342 3837 2582 3884 vocatur.
2622 3826 2812 3900 Operae
2868 3831 3099 3900 pretium
3152 3846 3368 3904 quoque
3418 3832 3548 3888 duxi

1960 3921 2060 3975 hoc
2092 3919 2391 3991 legentibus
2420 3919 2659 3976 indicare
2695 3928 2970 3977 et-notum
3003 3920 3203 3988 facere,
3228 3923 3550 3996 interpreter

1957 4021 2014 4067 et
2046 4017 2521 4075 commentatores,
2566 4026 2674 4067 non
2714 4011 2899 4081 modo,
2927 4014 3103 4083 quoad
3146 4013 3343 4072 divina:
3395 4016 3551 4073 Scri-

1958 4114 2131 4175 ptura:
2158 4118 2377 4160 sensum
2408 4112 2464 4158 et
2496 4103 2937 4174 intelligentiam,
2971 4116 3164 4161 mutuo
3190 4106 3502 4179 discrepare
3530 4146 3549 4175 ,

1958 4197 2053 4253 sed
2081 4196 2245 4251 etiam
2304 4196 2420 4264 ipsa
2474 4195 2672 4252 divinae
2722 4196 3016 4267 Scriptura:
3072 4198 3237 4253 verba
3289 4214 3395 4255 non
3431 4199 3547 4269 pari

1960 4288 2119 4344 modo
2166 4287 2478 4344 distinxisse
2527 4287 2581 4342 in
2627 4288 2744 4344 suis
2796 4289 3388 4360 interpretationibus;
3422 4305 3546 4347 naut

1966 4381 2059 4437 alii
2111 4381 2392 4453 pluribus,
2428 4382 2520 4437 alii
2570 4381 2916 4452 paucioribus
2953 4383 3219 4453 appositis
3261 4384 3550 4449 versibus,

1958 4475 2329 4544 expositiones
2378 4487 2505 4530 suas
2554 4473 2889 4529 adornarunt
2933 4488 2952 4526 :
2994 4474 3226 4545 indeque
3275 4485 3361 4532 est
3405 4477 3549 4544 quod

259 4594 323 4650 ἀν
339 4565 423 4658 οἷς
590 4594 664 4666 μή
695 4593 824 4666 περὶ
856 4565 1142 4648 τῶν-ἰδίων
1171 4565 1467 4665 δογμάτων
1495 4565 1854 4663 διαλέγονται,

1963 4568 2173 4624 numeri
2199 4566 2469 4638 capitibus
2505 4568 2713 4638 praefixi
2746 4581 2863 4634 eos,
2899 4567 2991 4637 qui
3025 4574 3227 4622 textum
3257 4567 3430 4637 ipsum
3466 4565 3545 4621 le—

259 4684 412 4739 εστιν
430 4685 518 4739 ὅτε
537 4683 716 4751 καλῶς
738 4683 1109 4741 ἐπιϐάλλουσι.
1124 4684 1237 4739 Καὶ
1260 4685 1418 4739 τοῦτο
1440 4684 1497 4738 δὲ
1514 4684 1616 4739 οὐκ
1631 4685 1856 4739 αὐτονό·

265 4794 385 4849 μως
414 4776 718 4847 πεποίηκα·
742 4775 856 4830 ἀλλ’
872 4774 1246 4848 ἀκολουθήσας
1272 4774 1352 4847 τῷ
1377 4776 1664 4847 ἁγιωτάτῳ
1702 4777 1857 4849 ήμῶν

263 4867 442 4939 Πατρὶ
479 4866 557 4938 τῷ
594 4865 696 4937 τῆς
748 4865 1127 4938 Ἀλεξάνδρου,
1162 4864 1510 4938 φιλοχρίστου
1530 4907 1546 4933 ,
1574 4866 1858 4935 Μεγαλου-

264 4959 473 5022 πόλεως
498 4958 912 5031 ἀρχιεπισκόπῳ
942 4956 1196 5029 Κυρίλλῳ
1214 4996 1232 5022 ,
1257 4958 1489 5031 φήσαντι
1518 4959 1578 5012 ἐν
1620 4960 1686 5029 τῇ
1724 4957 1860 5029 πρὸς

262 5042 523 5119 Εὐλόγιον
565 5049 857 5121 ἐπιστολῇ·
892 5051 974 5104 Οὐ
994 5049 1193 5104 πάντα
1224 5048 1345 5104 ὅσα
1373 5047 1666 5119 λέγουσιν
1686 5052 1741 5104 οι
1771 5053 1859 5105 αἱ·

260 5141 484 5212 ρετικοὶ
541 5144 786 5213 φεύγειν
836 5141 934 5195 καὶ
978 5140 1393 5211 παραιτεῖσθαι
1446 5139 1563 5211 χρή
1605 5157 1623 5171 θ
1658 5142 1863 5198 πολλὰ

265 5236 377 5308 γὰρ
414 5234 817 5306 ὁμολογοῦσιν
835 5229 923 5290 ὧν
951 5235 1048 5288 καί
1072 5234 1246 5305 ἡμεῖς
1293 5228 1722 5304 ὁμολογοῦμεν.
1748 5234 1859 5288 Καὶ

267 5326 427 5380 τοῦτο
458 5326 514 5381 δὲ
542 5326 840 5397 κατάδηλον
867 5326 1008 5380 ποιῶ
1035 5327 1146 5391 τοῖς
1178 5325 1619 5396 ἐντυγχάνουσιν,
1639 5324 1715 5389 ὡς
1741 5326 1772 5377 ὁ
1800 5324 1863 5379 ἐν

267 5419 447 5485 ἀγίοις
493 5418 787 5484 Βασίλειος,
838 5419 1004 5492 μέρος
1032 5436 1084 5474 τι
1104 5419 1201 5490 τῆς
1239 5420 1298 5472 ἐν
1335 5417 1492 5489 χερσὶ
1525 5415 1864 5489 προφητείας

266 5511 771 5584 ἡρμήνευσεψῆτις
809 5510 1073 5583 ἑρμηνεία
1106 5509 1258 5582 παρά
1282 5508 1497 5574 πολλοῖς
1527 5507 1862 5581 ἀμφιϐάλλε-

265 5622 376 5659 ται.
409 5604 729 5675 Ἀναγκαῖον
760 5604 816 5658 δὲ
844 5602 1031 5675 ᾠήθην
1064 5604 1159 5657 καὶ
1184 5602 1344 5656 τοῦτο
1380 5600 1704 5674 παραθεῖναι
1722 5599 1862 5672 τῷδε

266 5696 350 5768 τῷ
380 5698 649 5769 προοιμίῳ
673 5697 808 5770 πρὸς
837 5696 1142 5768 φανέρωσιν
1174 5696 1268 5749 καὶ
1309 5695 1607 5769 σαφήνειαν
1633 5696 1745 5759 τοῖς
1771 5695 1860 5751 ἐν·

343 5872 421 5944 (2)
450 5870 583 5928 Vide
623 5869 845 5942 hujusce
878 5869 1196 5942 Putrot'ogiw
1224 5880 1264 5930 t.
1306 5870 1422 5929 XV.

1963 4672 2117 4734 gum,
2147 4662 2216 4716 ad
2246 4661 2504 4717 ulteriora
2536 4662 2813 4718 remittere
2860 4662 3171 4716 videantur.
3208 4659 3355 4729 Opus
3383 4659 3547 4730 igitur

1965 4748 2049 4809 est
2070 4753 2299 4809 alterum
2319 4754 2607 4809 tertiumve
2628 4764 2788 4823 caput
2814 4762 2992 4810 textus
3016 4762 3220 4808 sancta:
3251 4751 3551 4822 Scriptum

1966 4846 2167 4915 legere,
2195 4853 2250 4900 et
2280 4855 2465 4914 postea
2500 4845 2774 4916 appositas
2815 4843 3323 4912 interpretationes,
3355 4853 3416 4900 ut
3453 4856 3548 4899 ea-

1968 4949 2088 4992 rum
2118 4950 2312 4992 sensus
2342 4935 2529 4992 lectori
2559 4935 2734 4991 facilis
2762 4934 3064 5004 obviosque
3097 4934 3190 4989 sit.
3225 4952 3245 4987 ι

2041 5027 2108 5083 lli
2147 5042 2379 5103 omnes,
2410 5029 2485 5084 uti
2530 5029 2735 5093 videas,
2766 5011 3085 5095 s‘criptores,
3114 5025 3371 5082 videlicet
3417 5026 3545 5085 Ori—

1958 5135 2145 5191 genes.
2190 5119 2460 5177 Eusebius
2496 5119 2873 5185 Caesariensis,
2904 5117 3225 5176 Theodorus
3255 5117 3545 5176 Heracleo-

1961 5222 2064 5277 tes,
2104 5210 2374 5269 Eusebius
2411 5213 2741 5278 Emesenus,
2789 5210 3157 5281 Apollinarius
3188 5220 3246 5267 et
3286 5209 3540 5267 Theodo-

1966 5313 2138 5372 rctus,
2169 5305 2313 5361 inter
2343 5305 2632 5360 haereticos
2673 5303 3145 5359 numerabantur:
3182 5316 3289 5373 qua
3324 5303 3391 5356 de
3426 5316 3484 5355 re
3513 5316 3544 5355 a

1964 5396 2197 5468 septimo
2238 5394 2437 5452 smculo
2472 5410 2577 5450 una
2610 5394 2712 5451 fuit
2743 5395 2985 5451 omnium
3020 5391 3192 5450 ferme
3230 5393 3546 5448 Graecorum

1967 5490 2260 5547 sententia.
2304 5486 2489 5543 Basilii
2530 5502 2661 5544 vero
2693 5486 3134 5544 Commentarios
3204 5484 3295 5539 ille
3344 5483 3547 5554 imper-

1966 5578 2164 5644 fectus,
2211 5580 2263 5635 in
2312 5577 2525 5647 νοθείας
2569 5579 2932 5651 suspicionem
2970 5586 3217 5644 vocatus,
3260 5585 3318 5632 ut
3353 5574 3548 5631 testiﬁ-

1973 5680 2129 5729 catur
2153 5668 2394 5729 Joannes
2423 5672 2529 5730 iste
2562 5670 2921 5743 Drungarius,
2948 5685 2979 5728 a
3006 5667 3193 5729 multis
3219 5666 3381 5725 hodie
3408 5665 3552 5726 inter
