4062 6396
499 381 569 437 85
1172 379 1441 434 EUSEBII
1479 378 1956 434 CJESARIENSIS
1993 378 2144 436 OPP.
2184 378 2361 434 PARS
2397 379 2486 434 Ill.
2526 409 2595 421 -—
2635 377 3042 433 EXEGETICA.
3666 381 3750 435 κει

491 498 655 554 dubia
686 511 846 567 opera
887 503 1159 552 censetur.
1195 495 1480 552 Hodiernis
1513 512 1672 566 porro
1701 497 2064 566 scriptoribus
2093 502 2137 558 Α
2167 496 2364 560 cuum',
2408 493 2502 564 qui
2552 494 2679 548 hinc
2713 491 3110 564 quamplurima
3161 492 3496 559 expiscatur,
3526 505 3580 545 et
3621 508 3751 544 non-

491 573 615 644 ltac'
654 587 932 643 dubitandi
974 596 1266 658 causaest,
1315 588 1592 643 silentium
1642 605 1834 659 nempe
1869 589 2060 644 Hiero-

489 678 661 749 nymi,
689 678 782 749 qui
816 693 937 733 cum
969 679 1022 733 in
1055 680 1278 749 prologo
1312 694 1411 734 suo
1441 679 1506 732 ad
1539 677 1752 734 Hesaiie
1782 681 2064 734 Commen-

490 770 627 823 taria
677 785 895 834 omnes,
946 780 1212 841 quotquot
1263 781 1420 826 antea
1479 771 1685 826 llesaia:
1742 775 2062 842 interpretes

485 869 742 928 egerant,
793 871 1046 916 accurate
1106 871 1413 923 recenseat,
1470 878 1536 917 ne
1582 864 1687 934 γρὺ
1735 863 1952 930 quidem
1998 862 2064 916 de

486 948 667 1004 Basilii
724 952 1120 1005 commentario
1177 951 1380 1015 habet;
1434 951 1639 1007 Graecis
1690 961 1870 1005 autem
1937 951 2061 1005 hinc

486 1039 630 1094 haud
661 1041 825 1095 dubie
857 1042 1093 1110 suspicio
1142 1044 1482 1106 nascebatur,
1512 1045 1652 1112 quod
1698 1045 1869 1115 stylus
1898 1043 2061 1098 Com-

485 1133 876 1188 mentariorum
943 1135 1214 1191 Basiliano
1263 1137 1416 1206 longe
1471 1135 1737 1190 absimilis
1792 1137 2056 1190 videatur.

485 1223 620 1279 Rem
665 1225 930 1280 mittimus
969 1228 1190 1293 nostris,
1233 1228 1325 1297 qui
1361 1227 1541 1282 Basilii
1587 1241 1812 1295 operum
1863 1226 2058 1280 editio-

486 1325 608 1370 nem
639 1329 834 1370 novam
867 1316 1155 1371 adornant.

553 1405 682 1460 Haec
720 1413 909 1459 catena
955 1421 983 1458 a
1024 1405 1233 1463 Joanne
1283 1408 1587 1476 Druugario
1627 1409 1852 1463 collecta
1905 1425 2058 1480 repe-

484 1496 625 1550 ritur
659 1496 785 1551 item
836 1496 887 1549 in
929 1497 1114 1552 codice
1165 1497 1334 1568 Regio
1393 1515 1543 1553 num.
1575 1498 1735 1564 1891,
1771 1499 1950 1554 smculi
2001 1517 2054 1566 ιι,

484 1587 935 1652 membranaceo,
979 1597 1169 1656 estque
1212 1589 1282 1643 ibi
1317 1603 1507 1659 magna
1551 1589 1632 1643 sui
1682 1599 1834 1658 parte
1871 1590 2057 1643 mutila

485 1677 553 1730 ab
589 1678 764 1732 initio.
791 1678 990 1732 Catena
1025 1687 1209 1732 autem
1247 1679 1356 1732 alia
1401 1681 1452 1732 iu
1491 1680 1658 1749 Regio
1692 1680 1880 1734 codice
1916 1678 2056 1733 2457

485 1770 553 1823 ab
592 1770 695 1822 hac
741 1767 901 1837 longe
949 1769 1166 1823 diversa
1215 1777 1330 1834 est,
1373 1783 1436 1823 ac
1464 1784 1726 1839 perquam
1780 1770 2054 1823 minimam

2170 601 2446 655 nunquam
2499 585 2717 640 Eusebii
2769 583 3270 653 interpretationes,
3309 591 3368 635 ut
3417 582 3508 636 hic
3545 582 3756 636 haben-

2167 689 2272 742 tur,
2315 678 2478 747 quasi
2537 677 2633 732 abs
2683 690 2741 730 re
2781 675 2942 730 datas
2980 674 3199 744 depellit
3229 683 3284 728 et
3316 671 3587 729 confutat.
3629 673 3753 728 lmo

2167 772 2281 838 ipse
2319 769 2586 824 Eusebius
2627 782 2750 822 sese
2794 767 2971 838 prodit
3025 766 3186 834 hujus
3217 765 3614 820 Commentarii
3650 781 3752 819 au-

2165 870 2400 926 ctorem,
2449 875 2570 915 cum
2624 870 2800 916 motas
2855 861 2923 915 ab
2978 859 3224 914 Ethnicis
3277 860 3330 912 in
3380 858 3754 914 Christianum

2164 965 2358 1005 nomen
2409 952 2725 1007 vexationes
2775 961 2831 1008 et
2868 951 3233 1015 carniﬁcinas,
3264 953 3502 1020 itemque
3549 952 3755 1019 princi-

2164 1056 2287 1110 pum
2333 1041 2462 1095 olim
2514 1042 2810 1097 inﬁdelium
2847 1043 2914 1096 ad
2972 1042 3132 1097 ﬁdem
3182 1042 3634 1104 conversionem,
3693 1050 3756 1094 ut

2161 1133 2408 1187 oculatus
2462 1134 2616 1189 testis
2655 1142 2960 1188 memorat:
3001 1135 3097 1189 sed
3154 1135 3393 1188 maxime
3444 1133 3534 1188 ubi
3570 1135 3756 1189 Chro-

2162 1225 2281 1278 nica
2330 1225 2399 1279 ab
2450 1240 2510 1280 se
2565 1226 2708 1281 edita
2766 1227 2954 1280 laudat
3005 1225 3092 1280 bis
3141 1227 3324 1281 verbis
3373 1227 3439 1279 ad
3495 1240 3613 1296 cap.
3646 1238 3755 1280 xm

2162 1311 2387 1380 llesaizr,
2423 1315 2517 1387 Τῷ
2551 1317 2607 1370 δὲ
2637 1318 2900 1388 φάσκοντι
2931 1319 3098 1388 λόγῳ⁵
3142 1319 3290 1374 Ἰδοὺ
3319 1316 3576 1388 ἐπεγερῶ
3606 1315 3761 1386 ὑμῖν

2159 1405 2300 1471 τοὺς
2331 1406 2609 1474 ,Μήδους,
2664 1412 2934 1482 μαρτυρεῖ
2980 1412 3012 1481 ὴ
3062 1409 3164 1479 τῆς
3210 1409 3447 1480 ἱστορίας
3485 1407 3753 1471 ἔκϐασις·

2159 1493 2508 1565 ἀνάγραπτος
2538 1493 2674 1552 οὖσα.
2709 1501 2859 1570 παρὰ
2890 1501 3006 1562 τοῖς
3061 1497 3329 1570 Ἐλλήνων
3362 1498 3429 1551 τὰ
3471 1496 3756 1563 Χαλδαϊκὰ

2160 1582 2252 1634 καὶ
2285 1583 2352 1636 τὰ
2389 1584 2725 1657 Ἀσσυριακὰ
2757 1586 3259 1660 συγγραψαμένοις,
3290 1589 3402 1650 τοῖς
3435 1603 3494 1639 τε
3526 1586 3594 1638 τά
3637 1587 3758 1656 M‘i‘

2157 1669 2279 1724 δικὰ
2328 1675 2704 1747 ἱστορηκόσιν·
2738 1670 2812 1730 ὦν
2848 1677 2944 1731 καὶ
2989 1679 3150 1748 ἡμεῖς
3193 1677 3453 1742 πλείστας
3493 1678 3756 1743 ἀνελεξά-

2164 1761 2301 1830 μεθα
2351 1767 2660 1836 μαρτυρίας
2704 1768 2761 1821 ὲν
2796 1771 2907 1840 τοῖς
2924 1767 3231 1839 πονηθεῖσιν
3273 1770 3404 1838 ἡμῖν
3441 1768 3756 1837 Χρονικοῖς

487 1859 728 1914 locorum
768 1867 978 1927 partem
1014 1856 1188 1922 aliert,
1240 1857 1644 1928 innumerisque
1697 1861 1906 1915 mendis
1951 1859 2054 1914 Γωο
2089 1848 2130 1902 Β
2165 1854 2607 1925 συαγράμμασι.
2651 1855 2708 1914 ld
2753 1868 2933 1924 est,-¢
2964 1858 3100 1914 l-luic
3137 1869 3316 1914 autem
3350 1861 3495 1915 dicto
3546 1879 3559 1913 :
3609 1857 3755 1912 Ecce

487 1951 670 2013 datur,
723 1949 823 2004 etsi
879 1948 1197 2017 perantiqua
1247 1967 1259 2001 :
1305 1965 1426 2002 nam
1466 1949 1658 2004 decimi
1715 1950 1840 2004 item
1882 1950 2063 2006 saeculi

484 2049 589 2094 est.

484 2148 549 2202 Η.
573 2151 650 2202 De
672 2164 861 2213 genere
897 2153 1258 2212 interpretandi
1287 2156 1340 2200 et
1361 2152 1424 2199 de
1471 2156 1693 2200 veterum
1736 2128 2062 2213 interpretum

1225 2226 1332 2260 USU.

556 2316 709 2384 Quod
754 2317 821 2370 ad
869 2315 1258 2386 interpretandi
1312 2315 1601 2378 rationem,
1651 2331 1755 2385 qua
1805 2317 2065 2372 Eusebius

441 2398 444 2400 ’
484 2408 589 2462 hoc
634 2408 688 2461 in
725 2406 1125 2461 Commentario
1174 2407 1366 2471 utitur,
1417 2406 1682 2460 adeantur
1740 2421 1800 2460 ea
1855 2422 1973 2476 quae
2010 2409 2061 2462 in

485 2497 945 2554 l’rwliminaribus
993 2497 1060 2552 ad
1116 2497 1492 2567 Expositiones
1565 2498 1617 2551 in
1674 2497 1914 2554 Psalmos
1962 2501 2063 2553 hac

486 2591 552 2642 dc
587 2603 646 2660 r_e
682 2588 918 2642 diximus
960 2587 1040 2658 (3)
1075 2606 1087 2641 :
1128 2588 1313 2641 codem
1366 2588 1510 2640 enim
1564 2587 1848 2654 utrobique
1889 2588 2059 2656 expli-

485 2679 641 2733 candi
687 2693 887 2746 genere
934 2679 1176 2746 procedit
1217 2696 1230 2730 :
1267 2692 1330 2730 ac
1383 2673 1670 2730 Iitteralem
1713 2679 1892 2742 modo,
1938 2693 2060 2732 mox

485 2769 910 2840 mystagogicum
953 2776 1007 2821 et
1056 2767 1406 2836 allegoricum
1458 2781 1676 2820 sensum
1727 2768 1962 2836 exquirit
2010 2777 2062 2822 et

486 2858 665 2914 all'ert.
700 2843 963 2910 Nimirum
1000 2871 1064 2910 ea
1097 2855 1420 2924 explanandi
1456 2856 1537 2908 via
1571 2857 1620 2908 in
1653 2856 1886 2911 Psalmis
1922 2867 1974 2912 et
2009 2858 2062 2911 in

486 2947 776 3023 prophetia
813 2947 1044 3009 llesaize,
1077 2945 1170 3002 ubi
1202 2945 1460 3014 frequens
1491 2946 1692 3002 Christi
1723 2956 1776 3002 et
1811 2949 2065 3004 Ecclesiae

487 3041 710 3104 mentio,
753 3038 1051 3107 prassertim
1099 3037 1330 3092 ineunda
1362 3047 1483 3092 est:
1515 3055 1679 3107 quam
1725 3040 2060 3109 disciplinam

488 3129 942 3198 evangelistarum
1007 3128 1482 3198 apostolorumqne
1543 3130 1790 3199 exemplo
1844 3139 2062 3186 tenuere

491 3219 592 3274 SS.
632 3218 840 3272 Patres.
896 3216 1256 3283 Quamobrem
1317 3217 1673 3289 llieronymus
1712 3235 1816 3274 non
1862 3236 1927 3275 eo
1962 3222 2067 3276 Eu-

489 3310 701 3365 sebium
751 3309 968 3377 carpit,
1014 3311 1155 3378 quod
1211 3307 1458 3363 Hesaiam
1511 3310 1801 3380 allegorico
1840 3311 2066 3366 subinde

489 3416 645 3458 more
680 3402 1102 3470 interpretetur;
1158 3402 1251 3456 sed
1306 3401 1448 3468 quod
1508 3404 1896 3470 promissorum
1965 3403 2066 3458 im—

488 3508 718 3559 memor,
746 3494 837 3563 qui
867 3509 926 3547 se
957 3491 1245 3548 litteralem
1275 3490 1700 3560 historicamque
1743 3495 2064 3550 sententiam

464 3585 776 3640 allaturum
816 3584 1096 3654 professus
1135 3592 1283 3648 erat,
1332 3583 1601 3637 interdum
1636 3585 1701 3638 ad
1752 3584 2063 3654 allegoriam

487 3678 738 3733 declinet.
789 3676 922 3730 Nam
978 3676 1093 3746 ipse
1143 3673 1504 3744 llierouymus
1537 3674 1590 3728 in
1635 3675 1910 3745 allegoriis
1961 3675 2066 3731 fre-

487 3783 686 3841 quens,
738 3767 880 3820 hanc
935 3767 1098 3820 tradit
1141 3761 1194 3818 in
1246 3778 1468 3836 prelqgo
1521 3765 1807 3834 regulam:
1863 3784 1881 3816 ι
1914 3765 2066 3822 Unde

486 3866 608 3931 post
665 3855 908 3909 historia:
959 3855 1277 3917 veritatem,
1331 3854 1684 3924 spiritualiter
1755 3854 2064 3924 accipienda

490 3949 825 4002 suntomnia
854 3963 868 4001 :
898 3955 954 3999 et
1001 3945 1081 3999 sic
1116 3943 1297 4000 Judaia
1343 3953 1398 3996 et
1445 3943 1771 4008 Jerusalem,
1817 3945 2062 4015 Babylon

489 4047 544 4092 et
583 4037 953 4101 Philisthiim,
1003 4033 1158 4089 Moab
1205 4043 1260 4088 et
1317 4033 1643 4101 Damascus,
1692 4034 1958 4104 Egyptus
2011 4045 2066 4090 et

490 4128 768 4186 desertum
823 4139 991 4188 mare,
1042 4123 1270 4179 ldumma
1301 4131 1355 4176 et
1402 4123 1619 4185 Arabia,
1665 4137 1728 4176 ac
1777 4121 1943 4178 Vallis
1989 4125 2066 4177 vi-

491 4216 697 4282 sionis;
746 4225 800 4270 et
852 4215 919 4268 ad
969 4222 1270 4268 extremum
1319 4213 1496 4288 Tyrus
1539 4222 1594 4267 et
1635 4212 1772 4266 visio
1818 4213 2062 4282 quadru-

491 4308 708 4378 pedum,
759 4306 1110 4376 iutelligeuda
1148 4311 1301 4368 sunt;
1336 4311 1393 4357 ut
1424 4312 1623 4358 cuncta
1654 4318 1963 4372 quaaramus
2012 4304 2065 4356 in

490 4413 692 4453 sensu:
721 4407 774 4452 et
810 4398 863 4451 in
891 4397 1144 4452 omnibus
1171 4396 1277 4459 his,
1309 4393 1464 4464 quasi
1497 4394 1709 4463 sapiens
1736 4394 2067 4450 architectus

493 4488 692 4544 Paulus
743 4487 1018 4558 apostolus
1046 4483 1218 4556 jaciat
1269 4484 1720 4548 luridamentnm,
1767 4483 1909 4554 quod
1959 4499 2061 4538 non

489 4590 574 4635 est
608 4581 750 4636 aliud
781 4588 976 4649 praeter
1002 4577 1184 4632 Jesum
1213 4577 1508 4632 Christum.
1542 4593 1560 4625 ι

565 4671 927 4741 ﬂexaplorum
984 4685 1046 4722 ac
1101 4677 1342 4722 veterum
1393 4667 1749 4734 interpretum
1801 4665 2064 4720 lectiones

493 4763 695 4830 passim
753 4760 912 4814 alTert
956 4759 1257 4822 Eusebius,
1310 4767 1366 4812 et
1407 4757 1624 4825 quidem
1665 4755 1860 4811 multas
1909 4756 2064 4826 queis

493 4853 858 4923 Hieronymus
909 4867 1040 4906 usus
1097 4866 1202 4904 nou
1254 4857 1354 4904 est.
1405 4848 1588 4902 Sicubi
1645 4862 1772 4900 vero
1817 4849 2062 4901 eamdem

494 4952 727 5013 uterque
773 4943 1057 4999 lectionem
1120 4942 1404 5018 exscgibit,
1435 4941 1697 4996 Eusebius
1744 4939 2063 5007 prolixiores

492 5035 762 5089 exhibet:
810 5051 934 5088 nam
993 5033 1355 5107 Hieronymus
1414 5048 1516 5086 una
1582 5031 1820 5086 alterave
1882 5029 2066 5084 vocula

495 5134 806 5189 contentus,
839 5126 1122 5180 lectionem
1163 5129 1291 5181 item
1334 5123 1656 5180 Hebraicam
1686 5121 1897 5191 adjicit,
1925 5122 2065 5190 quod

494 5218 678 5273 rarius
713 5227 938 5288 praestat
970 5218 1252 5274 Eusebius.

893 5323 976 5373 tu.
1002 5323 1132 5373 1mm
1154 5322 1288 5372 dubii
1310 5336 1389 5384 πιρι
1410 5334 1663 5384 mam...

569 5407 678 5463 Res
721 5423 787 5463 ex
822 5423 881 5463 se
909 5408 1056 5463 clara
1094 5415 1149 5460 et
1179 5417 1363 5476 aperta
1398 5419 1500 5470 est,
1542 5407 1724 5471 hosce,
1754 5420 1889 5476 quos
1923 5420 2065 5460 nunc

494 5502 724 5567 edimus,
756 5515 1044 5571 germanos
1069 5509 1121 5553 et
1152 5513 1310 5553 veros
1334 5514 1453 5555 esse
1481 5499 1698 5556 Eusebii
1734 5499 1786 5553 in
1817 5497 2066 5554 llesaiam

498 5592 951 5648 Commentarios.
1005 5591 1058 5646 ld
1113 5589 1425 5660 llieronymi
1499 5592 1818 5670 testimonio
1855 5590 2067 5661 conspi-

571 5757 647 5828 (5)
679 5754 809 5810 Vide
837 5762 1038 5811 tomum
1071 5753 1425 5824 superiorem.

2171 1947 2431 2000 suscitabo
2485 1951 2632 2003 vobis
2694 1949 2913 2016 Medos,
2991 1952 3105 2020 ipse
3147 1931 3418 2006 'historize
3490 1961 3754 2014 eventus,

2173 2029 2561 2094 ιεειὶιιιοιιὶιιιη’
2586 2052 2638 2096 et
2698 2043 2856 2098 iidem
2907 2044 3055 2097 addit
3103 2059 3118 2097 :
3158 2058 3276 2111 qua:
3325 2044 3551 2097 historia
3605 2044 3755 2112 apud

2170 2128 2414 2197 Graecos,
2444 2132 2535 2199 qui
2574 2132 2899 2196 Chaldaica,
2931 2133 3217 2202 Assyriaca
3260 2142 3315 2188 et
3368 2133 3570 2187 Medica
3608 2133 3758 2187 seri-

2171 2230 2418 2289 pserunt,
2448 2224 2720 2290 reperitur
2751 2241 2763 2276 :
2792 2238 3024 2293 quorum
3077 2239 3175 2278 nos
3227 2224 3538 2279 testimonia
3576 2222 3751 2277 multa

2171 2311 2484 2382 collegimus
2510 2314 2561 2367 in
2592 2313 2862 2369 Chronicis
2892 2315 3116 2370 nostris.
3156 2332 3175 2366 ι

2171 2415 2251 2465 IV.
2284 2417 2391 2476 Quo
2429 2422 2655 2480 tempore
2695 2418 2803 2468 haac
2824 2419 3182 2470 Commentaria
3225 2417 3472 2468 Eusebius
3512 2416 3750 2466 ediderit.

2244 2499 2367 2554 llaec
2405 2515 2568 2568 porro
2622 2517 2726 2554 una
2779 2501 2834 2556 in
2895 2502 2978 2558 bis
3015 2500 3438 2557 Commentariis
3490 2499 3756 2567 temporis

2173 2597 2298 2642 nota
2331 2600 2631 2658 comparet.
2666 2593 2792 2652 Post
2821 2592 2965 2646 edita
3002 2607 3198 2661 nempe
3228 2591 3512 2655 Chronica,
3549 2589 3601 2643 id
3637 2600 3754 2665 est,

2170 2687 2289 2746 post
2335 2693 2535 2732 annum
2582 2679 2708 2744 524,
2735 2679 3110 2749 Expositiones
3153 2684 3205 2733 in
3243 2679 3493 2734 Hesaiam
3545 2679 3760 2742 edidis,

2169 2783 2273 2836 quo
2336 2779 2515 2822 autem
2587 2783 2764 2830 anno.
2827 2785 2895 2824 ne
2955 2769 3266 2840 conjectare
3340 2770 3558 2839 quidem
3614 2781 3754 2836 pos-

2173 2875 2381 2914 SUlllllS.

2888 2931 2918 3002 ς
2957 2931 3042 2985 ιιι.

2172 3042 2208 3096 Ι.
2251 3043 2510 3114 Eusebius
2541 3061 2696 3114 parce
2728 3054 2777 3098 et
2808 3045 2979 3099 sobrie
3016 3045 3080 3114 de
3127 3043 3268 3098 Filio
3297 3044 3391 3098 Dei
3421 3045 3651 3114 loquitur
3692 3044 3758 3096 in

2240 3112 2322 3164 his
2380 3112 2801 3168 Commentariis.
2874 3114 2938 3168 ll.
3011 3113 3208 3168 Conlra
3265 3116 3443 3167 atheo's
3483 3112 3535 3168 et
3583 3128 3748 3180 gene-

2243 3181 2464 3235 thliacos
2496 3184 2754 3253 interdum
2784 3184 2908 3253 agit.
2934 3181 3020 3236 lll.
3047 3183 3322 3253 Apostolos
3357 3183 3752 3253 qualuordecim

2251 3262 2524 3336 ζιηιιλεηαι..
2555 3251 2644 3306 IV.
2692 3251 2994 3336 Singularis
3025 3251 3437 3336 deimarlpriuus.
3487 3252 3750 3336 narratio.

2249 3317 2309 3371 V.
2342 3321 2650 3389 Principum
2698 3317 3027 3375 sa'cularium
3071 3336 3193 3390 erga
3236 3317 3524 3374 Ecclesium
3560 3321 3753 3389 pietas.

2175 3431 2211 3478 Ι.
2237 3429 2482 3480 Eusebius
2521 3444 2667 3492 parce
2693 3435 2746 3479 et
2767 3429 2928 3479 sobrie
2958 3431 3021 3479 de
3058 3429 3185 3478 Filio
3207 3429 3303 3479 Dei
3347 3430 3568 3492 loquitur
3591 3431 3643 3478 in
3673 3429 3762 3478 bis

2763 3492 3156 3542 Commentariis.

2239 3570 2339 3636 Qui
2397 3572 2449 3625 in
2501 3571 2917 3626 Commentariis
2970 3572 3022 3626 in
3078 3570 3323 3626 Psalmos
3396 3584 3634 3626 errorem
3678 3570 3760 3623 de

2175 3661 2309 3716 Filio
2347 3660 2438 3716 Dei
2479 3677 2636 3715 suum
2695 3662 2895 3729 passim
2953 3662 3283 3731 insperserat
3330 3660 3610 3726 Eusebius,
3657 3660 3754 3714 hic

2172 3769 2337 3824 parce
2381 3765 2436 3810 et
2477 3754 2659 3810 sobrie
2699 3769 2762 3810 ea
2815 3755 2881 3810 de
2934 3768 2992 3809 re
3023 3762 3081 3807 ut
3131 3753 3422 3823 plurimum
3465 3751 3703 3821 loquitur
3736 3770 3756 3804 :

2177 3846 2527 3914 quamobrem
2569 3845 2929 3916 Hieronymus
2958 3844 3049 3913 qui
3079 3842 3416 3898 Psalmorum
3448 3840 3756 3911 Expositio-

2177 3951 2301 3990 nem
2329 3937 2597 3992 Arianicis
2627 3921 2908 3990 erroribus
2937 3948 3212 4005 aspersam
3250 3947 3370 3988 esse
3407 3932 3756 3996 testiﬁcatur,

2177 4029 2307 4082 nihil
2344 4029 2648 4099 hujusmodi
2687 4029 2940 4084 observat
2965 4030 3017 4083 in
3057 4030 3162 4085 hoc
3191 4028 3604 4084 commentario.
3637 4025 3756 4081 Sed

2175 4121 2558 4187 quiaarduum
2599 4131 2685 4176 est
2723 4121 2812 4175 diu
2849 4121 3184 4191 multumque
3215 4120 3472 4182 scribere.
3517 4118 3647 4187 quin
3682 4134 3754 4173 ex

2175 4219 2354 4265 mente
2401 4213 2679 4281 scriptoris
2724 4212 2928 4280 aliquid
2979 4211 3062 4266 vel
3112 4211 3482 4282 imprudenter
3528 4208 3750 4271 ellluat,

2175 4317 2279 4355 non
2328 4303 2558 4356 obscure
2599 4304 2926 4357 sententiam
2962 4317 3114 4356 suam
3155 4304 3335 4370 prodit
3368 4301 3632 4358 Eusebius
3675 4304 3750 4357 ad

2175 4406 2293 4461 cap.
2325 4407 2481 4456 xuii,
2512 4393 2601 4447 ubi
2637 4392 2689 4445 in
2721 4393 2834 4447 haec
2869 4391 3030 4448 verba
3065 4410 3078 4445 :
3119 4391 3259 4461 Ἐγὼ
3289 4395 3316 4446 ὁ
3349 4387 3500 4458 Θεὸς,
3533 4394 3628 4447 καὶ
3647 4395 3754 4449 οὐκ

2175 4486 2288 4541 ἐστι
2319 4485 2493 4557 παρὲξ
2522 4485 2656 4556 ἐμοῦ
2703 4485 2910 4550 σώζων,
2939 4487 2989 4540 id
3024 4497 3108 4542 est
3132 4505 3147 4542 :
3185 4505 3203 4538 ι
3233 4486 3343 4555 Ego
3366 4487 3528 4551 Deus,
3557 4496 3611 4539 et
3639 4501 3751 4540 non

2172 4589 2464 4648 estpraeter
2489 4595 2574 4634 me
2598 4580 2690 4648 qui
2719 4579 2924 4634 salvum
2944 4578 3126 4647 faciat,
3143 4599 3162 4632 ι
3181 4580 3360 4634 sicille
3375 4580 3537 4634 habet
3561 4596 3574 4632 :
3600 4580 3756 4642 sua;

2170 4671 2278 4740 γὰρ
2315 4668 2481 4740 οὔσης
2518 4670 2712 4741 ἀρχῆς,
2746 4670 2842 4740 μία
2873 4671 2956 4741 εἴη
2989 4670 3053 4724 ἂν
3079 4673 3112 4741 ἡ
3149 4671 3360 4741 θεότης,
3458 4686 3756 4740 συμπαρα-

2169 4760 2500 4830 λαμϐάνεται
2545 4762 2638 4813 καὶ
2685 4762 2718 4830 ἡ
2749 4760 2842 4812 τοῦ
2893 4759 3230 4828 Μονογενοῦς
3259 4763 3422 4814 αὑτοῦ
3476 4760 3747 4828 θεολογία.

2173 4852 2284 4906 lloc
2333 4860 2416 4904 est
2451 4869 2463 4905 :
2507 4869 2524 4901 ι
2555 4850 2688 4905 Nam
2723 4866 2842 4906 cum
2878 4867 3044 4907 unum
3095 4863 3166 4908 sit
3228 4853 3550 4922 principium
3574 4892 3590 4918 ,
3641 4868 3752 4907 una

2171 4945 2332 4999 fuerit
2376 4954 2432 4998 et
2463 4945 2658 5006 deitas,
2705 4956 2939 5012 quacum
2972 4947 3269 4999 assumitur
3318 4944 3589 5014 Uuigeniti
3623 4943 3747 5012 ejus

2173 5036 2530 5106 theologiam
2587 5035 2678 5088 ubi
2732 5051 2837 5090 non
2890 5037 3011 5092 ideo
3058 5036 3179 5090 Filii
3235 5036 3559 5106 theologiam
3619 5051 3748 5092 cum

2171 5137 2394 5196 paterna
2427 5127 2629 5181 deitate
2673 5128 2876 5182 assumi
2911 5128 3047 5193 vult,
3079 5129 3221 5197 quod
3273 5129 3444 5183 deitas
3485 5127 3605 5182 Filii
3637 5144 3746 5184 una

2171 5221 2471 5288 eademque
2501 5221 2574 5274 sit
2603 5227 2767 5289 atque
2799 5229 3025 5290 paterna
3053 5239 3065 5275 :
3098 5235 3220 5275 nam
3252 5235 3371 5274 eam
3409 5220 3498 5275 ille
3518 5230 3745 5276 senten-

2172 5313 2298 5365 tiam
2330 5322 2389 5366 ut
2439 5311 2802 5367 Sabellianam
2844 5313 3074 5382 respuit;
3112 5313 3211 5367 sed
3255 5312 3397 5382 quod
3444 5314 3514 5369 ob
3548 5312 3748 5368 simili-

2173 5404 2412 5457 tudinem
2461 5404 2770 5472 quamdam,
2818 5404 2886 5459 ab
2917 5413 3039 5458 ortu
3092 5403 3231 5460 Deus
3281 5405 3583 5475 appellatus
3636 5406 3747 5471 sit,

2172 5498 2434 5566 siquidem
2466 5496 2710 5566 principii
2737 5505 2790 5551 et
2818 5496 3034 5554 deitatis
3067 5499 3329 5553 unitatem
3362 5498 3415 5552 in
3442 5497 3557 5553 solo
3578 5497 3748 5556 Patre

2173 5589 2376 5644 servari
2412 5588 2487 5642 ait
2517 5588 2624 5655 hic,
2655 5597 2708 5644 et
2740 5589 2938 5656 passim
2971 5589 3318 5661 apertiusque
3367 5591 3418 5646 in
3452 5591 3574 5648 aliis
3609 5607 3748 5664 ope.
