4062 6396
257 395 332 452 85
1182 384 1697 444 COMMENTARIA
1737 381 1804 436 lN
1844 376 2103 435 ISAIAM.
2145 408 2210 417 -—
2247 371 2644 432 PREFATIO.
3473 374 3544 422 δῦ

263 507 455 568 ribus,
529 509 588 556 nt
654 506 1118 555 commonstratur
1181 515 1231 551 ιιι
1298 497 1754 567 pracliminaribus
1804 495 1870 548 ad
1901 497 1945 555 Α,
1975 499 2320 554 accedentes,
2358 491 2704 555 usurparent.
2735 480 2936 536 Locum
2991 477 3187 534 afferre
3235 495 3303 536 ne
3345 482 3545 551 pigeat.

259 593 734 652 Cutnnientarium
769 590 821 644 in
857 588 1125 654 Psalnios,
1159 590 1248 644 ubi
1282 589 1497 644 videsis.

401 701 464 751 ll.
485 698 666 752 Contra
690 697 868 748 albens
888 700 941 746 et
960 695 1304 759 genethliacos
1325 693 1574 743 interdum
1597 695 1713 756 agit.

222 791 238 839 ἑ
335 783 479 852 Quia
550 782 768 838 Eusebii
825 795 972 845 azvo,
1022 780 1163 834 atbei
1223 778 1412 841 mulli,
1464 787 1520 833 et
1578 778 1852 847 religionis

261 876 472 932 nullius
525 874 776 929 homines
849 881 1045 937 erant,
1097 871 1190 941 qui
1248 871 1359 927 fato
1418 886 1608 926 omnes
1671 886 1852 926 rerum

260 977 496 1022 eventus
530 965 904 1028 ascriberent;
939 963 1180 1031 ejusdem
1227 960 1414 1015 farinze
1458 960 1707 1014 homines
1739 974 1855 1028 pas-

263 1059 367 1112 sim
402 1059 703 1112 insectatur
729 1054 997 1110 Eusebius
1032 1053 1144 1119 hic,
1179 1063 1236 1108 ut
1269 1053 1320 1107 in
1350 1051 1774 1107 Commentariis
1801 1052 1852 1106 in

264 1147 549 1203 Psalmos:
575 1147 666 1202 ubi
695 1156 806 1200 tum
837 1145 1066 1210 ratione,
1085 1154 1196 1200 tum
1225 1143 1489 1213 exemplis
1512 1142 1850 1214 co‘mprobat,

264 1238 510 1292 numinis
551 1235 893 1307 providentia
935 1234 1192 1289 mundum
1229 1231 1622 1288 administrari.
1667 1249 1685 1281 α
1717 1229 1851 1287 Nam

263 1343 391 1382 cum
426 1327 699 1395 sapientes
735 1325 894 1395 hujus
943 1322 1144 1388 saeculi,
1174 1341 1193 1376 ›
1228 1323 1309 1377 sic
1357 1320 1447 1376 ille
1477 1321 1546 1375 ad
1592 1335 1714 1391 cap.
1748 1335 1851 1388 ιι,

267 1419 505 1472 «omnia
553 1424 849 1487 spontaneo
899 1415 1114 1470 cuidam
1153 1428 1335 1469 rerum
1381 1413 1584 1476 motui,
1633 1426 1697 1466 ac
1747 1411 1854 1465 for-

263 1511 408 1567 tuito
455 1508 690 1564 naturali
747 1507 896 1564 casui
946 1516 1001 1562 et
1047 1505 1159 1561 fato
1189 1507 1501 1570 ascribant;
1545 1507 1854 1562 necessario

260 1616 512 1672 praesens
558 1615 760 1666 sermo,
817 1599 1019 1654 nullam
1063 1613 1247 1654 rerum
1303 1597 1530 1653 fortuito
1582 1613 1709 1653 casu
1755 1614 1852 1652 ex-

262 1690 486 1756 sistere,
513 1689 609 1744 sed
644 1688 825 1743 omnia
865 1703 988 1743 cum
1038 1701 1292 1740 mensura
1336 1695 1391 1740 et
1426 1701 1654 1742 numero
1686 1702 1714 1740 a
1753 1686 1856 1740 Do-
1911 1729 1922 1738 .

261 1782 440 1850 mino,
482 1782 575 1852 qui
609 1781 750 1836 Deus
789 1781 1136 1852 prmdicatnr,
1185 1778 1483 1835 constituta
1534 1778 1721 1844 fuisse,
1755 1779 1852 1833 de-

261 1875 509 1929 ουτοι.»
561 1872 686 1927 Pari
738 1873 895 1926 modo
953 1870 1226 1927 invehitur
1274 1870 1326 1924 in
1373 1883 1468 1925 eos
1509 1869 1633 1939 qui,
1684 1870 1856 1924 motui

261 1975 544 2020 astrorum
605 1962 791 2019 omnia
864 1963 1240 2025 ascribentes,
1289 1961 1532 2032 genesim
1594 1960 1858 2030 cujusque

259 2055 666 2125 explorabant:
697 2057 790 2127 qui
825 2054 1142 2125 frequentes
1193 2054 1286 2108 illa
1319 2060 1638 2121 tempestate
1670 2060 1852 2105 erant.

263 2146 527 2217 Legimus
571 2162 704 2204 sane
743 2147 1031 2202 Eusebium
1069 2145 1430 2210 Emesenum,
1473 2145 1618 2214 quod
1662 2143 1858 2197 ἀποτε-

259 2239 609 2310 Aeduae:th
684 2247 1000 2302 exerceret,
1059 2252 1087 2291 a
1143 2234 1302 2306 plebe
1370 2233 1587 2304 pulsum
1661 2235 1858 2290 throno

259 2329 438 2386 fuisse

396 2415 506 2471 Ill.‘
526 2423 792 2486 Apostolos
813 2422 1189 2484 quatuordecim
1214 2427 1440 2472 numerat
1465 2420 1725 2476 Eusebius.

341 2505 633 2575 Apostolos
674 2507 1088 2576 quatuordecim
1141 2516 1392 2561 recenset
1438 2504 1728 2568 Eusebius,
1775 2503 1857 2557 ni-

263 2600 472 2653 mirum
520 2598 806 2654 duodecim
847 2599 969 2655 illos
1002 2597 1285 2668 pristinos,
1317 2596 1541 2652 Matthia
1577 2598 1630 2651 in
1677 2597 1856 2650 locum

261 2689 420 2746 ludas
489 2690 785 2759 proditoris
833 2690 1216 2745 duodecimum
1277 2687 1464 2744 locum
1523 2693 1855 2756 occupante,

266 2779 497 2837 Paulum
525 2779 868 2835 et-Jacobum
902 2778 1125 2834 fratrem
1162 2779 1407 2844 Domini;
1439 2793 1561 2831 nam
1595 2775 1854 2832 Iacobum

262 2872 418 2928 illum
453 2871 676 2926 fratrem
710 2869 944 2934 Domini,
974 2869 1136 2922 alium
1169 2885 1198 2923 a
1228 2867 1429 2923 Jacobo
1458 2868 1661 2938 Alphaei
1696 2876 1852 2938 putat

263 2979 413 3018 esse.
466 2962 603 3017 Tres
662 2963 844 3032 itaque
891 2960 1218 3032 ὁμωνύμους
1277 2960 1552 3032 apostolos
1604 2971 1856 3017 numerat

265 3055 562 3120 Eusebius,
602 3053 859 3110 Jacobum
912 3054 1139 3108 fratrem
1185 3051 1432 3116 Joannis,
1470 3051 1729 3108 Iacobum
1759 3055 1857 3108 Al-

266 3146 449 3236 pha:i,
482 3155 540 3236 et
589 3143 851 3201 Jacobum
902 3144 1124 3236 fratrem
1164 3143 1417 3236 Domini,
1462 3160 1620 3214 quem
1666 3145 1742 3202 ait
1786 3147 1854 3201 ab
1886 3177 1928 3236 ο

265 3239 386 3305 ipso
407 3235 624 3292 Christo
643 3236 949 3308 episcopum
970 3233 1478 3305 Jerosolymitanum
1501 3237 1854 3293 constitutum

267 3329 457 3384 luisse.
508 3326 666 3382 Hunc
695 3342 856 3396 porro
897 3328 1070 3382 locum
1109 3327 1474 3399 Hieronymus
1515 3344 1580 3384 ex
1619 3328 1857 3386 Eusebio

265 3422 333 3478 ad
373 3423 596 3477 verbum
645 3437 806 3492 pene,
855 3431 915 3476 ut
948 3422 1150 3492 passim
1197 3421 1370 3486 solet,
1419 3421 1727 3483 transtulit,
1765 3423 1855 3492 qui

266 3524 451 3568 tamen
485 3528 606 3568 eam
653 3514 823 3584 ipsam
866 3513 1176 3583 opinionem
1209 3513 1263 3566 in
1303 3512 1445 3568 libro
1486 3511 1685 3568 Contra
1727 3511 1857 3568 Hel-

264 3605 469 3660 vidium
514 3614 826 3676 oppugnat,
879 3606 1121 3675 duosque
1187 3613 1395 3660 tantum
1443 3603 1676 3660 Jacobos
1736 3619 1857 3660 esse

265 3697 534 3753 defendit.
559 3697 746 3752 Trium
784 3713 947 3769 porro
989 3696 1316 3753 Jacoborum
1344 3698 1654 3768 opinionem
1686 3696 1856 3754 Euse-

264 3789 391 3847 bius
434 3806 502 3844 ex
548 3789 786 3859 Origene
820 3799 1102 3845 mutuatus
1133 3789 1390 3844 videtur:
1424 3802 1546 3843 nam
1599 3788 1647 3843 is
1694 3803 1855 3858 quem

265 3883 368 3939 sibi
403 3881 639 3937 alterum
684 3881 804 3949 ejus
841 3881 1116 3951 opinionis
1157 3891 1440 3936 auctorem
1472 3879 1698 3934 ascribit
1751 3881 1856 3935 Eu-

263 3974 475 4041 sebius,
518 3974 614 4028 lib.
643 3989 680 4028 ιι
723 3972 867 4028 Hist.
892 3974 1044 4041 eccl.,
1077 3988 1198 4043 cap.
1228 3973 1282 4040 Ι,
1319 3971 1577 4026 Clemens
1608 3971 1858 4027 videlicet

263 4066 696 4131 Alexandrinus,
727 4064 944 4120 Eusebii
984 4065 1274 4120 sententiae
1300 4063 1645 4124 adversatur,
1674 4062 1768 4116 δύο
1797 4063 1854 4118 δὲ

263 4157 528 4225 γεγόνασι
562 4154 831 4219 ’Ῑάκωὸοι,
863 4155 942 4210 sic
990 4155 1098 4219 ille,
1129 4151 1210 4219 εἷς
1240 4156 1268 4208 ὁ
1309 4153 1547 4217 δίκαιος·
1582 4152 1769 4224 ἕτερος
1799 4155 1856 4208 δὲ

262 4251 292 4303 s
320 4247 737 4318 καρατομηθείς
775 4264 790 4302 :
833 4264 852 4298 ι
885 4246 1000 4301 Duo
1028 4252 1208 4300 autem
1265 4241 1450 4300 Jacobi
1493 4243 1677 4309 fuere;
1720 4243 1857 4298 alius

260 4340 465 4409 justus,
492 4354 516 4392 ο
563 4338 680 4392 sive
710 4337 917 4402 Minor;
970 4355 990 4388 ι
1021 4335 1161 4391 alius
1197 4336 1288 4405 qui
1341 4336 1522 4404 capite
1574 4343 1855 4390 truncatus

263 4438 373 4493 est,
399 4447 421 4480 ι
451 4441 548 4482 seu
589 4427 780 4497 Major.
809 4425 919 4482 Nec
955 4424 1166 4480 felicius
1190 4428 1378 4480 eodem
1414 4423 1574 4489 libro,
1612 4439 1733 4495 cap.
1758 4423 1852 4488 25,

1955 583 2034 636 Ad
2066 580 2211 635 illum
2242 579 2448 634 llesaiae
2473 590 2686 630 versum
2711 588 2830 641 cap.
2858 586 2981 627 κων
3008 593 3020 626 :
3045 565 3236 637 οὗτος
3256 570 3410 640 ἐρεῖ·
3435 570 3548 625 Τοῦ

1959 673 2108 730 Θεοῦ
2138 675 2288 742 ειμι,
2325 671 2421 725 καὶ
2466 665 2644 732 οὗτος
2687 665 2983 731 βοήσεται
3034 663 3132 717 ἐπὶ
3178 661 3260 729 τῷ
3304 663 3547 733 ὀνόματι

1969 765 2202 827 Ἰακὼϐ,
2250 763 2346 816 καὶ
2396 761 2594 828 ἕτερος
2641 755 2955 826 ἐπιγράψει
3014 753 3088 822 τῇ
3140 753 3288 824 χειρὶ
3335 750 3543 808 αὐτοῦ’

1962 858 2077 911 Τοῦ
2107 854 2255 909 Θεοῦ
2285 857 2421 924 ειμι,
2457 851 2553 905 καὶ
2586 849 2682 902 ἐπὶ
2718 847 2797 914 τῷ
2828 849 3073 918 ὀνόματι
3107 846 3355 917 Ἰσραὴλ
3391 845 3547 912 ,βοή-

1955 963 2157 1002 σεται·
2194 947 2246 1001 id
2296 953 2379 998 est
2423 961 2435 997 :
2471 961 2488 994 ι
2521 940 2618 996 llic
2664 940 2848 994 dicet:
2894 941 2984 994 Dei
3024 954 3174 1002 sum,
3203 949 3259 993 et
3308 938 3397 992 hic
3437 937 3548 992 cla-

1957 1040 2127 1093 mabit
2175 1039 2225 1092 in
2276 1036 2494 1090 nomine
2539 1032 2736 1097 Iacob;
2789 1041 2844 1086 et
2890 1031 3028 1085 alius
3073 1030 3345 1085 describet
3381 1043 3544 1084 manu

1957 1145 2052 1185 sua
2083 1147 2094 1180 :
2123 1126 2212 1181 Dei
2256 1142 2398 1191 sum,
2432 1135 2487 1178 et
2537 1123 2588 1177 in
2628 1121 2848 1176 nomine
2881 1120 3046 1175 Israel
3089 1119 3378 1185 clamabit;
3412 1139 3431 1172 ι
3468 1120 3548 1175 sic

1958 1221 2120 1276 habet
2157 1219 2245 1272 ille
2286 1236 2299 1272 :
2346 1215 2636 1286 Θαυμάσαι
2669 1213 2725 1265 δὲ
2779 1211 2928 1277 ἔστι,
2978 1213 3072 1264 καὶ
3126 1210 3546 1282 καταπλαγῆναι

1957 1310 2170 1382 ἀληθῶς
2222 1309 2320 1380 τὴν
2373 1306 2482 1361 τῶν
2533 1303 2886 1377 προφητικῶν
2949 1301 3120 1371 λόγων
3174 1301 3422 1374 δύναμιν,
3471 1301 3549 1364 ὡς

1958 1406 2138 1466 αὐτοῖς
2172 1402 2355 1474 ἔργοις
2399 1398 2466 1453 τὰ
2516 1396 2929 1467 ἀποτελέσματα
2982 1394 3417 1465 παρειλήφαμεν.
3457 1394 3546 1448 Ἔν

1957 1496 2088 1566 γοῦν
2124 1498 2234 1558 τοῖς
2277 1492 2398 1545 καθ’
2447 1493 2595 1563 ἡμᾶς
2648 1489 2848 1552 αὐτοὺς
2902 1486 3217 1558 γενομένοις
3263 1486 3544 1557 διωγμοῖς.

1960 1589 2187 1652 πολλοὺς
2220 1586 2328 1640 τῶν
2370 1583 2680 1652 ἀλλοφύλων
2727 1583 2898 1636 ἐθνῶν
2929 1579 3294 1651 ἐθεασάμεθα,
3337 1594 3546 1648 προαρ-

1961 1681 2230 1746 πάζοντας
2273 1679 2485 1740 ἑαυτοῖς
2519 1676 2614 1740 τὰς
2655 1674 2762 1729 τῶν
2810 1672 2980 1742 ἁγίων
3019 1671 3228 1744 ἀνδρῶν
3273 1685 3547 1742 προσῆγον

1964 1774 2112 1843 ρὶας⁸
2159 1768 2232 1825 ὧν
2273 1773 2300 1823 ὁ
2349 1770 2446 1840 μὲν
2481 1767 2680 1840 ἑαυτὸν,
2709 1763 2903 1818 Ἰακὼὸ
2953 1763 3170 1828 ἐκάλει,
3225 1763 3319 1815 καὶ
3362 1761 3550 1832 ἕτερος

1890 1845 1930 1902 Β
1972 1863 2208 1935 Ἰσραὴλ,
2267 1861 2424 1924 ἄλλος
2457 1860 2514 1912 δὲ
2570 1845 2859 1929 Ἰερὲμίαν,
2915 1855 3008 1910 καὶ
3052 1853 3279 1906 Ἡσαΐαν
3322 1851 3546 1920 ἕτερος,

1961 1957 2052 2010 καὶ
2110 1955 2304 2024 Δανιὴλ
2347 1953 2506 2007 πάλιν
2552 1949 2728 2014 ἄλλος.
2778 1947 3015 2001 Τοιαῦτα
3063 1945 3192 2014 γοῦν
3243 1941 3546 2014 ἐπιγραφό-

1963 2063 2113 2117 μενοι
2183 2046 2421 2114 ὀνόματα
2481 2041 2573 2095 ἐπὶ
2626 2041 2686 2094 τὸ
2757 2037 3052 2110 μαρτύριον
3108 2035 3202 2089 τοῦ
3259 2033 3394 2086 Θεοῦ
3451 2034 3550 2088 σὺν

1960 2137 2140 2208 πολλῴ
2169 2136 2359 2209 Θάρσει
2389 2134 2482 2188 καὶ
2517 2132 2800 2205 παρῤησίᾳ
2835 2129 3148 2201 παρῄεσανσ
3187 2127 3222 2181 ἃ.
3249 2126 3313 2197 δὴ
3347 2124 3547 2197 σημαία

1957 2243 2122 2281 νουσα
2164 2227 2196 2297 ἡ
2232 2225 2538 2296 προφητεία
2582 2223 2780 2294 φησίν·
2821 2216 3008 2286 Οὗτος
3053 2218 3190 2287 ἐρεῖ·
3242 2216 3354 2271 Τοῦ
3400 2214 3550 2269 Θεοῦ

1958 2321 2094 2388 εἰμι,
2119 2336 2172 2372 κ.
2202 2335 2250 2370 τ.
2277 2315 2328 2370 λ.
2358 2315 2468 2369 lloe
2492 2324 2610 2370 est:
2646 2335 2664 2365 ‹
2691 2311 3050 2382 llirarijplane
3080 2309 3226 2366 subit
3253 2305 3550 2380 prophetia:

1959 2413 2068 2466 vim
2102 2420 2156 2465 et
2183 2409 2504 2472 efﬁcaciam,
2535 2417 2592 2461 et
2624 2421 2786 2476 quam
2824 2417 2954 2458 vere
2981 2403 3058 2458 rei
3089 2410 3348 2460 eventum
3375 2399 3549 2454 oculis

1959 2499 2385 2572 perceperimus.
2435 2494 2568 2548 Nam
2601 2495 2652 2548 in
2687 2489 3159 2564 persecu‘tionibus
3188 2496 3376 2552 nostro
3412 2496 3547 2540 lem-

1960 2605 2091 2661 pore
2119 2587 2431 2651 concitatis,
2457 2585 2657 2640 multos
2699 2598 2764 2638 ex
2801 2579 3126 2649 alienigenis
3170 2576 3421 2646 gentibus
3469 2575 3550 2628 vi-

1921 2683 2160 2745 -dimus,
2208 2681 2298 2750 qui
2357 2687 2672 2735 sanctorum
2733 2675 2977 2728 virorum
3035 2671 3255 2726 nomina
3313 2681 3548 2735 usurpa-

1959 2773 2117 2837 bant;
2155 2770 2294 2826 alius
2327 2771 2528 2840 quippe
2555 2782 2677 2823 sese
2721 2765 2984 2821 Jacobum
3031 2757 3368 2832 appellabat;
3407 2760 3549 2814 alius

1959 2865 2238 2930 lsraelem,
2272 2862 2411 2917 alius
2459 2859 2788 2925 Jeremiam;
2836 2857 2924 2912 hic
2960 2853 3240 2918 Hesaiam,
3289 2853 3395 2907 iste
3433 2849 3545 2906 Da-

1959 2956 2179 3012 nielem.
2235 2953 2448 3008 Etenim
2501 2952 2586 3007 his
2640 2951 2744 3006 sibi
2798 2946 3052 3018 ascriptis
3107 2942 3438 3008 nominibus,
3473 2942 3544 2996 ad

1962 3046 2281 3119 martyrium
2345 3059 2444 3115 pro
2497 3043 2606 3097 Deo
2663 3038 3005 3096 subeundum
3070 3051 3193 3091 cum
3247 3032 3444 3088 ﬁducia
3493 3040 3549 3086 et

1961 3139 2267 3196 constantia
2301 3135 2653 3190 accedebant.
2681 3131 2811 3199 Qua:
2847 3128 3126 3201 prophetia
3153 3126 3382 3193 indicat,
3415 3124 3542 3178 dum

1963 3234 2039 3288 ait
2089 3252 2100 3286 :
2152 3230 2252 3284 Hic
2279 3229 2414 3282 dicet
2448 3242 2465 3280 :
2496 3227 2590 3280 Dei
2625 3240 2771 3289 sum,
2805 3233 2909 3276 etc.
2961 3240 2982 3274 ι

2069 3322 2128 3374 γ.
2157 3319 2444 3384 Principum
2467 3317 2772 3368 saecularium
2797 3327 2915 3377 erga
2943 3313 3216 3362 Ecclesiam
3251 3311 3428 3373 pietas.

2032 3403 2092 3460 In
2150 3405 2294 3460 hunc
2347 3417 2562 3457 versum
2622 3413 2744 3469 cap.
2796 3412 2923 3452 χιιι
2959 3415 2972 3451 :
3006 3414 3024 3448 ι
3063 3396 3125 3450 Et
3179 3405 3342 3450 erunt
3391 3405 3548 3464 reges

1959 3497 2174 3555 nutritii
2208 3496 2314 3561 tui,
2350 3504 2405 3550 et
2453 3493 2654 3562 regina:
2693 3489 2938 3545 nutrices
2985 3496 3129 3552 ture,
3156 3505 3178 3538 ι
3221 3485 3338 3540 haec
3381 3483 3548 3540 habet

1961 3589 2230 3647 Eusebius
2265 3593 2567 3642 memoratu
2623 3583 2786 3654 plane
2834 3579 3038 3650 digna:
3082 3596 3101 3630 ι
3131 3577 3285 3644 Quod
3331 3577 3399 3633 ad
3448 3577 3543 3631 lit-

1964 3692 2135 3738 teram
2171 3680 2454 3750 impletum
2506 3677 2638 3748 ipsis
2676 3671 2853 3730 oculis
2879 3671 3177 3736 cernimus,
3213 3671 3340 3726 dum
3381 3669 3418 3725 ii
3450 3667 3545 3738 qui

1959 3786 2274 3844 supremum
2329 3768 2618 3840 imperium
2656 3765 2927 3830 obtinent,
2977 3760 3313 3826 Ecclesiam,
3365 3761 3543 3816 nutri-

1961 3866 2157 3919 tiorum
2193 3863 2388 3924 instar,
2434 3865 2650 3929 gestant
2677 3865 2734 3912 et
2771 3855 3000 3913 fovent:
3038 3871 3102 3910 ac
3154 3853 3357 3924 regium
3405 3867 3543 3923 gen-

1961 3954 2113 4015 tium,
2147 3951 2198 4005 id
2233 3956 2336 4012 est,
2378 3947 2716 4018 singularum
2763 3945 3003 4016 gentium
3051 3953 3104 4000 et
3137 3942 3542 4013 provinciarum

1959 4048 2336 4118 magistratus,
2380 4056 2617 4112 superno
2657 4039 2772 4109 regi
2824 4039 3234 4104 ministrantes,
3284 4046 3543 4109 tanquam

1957 4138 2222 4200 nutrices,
2279 4132 2610 4205 pauperibus
2669 4129 2927 4186 Ecclesiae
2983 4128 3339 4200 imperatorio
3406 4135 3543 4183 nutu

1956 4243 2223 4284 annonam
2273 4223 2664 4295 suppeditant:
2698 4236 2868 4292 quare
2910 4220 3152 4276 nutrices
3185 4219 3304 4290 ejus
3343 4233 3576 4275 vocan--

1959 4324 2076 4384 tur;
2108 4318 2221 4372 sive
2247 4315 2544 4371 secundum
2563 4307 2972 4384 Symmachum,
2997 4329 3016 4363 ι
3042 4310 3126 4366 lac
3154 4311 3492 4381 prtebentes;
3517 4327 3541 4364 ι

1957 4412 2037 4467 sic
2077 4411 2222 4465 enim
2256 4406 2423 4463 habet
2477 4424 2491 4459 :
2539 4403 2606 4459 Et
2648 4403 2842 4475 regine:
2882 4420 3063 4458 eorum
3097 4403 3181 4458 lac
3216 4405 3539 4460 embolium.

265 4518 635 4588 Hegesippum
663 4495 721 4570 ut
748 4517 851 4572 sibi
882 4515 1267 4586 astipulantem
1291 4512 1469 4569 affert.
1501 4513 1592 4568 Ille
1621 4528 1854 4584 namque

1961 4503 2094 4571 Quis
2123 4512 2304 4557 autem
2356 4507 2682 4554 memoratos
2727 4495 3013 4566 prafectos
3060 4511 3293 4552 cernens
3350 4497 3404 4551 in
3453 4511 3544 4552 ec.-

261 4608 534 4667 Jacohum
581 4609 796 4680 quidem
844 4623 966 4664 cum
1013 4605 1274 4677 apostolis
1309 4604 1608 4662 Ecclesiam
1640 4604 1858 4661 Jernso-

266 4704 591 4776 lymitanam
626 4703 832 4758 rexisse
875 4703 986 4767 ait,
1031 4716 1134 4757 nec
1167 4703 1289 4757 ideo
1339 4711 1515 4756 tamen
1565 4701 1738 4771 ipsum
1789 4715 1856 4756 ex

269 4798 342 4852 ιε
377 4796 748 4867 apostolorum
793 4809 1022 4851 numero
1065 4809 1171 4849 non
1221 4793 1410 4860 fuisse,
1451 4793 1538 4850 vel
1592 4795 1855 4860 declarat,

267 4888 353 4944 vel
389 4889 590 4942 innuit.
621 4885 774 4954 Quod
815 4902 946 4943 vero
978 4887 1030 4941 in
1061 4885 1495 4942 Commentariis
1527 4886 1581 4940 in
1609 4885 1858 4942 Psalmos

265 4979 350 5034 ait
398 4978 691 5043 Eusebius,
720 4979 864 5033 haud
899 4976 1119 5033 dillicile
1153 4992 1274 5032 esse
1317 4976 1584 5046 cujusque
1636 4986 1857 5046 aposto-

267 5067 452 5124 lorum
503 5068 701 5122 tribum
750 5069 1066 5137 assignare,
1109 5066 1197 5122 hic
1245 5065 1573 5120 conﬁrmare
1621 5065 1855 5132 videtnr,

271 5161 404 5213 dum
443 5159 525 5213 ait
573 5157 770 5212 ludam
835 5157 1139 5228 apostolum
1192 5157 1528 5228 proditorem
1587 5170 1653 5211 ex
1716 5155 1857 5211 tribu

272 5250 537 5319 Ephraim
569 5249 758 5305 fuisse.

421 5365 503 5415 IV.
533 5365 808 5428 Singularis
830 5363 1032 5414 Eusebii
1054 5364 1117 5412 de
1144 5363 1438 5425 martyribus
1460 5365 1691 5414 narratio.

350 5449 641 5518 Singulare
692 5463 918 5518 prorsus
962 5457 1047 5502 est
1089 5447 1232 5515 quod
1271 5446 1436 5502 habet
1481 5447 1750 5502 Eusebius
1795 5445 1861 5501 de

271 5543 344 5598 iis
392 5541 519 5613 qui,
563 5556 628 5596 ex
663 5541 958 5609 gentilibus
990 5540 1056 5594 ad
1095 5540 1251 5595 [idem
1302 5540 1583 5604 conversi,
1615 5539 1681 5592 ad
1713 5553 1858 5592 mar-

273 5636 476 5705 tyrium
524 5632 890 5698 accedebant;
941 5633 1084 5702 quod
1117 5634 1346 5699 scilicet,
1382 5631 1617 5704 prapriis
1669 5630 1862 5702 positis

274 5724 610 5790 nominibus,
639 5725 940 5795 priscorum
979 5725 1418 5796 patriarcharum
1461 5719 1518 5778 et
1563 5722 1858 5793 propheta-

278 5833 398 5874 rum
436 5818 728 5878 vocabula.
776 5818 843 5874 ad
889 5833 1079 5875 neccm
1114 5833 1213 5876 oro
1258 5815 1477 5873 Christo
1528 5813 1861 5873 subeundam

1960 4595 2123 4650 clesia
2160 4593 2252 4647 Dei
2285 4604 2461 4662 genua
2502 4587 2744 4654 flectere,
2773 4602 2838 4642 ac
2874 4588 2928 4642 in
2961 4586 3200 4643 frontem
3232 4586 3383 4642 humi
3422 4601 3545 4658 pro-

1960 4684 2251 4747 cumbere,
2294 4695 2400 4736 non
2462 4681 2698 4736 fateatur
2750 4677 2890 4734 hanc
2944 4677 3282 4748 prophetiam
3338 4677 3407 4732 ad
3451 4676 3538 4732 lit-

1963 4785 2131 4830 teram
2175 4772 2502 4842 completam
2555 4788 2712 4838 esse,
2761 4788 2867 4843 qua
2914 4772 3116 4828 diserte
3163 4769 3276 4825 ait:
3306 4788 3325 4822 ‹
3365 4767 3550 4842 Super

1962 4869 2154 4924 faciem
2179 4876 2336 4922 terra:
2363 4865 2666 4921 adorabunt
2690 4875 2764 4930 te,
2791 4875 2846 4920 et
2883 4863 3155 4933 pulverem
3209 4861 3543 4932 pedumtuo-

1969 4977 2090 5017 rum
2117 4960 2376 5030 lingenta
2414 4957 2511 5014 Ubi
2539 4957 2688 5012 vides
2718 4957 2846 5011 item
2879 4969 3087 5011 morem
3119 4952 3542 5024 genuﬂectendi,

1963 5069 2027 5109 ac
2055 5053 2109 5107 in
2145 5062 2346 5107 terram
2382 5048 2794 5118 procumbendi,
2832 5049 2921 5103 hic
2952 5059 3010 5103 ut
3042 5048 3095 5102 in
3123 5047 3542 5105 Commentariis

1963 5144 2015 5200 in
2063 5142 2309 5198 Psalmos
2342 5138 2646 5211 praedicari.

2675 5227 2702 5298 §
2745 5227 2834 5282 tv.

1964 5325 2006 5380 I.
2045 5324 2349 5378 Deuteroses
2397 5319 2728 5373 Judworum.
2762 5317 2824 5374 Il.
2863 5317 2939 5373 De
2974 5319 3294 5388 puriore/iis
3323 5327 3373 5372 et
3417 5335 3547 5388 apo-

2033 5395 2183 5450 stolis
2235 5392 2374 5462 apud
2417 5388 2805 5462 “49303.1”.
2855 5386 3113 5445 Eusebius
3169 5386 3393 5447 Hebr-ao
3445 5386 3546 5462 tto-

2034 5475 2175 5603 ;lore
2213 5457 2289 5516 est
2323 5477 2469 5514 usus.
2503 5457 2590 5514 IV.
2619 5460 2704 5515 Ait
2747 5470 2941 5515 terram
2975 5476 3077 5514 non
3123 5474 3231 5513 esse
3285 5459 3548 5529 spha’rica

2060 5550 2226 5588 arma.

2393 5622 2433 5672 Ι.
2469 5622 2778 5673 Deuteroses
2809 5623 3108 5673 Judaaorum.
3195 5617 3209 5622 ”

2037 5710 2254 5768 Iudaeos
2289 5723 2610 5782 plerumque
2644 5711 2959 5776 insectatur,
2990 5710 3102 5780 qui,
3129 5709 3356 5764 dimisso
3392 5705 3542 5763 Scri-

1967 5817 2253 5879 pturarum
2289 5821 2416 5864 vero
2469 5804 2708 5873 tramite,
2747 5803 3067 5878 efabulosas
3119 5800 3543 5860 dcutcroses‘ad
