4062 6396
485 326 552 380 87
1171 323 1437 391 EUSEBH
1477 323 1957 380 CAESAMIENSIS
1997 321 2147 376 UPP.
2195 321 2372 376 PARS
2411 321 2499 375 lll.
2543 352 2611 361 ——
2649 320 3062 379 EXEGETICA.
3678 303 3754 386 88.

487 443 735 498 lectionis
766 442 1185 512 explicationem
1217 442 1559 496 adhiberent.
1596 440 1856 495 Doctores
1888 453 2065 491 ament
2097 443 2141 499 Α
2172 436 2382 489 videtur
2418 436 2746 506 Epiphanius
2779 438 2911 492 Incr.
2941 455 3137 502 xxxiii,
3170 456 3319 494 num.
3348 444 3416 496 4:
3451 445 3616 506 0-320;
3638 445 3751 516 γὰρ

483 540 745 600 ipsorum,
770 534 861 603 qni
904 533 1207 588 doctrinam
1262 533 1728 602 cauponahantur,
1769 545 1799 584 e
1834 545 1890 584 re
1934 547 2064 585 cau-

481 639 648 690 pones
676 624 806 678 dicti
841 633 1005 678 sunt:
1042 623 1133 692 qui
1166 622 1348 677 vinum
1385 638 1523 691 aqua
1569 622 1892 684 miscebant,
1935 621 2060 674 dum

479 729 733 770 sermone
778 715 833 769 in
870 730 1065 784 aquam
1119 714 1375 778 resoluto,
1419 727 1622 768 meram
1665 723 1718 768 et
1750 713 2059 766 restrictum

476 809 786 862 divinarum
841 806 1248 875 Scripturarum
1313 817 1591 868 mentem,
1643 820 1741 873 per
1780 818 2059 858 commen-

480 898 626 952 titias
683 913 812 953 suas
881 898 1202 953 deutcroses
1267 897 1553 951 foedarent.
1589 913 1606 946 ι
1669 894 1833 948 Erant
1897 907 2059 962 porro

476 989 822 1054 deuteroses,
875 989 989 1044 sive
1038 989 1288 1043 secundae
1345 988 1701 1052 traditiones,
1761 985 2058 1055 Epiphanio

478 1085 616 1133 teste
645 1079 777 1133 haer.
809 1093 1005 1142 xxxiii,
1041 1095 1092 1131 ιι.
1119 1078 1176 1143 9,
1204 1076 1571 1146 quadruplicls
1594 1076 1836 1144 generis;
1871 1077 2058 1145 prima:

478 1167 680 1235 Moysis
715 1168 936 1222 nomine
973 1165 1535 1231 circumferebantur;
1581 1167 1834 1220 secunda:
1885 1164 2055 1219 Babbi

477 1251 714 1318 ’Λκιϐας
749 1253 920 1307 tertia:
949 1251 1137 1318 Adda‘,
1202 1251 1319 1305 sive
1353 1249 1536 1314 ludat;
1575 1257 1782 1318 quarta}
1821 1248 2055 1303 ﬁliorum

471 1344 802 1398 Assamonzei
847 1353 1024 1397 erant.
1055 1342 1398 1396 Traditiones
1439 1340 1558 1396 illas
1595 1341 1808 1397 llebraai
1858 1350 2059 1404 vocant

468 1442 658 1503 nam,
692 1435 890 1501 Misna,
921 1435 1065 1504 quod
1118 1433 1258 1489 idem
1299 1444 1456 1488 sonat
1488 1442 1652 1504 atque
1682 1434 1914 1488 secunda
1952 1443 2057 1488 tra-

469 1529 622 1581 ditio.
653 1528 734 1582 An
768 1543 929 1598 porro
958 1527 1061 1582 illa:
1091 1528 1157 1582 ab
1191 1527 1432 1597 antiquis
1469 1527 1701 1581 laudatae
1737 1526 2054 1582 traditiones

470 1621 670 1673 eaedem
726 1628 891 1688 atque
946 1619 1224 1674 hodierna:
1279 1620 1419 1683 sint,
1479 1620 1782 1675 edissercre
1828 1634 1934 1674 non
1967 1629 2051 1675 est

469 1711 702 1764 instituti
745 1712 939 1766 nostri.

654 1822 716 1873 ll.
741 1824 816 1874 De
845 1826 1134 1886 patriarcbis
1161 1832 1213 1874 et
1241 1827 1476 1887 apostolis
1499 1827 1627 1888 apud
1649 1827 1861 1876 Judaeos.

536 1907 688 1973 Quod
738 1908 804 1962 ad
858 1909 1201 1978 patriarchas
1240 1907 1589 1973 Judrcorum,
1640 1924 1762 1979 quze
1811 1909 2050 1980 dignitas

468 1997 684 2052 nonnisi
728 2008 850 2069 post
888 2000 1038 2054 tubis
1076 1999 1349 2053 excidium
1383 2009 1639 2070 usurpata
1686 2007 1928 2070 putatur,
1959 2015 2050 2054 eo-

463 2106 584 2146 rum
635 2095 972 2150 mentionem
1029 2095 1158 2150 facit
1213 2096 1480 2151 Eusebius
1524 2095 1590 2149 ad
1630 2104 1790 2164 caput
1839 2095 2051 2150 llcsaiac

463 2195 544 2246 nt,
573 2199 625 2236 v.
652 2186 706 2246 4,
742 2186 839 2255 his.
871 2173 1088 2241 verbis:
1118 2187 1214 2250 Τίς
1256 2183 1346 2241 οὖν
1376 2187 1518 2258 ὁρῶν
1559 2188 1687 2251 τοὺς
1731 2187 1880 2259 παρά
1918 2189 2048 2241 Ἰου-

461 2271 631 2337 δαίοις
671 2277 1109 2348 ὀνομαζομένους
1150 2279 1523 2350 πατριάρχας,
1560 2279 1877 2343 νεανίσκους
1917 2279 2049 2351 ἀλη-

461 2363 588 2428 θῶς,
619 2366 681 2418 ού
708 2366 807 2438 τὴν
840 2369 947 2422 τῶν
984 2371 1254 2440 σωμάτων
1280 2370 1517 2442 ἡλικίαν,
1557 2371 1694 2425 ἀλλά
1727 2371 1826 2436 τὰς
1869 2372 2047 2444 ψυχὰς

459 2455 699 2521 ἀτελεῖς,
729 2459 822 2511 καὶ
850 2459 1048 2523 ἐνδεεῖς
1086 2461 1330 2531 φρενῶν;
1367 2462 1494 2526 τούς
1531 2479 1589 2516 τε
1620 2461 1840 2525 λοιποὺς
1867 2462 2046 2516 αὐτῶν

459 2545 832 2613 διδασκάλους,
870 2552 971 2604 οὐκ
1003 2551 1069 2606 ἂν
1099 2552 1241 2605 εἴποι
1276 2555 1585 2624 ὲμπαίκτας
1617 2552 1784 2618 εἶναι,
1832 2556 1926 2607 κα)⁵
1952 2554 2050 2617 οὓς

459 2635 492 2702 ἡ
523 2637 831 2708 προφητεία
855 2639 1081 2710 ὲδήλου;
1117 2640 1168 2694 ld
1197 2649 1280 2695 est
1313 2663 1324 2695 :
1360 2659 1378 2692 ι
1407 2642 1540 2707 Quis
1579 2656 1710 2711 ergo
1737 2642 2046 2710 conspectis

460 2726 604 2790 illis,
657 2728 747 2797 qui
797 2731 938 2798 apud
983 2729 1197 2786 Jndzeos
1252 2732 1575 2800 patriarcha:
1621 2741 1907 2798 vorantur,
1951 2747 2044 2789 eos

461 2833 565 2873 non
596 2833 858 2887 corporea
903 2829 1133 2885 statura,
1162 2820 1256 2874 sed
1292 2821 1458 2875 animi
1501 2821 1942 2888 imperfectioue,
1978 2841 2044 2882 ac

458 2907 658 2964 mentis
707 2909 1039 2979 indigentia,
1089 2925 1214 2965 vere
1263 2927 1459 2980 pueros
1505 2927 1610 2968 non
1665 2923 1859 2980 vocet;
1909 2915 2041 2971 reli-

458 3013 703 3067 quosque
728 3013 915 3054 eorum
945 3001 1218 3069 doctores,
1269 3018 1374 3057 non
1410 3004 1560 3059 dicat
1590 3019 1711 3061 esse
1742 3006 2042 3073 derisores,

457 3087 642 3154 quales
672 3089 956 3158 prophetia
1000 3090 1232 3146 indicat?
1260 3112 1278 3144 ι
1315 3092 1484 3148 Erant
1515 3111 1677 3165 porro
1717 3099 2043 3166 patriarcha:

459 3178 734 3248 principes
759 3179 1000 3235 Judaicae
1028 3183 1223 3250 gentis,
1260 3193 1394 3240 teste
1423 3185 1722 3256 Epiphanio
1749 3191 1879 3245 liter.
1909 3207 2039 3257 xxx,

461 3287 611 3324 num.
636 3272 692 3336 4,
723 3283 772 3326 et
809 3272 1010 3328 Codice
1053 3275 1433 3335 Theodosiano
1467 3279 1500 3332 Ι.
1533 3295 1647 3346 xvi,
1687 3282 1770 3336 tit.
1797 3283 1852 3338 8.
1887 3283 2043 3342 llunc

459 3375 590 3416 vero
641 3363 861 3418 Eusebii
919 3365 1095 3420 locmn
1143 3367 1224 3421 sic
1273 3369 1530 3440 exprimit
1576 3371 1939 3444 Hieronymus
1989 3377 2041 3431 in

459 3454 709 3530 eumdem
760 3457 1086 3511 versiculum
1127 3473 1140 3511 :
1177 3476 1194 3508 ι
1227 3459 1648 3519 Consideremus
1700 3466 2044 3534 patriarchas

369 3575 373 3579 ~
458 3544 791 3614 Iudaeorum,
821 3559 875 3604 et
901 3551 1150 3620 juvenes.
1187 3553 1302 3608 sive
1335 3569 1556 3624 pueros,
1587 3555 2042 3631 effeminatosque

457 3653 521 3694 ae
550 3639 762 3698 deliciis
798 3642 1098 3709 atllucntcs.
1129 3655 1186 3702 et
1225 3645 1502 3717 impletam
1551 3651 1889 3722 prophetiam
1920 3668 2044 3710 esse

457 3745 781 3798 cernemus;
817 3757 836 3788 ι
879 3736 930 3789 id
980 3752 1047 3791 ex
1085 3738 1342 3804 Eusebio,
1396 3750 1455 3794 ut
1504 3751 1560 3796 et
1606 3742 1865 3815 pleraque
1911 3746 2041 3815 alia,

459 3832 760 3879 mutuatus.
793 3826 868 3878 De
900 3827 1162 3895 apostolis
1191 3829 1317 3883 item
1351 3829 1664 3888 Jndzcorum
1707 3835 1870 3890 verba
1913 3836 2044 3892 facit

454 3908 721 3966 Eusebius
761 3915 826 3968 ad
869 3927 1228 3983 caput.xvm,
1258 3934 1309 3978 v.
1341 3921 1391 3986 1,
1433 3921 1487 3974 '0
1535 3923 1934 3978 ἀποστέλλων
1974 3926 2046 3980 ἐν

456 4001 740 4071 θαλάσσῃ
775 4002 998 4073 ὅμηρα·
1038 4008 1090 4061 id
1124 4018 1208 4064 cst
1241 4030 1253 4065 :
1291 4030 1308 4060 ‹
1339 4011 1438 4077 Qui
1472 4013 1640 4068 mittit
1687 4015 1740 4069 in
1764 4031 1914 4071 mare
1945 4019 2044 4073 ob-

456 4091 642 4146 sides:
676 4110 696 4142 ι
745 4094 835 4147 ttbi
884 4095 1247 4166 Symmachus
1293 4100 1477 4165 vertit,
1524 4102 1874 4157 ἀποστέλλων
1910 4106 2043 4160 ἀπο-

455 4181 673 4244 στόλους
697 4184 755 4238 ὲν
776 4183 1040 4258 θαλάσσῃ·
1072 4207 1089 4240 ι
1114 4187 1214 4256 Qui
1247 4191 1410 4244 mittit
1436 4192 1710 4261 apostolos
1730 4193 1781 4246 in
1812 4210 1991 4262 mare;
2019 4215 2035 4246 ι

457 4273 570 4326 lucc
596 4275 742 4328 enim
769 4276 953 4344 adjicit
983 4297 997 4334 :
1021 4280 1090 4332 Οἵ
1127 4297 1187 4333 τε
1216 4281 1502 4335 ἀπόστολοι
1531 4281 1732 4347 αὐτῶν,
1758 4283 2042 4347 ἐπιστολὰς

457 4363 698 4434 βιϐλίνας
731 4370 1099 4442 κομιζόμενοι,
1133 4371 1389 4444 ὑπεράνω
1423 4391 1484 4425 τε
1519 4373 1627 4427 τῶν
1661 4373 1867 4428 ὑδάτων
1914 4392 2046 4427 ναυο

453 4454 784 4527 τιλλόμενοι,
826 4461 922 4513 καὶ
985 4462 1084 4531 τὴν
1137 4462 1413 4517 Θάλασσαν
1459 4463 1818 4534 ἐμπλέοντες,
1863 4466 2038 4519 ἁπαν-

454 4547 620 4616 ταχοῦ
668 4550 770 4620 γῆς
820 4550 1113 4622 διέτρεχον,
1158 4552 1250 4605 τὸν
1298 4553 1549 4623 περὶτοῦ
1592 4554 1842 4626 Σωτῆρος
1882 4555 2038 4627 ἡμῶν

455 4639 890 4706 ὲνδιαόάλλοντες
935 4643 1111 4712 λόγον.
1154 4647 1509 4711 Ἀποστόλους
1534 4648 1590 4702 δὲ
1620 4649 1787 4703 εἰσέτι
1821 4651 1916 4704 καὶ
1943 4652 2038 4706 νῦν

454 4728 573 4792 ἔθος
614 4733 764 4784 ἐστὶν
815 4733 1089 4798 Ἰουδαίοις
1137 4736 1422 4806 ὀνομάζειν
1487 4738 1613 4801 τοὺς
1649 4731 1733 4793 τὸί
1772 4741 2039 4809 ἐγκύκλια

451 4822 758 4894 γράμματα
806 4828 957 4900 παρὰ
1009 4829 1115 4882 τῶν
1159 4830 1438 4901 ἀρχόντων
1493 4833 1672 4889 αὐτῶν
1720 4836 2037 4908 ἐπικομιζο-

465 4912 675 4982 μένους.
720 4915 835 4973 Hoc
882 4929 968 4976 est
1022 4938 1035 4974 :
1090 4940 1107 4972 ι
1138 4920 1490 4993 Apostolique
1513 4939 1730 4993 eorum,
1779 4927 2038 4999 epistolas

457 5002 690 5062 hiblinas
724 5001 1058 5078 deferentes,
1099 5029 1164 5067 ac
1194 5025 1357 5085 supra
1388 5017 1607 5072 dorsum
1655 5033 1939 5088 aquarum,
1981 5030 2038 5077 et

455 5099 508 5150 in
548 5099 682 5153 mari
711 5099 1052 5171 navigantes,
1103 5105 1302 5176 ubique
1338 5117 1604 5164 terrarum
1637 5111 2038 5181 discurrebant,

363 5235 366 5238 .
453 5205 758 5246 sermonem
811 5192 881 5246 de
937 5191 1232 5253 Servatore
1299 5208 1486 5255 nostro
1538 5201 1829 5258 calumniis
1882 5202 2035 5258 velli-

453 5291 654 5337 rantes.
683 5283 966 5352 Apostolos
992 5301 1122 5341 vero
1151 5291 1314 5346 etiam
1347 5308 1488 5348 nunc
1523 5292 1688 5348 Judaei
1724 5307 2036 5363 nuncupare

454 5371 633 5454 solent
667 5389 782 5441 eos,
832 5375 923 5444 qui
982 5377 1279 5435 circulares
1329 5385 1630 5454 principum
1676 5401 1894 5440 suorum
1947 5386 2036 5439 lit-

456 5451 597 5517 teras
631 5465 1057 5537 circumquaque
1084 5451 1386 5526 deferunt.»
1414 5451 1538 5531 llaec
1572 5493 1732 5546 porro
1763 5487 2031 5546 postrema

449 5555 639 5621 verba,
670 5558 1001 5624 ἀποστόλους
1045 5562 1102 5616 δὲ
1147 5563 1311 5618 εἰσέτι
1359 5567 1452 5620 καὶ
1495 5567 1608 5634 νῦν,
1641 5579 1770 5636 etc.,
1801 5572 2032 5642 ascripta

453 5643 620 5703 habes
643 5653 782 5720 apud
805 5649 1216 5720 OEcumenium,
1240 5657 1308 5709 ad
1337 5655 1628 5724 Epistolam
1653 5663 1720 5715 ad
1746 5660 2029 5718 Romanos.

450 5737 527 5793 De
578 5741 836 5814 apostolis
888 5742 1193 5802 Julia-orum
1267 5747 1484 5818 paulum
1549 5751 1758 5808 diversa
1817 5754 2030 5811 tradere

2164 528 2192 577 ὁ
2233 524 2493 596 Ἰώσηπος
2543 526 2648 577 τῶν
2702 527 2831 596 παρ’
2863 527 3046 590 αὐτοῖς
3096 526 3480 598 ἀξιωματικῶν
3536 530 3776 600 ἀνδρῶν’

2163 617 2474 687 ἐναρίθμιος
2521 613 2607 687 ἦν.
2641 617 2759 670 Εἰσὶ
2804 617 2860 670 δὲ
2895 612 3038 671 οὗτοι
3081 617 3217 688 μετά
3262 619 3353 671 τὸν
3400 620 3749 692 πατριάρχην

2163 707 2446 760 ἀπόστολοι
2511 706 2865 777 καλούμενον
2916 708 3336 781 προσεδρεύουσι
3389 709 3446 762 δὲ
3503 711 3581 781 τῷ
3637 728 3749 766 πα.-

2163 799 2418 870 τριάρχῃ,
2451 799 2545 850 καὶ
2579 800 2673 852 σὺν
2706 798 2864 868 ἀὐτῷ
2909 799 3186 863 πολλάκις,
3219 801 3314 854 καὶ
3357 803 3415 854 ὲν
3453 803 3607 856 νυκτὶ
3650 801 3751 858 καὶ

2160 891 2217 945 ἑν
2259 892 2457 962 ἡμέρᾳ,
2509 890 2746 961 συνεχῶς
2793 891 3071 960 διάγουσι,
3120 891 3208 946 διά
3243 891 3304 945 τὸ
3350 893 3747 964 συμϐουλεύειν

2159 984 2254 1035 καὶ
2303 982 2594 1054 ἀναφέρειν
2659 981 2806 1054 αύτῷ
2853 981 2922 1036 τὰ
2968 982 3108 1036 κατά
3153 982 3244 1036 τὸν
3299 982 3482 1054 νόμον.
3521 982 3576 1038 ld
3624 994 3746 1039 est:

2165 1093 2184 1127 ι
2218 1075 2428 1130 Etenim
2478 1075 2566 1129 hic
2626 1074 2738 1144 ipse
2787 1072 3054 1143 Josephus
3102 1074 3246 1128 inter
3286 1075 3546 1143 dignitate
3605 1091 3749 1145 prae-

2159 1174 2366 1220 stantes
2414 1163 2560 1218 viros
2629 1179 2792 1235 penes
2847 1162 3055 1220 ludmos
3112 1165 3556 1218 numerabatur:
3605 1179 3748 1233 quos

2159 1267 2279 1326 post
2320 1257 2683 1327 patriarcham
2727 1256 2999 1327 apostolos
3037 1256 3336 1310 nominant.
3380 1257 3634 1313 Assident
3685 1258 3743 1312 bi

2159 1343 2502 1414 patriarcha,
2534 1351 2586 1398 et
2636 1357 2760 1397 cum
2808 1357 2874 1397 eo
2924 1343 3121 1412 saepius
3167 1344 3257 1399 diu
3299 1354 3570 1416 noctuque
3615 1362 3748 1401 vero

2156 1441 2346 1488 santur
2373 1451 2386 1488 :
2415 1435 2557 1505 quod
2605 1435 2778 1489 cidem
2816 1449 2844 1489 a
2882 1433 3127 1490 consiliis
3159 1435 3297 1500 sint,
3339 1443 3394 1490 et
3439 1436 3506 1490 de
3552 1437 3616 1491 iis
3655 1453 3748 1491 re-

2156 1523 2366 1588 ferant,
2413 1538 2534 1594 qute
2581 1525 2648 1579 ad
2686 1524 2854 1596 legem
2911 1524 3184 1594 pertinere
3224 1525 3535 1580 videntur.)
3587 1525 3770 1602 Quos;

2156 1617 2320 1689 igitur
2367 1618 2432 1672 ad
2488 1618 2701 1674 litteras
2743 1617 2885 1673 ultro
2934 1618 3188 1688 citroque
3235 1618 3486 1673 ferendas
3533 1619 3750 1673 consti-

2155 1719 2300 1763 tutos
2333 1711 2408 1763 alt
2457 1707 2756 1774 Eusebius,
2806 1709 3025 1763 eosdem
3074 1717 3286 1776 contra,
3339 1718 3497 1764 noctu
3539 1709 3741 1778 diuque

2079 1793 2126 1852 B
2157 1810 2338 1856 astare
2388 1801 2733 1870 patriarcha,
2783 1799 2994 1871 ipsique
3035 1813 3062 1853 a
3103 1800 3350 1855 consiliis
3381 1816 3503 1856 esse
3554 1810 3745 1855 narrat

2153 1892 2508 1962 Epiphanius.
2567 1891 2764 1946 Verum
2820 1891 3036 1948 Eusebii
3085 1893 3376 1963 explicatio
3429 1909 3551 1948 cum
3604 1908 3746 1948 voce

2155 1980 2480 2045 ἀπόστολος,
2529 1981 2578 2034 id
2635 1990 2718 2038 est
2766 1983 2978 2050 minus,
3031 1985 3203 2053 magis
3255 1987 3527 2040 consentit
3575 2004 3587 2038 :
3645 1987 3738 2040 cui

2150 2073 2346 2128 accinit
2368 2073 2547 2128 Codex
2574 2074 2980 2129 Thcodosianus
3001 2074 3074 2129 De
3105 2073 3335 2141 Iudicis,
3373 2076 3466 2133 lib.
3495 2091 3607 2141 xiv,
3643 2077 3740 2146 qui

2150 2163 2230 2219 sic
2262 2163 2424 2220 habet
2453 2183 2465 2218 :
2509 2183 2527 2216 ι
2560 2164 2996 2232 Snperstitionis,
3030 2164 3236 2234 inquit,
3266 2165 3493 2234 indigna:
3526 2175 3643 2230 est,
3680 2175 3742 2221 ut

2151 2254 2580 2324 archisynagogi,
2611 2256 2724 2311 sive
2771 2256 3070 2326 presbyteri
3119 2253 3446 2320 Iudaeorum,
3472 2256 3554 2309 vel
3598 2271 3744 2324 quos

2151 2344 2252 2414 ipsi
2303 2345 2578 2415 apostolos
2633 2355 2856 2412 vocant,
2899 2347 2990 2415 qni
3047 2346 3112 2401 ad
3161 2347 3483 2417 exigendum
3537 2361 3735 2402 aurum

2147 2445 2310 2503 atque
2355 2444 2659 2503 argentum,
2687 2450 2716 2489 a
2757 2435 3062 2505 patriarcha
3110 2444 3258 2491 certo
3305 2443 3548 2506 tempore
3594 2436 3734 2490 diri-

2147 2534 2364 2595 gnntur,
2406 2543 2434 2580 a
2474 2527 2700 2598 singulis
2735 2537 2979 2583 exactam
3025 2543 3293 2583 summam
3338 2538 3503 2600 atque
3542 2543 3736 2585 susce-

2147 2624 2314 2684 ptam,
2363 2617 2427 2670 ad
2463 2617 2711 2672 eumdem
2746 2626 3044 2688 reportent.
3082 2638 3101 2671 ›
3147 2617 3253 2674 Sed
3287 2619 3518 2676 fortasse
3555 2621 3747 2676 conci-

2146 2704 2338 2759 lientur
2385 2706 2687 2774 Opiniones,
2731 2708 2775 2763 si
2817 2708 3080 2772 dicamus,
3123 2709 3396 2778 apostolos
3425 2708 3740 2766 Judmorum

2148 2801 2435 2861 atrumque
2465 2795 2785 2864 praestitisse
2813 2811 3039 2866 munus;
3077 2805 3136 2852 ut
3168 2797 3377 2854 scilicet
3405 2800 3741 2870 patriarcha:

2146 2884 2468 2953 assiderent,
2496 2901 2563 2941 ac
2590 2887 2708 2957 ejus
2742 2885 2896 2958 jussa
2927 2895 2982 2942 et
3014 2887 3274 2958 epistolas
3302 2889 3448 2947 ultro
3483 2892 3739 2964 citroque

2151 2972 2447 3029 deferrent.

2405 3126 2490 3175 lll.
2520 3125 2766 3177 Eusebius
2788 3127 3002 3178 Hebraeo
3023 3129 3225 3180 doctore
3247 3135 3324 3180 est
3345 3144 3480 3180 usus.

2216 3273 2297 3327 Ad
2327 3282 2488 3343 caput
2520 3289 2650 3331 vero
2677 3289 2710 3326 v
2739 3275 2817 3330 ait
2845 3272 3085 3342 Iudaeos,
3112 3277 3205 3348 qui
3236 3277 3306 3332 ab
3345 3279 3633 3333 atheorum
3676 3289 3740 3336 et

2147 3363 2552 3419 idololatrarum
2581 3365 2859 3420 consortio
2881 3364 3104 3422 minime
3133 3367 3522 3432 abhorrebant,
3555 3368 3738 3424 solum

2145 3453 2581 3510 Christianorum
2615 3454 3030 3511 contubernium
3062 3459 3352 3525 aversari,
3387 3459 3602 3529 piaeque
3649 3476 3742 3516 re-

2145 3545 2367 3616 ligionis
2415 3545 2650 3602 cultores
2687 3546 2890 3617 ubique
2923 3545 3124 3618 pellere
3152 3556 3209 3604 et
3255 3563 3473 3605 vexare.
3516 3549 3626 3605 Nec
3653 3561 3744 3626 ta-

2147 3651 2265 3691 men
2296 3636 2518 3691 insitum
2548 3636 2678 3692 illud
2703 3635 3017 3693 Iudaeorum
3049 3637 3248 3694 animis
3278 3639 3332 3695 in
3360 3627 3736 3696 Christianum

2146 3741 2341 3782 nomen
2392 3727 2572 3782 odium
2632 3726 2924 3783 Eusebium
2976 3730 3281 3798 deterruit,
3330 3732 3621 3803 quominus
3673 3733 3734 3788 in

2144 3817 2562 3874 Commentariis
2609 3819 2722 3874 suis
2755 3819 2986 3876 Hebraeo
3028 3824 3252 3879 doctore
3283 3823 3356 3879 sit
3385 3838 3536 3888 usus,
3564 3839 3596 3877 a
3625 3838 3740 3891 quo

2145 3925 2250 3964 non
2293 3910 2459 3966 semel
2490 3925 2549 3966 se
2596 3911 3076 3981 interpretationes
3119 3914 3356 3969 mutuari
3391 3929 3519 3974 suas
3558 3915 3740 3983 proti-

2145 4008 2306 4054 tetur.
2336 3999 2425 4067 Et,
2453 4002 2598 4071 quod
2627 4001 2886 4059 observes
2913 4003 3099 4070 velim,
3130 4005 3438 4074 ubicunque
3468 4005 3740 4090 Eusebia:-

2144 4104 2206 4145 se
2249 4091 2314 4145 ab
2344 4090 2571 4148 Hebraeo
2601 4092 2846 4158 doctore,
2875 4093 2962 4149 vel
3006 4095 3075 4149 ab
3109 4093 3350 4150 Hebraeis
3382 4096 3585 4165 aliquid
3617 4097 3739 4150 edi-

2145 4180 2344 4237 dicisse
2373 4182 2482 4248 ait,
2530 4182 2730 4238 ibidem
2770 4183 3130 4256 Hieronymus
3160 4201 3220 4242 se
3262 4187 3492 4258 idipsum
3525 4189 3594 4244 ab
3626 4186 3739 4245 lle-

2150 4271 2304 4327 braco
2336 4274 2559 4327 doctore
2586 4275 2862 4343 accepisse
2891 4276 3233 4332 testificatur.

2247 4381 2331 4432 ιν.
2360 4381 2612 4434 Eusebius
2634 4386 2705 4433 alt
2724 4388 2908 4436 terram
2934 4399 3033 4437 non
3061 4399 3171 4438 esse
3189 4389 3428 4452 sphaerica
3451 4391 3620 4442 forma.

2219 4466 2484 4524 Eusebius
2509 4468 2832 4540 plerumque
2863 4469 2916 4524 in
2947 4470 3373 4528 Commentariis
3404 4474 3457 4528 in
3486 4474 3736 4532 Psaltnos

2147 4559 2275 4617 dicit
2299 4561 2556 4616 mundum
2587 4560 2852 4631 sphzerica
2884 4560 3053 4617 forma
3077 4575 3226 4627 esse;
3262 4565 3355 4618 sed
3386 4565 3563 4620 addita
3595 4582 3762 4630 ean-7

2149 4653 2313 4719 tione,
2360 4666 2481 4708 eam
2528 4667 2654 4710 esse
2703 4654 3061 4723 quorumdam
3109 4655 3417 4726 opinionem
3465 4660 3574 4725 ait,
3627 4675 3731 4718 nec

2147 4747 2380 4802 obscure
2419 4746 2728 4802 subindicat
2760 4762 2820 4804 se
2854 4746 2984 4802 item
3017 4749 3206 4805 cadent
3246 4752 3516 4806 sententia
3550 4768 3674 4808 esse
3709 4773 3727 4809 :

2146 4851 2245 4892 nec
2277 4847 2458 4891 tamen
2488 4836 2541 4891 id
2571 4846 2758 4907 aperte
2809 4838 3050 4908 proﬁteri
3082 4839 3272 4907 audet,
3314 4843 3440 4910 quia
3476 4840 3729 4900 fortassis

2144 4926 2302 5000 longe
2332 4928 2478 4984 aliud
2519 4930 2866 4985 aestimabant
2901 4930 3047 4985 illius
3091 4931 3272 4986 siceuli
3305 4932 3621 4988 Christiani.
3654 4935 3729 4989 At

2145 5020 2232 5075 hic
2295 5028 2520 5076 coactus
2587 5021 2884 5076 secundum
2940 5021 3214 5092 vulgarem
3288 5022 3728 5083 Christianorum

2143 5121 2378 5167 mentem
2433 5112 2583 5167 illum
2637 5111 2850 5169 Hesaize
2904 5113 3079 5168 locum
3124 5129 3245 5184 cap.
3294 5131 3364 5170 xi.
3405 5116 3724 5185 explanare,

2150 5222 2168 5254 ι
2201 5203 2300 5268 Qui
2334 5203 2526 5258 statuit
2552 5203 2752 5259 coelum
2795 5205 2950 5273 quasi
2987 5204 3271 5273 fornicem,
3302 5217 3358 5262 et
3386 5207 3633 5262 extendit
3665 5219 3728 5264 ut

2143 5295 2547 5350 tabernaculum
2593 5295 2659 5351 ad
2693 5296 3073 5364 habitandum,
3101 5315 3121 5350 ι
3170 5298 3234 5352 ad
3267 5299 3475 5354 Cosntte
3504 5301 3723 5370 Opinio-

2142 5401 2263 5440 nem
2299 5401 2524 5457 prorsus
2551 5389 2761 5443 accedit
2788 5407 2805 5446 :
2836 5407 2854 5440 ι
2885 5389 3105 5453 Deinde,
3129 5392 3321 5462 inquit,
3355 5409 3660 5449 sermonem
3689 5412 3723 5452 e

2145 5486 2284 5532 terra
2312 5479 2552 5550 erigens,
2582 5481 2868 5536 universos
2896 5483 3115 5549 excitat,
3153 5491 3212 5537 ut
3238 5485 3513 5542 caelestem
3549 5485 3721 5542 forni-

2139 5585 2279 5634 eem,
2305 5580 2359 5625 et
2390 5571 2828 5642 hemisphaerium
2856 5572 2981 5628 illud
3002 5589 3162 5643 supra
3193 5584 3390 5630 terram
3415 5577 3636 5644 clatum,
3660 5588 3720 5634 ct

2141 5675 2368 5717 camera:
2407 5663 2579 5718 instar
2605 5664 2856 5719 omnibus
2899 5665 3203 5731 imminens,
3244 5667 3614 5734 admirentur;
3649 5686 3716 5726 ac

2141 5754 2375 5825 cogitent
2404 5765 2602 5825 quanta
2631 5757 2696 5811 sit
2725 5756 2896 5814 virtus
2925 5755 3065 5829 ejus,
3094 5758 3184 5830 qni
3209 5760 3402 5816 coc'um
3436 5760 3709 5831 cassdidit;
