4062 6400
299 280 373 341 39
1306 269 1814 329 COMMENTARIA
1856 271 1924 327 1N
1964 270 2226 327 lSMAM.
2259 299 2329 314 --
2363 272 2520 330 CAP.
2560 273 2604 329 l.
3458 332 3473 342 ,
3528 279 3591 335 9i

299 397 795 467 considet-eatque,
847 406 956 449 non
999 392 1117 449 sine
1154 405 1317 448 causa
1352 394 1423 445 ab
1467 404 1535 446 eo
1567 389 1767 446 omium
1814 397 1898 444 ιο-
1926 392 1973 454 Α
2004 387 2160 454 vidit,
2202 402 2311 444 non
2346 404 2532 459 parem
2580 389 2686 446 iiiis
2719 389 2773 447 in
2824 390 3215 463 philosophicis
3260 399 3588 452 astronomi-

301 486 583 545 bernaculi
636 487 811 543 instar
845 483 1207 540 constitutum
1257 483 1453 549 luisse,
1499 497 1735 553 superne
1769 484 1890 550 qui-

299 580 426 636 dem
459 592 767 651 expansum
794 591 959 649 supra
992 577 1200 641 omnia,
1227 591 1348 647 qua:
1381 575 1524 630 intra
1560 574 1732 645 ipsum
1763 588 1895 631 cono

303 670 584 735 tinentur;
619 668 690 724 iis
736 682 867 723 vero
892 667 985 738 qui
1026 682 1193 737 supra
1233 665 1432 721 emtum
1465 671 1614 729 sunt,
1650 663 1895 718 substra-

1992 479 2181 550 cisque
2213 478 2464 549 peritiam
2497 480 2714 538 indidit.
2754 481 2896 550 Quid
2931 482 3077 539 enim
3123 485 3190 540 ad
3242 487 3589 543 sanctitatem

1994 586 2322 641 morumque
2352 571 2726 630 sinceritatem
2771 574 3028 632 conferat
3061 575 3289 645 hujusce
3328 578 3405 634 rei
3454 582 3587 635 notio

1994 661 2067 716 tia
2085 662 2107 715 ἳ
2123 662 2317 717 Verum
2335 664 2434 717 hac
2446 662 2515 718 de
2534 677 2593 717 re
2622 664 2871 733 pluribus
2892 675 3073 724 actum
3091 677 3178 723 est
3196 668 3249 723 in
3273 668 3587 740 prmlatione

300 770 415 815 tum
464 759 532 815 ad
570 734 939 815 domicilium.
969 777 989 812 ι
1043 734 1176 826 qua:
1240 754 1509 827 ipsissima
1552 763 1634 809 est
1682 752 1895 809 Cosmae
1991 754 2061 808 ad
2100 754 2309 809 Cosma:
2338 752 2583 825 Egyptii
2630 756 3054 829 Topographiam
3100 734 3489 817 Christianam.
3540 734 3593 819 la

298 850 569 924 Egyptii,
614 866 679 906 ac
709 865 849 922 pene
876 852 1120 907 omnium
1166 858 1410 904 veterum
1453 847 1709 917 Patrum,
1759 861 1886 902 sen-

300 941 494 1004 tentia.
537 940 916 1013 Chrysostomi
958 940 1188 1005 scilicet,
1219 937 1496 994 Severiani
1535 936 1884 1002 Gabalorum,

297 1031 585 1101 Augustini
616 1041 673 1086 et
704 1031 957 1097 aliurum,
986 1032 1078 1102 qui
1106 1031 1306 1087 emtum
1334 1033 1389 1084 in
1423 1029 1646 1084 fornicis
1677 1043 1882 1085 morem

297 1132 459 1178 terra
503 1122 808 1187 imminere.
852 1138 917 1179 ac
948 1126 1309 1193 undequaque
1344 1121 1514 1175 muris
1554 1119 1882 1175 ﬁrmissimis

296 1225 460 1270 teme
489 1213 669 1282 inniti,
690 1214 939 1270 arbitrati
967 1225 1115 1279 sunt,
1145 1215 1540 1284 antipodasque
1574 1220 1879 1282 negarunt:

297 1305 400 1359 rati
434 1320 540 1360 non
571 1320 731 1375 posse
762 1304 1009 1361 homines
1039 1306 1093 1359 in
1131 1305 1397 1373 oppositis
1434 1314 1590 1359 terrae
1636 1303 1882 1373 partibus

292 1399 539 1454 adversis
567 1399 812 1470 vestigiis
857 1408 1027 1468 stare,
1058 1398 1393 1468 sphreraeque
1414 1398 1723 1468 opinionem
1755 1412 1880 1451 cum

292 1491 574 1562 Scriptura
603 1492 782 1547 divina
814 1504 1076 1560 pugnare.
1105 1489 1372 1545 Nimirum
1402 1490 1577 1554 Deus,
1604 1490 1695 1559 qui
1728 1488 1881 1545 nobis

1991 846 2136 900 enim
2172 860 2282 901 non
2317 847 2479 904 modo
2526 847 2752 904 Patrum
2796 851 3108 920 opinionem
3155 868 3255 924 pro
3276 854 3441 916 °virili
3490 855 3590 910 de-

1990 936 2180 1007 fendit,
2211 949 2265 993 et
2311 940 2379 995 ab
2414 951 2730 996 exterorum
2778 954 2979 1000 conatu
3015 946 3300 1009 vindicare
3347 949 3582 1019 satagit;

1985 1029 2082 1084 sed
2125 1030 2313 1093 etiam.
2358 1038 2619 1100 quantum
2671 1032 2904 1091 facultas
2953 1036 3183 1093 humana
3238 1048 3445 1108 potest,
3488 1054 3588 1094 ex-

1987 1121 2151 1188 plicat
2197 1129 2251 1177 et
2282 1122 2478 1190 aperit,
2525 1123 2620 1192 qui
2669 1125 2883 1194 possint
2930 1129 3225 1184 secundum
3260 1140 3581 1187 sanctorum

1986 1213 2206 1269 Patrum
2255 1215 2618 1281 sententiam,
2664 1232 2859 1273 cursus
2928 1217 3082 1286 solis,
3133 1220 3367 1291 eclipses
3420 1222 3584 1290 lunae,

1989 1316 2261 1359 astrorum
2329 1301 2539 1370 mutus,
2594 1316 2900 1381 cmtcraqne
2951 1311 3135 1366 omnia
3201 1312 3451 1382 intelligi.
3505 1313 3581 1369 lbi

1993 1399 2214 1452 videsis.
2263 1397 2390 1473 Haec
2444 1399 2498 1453 in
2541 1402 2885 1458 eruditorum
2937 1404 3285 1459 commodum
3341 1406 3584 1476 prmtnit-

1992 1477 2149 1542 tentia
2199 1489 2475 1546 duximus.
2517 1491 2595 1546 'l‘u
2632 1507 2781 1556 vero,
2832 1494 3063 1550 candide
3122 1492 3314 1562 lector,
3364 1495 3485 1551 vale
3527 1505 3585 1550 et

290 1592 512 1639 sanctus
542 1583 659 1639 illos
693 1585 744 1637 in
778 1583 1038 1639 doctrinm
1088 1597 1410 1652 murumque
1446 1583 1733 1651 magistros
1764 1595 1891 1651 pro-
1923 1569 1966 1626 Β
1997 1579 2081 1635 his
2107 1578 2309 1636 fruere.

290 1742 665 1763 ...ι’-³*

877 1901 1683 2037 ΕΥΣΕΒΙΟΥ
1760 1896 2991 2039 ΥΠΟΜΝΗΜΑΤΑ

1590 2145 1761 2231 ΕΙΣ
1819 2147 2218 2233 ΗΣΑΙΑΝ
2235 2209 2257 2231 .

538 2466 1099 2585 EUSEBII
1179 2467 2238 2590 COMMENTARIA
2319 2476 2469 2590 IN
2558 2470 3244 2591 HESAIAM.

816 2848 1214 2902 ΚΕΦΔΛΑΙυΝ
1252 2847 1332 2904 A'.

2609 2846 2842 2903 CAPUT
2894 2845 2935 2902 ι.

352 2960 371 2993 ι
421 2940 661 3012 Ὅρασις
706 2939 771 3009 ἠν
807 2938 915 2993 ἴδεν
960 2940 1190 3005 Ἡσαΐας
1238 2940 1353 3004 υἱὸς
1393 2939 1605 3012 Ἀμίτας,
1653 2942 1719 3013 ἢν
1761 2940 1869 2994 ἴδεν

2053 2940 2217 2997 Vens.
2261 2942 2314 3007 i,
2363 2940 2418 2996 9..
2482 2960 2502 2993 ι
2537 2939 2686 2997 Visio
2719 2954 2885 3011 quam
2942 2938 3078 2997 vidit
3141 2938 3371 2996 llesaias
3422 2941 3575 2998 illius

275 3032 420 3087 κατὰ
444 3032 547 3102 τῆς
584 3029 848 3094 Ἰουδαίας
885 3032 981 3085 καὶ
1012 3030 1156 3086 κατὰ
1209 3031 1567 3104 Ἰερουσαλὴμ
1618 3033 1678 3086 ὲν
1713 3032 1867 3103 βασι-

274 3125 395 3197 )εἰςι
429 3122 645 3187 Ὀζίου,
687 3123 782 3176 καὶ⁵
825 3122 1198 3196 Ἰωαθὰμ,καὶ
1234 3124 1423 3195 Ἀχὰζ,
1460 3124 1556 3179 καὶ
1597 3122 1864 3191 Ἐζεκίου,

273 3215 324 3269 οἱ
366 3214 725 3269 ἐϐασίλευσαν
765 3215 868 3286 τῆς
920 3215 1199 3280 Ἰουδαίας.
1240 3218 1464 3282 Ἄκουε,
1493 3217 1725 3291 οὐρανὲ,
1771 3218 1870 3273 καὶ

271 3306 550 3372 ἑνωτίζου.
585 3308 682 3379 γῆ,
721 3308 803 3361 ὅτι
832 3308 1037 3381 Κύριος
1065 3309 1347 3382 ἐλάλησεν.
1386 3311 1551 3375 Υἱοὺς
1600 3310 1869 3382 ἐγέννησα

272 3397 369 3457 καὶ
396 3397 623 3468 ὕψωσασ
653 3400 808 3454 αὐτοὶ
836 3400 894 3454 δέ
930 3417 997 3472 με
1027 3401 1323 3474 ἠθέτησαν.
1359 3423 1379 3456 i
1408 3403 1671 3468 Σύνθετος
1709 3406 1738 3459 ὁ
1773 3403 1868 3458 ἄν-

270 3493 490 3563 θρωπος
522 3494 587 3545 ἐκ
617 3491 798 3564 ψυχῆς
824 3494 917 3547 καὶ
943 3492 1213 3566 σώματος’
1241 3497 1273 3560 ἡ
1307 3495 1444 3568 σὰρξ
1471 3496 1580 3551 ἀπὸ
1609 3496 1711 3568 τῆς
1739 3500 1864 3569 γῆς,

269 3585 304 3655 ἡ
329 3582 477 3655 ψυχὴ
518 3583 768 3656 οὐρανία.
814 3586 968 3640 Ἐπεὶ
1004 3582 1099 3640 οὖν
1143 3587 1280 3660 πρὸς
1318 3589 1607 3661 ἀμφότερα
1629 3588 1865 3661 αῠτῶνή

270 3675 564 3744 συγγένειά
584 3678 754 3741 ἐστιν,
781 3678 874 3730 ἐπὶ
892 3677 1001 3732 τῶν
1026 3679 1374 3735 οἰκειοτάτων
1401 3680 1568 3736 αὐτοῦ
1602 3682 1701 3754 τὴν
1731 3700 1868 3755 μαρ-

267 3766 459 3839 τυρίαν
510 3767 724 3839 ἐλέγχει
759 3785 773 3800 ο
825 3787 845 3821 ι
897 3769 1376 3842 Υἰοὺς’ὲγέννησα
1438 3774 1535 3828 καὶ
1583 3774 1798 3844 ὕψωσα.
1838 3794 1859 3827 ι

268 3858 582 3929 Γεννήσεως
641 3846 781 3933 εἴδη
817 3859 940 3914 δύου
973 3863 1007 3933 ὴ
1036 3862 1132 3933 μὲν
1164 3864 1361 3934 ήκατὰ
1384 3865 1517 3919 Θεὸν
1559 3867 1861 3937 μόρφωσις,

266 3950 331 4016 ἐξ
361 3951 540 4021 ἔργων
597 3953 694 4006 καὶ
729 3953 1044 4026 παραδοχῆς
1091 3953 1378 4026 δογμάτων
1420 3956 1815 4029 ἐπιτελουμένη
1841 3975 1857 3991 ο

266 4042 345 4108 ὡς
370 4045 538 4115 γεννᾷ
565 4042 778 4108 Παῦλος
794 4044 862 4098 δι’
883 4045 1218 4115 Εὐαγγελίου
1240 4048 1368 4112 τοὺς
1391 4048 1641 4120 μαθητὰς
1670 4050 1861 4106 αὐτοῦ.

344 4330 364 4362 ι
396 4312 581 4381 Ἔγνω
611 4310 739 4383 βοῦς
759 4314 852 4367 τὸν
873 4315 1238 4386 κτησάμενον,
1260 4315 1355 4370 καὶ
1382 4314 1503 4380 ὄνος
1525 4315 1623 4388 τὴν
1651 4319 1861 4390 φάτνην

1976 3031 2166 3097 Amos,
2198 3046 2365 3101 quam
2400 3030 2535 3086 vidit
2563 3039 2760 3086 contra
2797 3027 3063 3098 Iudaeam,
3093 3039 3150 3085 et
3188 3039 3377 3087 contra
3400 3028 3564 3086 Jeru-

1973 3123 2166 3191 Salem,
2193 3122 2552 3194 regnantibus
2582 3121 2738 3189 Ozia,
2782 3122 3060 3189 Joatham,
3113 3122 3298 3178 Acha:
3331 3130 3386 3177 et
3427 3123 3565 3178 Exeo

1971 3215 2121 3282 chia,
2149 3216 2242 3285 qui
2287 3224 2656 3286 regnaverunt
2707 3216 2762 3270 in
2808 3214 3019 3275 Judtea.
3065 3214 3205 3271 Audi
3239 3214 3463 3280 ctelum,
3507 3225 3566 3270 et

1973 3306 2200 3360 auribus
2225 3305 2444 3377 percipe
2490 3316 2660 3373 terra,
2708 3307 2839 3378 quia
2881 3306 3147 3363 Dominus
3176 3305 3394 3363 locutus
3452 3318 3559 3362 est.

1971 3398 2138 3454 Filios
2163 3399 2325 3470 genui
2354 3407 2409 3453 et
2432 3397 2667 3455 exaltavi
2698 3415 2714 3453 :
2745 3399 2820 3455 illi
2856 3409 3037 3454 autem
3068 3406 3557 3469 spreveruntme.»

1972 3487 2148 3547 llumo
2175 3506 2241 3548 ex
2270 3493 2455 3548 anima
2484 3500 2538 3546 et
2565 3506 2799 3560 corpore
2821 3491 3153 3547 constitutus
3181 3500 3304 3547 est:
3332 3506 3461 3547 caro
3492 3505 3559 3547 ex

1971 3594 2140 3647 terra.
2195 3584 2377 3640 anima
2432 3583 2680 3641 caelestis
2731 3582 2972 3639 exsistit.
3036 3581 3174 3650 Quia
3229 3598 3362 3640 vero
3430 3598 3557 3638 cum

1970 3685 2200 3744 utroque
2229 3691 2421 3732 eorum
2450 3676 2838 3748 cognationem
2866 3676 3031 3731 habet
3057 3676 3257 3743 homo,
3296 3677 3444 3732 circa
3485 3691 3552 3731 ea

1967 3783 2088 3839 qua:
2144 3768 2243 3839 ipsi
2311 3769 2551 3824 maxime
2598 3767 2819 3838 propria
2895 3775 3026 3823 sunt
3090 3767 3402 3824 testimonio
3456 3782 3560 3824 suo

1968 3862 2143 3931 ipsum
2172 3861 2423 3931 coarguit
2454 3877 2469 3915 ι
2499 3879 2520 3914 ι
2542 3859 2712 3919 Filios
2743 3860 2907 3930 genui
2932 3866 2989 3916 et
3019 3859 3279 3919 exaltavi.
3311 3879 3331 3913 ι
3377 3857 3559 3917 Gene-

1965 3950 2200 4007 rationis
2252 3951 2372 4007 dua
2421 3950 2635 4021 species
2678 3959 2827 4019 sunt,
2877 3965 3108 4022 quarum
3156 3952 3260 4007 alia
3314 3960 3417 4014 est.
3464 3950 3555 4007 illa

1964 4042 2266 4097 secundum
2326 4040 2500 4097 Deum
2553 4040 2753 4109 forma,
2796 4055 2919 4111 quae
2957 4056 3024 4096 ex
3064 4040 3322 4110 operibus
3377 4046 3433 4095 et
3485 4053 3553 4093 ex

1966 4133 2349 4195 mandatorum
2403 4132 2755 4204 perceptione
2799 4132 3081 4205 perficitur
3122 4150 3137 4188 :
3177 4146 3285 4201 qua
3340 4131 3556 4187 ratione

1964 4224 2168 4282 Paulus
2196 4225 2492 4297 discipulos
2522 4240 2652 4281 suos
2683 4239 2782 4296 per
2808 4224 3165 4297 Evangelium
3195 4225 3391 4297 gignit.

2034 4315 2205 4375 Vsus.
2241 4316 2296 4373 5.
2337 4335 2357 4370 ι
2391 4317 2657 4390 Cognovit
2683 4318 2782 4375 bos
2823 4331 3222 4389 possessorem,
3261 4327 3318 4373 et
3366 4316 3555 4371 asinus

264 4401 360 4459 τοῦ
409 4402 599 4476 κυρίου
639 4403 805 4459 αὐτοῦ
832 4425 845 4439 ·
897 4407 1114 4479 Ἰσραὴλ
1141 4407 1199 4463 δέ
1242 4425 1311 4480 με
1354 4409 1455 4462 οὐκ
1495 4407 1656 4478 ἔγνω,
1702 4411 1795 4464 καὶ
1829 4414 1857 4466 ὁ

1972 4423 2202 4480 pmepe
2230 4408 2438 4464 domini
2474 4410 2579 4475 sui,
2611 4407 2781 4465 Israel
2803 4418 2985 4466 autem
3001 4424 3100 4465 me
3127 4423 3237 4464 non
3268 4408 3545 4480 cognovit,
3572 4426 3575 4427 ν

264 4492 393 4558 λαός
418 4511 487 4565 με
517 4494 580 4548 οὐ
607 4494 862 4566 συνῆκεν.
879 4515 896 4548 t
924 4494 1061 4561 Βοῦς
1088 4497 1188 4567 μὲν
1208 4497 1303 4551 καὶ
1322 4496 1464 4562 ὄνος,
1495 4502 1697 4570 φυσικῇ
1722 4517 1859 4569 φαν-

262 4585 431 4657 τασία
455 4588 582 4650 τοὺς
592 4586 893 4658 τρέφοντας
915 4588 1373 4658 ἐπιγινώσκουσιν
1389 4605 1404 4621 υ
1432 4591 1482 4644 οἱ
1505 4591 1562 4645 δὲ
1586 4590 1859 4663 τοσαύτης

261 4675 590 4742 ἀξιωθέντες
622 4678 776 4751 παρὰ
802 4679 897 4734 τοῦ
923 4678 1060 4735 Θεοῦ
1084 4680 1361 4753 προνοίας,
1381 4681 1457 4745 ὡς
1488 4681 1562 4754 μὴ
1593 4681 1751 4754 μόνον
1770 4682 1859 4736 λο-

261 4771 455 4837 γικοὺς
484 4771 851 4849 καταστῆναι,
884 4770 1022 4825 ἀλλὰ
1055 4771 1151 4826 καὶ
1191 4770 1320 4826 λαὸν
1350 4772 1485 4827 Θεοῦ
1518 4776 1857 4846 χρηματίσαι

263 4858 690 4933 καταξιωθῆναι,
720 4864 853 4917 υἱῶν
911 4880 970 4917 τε
1009 4865 1352 4936 προσηγορίᾳ
1376 4866 1701 4937 τιμηθῆναι,
1746 4869 1881 4927 οὐδ’,

259 4951 469 5025 ὕμοιως
518 4956 634 5019 τοῖς
685 4955 901 5025 ἀλόγοις
936 4954 1218 5028 θρέμμασι
1256 4957 1347 5010 τὸν
1396 4959 1734 5029 γεννήσαντα
1763 4961 1859 5017 καὶ

261 5045 564 5119 θρέψαντα,
600 5049 911 5122 τιμήσαντά
941 5066 1002 5103 τε
1043 5049 1139 5103 καὶ
1183 5049 1476 5120 ὑψώσαντα
1516 5053 1715 5117 αὐτοὺς
1745 5053 1859 5108 Κύ-

261 5156 379 5211 ριον
405 5139 674 5209 ἔγνωσαν.
705 5138 872 5214 Οἶμαι
890 5142 948 5197 δὲ
969 5142 1059 5197 διὰ
1082 5141 1290 5197 τούτων
1315 5144 1671 5216 προφητικῶς
1691 5144 1859 5199 αἰνίτ-

257 5226 475 5296 τεσθαι,
485 5233 563 5296 ὡς
576 5233 669 5288 τὸν
678 5234 724 5287 Χ
735 5233 916 5305 ριστὸν
926 5234 1020 5289 τοῦ
1031 5234 1168 5289 Θεοῦ
1184 5235 1345 5290 αὑτὸν
1371 5236 1500 5291 ὄντα
1511 5236 1603 5291 τὸν
1631 5237 1714 5291 Κύ
1723 5256 1856 5311 ριον,

262 5320 452 5392 μόνοις
481 5323 664 5388 αὐτοῖς
689 5324 749 5392 ἐξ
780 5325 1037 5380 ἁπάντων
1073 5324 1185 5380 τῶν
1226 5325 1400 5380 ἐθνῶν
1442 5328 1858 5403 ἐπιδημήσαντα

256 5412 406 5478 κατὰ
446 5415 546 5487 τὴν
619 5416 1069 5489 ἐνανθρώπησιν,
1151 5418 1212 5471 οὐ
1268 5409 1689 5491 παραδέξονται,
1738 5423 1861 5478 οὐδὲ

258 5506 660 5577 ἑτειγνὼσονται
691 5509 876 5577 αὐτὸν,
924 5509 1046 5565 οὐδὲ
1076 5510 1391 5581 νοήσουσιν,
1427 5512 1540 5565 ἀλλ’
1574 5514 1692 5567 οὐδὲ
1727 5532 1859 5571 συν-

257 5599 475 5670 ﬁscum.

339 5708 358 5742 ε
394 5690 533 5745 Οὐαὶ
577 5692 727 5760 ἔθνος
771 5696 1113 5770 ἁμαρτωλὸν,
1140 5699 1269 5766 λαὸς
1294 5698 1507 5773 πλήρης
1542 5699 1815 5773 ἁμαρτίας
1840 5740 1853 5767 ,

1959 4510 2015 4555 ct
2049 4500 2285 4571 populus
2318 4515 2407 4555 me
2443 4515 2553 4557 non
2591 4498 2887 4556 intellexit.
2914 4517 2938 4552 ι
2972 4499 3079 4555 Bos
3105 4499 3324 4569 quidem
3355 4506 3411 4554 et
3439 4499 3551 4553 asi-

1959 4606 2063 4647 nus
2099 4607 2167 4647 ex
2211 4589 2444 4646 naturali
2501 4590 2764 4646 instinctu
2801 4604 2917 4655 eos,
2964 4589 3059 4659 qui
3092 4588 3412 4644 alimentum
3441 4586 3546 4648 sibi

1959 4683 2348 4755 suppeditant,
2401 4681 2907 4754 cOgnoscunt:qui
2963 4696 3095 4737 vero
3143 4688 3296 4734 tanta
3353 4694 3385 4734 a
3439 4679 3550 4736 Deo
3614 4680 3617 4683 ’

1959 4774 2306 4843 providentia
2332 4775 2537 4845 dignati
2563 4783 2723 4839 sunt,
2754 4783 2813 4829 ut
2854 4788 2963 4829 non
3003 4772 3164 4827 modo
3194 4770 3553 4828 rationabiles

1959 4874 2165 4931 essent,
2194 4866 2290 4923 sed
2316 4866 2481 4923 etiam
2520 4865 2755 4939 populus
2790 4865 2884 4920 Dei
2915 4874 3261 4930 vocarentur,
3287 4864 3551 4919 liliorumo

1958 4969 2065 5025 que
2095 4956 2315 5013 nomine
2340 4967 2693 5021 ornarentur,
2730 4970 2839 5011 non
2887 4954 3006 5025 pari
3042 4965 3207 5026 atque
3245 4955 3404 5011 bruta
3454 4955 3547 5025 ju-

1960 5054 2147 5103 tnenta
2179 5048 2341 5105 modo
2369 5064 2494 5104 eum
2526 5048 2618 5118 qui
2650 5062 2710 5103 se
2739 5047 2947 5118 genuit,
2982 5048 3263 5115 enutrivit,
3302 5048 3546 5104 honora-

1958 5139 2046 5194 vit»
2092 5148 2152 5196 et
2204 5141 2489 5207 exultavit,
2542 5139 2830 5195 Dominum
2878 5155 3175 5213 agnovere.
3236 5141 3332 5197 His
3383 5157 3548 5210 porro

1959 5232 2196 5291 arbitror
2218 5235 2538 5306 prophetiae
2570 5233 2927 5302 subindicari,
2953 5237 3070 5291 l'ore
3092 5243 3151 5290 ut
3178 5233 3349 5291 Judaei
3372 5234 3544 5300 illum,

1958 5332 2051 5402 qui
2099 5330 2350 5387 Christus
2399 5329 2495 5385 Dei
2543 5336 2601 5384 et
2636 5327 2758 5399 ipse
2802 5329 3108 5396 Dominus,
3146 5332 3353 5402 quique
3402 5333 3545 5403 apud

1961 5424 2106 5492 illos,
2144 5439 2258 5495 prae
2286 5423 2410 5478 aliis
2438 5423 2697 5480 omnibus
2722 5425 2996 5494 gentibus,
3043 5424 3206 5480 homo
3230 5425 3548 5497 pcregrina-

1964 5527 2054 5575 tus
2086 5524 2197 5581 est,
2232 5530 2341 5571 non
2369 5516 2739 5587 susciperent,
2772 5531 2950 5588 neque
2982 5527 3396 5586 cognoscerent,
3443 5529 3545 5574 nec

1962 5617 2142 5665 mente
2173 5606 2556 5679 intelligerent.

2040 5699 2208 5758 Vitas.
2252 5700 2302 5759 4.
2366 5702 2503 5759 t\'a:
2565 5702 2709 5774 genti
2764 5700 3086 5775 peccatrici,
3134 5702 3333 5776 populo
3378 5702 3543 5775 pleno

3613 4208 3765 4287 Ιίῖστ,
3790 4201 3874 4278 iv.
3905 4216 3999 4276 15‘.
