4062 6396
457 295 519 350 9|
1140 293 1409 350 EUSEBll
1450 289 1934 351 CESARIENSIS
1973 293 2122 350 OPP.
2165 282 2345 350 PARS
2383 295 2469 349 Ill.
2513 325 2582 339 -
2619 292 3036 352 EXEGETICA.
3667 295 3742 349 92

415 407 764 514 antiquitate,
793 409 987 464 senriui
1029 408 1194 476 malo,
1227 409 1352 464 filiis
1391 410 1615 480 iniquis.
1669 409 2044 478 Dereliquistis

2156 411 2376 483 σπέρμα
2397 410 2654 482 πονηρὸν,
2674 409 2782 462 υἱοὶ
2807 408 3019 480 ἄνομοι.
3055 405 3474 474 Ἐγκατελίπετε
3509 404 3600 458 τὸν
3625 405 3742 458 Κύ-

431 501 767 597 Ξυοιηιιιιιιιι,
802 511 857 555 et
894 502 1152 557 irritastis
1200 509 1452 556 sanctum
1503 501 1666 556 Israel
1699 521 1712 556 :
1744 502 2039 556 abalienati

456 601 581 646 sunt
645 603 970 648 retrorsum.
1004 611 1022 644 ι
1089 590 1216 646 Ideo
1275 607 1405 662 ergo
1457 591 1770 647 Judaaorum
1824 603 2040 662 gentem

457 685 704 755 coarguit
760 685 1126 754 miseramque
1183 686 1444 755 prtedicat
1497 685 1738 753 Spiritus
1795 697 2041 750 sanctus,

457 776 580 844 quia
617 775 856 829 omnium
888 776 1046 844 plane
1080 777 1324 845 gentium
1369 777 1608 831 deterior
1658 785 1763 842 est,
1815 786 1869 831 et
1915 777 2043 846 quia

458 866 532 919 illi
567 881 743 933 neque
769 880 834 919 ex
860 866 1172 934 adoptione,
1218 881 1396 935 neque
1425 881 1492 922 ex
1534 868 1746 923 honore
1780 867 2045 924 divinitus

459 957 564 1012 sibi
614 957 833 1023 collato,
887 957 1114 1011 exaltati
1163 957 1444 1023 videlicet,
1498 975 1563 1014 ac
1609 960 2045 1027 praecellentibus

461 1050 779 1105 muneribus
815 1050 881 1102 ab
909 1064 975 1103 eo
1002 1051 1210 1116 donati,
1245 1051 1520 1120 quidpiam
1567 1053 1818 1107 utilitatis
1855 1069 2044 1122 perceo

461 1149 656 1210 perunt
686 1159 700 1195 :
733 1143 841 1195 imo
881 1157 1008 1196 vero
1037 1157 1104 1196 ne
1131 1157 1197 1196 ex
1232 1142 1406 1210 plagis
1454 1143 1671 1213 quidem
1707 1153 1760 1199 et
1805 1147 2045 1216 castiga-

462 1233 722 1296 tionibus,
776 1233 930 1300 queis
971 1249 1000 1286 a
1047 1233 1158 1286 Deo
1199 1233 1516 1302 frequenter
1568 1236 1618 1289 vi
1666 1236 1873 1291 amoris
1925 1251 2050 1305 per-

469 1333 644 1388 moto,
681 1323 979 1391 impietatis
1008 1339 1119 1378 sua:
1171 1340 1337 1394 causa
1374 1323 1556 1381 allecti
1604 1337 1751 1394 sunt,
1805 1328 2050 1398 resipue-

464 1424 590 1468 runt
619 1430 634 1468 :
668 1428 814 1478 nam,
859 1431 878 1464 ι
905 1429 1064 1478 «ptem
1096 1416 1274 1486 diligit
1311 1417 1591 1482 Dominus,
1645 1419 1900 1488 castigat,
1949 1419 2047 1473 fla-

475 1505 639 1574 gellat
667 1512 844 1557 autem
878 1517 1092 1557 Omnem
1127 1505 1318 1569 filium,
1351 1521 1510 1576 quem
1539 1507 1735 1578 accipit
1760 1511 1825 1563 ¹⁴”.
1855 1526 1874 1560 ι
1917 1508 2050 1575 Quis

463 1605 641 1648 autem
680 1594 769 1648 ille
802 1595 924 1661 fuit,
971 1611 1128 1662 quem
1161 1595 1568 1664 dereliquerunt
1592 1637 1608 1662 ,
1641 1599 1749 1652 nisi
1776 1599 2046 1667 Christus,

462 1700 621 1752 quem
668 1683 791 1752 quia
840 1684 1194 1740 irritaverant
1245 1695 1299 1739 et
1339 1686 1774 1758 dereliquerunt,
1817 1705 1878 1747 ea
1929 1706 2050 1760 qua:

461 1777 866 1843 subsequuntur
898 1778 1138 1846 perpessi
1171 1778 1340 1832 sunt?
1917 1849 1922 1854 ἰ

536 1867 695 1920 Vnus.
735 1867 790 1929 5,
823 1868 874 1922 6.
924 1885 942 1917 ι
975 1866 1118 1933 Quid
1148 1868 1326 1923 adhuc
1355 1871 1744 1938 percutiamiui
1777 1873 2040 1940 adjicien-

463 1970 544 2014 tes
577 1957 920 2026 iniquitatem
942 1959 1158 2013 ?.omne
1206 1970 1371 2029 caput
1417 1961 1470 2014 in
1521 1961 1726 2028 labore,
1781 1972 1834 2018 et
1886 1980 2050 2020 omne

459 2066 555 2107 cor
596 2051 648 2104 in
702 2051 965 2113 tristitia;
1005 2067 1032 2103 a
1075 2051 1303 2119 pedibus
1336 2067 1509 2122 usque
1532 2055 1598 2108 ad
1631 2066 1794 2124 caput
1827 2071 1936 2110 non
1963 2065 2049 2111 est

461 2141 614 2196 inec
643 2141 875 2195 sanitas.
929 2140 1156 2206 Vulnus,
1209 2140 1372 2206 livor,
1423 2143 1582 2214 plaga
1639 2156 1877 2200 tumens.
1931 2146 2046 2200 Non

461 2233 590 2288 licet
614 2231 879 2301 malagma
916 2233 1200 2303 imponere
1221 2273 1236 2300 ,
1273 2249 1446 2304 neque
1472 2236 1675 2302 oleum,
1709 2254 1886 2306 neque
1915 2239 2048 2309 liga-

461 2335 662 2379 menta.
690 2342 713 2372 ›
754 2325 856 2390 Qui
891 2324 1004 2379 fieri
1042 2333 1276 2394 poterat,
1310 2335 1369 2380 ut
1399 2326 1544 2381 aliud
1579 2330 1646 2382 ad
1679 2330 1971 2385 sanitatem
1995 2340 2051 2387 et

463 2414 693 2469 salutem
735 2416 1132 2470 restituendam
1164 2416 1520 2486 pharmacum
1557 2421 1900 2490 reperirent,
1953 2423 2046 2492 qui

463 2505 750 2560 Dominum
811 2507 1150 2576 abnegarant
1191 2523 1205 2559 :
1251 2523 1410 2577 quem
1470 2525 1574 2564 non
1627 2523 1898 2574 noverunt
1946 2529 2048 2569 nec

465 2598 850 2652 inteltexerunt
897 2599 1186 2653 advenisse
1230 2599 1334 2654 sibi
1392 2601 1698 2654 animarum
1749 2604 2045 2668 medicum,

463 2691 553 2760 qui
590 2691 738 2746 solus
789 2707 1007 2747 omnem
1057 2696 1307 2748 morbum
1351 2699 1407 2746 et
1469 2706 1688 2748 omnem
1738 2695 2046 2750 animarum

464 2779 836 2834 infirmitatem
866 2795 1060 2834 curare
1091 2780 1339 2848 poterat?

538 2868 706 2921 Vens.
743 2867 795 2928 7,
844 2867 896 2921 8.
961 2885 979 2917 ι
1020 2866 1188 2921 Terra
1249 2874 1428 2922 vestra
1490 2867 1742 2936 deserta,
1793 2871 2048 2930 civitates

464 2967 659 3012 vestra:
705 2972 982 3012 succensa:
1025 2958 1136 3027 igni
1173 2977 1185 3011 :
1225 2959 1506 3028 regionem
1566 2970 1808 3016 vestram
1859 2978 2044 3019 coram

469 3047 625 3102 vobis
656 3048 818 3101 alieni
869 3049 1179 3104 devorant:
1222 3059 1276 3104 et
1319 3049 1565 3105 desolata
1617 3061 1720 3119 est,
1773 3069 1966 3110 eversa
2016 3071 2045 3109 a

464 3139 677 3211 pepulis
708 3139 923 3205 alienis,
949 3142 1092 3195 sicut
1116 3141 1527 3198 tabernaculum
1547 3141 1600 3196 in
1623 3144 1806 3211 vinea,
1835 3155 1887 3202 et
1909 3147 2051 3202 sicut

466 3231 739 3303 tugurium
770 3234 824 3286 in
871 3235 1274 3299 cucumerario,
1329 3235 1475 3290 sicut
1522 3236 1718 3293 civitas
1753 3238 1999 3295 obsessa.
2027 3259 2046 3293 ι

464 3323 546 3378 Ad
569 3323 869 3378 custodiam
901 3323 1172 3380 fructuum
1212 3327 1266 3380 in
1297 3326 1471 3383 vineis
1502 3329 1844 3384 nascentium
1879 3331 2055 3400 figun-

467 3425 556 3468 tur
594 3415 852 3470 tentoria.
912 3416 1047 3470 Cum
1101 3433 1231 3487 ergo
1284 3420 1444 3475 vinea
1496 3421 1732 3490 propriis
1781 3419 2053 3482 fructibus

466 3506 636 3574 probe
691 3506 957 3561 instructa
1017 3515 1138 3574 est,
1185 3509 1334 3564 omni
1381 3525 1512 3566 cura
1581 3521 1636 3566 et
1682 3511 2054 3570 sollicitudine

473 3595 772 3650 tentorium
805 3606 1086 3662 servatur,
1124 3599 1281 3653 itaut
1307 3609 1494 3655 custos
1522 3601 1812 3672 diligenter
1846 3601 2058 3672 prospi-

466 3681 594 3748 ciat,
628 3697 716 3746 ne.
745 3682 838 3752 qui
867 3683 920 3737 in
957 3685 1039 3739 via
1068 3695 1419 3755 praetereunt,
1459 3689 1668 3745 fructus
1713 3690 1834 3761 ejus
1865 3692 2055 3747 decer-

468 3781 618 3838 pant.
660 3772 797 3828 Cum
849 3786 1028 3831 autem
1073 3777 1232 3832 vinea
1291 3779 1631 3837 infructuosa
1686 3792 1792 3850 est,
1845 3783 1977 3838 illud
2023 3798 2052 3837 a

465 3865 716 3930 custode,
742 3873 800 3918 ut
827 3876 1255 3922 consentaneum
1287 3880 1390 3937 est,
1431 3874 1740 3944 negligitur.
1766 3875 2050 3941 Quamob-

468 3967 582 4006 rem
618 3951 977 4009 lsraeliticum
1011 3958 1264 4025 pupulum
1296 3960 1618 4016 derelictum
1687 3964 1753 4018 iri
1807 3965 2056 4021 intermi-

470 4054 654 4108 natur,
734 4054 926 4114 utpote
985 4047 1078 4116 qui
1138 4059 1566 4106 consentaneum
1635 4053 1874 4110 fructum
1943 4072 2052 4113 non

467 4135 705 4190 emittat.
735 4136 1060 4192 'l‘imendum
1095 4141 1280 4210 itaque
1313 4143 1471 4204 nobis
1504 4154 1608 4209 est,
1633 4160 1702 4199 ne
1732 4147 2053 4205 infructuosi

468 4225 660 4292 simus,
697 4237 754 4281 ut
777 4243 846 4284 ne
866 4245 930 4283 ex
958 4229 1038 4284 ira
1068 4230 1163 4285 Dei
1193 4234 1533 4290 deseramur.
1570 4220 1811 4306 Spiritus
1831 4248 2055 4295 sanctus

393 4373 397 4376 ,
469 4319 675 4386 estqui
725 4335 821 4374 nos
859 4322 1118 4376 custodit.
1184 4323 1318 4379 Cum
1377 4325 1543 4395 igitur
1601 4327 1783 4382 anima
1834 4329 2050 4386 fructus

2152 519 2282 571 ριον,
2308 502 2402 555 καὶ
2418 500 2806 572 παρωργίσατε
2831 499 2920 552 τὸν
2939 499 3090 566 ἅγιον
3124 495 3218 550 τοῦ
3243 494 3476 567 ’Ῑσραήλε
3496 495 3740 566 ἀπηλλοο

2147 591 2457 664 τριὼθησαν
2487 594 2567 657 εἰς
2587 591 2656 645 τὰ
2676 591 2869 645 ὀπίσω.
2900 609 2918 642 ι
2950 589 3048 643 Διά
3069 588 3244 642 ταῦτα
3278 587 3408 656 γοῦν
3441 585 3743 656 ἀπελέγχει

2147 685 2208 737 τὸ
2252 685 2521 738 Ἰουδαίων
2573 683 2744 746 ἔθνος,
2783 682 2877 735 καὶ
2901 679 3176 745 ταλανὶζει
3207 679 3402 742 αὐτοὺς
3422 678 3482 730 τὸ
3516 676 3744 747 Πνεῦμα

2147 777 2208 828 τὸ
2235 777 2421 845 ἅγιον,
2471 775 2548 839 ὡς
2592 775 2812 828 πάντων
2843 773 2950 826 τῶν
2980 771 3149 826 ἐθνῶν
3174 770 3412 842 χείρους,
3442 769 3536 822 καὶ
3563 768 3640 830 ὡς
3678 769 3744 821 τὸ

2153 869 2317 941 μηδὲν
2353 868 2756 939 ὠφεληθέντας,
2795 869 2932 938 μήτε
2963 868 3026 918 ἐκ
3053 866 3150 936 τῆς
3185 862 3476 926 υἱοθεσίας,
3504 863 3641 934 μήτε
3682 860 3748 924 ἐξ

2147 958 2215 1033 ἦς
2245 959 2397 1030 παρά
2420 957 2558 1012 Θεοῦ
2582 959 2749 1029 τιμῆς
2775 956 3084 1027 ἠξιώθησαν
3101 972 3115 986 ο
3141 953 3448 1024 ὑψωθέντες
3467 954 3564 1007 καὶ
3591 951 3749 1004 πλεί-

2151 1068 2291 1104 στων
2336 1051 2477 1102 ὅσων
2511 1048 2804 1119 ἐξαιρέτων
2835 1045 2985 1116 παρὰ
3005 1043 3169 1097 αὑτοῦ
3198 1042 3588 1112 τετυχηκότεςο
3623 1039 3745 1093 ἀλλ’

2148 1142 2269 1196 ούδέ
2295 1142 2352 1208 ἐξ
2375 1133 2450 1194 ὧν
2474 1139 2736 1202 πολλάκις
2761 1137 3078 1208 ἐπλήγησαν
3109 1135 3175 1189 δι’
3191 1136 3294 1188 ὐπε
3305 1133 3496 1204 ρόολὴν
3518 1132 3745 1204 ἀγάπης

2149 1233 2284 1288 Θεοῦ
2313 1235 2644 1304 τυπτόμενοι
2673 1231 2767 1285 καὶ
2837 1227 3209 1298 κολαζόμενοι,
3234 1224 3344 1278 τῶν
3375 1223 3745 1294 ἀσεϐημάτων
3791 1303 3796 1306 _

2151 1325 2329 1378 αὐτῶν
2368 1325 2553 1378 ἕνεκεν
2578 1342 2590 1354 ·
2632 1342 2651 1375 ι
2701 1325 2798 1376 Ὃν
2845 1322 2952 1393 γὰρ
2995 1320 3186 1390 ἀγαπᾷ
3230 1316 3434 1386 Κύριος
3468 1312 3742 1376 παιδεύει,

2154 1418 2408 1488 μαστιγοῖ
2433 1415 2489 1468 δὲ
2521 1414 2698 1468 πάντα
2715 1413 2850 1476 υἱὸν,
2868 1412 2926 1465 ὃν
2947 1410 3328 1482 παραδέχεται.
3345 1426 3362 1457 ι
3379 1406 3475 1469 Τίς
3505 1404 3561 1458 δὲ
3583 1401 3653 1475 ἦν
3681 1404 3746 1458 δν

2152 1505 2529 1576 ἐγκατέλιπον,
2554 1505 2587 1576 ἢ
2605 1507 2634 1558 ό
2649 1504 2900 1576 Χριστός·
2921 1502 2980 1556 δν
3001 1501 3091 1555 διά
3116 1501 3178 1552 τὸ
3206 1497 3619 1571 παρωργικέναι
3645 1497 3745 1550 καὶ

2153 1597 2691 1667 ἐγκαταλελοιπέναι,
2737 1594 2808 1649 τά
2828 1594 2956 1665 ἑξῆς
2987 1591 3348 1662 ἐπιλεγόμενα
3373 1588 3741 1651 πεπόνθασιν;

2230 1881 2248 1912 ι
2292 1861 2355 1914 Τί
2403 1861 2484 1913 ἔτι
2535 1859 2780 1930 πληγῆτε
2835 1857 3220 1930 προστιθέντες
3269 1852 3533 1924 άνομίαν;
3589 1853 3745 1904 πᾶσα

2153 1952 2361 2022 κεφαλὴ
2389 1952 2467 2014 εἰς
2508 1951 2690 2012 πόνον,
2715 1949 2810 2002 καὶ
2854 1950 3002 2002 πᾶσα
3050 1945 3248 2017 καρδία
3280 1945 3361 2007 είς
3388 1943 3564 2008 λύπην
3585 1959 3597 1972 ο
3633 1941 3750 1995 ἀπὸ

2153 2043 2332 2097 ποδῶν
2378 2043 2483 2105 ἕως
2523 2039 2767 2110 κεφαλὴν
2812 2039 2913 2092 οὐκ
2946 2037 3092 2091 ἔστιν
3130 2029 3188 2090 ὲν
3231 2033 3380 2106 αὐτῷ
3428 2033 3743 2104 όλοκληρία.

2153 2135 2408 2208 Τραῦμα,
2445 2133 2682 2205 μώλωψ,
2738 2131 2920 2202 πληγὴ
2972 2129 3400 2200 φλεγμαίνουσα.
3443 2127 3572 2180 Ὀὐκ
3623 2125 3746 2179 ἐστι

2156 2223 2421 2294 μάλαγμα
2443 2221 2732 2285 ἐπιθεῖναι,
2759 2219 2884 2273 οὔτε
2909 2219 3108 2282 ἔλαιον,
3143 2216 3267 2271 οὔτε
3296 2215 3686 2287 καταδεσμούς.
3716 2235 3743 2268 a

2151 2316 2276 2380 Πῶς
2315 2317 2372 2369 δὲ
2410 2316 2504 2368 καὶ
2543 2309 2652 2368 οἷόν
2701 2331 2760 2366 τε
2814 2308 2882 2384 ἦν
2922 2312 3110 2382 ἕτερον
3159 2310 3358 2372 αὐτοὺς
3419 2309 3610 2377 ὑγείας
3649 2310 3748 2362 καὶ

2154 2407 2429 2479 σωτηρίας
2473 2403 2756 2474 ποιητικὸν
2788 2401 3045 2475 εὑρέσθαι
3089 2401 3382 2472 φάρμακον
3423 2398 3747 2471 ἀρνησαμέ-

2151 2514 2274 2561 νους
2318 2496 2408 2550 τὸν
2454 2495 2686 2566 Κύριονσ
2741 2493 2876 2565 μηδὲ
2921 2491 3304 2561 ἐπεγνωκότας
3359 2491 3544 2555 αὐτὸν,
3603 2487 3748 2559 μηδὲ

2153 2592 2430 2654 συνιέντας
2462 2589 2872 2661 ἐπιδημήσαντα
2887 2589 3069 2650 αὐτοῖς
3091 2587 3182 2640 τὸν
3208 2586 3314 2640 τῶν
3328 2583 3515 2656 ψυχῶν
3534 2582 3744 2655 ἰατρὸν,

2149 2685 2243 2736 τὸν
2275 2682 2434 2754 μόνον
2467 2684 2648 2735 πᾶσαν
2678 2681 2830 2732 νόσον
2865 2679 2959 2731 καὶ
3004 2680 3186 2730 πᾶσαν
3234 2674 3502 2747 μαλακίαν
3545 2670 3742 2742 ψυχῶν

2149 2774 2287 2847 ὁμοῦ
2315 2775 2409 2828 καὶ
2430 2771 2698 2842 σωμάτων
2730 2767 2983 2823 ἰάσασθαι
3011 2767 3310 2836 δυνάμενον
3331 2807 3346 2830 ,

2227 2885 2244 2916 ι
2290 2866 2354 2919 Ἡ
2384 2866 2456 2936 γῆ
2489 2862 2643 2934 ὑμῶν
2682 2861 2908 2933 ἔρημος,
2946 2860 3003 2912 αἱ
3047 2858 3231 2921 πόλεις
3275 2855 3430 2928 ὑμῶν
3473 2856 3750 2927 πυρίκαυ-

2153 2975 2267 3012 στοι
2295 2958 2396 3027 τὴν
2436 2953 2619 3026 χώραν
2649 2952 2802 3024 ὑμῶν
2840 2952 3071 3005 ἐνώπιον
3101 2948 3257 3020 ὑμῶν
3311 2948 3582 3020 ἀλλότριοι
3610 2965 3748 3002 κατ-

2152 3051 2423 3105 εσθίουσιν
2455 3049 2659 3119 αὑτήνο
2702 3046 2796 3099 καὶ
2835 3043 3118 3114 ὴρέμωται
3151 3041 3610 3112 κατεστραμμένη
3637 3039 3752 3095 ὑπὸ

2155 3143 2298 3198 λαῶν
2351 3141 2666 3212 ἀλλοτρίων,
2723 3139 2799 3202 ὼς
2851 3135 3024 3206 σκηνὴ
3073 3137 3132 3188 ἐν
3186 3133 3489 3206 ἀμπελῶνι,
3541 3134 3636 3187 καὶ
3667 3135 3750 3197 ὼς

2155 3235 2599 3308 όπωροφυλάκιον
2648 3236 2705 3288 ἐν
2741 3232 3075 3304 σικυηλάτῳ,
3108 3233 3185 3296 ὡς
3240 3232 3397 3295 πόλις
3427 3231 3755 3301 πολιορκουο

2160 3327 2291 3398 μένη
2309 3326 2404 3395 (4).
2419 3343 2436 3376 ι
2462 3327 2555 3389 Εἰς
2571 3323 2815 3397 φρουρὰν
2825 3323 2932 3376 τῶν
2953 3325 3010 3377 ἐν
3026 3325 3144 3385 ταῖς
3160 3321 3426 3392 ἀμπέλοις
3449 3318 3677 3392 καρπῶν
3689 3321 3750 3373 αἱ

2159 3417 2355 3488 σκηναὶ
2387 3419 2711 3488 πήγνυνται.
2745 3417 2912 3470 Ὅταν
2937 3415 3036 3486 μὲν
3065 3409 3158 3468 οῦν
3181 3407 3380 3486 εὐθηνῇ
3399 3416 3509 3475 τοῖς
3526 3411 3754 3476 οἰκείοις

2159 3514 2394 3582 καρποῖς
2425 3513 2458 3580 ἡ
2483 3509 2758 3581 ἄμπελος,
2799 3507 3213 3578 σπουδάζεταιή
3243 3506 3415 3578 σκηνὴ
3448 3505 3540 3558 καὶ
3566 3505 3754 3573 πάσης

2157 3602 2399 3667 ἀξιοῦται
2455 3601 2809 3672 ἐπιμελείας·
2856 3599 2997 3652 ὥστε
3042 3599 3134 3652 ἀπ’
3181 3597 3352 3668 αὐτῆς
3393 3593 3756 3649 κατοπτεύειν

2155 3695 2248 3748 τὸν
2275 3693 2511 3764 φύλακα,
2546 3694 2756 3763 μήποτε
2786 3691 3061 3763 τρυγῶσιν
3083 3690 3256 3759 αὐτὴν
3287 3689 3338 3740 οἱ
3360 3686 3755 3758 παραπορευό-

2168 3803 2317 3858 μενοι
2363 3785 2463 3855 τὴν
2512 3784 2654 3837 ὁδόν.
2705 3784 2870 3836 Ὅταν
2923 3781 2981 3835 δὲ
3033 3781 3285 3852 ἄκαρπος
3329 3775 3404 3852 ᾖ,
3463 3777 3758 3848 ἀμελεῖται

2160 3877 2474 3946 ἀναγκαίως
2515 3876 2615 3945 τῆς
2649 3871 2899 3943 ἀμπέλου
2941 3871 3011 3925 τὰ
3053 3870 3420 3941 φυλακτήρια.
3461 3867 3559 3921 Διά
3589 3867 3758 3928 τοῦτο

2157 3967 2253 4020 τοῦ
2298 3964 2693 4038 Ἰσραηλιτικοῦ
2724 3963 2851 4017 λαοῦ
2882 3964 2981 4034 τὴν
3009 3960 3394 4031 ἐγκατάλειψιν
3411 3959 3642 4023 ἀπειλεῖ,
3673 3961 3757 4023 ὡς

2163 4061 2237 4132 μὴ
2265 4057 2742 4131 καρποφοροῦντος
2767 4057 2837 4111 τά
2876 4055 3256 4111 ἐπιϐάλλοντα.
3291 4053 3622 4124 Φοδηθῶμεν
3655 4047 3755 4104 οῦν

2159 4146 2298 4203 εἶναι
2347 4151 2606 4220 ἄκαρποι,
2660 4149 2734 4219 μὴ
2763 4145 3284 4217 ἐγκαταλειφθῶμεν
3311 4144 3415 4197 ὑπὸ
3436 4145 3536 4215 τῆς
3578 4143 3755 4214 ὀργῆς

2157 4239 2253 4292 τοῦ
2281 4239 2436 4293 Θεοῦ.
2473 4241 2546 4292 Τὸ
2595 4238 2865 4307 φυλάσσον
2913 4240 3082 4308 ἡμᾶς,
3114 4239 3176 4291 τὸ
3223 4237 3449 4308 Πνεῦμα
3493 4237 3554 4290 τὸ
3593 4237 3754 4305 ἅγιόν

2160 4330 2326 4382 ἐστιν.
2367 4329 2536 4382 Ὅταν
2582 4329 2680 4400 μὲν
2722 4325 2813 4382 οὖν
2859 4331 3184 4400 καρποφορῇ
3233 4330 3267 4400 ἡ
3311 4327 3458 4399 ψυχὴ
3483 4327 3608 4392 ἄξια
3639 4326 3754 4381 τῶν

468 4417 798 4464 atteruorum
830 4411 1211 4479 penuariorum
1252 4413 1445 4480 dignos
1489 4415 1719 4484 profert,
1771 4426 1885 4474 tum
1913 4422 2049 4490 'per-

2160 4419 2394 4475 αἰωνίων
2443 4419 2762 4491 ἀποθηκῶν,
2811 4421 3120 4492 παραμένει
3168 4421 3264 4475 καὶ
3308 4421 3600 4490 φυλάσσει,
3654 4421 3755 4474 καὶ

473 4509 657 4554 manet
685 4501 776 4556 ille
817 4510 1022 4567 custos,
1065 4511 1121 4557 et
1150 4502 1442 4574 singularis
1465 4507 1565 4562 feri
1601 4508 1828 4565 insidias
1863 4513 2051 4581 procul

472 4591 678 4662 abigit;
711 4607 838 4647 cum
869 4601 1051 4647 autem
1087 4609 1248 4648 uvam
1272 4594 1416 4651 fellis
1442 4607 1498 4652 et
1523 4600 1744 4656 botrum
1780 4604 2051 4658 amaritu-

471 4679 614 4735 dinis
644 4681 879 4751 profert,
935 4684 1333 4742 infructuosam
1387 4690 1628 4744 animam
1670 4691 1762 4747 ille
1805 4694 2049 4750 deserit:

471 4779 522 4823 et
549 4779 674 4826 tunc
698 4774 751 4827 in
773 4777 1022 4845 quemvis
1055 4777 1272 4834 brutum
1302 4780 1622 4850 cogitatum,
1647 4792 1701 4837 et
1726 4783 1778 4837 in
1802 4787 2052 4855 quamvis

471 4862 903 4922 irrationabilem
952 4872 1452 4942 concupiscentiam
1502 4874 1703 4929 decidit
1763 4876 1877 4933 illa.
1935 4876 2051 4932 Ple-

471 4967 700 5024 rumque
750 4973 914 5026 porro
946 4959 1232 5030 Scriptura
1269 4962 1524 5018 lsraelem
1575 4966 1790 5020 vineam
1851 4967 2055 5039 tropice

471 5055 779 5115 nuncupat;
819 5054 958 5123 ut‘,t
986 5049 1210 5107 Vineam
1244 5069 1309 5108 ex
1355 5054 1592 5126 Egypto
1636 5059 1998 5125 transtulisti;
2031 5079 2051 5112 ι

471 5145 547 5204 et,
613 5156 631 5190 ι
660 5137 827 5195 Vinea
862 5139 1004 5196 facta
1039 5153 1122 5198 est
1155 5146 1355 5202 dilecto
1385 5145 1434 5179 "
1456 5162 1496 5213 ;›
1546 5156 1621 5212 et,
1681 5165 1700 5199 ι
1726 5148 1838 5218 Ego
1873 5160 2054 5206 autem

473 5229 710 5300 plantavi
746 5242 796 5287 te
836 5232 1048 5289 vineam
1097 5234 1456 5304 fructuosam,
1505 5248 1674 5295 totam
1724 5254 1907 5295 veram
1956 5242 1996 5299 ³.
2030 5261 2052 5294 ι

2158 4511 2440 4584 πόρρωθεν
2479 4512 2734 4583 ἀπείργει
2764 4511 2864 4576 τὰς
2901 4511 2998 4565 τοῦ
3043 4513 3227 4584 μονιοῦ
3259 4512 3354 4565 τοῦ
3399 4513 3594 4584 ἀγρίου
3627 4514 3755 4566 ἐπι-

2157 4603 2383 4667 ϐουλάς·
2422 4604 2548 4656 ὅταν
2585 4603 2641 4656 δέ
2672 4602 2944 4674 σταφυλὴν
2983 4603 3146 4675 χολῆς
3179 4604 3399 4674 γεωργῇ
3425 4603 3522 4656 καὶ
3553 4602 3755 4673 βότρυν

2158 4694 2382 4765 πικρίας
2414 4695 2643 4767 ἐκφέρῃ,
2668 4694 3251 4766 ἐγκαταλιμπάνειτὴν
3279 4695 3525 4766 ἄκαρπον
3546 4695 3751 4764 ψυχήν·

2161 4787 2254 4839 καὶ
2280 4785 2398 4838 τότε
2430 4786 2536 4838 ὑπὸ
2565 4787 2771 4850 παντὸς
2801 4785 3064 4856 λογισμοῦ
3095 4784 3396 4858 θηριώδους
3430 4787 3526 4839 καὶ
3569 4785 3755 4857 πάσης

2155 4879 2350 4948 ἀλόγου
2383 4879 2684 4951 ἐπιθυμίας
2709 4883 3122 4935 καταπεσεῖται.
3158 4879 3435 4949 Πολλαχοῦ
3469 4879 3526 4932 δὲ
3553 4895 3716 4949 τροπι
3738 4910 3756 4922 ο

2155 4971 2267 5035 κῶς
2281 4971 2577 5042 ἀμπελῶνα
2596 4971 2685 5024 τὸν
2720 4971 2935 5044 Ἰσραὴλ
2956 4974 2984 5025 ὁ
3015 4970 3172 5038 λόγος
3197 4969 3594 5042 προσαγορεύει
3613 4985 3626 4998 α
3673 4969 3755 5032 ὡς

2153 5061 2234 5126 τὸ,
2262 5077 2280 5112 ι
2313 5061 2594 5132 ’Ἄμπελον
2622 5061 2681 5128 ἐξ
2717 5061 2996 5130 Αἰγύπτου
3031 5063 3166 5132 μετῆ
3179 5078 3294 5132 ρας·
3320 5062 3472 5123 ικαὶ,
3494 5081 3511 5111 ι
3545 5061 3755 5130 Ἀμπε⁹

2155 5149 2261 5203 λὼν
2293 5150 2524 5222 ἐγενήθη
2545 5149 2622 5221 τῷ
2648 5153 2835 5222 ὴγαπη
2845 5151 3007 5222 μένῳ⁸
3022 5170 3040 5203 ι
3058 5151 3173 5218 καὶ,
3199 5169 3218 5203 ι
3241 5151 3382 5220 Ἐγὼ
3401 5151 3458 5204 δὲ
3475 5149 3754 5220 ἐφύτευσά

2159 5261 2220 5296 σε
2244 5243 2490 5314 ἄμπελον
2543 5243 2915 5316 καρποφόρον,
2968 5244 3150 5298 πᾶσαν
3174 5243 3455 5315 ἀληθινήν.
3490 5262 3508 5295 ι
3540 5242 3603 5296 Et
3626 5241 3685 5295 δὲ
3718 5242 3751 5294 ό

550 5349 595 5381 ¹⁹
623 5349 784 5406 Prov.
817 5366 898 5415 ιιι,
922 5351 1008 5405 19..
1086 5354 1106 5384 ³
1130 5351 1270 5406 Psal.
1303 5370 1488 5418 um,
1522 5355 1576 5410 9.
1631 5366 1650 5394 ι
1675 5364 1692 5385 ί
1719 5361 1832 5418 Jsa.
1861 5378 1915 5427 v,
1951 5362 2002 5415 l.
2025 5361 2046 5392 ³

2156 5379 2181 5418 ’.
2217 5377 2276 5427 ιι,
2306 5363 2398 5422 21.

545 5446 622 5513 (4)
656 5443 750 5519 llis
773 5445 968 5519 similia
1001 5446 1164 5519 liabet
1194 5446 1631 5519 Hieronymusin
1671 5452 1816 5506 hunc
1849 5453 2048 5517 locum,

477 5524 640 5592 atque
675 5515 746 5568 ita
777 5516 1057 5586 loquitur:
1094 5535 1112 5570 ι
1146 5518 1200 5592 In
1233 5515 1609 5576 cucumerario
1641 5537 1878 5591 quoque,
1906 5515 2050 5592 quod

478 5583 626 5662 LXX
666 5583 940 5654 pomorum
999 5591 1290 5662 custodiam
1337 5599 1555 5662 vocant,
1623 5583 1876 5662 parvulus,
1916 5583 2052 5648 fiunt

480 5655 676 5710 casulm
723 5665 941 5726 propter
977 5660 1228 5714 ardorem
1271 5658 1401 5714 solis
1451 5675 1512 5713 ac
1542 5655 1734 5717 radios
1779 5664 2047 5718 declinau-

483 5727 579 5780 dos
602 5745 612 5780 :
635 5737 687 5782 et
717 5727 842 5782 inde
867 5728 947 5784 vel
982 5729 1339 5799 ltomiues,vel
1361 5730 1634 5799 bestiolas,
1656 5747 1772 5804 quac
1800 5733 2044 5791 insidiari

2165 5451 2340 5508 solent
2387 5449 2528 5504 natis
2552 5448 2818 5520 frugibus,
2843 5451 3085 5520 abigunt.
3141 5451 3277 5506 Cum
3331 5461 3510 5506 autem
3560 5451 3743 5506 ablata

2160 5520 3010 5592 fuerintistiusmodigenimina,
3051 5531 3331 5577 remanent
3371 5523 3578 5577 arentia
3632 5522 3746 5575 fru-

2160 5593 2324 5647 ticum
2378 5591 2735 5656 umbracula,
2791 5591 3097 5660 casulmque
3145 5593 3429 5648 recedente
3479 5593 3743 5647 custode:

2156 5661 2413 5733 quianon
2448 5661 2608 5716 habet
2638 5661 2778 5733 ultra
2807 5661 2950 5730 quod
2982 5673 3196 5733 servet,
3219 5681 3237 5715 ι
3266 5674 3318 5719 et
3351 5674 3544 5719 cattcra
3569 5705 3582 5732 ,
3621 5677 3747 5733 qua

2158 5730 2282 5789 item
2325 5731 2408 5787 ille
2448 5730 2745 5802 transtulit,
2777 5733 2870 5789 sed
2899 5732 3260 5799 ωνοπτικιῦς.
