4062 6400
260 393 332 452 93
1265 383 1771 441 COM'MENTABIA
1812 383 1879 438 IN
1916 382 2171 439 ISAIAM.
2213 415 2279 426 —-
2316 382 2471 438 CAP.
2510 383 2552 438 1.
3452 382 3524 439 ﬂ

274 506 492 578 Ἰσραὴλ
510 503 791 574 ἀμπελὼν,
828 505 999 575 σκηνὴ
1023 504 1120 574 τῆς
1143 503 1386 573 ἀμπέλου
1411 502 1615 571 ταύτης
1646 505 1674 555 6
1698 496 1845 566 οἶκος

1961 500 2101 567 Quod
2126 500 2172 556 si
2202 498 2367 555 Israel
2385 500 2538 556 vinea
2577 497 2758 565 fuerit,
2793 486 3201 554 tabernacuium
3243 512 3375 554 sane
3403 500 3523 570 ejus

262 599 405 667 τάχα
444 598 474 650 6
501 596 596 650 τοῦ
635 596 766 650 ναοῦ
792 612 807 626 °
839 597 1105 666 σκήνωμα
1136 594 1246 663 γὰρ
1282 592 1440 664 δόξης
1475 593 1713 661 ἐλέγετο,
1732 593 1846 657 καὶ,

272 705 286 733 ι
321 688 610 758 σκήνωμα,
651 681 713 741 οὗ
753 685 1168 757 κατεσκήνωσεν
1203 684 1261 737 ἐν
1281 683 1610 755 ἀνθρώποις.
1655 703 1673 735 ι
1705 684 1852 746 Ἕως

268 776 370 831 μὲν
403 773 498 831 οὖν
539 777 628 830 ὅτε
674 778 849 830 ἐποίει
883 776 1093 848 καρπὸν
1125 775 1314 840 πολὺν,
1353 776 1449 829 καὶ
1483 776 1516 847 ή
1564 774 1739 847 σκηνὴ
1767 774 1853 828 διὰ

265 874 367 938 τήν
402 865 513 920 τῶν
558 865 789 946 καρπῶν
830 865 1076 935 φυλακὴν
1122 864 1498 934 συνειστήκειο
1547 862 1673 916 ἐπεὶ
1720 862 1777 915 δέ
1824 864 1877 943 ό¹

266 959 544 1027 φυτεύσας
560 958 730 1030 αὐτὴν
758 958 940 1029 ἔμεινε
960 955 1054 1010 τοῦ
1080 955 1303 1026 ποιῆσαι
1319 954 1614 1024 σταφυλὴν,
1631 953 1851 1025 ἐποίησε

267 1049 341 1103 δέε
356 1048 621 1112 ἀκάνθας,
636 1044 722 1111 αἷς
742 1046 831 1100 τὸν
848 1045 1050 1117 Κύριον
1073 1044 1474 1113 ἐστεφάνωσαν,
1500 1044 1594 1096 καὶ
1608 1043 1851 1114 ἐστράφη

262 1142 421 1196 πᾶσα
450 1142 532 1204 είς
560 1140 786 1211 πικρίαν
805 1156 820 1170 ο
859 1139 1083 1209 ἐποίησε
1113 1137 1221 1208 γάρ
1262 1135 1534 1206 σταφυλὴν
1566 1136 1728 1206 χολῆς
1760 1136 1855 1189 κοιλ⁵

270 1230 468 1302 βότρυν
510 1230 768 1302 πικρίας·
802 1230 882 1283 διὸ
918 1229 1012 1284 καὶ
1059 1230 1140 1293 είς
1181 1228 1243 1281 τὸ
1287 1228 1484 1299 βρῶμα
1527 1227 1734 1281 ἔδωκαν
1777 1226 1856 1298 τῷ

268 1322 466 1394 Κυρίῳ
510 1322 671 1392 χολήν
694 1338 707 1351 ·
750 1322 839 1375 διὰ
866 1320 1024 1373 τοῦτο
1071 1318 1468 1389 ἐγκατελείφθη
1491 1321 1525 1385 ἡ
1557 1320 1729 1390 σκηνὴ
1763 1318 1853 1371 τοῦ

265 1410 612 1481 ἀμπελῶνος.
643 1431 662 1461 ι
706 1411 836 1463 Ἰδοὺ
869 1410 999 1482 γὰρ,
1031 1411 1222 1480 φησὶν,
1254 1411 1475 1479 ἀφίεται
1505 1410 1632 1480 ὑμῖν
1658 1411 1686 1462 6
1711 1406 1857 1474 οἶκος

270 1500 430 1570 ὑμῶν
477 1499 711 1572 ἔρημος·
758 1520 778 1552 ι
823 1501 947 1554 τότε
992 1500 1285 1572 ἐπληρώθη
1338 1504 1375 1572 ήν
1422 1500 1623 1571 ἀπειλὴ
1672 1499 1811 1570 αῦτη
1838 1517 1852 1530 ·

275 1609 296 1642 ι
330 1591 756 1662 Ἑγκατελείφθη
796 1592 907 1664 γάρ
946 1593 1022 1656 ὡς
1052 1594 1226 1665 σκηνὴ
1260 1594 1320 1646 ἐν
1360 1592 1667 1664 ἀμπελῶνι.
1706 1611 1724 1643 ι
1767 1590 1856 1658 Ἐξ

269 1682 485 1736 ἐκείνου
517 1683 702 1736 λοιπὸν
735 1685 831 1736 καὶ
869 1687 989 1748 ταῖς
1020 1684 1271 1753 νεφέλαις
1315 1684 1619 1738 ἐνετείλατο
1649 1681 1744 1735 τοῦ
1782 1682 1856 1754 μὴ

271 1774 464 1846 βρέξαι
491 1775 585 1828 ἐπὶ
624 1775 715 1829 τὸν
747 1774 1066 1845 ἀμπελῶνα.
1100 1774 1199 1829 Διά
1239 1775 1397 1829 τοῦτο
1424 1776 1611 1829 οὐκέτι
1640 1775 1857 1847 προφῆ-

1953 595 2147 649 domus
2183 591 2363 662 templi
2390 592 2494 647 erit
2521 611 2535 647 :
2560 588 2684 647 nam
2717 588 3131 647 tabernaculum
3163 590 3359 662 gloria:
3388 592 3526 647 dici-

1955 694 2060 751 tur,
2107 691 2183 749 et,
2241 682 2731 748 «tabernaculum,
2783 682 2871 738 ubi
2918 682 3182 738 habitavit
3235 681 3290 736 in
3346 681 3524 737 homi-

1953 777 2111 830 nibus
2145 775 2189 830 ⁸.
2219 794 2239 829 ι
2300 775 2486 830 Donec
2519 774 2702 844 itaque
2747 776 2974 831 multum
3009 773 3243 829 fructum
3274 773 3530 842 protulit,-

1956 862 2367 927 tabernaeulum
2421 862 2488 917 ad
2543 864 2816 919 fructuum
2868 865 3172 920 custodiam
3227 862 3523 918 substitit:

1954 956 2082 1025 quia
2123 971 2253 1011 vero
2288 957 2381 1027 qui
2422 955 2688 1026 plantavit
2727 971 2882 1022 eam,
2930 957 3263 1026 exspectavit
3290 967 3346 1011 ut
3380 957 3533 1012 race-

1955 1055 2033 1100 ret
2084 1061 2270 1111 uvam,
2323 1046 2456 1101 fecit
2496 1055 2675 1101 autem
2728 1046 2933 1118 spinas,
2996 1047 3192 1115 quibus
3242 1047 3522 1101 Dominum

1954 1147 2307 1203 coronarunt,
2369 1146 2480 1193 tota
2513 1153 2781 1194 conversa
2821 1147 2906 1193 est
2956 1139 3010 1193 in
3066 1138 3478 1193 amaritudinem
3505 1153 3525 1193 :

1956 1227 2085 1283 fecit
2128 1229 2273 1284 enim
2326 1244 2482 1283 uvam
2531 1226 2676 1285 fellis
2721 1240 2776 1285 et
2835 1228 3046 1283 botrqu
3099 1230 3524 1284 amaritudinis:

1957 1317 2184 1387 ideoque
2213 1317 2267 1373 iu
2301 1325 2486 1388 potum
2532 1318 2759 1373 Domino
2810 1317 2879 1373 fel
2925 1318 3235 1385 dederunt;
3276 1335 3341 1376 ua
3395 1335 3529 1375 sane

1955 1410 2023 1466 de
2050 1424 2213 1466 causa
2241 1409 2653 1466 tabernaculum
2685 1410 2859 1464 vineae
2897 1409 3210 1465 derelictum
3238 1420 3320 1466 est
3354 1429 3369 1466 :
3401 1427 3523 1467 nam

1962 1514 2177 1563 «ecce,
2241 1500 2458 1568 inquit,
2520 1498 2861 1569 relinquetur
2913 1500 3067 1555 vobis
3114 1501 3305 1556 domus
3347 1514 3527 1558 vestra

1958 1590 2171 1645 deserta
2230 1591 2270 1643 '.
2294 1609 2317 1642 ι
2363 1589 2514 1643 Tunc
2554 1603 2683 1645 vere
2718 1589 2936 1660 impleta
2980 1601 3065 1645 est
3105 1590 3193 1646 illa
3231 1593 3530 1648 commina-

1960 1681 2057 1741 tio.
2114 1679 2315 1757 etenim
2354 1696 2374 1730 ι
2403 1678 2666 1733 derelicta
2713 1687 2798 1734 est
2833 1680 2974 1735 sicut
3023 1681 3433 1737 tabernaculum
3472 1684 3527 1739 in

1956 1778 2158 1830 vinea:
2195 1794 2215 1827 ι
2242 1774 2453 1829 exinde'
2491 1788 2623 1828 vero
2669 1772 2902 1830 nubibus
2947 1774 3225 1831 mandavit
3271 1791 3339 1831 ne
3379 1777 3531 1845 plue-

271 1881 363 1918 ται
390 1866 518 1935 παρ’
545 1866 749 1929 αὐτοῖς,
782 1864 967 1919 οὐκέτι
999 1866 1225 1938 οὐρανία
1257 1866 1450 1938 χάρις’
1484 1865 1619 1919 ἀλλὰ
1636 1866 1859 1934 γέγονεν

1961 1876 2300 1936 rent.super
2347 1865 2583 1920 vineam.
2639 1863 2849 1920 idcirco
2906 1880 3014 1921 non
3067 1865 3206 1920 ultra
3252 1867 3530 1937 propheta:

273 1959 353 2020 εἰς
380 1956 575 2028 χέρσον
604 1956 697 2009 καὶ
719 1957 1114 2027 καταπάτημα,
1141 1957 1196 2010 οἵ
1218 1974 1279 2009 τε
1331 1957 1575 2028 φραγμοὶ
1600 1955 1696 2009 τοῦ
1726 1955 1853 2009 ναοῦ

273 2048 485 2101 ἐκείνου
535 2047 952 2120 καθῃρέθησαν,
1001 2050 1030 2101 6
1065 2046 1481 2118 ὑπερασπισμὺς
1532 2046 1640 2099 τῶν
1688 2045 1857 2114 ἁγίων

271 2138 576 2208 δυνάμεων,
621 2140 727 2211 κᾴν
774 2157 825 2192 τι
865 2139 1204 2211 ἐργάσωνται
1246 2138 1389 2191 κατὰ
1419 2138 1512 2191 τὸν
1544 2138 1728 2209 νόμον,
1777 2138 1856 2200 είς

274 2229 551 2284 ἀπώλειάν
588 2232 723 2284 ἐστι.
764 2250 782 2281 ι
816 2232 928 2285 Καὶ
965 2231 1039 2295 ὡς
1067 2230 1537 2302 όπωροφυλάκιον,
1577 2228 1764 2299 φησὶν,
1800 2229 1856 2281 ἐν

274 2318 607 2388 σικυηλάτῳ.
656 2337 673 2369 ι
708 2319 971 2389 Σημαίνει
1004 2320 1184 2372 τοίνυν
1218 2318 1306 2373 διά
1338 2318 1530 2373 τούτου
1569 2318 1667 2389 τὴν
1723 2334 1858 2371 παν-

280 2407 410 2479 τελῆ
434 2408 610 2463 αὐτῶν
638 2408 945 2480 ἀκαρπίαψ
976 2409 1080 2473 ἕως
1114 2410 1212 2481 μὲν
1241 2408 1349 2481 γὰρ
1384 2408 1613 2481 καρπῶν
1636 2405 1857 2472 ἀγαθῶν

276 2500 657 2572 πεπλήρωται,
709 2503 801 2556 τὸν
833 2501 1174 2574 φρουροῦντα
1219 2504 1313 2556 καὶ
1360 2501 1701 2572 φυλάσσοντα
1733 2500 1857 2553 ἐκέ,-

276 2608 474 2665 κτεβιζ
485 2592 765 2665 Quicqth
784 2593 1115 2664 πηξάμενος,
1134 2592 1338 2648 ἀνωθεν
1353 2594 1445 2662 ἀφ’
1461 2592 1665 2663 ὑψηλοῦ
1681 2592 1860 2662 ἀφορᾷ

277 2686 375 2738 καὶ
407 2688 750 2757 περισκοπεῖ,
785 2685 881 2738 καὶ
921 2684 1178 2753 φυλάττει
1202 2684 1292 2736 τὸν
1330 2683 1647 2752 ἀμπελῶνα.
1671 2683 1799 2736 Είδ’
1829 2685 1859 2737 6

276 2775 469 2830 τούτου
502 2775 713 2846 καρπὸς
738 2773 1035 2846 ἀφαιρεθῇ,
1068 2773 1371 2844 τηνικαῦτα
1395 2775 1423 2829 6
1452 2772 1647 2841 φύλαξ,
1675 2773 1753 2836 ὡς
1783 2773 1858 2845 μή

279 2869 362 2932 είς
396 2867 624 2937 μάταιον
654 2866 869 2936 κάμνῃ,
918 2864 1017 2935 τὴν
1052 2865 1256 2937 σκηνὴν
1303 2863 1506 2934 ἔρημον
1544 2863 1856 2933 ἀπολιπὼν,

274 2962 555 3033 ἀναχωρεῖ
578 2960 676 3030 τῆς
698 2958 960 3027 φυλακῆς.
1021 2998 1027 3007 .
1364 2983 1391 3015 ο

1958 1970 2124 2027 penes
2150 1955 2268 2010 illus
2291 1962 2436 2020 sunt,
2470 1970 2574 2010 non
2614 1955 2860 2011 caelestis
2892 1957 3101 2026 gratia;
3129 1958 3224 2013 sed
3263 1972 3528 2015 conversa

1955 2055 2041 2103 est
2073 2047 2126 2101 in
2171 2046 2377 2100 aridam
2409 2055 2464 2100 et
2505 2045 2559 2099 in
2592 2045 3065 2101 conculcationem
3087 2086 3104 2112 ,
3146 2062 3301 2117 sepes
3348 2050 3528 2119 templi

1957 2137 2101 2192 illius
2128 2136 2424 2192 destructa
2452 2144 2602 2203 sunt,
2648 2150 2866 2191 necnon
2912 2146 3225 2192 sanctarum
3266 2138 3532 2194 virtutum

1959 2228 2426 2301 propugnaculum
2470 2247 2485 2284 :
2525 2243 2592 2284 ac
2642 2228 2861 2284 etiamsi
2904 2229 3180 2299 quidpiam
3235 2232 3530 2286 secundum

1959 2320 2133 2390 legem
2166 2328 2353 2391 agant,
2378 2320 2432 2376 id
2465 2319 2571 2375 illis
2598 2320 2652 2375 in
2681 2319 2977 2390 perniciem
3024 2321 3209 2376 vertit.
3243 2338 3271 2399 ι,
3292 2321 3361 2376 Et
3392 2321 3535 2376 sicut

1961 2410 2257 2481 tugurium,
2282 2411 2382 2477 ait,
2419 2410 2474 2465 in
2502 2410 2906 2467 cucumerario.
2935 2429 2955 2463 ι
3002 2409 3095 2467 His
3145 2411 3328 2482 itaque
3360 2412 3532 2482 signi-

1958 2501 2085 2556 ﬁcat
2122 2501 2492 2559 omnimodam
2521 2502 2663 2571 apud
2703 2501 3139 2558 iilosfructuum
3166 2506 3533 2562 vacuitatem:

1960 2594 2130 2648 donec
2159 2592 2304 2647 enim
2353 2591 2516 2647 bonis
2560 2590 2832 2647 fructibus
2856 2592 3206 2661 implebatur,
3251 2594 3535 2648 custodem

1962 2682 2028 2736 ad
2054 2679 2366 2751 praesidium
2390 2680 2672 2735 obtinebat
2700 2695 2850 2748 eum,
2891 2681 2983 2751 qui
3028 2691 3240 2737 struem
3288 2684 3537 2737 taberna-

1960 2771 2111 2836 culo,
2143 2787 2175 2826 e
2202 2769 2422 2826 sublimi
2458 2771 2711 2826 observat
2739 2779 2795 2827 et
2838 2772 3063 2842 respicit
3092 2772 3330 2827 vineam.
3381 2772 3539 2840 Quod

1959 2861 2004 2916 si
2030 2861 2241 2915 fruetus
2272 2860 2397 2931 ejus
2428 2859 2728 2927 auferatur,
2762 2869 2892 2916 tunc
2920 2871 3124 2926 custos,
3151 2877 3219 2917 ne
3247 2861 3300 2916 in
3334 2876 3547 2919 vanum

1960 2950 2190 3016 laboret,
2224 2950 2635 3007 tabernaculum
2670 2951 2952 3008 desertum
2981 2951 3314 3022 relinquens,
3351 2955 3540 3011 absce-

1959 3044 2040 3100 dit
2067 3058 2098 3100 a
2123 3042 2395 3100 custodia.

374 3254 397 3289 ι
422 3224 536 3280 Καὶ
581 3224 630 3277 εί
684 3224 758 3296 μὴ
808 3222 1010 3296 Κύριος
1065 3221 1291 3276 Σαϐαὼθ
1344 3222 1699 3291 ἐγκατέλιπεν
1727 3188 1859 3293 ήίμῖν

2038 3213 2201 3271 Vens.
2242 3214 2296 3283 9,
2345 3213 2430 3270 Ιθ.
2496 3233 2516 3267 ι
2547 3214 2616 3270 Ει
2655 3215 2762 3272 nisi
2802 3214 3063 3272 Dominus
3110 3214 3356 3271 Sabaoth
3412 3215 3540 3271 reli-

282 3314 531 3389 σπέρμα,
556 3315 633 3378 ὡς
659 3314 865 3385 Σόδομα
894 3312 960 3367 ἂν
987 3313 1347 3385 ἐγενήθημεν,
1374 3313 1469 3366 καὶ
1499 3312 1575 3377 ὡς
1606 3313 1861 3385 Γόμορρα

281 3409 351 3462 ἂν
375 3405 760 3478 ὡμοιώθημεν.
800 3405 1088 3459 ’Δκούσατε
1120 3404 1280 3473 λόγον
1324 3403 1530 3477 Κυρίου
1551 3442 1566 3468 ,
1601 3402 1864 3475 ἄρχοντες

279 3502 562 3573 Σοδόμων*
610 3502 905 3573 προσέχετε
935 3498 1096 3568 νόμον
1138 3495 1296 3564 Θεοῦ,
1329 3493 1456 3559 λαὸς
1488 3493 1790 3566 Γομόρρας.
1837 3511 1857 3546 ι

294 3592 621 3664 Ἐπειδήπερ
644 3591 738 3645 ἐπὶ
760 3593 826 3662 τῇ
864 3589 973 3643 τῶν
1007 3588 1258 3660 πατέρων
1305 3588 1475 3658 ἀρετῇ
1527 3585 1864 3657 σεμνυνόμε-

279 3701 392 3747 νοι,
437 3683 578 3753 μέγα
623 3681 903 3752 ἐφρόνουν,
933 3678 1009 3743 ὡς
1032 3678 1126 3732 τοῦ
1169 3676 1420 3753 Ἀϐραὰμ
1460 3675 1615 3739 ὅντες
1638 3674 1864 3747 σπέρμα

280 3775 378 3829 καὶ
417 3772 511 3827 τοῦ
560 3771 776 3844 Ἰσραὴλ
806 3771 1061 3838 ἀπόγονοι
1081 3786 1095 3800 ·
1143 3770 1368 3832 εἰκότως
1411 3767 1473 3820 τὸ
1518 3765 1863 3837 μεγάλαυχον

279 3865 463 3922 αὐτῶν
487 3867 517 3919 6
546 3864 704 3933 λόγος
733 3864 999 3929 ταπεινοῖ,
1025 3861 1118 3915 καὶ
1145 3860 1206 3914 τὸ
1232 3854 1458 3932 μάταιον
1487 3858 1657 3930 οἴημα
1678 3856 1866 3912 καθαι-

281 3960 372 4031 ρεῖ
392 3975 407 3990 ο
438 3957 563 4018 τοὺς
594 3954 694 4026 μὲν
727 3954 994 4024 ἄρχοντας
1026 3950 1119 4006 τοῦ
1148 3950 1432 4022 διαϐοήτου
1476 3948 1720 4021 Ἰσραὴλ,
1764 3948 1862 4001 Σο-

278 4048 463 4117 δόμων
482 4047 746 4116 ἀρχοντας
766 4043 1068 4115 ὀνομάζων,
1093 4041 1254 4096 αὑτὸν
1277 4040 1334 4094 δὲ
1350 4040 1442 4094 τὸν
1457 4037 1865 4111 χρηματίζοντα

279 4137 415 4190 λαὸν
442 4135 535 4189 τοῦ
564 4133 726 4199 Θεοῦ,
753 4132 881 4188 λαὸν
912 4132 1196 4208 Ιξομόρῤας
1221 4130 1530 4195 ἀποκαλῶν,
1556 4130 1629 4193 ὡς
1648 4129 1736 4183 διὰ
1755 4129 1865 4182 τῶν

283 4211 421 4281 ἴσων
455 4225 905 4296 ἐπιτηδευμάτων
945 4227 1058 4288 τοῖς
1098 4222 1267 4277 πάλαι
1306 4221 1641 4293 ἀσεϐήσασιν
1668 4222 1866 4292 ὁμοιω-

280 4315 476 4369 θέντα·
518 4314 766 4386 Σοδόμων
812 4311 1038 4385 ἄρχουσι
1086 4313 1181 4367 καὶ
1224 4312 1507 4383 Γόμόῤῥας
1540 4310 1655 4381 λαῷ
1684 4327 1865 4381 παρα-

280 4406 469 4460 ϐάλλει
488 4405 707 4485 αύτοὺς,
728 4404 817 4459 διὰ
835 4404 934 4475 τὴν
953 4403 1252 4475 μέλλουσαν
1272 4405 1455 4467 αὐτοῖς
1477 4401 1863 4456 ἐπελεύσεσθαι

280 4499 672 4583 καταστροφήν
691 4514 705 4529 ο
741 4497 818 4562 ὡς
847 4500 961 4561 τοῖς
981 4496 1050 4551 τά
1071 4496 1280 4567 Σόδομα
1304 4496 1398 4549 καὶ
1425 4495 1679 4585 Γόμορρα
1710 4494 1864 4565 οίκή-
1899 4529 1941 4585 D

284 4578 447 4644 σασιν
501 4588 726 4660 ἀνδράσι
754 4589 972 4642 πάντων
1005 4586 1307 4658 ἀνθρώπων
1341 4584 1723 4648 ἀσεϐεστάτοις
1770 4602 1866 4654 γε·-

281 4680 474 4736 νέσθαι
499 4679 1014 4751 μνημονευομένας.

362 4791 382 4824 ι
414 4772 479 4825 Τί
514 4788 603 4843 μοι
639 4770 841 4841 πλῆθος
859 4770 967 4824 τῶν
990 4769 1189 4824 θυσιῶν
1232 4768 1406 4841 ὑμῶν,
1439 4767 1587 4837 λέγει
1615 4764 1859 4837 Κύριος,

282 4861 512 4935 Πλήρης
570 4862 688 4933 εἰμὶ⁹
751 4860 1214 4932 ὁλοκαυτωμάτων
1270 4860 1440 4930 κριῶν
1474 4876 1487 4890 ·
1545 4860 1641 4912 καὶ
1696 4856 1863 4929 στέαρ

194 4934 207 4943 ’
280 4934 487 5027 ἀρνῶν,
522 4955 617 5007 καὶ
659 4949 799 5026 αἷμα
843 4953 1059 5025 ταύρων
1105 4953 1197 5006 καὶ
1237 4951 1455 5021 τράγων
1484 4951 1546 5004 ού
1582 4949 1862 5020 βούλομαι,

279 5045 395 5099 οὐδ’
427 5044 490 5099 ἂν
543 5045 780 5118 ἐρχησθε
833 5045 1060 5117 ὀφθῆναί
1106 5061 1214 5114 μοι.
1275 5040 1372 5107 Τίς
1409 5041 1519 5114 γὰρ
1574 5039 1865 5111 ἐξεζήτησε

279 5135 459 5191 ταῦτα
482 5137 546 5189 ἐκ
560 5137 668 5189 τῶν
694 5135 893 5208 χειρῶν
909 5136 1091 5207 ὑμῶν;
1123 5154 1141 5187 ι
1172 5134 1317 5207 Πρὸς
1346 5128 1438 5188 οὖν
1460 5133 1586 5196 τοὺς
1612 5131 1681 5185 τά
1699 5131 1867 5185 δεινό-

281 5245 426 5284 τατα
457 5226 724 5283 κατά.τοῦ
765 5226 969 5299 Κυρίου
1000 5226 1395 5297 τολμήσαντας,
1439 5223 1649 5286 θυσίαις
1686 5222 1744 5275 δέ
1776 5222 1870 5275 καὶ

283 5317 563 5383 σπονδαῖς,
586 5318 680 5370 κα)⁵
700 5317 822 5379 ταῖς
849 5315 1036 5378 ἄλλαις
1062 5313 1201 5369 κατὰ
1218 5312 1308 5367 τὸν
1335 5313 1498 5384 νόμον
1528 5315 1867 5384 σωματικαῖς

280 5406 565 5477 λατρείαις
617 5402 931 5458 ἱλάσκεσθαι
967 5404 1058 5457 τὸν
1097 5402 1228 5455 Θεὸν
1269 5401 1607 5474 νομίζοντας,
1642 5404 1671 5455 6
1710 5401 1866 5469 λόγος

280 5497 631 5552 ἀποτείνεται
686 5497 934 5566 φάσκων,
978 5515 996 5548 ι
1046 5497 1112 5550 Τί
1169 5514 1261 5570 μοι
1287 5496 1489 5568 πλῆθος
1524 5495 1629 5549 τῶν
1665 5493 1872 5554 θυσιῶν,

280 5590 463 5659 ὑμῶν,
493 5588 638 5658 λέγει
665 5589 900 5659 Κύριος;
933 5607 951 5641 ι
989 5590 1083 5643 καὶ
1110 5589 1177 5643 τά
1202 5588 1347 5658 ἑξῆς.

360 5790 380 5820 ’⁵
412 5788 553 5844 Psal.
581 5805 787 5855 uxvn,
818 5789 907 5848 60.
985 5792 1006 5824 ⁵
1052 5789 1240 5848 Matth.
1270 5803 1427 5856 xxztt,
1460 5789 1549 5846 38.

1963 3305 2171 3376 quisset
2209 3303 2367 3360 nobis
2411 3319 2598 3360 semen
2623 3345 2639 3370 ,
2674 3298 2831 3374 quasi
2874 3303 3109 3360 Sodoma
3144 3304 3455 3370 fuissemus.
3481 3317 3540 3363 et

1963 3396 2282 3453 Gomorrbaa
2309 3395 2516 3451 similes
2538 3409 2802 3451 essemus.
2830 3395 3031 3450 Audite
3054 3396 3275 3450 verbum
3295 3396 3538 3465 Domini,

1964 3486 2236 3559 principes
2262 3483 2652 3550 Sodomorum",
2685 3484 2947 3539 attendite
2982 3483 3085 3553 legi
3132 3485 3249 3549 Dei.
3294 3486 3526 3555 pupulas

1964 3574 2299 3633 Gomorrbaa.
2329 3592 2347 3625 ι
2409 3574 2543 3641 Quia
2578 3573 2647 3628 de
2693 3581 2909 3643 patrum
2961 3574 3165 3644 virtute
3217 3574 3536 3644 gloriantes,
3600 3565 3623 3594 ⁵

1967 3680 2226 3737 magnum
2274 3663 2578 3734 sapiebant,
2627 3671 2813 3733 utpote
2845 3664 2935 3734 qui
2974 3663 3207 3718 Abrahae
3252 3678 3435 3717 semen
3480 3673 3536 3719 et

1966 3756 2186 3812 lsraelis
2229 3763 2458 3825 nepotes
2505 3762 2691 3810 esseut
2718 3793 2734 3820 ,
2771 3754 2984 3808 illorum
3021 3753 3383 3823 arrogantiam
3398 3754 3539 3823 ~jure

1967 3845 2241 3915 deprimit,
2295 3837 2602 3912 vanamque
2644 3857 2836 3897 eorum
2891 3843 3202 3912 opinionem
3250 3845 3318 3898 de
3361 3844 3541 3899 medio

1968 3937 2129 4003 tollit,
2162 3936 2288 3991 dum
2313 3934 2562 4005 praeclari
2589 3934 2740 3989 illius
2774 3918 2991 3990 Israelis
3036 3935 3322 4004 principes,
3368 3932 3540 3992 Sodo~

1966 4039 2178 4081 morum
2219 4026 2497 4094 priuetpes
2525 4031 2826 4092 nuncupat,
2867 4032 2922 4079 et
2951 4023 3207 4093 populum
3236 4022 3382 4077 illum
3420 4024 3538 4093 Dei,

1965 4117 2225 4191 populum
2273 4114 2592 4171 Gomorrliae
2648 4123 2847 4181 vocat;
2902 4122 3090 4184 utpote
3143 4113 3233 4183 qui
3274 4115 3344 4169 ob
3387 4114 3539 4183 paria

1967 4209 2149 4266 studia
2182 4207 2289 4262 illis
2320 4206 2448 4261 olim
2480 4205 2661 4275 impiis
2704 4204 2900 4261 similis
2930 4204 3170 4260 evaserit
3202 4222 3215 4259 :
3252 4205 3369 4260 sive
3419 4204 3543 4259 illos

1965 4300 2315 4372 principibus
2363 4298 2727 4354 Sodomorum
2774 4305 2829 4350 et
2866 4294 3189 4351 Gomorrhte
3237 4305 3541 4365 comparat,

1966 4394 2034 4448 ob
2060 4400 2345 4447 venturum
2377 4387 2483 4443 illis
2514 4385 2824 4453 excidium;
2870 4393 2932 4440 ut
2965 4384 3160 4441 accidit
3193 4385 3404 4455 populis
3434 4383 3540 4439 So-

1970 4484 2129 4538 doma
2176 4490 2233 4536 et
2289 4478 2655 4534 Gomorrbam
2699 4475 3104 4540 incolentibus,
3147 4476 3241 4546 qui
3290 4475 3537 4530 omnium

1971 4575 2251 4633 hominum
2281 4572 2588 4644 impiissimi
2615 4570 2745 4626 olim
2775 4569 2945 4626 fuisse
2985 4579 3379 4625 memorantur.

1950 4728 1957 4733 ὴ
2046 4759 2187 4814 Vens
2226 4759 2288 4813 il
2315 4796 2331 4825 ,
2373 4756 2462 4812 i2.
2494 4773 2527 4831 lc
2557 4753 2693 4820 Quid
2741 4752 2873 4807 mihi
2914 4748 3196 4805 multitudo
3233 4748 3539 4806 sacriﬁcio-

1970 4868 2089 4909 rum
2114 4858 2440 4915 vestrorum,
2487 4849 2620 4904 dicit
2648 4844 2952 4902 Dominus?
2998 4844 3198 4900 Plenus
3237 4857 3355 4898 sum
3389 4843 3546 4899 holo-

1967 4944 2170 5000 caustis
2192 4943 2424 4998 arietum
2452 4959 2465 4995 :
2495 4951 2551 4998 et
2584 4943 2795 5014 adipem
2820 4952 3103 5009 agnorum,
3130 4945 3185 4992 et
3216 4936 3539 5007 sanguinem

1971 5046 2249 5093 taurorum
2295 5044 2350 5090 et
2380 5037 2664 5090 hircorum
2696 5031 2842 5098 nolo,
2878 5045 2983 5085 nec
3039 5028 3270 5083 veniatis
3312 5029 3364 5084 in
3408 5042 3543 5083 con-

1970 5139 2215 5199 spectum
2267 5143 2467 5182 meum.
2503 5126 2635 5192 Quis
2667 5125 2810 5180 enim
2847 5122 3132 5192 requisivit
3180 5120 3295 5176 lucc
3337 5121 3401 5175 de
3433 5135 3546 5173 ma-

1979 5218 2140 5272 uibus
2186 5215 2427 5271 vestris?
2468 5235 2486 5266 ι
2517 5212 2823 5281 Eositaque
2878 5225 3060 5266 sermo
3125 5210 3386 5279 respicit,
3454 5208 3547 5276 qui

1973 5308 2177 5364 atrocia
2220 5316 2409 5362 contra
2443 5303 2726 5359 Dominum
2750 5302 2973 5373 aggredi
3026 5300 3170 5366 ausi,
3215 5296 3502 5355 sacriﬁciis
3525 5337 3546 5363 ,

1972 5398 2329 5453 libamiuibus
2396 5395 2627 5466 aliisque
2680 5394 2981 5450 secundum
3046 5392 3214 5461 legem
3272 5391 3546 5460 corporeis

1972 5489 2292 5544 ministeriis
2324 5487 2491 5542 Deum
2518 5502 2578 5542 se
2610 5484 2830 5556 placare
2860 5499 3019 5556 posse
3046 5492 3237 5553 putant
3268 5497 3283 5535 :
3312 5481 3502 5550 aitque
3528 5496 3542 5533 ;

1935 5579 2160 5647 .«Quid
2226 5578 2357 5634 mihi
2414 5577 2705 5633 multitudo
2755 5576 3149 5634 sacriﬁciorum
3205 5581 3565 5635 vestrorum,‘

1970 5669 2100 5724 dicit
2133 5668 2428 5727 Dominus?
2456 5687 2475 5723 ι
2511 5678 2565 5725 et
2592 5678 2811 5744 caetera.

3396 0 3517 19 ⁷Τᾶ-α-υ
3534 12 3589 19 ...-

3629 1324 3829 1377 CLUM
