4062 6396
511 347 582 404 9'5
1199 337 1468 395 EL'SEBI]
1507 331 1980 391 CESARIENSIS
2015 331 2168 388 OPP.
2213 332 2391 387 PARS
2426 331 2518 388 Ill;
2569 361 2614 370 -
2665 329 3077 388 EXEGETICA.
3722 336 3796 390 95

591 465 752 521 Vsus.
801 447 983 518 I543.
1029 481 1046 514 ι
1077 460 1306 516 Calcare
1356 459 1556 514 atrium
1597 472 1774 512 meum
1813 473 1922 512 non
1963 455 2100 524 atlji-
2129 462 2176 516 Δ

513 555 696 610 cistis.
735 553 791 606 Si
832 549 1062 606 tuleritis
1097 550 1354 616 similam,
1383 563 1582 602 vanum
1613 547 1938 618 thymiama,
1969 547 2098 602 abo-

517 645 900 701 minatiomllti
927 654 1031 699 est.
1079 641 1408 698 Neomeuias
1447 649 1681 704 vestras,
1733 649 1788 694 et
1833 639 2099 705 Sabbata,

513 747 570 794 et
599 739 740 792 diem
777 751 1030 807 magnam
1070 749 1179 790 non
1205 734 1323 790 tero
1359 750 1376 788 :
1404 731 1675 803 jejunium
1727 741 1783 786 et
1831 731 2098 786 cessatio-

515 845 639 884 nem
671 838 726 884 et
759 825 1078 883 neom'enias
1109 837 1326 883 vestras
1360 835 1414 881 et
1467 823 1842 880 solemnitates
1887 833 2100 878 vestras

511 923 628 977 odit
665 922 848 974 anima
886 935 1027 974 mea.
1067 918 1224 973 Facti
1263 919 1400 973 estis
1451 917 1584 972 mihi
1635 919 1688 969 in
1741 917 2098 971 satietatem:

516 1029 619 1069 non
655 1013 794 1067 ultra
835 1011 1080 1067 tolerabo
1105 1019 1331 1082 peccata
1361 1019 1568 1065 vestra.
1601 1009 1668 1064 Et
1693 1025 1818 1065 cum
1837 1007 2101 1064 extende-

514 1107 636 1160 ritis
665 1120 860 1160 manus
899 1113 1111 1160 vestras
1154 1103 1222 1158 ad
1265 1117 1372 1170 me,
1416 1110 1662 1158 avertam
1721 1102 1910 1158 oculos
1951 1115 2100 1156 meos

512 1211 543 1250 a
571 1195 730 1250 vobis
765 1215 778 1249 :
809 1205 864 1250 et
897 1195 940 1248 si
967 1193 1460 1263 multiplicaveritis
1488 1193 1966 1262 supplicationem,
1991 1205 2095 1245 non

513 1288 802 1342 exaudiam
839 1302 960 1342 vos:
989 1302 1114 1340 nam
1139 1301 1334 1341 manus
1351 1295 1546 1340 vestrae
1569 1286 1836 1356 sanguine
1867 1285 2094 1354 plenus.)

513 1379 620 1436 Sed
643 1383 770 1450 quia
803 1395 906 1433 non
939 1387 1316 1449 cognoverunt
1347 1377 1662 1443 Dominum,
1711 1387 1765 1433 et
1809 1378 1936 1448 quia
1992 1391 2100 1433 non

513 1471 902 1526 intellexerunt
967 1487 1114 1537 eum,
1167 1470 1294 1539 quia
1353 1469 1766 1539 dereliquerunt
1823 1483 1986 1533 eum,
2048 1477 2102 1524 et

449 1627 452 1636 ι
515 1563 870 1618 irritavernnt
915 1571 1166 1616 sanctum
1217 1562 1382 1617 Israel
1414 1581 1428 1616 :
1463 1570 1519 1616 et
1577 1562 1642 1616 ad
1699 1563 1814 1616 haec
1880 1562 2096 1626 omnia,

515 1654 643 1723 quia
682 1668 874 1708 manus
899 1667 1092 1707 eorum
1129 1654 1392 1723 sanguine
1419 1651 1592 1721 plena:
1627 1651 1870 1719 fuerunt,
1895 1653 1964 1708 ob
1995 1667 2102 1708 ca!-

513 1746 632 1799 dem
665 1742 892 1810 Christi,
917 1759 1080 1813 quam
1105 1753 1224 1814 post
1255 1752 1550 1799 sexcentos
1581 1743 1938 1813 interemptos
1973 1759 2099 1814 pro-

509 1836 725 1905 phetas,
753 1843 1157 1904 perpetrarunt,
1193 1843 1250 1889 et
1283 1835 1551 1903 sanguine
1595 1834 1786 1905 repleti
1816 1845 1975 1901 sunt;
2013 1835 2098 1890 Itis

507 1928 760 1982 omnibus
795 1927 1105 1990 recensitis,
1145 1941 1357 1982 necnon
1394 1927 1532 1996 legis
1565 1927 1838 1982 solutione
1859 1967 1874 1992 ,
1908 1927 2095 1998 templi

510 2017 749 2082 excidio,
782 2033 847 2073 ac
884 2015 1213 2074 omnimodis
1265 2016 1581 2088 suppliciis;
1633 2018 1878 2088 peccati,
1943 2019 2098 2087 cujus

507 2124 670 2164 causa
705 2112 822 2164 haec
853 2111 1096 2180 perpessi
1129 2115 1278 2175 sunt,
1311 2107 1550 2178 speciem
1574 2109 1770 2163 edocet
1799 2125 1812 2162 :
1843 2108 2100 2178 ipsosque

508 2207 758 2264 accusat,
787 2215 894 2254 non
925 2199 994 2254 de
1030 2199 1304 2254 idolorum
1337 2198 1509 2262 cultu,
1547 2213 1656 2254 non
1699 2198 1766 2253 de
1805 2196 2106 2265 adulterio;

509 2303 610 2344 nec
649 2289 716 2343 de
741 2290 1007 2356 avaritia;
1041 2289 1138 2344 sed
1173 2289 1242 2345 de
1269 2291 1437 2344 caede.
1471 2287 1606 2343 Nam
1639 2274 1790 2344 timui
1821 2289 2100 2360 impietate

503 2391 561 2436 et
593 2383 884 2452 iniquitate
932 2383 1176 2439 deterior
1221 2390 1307 2439 est
1345 2397 1535 2438 eorum
1573 2393 1765 2440 contra
1809 2383 2098 2438 Dominum

509 2473 722 2527 insania
755 2491 770 2540 ;
805 2475 920 2530 itare
961 2475 1162 2545 quippe
1209 2487 1314 2529 vox
1361 2474 1576 2530 illorum
1626 2485 1712 2530 est
1745 2493 1758 2530 :
1813 2493 1834 2526 ι
1861 2472 2098 2544 Sanguis

505 2561 628 2630 ejus
659 2578 825 2632 super
855 2579 956 2620 nos
991 2575 1045 2620 et
1075 2577 1240 2634 super
1273 2563 1416 2620 illius
1447 2573 1665 2618 nostros
1688 2565 1732 2616 ⁸.
1763 2581 1782 2614 ι
1827 2563 1924 2617 llic
1965 2576 2095 2616 san-

505 2655 626 2722 guis
653 2655 774 2710 illos
806 2656 1055 2725 pristinis
1103 2655 1444 2724 optimisque
1495 2653 1942 2722 possessionibus
1977 2653 2094 2721 pri-

507 2749 654 2802 vavit
685 2767 699 2802 :
729 2749 817 2802 hic
847 2749 1073 2818 sanguis
1097 2747 1218 2802 illos
1243 2761 1340 2816 per
1373 2751 1546 2800 totum
1577 2743 1768 2798 orbem
1799 2741 2096 2813 inquilinos

506 2837 710 2893 effecit.

565 2928 747 2984 'Vsns.
793 2927 992 2994 16,”.
1037 2947 1055 2980 ι
1081 2927 1395 2993 Lavamini,
1431 2926 1620 2983 mundi
1655 2933 1851 2994 estote,
1881 2923 2096 2980 auferte

505 3019 744 3074 malitias
789 3018 860 3075 de
899 3019 1186 3074 animabus
1234 3020 1434 3074 vestris
1479 3018 1550 3074 ab
1610 3017 1786 3074 oculis
1835 3016 2035 3073 vestris
2071 3033 2086 3070 :

2279 473 2298 505 ι
2335 455 2538 508 Πατεῖν
2591 453 2678 525 τὴν
2727 453 2900 525 αὐλήν
2951 471 3052 523 μου
3093 454 3154 505 οὗ
3201 451 3604 524 προσθήσεσθε.--
3662 455 3794 507 Ἐὰν

2206 548 2410 618 φέρητε
2443 547 2750 617 σεμίδαλιν,
2801 547 3026 618 μάταιον
3059 545 3336 618 θυμίαμα.
3370 545 3646 616 βδέλυγμά
3703 545 3795 615 μοί

2202 641 2338 692 ἐστι.
2385 641 2496 702 Τὰς
2542 637 2838 709 νουμηνίας
2881 639 3070 709 ὑμῶν,
3127 639 3224 691 καὶ
3259 637 3328 690 τὰ
3371 637 3645 699 Σάϐϐατα,
3699 639 3794 690 καὶ

2205 732 2419 804 ἡμέραν
2451 731 2694 803 μεγάλην
2724 732 2822 784 οὐκ
2858 731 3141 801 ἀνέχομαι,
3173 729 3428 800 νηστείαν
3461 730 3556 782 καί
3591 730 3795 800 ἀργίαν

2201 825 2296 878 καὶ
2326 823 2426 886 τὰς
2455 822 2754 894 νουμηνίας
2782 821 2936 891 ὑμῶν
2972 823 3068 876 καὶ
3093 821 3192 886 τὰς
3225 821 3418 893 ἑορτὰς
3453 820 3608 892 ὑμῶν
3644 823 3794 892 μισεῖ

2199 917 2232 985 ἡ
2269 915 2413 986 ψυχή
2461 931 2584 985 μου.
2621 913 2951 985 Ἐγενήθητέ
2987 931 3075 984 μοι
3104 916 3184 975 εἰς
3217 913 3537 985 πλησμονήν
3559 931 3571 943 ·
3605 913 3792 966 οὐκέτι

2201 1009 2386 1079 ἀνήσω
2445 1008 2534 1072 τὰς
2570 1008 2843 1079 ἁμαρτίας
2875 1006 3050 1077 ὑμῶν.
3103 1007 3276 1058 Ὅταν
3325 993 3422 1068 τάξ
3469 1001 3664 1076 χεῖρας
3697 1007 3790 1057 ὲκ-

2199 1101 2410 1170 τείνητε
2445 1101 2573 1172 πρὸς
2605 1100 2692 1171 μὲ,
2721 1099 3050 1171 suomet.»
3077 1099 3200 1162 τοὺς
3225 1097 3534 1170 ὀφθαλμούς
3561 1115 3664 1168 μου
3693 1098 3794 1167 ἀφ’

2203 1190 2358 1261 ὑμῶν
2375 1207 2388 1220 ·
2427 1191 2521 1244 καὶ
2545 1190 2642 1243 ὲάν
2671 1188 2980 1260 πληθύνητε
2999 1189 3096 1260 τὴν
3117 1187 3321 1258 δέησιν,
3351 1187 3449 1240 οὐκ
3473 1185 3794 1239 είσακούσου

2207 1299 2302 1352 μαι
2331 1281 2484 1352 ὑμῶν
2507 1298 2522 1314 ·
2558 1283 2614 1335 αἱ
2643 1281 2752 1353 γὰρ
2787 1281 2972 1350 χεῖρες
3011 1277 3164 1348 ὑμῶν
3199 1280 3430 1350 αἵματος
3465 1279 3720 1350 πλήρεις.
3767 1297 3788 1330 t

2214 1372 2351 1426 Ἀλλ’
2367 1375 2447 1426 ὄτι
2467 1371 2542 1444 μὴ
2569 1372 2812 1442 ἔγνωσαν
2832 1371 2922 1425 τὸν
2953 1371 3180 1442 Κύριον,
3207 1371 3300 1423 καὶ
3321 1371 3404 1424 ὅτι
3437 1371 3510 1442 μὴ
3545 1370 3796 1440 συνῆκαν

2203 1467 2394 1529 αὐτὸν,
2441 1467 2524 1520 ὃτι
2561 1465 2920 1535 ἐγκατέλιπον
2969 1465 3152 1528 αὐτὸν,
3191 1465 3286 1518 καὶ
3337 1463 3666 1534 παρώξυναν
3697 1465 3794 1517 τὸν

2201 1559 2356 1628 ἀγιον
2392 1557 2486 1612 τοῦ
2531 1559 2779 1631 Ἰσραὴλ,
2823 1559 2918 1612 καὶ
2961 1558 3098 1627 πρὸς
3131 1558 3305 1612 ἆπασι
3341 1557 3569 1622 τούτοις,
3617 1558 3701 1611 ὅτι
3735 1559 3794 1612 αἱ

2201 1654 2386 1724 χεῖρες
2433 1651 2614 1704 αὐτῶν
2667 1651 2955 1720 γεγόνασιν
3007 1651 3240 1720 αἵματος
3279 1650 3504 1720 πλήρεις
3545 1647 3638 1703 διὰ
3686 1648 3796 1719 τῆς
3889 1667 3892 1670 ’

2203 1743 2344 1797 κατὰ
2376 1743 2471 1796 τοῦ
2499 1745 2740 1815 Χριστοῦ
2769 1743 3106 1815 μιαιφονίας,
3139 1743 3208 1813 ἣν
3233 1741 3370 1813 μετά
3407 1742 3606 1814 μυρίας
3641 1759 3796 1812 προ-

2203 1833 2564 1905 φητοκτονίας
2589 1833 2936 1905 εἰργάσαντο,
2961 1833 3056 1887 καὶ
3079 1833 3370 1902 γεγόνασιν
3395 1833 3630 1902 αἵματος
3651 1831 3796 1904 πλή-

2203 1941 2338 1998 ρεις,
2361 1924 2538 1977 πάντα
2569 1924 2700 1994 γοῦν
2727 1923 3034 1989 διεξελθὼν,
3057 1924 3152 1977 καὶ
3179 1924 3278 1995 τὴν
3304 1923 3398 1977 τοῦ
3423 1926 3590 1994 νόμου
3611 1924 3792 1990 λύσιν,

2201 2017 2296 2070 καὶ
2327 2015 2421 2069 τοῦ
2457 2015 2588 2068 ναοῦ
2611 2015 2710 2087 τὴν
2737 2015 3054 2080 κατάλυσιν,
3090 2016 3182 2070 καὶ
3216 2015 3314 2080 τὰς
3336 2013 3683 2080 παντοδαπὰς
3703 2031 3759 2070 τι
3781 2045 3794 2055 -

2203 2110 2436 2181 μωρίας,
2486 2109 2548 2162 τὸ
2597 2105 2736 2174 εἶδος
2765 2109 2864 2180 τῆς
2907 2109 3188 2182 ἁμαρτίας
3231 2107 3492 2175 ἐδίδαξεν,
3541 2101 3602 2160 οὗ
3626 2107 3796 2178 χάριν

2201 2199 2504 2255 πεπόνθασι
2527 2218 2544 2231 '
2583 2203 2676 2255 καὶ
2715 2204 3013 2272 κατηγορεῖ
3051 2199 3252 2263 αὐτῶν,
3288 2199 3390 2252 οὐκ
3427 2197 3662 2252 εἰδώλων
3701 2199 3794 2252 θεσ-

2203 2292 2460 2363 ραπείαν,
2485 2293 2606 2346 οὐδὲ
2633 2293 2879 2364 μοιχείαν
2911 2294 3004 2346 καὶ
3034 2289 3370 2358 πλεονεξίαν,
3403 2289 3538 2344 ἀλλά
3569 2308 3794 2362 μιαιφο-

2199 2386 2338 2440 νίαν.
2369 2385 2561 2457 Πάσης
2596 2386 2704 2458 γὰρ
2743 2385 3063 2448 δυσσεϐείας
3105 2385 3200 2438 καὶ
3230 2382 3597 2455 παρανομίας,
3631 2383 3794 2454 χαλε-

2201 2479 2424 2550 πωτέρα
2453 2481 2484 2550 ἡ
2509 2477 2650 2532 κατά
2683 2476 2778 2530 τοῦ
2807 2477 3017 2548 Κυρίου
3051 2475 3218 2547 μανία
3241 2494 3254 2507 ·
3287 2473 3470 2529 αὐτῶν
3501 2472 3614 2545 γάρ
3641 2475 3792 2527 ἔστιν

2199 2571 2232 2640 ἡ
2255 2569 2428 2640 φωνὴ,
2469 2587 2486 2619 ι
2535 2569 2608 2621 Τὸ
2631 2563 2770 2638 αἷμα
2801 2565 2965 2621 αὐτοῦ
2983 2569 3070 2638 ἐφ’
3094 2567 3244 2638 ἡμᾶς
3269 2565 3366 2619 καὶ
3405 2564 3497 2618 ἐπὶ
3525 2563 3594 2616 τά
3622 2563 3792 2618 τέκνα

2196 2659 2377 2730 ⁴ἡμῶν.
2424 2679 2442 2710 ι
2469 2658 2641 2712 Τοῦτο
2669 2659 2730 2711 τὸ
2755 2653 2914 2728 αἷμα,
2941 2658 3040 2729 τῆς
3069 2657 3300 2720 παλαιᾶς
3335 2655 3534 2718 αὐτοὺς
3563 2653 3792 2724 ἐστέρη-

2201 2767 2292 2804 σεν
2321 2749 2616 2822 εὐκληρίας
2637 2767 2651 2780 ι
2686 2749 2845 2802 τοῦτο
2877 2749 2936 2802 τὸ
2976 2743 3117 2820 αἷμα
3147 2745 3432 2820 μετοίκους
3477 2744 3578 2814 τῆς
3609 2743 3792 2796 οίκου-

2201 2843 2369 2914 μένης
2395 2843 2662 2914 ἀπέφηνε.

2274 2955 2292 2987 ι
2329 2933 2609 2988 Λούσασθε
2629 2975 2644 3000 ,
2679 2932 2911 3004 καθαροὶ
2949 2927 3197 3002 γένεσθε,
3225 2929 3454 3001 ἀφέλετε
3487 2929 3586 2994 τὰς
3619 2945 3794 3002 πονη-

2203 3031 2326 3101 ρίας
2357 3028 2466 3083 ἀπὸ
2505 3027 2616 3082 τῶν
2647 3027 2836 3098 ψυχῶν
2869 3026 3024 3098 ὑμῶν
3059 3027 3325 3081 ἀπέναντι
3353 3028 3462 3080 τῶν
3493 3025 3794 3095 ὀφθαλμῶν

507 3111 774 3180 qniescite
824 3127 854 3166 a
896 3110 1120 3167 malitiis
1155 3111 1359 3166 vestris
1382 3149 1400 3176 ,
1435 3111 1628 3166 discite
1656 3109 1794 3166 bene
1823 3109 2028 3168 facere.
2067 3130 2087 3163 ι

2199 3121 2377 3194 ὑμῶν·
2413 3117 2696 3174 παύσασθε
2746 3117 2855 3172 ἀπὸ
2898 3119 3006 3173 τῶν
3055 3119 3330 3198 πονηριῶν
3379 3117 3555 3190 ὑμῶν,
3585 3118 3790 3190 μάθετε

507 3203 812 3258 Admodum
869 3211 1274 3272 consequenter
1322 3213 1615 3275 postquam
1655 3203 1834 3274 prima
1882 3203 2094 3260 dixerat

504 3293 671 3358 Deus,
703 3294 790 3348 his
837 3294 968 3348 item
1005 3295 1336 3350 memoratos
1384 3295 1748 3350 Sodomorum
1791 3293 2092 3366 principes,

503 3397 570 3437 ac
601 3383 855 3452 populum
883 3383 1202 3439 Gomorrha:
1225 3384 1280 3438 in
1313 3399 1464 3454 spem
1500 3385 1699 3439 bonam
1738 3383 2002 3440 transfert
2039 3391 2095 3439 et

503 3484 733 3541 evocat;
787 3475 832 3530 si
881 3475 1146 3530 malitiam
1179 3475 1540 3548 deponentes,
1593 3485 1649 3530 et
1705 3491 1736 3530 a
1787 3475 2095 3531 voluntario

503 3567 599 3622 illo
633 3569 934 3622 secundum
965 3583 1289 3640 corpoream
1325 3568 1498 3639 legem
1526 3568 1680 3623 cultu
1710 3569 2092 3636 abscedentes,

505 3658 656 3714 Novo
683 3658 1058 3729 Testamento,
1078 3675 1342 3732 novaeque
1367 3661 1472 3732 legi
1501 3671 1556 3716 et
1586 3662 1752 3717 verbo
1777 3660 2092 3732 obsequen-

503 3761 590 3808 tes
618 3751 840 3808 fuerint.
877 3753 1242 3822 Quamobrem
1276 3766 1564 3825 pcatquam
1603 3769 1664 3808 ea
1711 3769 1828 3826 quae
1873 3753 2094 3810 Veteris

501 3841 840 3896 Testamenti
867 3853 1048 3907 erant,
1075 3847 1308 3914 carptim
1339 3844 1553 3916 tetigit,
1587 3843 1722 3899 Novi
1755 3844 2090 3901 Testamenti

505 3936 768 4003 mysteria
805 3935 1035 3990 inducit.
1092 3935 1222 4002 Qua:
1251 3937 1366 4005 ipse
1411 3937 1466 3989 in
1499 3935 1809 4006 Evangeliis
1845 3937 2092 4001 tradidit,

505 4019 712 4085 dicens,
749 4039 766 4070 ‹
797 4019 908 4075 Nisi
961 4023 1086 4092 quis
1142 4033 1365 4079 renatus
1398 4023 1562 4077 fuerit
1588 4039 1655 4078 ex
1697 4039 1838 4094 aqua
1866 4033 1922 4080 ct
1968 4025 2094 4095 Spi-

505 4111 635 4176 ritu,
672 4126 778 4166 non
811 4113 1036 4166 intrabit
1076 4113 1128 4168 in
1164 4127 1393 4183 regnum
1426 4113 1686 4168 caelorum
1714 4115 1756 4166 ⁷.
1787 4133 1913 4166 ›-‹
1935 4115 2092 4181 Quae-

505 4204 611 4257 rite
634 4201 925 4271 judicium,
959 4203 1191 4260 liberate
1221 4204 1838 4284 oppressum,_judicatc
1861 4207 2089 4274 pupillo,

501 4295 1036 4350 defcmlite'viduam.
1069 4315 1084 4348 ι
1130 4297 1184 4350 Id
1217 4305 1301 4351 est
1326 4312 1354 4350 a
1395 4297 1604 4352 malitia
1631 4296 1900 4363 translati,
1947 4313 2014 4352 ne
2033 4298 2087 4352 in

503 4399 572 4442 eo
599 4387 907 4455 stctcritis;
941 4387 1034 4442 sed
1066 4387 1232 4442 vitam
1279 4387 1483 4442 virtute
1512 4395 1762 4442 ornatam
1799 4386 2088 4458 suscipite.

577 4647 744 4703 Vsus.
780 4647 868 4704 i8.
916 4665 934 4700 α
967 4648 1032 4703 Et
1073 4648 1274 4716 venite,
1311 4658 1366 4704 et
1397 4649 1940 4720 disceptemus,'dicit
1982 4653 2090 4709 Do-

505 4741 688 4794 minus
725 4759 736 4793 :
771 4749 826 4795 et
880 4743 924 4797 si
977 4742 1183 4797 fuerint
1237 4753 1460 4812 peccata
1489 4753 1673 4798 vestra
1721 4753 1780 4799 ut
1827 4759 2092 4816 purpura,

503 4831 870 4900 quasiuivem
913 4833 1212 4902 dealbabo;
1253 4835 1384 4890 etsi
1417 4835 1622 4889 fuerint
1671 4845 1730 4890 ut
1780 4838 2087 4902 coccinum,

504 4923 659 4993 quasi
697 4921 874 4978 lanam
911 4925 1196 4982 dealbabo.
1233 4945 1252 4979 ι
1287 4925 1493 4982 Deinde
1522 4929 1676 4998 quasi
1725 4928 1779 4982 in
1829 4927 2086 4982 tribunali

503 5031 605 5087 ego
649 5025 703 5071 et
737 5033 832 5072 vos
873 5017 1239 5088 disceptemus
1277 5037 1291 5076 :
1323 5035 1422 5090 ego
1480 5021 1700 5091 quidem
1757 5035 2089 5076 enumerans

505 5117 706 5175 quanta
739 5109 840 5162 sim
869 5123 898 5161 a
919 5108 1072 5162 vobis
1104 5123 1416 5178 perpessus,
1443 5121 1499 5166 et
1535 5117 1740 5181 quanta
1775 5110 1934 5166 vobis
1966 5126 2086 5164 mu—

506 5215 634 5252 nera
668 5199 994 5255 contulerim
1025 5219 1040 5255 :
1067 5215 1130 5256 ac
1166 5203 1439 5271 quomodo
1468 5213 1592 5275 post
1637 5211 1784 5257 tanta
1819 5203 2084 5270 facinora,

507 5291 749 5347 omnium
785 5291 1056 5348 malorum
1099 5303 1410 5348 vestrorum
1442 5295 1674 5362 oblitus,
1707 5305 1923 5350 vestras
1951 5295 2107 5368 prm-‘

511 5385 656 5440 dicto
681 5385 946 5454 sanguine
973 5397 1274 5456 purpureas
1309 5386 1522 5443 animas
1547 5386 1986 5452 emundaverim,
2021 5403 2084 5443 as

506 5493 601 5545 pcr
635 5475 944 5562 Ilavacrum
1009 5477 1442 5548 regenerationis
1495 5477 1618 5557 nive
1686 5479 2088 5550 splendidiores

561 5620 582 5650 ⁸
612 5595 983 5688 ΜειιιΙιξΠνιι,
1006 5619 1098 5675 25.
1177 5619 1198 5650 '
1228 5617 1388 5674 Joan.
1419 5633 1502 5685 tu,
1536 5619 1589 5675 5.

580 5740 656 5810 (5}
723 5738 846 5796 llaec
877 5738 1004 5796 item
1039 5737 1294 5812 exprimit
1325 5736 1685 5808 Hieronymus
1711 5738 1778 5796 ad
1808 5739 1950 5798 hunc
1979 5738 2082 5798 loc.

2201 3210 2366 3266 καλὸν
2401 3213 2596 3264 ποιεῖν.
2639 3229 2658 3262 ι
2689 3207 2903 3280 Σφόδρα
2943 3207 3076 3278 γοῦν
3117 3207 3429 3272 ἀκολούθως
3473 3207 3542 3261 τὰ
3593 3207 3792 3275 πρῶτα

2202 3303 2441 3376 εἰρηκὼς
2464 3306 2492 3357 ὁ
2518 3301 2672 3368 Θεὸς,
2708 3303 2788 3356 ἔτι
2815 3301 3103 3356 καὶταῦτα
3125 3303 3262 3374 πρὸς
3288 3303 3414 3366 τοὺς
3447 3299 3794 3372 δηλωθέντας

2201 3394 2467 3467 ἄρχοντας
2496 3393 2766 3465 Σοδόμων,
2793 3392 2886 3448 καὶ
2919 3393 3010 3446 τὸν
3041 3391 3170 3446 λαὸν
3201 3391 3487 3464 Γομόρρας
3513 3390 3792 3463 διεξέρχε-

2199 3503 2290 3540 ται
2319 3485 2420 3557 (5),
2471 3484 2564 3537 ἐπὶ
2598 3483 2809 3554 ἀγαθὰς
2836 3482 3059 3547 ἐλπίδας
3099 3483 3296 3546 αὐτοὺς
3323 3480 3788 3553 προκαλούμενος,

2200 3575 2249 3626 εί
2285 3573 2645 3644 μεταθέμενοι
2692 3573 2790 3644 τῆς
2837 3573 3036 3636 κακίας
3065 3573 3160 3626 καὶ
3193 3573 3290 3643 τῆς
3335 3570 3792 3644 ὲθελοθρησκείας

2200 3661 2300 3732 τῆς
2353 3659 2495 3714 κατά
2547 3661 2638 3714 τὸν
2699 3661 3012 3732 σωματικὸν
3068 3659 3234 3732 νόμον
3285 3661 3748 3733 ἀναχωρήσαντες
3774 3701 3788 3726 ,

2203 3751 2434 3824 ὑπήκοοι
2460 3751 2704 3821 γένοιντο
2735 3751 2834 3822 τῆς
2863 3752 3074 3822 Καινῆς
3112 3751 3391 3823 Διαθήκης
3418 3753 3511 3805 καὶ
3539 3751 3634 3806 τοῦ
3663 3769 3790 3806 και-

2200 3844 2290 3898 νοῦ
2322 3845 2488 3916 νόμου
2523 3845 2618 3896 καὶ
2649 3842 2829 3912 λόγου.
2861 3842 2952 3896 Διὸ
2983 3842 3119 3913 μετά
3139 3842 3238 3915 τὴν
3265 3843 3568 3915 παρόρασιν
3599 3843 3707 3897 τῶν
3733 3847 3792 3898 ἐν

2200 3939 2266 4008 τῇ
2291 3935 2503 4006 Παλαιᾷ
2526 3933 2792 4006 Διαθήκῃ,
2819 3933 2888 3986 τὰ
2915 3933 3014 4004 τῆς
3040 3933 3250 4004 Καινῆς
3280 3933 3558 4005 Διαθὴκης
3577 3935 3792 4003 εἰσάγει

2204 4027 2506 4098 μυστήρια.
2533 4027 2599 4078 *Α
2625 4023 2690 4095 δὴ
2723 4025 2818 4076 καὶ
2843 4025 2898 4077 ὲν
2925 4026 3039 4087 τοῖς
3060 4023 3416 4092 Εὑαγγελίοις
3445 4023 3608 4088 αὐτὸς
3648 4041 3794 4096 παρ-

2199 4114 2374 4167 εδίδου
2407 4113 2609 4182 λέγων·
2655 4131 2672 4165 ι
2725 4112 2852 4165 Ἐὰν
2885 4113 2956 4184 μή
3013 4129 3098 4176 τις
3132 4111 3468 4184 ἀναγεννηθῇ
3496 4111 3555 4180 ἐξ
3588 4113 3786 4178 ὓδατος

2201 4205 2294 4257 καὶ
2318 4205 2647 4274 πνεύματος,
2682 4203 2743 4256 ού
2779 4203 2853 4272 μὴ
2887 4202 3107 4276 είσὲλθῃ
3135 4205 3215 4267 εἰς
3239 4203 3340 4275 τὴν
3373 4203 3651 4274 βασιλείαν
3679 4205 3792 4258 τῶν

2197 4297 2496 4370 οὐρανῶν.»
2515 4327 2583 4335 -
2613 4317 2632 4349 ι
2675 4297 3046 4370 Ἐκζητήσατε
3073 4299 3278 4370 κρίσιν,
3307 4299 3545 4370 ῥύσασθε
3570 4301 3790 4355 ἀδικού-

2203 4407 2384 4462 μενον,
2435 4389 2658 4462 κρίνατε
2715 4389 2978 4462 ὀρφανῷ,
3025 4392 3119 4444 καὶ
3174 4391 3498 4446 δικαιώσατε
3552 4393 3723 4465 χήρᾳ.
3763 4412 3782 4445 ι

2121 4495 2173 4557 D
2204 4480 2408 4548 Ἤγουν
2442 4479 2838 4548 μεταϐαλόντες
2879 4481 2979 4551 τῆς
3012 4481 3232 4546 κακίας,
3269 4482 3344 4552 μὴ
3378 4482 3540 4555 μέχρι
3593 4483 3788 4537 τούτου

2203 4571 2382 4642 στῆτε,
2414 4569 2504 4623 τὸν
2525 4569 2580 4623 δὲ
2601 4571 2720 4623 κατ’
2746 4571 2950 4642 ἀρετὴν
2975 4571 3275 4626 ἀναλάϐετε
3305 4573 3440 4644 βίον.

2274 4681 2292 4714 t
2329 4664 2439 4716 Καὶ
2474 4661 2647 4728 δεῦτε,
2683 4665 2776 4717 καὶ
2808 4663 3184 4735 διαλεχθῶμεν
3229 4665 3330 4735 (6),
3361 4665 3510 4734 λέγει
3553 4667 3782 4739 Κύριοςο

2197 4754 2291 4806 καὶ
2333 4753 2426 4807 ἐὰν
2471 4747 2602 4806 ὦσιν
2633 4755 2687 4806 αἱ
2743 4753 3010 4826 ἁμαρτίαι
3047 4753 3204 4825 ὑμῶν
3253 4755 3328 4818 ὡς
3359 4757 3660 4824 φοινικοῦν,
3707 4757 3786 4820 ὡς

2196 4845 2350 4917 χιόνα
2399 4843 2675 4899 λευκανῶ·
2710 4845 2805 4898 ἐὰν
2832 4845 2888 4898 δὲ
2921 4837 3055 4897 ὦσιν
3087 4845 3163 4909 ὡς
3189 4845 3464 4912 κόκκινον,
3506 4848 3582 4912 ὡς
3639 4847 3786 4920 ἔριον

2196 4937 2462 4991 λευκανῶ.
2505 4957 2522 4989 ι
2553 4932 2668 4989 Εἴθ’
2701 4937 2775 5000 ὡς
2804 4939 2861 4988 ἐν
2892 4937 3227 5009 δικαστηρίῳ
3241 4939 3641 5012 διελεγχθῶμεν
3672 4941 3785 5010 ἐγώ

2195 5047 2254 5083 τε
2279 5031 2372 5082 καὶ
2405 5031 2562 5101 ὑμεῖς
2582 5047 2594 5059 ·
2631 5027 2741 5098 ἐγὼ
2770 5029 2866 5100 μὲν
2893 5029 2992 5082 ὅσα
3019 5029 3264 5084 πέπονθα
3289 5031 3568 5102 ὑφ’ύμῶν,
3599 5034 3701 5086 ὅσα
3723 5050 3784 5085 τε

2198 5117 2343 5187 ὑμᾶς
2372 5115 2559 5186 ἔτυχον
2593 5117 2964 5187 εὐεργετήσας
3004 5119 3536 5191 καταριθμούμενος,
3582 5123 3677 5174 καὶ
3708 5122 3786 5186 ὡς

2199 5209 2339 5280 μετὰ
2365 5209 2603 5263 τοσαῦτα
2635 5209 3088 5282 πλημμελήματα
3121 5212 3342 5266 πάντων
3374 5211 3561 5266 κακῶν
3599 5214 3782 5285 ἀμνή-

2198 5315 2379 5352 στειαν
2415 5298 2755 5369 ποιούμενος,
2787 5302 3213 5372 πεφοινιγμένας
3228 5302 3379 5376 ὑμῶν
3401 5302 3498 5366 τὰς
3517 5303 3695 5374 ψυχὰς
3718 5305 3784 5359 ἐκ

2192 5385 2285 5438 τοῦ
2327 5386 2716 5457 προλεχθέντος
2771 5388 3004 5458 αἵματος
3051 5389 3333 5466 ἐκάθηρα,
3389 5393 3784 5466 λαμπροτέρας

2193 5481 2369 5548 χιόνος
2407 5480 2578 5545 αὐτὰς
2601 5479 2690 5537 διά
2721 5485 2819 5558 τῆς
2842 5486 2936 5540 τοῦ
2969 5485 3196 5557 λουτροῦ
3231 5487 3652 5558 παλιγγενεσίας
3681 5506 3782 5544 κα-

2267 5732 2346 5806 (6)
2383 5733 2512 5808 Reg.
2545 5734 2786 5794 secunda
2818 5751 3004 5806 manu,
3039 5735 3460 5808 διιλεγχθῶμεν.
