4062 6400
239 369 317 428 97
1235 365 1741 425 COMME-NTARIA
1777 368 1847 426 IN
1886 366 2125 425 iSAlAM
2187 398 2260 410 —-
2293 368 2448 429 CAP.
2488 367 2532 423 1.
3455 373 3525 426 93

236 485 556 560 ταπήσας·
594 484 756 560 ὑμεῖς
781 485 841 542 δὲ
871 487 927 541 ei
963 505 1049 553 τις
1082 486 1214 559 δμῖν
1256 489 1398 561 πρὸς
1435 488 1532 561 τὴν
1566 489 1826 563 τοσαύτηι

1942 487 2064 544 illas
2114 488 2526 553 constituerim,
2581 498 2681 541 vos
2734 492 2939 554 autem,
2993 486 3039 541 si
3092 485 3276 558 aliqua
3329 498 3520 545 contra

239 579 405 651 χάριν
427 577 644 633 ἔνεσται
671 578 851 647 λόγος,
887 580 968 643 εἰς
996 578 1230 651 φανερὸν
1261 578 1452 634 τοῦτον
1486 580 1670 648 ἄγετε.

187 712 195 717 .
323 688 343 721 ι
378 669 489 723 Καὶ
516 669 615 723 ἐὰν
639 669 832 740 θέλητε
865 671 959 725 καλ⁵
991 670 1354 743 εἰσακούσητέ
1387 687 1510 741 μου,
1540 671 1612 725 τά
1651 672 1832 742 ἀγαθά

234 760 343 833 τῆς
377 761 483 831 γῆς
512 760 754 831 φάγεσθε
778 779 792 793 ·
829 761 926 816 ἐὰν
947 761 1023 833 μὴ
1043 761 1256 834 θέλητε,
1306 762 1442 835 μηδέ
1466 764 1831 837 είσακούσητέ

240 872 367 924 μου,
407 854 656 925 μάχαιρα
683 854 831 926 ὑμᾶς
852 854 1171 909 κατέδεται·
1203 856 1264 910 τὺ
1292 855 1402 927 γάρ
1426 857 1601 929 στόμα
1623 860 1831 931 Κυρίου

238 945 472 1018 ἐλάλησε
526 944 721 1023 ταῦτα.
777 965 797 999 ι
863 945 1132 1001 Ἐνταῦθα
1181 946 1239 1001 δέ
1280 948 1310 1000 ό
1354 948 1514 1018 λόγος
1558 949 1636 1013 ὡς
1690 950 1830 1021 πρὸς

255 1036 545 1101 Ἰουδαίους
563 1036 966 1109 διαλεγόμενος,
998 1033 1088 1092 οἶα
1117 1039 1348 1109 νηπίους
1380 1040 1579 1104 αὐτοὺς
1616 1039 1705 1095 διὰ
1732 1040 1834 1112 τῆς

244 1126 569 1197 σωματικῆς
599 1128 932 1197 ἐπαγγελίας
947 1128 1228 1184 πείθεσθαι
1241 1132 1356 1194 τοῖς
1371 1130 1680 1202 εἰρημένοις
1701 1148 1833 1202 προ-

237 1216 465 1287 τρέπειο
499 1217 639 1290 προς
681 1218 740 1272 δὲ
784 1218 878 1272 τὸν
907 1217 1084 1291 ἀληθῆ
1130 1219 1312 1289 λόγον,
1358 1221 1463 1291 γῆς
1506 1221 1607 1293 τῆς
1647 1221 1828 1293 ψυχῆς

232 1308 534 1380 νοουμένης
581 1308 723 1363 κατὰ
769 1310 872 1382 τὴν
918 1312 1187 1383 σωτήριον
1241 1310 1592 1383 παραϐολήν·
1651 1312 1685 1382 ἢ
1736 1311 1828 1365 τὸν

232 1398 562 1471 ἐπουράνιον
590 1399 806 1468 λέγεται
829 1399 1235 1472 παραδέχεσθαι
1271 1401 1494 1471 σπόρον,
1533 1402 1827 1456 ἀκόλουθόν

236 1494 389 1546 ἐστιν
418 1491 599 1561 ἀγαθά
616 1492 795 1563 ψυχῆς
820 1494 959 1546 νοεῖν
980 1493 1098 1563 ἦτοι
1113 1492 1214 1556 τὰς
1242 1495 1363 1546 κατ’
1387 1492 1588 1565 ἀρετὴν
1621 1510 1854 1565 προκοω

234 1583 348 1646 πὰς
384 1584 479 1637 καὶ
510 1581 840 1647 τελειώσεις,
873 1583 906 1653 ἦ
949 1582 1018 1636 τὰ
1052 1582 1442 1653 ἐπηγγελμένα
1478 1585 1622 1655 αὐτῇ
1659 1584 1715 1637 ἓν
1755 1586 1824 1656 τῇ

230 1672 349 1725 τῶν
394 1672 642 1745 οὐρανῶν
682 1672 951 1744 βασιλείᾳ.
991 1674 1156 1728 Ὅθεν
1186 1675 1323 1747 πρὸς
1373 1676 1473 1745 μὲν
1514 1673 1612 1747 τὴν
1644 1674 1823 1743 λέξιν,

229 1764 575 1842 αὐτίκαιτοῑς
603 1764 781 1834 λόγοις
805 1765 1163 1838 ἐπηκολούθει
1193 1768 1227 1838 η
1260 1766 1347 1819 διὰ
1376 1766 1484 1820 τῶν
1514 1766 1692 1839 ἔργων
1730 1766 1824 1820 ἐκ·

1936 592 2143 640 tantam
2191 582 2422 655 gratiam
2459 583 2615 637 adest
2648 580 2812 647 ratio,
2841 595 2962 637 eam
3000 582 3212 653 publice
3260 586 3518 653 proferte.

2006 676 2174 733 Vens.
2203 674 2290 742 i9,
2317 673 2411 729 20.
2457 691 2476 725 ι
2526 673 2591 728 Ει
2618 674 2664 730 si
2694 673 2979 731 volueritis
3006 685 3062 731 et
3093 676 3374 732 audieritis
3402 693 3510 742 me,

1933 768 2073 823 bona
2137 775 2299 821 terrae
2347 763 2682 830 comedetis;
2734 765 2877 836 quod
2942 766 2988 819 si
3040 766 3362 833 nolueritis,
3418 783 3521 824 nec

1933 856 2220 912 audieritis
2269 869 2403 921 me,
2473 852 2685 924 gladius
2736 868 2832 911 vos
2890 855 3229 925 devorabit;
3283 873 3405 912 nam
3457 874 3521 914 os

1934 948 2145 1004 Domini
2182 947 2298 1003 ltzec
2344 947 2585 1004 loculum
2640 955 2746 1003 est.
2778 966 2798 1001 ι
2831 946 2929 1003 Hic
2956 950 3113 1018 quasi
3143 948 3358 1007 Judmos
3388 952 3521 1006 alio-

1932 1055 2131 1113 quens,
2186 1040 2333 1110 ipsos
2377 1054 2479 1095 ceu
2533 1037 2771 1094 infantes
2800 1052 2899 1107 per
2930 1053 3249 1108 corpoream
3284 1042 3521 1111 promis-

1931 1133 2145 1187 sionem
2186 1130 2458 1195 hortatur,
2486 1140 2544 1184 ut
2576 1130 2741 1185 dictis
2769 1130 3195 1198 obtemperent;
3233 1142 3291 1185 at
3318 1147 3518 1187 secun-

1931 1223 2060 1279 dum
2093 1236 2280 1276 veram
2316 1218 2655 1291 intelligendi
2702 1220 2990 1282 rationem,
3041 1236 3165 1275 cum
3214 1231 3357 1277 terra
3416 1238 3517 1292 pro

1930 1312 2109 1367 anima
2143 1311 2443 1382 reputamla
2482 1310 2576 1377 sit,
2607 1310 2907 1365 secundum
2938 1310 3242 1366 Salvatoris
3277 1313 3515 1381 parabo.

1929 1401 2038 1457 iam
2073 1415 2087 1460 :
2121 1417 2247 1473 qua:
2277 1410 2421 1455 terra
2450 1400 2676 1455 cteleste
2721 1413 2903 1455 semen
2952 1401 3231 1471 suscipere
3282 1403 3514 1469 dicitur;

1930 1493 2057 1549 hinc
2086 1492 2443 1562 consequitur
2464 1490 2660 1546 anima:
2698 1492 2836 1546 bona
2860 1491 2963 1547 ‘bic
2993 1506 3115 1548 esse
3146 1491 3515 1563 intelligenda,

1928 1579 2139 1634 scilicet
2166 1579 2470 1649 profectum
2502 1589 2559 1635 et
2593 1579 2985 1650 perfectionem
3017 1580 3310 1635 secundum
3346 1582 3535 1642 virtu?

1930 1679 2036 1726 tem
2065 1676 2379 1741 acceptam,
2432 1671 2518 1726 vel
2574 1671 2717 1725 bona
2769 1670 2872 1740 ipsi
2922 1671 2976 1725 in
3032 1686 3199 1742 regno
3245 1672 3515 1727 caelorum

1926 1763 2221 1833 promissa.
2264 1764 2613 1834 Quapropter
2652 1763 2954 1818 secundum
3005 1761 3247 1819 litteram
3274 1762 3516 1833 quidem,

231 1856 395 1922 ϐασις
414 1875 427 1888 ·
454 1859 802 1931 παραχρῆμα
834 1859 943 1932 γὰρ
974 1862 1069 1913 καὶ
1090 1860 1192 1913 οὐκ
1221 1862 1302 1924 είς
1330 1859 1550 1932 μακράν
1576 1862 1626 1913 οί
1656 1860 1818 1914 ἀπει-

1927 1856 2092 1911 verba
2133 1870 2316 1910 rerum
2363 1863 2592 1910 eventus
2650 1869 2774 1909 mox
2823 1863 3151 1909 consecutus
3209 1864 3333 1919 est;
3386 1870 3515 1909 nam

230 1948 515 2021 θήσαντες,
542 1954 611 2034 τῇ
641 1951 751 2005 τῶν
790 1950 1064 2022 πολεμίων
1108 1953 1355 2025 μαχαίρᾳ
1397 1953 1779 2025 παρεδόθησαν
1802 1970 1816 1985 ο

1923 1946 2234 2011 confestim,
2288 1962 2388 2003 nec
2430 1948 2601 2003 multo
2642 1956 2765 2017 post
2795 1947 2979 2015 elapso
3014 1955 3279 2016 tempore,
3324 1946 3517 2003 immo-

229 2041 570 2099 ἐπελθόντων
621 2044 805 2107 αὐτοῖς
850 2044 1139 2114 Ῥωμαίων
1165 2084 1180 2108 ,
1235 2046 1329 2099 καὶ
1386 2046 1626 2117 πολέμου
1671 2046 1822 2119 νόμῳ

1927 2039 2090 2110 rigeri
2118 2039 2192 2094 illi
2224 2038 2415 2110 gladio
2440 2038 2788 2094 inimicorum
2815 2039 3000 2093 traditi
3025 2048 3172 2105 sunt,
3198 2040 3513 2110 irrumpen-

224 2133 444 2197 πάντας
473 2134 897 2205 χειρωσαμένων
916 2152 930 2165 ³
966 2136 1016 2190 εί
1048 2136 1106 2191 δὲ
1145 2137 1241 2190 καὶ
1266 2134 1552 2220 διαϐολική
1583 2138 1670 2200 τίς
1704 2139 1821 2191 ἐστι

227 2225 499 2296 μάκαιρα,
529 2225 817 2300 καὶταύτῃ
839 2226 1044 2281 ἔκδοτοι
1069 2228 1349 2297 γεγόνασι,
1377 2225 1468 2280 διὰ
1501 2227 1563 2280 τὸ
1589 2227 1812 2298 ἅπειθῆο

226 2331 323 2369 σαι
353 2320 417 2387 τῇ
450 2316 645 2389 κλήσει
669 2317 768 2389 τῆς
791 2316 886 2371 τοῦ
910 2317 1046 2373 Θεοῦ
1074 2320 1321 2391 χάριτος.

301 2492 721 2561 «Πῶς-ἐγένετο
764 2493 937 2566 πόρνη
985 2493 1142 2558 πόλις
1186 2494 1355 2566 πιστὴ
1396 2493 1555 2557 Σιὼν,
1610 2497 1825 2568 πλήρης

223 2584 497 2656 κρίσεωςς
532 2585 592 2637 ἐν
692 2584 1314 2658 δικαιοσύηὶέκοιμήθη
1349 2586 1407 2638 ἐν
1454 2586 1615 2656 αὐτῇ,
1654 2586 1747 2639 νῦν
1768 2587 1825 2639 δὲ

222 2676 506 2745 φονευταί.
533 2693 657 2726 ι-ι
688 2675 821 2728 Τίνα
846 2675 956 2729 τῶν
987 2674 1284 2747 προφητῶν
1306 2675 1403 2727 οὐκ
1422 2674 1751 2730 ἀπέκτειναν
1778 2677 1826 2729 οί

227 2765 465 2837 πατέρες
484 2767 514 2819 ῦ
522 2766 637 2837 μῶν
657 2766 751 2819 και
773 2765 962 2837 ὑμεῖς;
987 2784 1006 2818 ι
1029 2764 1285 2821 Διδάσκει
1301 2766 1481 2820 τοίνυν
1504 2766 1533 2818 ό
1549 2766 1706 2836 λόγος
1722 2766 1825 2837 (7),

223 2858 304 2922 ιῖις
362 2857 532 2911 πάλαι
564 2857 664 2928 μὲν
696 2856 797 2926 τὴν
829 2855 984 2910 πόλιν
1033 2838 1256 2928 ᾤκησαν
1304 2856 1495 2928 ἄνδρες
1513 2858 1713 2922 πιστοὶ,
1759 2856 1827 2911 δι’

224 2942 304 3000 ὧν
337 2946 503 3018 πιστὴ
535 2946 691 3019 πόλις
712 2945 1114 3017 ἐχρημάτιζενο
1146 2944 1337 3018 ὥσπερ
1370 2945 1438 3000 ἂν
1471 2946 1628 3011 εἴτις
1660 2949 1825 3011 εῐποι,

226 3036 440 3089 πιστῶν
475 3035 628 3099 πόλις
648 3052 663 3065 ·
709 3034 846 3089 ἀλλά
882 3034 975 3088 καὶ
1008 3034 1229 3106 πλήρης
1253 3035 1491 3107 κρίσεως
1520 3030 1589 3108 ἦν
1620 3036 1717 3090 καὶ
1746 3035 1829 3090 δι-

224 3128 542 3199 καιοσύνης,
577 3127 654 3192 ὡς
694 3127 760 3182 ἂν
800 3126 1074 3199 ἐναρέτων
1114 3126 1303 3199 ψυχῶν
1339 3128 1653 3201 οίκητήριόν
1694 3146 1825 3182 ποτε

217 3221 517 3294 γενομένηο
542 3221 624 3274 διὸ
642 3220 1003 3293 κεκοιμᾶσθαι
1024 3221 1082 3274 ἐν
1106 3222 1243 3292 αὐτῇ
1270 3219 1636 3291 δικαιοσύνην,
1661 3237 1822 3275 τουτ-

220 3316 392 3377 έστιν,
440 3314 719 3385 ἐνοικῆσαι
769 3314 864 3367 καὶ
917 3312 1334 3368 ἀναπεπαῦσθαι
1374 3311 1611 3385 εἴρηται.
1646 3313 1823 3368 Πάλαι

222 3407 338 3477 γάρ
360 3406 573 3478 πλήρης
604 3405 807 3460 τούτων
834 3405 1097 3477 ἐτύγχανε
1117 3421 1132 3435 θ
1177 3403 1318 3476 τάχα
1364 3421 1467 3458 που
1511 3403 1655 3459 κατά
1696 3406 1824 3469 τοὺς

222 3499 455 3569 χρόνους
486 3497 676 3575 λΔαυῒδ,
706 3498 765 3562 ὃς
797 3497 1014 3570 πρῶτος
1060 3496 1195 3551 ἐλὼν
1227 3497 1326 3570 τὴν
1359 3496 1512 3551 πόλιν
1545 3499 1610 3552 ἐκ
1643 3498 1825 3570 χειρὸς

220 3590 562 3659 ἀλλοφύλων,
593 3591 691 3663 τὴν
719 3590 948 3645 κισωτὺν
977 3590 1072 3644 τοῦ
1127 3588 1262 3643 Θεοῦ
1290 3590 1383 3644 καὶ⁹
1404 3589 1503 3661 τὴν
1533 3588 1737 3662 σκηνὴν
1765 3590 1823 3644 ἐν

223 3683 364 3753 αὐτῇ
400 3682 792 3753 κατεστήσατο,
821 3681 985 3745 αὑτός
1037 3697 1096 3736 τε
1125 3679 1295 3752 αὐτὴν
1322 3678 1507 3751 ᾤκησε
1555 3677 1823 3751 βασίλειον

222 3774 516 3843 ἀποδείξας
546 3773 764 3841 ἐαυτοῦ,
788 3774 864 3839 ὼς
885 3774 1224 3847 χρηματίσαι
1251 3773 1405 3828 πόλιν
1433 3772 1615 3828 Δαυῖδ.

306 3974 326 4007 r
351 3954 426 4007 Τδ
445 3953 707 4025 ἀργύριον
736 3951 890 4029 ὑμῶν
926 3950 1214 4023 ἀδόκιμον·
1256 3950 1307 4002 οἰ
1346 3948 1586 4019 κάπηλοί
1620 3965 1718 4001 σου
1740 3946 1823 4018 μί-

225 4062 422 4116 σγουσι
452 4045 546 4098 τὸν
576 4039 719 4098 οἶνον
743 4043 914 4098 ὕδατι.
938 4061 957 4095 ι
990 4038 1099 4095 Ἦν
1124 4043 1233 4112 γάρ
1263 4041 1324 4094 τὸ
1354 4039 1618 4114 ἀργύριον
1639 4037 1820 4093 αὐτῶν

222 4139 508 4211 ἀδόκιμον,
548 4135 737 4208 ἐπειδὴ
778 4135 916 4207 μετά
947 4133 1009 4188 τὸ
1038 4130 1421 4204 ἐκπορνεῦσαι,
1471 4130 1565 4186 καὶ
1626 4147 1820 4201 φονευ-

222 4231 327 4295 τάς
346 4227 621 4300 γενέσθαι,
666 4223 1088 4298 προσεποιοῦντο
1117 4221 1428 4285 θεοσεϐείας
1458 4220 1615 4291 λόγον
1637 4222 1819 4290 ἀπαγ-

222 4322 438 4393 γέλλειν
470 4321 565 4375 καὶ
594 4319 693 4382 τάς
722 4316 872 4381 θείας
902 4314 1126 4389 Γραφάς
1153 4312 1531 4388 διερμηνεύειν
1560 4313 1656 4368 καὶ
1692 4313 1818 4366 δευ-

223 4414 490 4486 τερώσεις
526 4409 763 4484 μυθικὰς
791 4408 1061 4465 ποιεῖσθαι
1089 4406 1199 4461 τῶν
1217 4404 1680 4476 ἀναγνωσμάτων.
1710 4405 1819 4458 Καὶ

226 4505 385 4560 αὐτοὶ
412 4504 470 4559 δὲ
497 4505 549 4557 οἱ
565 4501 885 4560 ’διδάσκαλοι
912 4498 1091 4554 αὐτῶν
1114 4497 1520 4569 καπηλεύοντες
1545 4496 1644 4567 τὴν
1676 4494 1817 4550 δίδ²⁹
1853 4514 1900 4587 D

228 4597 480 4661 σκαλίαν,
511 4595 744 4668 κάπηλοι
779 4593 1073 4666 προσφυῶς
1101 4590 1496 4663 ὠνομάσθησαν
1535 4587 1821 4660 μιγνύντες

226 4690 319 4742 τὸν
350 4684 492 4741 οἶνον
529 4687 699 4749 ῦόατι,
752 4686 895 4757 λόγῳ
938 4684 1283 4756 ἐξυδαροῦντι
1324 4683 1414 4737 τὸν
1452 4682 1690 4754 ἄκρατον
1725 4680 1820 4734 καὶ

226 4780 617 4837 ἐπιστυπτικὺν
640 4778 750 4833 τῶν
785 4777 1156 4832 θεοπνεύστων
1188 4774 1423 4847 Γραφῶν
1452 4773 1577 4828 νοῦν
1599 4772 1688 4826 διὰ
1719 4776 1818 4845 τῆς

231 4872 467 4945 μυθικῆς
489 4872 670 4928 αὐτῶν
703 4872 797 4925 καὶ
828 4868 1101 4945 ληρώδους
1121 4866 1516 4938 δευτερώσεως.

306 5077 325 5111 ι
346 5058 409 5112 Ol
463 5056 714 5129 ὶρχοντὲς
747 5072 841 5109 σου
870 5052 1173 5116 ἀπειθοῦσι,
1214 5049 1461 5104 κοινωνοὶ
1496 5045 1760 5101 κλει-πῶν.
1792 5063 1811 5095 ι

232 5150 389 5203 Οὕτω
425 5148 749 5220 καλούμενοι
798 5147 903 5201 ὑπὸ
940 5143 1033 5199 τοῦ
1070 5144 1324 5214 Σωτῆρος
1370 5140 1469 5210 οὐχ
1495 5139 1773 5209 ὑπήκουον
1799 5151 1815 5166 ι

236 5240 417 5304 ἐπλῶς
447 5240 502 5294 δὲ
531 5242 724 5305 εἰπεῖν,
743 5238 862 5310 Θεῷ
892 5235 1226 5299 ἀπειθοῦσιν,
1253 5232 1592 5293 ἐκκλίνοντες
1613 5229 1705 5286 ἀπ’
1730 5227 1826 5281 αὒ-

119 5380 123 5383 .
224 5332 326 5389 τοῦ
357 5334 453 5387 καὶ
497 5335 605 5397 τοῖς
634 5330 1078 5401 διατεταγμένοις
1110 5328 1201 5382 ὑπ’
1235 5324 1401 5380 αὐτοῦ
1437 5323 1513 5396 μὴ
1554 5318 1826 5392 ἐμμένον-

227 5439 344 5490 τες,
392 5442 411 5475 ι
440 5422 762 5493 ἀγαπῶντες
794 5421 962 5495 δῶρα,
999 5419 1286 5482 διώκοντες
1325 5415 1692 5486 ἀνταπόδομα,
1737 5414 1830 5486 ὀρ-

229 5517 423 5583 φανοῖς
452 5514 514 5566 οὐ
544 5515 841 5586 κρίνοντες,
870 5512 965 5566 καὶ
1013 5509 1195 5583 κρίσιν
1222 5505 1407 5580 χηρῶν
1436 5506 1499 5560 οὐ
1531 5504 1828 5577 προσέχον-

304 5626 328 5656 ⁶
367 5628 405 5679 Α
448 5634 466 5679 ι
520 5641 617 5691 vtt,
653 5626 745 5680 5‘2.

1927 2130 2071 2186 tibus
2106 2130 2375 2186 Romanis
2405 2146 2471 2185 ac
2510 2130 2635 2185 belli
2661 2130 2777 2199 lege
2800 2132 3014 2186 cunctis
3056 2130 3107 2185 in
3140 2131 3515 2201 captivitatem

1923 2221 2186 2289 redactis;
2216 2214 2360 2291 quod
2412 2222 2457 2276 si
2514 2220 2821 2277 diabolicus
2874 2221 3093 2292 gladius
3148 2220 3341 2287 fuerit,
3389 2221 3517 2277 huic

1923 2326 2144 2384 quoque
2184 2314 2350 2370 dediti
2389 2324 2542 2382 sunt,
2588 2315 2733 2386 quod
2782 2314 3001 2369 vocanti
3042 2315 3231 2385 gratia:
3269 2312 3365 2368 Dei
3404 2328 3515 2369 non

1925 2404 2389 2473 obtemperarent.

2002 2493 2165 2552 Vens.
2205 2497 2298 2553 2i.
2344 2515 2365 2550 ι
2412 2499 2694 2566 Quomodo
2727 2501 2868 2557 facta
2911 2510 2993 2557 est
3023 2502 3286 2557 meretrix
3314 2501 3517 2556 civitas

1930 2587 2106 2644 ﬁdelis
2136 2587 2290 2654 Sion,
2321 2589 2479 2657 plena
2502 2589 2735 2658 iudicii?
2760 2593 2818 2647 iu
2850 2606 2955 2661 qua
2977 2591 3193 2659 justitia
3231 2593 3516 2656 dormivit,

1929 2692 2076 2733 nunc
2112 2686 2295 2733 autem
2329 2679 2638 2735 homicidae.
2677 2699 2698 2733 ι
2740 2710 2812 2722 —
2851 2697 2871 2731 ι
2917 2679 3086 2747 Quem
3120 2681 3514 2751 prophetarum

1929 2780 2039 2821 non
2077 2764 2472 2822 interfecerunt
2511 2777 2692 2838 patres
2746 2768 2912 2824 vestri
2960 2777 3017 2823 et
3044 2784 3140 2824 vos
3166 2769 3235 2823 εἳ
3281 2788 3301 2821 ι
3346 2769 3512 2825 Docet

1930 2855 2096 2927 igitur
2116 2856 2249 2912 olim
2280 2858 2500 2927 quidem
2548 2858 2828 2915 civitatem
2879 2858 3175 2915 incoluisse
3225 2860 3409 2915 ﬁdeles
3433 2862 3515 2915 vi-

1932 2960 2043 3013 ros,
2074 2960 2308 3018 quorum
2348 2963 2514 3004 causa
2543 2949 2740 3004 civitas
2790 2949 2967 3004 ﬁdelis
3010 2949 3337 3016 vocabatur;
3379 2964 3444 3004 ac
3466 2951 3513 3005 si

1930 3036 2058 3106 quis
2084 3038 2311 3104 diceret,
2341 3039 2538 3095 civitas
2582 3037 2861 3105 ﬁdelium;
2900 3039 3010 3094 imo
3045 3040 3213 3094 etiant
3241 3039 3401 3112 plena
3424 3038 3516 3109 ju-

1932 3129 2060 3184 dicii
2093 3138 2289 3185 eratet
2329 3129 2587 3200 iustitiae,
2624 3140 2811 3202 utpote
2856 3145 2975 3200 qua:
3025 3131 3323 3202 probarum
3379 3130 3512 3185 olim

1929 3218 2238 3274 animarum
2267 3219 2604 3276 domicilium
2654 3208 2818 3278 fuerit
2852 3239 2868 3277 :
2919 3202 3325 3293 quarejustitia
3366 3221 3419 3277 iu
3447 3237 3512 3277 ea

1928 3310 2283 3377 dormivisse,
2313 3313 2367 3368 id
2397 3322 2503 3378 est,
2539 3313 2879 3370 inhabitasse
2902 3323 2958 3370 et
2979 3314 3252 3384 quievisse
3289 3313 3513 3369 dicitur.

1926 3402 2069 3459 Olim
2108 3404 2313 3476 quippe
2345 3405 2545 3462 talibus
2598 3405 2758 3476 plena
2808 3406 2940 3462 viris
2988 3416 3142 3472 erat;
3184 3415 3244 3460 ut
3281 3403 3515 3461 fortasse

1928 3504 2173 3565 tempore
2233 3495 2474 3561 Davidis,
2531 3497 2890 3567 qui'primus
2941 3498 3133 3552 urbem
3185 3496 3388 3565 eripuit
3443 3511 3510 3550 ex

1927 3586 2182 3641 manibus
2260 3584 2697 3658 allophylorum,
2748 3600 2935 3641 arcam
2996 3569 3091 3642 Dei
3141 3594 3197 3640 et
3260 3583 3513 3639 tabernad

1927 3673 2112 3728 culum
2153 3674 2228 3729 ibi
2272 3676 2503 3755 .posuit,
2561 3675 2618 3731 in
2671 3689 2845 3746 eaque
2896 3676 3012 3745 ipse
3067 3674 3351 3739 habitavit,
3419 3688 3510 3727 re-

1924 3765 2181 3835 giamque
2219 3765 2553 3832 constituit,
2593 3765 2667 3819 ita
2702 3775 2763 3820 ut
2809 3765 3004 3821 civitas
3055 3764 3225 3819 David
3265 3764 3512 3835 appella;-

1927 3865 2097 3912 retur.

1992 3947 2160 4004 Vsus.
2196 3947 2287 4004 22.
2324 3966 2342 4001 ‹
2381 3948 2681 4017 Argentum
2729 3957 2972 4004 vestrum
3025 3963 3132 4003 non
3169 3946 3454 4018 probatum
3489 3963 3507 4004 ι

1923 4054 2198 4111 caupones
2236 4041 2313 4095 tui
2356 4041 2542 4094 vinum
2597 4053 2738 4107 aqua
2779 4039 3035 4095 miscent.
3076 4056 3097 4092 ι
3144 4037 3384 4107 Eratque
3417 4053 3508 4092 ar-

1923 4139 2144 4199 gentum
2165 4144 2353 4184 eorum
2391 4144 2497 4185 non
2522 4130 2835 4199 probatum,
2870 4128 2996 4198 quia
3022 4137 3308 4198 postquam
3333 4127 3509 4183 forni-

1922 4222 2057 4276 carii
2083 4231 2140 4277 et
2162 4221 2451 4277 homicida:
2471 4230 2597 4277 sunt
2618 4219 2820 4287 eﬁ‘ecli,
2845 4234 2904 4275 se
2924 4235 3064 4275 vera:
3088 4220 3361 4291 religionis
3389 4234 3509 4275 ver-

1923 4313 2049 4369 bum
2074 4316 2400 4370 annuntiare
2433 4324 2493 4370 et
2530 4314 2745 4369 divinas
2795 4313 3109 4384 Scripturas
3158 4313 3507 4382 interpretari

1922 4405 2284 4472 simulabant,
2316 4406 2445 4461 dum
2479 4402 2751 4461 fabulosas
2795 4404 3116 4459 deuteroses
3147 4404 3216 4459 ad
3256 4402 3509 4460 lectionis

1924 4499 2343 4569 explicationem
2372 4498 2713 4555 adhiberent.
2764 4498 3023 4553 Doctores
3063 4510 3193 4551 vero
3240 4495 3506 4565 ipsorum,

1928 4593 2019 4663 qui
2053 4590 2354 4647 doctrinam
2393 4591 2871 4659 cauponabantur,
2926 4602 2958 4643 e
2982 4603 3041 4643 re
3070 4600 3349 4657 caupones
3374 4586 3506 4641 dicti

1927 4692 2075 4748 sunt,
2111 4682 2200 4752 qui
2228 4682 2411 4734 vinum
2446 4694 2588 4750 aqua
2634 4680 2955 4743 miscebant,
2997 4679 3124 4733 dum
3172 4689 3421 4732 sermone
3452 4676 3507 4729 in
3556 4694 3565 4752 ε

1926 4788 2120 4843 aquam
2175 4772 2447 4836 resoluto,
2476 4785 2685 4826 meram
2734 4780 2789 4826 et
2843 4772 3150 4825 restrictam
3199 4768 3501 4845 divinarum

1926 4863 2331 4933 St't‘ipltlrat‘ttttt
2370 4872 2601 4917 mentem
2647 4876 2744 4932 per
2782 4861 3185 4917 commentitias
3214 4874 3342 4915 suas
3370 4858 3504 4914 deu-

1928 4964 2135 5006 teroses
2162 4950 2456 5006 fmdarent.

2004 5042 2166 5097 Vens.
2195 5041 2290 5097 25.
2331 5060 2350 5093 ι
2385 5040 2667 5110 Principes
2689 5039 2764 5093 tui
2794 5053 2899 5093 non
2933 5038 3339 5109 obtemperant,
3371 5035 3492 5096 soci

1929 5134 2127 5187 furum.
2158 5150 2180 5186 ι
2220 5132 2314 5187 Sic
2363 5132 2541 5187 vocati
2575 5146 2605 5184 a
2656 5127 2953 5184 Servatore
3003 5144 3109 5181 non
3157 5130 3500 5196 obtempera-

1924 5223 2179 5278 bant:in
2218 5239 2451 5287 summa,
2509 5222 2616 5275 Deo
2668 5229 2995 5289 repugnant,
3049 5219 3389 5274 declinantes
3438 5214 3510 5266 ab

1925 5330 2011 5380 eo,
2043 5316 2179 5371 etin
2208 5314 2497 5386 praeceptis
2523 5313 2642 5381 ejus
2671 5328 2775 5365 non
2812 5321 3120 5375 manentes,
3158 5329 3177 5362 ι
3215 5308 3498 5376 diligente:

1930 5422 2177 5470 munera,
2215 5390 2627 5461 retributionem
2679 5410 3089 5472 persequentes,
3139 5398 3346 5470 pupillo
3398 5409 3509 5450 non

1922 5497 2252 5568 judicantes,
2287 5503 2341 5547 ct
2381 5504 2603 5548 causam
2655 5492 2825 5547 vidua:
2879 5503 2984 5545 non
3041 5490 3388 5574 attendentes
3426 5504 3438 5538 :
3483 5503 3504 5534 ι

307 5720 387 5789 (7i
430 5717 555 5776 iia-c
596 5717 868 5774 nonnullis
913 5717 1137 5789 adjectis
1187 5711 1478 5789 manifeste
1525 5708 1805 5769 tranStulit
1867 5704 2252 5777 Hieronymus,
2288 5701 2378 5774 qui
2431 5701 2503 5756 ait
2542 5720 2555 5756 :
2588 5699 2697 5757 Nec
2740 5700 2943 5771 ambigo
2983 5697 3148 5768 fuisse
3182 5698 3233 5753 in
3277 5714 3502 5789 rosea-

230 5785 346 5847 ειυί
379 5792 533 5859 riras,
562 5801 613 5848 et
650 5801 871 5857 caetera,
902 5802 1021 5858 qua!
1058 5785 1132 5841 ibi
1160 5786 1382 5841 vidcsis.

3554 4710 3571 4965 ι
