4062 6400
421 5759 430 5766 .
525 5715 758 5768 videtur.

549 333 620 390 99
1231 333 1494 390 EUSEBII
1535 334 2022 394 CESARIENSIS
2063 337 2212 426 QPP.
2259 336 2436 394 PARS
2473 339 2562 395 Ill.
2617 341 3116 399 —EXEGETICA.

3725 359 3831 414 ιθο

548 460 672 499 eum
689 443 966 514 proditore
986 443 1120 500 Juda
1140 444 1350 500 l‘urante
1369 453 1776 514 concurrentes,
1797 445 1937 518 juris
1959 449 2120 518 tequi-

2231 465 2341 512 τες.
2367 468 2386 500 ι
2421 449 2514 520 ΣΓῴ
2537 445 2630 506 οὖν
2662 453 3080 528 προδότῃἸούδα
3107 457 3388 514 κλέπτοντι
3411 466 3700 534 συνιόντες,
3727 473 3832 543 τὴν

551 545 718 590 talem
750 535 907 590 donis
951 537 1369 592 vcnumdabant.
1425 589 1428 592 .

623 627 786 684 Vens.
818 629 888 683 24
919 629 1050 685 -Ξϐ,
1106 649 1125 684 ι
1162 630 1451 702 Propterea
1520 633 1636 688 haec
1690 634 1822 690 dicit
1874 634 2132 690 Dominus
2205 688 2216 698 ,

553 719 814 776 Dominus
843 721 1082 777 Sabaoth
1116 741 1128 776 :
1159 722 1250 779 ναι
1279 725 1592 793 potentibus
1613 725 1780 802 Israel
1811 744 1826 781 :
1863 741 1974 780 non
2007 741 2128 780 ces-

552 811 698 866 sabit
740 813 881 866 enim
914 811 1065 866 furor
1099 828 1250 868 meus
1302 815 1354 869 in
1387 817 1742 882 adversariis,
1783 827 1838 871 et
1865 817 2127 886 judicium

553 901 618 954 de
647 901 890 956 hostibus
937 903 1069 957 meis
1099 902 1313 958 faciant.
1353 905 1420 958 Et
1447 905 1676 960 inferam
1709 921 1926 960 manum
1957 921 2130 960 meam

553 1000 738 1044 contra
781 1001 852 1056 te,
898 1002 952 1046 et
985 993 1328 1049 inﬂammabu
1375 1005 1426 1049 te
1474 996 1540 1050 ad
1599 1011 1793 1066 purum
1827 1012 1843 1050 :
1875 997 2129 1052 immori-

551 1097 710 1151 geros
758 1091 937 1136 autem
985 1085 1208 1152 perdam
1262 1095 1316 1140 et
1372 1087 1720 1141 c0nsiliarios
1772 1097 1894 1142 tuos
1937 1086 2130 1142 sicula

549 1174 838 1242 principio.
905 1193 922 1227 ι
961 1173 1322 1232 Inﬂammabo
1373 1185 1428 1230 te
1483 1177 1650 1248 igitur
1694 1178 1758 1232 ad
1806 1193 2024 1246 purum,
2077 1179 2130 1234 id

547 1273 652 1328 est,
704 1266 770 1320 ad
817 1267 1158 1335 purgandum
1198 1275 1254 1321 et
1299 1267 1720 1323 discernendum
1765 1269 2040 1339 improbos
2061 1270 2128 1326 ab

547 1355 790 1410 urbanis.
845 1355 1026 1422 Quare
1086 1357 1386 1412 secundum
1440 1357 1832 1428 Symmachum
1888 1359 2124 1416 dicitur:

551 1463 574 1498 ε
609 1447 677 1500 Ει
709 1445 1057 1502 inﬂammabo
1087 1448 1153 1502 ad
1181 1463 1374 1518 purum
1403 1450 1634 1502 scoriatu
1663 1458 1838 1515 luam;
1879 1468 1898 1501 ι
1935 1465 2128 1504 secun-

547 1540 673 1595 dutn
726 1539 976 1609 Aquilam
1031 1555 1198 1594 vero:
1246 1557 1264 1590 ι
1317 1541 1382 1594 Et
1419 1538 1764 1596 inﬂammaho
1813 1541 1877 1594 ad
1935 1557 2127 1612 purum

551 1631 774 1684 acinum
824 1642 996 1684 tuum.
1035 1649 1054 1682 ι
1107 1629 1570 1697 Quemadmodum
1621 1633 1764 1686 enim
1810 1633 1902 1702 qui
1957 1648 2028 1688 ατε
2075 1643 2129 1687 et

550 1720 760 1774 ferrum
789 1721 910 1791 igne
943 1729 1197 1791 purgant,
1230 1722 1462 1774 scoriam
1491 1721 1784 1790 objiciunt,
1815 1733 1871 1778 et
1904 1724 1994 1792 qui
2027 1727 2124 1777 bo-

2236 539 2501 611 όρθότητα
2527 543 2620 594 τοῦ
2647 542 2854 596 δικαίου
2880 544 3072 618 δώροις
3095 549 3455 620 ἐπίπρασκον.

2313 650 2330 682 ι
2360 631 2460 684 Διά
2479 632 2637 686 τοῦτο
2667 634 2790 688 τάδε
2814 635 2964 704 λέγει
2985 639 3192 710 Κύριος
3224 643 3252 692 ό
3275 644 3552 717 Δεσπότης
3571 647 3828 718 Σαϐαὼθ,

2237 723 2370 774 Οὐαὶ
2403 725 2452 776 οἰ
2495 724 2768 794 ἰσχύοντες
2816 727 3058 800 Ἰσραήλ·
3105 731 3166 784 οὐ
3214 732 3478 788 παύσεται
3510 737 3618 809 γάρ
3667 757 3771 809 μου
3797 743 3832 794 ὁ

2236 813 2403 886 θυμὸς
2433 819 2489 870 ἐν
2515 821 2626 880 τοῖς
2653 820 3016 886 ὑπεναντίοις,
3052 825 3146 876 καὶ
3179 827 3357 896 κρίσιν
3383 829 3446 880 ὲκ
3475 829 3582 882 τῶν
3613 832 3827 904 ἐχθρῶν

2238 923 2338 976 μου
2379 911 2618 980 ποιήσω·
2659 912 2752 964 καὶ
2783 913 2970 980 ἐπάξω
3005 915 3104 986 τὴν
3145 919 3304 988 χεῖρά
3351 938 3451 990 μου
3489 923 3580 976 ἐπὶ
3615 925 3698 990 σὲ,
3731 927 3830 980 καὶ

2235 995 2473 1066 πυρώσω
2525 1015 2582 1050 σε
2618 1002 2696 1063 εἰς
2727 1000 2986 1074 καθαρὸν,
3019 1006 3144 1068 τοὺς
3193 1007 3250 1059 δὲ
3301 1009 3662 1078 ἀπειθοῦντας
3717 1018 3832 1072 ἀπ·-

2233 1089 2424 1152 ολέσω,
2453 1091 2544 1142 καὶ
2578 1092 2704 1154 τοὺς
2750 1095 3082 1163 συμϐούλους
3129 1114 3220 1150 σου
3251 1099 3325 1164 ώς
3371 1103 3431 1154 τὸ
3461 1103 3553 1156 ἀπ’
3577 1106 3772 1176 ἀρχῆς.
3797 1124 3824 1160 ι

2234 1175 2482 1248 Πυρώσω
2519 1195 2577 1231 σε
2599 1176 2689 1232 οὖν
2722 1182 2802 1244 εἰς
2822 1183 3079 1252 καθαρὸν,
3107 1188 3400 1252 τουτέστιν,
3429 1193 3522 1244 ἐπὶ
3549 1195 3624 1264 τῷ
3656 1195 3830 1250 καθᾶρ-

2237 1283 2322 1338 ραι
2359 1269 2452 1320 καὶ
2481 1268 2751 1340 διακρῖναι
2814 1274 2939 1336 τοὺς
2977 1275 3211 1343 φαύλους
3273 1279 3379 1338 ἀπὸ
3411 1281 3519 1334 τῶν
3557 1286 3824 1342 ἀστείων.

2234 1357 2326 1409 Διὸ
2364 1359 2506 1413 κατὰ
2539 1360 2629 1413 τὸν
2665 1361 2960 1434 Σύμμαχον
3003 1367 3240 1438 εἴρηται·
3281 1389 3298 1420 ι
3325 1372 3431 1424 Καὶ
3463 1375 3696 1444 πυρώσω
3742 1381 3828 1443 εἰς

2233 1450 2470 1522 καθαρὸν
2497 1451 2591 1523 τὴν
2625 1455 2863 1525 σκωρίαν
2889 1473 2981 1508 σου
3002 1475 3014 1487 ·
3040 1478 3059 1510 ι
3099 1462 3241 1515 κατὰ
3264 1463 3319 1515 δὲ
3349 1463 3424 1532 (8)
3451 1466 3541 1520 τὸν
3571 1469 3824 1525 Ἀκύλαν·

2237 1556 2256 1588 ι
2288 1539 2396 1592 Καὶ
2421 1540 2657 1612 πυρώσω
2689 1544 2766 1605 εἰς
2799 1544 3036 1617 καθαρὸν
3056 1547 3115 1600 τὸ
3141 1553 3473 1622 γιγαρτῶδὲς
3493 1573 3606 1610 σου.
3639 1579 3658 1609 ι
3694 1561 3826 1612 Ὠσ-

2232 1647 2336 1708 περ
2363 1629 2471 1702 γὰρ
2501 1633 2549 1683 οἰ
2583 1631 2934 1704 καθαίροντες
2968 1637 3056 1690 διὰ
3090 1639 3184 1692 τοῦ
3222 1643 3393 1714 πυρὸς
3435 1645 3636 1714 χαλκὸν
3669 1649 3700 1718 ἦ
3739 1650 3824 1702 σί-

2231 1719 2416 1791 δηρον,
2447 1721 2544 1791 τὴν
2571 1724 2813 1794 σκωρίαν
2841 1726 3230 1794 ἀποϐάλλουσι,
3279 1734 3372 1786 καὶ
3405 1737 3452 1787 οἰ
3479 1738 3602 1800 τοὺς
3627 1739 3826 1810 βότρυς

546 1819 664 1866 trus
707 1811 882 1866 vineae
933 1813 986 1865 iu
1045 1813 1408 1867 torcularibus
1463 1821 1739 1878 premunt,
1798 1815 2012 1868 acinum
2067 1825 2120 1870 et

2232 1813 2330 1882 τῆς
2362 1813 2606 1882 ἀμπέλου
2635 1815 2690 1867 ὲν
2711 1818 2831 1878 ταῖς
2863 1816 3042 1888 ληνοῖς
3065 1820 3360 1887 πιέζοντες,
3383 1825 3442 1878 τὸ
3465 1829 3824 1899 γιγαρτῶδεςν

544 1900 814 1971 superﬂua
835 1901 1166 1956 calcatarum
1197 1916 1424 1954 uvarum
1451 1902 1762 1970 expellunt;
1797 1906 2010 1970 eodem,
2043 1907 2124 1958 in-

546 1992 684 2060 quit,
716 1992 873 2045 tuodo
909 2004 963 2046 et
993 2008 1093 2062 ego
1125 1992 1481 2048 inﬂammaho
1530 1992 1596 2048 ad
1643 2008 1838 2064 purum
1901 1995 2122 2050 acinum

549 2092 720 2136 tuum.

617 2173 784 2228 Vsus.
807 2175 898 2232 27.
931 2193 948 2227 ι
983 2175 1050 2229 Et
1073 2185 1191 2244 post
1215 2176 1328 2230 haec
1355 2177 1633 2234 vocaberis
1656 2179 1850 2234 civitas
1869 2181 2124 2250 justitite,

553 2263 874 2332 metropolis
912 2264 1090 2318 lidelis
1120 2264 1252 2319 Sion
1287 2284 1302 2320 :
1337 2283 1460 2320 nam
1501 2283 1624 2322 cum
1651 2269 1857 2339 judicio
1889 2271 2123 2328 salvabi—

547 2363 634 2408 tur
667 2356 956 2426 captivitas
984 2359 1124 2426 ejus.
1159 2377 1178 2409 ι
1225 2359 1581 2415 Communem
1625 2363 1907 2418 civitatem
1940 2373 2123 2434 postea

541 2447 973 2502 constituendam
1006 2449 1318 2518 alloquitur,
1364 2467 1531 2520 quam
1571 2453 1800 2522 justitia:
1844 2456 2123 2510 civitatem

541 2548 720 2604 vocat,
756 2549 811 2594 et
841 2541 1186 2608 metropolim
1231 2540 1444 2596 fidelem
1496 2543 1652 2608 Sion,
1697 2546 1796 2613 piae
1847 2547 2124 2616 religionis

540 2627 846 2686 institutum
888 2639 942 2684 et
965 2641 1166 2686 coetum
1215 2631 1316 2686 hoc
1366 2635 1588 2688 nomine
1639 2650 1933 2690 exornans.
1980 2637 2126 2691 Sane

538 2733 674 2774 vero
705 2720 795 2774 ille
824 2721 954 2774 olim
981 2723 1122 2788 apud
1149 2719 1367 2774 Judaeos
1400 2723 1620 2789 sapiens
1645 2723 1952 2790 exciderat;
1983 2741 2126 2780 nunc

541 2819 721 2864 autem
750 2812 804 2864 in
824 2812 1080 2864 universa
1108 2819 1254 2863 terra
1287 2826 1382 2880 per
1407 2811 1607 2868 Christi
1639 2814 1930 2870 Ecclesiam
1965 2815 2124 2885 erigi—

540 2909 648 2963 tur,
681 2901 932 2957 fundatus
963 2917 1126 2971 supra
1175 2912 1404 2970 petram.
1441 2901 1507 2958 Hi
1552 2921 1680 2960 vero
1721 2916 1848 2961 sunt
1889 2909 2126 2977 pulchrae

537 2990 779 3054 civitatis
827 2991 1103 3060 praesules,
1147 2992 1364 3061 judices
1409 3002 1465 3045 et
1508 2994 1824 3070 consiliarii,
1875 2995 1966 3064 qui
2011 2996 2122 3050 inl-

542 3082 678 3136 tium
721 3083 789 3136 ab
841 3082 1101 3152 apostolis
1147 3090 1204 3137 et
1257 3083 1535 3154 discipulis
1589 3085 1894 3142 Salvatoris
1949 3088 2118 3143 nostri

541 3181 906 3240 acceperunt:
944 3186 1010 3226 ex
1049 3187 1235 3228 eorum
1270 3187 1398 3229 vero
1432 3179 1778 3233 successione
1797 3179 2117 3245 etiamnum,

540 3263 694 3330 quasi
711 3276 776 3316 ex
804 3263 946 3318 bono
960 3265 1168 3320 semine
1194 3265 1300 3320 orti
1327 3267 1698 3338 resplendent,
1733 3271 1828 3326 Dei
1861 3271 2118 3326 Ecclesiat

541 3351 796 3418 praesides
830 3355 1135 3408 constituti.
1175 3356 1390 3411 Etenim
1435 3359 1528 3428 qui
1563 3359 1706 3429 apud
1741 3361 1907 3415 Deum
1943 3363 2118 3418 salute

539 3441 683 3510 digni
714 3442 934 3510 judicati
962 3443 1183 3510 fuerint,
1220 3446 1278 3512 ii,
1315 3449 1517 3518 inquit,
1554 3451 1656 3504 soli
1698 3451 1967 3519 promissa
1990 3467 2117 3508 con-

537 3544 876 3602 sequentur:
915 3537 1040 3590 dum
1081 3535 1250 3591 Judaei
1279 3537 1484 3592 frustra
1529 3540 1903 3612 imaginantur
1950 3544 2115 3598 totius

536 3626 714 3693 gentis
743 3639 857 3680 suae
878 3627 1300 3681 conversionem
1333 3627 1469 3683 fore.
1499 3627 1899 3685 Liberationem
1936 3641 2113 3688 autem

537 3729 568 3764 ιι
607 3715 920 3782 captivitate
973 3718 1378 3786 ittthigettdum
1432 3728 1511 3773 est
1579 3735 1695 3776 esse
1760 3724 2113 3778 mutationem

537 3806 840 3858 animarum
896 3808 965 3862 ab
1006 3824 1190 3864 errore
1248 3810 1312 3865 ad
1347 3824 1530 3864 veram
1573 3811 1668 3866 Dei
1697 3815 2059 3888 cognitionem
2097 3834 2110 3869 :

537 3910 700 3964 quam
755 3895 1004 3951 Salvator
1053 3899 1376 3966 declaravit,
1412 3917 1554 3966 cum,
1600 3913 1824 3973 accepto
1861 3905 1914 3958 in
1953 3921 2114 3975 syna-

537 3999 670 4053 goga
721 3984 928 4040 llesaize
969 3987 1129 4053 libro,
1183 3989 1432 4060 lectaque
1479 3991 1723 4047 clausula
1765 4007 1834 4047 ex
1881 4010 2111 4064 persona

537 4081 654 4150 ejus
689 4081 802 4135 haec
829 4081 1148 4146 dicettte’-;t
1198 4085 1436 4154 Spiritus
1467 4089 1680 4144 Domini
1709 4106 1876 4160 super
1909 4110 2014 4157 me,
2047 4109 2112 4150 eo

537 4170 682 4238 quod
734 4172 948 4224 unxerit
1004 4187 1121 4240 me,
1164 4177 1543 4246 evangelizare
1593 4181 1918 4249 pauperibus
1963 4183 2112 4239 misit

465 4289 468 4292 -
539 4271 645 4322 tne,
681 4277 696 4307 ι
736 4269 854 4315 etc.
887 4298 903 4324 ,
945 4261 1205 4330 replicato
1251 4263 1393 4320 libro
1449 4266 1633 4322 intulit
1665 4284 1680 4323 :
1711 4285 1732 4320 ι
1773 4268 1942 4326 Hodie
1998 4273 2112 4327 haec

539 4345 818 4418 Scriptura
853 4349 1072 4421 impleta
1117 4361 1201 4409 est
1253 4355 1306 4412 in
1352 4357 1574 4412 auribus
1605 4360 1821 4426 vestris,
1857 4379 1876 4414 ι
1911 4361 2109 4420 docens

535 4452 596 4491 se
623 4440 1019 4509 redemptorem
1055 4444 1413 4500 humanarum
1451 4449 1758 4505 animarum
1783 4465 1924 4508 esse.

607 4703 768 4758 Vens.
804 4703 892 4758 28.
933 4724 951 4757 ι
989 4706 1056 4762 Ει
1083 4717 1438 4764 conterentur
1473 4713 1678 4784 iniqui,
1709 4727 1763 4770 et
1791 4729 2106 4786 peccatores

533 4793 715 4861 simul,
738 4806 788 4849 et
810 4797 902 4866 qui
937 4798 1340 4870 dereliquerunl
1373 4803 1652 4861 Dominum
1677 4810 2052 4867 conficientur.
2079 4833 2096 4866 ι

535 4883 641 4936 Sed
676 4886 742 4941 de
777 4888 952 4944 medio
983 4890 1248 4946 tollendos
1276 4909 1398 4950 esse
1431 4897 1507 4951 ait
1537 4901 1790 4966 nequitia:
1825 4903 2099 4961 doctores.

532 4973 761 5040 Quinam
795 4992 922 5034 vero
950 4981 985 5034 ii
1017 4994 1222 5048 essent,
1253 4984 1305 5040 in
1337 4988 1768 5056 praecedentibus
1794 4992 2105 5047 declaratur

533 5065 618 5118 his
649 5066 863 5121 verbis:
903 5086 923 5122 ι
953 5070 1042 5125 νω
1061 5075 1206 5142 genti
1240 5077 1530 5145 peccatrici
1589 5081 1783 5150 napulo
1813 5081 1970 5151 pleno
1997 5085 2102 5138 ini-

529 5157 774 5224 quitalis.
813 5177 830 5209 ι
1007 5155 1010 5160 ’

605 5247 880 5310 \‘t-zns.29.
927 5269 947 5304 ι
989 5252 1123 5317 Quia
1177 5261 1578 5316 confundentur
1607 5279 1769 5332 super
1808 5263 1945 5318 idola
1977 5280 2097 5332 sua,

531 5350 650 5402 qua:
697 5339 797 5408 ipsi
853 5343 1127 5412 volebant,
1167 5357 1223 5403 et
1255 5351 1661 5406 confundentur
1695 5370 1868 5424 super
1911 5355 2096 5411 hortos

528 5443 678 5496 auos,
713 5447 848 5500 quos
881 5441 1326 5506 concupiverunt.
1356 5463 1374 5495 ι
1407 5443 1674 5502 Caeterum
1704 5447 1926 5515 pudoris
1973 5464 2095 5502 sen-

599 5525 618 5555 ⁹
655 5526 786 5592 Luc,
823 5545 890 5598 tv,
932 5537 1021 5598 l8,
1050 5533 1141 5588 21.

597 5643 680 5730 ςδ)
729 5641 856 5701 Ιιωε
907 5642 1325 5718 interpretatio,
1392 5659 1528 5709 teste
1605 5653 1971 5730 Hieronymo,

2234 1905 2328 1956 καὶ
2361 1903 2427 1956 τὰ
2459 1905 2693 1974 περισσὰ
2745 1906 2852 1960 τῶν
2875 1909 3288 1980 ὲκπατηθέντων
3325 1914 3564 1986 βοτρύων
3593 1919 3826 1992 ἁποῤῥΓ

2227 2011 2442 2058 πτουσι,
2475 1995 2564 2047 τὸν
2627 1995 2788 2050 αὐτὸν
2823 1999 3020 2070 τρόπον
3049 2001 3221 2070 κάγὼ,
3265 2005 3417 2074 φησὶ,
3463 2007 3700 2078 πυρώσω
3739 2011 3826 2076 εἰς

2223 2084 2464 2156 καθαρὸν
2496 2085 2557 2138 τὸ
2589 2088 2924 2157 γιγαρτῶὸές
2955 2108 3068 2146 σου.

2302 2194 2320 2224 ι
2345 2175 2454 2227 Καὶ
2491 2177 2629 2244 μετὰ
2658 2177 2831 2230 ταῦτα
2857 2178 3106 2254 κληθήσῃ
3139 2183 3290 2247 πόλις
3315 2184 3678 2258 δικαιοσύνης,
3717 2207 3827 2262 μη-

2223 2267 2473 2337 τρόπολις
2511 2267 2674 2340 πιστὴ
2705 2269 2870 2324 Σιών·
2916 2273 3054 2342 μετὰ
3087 2273 3193 2345 γὰρ
3226 2277 3492 2348 κρίματος
3519 2280 3824 2352 σωθήσεται

2225 2359 2258 2427 ἡ
2291 2357 2634 2428 αἰχμαλωσία
2671 2360 2860 2432 αὐτῆς.
2885 2381 2903 2412 ›
2934 2363 3010 2433 Τῇ
3057 2365 3195 2434 μετὰ
3229 2366 3401 2422 ταῦτα
3441 2373 3822 2445 συστησομένῃ

2226 2453 2375 2521 κοινῇ
2413 2451 2586 2517 πόλει,
2619 2450 2684 2522 ἦν
2707 2469 2826 2506 τινα
2857 2453 2952 2506 καὶ
2987 2455 3140 2507 πόλιν
3166 2455 3509 2530 δικαιοσύνης
3543 2461 3818 2532 όνομάζει,

2227 2541 2318 2593 καὶ
2349 2543 2677 2612 μητρόπολιν
2713 2545 2908 2614 πιστὴν
2937 2546 3099 2610 Σιὼν,
3134 2549 3276 2602 οὕτω
3306 2552 3615 2622 προσειπὼν
3645 2554 3706 2606 τὸ
3729 2555 3824 2607 σύ-

2229 2648 2406 2700 στημα
2447 2631 2542 2684 τοῦ
2587 2633 2867 2702 Θεοφιλοῦς
2925 2639 3338 2708 πολιτεύματος.
3389 2642 3445 2694 '0
3503 2642 3670 2695 πάλαι
3721 2643 3823 2714 μὲν

2227 2723 2443 2784 συνετὸς
2489 2723 2639 2793 παρὰ
2683 2725 2958 2789 Ἰουδαίοις
3034 2728 3430 2784 διεπεπτώκει’
3476 2732 3570 2786 νῦν
3604 2735 3662 2788 δὲ
3696 2736 3820 2788 καθ’

2225 2812 2350 2881 ὅλης
2373 2813 2470 2883 τῆς
2502 2815 2828 2884 οἰκουμένης
2849 2816 2936 2870 διὰ
2964 2819 3063 2888 τῆς
3086 2819 3177 2872 τοῦ
3210 2821 3446 2890 Χριστοῦ
3491 2825 3820 2896 Ἐκκλησίας

2225 2905 2520 2975 ἐγήγερται
2554 2903 3015 2976 τεθεμελιωμένος
3042 2910 3135 2962 ἐπὶ
3166 2911 3266 2982 τὴν
3301 2913 3526 2984 πέτραν.
3560 2917 3726 2968 Αὐτοὶ
3761 2917 3820 2971 δὲ

2224 2997 2324 3068 τῆς
2347 2997 2518 3067 καλῆς
2539 2998 2745 3062 πόλεως
2768 3001 2814 3052 οἰ
2839 3001 3201 3071 προεστῶτες,
3230 3006 3432 3074 κριταὶ,
3457 3007 3550 3059 καὶ
3578 3007 3820 3079 σύμϐουο

2225 3088 2328 3154 λοι,
2362 3090 2410 3142 οἳ
2443 3087 2616 3160 ἀρχὴν
2666 3089 2764 3159 μὲν
2799 3089 2905 3142 ἀπὸ
2935 3091 3042 3146 τῶν
3077 3094 3388 3151 ἀποστόλων
3427 3099 3518 3150 καὶ
3551 3099 3814 3168 μαθητῶν

2224 3180 2317 3234 τοῦ
2343 3183 2593 3253 Σωτῆρος
2619 3182 2778 3254 ἡμῶν
2803 3183 3085 3256 εἰλήφασιν
3105 3204 3119 3217 ο
3151 3189 3214 3240 ἐκ
3238 3189 3294 3242 δὲ
3329 3191 3426 3262 τῆς
3451 3193 3670 3246 ἐκείνων
3699 3192 3820 3249 δια-

2223 3271 2385 3342 δοχῆς
2433 3272 2598 3325 εἰσέτι
2633 3274 2726 3326 καὶ
2759 3273 2872 3338 νῦν,
2905 3275 3091 3348 ὥσπερ
3142 3280 3205 3332 ὲκ
3259 3281 3573 3353 σπέρματος
3606 3285 3817 3355 ἀγαθοῦ

2223 3360 2418 3429 φύντες
2447 3362 2865 3433 διαλάμπουσιν,
2891 3368 3142 3440 πρόεδροι
3171 3371 3268 3441 τῆς
3299 3372 3391 3424 τοῦ
3425 3374 3559 3427 Θεοῦ
3588 3377 3819 3449 Ἐκκλη-

2225 3455 2346 3518 σίας
2379 3456 2739 3520 καθεστῶτες.
2790 3460 2852 3512 Οἱ
2880 3459 2989 3530 γὰρ
3026 3464 3301 3533 σωτηρίας
3329 3465 3468 3528 ἄξιοι
3518 3467 3668 3537 παρὰ
3695 3467 3818 3540 Θεῷ

2221 3544 2517 3616 κριθέντες,
2536 3547 2686 3618 μόνοι
2703 3549 3004 3616 τεύξονται,
3026 3553 3180 3622 φησὶ,
3201 3557 3301 3626 τῆς
3330 3557 3684 3626 ἐπαγγελίας,
3704 3560 3816 3614 τῶν

2233 3633 2498 3688 Ἰουδαίων
2541 3639 2716 3708 μάτην
2759 3643 3178 3712 φανταζομένων
3213 3647 3543 3721 ἐπιστροφὴν
3595 3649 3814 3705 ἔσεσθαι

2219 3723 2310 3776 τοῦ
2339 3727 2536 3790 παντὸς
2559 3729 2740 3782 αὐτῶν
2764 3731 2968 3796 ἔθνους.
2998 3736 3389 3806 Αἰχμαλωσίας
3415 3739 3469 3792 δὲ
3499 3741 3816 3814 ἐλευθερίαν

2219 3814 2322 3886 χρὴ
2347 3819 2508 3880 νοεῖν,
2545 3819 2642 3890 τὴν
2675 3821 2782 3874 ἀπὸ
2809 3823 2908 3893 τῆς
2947 3826 3154 3899 πλάνης
3209 3831 3303 3883 ἐπὶ
3351 3831 3450 3902 τὴν
3504 3832 3678 3904 ἀληθῆ
3715 3835 3811 3889 τοῦ

2217 3905 2350 3960 Θεοῦ
2383 3909 2583 3976 γνῶσιν
2619 3913 2922 3986 μεταϐολὴν
2948 3917 3056 3971 τῶν
3080 3921 3265 3992 ψυχῶν
3291 3941 3303 3954 ·
3341 3925 3407 3996 ἣν
3435 3925 3532 3978 καῖ
3555 3928 3583 3978 ό
3617 3927 3813 4003 Σωτὴρ

2217 3997 2476 4088 παρίστη,
2507 4003 2742 4072 ὁπηνίκα
2785 4008 2842 4058 ὲν
2872 4011 2934 4078 τῇ
2962 4017 3249 4084 συναγωγῇ
3285 4015 3463 4068 λαϐὼν
3489 4020 3586 4088 τὴν
3623 3997 3804 4088 βίϐλον

2215 4087 2308 4139 τοῦ
2348 4089 2590 4158 Ἡσαΐου,
2619 4097 2716 4166 τήν
2739 4113 2797 4149 τε
2823 4101 3126 4172 περικοπὴν
3149 4104 3411 4174 ἀναγνοὺς
3433 4105 3530 4180 τὴν
3554 4111 3619 4162 ὲκ
3643 4127 3806 4181 προσ-

2214 4177 2362 4234 ώπου
2406 4184 2570 4238 αὑτοῦ
2606 4189 2889 4258 φήσασαν·
2939 4212 2956 4242 ι
2982 4194 3205 4266 Πνεῦμα
3238 4201 3442 4270 Κυρίου
3481 4203 3568 4254 ἐπ’
3593 4203 3712 4274 ἐμὲ,
3744 4196 3806 4256 οὗ

2215 4271 2418 4327 εἵνεκεν
2443 4274 2628 4346 ἔχρισέ
2651 4296 2738 4348 με,
2763 4283 3216 4352 εὐαγγελίσασθαι
3245 4294 3479 4360 πτωχοῖς
3500 4271 3806 4348 ἀπέσταλκέ

2215 4379 2285 4432 με
2307 4379 2319 4393 ·
2354 4365 2588 4436 κηρύξαι
2619 4372 2990 4441 αἰχμαλώτοις
3023 4376 3216 4446 ἄφεσιν
3241 4397 3254 4410 ·
3285 4399 3303 4432 ι
3329 4365 3436 4436 ’καὶ
3467 4383 3672 4451 πτύξας
3704 4386 3804 4456 τὴν

2139 4487 2184 4542 D
2215 4456 2414 4526 βίϐλον,
2451 4456 2571 4514 εἷπε
2594 4480 2606 4492 ·
2646 4482 2666 4515 ο
2690 4465 2936 4539 Σήμερον
2979 4472 3010 4542 ἡ
3046 4473 3085 4524 Γ
3091 4473 3236 4545 ραφὴ
3279 4475 3416 4548 αὕτη
3447 4477 3804 4549 πεπλήρωται

2211 4549 2269 4599 ὲν
2289 4551 2399 4612 τοῖς
2427 4549 2559 4604 ὠσὶν
2587 4553 2740 4625 ὑμῶν
2761 4573 2774 4586 ·
2805 4577 2823 4610 ι
2852 4559 3118 4615 διδάσκων
3146 4562 3230 4634 δὴ,
3257 4565 3331 4628 ώς
3361 4567 3520 4630 αὐτὸς
3547 4569 3630 4639 εἴη
3657 4570 3689 4622 ό-
3707 4570 3802 4625 λυ-

2207 4643 2416 4712 τρωτὴς
2446 4645 2551 4698 τῶν
2583 4647 2940 4719 ἀνθρωπίνων
2961 4652 3170 4724 ψυχῶν.

2279 4753 2296 4784 ι
2327 4735 2434 4788 Καὶ
2471 4741 2914 4812 συντριϐήσονται
2946 4748 2994 4798 οἱ
3027 4746 3238 4816 ἄνομοι,
3271 4766 3363 4802 και
3392 4751 3439 4802 οἱ
3471 4751 3792 4822 ἁμαρτωλοὶ

2203 4826 2336 4896 ἅμα,
2373 4831 2467 4882 καί
2500 4833 2546 4882 oi
2575 4833 3030 4900 ἐγκαταλιπόντες
3071 4839 3162 4891 τὸν
3193 4839 3397 4913 Κύριον
3445 4842 3798 4916 συντελεσθῆ-

2209 4933 2410 4974 σονται.
2447 4939 2465 4970 ι
2515 4920 2654 4974 Ἀλλ’
2686 4925 2929 4979 ἐκποδὼν
2976 4927 3221 4995 γίνεσθαι
3249 4931 3374 4994 τοὺς
3403 4931 3500 5002 τῆς
3531 4933 3796 5004 πονηρίας

2205 5007 2577 5076 διδασκάλους.
2610 5014 2764 5079 Τίνες
2817 5017 2874 5069 δὲ
2908 5012 3047 5088 ἦσαν
3090 5013 3253 5090 οὗτοι,
3303 5021 3539 5087 ἐδίδαξεν
3581 5023 3609 5074 ό
3640 5023 3795 5092 λόγος

2203 5098 2291 5152 διὰ
2317 5100 2427 5152 τῶν
2447 5102 2784 5184 ἔμπροσθεν,
2818 5107 2986 5161 εἰπών
3007 5125 3018 5139 ·
3061 5130 3078 5162 ι
3102 5111 3237 5170 Οὐαὶ
3269 5111 3416 5176 ἔθνος
3437 5113 3790 5184 ἁμαρτωλόν·

2203 5186 2329 5252 λαὸς
2359 5177 2570 5263 πλῆρης
2600 5193 2845 5265 ἀνομίας.
2874 5215 2891 5247 ι
3307 5227 3316 5232 -

2279 5301 2296 5332 ι
2323 5283 2467 5336 Διότι
2495 5277 3050 5362 καταισχυνθήσονται
3079 5291 3172 5344 ἐπὶ
3195 5296 3306 5355 τοῖς
3333 5291 3570 5357 εἰδώλοις
3587 5293 3788 5360 αὐτῶν,

2201 5373 2238 5427 ἃ
2275 5375 2426 5429 αὐτοὶ
2457 5376 2768 5446 ἠϐούλοντο,
2827 5383 2922 5436 καὶ
2968 5383 3489 5454 ἐπαισχυνθήσονται
3540 5387 3633 5438 ἐπὶ
3680 5389 3790 5450 τοῖς

2204 5465 2399 5533 κήποις
2451 5467 2650 5536 αὐτῶν,
2684 5469 2720 5523 ἃ
2745 5471 3122 5544 ἐπεθύμησαν.
3151 5495 3169 5525 ι
3226 5475 3370 5546 Πλὴν
3407 5477 3499 5528 ἐπὶ
3545 5479 3658 5540 τοῖς
3705 5477 3790 5529 αἰ-
