4062 6400
278 377 407 437 ,101

1297 375 1797 433 COMMENTARIA
1840 374 1907 431 1N
1944 375 2199 432 ISAIAM.
2238 408 2300 418 —
2342 375 2495 432 CAP.
2534 379 2599 434 li.

3488 387 3590 442 103

311 497 497 568 σχροῖς
527 494 760 565 αἰσχύνη
789 497 853 548 ἐκ
888 494 1296 565 συναισθήσεως
1333 495 1516 558 αὐτοῖς
1547 495 1881 567 ἐγγενομένη

2012 510 2125 558 sus,
2156 508 2319 563 quem
2355 496 2421 550 de
2444 496 2602 552 fcedis
2631 495 2747 555 suis
2775 496 2943 565 gestis
2966 499 3279 570 percepturi
3311 511 3456 571 sunt,
3482 503 3588 560 im-

306 587 410 659 τῆς
452 587 813 659 ἀναισχύντου
842 588 938 642 καὶ
967 585 1217 651 ἀναιδοῦς
1271 588 1647 659 προαιρέσεως
1678 588 1903 659 μεταϐο-

284 692 285 695 ‘
308 680 408 754 λὴν
432 680 618 744 αὐτοῖς
646 679 872 751 ἔμελλεν
895 681 1237 751 ἐμποιήσειν.

382 790 402 825 ι
417 773 671 825 Ἔσονται
690 773 798 845 γάρ
814 770 890 835 ὡς
913 770 1226 844 τερέϐινθος
1246 771 1655 845 ἀποϐεϐληκυῖα
1685 774 1753 830 τά
1778 775 1903 845 φύλ-

306 864 392 929 λα,
430 864 537 935 καὶ,
560 864 636 928 ὼς
667 863 997 935 παράδεισος
1041 862 1185 936 ὕδωρ
1220 864 1294 935 μὴ
1351 864 1520 935 ἔχων·
1546 884 1565 917 ›
1629 868 1676 919 οἰ
1733 867 1901 922 πάλαι

307 955 459 1020 ὄντες
487 954 746 1027 άμπελὼν
785 954 993 1027 Κυρίου
1032 954 1281 1021 Σαϐαὼθ,
1329 957 1423 1010 καί
1454 956 1610 1010 ἐλαία
1661 938 1896 1021 εῦσκιοξ.

306 1048 372 1102 Εἰ
405 1047 535 1118 γοῦν
554 1064 639 1112 τις
670 1047 926 1101 θεάσαιτο
949 1046 1050 1111 τὰς
1074 1047 1202 1119 παρ’
1228 1047 1412 1112 αὐτοῖς
1431 1048 1540 1101 τῶν
1569 1049 1731 1104 θείων
1759 1051 1899 1123 Γρα-

310 1138 426 1210 φῶν
457 1140 807 1211 ἐπαγγελίας,
854 1139 1096 1211 νομικῶν
1129 1156 1188 1193 τε
1223 1141 1315 1193 καὶ
1349 1142 1704 1213 προφητικῶν
1752 1144 1896 1216 Γρα-

274 1236 281 1245 ’
310 1232 428 1303 φῶν
460 1232 813 1302 ἀναγνώσεις,
845 1231 1042 1304 βίϐλων
1073 1249 1132 1285 τε
1179 1232 1466 1305 ἱστορικῶν
1499 1236 1593 1288 καὶ
1624 1236 1898 1309 στιχηρῶν

307 1324 486 1393 λόγον,
517 1324 792 1397 ὑμνῳδίας
821 1343 879 1379 τε
905 1326 1163 1397 τρόπους,
1196 1327 1289 1380 καὶ
1322 1326 1673 1398 ψαλμῳδίαςο
1710 1327 1895 1398 ὄψεται

307 1415 637 1486 παράδεισον
661 1414 897 1488 ἀληθῶς,
947 1417 1040 1470 καὶ
1071 1416 1313 1487 λειμῶνα
1343 1418 1613 1473 παντοίων
1653 1418 1892 1489 ἀγαθῶν.

290 1503 367 1559 'Ei
394 1506 451 1560 δὲ
485 1505 737 1577 ζητήσειε
784 1507 916 1578 παρ’
946 1506 1127 1571 αὐτοῖς
1155 1506 1247 1560 τὸν
1287 1506 1527 1579 ἔμψυχον
1554 1509 1650 1563 καὶ
1673 1508 1894 1580 γόνιμον

302 1598 398 1651 καὶ
428 1596 603 1662 ζῶντα
637 1598 829 1665 Λόγον,
857 1593 920 1650 οῦ
944 1600 972 1651 ό
1002 1598 1169 1652 πίνων
1199 1599 1379 1671 πηγὴν
1408 1600 1519 1666 ἒξει
1546 1599 1735 1662 ὕδατος
1760 1600 1895 1664 ζῶν-

300 1705 390 1753 τος
417 1688 710 1760 ἁλλομένου
744 1691 825 1753 είς
851 1687 995 1761 ζωὴν
1020 1688 1237 1744 αἰώνιον
1261 1708 1274 1720 ·
1301 1691 1399 1744 οὐκ
1430 1691 1496 1745 ἂν
1516 1690 1687 1763 εὖροι.

374 1970 396 2003 ι
422 1952 534 2006 Καὶ
562 1951 714 2005 ἔσται
748 1955 781 2024 ή
818 1953 969 2024 ἰσχὺς
988 1944 1179 2026 ξαύτῶν
1209 1955 1285 2019 ὡς
1318 1956 1539 2027 καλάμη
1564 1958 1886 2023 στυππειου,

297 2043 395 2097 καὶ
441 2046 498 2097 al.
536 2044 792 2116 ἐργασίαι
827 2046 1006 2099 αὐτῶν
1030 2046 1106 2110 ὡς
1137 2047 1330 2102 σπινθί
1342 2064 1433 2120 ρες
1457 2065 1471 2078 ·
1496 2048 1591 2101 καὶ
1618 2065 1891 2102 κατακαυ-

296 2133 627 2205 θήσονταιοί
658 2138 871 2209 ἄνομοι,
903 2138 997 2192 καὶ
1024 2139 1073 2191 οἱ
1095 2139 1415 2211 ἁμαρτωλοὶ
1463 2140 1581 2211 ἅμα
1606 2158 1619 2171 ·
1661 2142 1757 2196 καὶ
1789 2144 1889 2196 ούκ

292 2218 453 2295 ἔσται
480 2224 508 2275 ὁ
535 2222 760 2276 σϐἐσων.
787 2243 806 2276 ι
841 2224 916 2276 Οὐ
946 2223 1116 2288 σίτου,
1140 2224 1263 2278 ούδέ
1292 2242 1435 2288 τινος
1460 2227 1649 2298 ἐτέρου
1684 2227 1792 2281 τῶν
1822 2228 1887 2281 ἀ-

296 2313 574 2381 ναγκαίων
598 2313 841 2385 καλάμη,
869 2314 958 2369 διὰ
990 2315 1048 2368 τὸ
1067 2316 1378 2389 ἀφῃρῆσθαι
1400 2318 1494 2371 ἀπ’
1526 2317 1706 2371 αὐτῶν
1736 2318 1887 2388 ἰσχύ-

296 2420 427 2456 οντα
455 2405 549 2457 καὶ
584 2404 893 2475 ἰσχύουσαν,
949 2404 1044 2459 καὶ
1090 2407 1243 2477 ἰσχὺν
1270 2408 1459 2477 ἄρτου,
1513 2407 1607 2461 καὶ
1637 2407 1709 2461 τὰ
1736 2408 1885 2478 ἐεῆς.

295 2494 387 2546 Διὸ
411 2493 534 2547 οὐδὲ
582 2494 836 2549 δύνανται
879 2494 1059 2564 λέγειν
1100 2500 1215 2560 τοῖς
1256 2498 1492 2568 Χριστοῦ
1538 2499 1807 2572 μαθηταῖς
1834 2501 1889 2553 ὀ-

298 2584 467 2653 μοίως
490 2601 505 2614 °
556 2608 574 2635 ο
598 2585 786 2641 Πάντα
821 2586 1077 2658 ίσχύομεν
1102 2590 1161 2641 ἐν
1205 2588 1283 2659 τῷ
1313 2588 1701 2660 ἐνδυναμοῦντι
1741 2592 1887 2661 ἡμᾶς

295 2674 443 2746 θεῷ⁵
469 2695 488 2729 ι
522 2679 637 2743 καί,
675 2697 693 2729 ι
713 2679 810 2742 Τίς
855 2681 1003 2750 ἡμᾶς
1024 2681 1247 2752 χωρίσει
1283 2682 1393 2735 ἀπὸ
1418 2683 1516 2754 τῆς
1544 2684 1767 2756 ἀγάπης
1790 2684 1885 2739 τοῦ

294 2768 568 2842 Χριστοῦ;
601 2768 778 2840 θλίψις
804 2771 838 2841 ἢ
873 2773 1238 2845 στενοχωρία;
1268 2792 1287 2824 ι
1322 2775 1416 2827 καὶ
1442 2774 1512 2828 τά
1546 2774 1694 2847 ἑξῆς.
1729 2778 1888 2831 υῦτω

294 2860 349 2914 δὲ
372 2861 592 2931 γέγονεν
621 2861 799 2917 αὐτῶν
848 2863 893 2933 ἡ
913 2864 1066 2937 ἰσχὺς
1099 2864 1175 2928 ὡς
1198 2865 1420 2937 καλάμη
1457 2869 1779 2935 στυππείου,
1811 2870 1887 2935 ῶς

297 2955 375 3028 μὴ
427 2956 587 3027 μόνον
618 2955 879 3010 ἀπολέσαι
911 2957 1010 3028 τὴν
1059 2956 1398 3029 ἐλευθερίαν,
1444 2952 1567 3031 ἐνῇ
1622 2960 1886 3033 πρότερον

295 3049 530 3119 ἐκόμων,
581 3048 875 3119 αὐτονομίᾳ
917 3049 1013 3102 καὶ
1069 3048 1315 3121 βασιλείᾳ
1365 3050 1541 3121 οἰκείᾳ
1588 3049 1883 3122 χρώμενοι,

2006 586 2226 655 pudenti
2243 595 2299 642 et
2317 587 2686 645 inverecunda
2708 594 2899 645 eorum
2922 592 3206 661 proposito
3230 603 3587 651 mutationem

2005 675 2216 731 sileret.

2075 767 2237 823 Vsus.
2267 768 2357 826 50.
2394 787 2413 821 ι
2438 769 2608 824 Erunt
2636 772 2779 827 enim
2813 772 2953 828 sicut
2987 775 3325 830 terebinthus
3350 774 3587 833 deﬂuen-

2004 858 2148 915 tibus
2206 859 2369 929 foliis,
2426 870 2482 915 et
2545 862 2684 919 sicut
2725 866 3013 933 paradisus
3053 868 3170 922 sine
3202 883 3342 938 aqua
3378 885 3393 923 :
3433 889 3452 922 ι
3493 872 3584 941 qui

2002 947 2134 1004 olim
2158 960 2315 1006 erant
2342 953 2501 1008 vinea
2528 954 2741 1010 Domini
2771 955 3034 1021 Sabaoth,
3057 966 3113 1012 et
3140 958 3281 1014 oliva
3307 962 3582 1017 umbrosa.

2004 1039 2061 1095 Si
2099 1042 2222 1111 quis
2253 1044 2398 1098 enim
2434 1047 2737 1114 respexerit
2758 1047 2824 1101 ad
2855 1049 3122 1118 promissa
3151 1066 3270 1120 qua:
3309 1051 3360 1105 in
3388 1053 3586 1109 divinis

2002 1131 2302 1202 Scripturis
2326 1150 2492 1204 penes
2519 1136 2638 1192 illos
2664 1138 2957 1205 habentur,
2989 1142 3058 1196 ad
3100 1139 3347 1213 legalium
3377 1153 3433 1198 et
3452 1160 3582 1215 pro-

1998 1223 2341 1291 pheticarum
2392 1224 2808 1298 Scripturaritm
2859 1229 3158 1299 lectiones,
3204 1233 3268 1287 ad
3318 1235 3580 1291 librorum

2001 1324 2111 1369 tam
2162 1316 2567 1382 historicorum,
2608 1334 2771 1389 quam
2818 1323 3166 1378 metricorum
3219 1335 3568 1392 concentum,

1998 1405 2187 1460 modos
2210 1414 2264 1459 et
2286 1406 2645 1474 psalmodias,
2674 1410 2722 1465 is
2748 1426 2876 1467 vere
2906 1415 3238 1481 paradisum,
3272 1424 3327 1470 et
3352 1428 3570 1486 pratum

1996 1493 2155 1550 bonis
2181 1496 2434 1552 omnibus
2478 1499 2743 1567 repletum
2778 1501 2978 1557 videat.
3011 1504 3166 1570 Quod
3197 1505 3245 1560 si
3274 1509 3397 1575 quis
3425 1508 3568 1578 apud

1995 1581 2116 1637 illos
2136 1583 2457 1650 animatum,
2486 1585 2663 1642 fertile
2693 1603 2758 1644 ac
2789 1590 2982 1645 vivens
3010 1593 3248 1648 Verbum
3277 1596 3575 1664 quasierit,

1995 1689 2060 1729 ex
2115 1691 2224 1745 quo
2280 1677 2529 1747 quisquis
2581 1682 2825 1747 biberit,
2888 1683 3110 1738 habebit
3165 1683 3371 1741 fontem
3422 1702 3578 1757 aqua

1996 1767 2162 1831 vivae,
2195 1766 2445 1824 salientis
2496 1770 2550 1824 in
2599 1772 2766 1827 vitam
2807 1783 3102 1842 aeternam;
3140 1776 3457 1847 neutiquam
3489 1779 3576 1834 in-

1925 1840 1969 1895 Β
1999 1858 2201 1913 veniat.

2020 1950 2040 1967 “⁴
2063 1946 2229 2004 Vens.
2253 1951 2346 2007 3|.
2377 1970 2399 2004 σ
2433 1953 2500 2007 Ει
2533 1953 2638 2008 erit
2682 1952 2944 2011 fortitudo
2968 1955 3185 2011 illorum
3225 1965 3295 2011 ιιι·
3332 1956 3576 2015 calamus

1990 2049 2202 2111 stuppae
2231 2054 2285 2098 et
2311 2058 2447 2112 Opus
2473 2060 2661 2099 eorum
2693 2055 2750 2100 ut
2779 2047 3067 2101 scintillae:
3094 2056 3149 2102 et
3182 2049 3575 2103 eomburentur

1991 2130 2163 2200 iniqui
2211 2141 2266 2187 et
2311 2145 2625 2204 peccatores
2663 2135 2845 2201 simul,
2885 2145 2941 2191 et
2969 2153 3077 2192 non
3109 2128 3213 2194 erit
3231 2140 3322 2210 qui
3363 2140 3574 2197 exstin-

1990 2231 2139 2293 guat.
2180 2240 2199 2274 ι
2228 2222 2345 2278 Non
2386 2223 2681 2292 frumenti,
2721 2233 2817 2280 aut
2864 2226 3092 2287 alterius
3140 2229 3441 2298 enjuspiam
3477 2245 3572 2285 ne-

1990 2315 2251 2370 cessariae
2304 2315 2406 2381 rei,
2463 2315 2709 2371 calamus
2734 2356 2750 2382 ,
2790 2316 2919 2386 quia
2972 2317 3188 2375 ablatus
3234 2329 3321 2375 est
3358 2321 3426 2376 ab
3463 2320 3574 2376 illis

1991 2403 2251 2461 robustus
2274 2416 2329 2461 et
2370 2407 2617 2471 robusta,
2660 2407 2825 2461 robur
2878 2408 3055 2477 panis,
3085 2417 3188 2464 etc.
3230 2409 3356 2466 Ideo
3393 2412 3576 2466 dicere

1989 2507 2265 2567 nequeunt
2286 2498 2513 2567 perinde
2547 2506 2711 2567 atque
2741 2498 2945 2554 Christi
2987 2499 3241 2570 discipuli
3271 2522 3283 2556 :
3317 2519 3335 2554 ι
3375 2501 3572 2557 Omnia

1987 2602 2277 2657 possumus
2328 2588 2381 2642 in
2418 2601 2503 2652 eo,
2556 2588 2651 2657 qui
2697 2604 2796 2644 nos
2833 2584 3105 2644 c'onfortat
3155 2591 3265 2645 Deo
3302 2592 3384 2656 ³ος
3422 2609 3441 2642 ι
3471 2599 3569 2645 et:

1994 2696 2013 2731 ι
2046 2679 2180 2747 Quis
2213 2693 2312 2734 nos
2345 2679 2670 2748 separabita
2706 2678 2975 2735 charitate
2996 2680 3199 2737 Christi
3223 2682 3247 2735 ?
3274 2682 3571 2750 tribulatio,

1989 2784 2055 2823 an
2094 2768 2343 2840 angustia
2390 2768 2438 2848 ίξ
2464 2768 2487 2820 ?
2530 2789 2551 2821 ι
2599 2776 2654 2823 et
2702 2777 2920 2822 caetera.
2970 2768 3044 2823 Ita
3098 2769 3575 2839 porrorl'ortitudo

1988 2875 2175 2915 eorum
2213 2868 2273 2913 ut
2312 2857 2557 2914 calamus
2580 2852 2789 2928 stuppa:
2827 2859 2967 2914 facta
3007 2868 3131 2924 est;
3183 2870 3239 2915 ut
3270 2875 3377 2914 non
3405 2863 3568 2917 modo

1988 2949 2326 3015 libertatem,
2354 2964 2459 3018 qua
2508 2948 2660 3017 prius
2684 2950 3044 3020 propriojure
3068 2966 3134 3006 ac
3162 2966 3336 3020 regno
3359 2962 3579 3008 utentes

1985 3040 2269 3104 ﬂorebant,
2298 3040 2652 3104 amitterent,
2685 3042 2780 3095 sed
2809 3040 2972 3095 etiam
3003 3042 3284 3111 quibusvis
3312 3041 3574 3098 Romanis

295 3138 432 3194 ἀλλά
458 3139 554 3192 καὶ
587 3141 699 3203 τοῖς
721 3137 945 3209 τυχοῦσι
988 3136 1274 3209 Ῥωμαίων
1306 3138 1666 3211 στρατιώταις
1689 3141 1886 3211 ἀνδρά-

1990 3128 2252 3184 militibus
2279 3130 2573 3185 servirent.
2598 3128 2797 3183 Eorum
2820 3130 3023 3199 quippe
3042 3145 3207 3200 opera
3234 3131 3375 3201 ignis
3401 3146 3567 3186 causa

207 3268 218 3281 .
294 3248 347 3285 σι
379 3230 667 3286 δουλεύειν.
701 3231 812 3284 Καὶ
836 3229 1015 3285 αὐτῶν
1040 3229 1151 3300 γὰρ
1175 3232 1231 3283 αἰ
1257 3231 1507 3299 ἐργασίαι
1537 3232 1669 3302 πυρὶ
1693 3232 1884 3297 αῐτιαι,

295 3322 391 3376 ἅτε
429 3322 490 3375 οὺ
523 3322 724 3393 χρυσὸν
741 3321 862 3375 ούδέ
897 3321 1136 3392 ἄργυρον
1164 3320 1291 3374 ούδέ
1322 3318 1503 3384 λίθους
1536 3322 1772 3391 τιμίους,
1799 3322 1889 3386 ξύ-

292 3412 383 3466 λον
425 3412 480 3466 δὲ
513 3414 672 3483 μόνον
713 3413 807 3466 καὶ
840 3411 1094 3482 καλάμην
1125 3411 1573 3483 οίκοδομούντων.
1626 3413 1791 3485 Ὁρᾷς
1833 3414 1889 3466 ό-

296 3521 412 3567 πως
455 3504 796 3575 πυρπόλησιν
845 3503 941 3556 καὶ
993 3503 1319 3575 ἐμπρησμὸν
1366 3503 1584 3557 ἀπειλεῖ
1634 3503 1816 3567 αὐτοῖς
1858 3505 1887 3557 ὁ

293 3594 449 3663 λόγος
476 3610 490 3624 ⁸
544 3594 638 3648 καὶ
674 3595 833 3648 τοῦτο
862 3593 1014 3658 τέλος
1071 3594 1170 3665 τῆς
1221 3593 1501 3664 παρούσης
1552 3594 1674 3648 κατ’
1706 3593 1886 3648 αὐτῶν

294 3686 659 3759 προφητείαςο
686 3687 716 3740 δ
750 3687 814 3759 δὴ
848 3687 942 3741 καὶ
966 3684 1309 3759 παραχρῆμα
1335 3686 1472 3758 πρὸς
1503 3685 1647 3750 λέξιν
1680 3685 1882 3755 ἀπέϐη,

293 3778 391 3831 καὶ
422 3778 523 3831 ούκ
560 3779 640 3841 εἰς
680 3776 897 3849 μακρὰν
930 3776 1071 3849 μετὰ
1098 3775 1196 3847 τὴν
1226 3775 1366 3829 κατά
1411 3774 1507 3828 τοῦ
1540 3774 1794 3845 Σωτῆρος
1820 3775 1884 3844 ήο

298 3867 414 3938 μῶν
441 3867 643 3939 τόλμαν
667 3866 1108 3939 πυρποληθείσης
1134 3866 1318 3929 αὐτοῖς
1348 3865 1449 3934 τῆς
1473 3865 1879 3937 μητροπόλεως,

292 3959 405 4013 τῶν
436 3975 496 4012 τε
543 3961 601 4012 ἐν
637 3960 772 4030 αὐτῇ
818 3958 1031 4013 ἀσεϐῶν
1073 3960 1136 4011 ἐκ
1165 3957 1271 4012 τῶν
1303 3957 1517 4012 οἰκείων
1566 3956 1880 4029 σπινθήρων

292 4051 356 4105 τὺ
384 4050 646 4105 ἄσϐεστον
674 4051 785 4122 πῦρ
830 4051 892 4103 τὸ
923 4049 1158 4112 αἰώνιον,
1198 4049 1292 4102 καὶ
1318 4048 1418 4117 τὴν
1444 4050 1509 4102 ἐκ
1545 4047 1679 4101 Θεοῦ
1713 4048 1879 4120 ὀργὴν

293 4145 353 4197 ἐν
374 4144 558 4215 ήμέρξι
577 4143 746 4213 ὀργῆς
776 4143 957 4207 αὐτοῖς
976 4142 1446 4213 ταμιευσαμένων.

837 4231 1233 4284 ΚΕΦΑΛΛΙΟΝ
1269 4231 1344 4284 B'.
1876 4261 1879 4264 ‹

367 4343 388 4376 ι
411 4324 468 4378 '0
493 4323 651 4393 λόγος
676 4324 705 4376 ό
736 4323 1025 4393 γενόμενος
1059 4322 1208 4393 παρά
1242 4320 1447 4394 Κυρίου
1476 4321 1613 4393 πρὸς
1651 4321 1878 4377 Ἡσαΐαν

292 4416 409 4469 υἱὸν
436 4414 616 4487 Ἀμὼς
640 4416 767 4486 περὶ
797 4415 892 4486 τῆς
921 4413 1180 4473 Ἰουδαίας
1202 4413 1294 4466 καὶ
1327 4412 1457 4484 περὶ
1487 4413 1891 4485 Ἰερουσαλήμν.

1994 3215 2262 3273 fuerunt:
2304 3218 2505 3288 quippe
2542 3218 2635 3286 qui
2675 3232 2780 3272 non
2822 3234 3054 3284 aurum,
3101 3235 3208 3273 non
3264 3231 3572 3290 argentum,

1992 3325 2097 3364 non
2138 3308 2348 3379 lapides
2379 3309 2675 3377 pretiosos,
2705 3308 2801 3363 sed
2845 3308 3051 3379 lignum
3096 3318 3302 3364 tantum
3327 3318 3382 3364 et
3422 3310 3572 3366 cala-

1991 3395 2137 3457 mum
2187 3399 2546 3456 aedificarent.
2588 3399 2773 3455 Viden’
2801 3399 3072 3469 quomodo
3114 3400 3361 3457 ﬂammas
3396 3413 3449 3458 et
3482 3403 3571 3456 in-

1988 3491 2239 3546 cendium
2280 3491 2646 3544 comminetur
2668 3489 2842 3558 ipsis?
2867 3489 2931 3543 Et
2960 3489 3191 3545 bielinis
3219 3498 3304 3546 est
3341 3507 3574 3561 prteseu-

1990 3580 2059 3636 tis
2098 3589 2293 3636 contra
2334 3579 2456 3634 illos
2510 3579 2834 3650 prophetiae,
2883 3577 3038 3646 cujus
3084 3589 3310 3635 eventus
3359 3580 3570 3647 statim,

1987 3689 2165 3745 neque
2204 3673 2278 3728 ita
2310 3673 2481 3727 multo
2508 3680 2631 3742 post
2675 3681 3049 3742 perpetratum
3095 3680 3285 3726 contra
3318 3671 3570 3730 Salvato—

1985 3781 2101 3820 rem
2149 3774 2400 3819 nostrum
2456 3746 2687 3827 facinus,
2740 3763 2810 3817 ad
2860 3762 3097 3816 litteram
3145 3764 3392 3834 contigit,
3441 3780 3566 3819 cum

1985 3872 2175 3912 eorum
2207 3856 2524 3925 metrOpolis
2548 3857 2800 3912 incendio
2830 3858 3026 3912 tradita
3057 3866 3159 3920 est,
3200 3867 3254 3913 et
3294 3858 3441 3928 impii
3467 3860 3566 3914 lto-

1986 3948 2163 4002 mines
2197 3946 2252 4000 in
2280 3961 2342 4001 ea
2388 3956 2799 4001 commorantes
2843 3952 2911 4001 ex
2958 3947 3207 4001 scintillis
3245 3947 3357 4002 suis
3384 3950 3564 4017 ignem

1985 4040 2483 4112 inexstinguibilem
2513 4056 2577 4096 ac
2614 4050 2876 4096 a'ternum
2903 4080 2919 4105 ,
2959 4041 3205 4111 iramque
3244 4040 3338 4097 Dei
3381 4042 3437 4097 in
3474 4041 3568 4096 die

1986 4136 2079 4191 ira:
2110 4133 2213 4191 sibi
2245 4132 2688 4189 reconditlerunl.

2598 4221 2829 4279 CAPUT
2873 4221 2937 4277 11.

2057 4317 2220 4372 Vens.
2255 4315 2374 4370 1-4.
2416 4332 2435 4366 ι
2482 4311 2715 4366 Verbum
2746 4312 2888 4380 quod
2917 4312 3119 4365 factum
3152 4319 3234 4366 est
3264 4326 3294 4365 a
3333 4308 3563 4367 Domino

1983 4409 2052 4463 ad
2079 4408 2328 4464 llesaiam
2353 4405 2522 4461 lilium
2544 4406 2708 4459 Amos
2727 4405 2869 4458 circa
2896 4402 3135 4458 Judaaam
3153 4400 3557 4458 etJerusalem:

291 4512 375 4564 ὅτι
405 4509 557 4563 ἔσται
580 4511 637 4563 ἐν
668 4510 789 4571 ταῖς
824 4505 1079 4576 ἐσχάταις
1119 4504 1354 4576 ἡμέραις
1387 4504 1625 4574 ἐμφανὲς
1661 4502 1721 4556 τὸ
1752 4503 1878 4575 ὅρος

1990 4500 2110 4567 quia
2167 4487 2275 4554 erit
2329 4497 2383 4552 in
2440 4495 2760 4551 novissimis
2783 4494 2976 4550 diebus
3027 4495 3353 4562 conspicuus
3404 4507 3564 4547 mons

290 4601 388 4656 τοῦ
414 4600 641 4674 Κυρίου,
676 4599 770 4653 καὶ
800 4600 828 4652 ό
876 4594 1022 4660 οἶκος
1066 4596 1158 4649 τοῦ
1185 4595 1319 4649 Θεοῦ
1349 4594 1434 4648 ἐπ’
1469 4594 1652 4666 ἄκρων
1678 4595 1787 4648 τῶν
1820 4596 1876 4647 ό-

297 4694 454 4765 ρέων,
489 4692 583 4746 καὶ
625 4689 969 4761 ὑψωθήσεται
999 4686 1250 4760 ὑπεράνω
1285 4684 1394 4739 τῶν
1431 4684 1654 4756 βουνῶν,
1686 4686 1780 4738 καὶ
1813 4686 1875 4756 ή-

293 4787 476 4855 ξουσιν
500 4785 585 4837 ἐπ’
611 4782 743 4836 αὐτὸ
770 4781 944 4835 πάντα
968 4778 1035 4833 τά
1056 4778 1184 4850 ἔθνη
1232 4778 1342 4831 Καὶ
1369 4775 1721 4849 πορεύσονται
1748 4775 1875 4847 έθνη

295 4875 486 4939 πολλὰ,
515 4872 609 4926 καὶ
645 4870 861 4944 ἐροῦσι·
905 4869 1089 4931 Δεῦτε.
1124 4869 1216 4923 καὶ
1240 4866 1529 4937 ἀναθῶμεν
1551 4867 1631 4930 είς
1655 4866 1714 4920 τὸ
1747 4867 1870 4939 ὅρος

296 4966 523 5039 Κυρίου,
546 4951 637 5017 καὶ
662 4965 741 5026 εἰς
767 4963 857 5015 τὸν
884 4957 1030 5014 οἷκον
1055 4959 1147 5013 τοῦ
1168 4958 1302 5012 Θεοῦ
1332 4955 1524 5011 Ἰακώϐ
1543 4974 1556 4987 ·
1592 4958 1686 5010 καὶ
1707 4958 1872 5026 ἀναγ-

296 5058 443 5127 γελεῖ
473 5059 606 5128 ἡμῖν
634 5055 731 5127 τὴν
763 5054 881 5108 ὁδὸν
910 5052 1095 5117 αὐτοῦ,
1142 5052 1236 5105 καὶ
1269 5048 1645 5119 πορευσόμεθα
1688 5050 1745 5103 ἐν
1779 5051 1874 5103 αύ-

416 5152 510 5204 Ἐκ
536 5148 645 5220 γὰρ
674 5148 812 5203 Σιὼν
857 5145 1194 5212 ἐξελεύσεται
1229 5145 1410 5214 νόμος,
1445 5144 1539 5197 κοιλ¹
1575 5143 1732 5212 λόγος
1760 5145 1875 5197 Κυ-

301 5243 418 5314 ρίου
458 5240 519 5308 ἐξ
561 5239 931 5312 Ἰερουσαλήμ.
982 5236 1090 5290 Καὶ
1132 5238 1308 5306 κρινεί
1338 5233 1441 5288 ἀνά
1478 5236 1641 5305 μέσον
1691 5233 1797 5286 τῶν
1828 5236 1883 5287 ἐ·-

298 5329 462 5396 θνῶν,
490 5329 584 5384 καὶ
604 5326 869 5398 ἐξελέγξει
896 5326 1021 5380 λαὸν
1050 5324 1216 5379 πολὺν
1246 5324 1425 5386 αὑτός.
1452 5342 1471 5375 ι
1502 5322 1673 5386 Δύτδς
1704 5322 1760 5376 δὲ
1788 5322 1883 5375 καὶ

296 5422 563 5494 διέκρινεν
583 5422 689 5477 ἀνὰ
718 5421 878 5493 μέσον
900 5419 1009 5474 τῶν
1050 5416 1237 5478 ἐθνῶν,
1270 5415 1535 5485 ἀφορίσας
1558 5412 1738 5483 ἐαυτῷ
1758 5413 1882 5475 τοὺς

301 5511 505 5580 ἀξίους,
541 5512 635 5566 καὶ
683 5511 1039 5581 ἐκλεξάμενος
1081 5507 1207 5569 τοὺς
1237 5504 1468 5576 κλητοὺς
1513 5502 1621 5557 ἀπὸ
1648 5502 1755 5555 τῶν
1808 5501 1883 5574 μὴ

299 5604 574 5659 τοιούτων.
618 5602 799 5665 υῦτως
821 5597 912 5656 οὖν
947 5600 1051 5670 ἀνὰ
1083 5599 1243 5669 μέσον
1273 5596 1381 5650 τῶν
1409 5593 1578 5650 ἐθνῶν
1606 5594 1884 5665 διακρίνας

301 5694 331 5748 ό
358 5690 710 5761 εὐαγγελικὰς
758 5689 939 5760 νόμος,
969 5688 1095 5741 λαὸν
1130 5687 1295 5740 πολὺν
1333 5684 1581 5755 ήλεγξεν,
1610 5684 1727 5755 ἤτοι
1757 5684 1884 5747 τοὺς

378 5805 674 5900 "Philipp.
710 5819 780 5870 Iv,
826 5802 911 5859 {5,
990 5802 1030 5834 ¹¹
1059 5800 1216 5857 llom.
1259 5816 1376 5869 vni,
1413 5801 1503 5856 '55.

1985 4586 2199 4646 Domini
2250 4598 2306 4644 et
2354 4588 2547 4644 domus
2587 4586 2681 4641 Dei
2724 4601 2890 4655 supra
2935 4586 3194 4641 verticem
3245 4583 3556 4638 montium:

1982 4695 2037 4740 et
2106 4681 2414 4738 elevabitur
2467 4694 2630 4748 super
2682 4678 2896 4734 colles:
2951 4687 3004 4732 et
3054 4675 3270 4731 venient
3318 4674 3382 4727 ad
3433 4688 3560 4727 eum

1982 4788 2173 4829 omnes
2227 4780 2437 4842 gentes.
2491 4769 2558 4824 Et
2593 4769 2747 4824 ibunt
2798 4756 2978 4839 populi
3040 4764 3191 4820 multi
3224 4772 3279 4819 et
3327 4762 3556 4819 dicent:

1985 4866 2205 4931 Venite,
2266 4861 2627 4918 ascendamus
2680 4860 2749 4913 ad
2801 4869 3040 4913 montem
3107 4854 3322 4909 Domini
3379 4863 3434 4908 et
3491 4855 3558 4908 ad

1982 4959 2201 5013 domum
2231 4954 2322 5010 Dei
2351 4952 2517 5010 Jacob
2542 4970 2557 5007 :
2589 4961 2643 5007 et
2671 4948 3017 5005 annuntiahit
3036 4947 3189 5003 nobis
3211 4948 3355 5001 viam
3382 4961 3556 5009 suam,

1983 5060 2038 5104 et
2080 5050 2394 5104 incedemus
2431 5045 2486 5100 in
2529 5060 2615 5099 ea.
2666 5042 2803 5096 Nam
2852 5055 2918 5094 ex
2957 5039 3087 5096 Sion
3131 5040 3299 5094 exibit
3344 5038 3453 5099 lex,
3504 5047 3561 5091 et

1985 5141 2209 5193 verbum
2260 5136 2470 5193 Domini
2507 5150 2570 5190 ex
2619 5131 2944 5190 Jerusalem.
2996 5129 3061 5184 Et
3108 5129 3375 5201 judicabit
3421 5128 3558 5180 inter

1982 5245 2191 5303 gentes,
2246 5238 2304 5284 et
2350 5239 2542 5296 arguet
2589 5225 2846 5297 populum
2902 5224 3128 5279 multum
3189 5221 3325 5290 ipse.
3365 5240 3384 5270 ι
3442 5218 3558 5287 Ipse

1981 5330 2162 5376 autem
2182 5318 2615 5387 judicavitinter
2641 5324 2854 5385 gentes,
2886 5328 2980 5369 eos
3007 5313 3097 5382 qui
3137 5326 3197 5365 se
3223 5309 3368 5379 digni
3399 5317 3558 5363 erant

1980 5413 2083 5468 sibi
2124 5425 2441 5482 segregans,
2471 5416 2801 5476 vocatosque
2833 5421 2863 5459 a
2896 5421 3001 5459 non
3044 5402 3249 5457 vocatis
3299 5400 3553 5471 seligens.

1983 5502 2077 5556 Sic
2106 5502 2291 5570 itaque
2323 5499 2404 5554 lex
2445 5496 2782 5565 evangelica,
2827 5495 2882 5550 in
2926 5493 3105 5548 medio
3144 5493 3386 5562 gentium
3418 5490 3557 5556 (ιῇιιη

1983 5593 2197 5660 dicans,
2235 5592 2467 5669 multum
2499 5589 2755 5662 populum
2784 5587 3061 5658 coarguit;
3110 5587 3222 5640 sive
3250 5584 3338 5648 iis,
3367 5583 3458 5652 qui
3500 5581 3553 5635 in

1983 5700 2043 5741 se
2062 5684 2410 5742 crediderunt
2436 5682 2502 5740 de
2529 5682 2761 5755 pristino
2784 5693 2973 5737 errore
2997 5693 3095 5734 suo
3117 5677 3417 5743 convictis;
3437 5673 3553 5731 sive
