4062 6400
471 302 490 356 1
503 305 574 360 b3

1215 305 1486 363 EUSEBII
1527 305 2018 365 CESARIENSIS
2056 307 2208 368 OPP.
2239 309 2420 368 PARS
2459 311 2544 368 Ill.
2587 339 2658 354 --
2697 313 3109 372 EXEGETICA.

3689 327 3804 382 HM

471 421 564 484 iis,
599 419 692 490 qui
730 434 840 475 non
874 421 1250 486 crediderunt,
1287 428 1347 476 ut
1383 427 1580 494 suapte
1609 421 1774 492 culpa
1807 425 2081 494 pereunti-

2191 428 2272 490 είς
2302 425 2930 492 αὐτὺνλπεπιστευκότας
2979 426 3288 495 ἀπελέγξας
3341 429 3440 502 τήν
3491 433 3550 484 ἐν
3605 433 3802 499 αὐτοῖς

475 513 603 578 b113,
637 512 966 570 confutatis.

554 731 578 770 ι
622 715 688 770 Et
723 713 1076 786 confringent
1107 713 1325 783 gladios
1373 729 1506 771 suos
1539 715 1594 770 in
1639 723 1848 779 aratra,
1879 725 1936 772 et
1965 715 2084 772 lan-

480 827 612 866 ceas
652 825 784 864 suas
837 809 890 862 in
943 808 1152 864 falces:
1189 817 1246 864 et
1297 823 1408 864 non
1459 807 1664 864 levabit
1711 823 1846 879 gens
1892 817 2081 865 contra

477 913 704 972 gentem
757 903 1026 974 gladium,
1073 911 1132 958 et
1187 917 1296 958 non
1347 903 1760 960 exercebantur
1809 903 1956 960 ultra
2015 907 2084 958 ad

481 999 751 1067 praelium.
793 1017 812 1051 ι
867 995 982 1052 Non
1041 997 1184 1052 ultra
1227 995 1480 1052 bellicam
1519 1007 1694 1052 artem
1723 997 1996 1064 ediscunt,
2027 997 2080 1052 in

482 1105 588 1158 qua
611 1104 672 1146 se
695 1089 848 1160 prius
885 1103 916 1144 a
943 1105 1132 1158 puero,
1176 1091 1334 1158 quasi
1383 1089 1720 1154 necessaria,
1771 1103 1870 1158 per
1921 1105 2084 1160 agros

479 1189 538 1236 et
565 1183 731 1238 urbes
761 1183 1114 1248 exercebant,
1157 1182 1464 1238 vicinorum
1501 1182 1744 1237 hostium
1789 1181 2084 1238 formidine

483 1274 764 1330 commoti.
805 1274 918 1328 imo
942 1274 1106 1328 etiam
1136 1273 1226 1342 qui
1255 1273 1549 1328 Dominum
1609 1283 1860 1328 nostrum
1891 1272 2082 1328 Jesnm

481 1366 764 1420 Christum
847 1375 1264 1436 susceperunt,
1329 1365 1480 1420 omni
1549 1365 1834 1436 prmliandi
1901 1365 2085 1420 studio

481 1457 742 1525 exempti,
781 1455 832 1510 in
866 1469 996 1522 pace
1019 1455 1236 1512 demum
1269 1463 1592 1524 versantur;
1629 1455 1704 1510 ita
1731 1465 1922 1510 utnon
1947 1455 2086 1510 ulte-

485 1547 602 1602 rius
669 1549 738 1601 ab
805 1547 1134 1602 adversariis
1206 1547 1577 1618 potestatibus
1643 1555 2083 1620 oppugnentur,

485 1654 664 1710 neque
721 1638 1060 1694 daemonibus
1133 1639 1186 1693 in
1249 1653 1310 1694 se
1374 1638 1504 1694 olim
1573 1637 1867 1708 imperium
1935 1638 2084 1693 obti-

485 1728 744 1784 nentibus
809 1729 1010 1784 subditi
1061 1728 1194 1784 sint.
1241 1727 1452 1795 Quibus
1507 1727 1774 1784 Servator
1819 1727 1936 1798 ipse
1983 1741 2080 1798 pa-

2189 519 2462 590 προτέραν
2495 518 2724 588 πλάνην,
2769 520 2802 588 ἥ
2853 520 2980 582 τοὺς
3017 520 3091 592 μὴ
3123 521 3202 583 είς
3231 521 3396 576 αὑτὸν
3423 527 3806 580 πεπιστευκό-

2189 629 2288 674 τας
2325 610 2552 680 ἐλέγξας
2577 611 2729 681 παρά
2773 611 2872 682 τὴν
2925 611 3103 668 αὐτῶν
3141 615 3322 669 αἰτίαν
3353 617 3796 687 ἀπολλυμένους.

2267 729 2286 764 ι
2309 713 2420 766 Καὶ
2451 711 2781 780 συγκόψουσι
2803 709 2904 774 τὰς
2936 709 3212 781 μαχαίρας
3245 708 3426 763 αὐτῶν
3451 710 3532 773 εἰς
3557 711 3798 782 ἄροτρα,

2191 805 2286 859 καὶ
2314 805 2412 868 τὰς
2447 803 2668 868 ζιϐύνας
2707 803 2998 865 αὑὶὦνείς
3019 802 3298 873 δρέπαναο
3335 803 3430 856 καὶ
3465 803 3526 855 ού
3561 803 3636 874 μὴ
3681 805 3798 875 ἄρῃ

2191 895 2344 958 ἔθνος
2370 894 2456 947 ἐπ’
2480 893 2632 956 ἔθνος
2663 893 2960 963 μάχαιραν,
2988 893 3084 944 καὶ⁹
3105 893 3166 944 ού
3203 893 3277 963 μὴ
3311 891 3558 962 μάθωσιν
3581 891 3662 945 ἔτι
3697 911 3802 946 πο·-

2191 987 2399 1058 λεμεῖν.
2429 1005 2446 1037 ι
2485 985 2684 1038 Οὐκέτι
2717 983 2828 1056 γὰρ
2859 983 3200 1036 διδάσκονται
3229 983 3298 1036 τὰ
3326 983 3620 1054 πολεμικὰ,
3653 983 3688 1038 ἀ
3725 983 3801 1055 δὴ

2191 1079 2454 1151 πρότερον
2475 1078 2550 1142 ὡς
2575 1079 2848 1146 ἀναγκαῖα
2871 1079 2934 1130 ἐκ
2957 1076 3160 1130 παίδων
3187 1075 3306 1130 κατ’
3337 1077 3540 1146 ἀγροὺς
3564 1077 3662 1128 καὶ
3687 1091 3802 1128 κα-

2190 1172 2262 1226 τὰ
2313 1171 2496 1236 πόλεις
2537 1172 2804 1241 ἠσκοῦντο
2831 1171 2918 1224 διὰ
2951 1169 3042 1224 τὸν
3087 1170 3198 1224 ἀπὸ
3251 1169 3358 1222 τῶν
3393 1167 3802 1240 πλησιοχώρων

2194 1263 2467 1336 πολεμίων
2507 1265 2670 1334 φόϐον
2695 1281 2708 1294 ·
2747 1263 2882 1316 ἀλλά
2919 1263 3010 1316 καὶ
3035 1261 3086 1316 οἱ
3109 1260 3532 1330 καταδεξάμενοι
3551 1261 3644 1313 τὸν
3669 1261 3798 1312 Κύ-

2191 1373 2306 1428 ριον
2351 1357 2506 1428 ἡμῶν
2547 1354 2750 1428 Ἰησοῦν
2779 1355 3038 1428 Χριστὸν,
3073 1355 3255 1424 πάσης
3306 1353 3609 1424 πολεμικῆς
3643 1369 3798 1424 προ-

2189 1449 2453 1518 αιρέσεως
2487 1448 2914 1516 ἀπαλλαγέντες,
2947 1448 3006 1500 ἐν
3035 1447 3228 1520 εἰρήνῃ
3249 1445 3436 1499 λοιπὸν
3463 1446 3750 1512 διάγουσιν
3775 1461 3794 1473 ⁸

2189 1540 2264 1604 ὡς
2303 1539 2502 1612 μηκέτι
2539 1541 2644 1594 ὑπό
2680 1541 2784 1594 τῶν
2807 1523 3198 1610 ἀντικειμένων
3221 1539 3502 1608 δυνάμεων
3529 1537 3800 1608 πολεμεῖ-

2192 1629 2337 1696 σθαι,
2377 1631 2511 1702 μηδέ
2543 1631 2886 1703 ὑποχειρίους
2913 1629 3054 1684 εῖναι
3086 1631 3195 1683 τῶν
3225 1630 3392 1686 πάλαι
3433 1629 3798 1700 κρατούντων

2189 1727 2368 1780 αὐτῶν
2415 1725 2708 1796 δαιμόνων.
2738 1720 2834 1789 Ui;
2862 1725 2956 1778 xui.
2989 1727 3018 1778 ό
3046 1725 3236 1797 Σωτήρ
3255 1725 3418 1786 αὐτὸς
3450 1727 3549 1797 τὴν
3582 1724 3798 1778 ἑαυτοῦ

485 1837 606 1874 cem
655 1834 956 1888 procurans
1003 1834 1161 1875 suam
1199 1819 1318 1875 ait:
1372 1815 1400 1872 ἱ
1437 1817 1636 1875 Pacem
1669 1833 1848 1874 meam
1881 1819 1954 1874 do
1989 1833 2081 1874 vo-

2191 1818 2462 1890 προξενῶν
2497 1818 2717 1890 εἰρήνην
2753 1817 2922 1887 φησί·
2972 1835 2988 1866 ι
3019 1817 3254 1888 Εἰρήνην
3279 1817 3378 1888 τὴν
3409 1818 3548 1888 ἐμὴν
3587 1818 3798 1888 δίδωμι

485 1913 572 1969 bis
603 1912 668 1968 ¹¹.
717 1930 735 1964 a

561 2003 722 2058 Vsus.
759 2003 814 2058 5.
857 2021 874 2054 ι
916 2003 986 2056 Et
1031 2017 1201 2069 nunc,
1241 2003 1439 2059 dornus
1481 2001 1672 2066 Jacob,
1711 2001 1918 2066 venite,
1967 2015 2076 2056 am-

483 2095 736 2151 bulemus
771 2095 826 2148 in
875 2093 1083 2148 lumine
1127 2093 1367 2152 Domini.
1399 2113 1420 2146 ι
1451 2093 1870 2164 Consequenter
1899 2095 2084 2164 itaque

483 2187 775 2257 propheta,
797 2193 1087 2256 postquam
1111 2186 1354 2254 gentium
1383 2186 1747 2249 vocationem,
1775 2191 1831 2240 et
1855 2182 2082 2240 effusam

485 2281 540 2335 in
584 2293 776 2334 omnes
827 2276 1076 2332 homines
1133 2289 1324 2345 pacem
1381 2276 1694 2344 recensuit,
1746 2289 1905 2331 suum
1951 2289 2082 2342 erga

486 2371 790 2426 familiares
839 2383 970 2426 suos
1019 2367 1278 2423 affectum
1333 2377 1737 2424 commonstrat
1767 2383 1782 2421 :
1812 2365 2074 2437 populum

485 2479 646 2518 suum
677 2459 1203 2528 commonefaciens,
1239 2468 1301 2514 ut
1356 2457 1560 2514 Christi
1609 2457 1848 2530 gratiam
1899 2456 2082 2512 omni-

485 2556 586 2611 bus
612 2554 865 2623 gentibus
909 2551 1095 2608 datam
1139 2559 1194 2607 et
1244 2549 1426 2605 lumen
1473 2549 1852 2620 evangelicum
1906 2549 2084 2605 susci-

485 2647 649 2716 piat:
695 2660 969 2716 seseque,
1027 2645 1097 2700 ad
1153 2643 1542 2700 concitandum
1599 2641 2082 2712 instigandumque

486 2737 791 2808 populum,
855 2735 1048 2792 iisdem
1114 2733 1462 2796 adnumerat,
1517 2741 1822 2802 auctorque
1879 2741 1965 2786 est
2025 2741 2086 2786 ut

487 2831 661 2884 lucem
697 2828 913 2884 Domini
975 2827 1192 2882 adeant.
1232 2823 1432 2880 Lucem
1475 2839 1638 2895 porro
1663 2824 1879 2880 Domini
1926 2835 2084 2880 vocat

487 2921 662 2992 legem
717 2918 851 2974 Novi
905 2919 1244 2974 Testamenti
1295 2933 1362 2974 ex
1414 2916 1546 2972 Sion
1607 2915 1998 2986 prodeuntem,
2025 2925 2082 2972 et

485 3012 730 3068 salutare
751 3009 1242 3081 evangelicumque
1269 3009 1523 3064 verbum.

557 3101 724 3160 Vnus.
753 3101 810 3157 6.
843 3119 862 3154 ι
903 3099 1118 3156 Dimisit
1141 3097 1288 3154 enim
1331 3097 1590 3170 papulum
1631 3111 1828 3189 suum,
1859 3097 2076 3152 domum
2108 3131 2150 3189 ε

487 3195 654 3250 Israel
703 3207 720 3248 :
773 3193 902 3264 quia
957 3191 1169 3261 repleta
1227 3197 1315 3245 est
1373 3199 1436 3246 ut
1497 3203 1528 3244 a
1591 3187 1862 3259 principio
1931 3197 2077 3243 terra

487 3293 700 3341 eorum'
736 3285 1014 3342 vaticiniis
1051 3325 1068 3351 ,
1131 3293 1194 3340 ut
1259 3295 1404 3340 terra
1467 3281 1902 3352 alienigenarum
1951 3297 1968 3338 :
2025 3290 2080 3336 et

487 3379 642 3432 multi
717 3379 812 3432 lilii
866 3377 1187 3449 alienigenae
1227 3375 1356 3432 facti
1409 3385 1538 3431 sunt
1580 3375 1684 3430 eis.
1724 3392 1744 3426 ι
1790 3373 1888 3429 llic
1924 3373 2078 3443 quasi

487 3469 601 3523 Deo
647 3467 1020 3523 defensionem
1099 3481 1303 3537 parans
1339 3509 1354 3533 ,
1435 3479 1662 3520 causam
1741 3463 1901 3520 aﬂert
1983 3480 2082 3520 cur

487 3575 582 3615 eos
616 3559 884 3615 dimiserit
919 3559 1004 3615 his
1053 3557 1238 3613 verbis
1268 3576 1282 3612 :
1315 3575 1336 3610 ι
1365 3557 1506 3624 Ouia
1559 3555 1768 3626 repleta
1818 3563 1924 3619 est,
1963 3567 2079 3610 uta

485 3653 775 3723 principio,
827 3657 973 3706 terra
1031 3663 1222 3704 eorum
1271 3647 1571 3714 vaticiniis,
1629 3665 1648 3700 ι
1705 3655 1760 3702 et
1808 3657 2013 3703 caetera
2063 3665 2076 3701 :

486 3745 686 3814 quibus
728 3742 974 3798 declarat
1018 3741 1195 3812 ipsum
1242 3755 1351 3796 non
1407 3739 1528 3796 sine
1574 3753 1744 3796 causa
1793 3753 1891 3795 eos
1922 3739 2080 3795 dimi-

489 3851 650 3892 51558.

561 3928 727 3982 \‘sns.
763 3925 877 3981 7-9.
923 3943 938 3976 ι
981 3907 1212 3994 Repleta
1248 3931 1334 3979 est
1382 3923 1526 3976 enim
1571 3931 1720 3978 terra
1761 3937 1952 3978 eorum
1999 3939 2081 3978 ar-

491 4030 655 4088 gento
687 4027 743 4072 et
775 4031 945 4082 auro,
994 4023 1050 4068 et
1091 4029 1199 4070 non
1244 4024 1362 4070 erat
1397 4028 1660 4070 numerus
1693 4017 2078 4070 thesaurorum

493 4113 744 4167 illorum:
783 4118 838 4164 et
870 4107 1074 4177 repleta
1109 4116 1194 4163 est
1222 4116 1366 4162 terra
1401 4107 1584 4176 equis,
1624 4115 1678 4162 et
1711 4107 2081 4162 innumerabi-

490 4203 570 4257 les
599 4215 793 4255 currus
828 4198 947 4268 ejus
975 4217 989 4252 :
1023 4208 1078 4254 et
1113 4197 1318 4269 repleta
1351 4207 1438 4253 est
1470 4207 1618 4253 terra
1653 4199 2082 4254 abominationi-

491 4297 594 4350 bus
615 4307 840 4364 operum
866 4307 1123 4347 manuum
1147 4307 1337 4349 eorum
1357 4335 1371 4358 ,
1400 4301 1456 4346 et
1479 4291 1847 4356 adoraverunt
1865 4305 1930 4346 ea
1959 4307 2078 4362 qua:

491 4387 742 4442 fecerunt
785 4385 938 4458 digiti
970 4399 1194 4440 eorum:
1237 4393 1294 4439 et
1330 4383 1640 4440 incurvavit
1686 4397 1746 4438 se
1793 4383 1988 4448 homo,
2025 4395 2080 4438 et

2185 1912 2335 1982 ὑμῖν.

2261 2021 2280 2054 ι
2312 2001 2422 2056 Καὶ
2451 2001 2566 2064 νῦν,
2596 2002 2625 2053 ό
2653 1997 2800 2064 οἶκος
2827 2001 2922 2054 τοῦ
2963 2001 3180 2064 Ἰακὼϐ,
3217 2001 3394 2064 δεῦτε,
3425 2001 3800 2074 πορευθῶμεν

2183 2095 2242 2148 ἐν
2271 2093 2350 2164 τῷ
2371 2095 2510 2162 φωτὶ
2535 2093 2762 2164 Κυρίου.
2791 2113 2810 2144 ι
2855 2093 3188 2156 Ἀκολούθως
3217 2093 3394 2146 τοίνυν
3419 2097 3448 2148 ό
3469 2095 3796 2166 προφήτης,

2183 2185 2472 2253 διεξελθὼν
2511 2185 2620 2240 τῶν
2659 2185 2830 2238 ἐθνῶν
2873 2185 2974 2256 τήν
3011 2185 3226 2256 κλῆσιν,
3263 2185 3356 2240 καὶ
3391 2187 3490 2258 τὴν
3525 2187 3798 2256 χυθεῖσαν

2185 2280 2265 2342 είς
2298 2277 2505 2342 πάντας
2527 2275 2848 2349 ἀνθρώπους
2879 2278 3126 2348 εἰρήνην,
3160 2277 3256 2348 τὴν
3285 2280 3364 2342 εἰς
3385 2281 3512 2342 τοὺς
3547 2279 3798 2344 οἰκείους

2185 2367 2517 2422 ἐνδείκνυται
2539 2367 2939 2438 φιλοστοργίαν,
2971 2367 3305 2438 παρακαλῶν
3333 2369 3422 2422 τὸν
3439 2369 3566 2422 λαὸν
3587 2371 3794 2436 αὐτοῦ,

2185 2458 2548 2523 ὑποδέξασθαι
2569 2458 2668 2528 τὴν
2691 2459 2826 2512 πᾶσι
2851 2461 2964 2521 τοῖς
2983 2458 3160 2512 ἔθνεσι
3175 2459 3512 2530 δωρηθεῖσαν
3533 2459 3624 2512 τοῦ
3650 2461 3798 2532 Χρι-

2185 2547 2312 2603 στοῦ
2339 2549 2519 2618 χάριν,
2555 2549 2646 2601 καὶ
2677 2549 2738 2602 τὸ
2777 2547 2892 2616 φῶς
2923 2549 2986 2602 τὸ
3027 2549 3400 2617 εὐαγγελικόν.
3433 2551 3792 2618 Συγκαταλέ-

2183 2659 2270 2711 γει
2295 2641 2352 2694 δέ
2385 2641 2614 2704 ἐκείνοις
2641 2642 2736 2694 καὶ
2763 2641 2976 2705 ἑαυτὸν,
3007 2642 3086 2705 είς
3113 2643 3426 2714 προτροπὴν
3457 2645 3551 2696 καὶ
3571 2645 3796 2718 παρόρ-

2188 2750 2354 2805 μησιν
2373 2731 2466 2787 τοῦ
2507 2731 2660 2797 λαοῦ,
2693 2732 3096 2803 παραινετικῶς
3123 2733 3456 2804 παρακαλῶν
3481 2734 3574 2788 τοῦ
3599 2737 3795 2804 φωτὸς

2185 2825 2392 2896 Κυρίου
2425 2825 2856 2896 μεταλαγχάνειν
2873 2843 2888 2856 ο
2915 2825 3033 2896 φῶς
3061 2825 3265 2899 Κυρίου
3297 2825 3575 2898 ὀνομάζων
3597 2828 3692 2880 τὸν
3713 2831 3794 2881 ἐκ

2185 2915 2323 2970 Σιὼν
2351 2917 2682 2988 προελθόντα
2701 2918 2866 2988 νόμον
2891 2918 2994 2988 τῆς
3009 2919 3216 2990 Καινῆς
3243 2919 3534 2992 Διαθήκης,
3559 2920 3654 2974 καὶ
3683 2921 3792 2974 τὸν

2185 3010 2454 3080 σωτήριον
2487 3011 2582 3062 καὶ
2612 3009 2967 3078 εὐαγγελικὸν
2995 3011 3174 3080 λόγον.

2262 3121 2280 3152 ι
2306 3101 2500 3172 ’Λνῆκε
2527 3102 2634 3174 γὰρ
2657 3103 2748 3156 τὸν
2769 3101 2893 3156 λαὸν
2917 3103 3102 3168 αὑτοῦ,
3131 3102 3222 3157 τὸν
3244 3099 3391 3158 οἷκον
3431 3105 3668 3177 Ἰσραὴλ,
3691 3107 3790 3160 ὅτι

2183 3191 2426 3265 ἐπλήσθη
2461 3191 2536 3256 ὼς
2558 3194 2618 3246 τὸ
2647 3194 2742 3246 ἀπ’
2761 3195 2984 3266 ἀρχῆςή
3009 3195 3160 3268 χώρα
3175 3197 3353 3250 αὐτῶν
3383 3197 3790 3268 κλῃδονισμῶν,

2181 3285 2256 3348 ὠς
2288 3287 2320 3355 ή
2351 3284 2462 3337 τῶν
2498 3285 2832 3353 ἀλλοφύλων,
2871 3288 2965 3340 καὶ
3001 3287 3168 3342 τέκνα
3204 3288 3374 3342 πολλά
3415 3289 3688 3360 ἀλλόφυλα
3724 3295 3794 3344 ὲ-

2181 3375 2382 3446 γενήθη
2413 3375 2614 3440 αὐτοῖς.
2645 3396 2662 3426 ›
2697 3377 2796 3430 Διά
2825 3377 2878 3430 τί
2903 3377 2960 3430 δὲ
2989 3378 3152 3432 αὑτὸν
3175 3380 3394 3449 ἀνῆκεν,
3429 3381 3615 3453 ὥσπερ
3639 3383 3792 3436 ἀπο-

2182 3465 2508 3537 λογούμενος
2544 3467 2684 3539 ὑπὲρ
2711 3467 2806 3521 τοῦ
2856 3467 3012 3534 Θεοῦ,
3047 3470 3148 3534 τὰς
3177 3471 3356 3534 αἰτίας
3396 3472 3606 3543 τίθησιν
3643 3475 3792 3544 ἐξῆς

2183 3559 2480 3630 ἐπιφέρων·
2521 3561 2674 3614 «Ὅτι
2695 3559 3002 3635 ἐνεπλήσθη
3035 3565 3068 3634 ή
3101 3562 3253 3635 χώρα
3279 3565 3458 3618 αὐτῶν
3489 3565 3565 3628 ὡς
3587 3565 3652 3618 τὺ
3678 3565 3790 3619 ἀπ’

2183 3649 2360 3722 ἀρχῆς
2387 3651 2783 3730 κληδονισμῶν,
2809 3677 2827 3705 υ
2887 3655 2980 3707 καὶ
3007 3655 3075 3708 τὰ
3099 3655 3226 3726 ἑξῆς
3251 3673 3264 3684 ’
3315 3655 3380 3710 δι’
3403 3649 3478 3710 ὧν
3506 3657 3792 3730 παρίστη-

2185 3757 2290 3806 σιν,
2314 3741 2394 3794 ὅτι
2420 3743 2493 3814 μὴ
2525 3742 2736 3812 ἀλόγως
2766 3745 2961 3809 αὐτοὺς
2985 3747 3204 3818 ἀνῆκεν.

2261 3939 2278 3972 ι
2334 3921 2669 3994 Ἐνεπλήσθη
2722 3924 2898 3995 γὰρὴ
2943 3924 3097 3996 χώρα
3139 3927 3320 3990 αὐτῶν
3373 3928 3636 4000 ἀργυρίου
3679 3933 3790 3986 καὶ

2185 4015 2429 4086 χρυσίου,
2465 4017 2558 4068 καὶ
2591 4016 2690 4070 οὐκ
2717 4011 2785 4088 ἦν
2823 4017 3058 4089 ἀριθμὸς
3089 4018 3196 4072 τῶν
3233 4019 3523 4092 θησαυρῶν
3557 4023 3741 4078 αὐτῶν
3761 4041 3782 4055 ⁶

2183 4107 2278 4159 καλ⁵
2310 4107 2614 4178 ἐνεπλήσθη
2650 4109 2684 4178 ή
2713 4108 2786 4178 γῆ
2817 4109 3020 4174 ἵππων,
3049 4113 3144 4164 καὶ
3166 4113 3265 4166 οὐκ
3297 4108 3366 4183 ἦν
3401 4115 3630 4186 ἀριθμὸς
3665 4117 3788 4169 τῶν

2185 4199 2446 4270 ἁρμάτων
2485 4200 2665 4254 αὐτῶν
2685 4218 2698 4232 ·
2735 4202 2830 4255 καὶ
2861 4202 3166 4275 ἐνεπλήσθη
3201 4207 3233 4278 ή
3270 4206 3343 4276 γῆ
3387 4205 3786 4277 βδελυγμάτων

2183 4288 2290 4341 τῶν
2349 4288 2524 4360 ἔργων
2566 4291 2675 4344 τῶν
2714 4293 2910 4364 χειρῶν
2962 4293 3172 4360 αὐτῶν,
3227 4297 3320 4350 καὶ
3353 4299 3786 4370 προσεκύνησαν

2184 4375 2266 4444 οἷς
2297 4381 2560 4453 ἐποίησαν
2591 4385 2638 4435 oi
2667 4383 2924 4438 δάκτυλοι
2959 4385 3140 4439 αὐτῶν
3159 4404 3173 4418 ·
3205 4389 3298 4441 καὶ
3333 4388 3528 4450 ἔκυψεν
3557 4389 3786 4462 ἂνθρω-

489 4479 815 4535 humiliatus
859 4487 946 4534 est
1003 4477 1106 4532 vir.
1153 4495 1172 4530 ι
1231 4475 1472 4544 Eorum,
1524 4490 1920 4547 quarumnam,
1975 4477 2076 4532 nisi

2191 4488 2306 4536 πος,
2349 4473 2444 4525 καὶ
2477 4473 2812 4546 ἐταπεινώθη
2865 4477 3023 4548 ἀνήρ.
3081 4479 3311 4532 »υΤίνων
3345 4481 3542 4546 αὐτῶν,
3577 4481 3608 4550 ἢ
3661 4481 3786 4534 τῶν

489 4573 921 4644 alienigenarum
947 4569 1312 4624 habitatorum
1340 4569 1431 4640 qui
1467 4571 1836 4624 adoraverunt
1861 4583 1925 4624 ea
1958 4583 2079 4639 quae

493 4663 742 4720 fecerunt
765 4663 918 4733 digiti
949 4661 1176 4717 eorum?
1219 4657 1344 4715 Ηαιο
1368 4675 1534 4730 porro
1561 4661 1744 4718 omnia
1780 4671 1975 4732 gentes
2005 4663 2080 4716 si-

493 4755 752 4825 gnificant
791 4755 1150 4826 alienigenas,
1186 4769 1310 4825 quae
1355 4755 1411 4809 in
1453 4751 1760 4810 Jerusalem
1806 4763 1862 4809 et
1896 4755 1949 4808 in
1979 4753 2078 4809 Ju-

497 4847 610 4898 drea
635 4847 961 4902 habitatura:
992 4855 1172 4902 erant.
1221 4845 1354 4913 Qum
1394 4853 1518 4916 post
1561 4844 1865 4901 Salvatoris
1905 4845 2076 4902 nostri

495 4937 809 5001 adventum,
833 4946 888 4992 et
912 4947 1033 5006 post
1054 4937 1315 4992 emissam
1338 4935 1512 4991 lucem
1537 4934 1932 5006 evangelicam,
1955 4949 2076 5006 qua-

499 5025 826 5079 illuminavit
879 5039 1068 5082 omnes
1129 5035 1366 5098 gentes,
1417 5025 1686 5094 completa
1736 5035 1902 5081 sunt:
1949 5026 2074 5096 quia

497 5116 824 5186 prophetam
875 5131 980 5171 non
1024 5120 1333 5184 audierunt,
1383 5131 1446 5173 se
1501 5117 1575 5172 ita
1631 5117 2070 5186 compellantem,

503 5227 522 5260 ι
563 5209 774 5276 Venite,
811 5209 1156 5266 ambulemus
1190 5212 1243 5266 in
1277 5211 1487 5268 lumine
1525 5210 1764 5267 Domini.
1807 5227 1826 5262 ι

567 5391 730 5450 Vsus.
769 5389 953 5448 ιο-ιε.
989 5411 1007 5444 ι
1043 5391 1110 5446 Et
1137 5407 1240 5448 non
1269 5391 1536 5449 dimittam
1569 5409 1704 5450 eos:
1737 5401 1794 5450 et
1837 5391 2076 5464 ingredi-

497 5487 627 5541 mini
663 5487 716 5540 in
769 5495 978 5556 petras,
1025 5495 1079 5542 et
1118 5485 1516 5542 abscondimini
1551 5489 1604 5542 in
1661 5498 1802 5543 terra
1853 5501 1884 5540 a
1937 5484 2078 5540 facie

499 5577 711 5632 timoris
743 5577 952 5632 Domini
985 5585 1041 5634 et
1085 5591 1116 5632 a
1151 5575 1322 5654 gloria
1356 5577 1699 5656 fortitudinis
1731 5577 1850 5658 ejus
1885 5595 1900 5634 :
1952 5591 2074 5633 cum

571 5723 614 5752 "
636 5719 790 5778 Joan.
819 5736 930 5786 xiv,
958 5721 1048 5776 27.

2187 4564 2498 4635 ἀλλοφύλων
2531 4567 2828 4639 οἰκητόρων
2861 4569 2910 4621 οἳ
2946 4571 3039 4624 καὶ
3075 4572 3490 4644 προσεκύνησαν
3515 4569 3596 4636 οἷς
3623 4573 3786 4626 ἐποί-

2187 4672 2326 4726 ησαν
2359 4659 2406 4709 οἱ
2441 4655 2694 4710 δάκτυλοι
2747 4659 2958 4724 αὺτῶν;
3007 4659 3196 4713 Ταῦτα
3235 4663 3412 4714 πάντα
3457 4661 3786 4733 σημαντικὰ

2185 4747 2442 4817 τυγχάνει
2485 4747 2796 4817 ἀλλοφύλων
2835 4749 3024 4810 ἐθνῶν.
3059 4753 3360 4820 μελλόντων
3397 4756 3564 4808 οίκεῖν
3599 4755 3784 4826 αὐτὴν

2187 4853 2246 4890 τε
2279 4837 2376 4909 τὴν
2413 4839 2771 4911 Ἰερουσαλὴμ
2815 4842 2910 4894 καὶ
2937 4841 3034 4912 τὴν
3079 4843 3337 4896 Ἰουδαίαν
3369 4844 3570 4917 χώραν.
3612 4847 3680 4898 Ἀ
3703 4845 3782 4918 δὴ

2187 4929 2490 5002 ἐπληροῦτο
2535 4931 2674 5002 μετά
2708 4931 2807 5004 τὴν
2841 4932 2934 4986 τοῦ
2968 4935 3221 5006 Σωτῆρος
3250 4937 3405 5008 ἡμῶν
3447 4941 3778 5010 παρουσίαν,

2186 5022 2282 5074 καὶ
2319 5021 2456 5092 μετά
2485 5023 2580 5074 τὸν
2619 5021 2777 5091 λόγον
2809 5025 2900 5078 τὸν
2946 5027 3257 5095 φωτίσαντα
3291 5027 3469 5082 πάντα
3500 5027 3568 5081 τὰ
3599 5027 3728 5099 ἔθνη
3755 5046 3780 5062 ο

2185 5115 2371 5186 ἐπειδὴ
2415 5117 2488 5188 μὴ
2533 5117 2852 5187 ὑπήκουσαν
2883 5119 2976 5172 τοῦ
3027 5120 3358 5191 κεκληκότος
3399 5121 3596 5183 αὐτοὺς
3631 5138 3780 5190 προ-

2185 5207 2385 5278 φήτου·
2421 5226 2438 5258 ι
2484 5207 2648 5262 Δεῦτε
2697 5211 2790 5263 καὶ
2838 5209 3193 5283 πορευθῶμεν
3237 5215 3293 5266 ὲν
3345 5211 3424 5282 τῷ
3465 5213 3605 5284 φωτὶ
3655 5213 3780 5266 Κυ-

2191 5299 2326 5370 ρίου.
2364 5319 2382 5352 ι

2267 5410 2286 5442 ι
2323 5393 2432 5446 Καὶ
2463 5393 2525 5446 οὗ
2559 5393 2634 5466 μὴ
2673 5395 2859 5467 ἀνήσω
2901 5397 3132 5460 αὐτοὺς,
3164 5398 3258 5452 καὶ
3291 5398 3660 5452 συνεισέλθετε
3689 5399 3780 5464 είς

2137 5559 2140 5562 ν
2185 5481 2283 5545 τὰς
2319 5483 2544 5555 πέτρας,
2577 5486 2673 5538 καὶ
2705 5485 3014 5558 κρύπτεσθε
3044 5489 3124 5552 εἰς
3155 5489 3254 5560 τὴν
3283 5491 3384 5560 γῆν
3413 5491 3520 5542 ἀπὸ
3549 5489 3740 5560 προσὼ
3761 5521 3778 5534 -

2189 5593 2288 5628 που
2322 5576 2416 5631 τοῦ
2443 5577 2607 5646 φόϐου
2639 5580 2868 5652 Κυρίου,
2901 5580 2992 5634 καὶ
3020 5582 3128 5636 ἀπὸ
3152 5583 3251 5654 τῆς
3278 5583 3436 5656 δόξης
3463 5585 3561 5657 τῆς
3587 5581 3780 5656 ίσχύιις
