4062 6400
321 373 426 434 ωδ

1292 373 1791 435 COMMENTARIA
1834 373 1900 432 IN
1940 371 2199 435 lSA'tAM.
2237 413 2305 424 -
2341 374 2498 440 CAP.
2540 367 2612 437 u.’

3308 300 3323 327 δ

3487 390 3589 445 tus

321 473 510 540 αὑτοῦ,
540 475 669 528 ὅταν
695 469 898 544 ἀναστῇ
926 472 1157 546 θραῦσαι
1189 475 1289 546 τὴν
1333 476 1457 546 γῆν.
1496 476 1559 528 OE
1590 475 1698 547 γὰρ
1720 475 1912 545 ὀφθαλ-

2017 480 2322 532 surrexerit
2357 481 2424 533 ad
2452 481 2836 535 conterendam
2870 490 3094 541 terram.
3128 481 3260 539 Nam
3295 485 3437 540 oculi
3481 489 3587 541 Do-

323 561 415 632 μοὶ
446 561 650 634 Κυρίου
679 562 892 633 ὑψηλοὶ,
921 565 948 615 ὁ
975 562 1031 614 δὲ
1063 562 1348 634 ἄνθρωπος
1374 566 1650 628 ταπεινός.
1685 567 1792 619 Καὶ
1816 583 1912 619 τα-

320 651 719 724 πεινωθήσεται
751 653 812 706 τὸ
844 652 976 722 ὑψος
1007 652 1116 706 τῶν
1145 653 1469 725 ἀνθρώπων,
1495 655 1589 708 καὶ
1623 655 1909 728 ὑψωθήσε-

317 762 409 798 ται
445 745 651 817 Κύριος
697 745 856 815 μόνος
901 747 958 798 ἐν
987 748 1053 816 τῇ
1098 746 1284 819 ἡμέρᾳ
1311 749 1527 820 ἐκείνῃ·
1580 744 1761 822 ἡμέρα
1801 750 1910 821 γὰρ

320 838 525 910 Κυρίου
547 837 782 893 Σαϐαὼθ
811 838 904 891 ἐπὶ
933 838 1108 892 πάντα
1130 839 1392 912 ὑϐριστὴν
1416 841 1510 894 καὶ
1535 842 1906 913 ὑπερήφανον,

318 929 417 982 καὶ
450 929 544 982 ἐπὶ
577 930 752 984 πάντα
785 930 985 1001 ὑψηλὸν
1035 930 1130 984 καὶ
1167 931 1471 1004 μετέωρον,
1509 935 1603 986 καὶ
1641 951 1910 988 ταπεινω-

315 1025 606 1094 ’θήσονταιο
652 1045 669 1076 ι
705 1025 842 1096 ὅπερ
874 1024 1111 1095 ἠγοῦμαι
1142 1027 1268 1099 περὶ
1297 1027 1398 1097 τῆς
1429 1022 1640 1099 ἡμέρας
1664 1029 1762 1100 τῆς
1791 1030 1910 1102 κρί-

320 1130 462 1177 σεως
493 1113 777 1183 λέγεσθαι*
811 1115 891 1169 διὸ
918 1117 978 1168 οὑ
1014 1117 1143 1188 περὶ
1177 1116 1352 1187 μόνων
1392 1118 1659 1172 Ἰουδαίων
1683 1121 1712 1172 ὁ
1753 1119 1909 1188 λόγος

319 1205 391 1259 τὰ
421 1207 662 1278 παρόντα
691 1206 956 1273 θεσπίζει,
988 1208 1289 1273 καθολικῶς
1317 1202 1374 1262 δὲ
1401 1213 1531 1282 περὶ
1561 1211 1774 1264 πάντων
1800 1213 1908 1265 τῶν

320 1297 541 1350 τοιῶνδε
576 1297 899 1370 ἀνθρώπων.
935 1301 1326 1371 Προαναφωνεῖ
1362 1303 1542 1357 τοίνυν
1590 1304 1909 1376 καθαίρεσιν

318 1389 544 1445 ἔσεσθαι
572 1393 670 1463 τῆς
707 1394 766 1445 ὲν
810 1391 1118 1463 ἀνθρώποις
1149 1395 1590 1467 είδωλολατρείας
1611 1414 1623 1426 ·
1665 1397 1822 1468 μόνον
1853 1393 1910 1452 δὲ

322 1482 478 1554 παρὰ
517 1488 630 1548 τοῖς
675 1487 839 1538 πᾶσιν
883 1485 1190 1559 ἀνθρώποις
1235 1487 1498 1557 ὑψοῦσθαι
1547 1488 1640 1543 τὸν
1682 1490 1907 1562 Κύριον,

321 1575 526 1638 παντὸς
567 1575 860 1647 ὑψώματος
905 1577 1268 1650 ἐπαιρομένου
1309 1579 1450 1632 κατὰ
1502 1581 1603 1650 τῆς
1657 1581 1910 1650 γνώσεως

316 1667 419 1721 ’τοῦ
451 1668 585 1722 Θεοῦ
605 1709 619 1734 ,
648 1671 1095 1742 ταπεινουμένου.

401 1782 421 1814 ι
455 1764 565 1816 Καὶ
597 1765 689 1817 ἐπὶ
718 1765 900 1817 πᾶσαν
929 1763 1118 1835 κέδρον
1151 1764 1243 1817 τοῦ
1282 1763 1514 1819 Λιϐάνου
1540 1765 1647 1818 τῶν
1689 1765 1908 1838 ὑψηλῶν

2014 572 2150 626 mini
2185 573 2467 639 sublimes,
2501 575 2663 630 homo
2692 585 2872 630 autem
2905 579 3146 634 humilis.
3176 580 3243 634 Et
3274 572 3589 638 humiliabi-

2015 673 2103 718 tur
2141 664 2372 718 altitudo
2404 664 2706 732 hominum,
2744 677 2800 723 ct
2828 669 3165 725 exaltabitur
3204 672 3466 729 Dominus
3501 691 3592 730 so-

2012 755 2096 810 lus
2133 756 2190 810 in
2227 756 2314 810 die
2348 755 2473 810 illa:
2518 757 2636 812 dies
2682 760 2826 814 enim
2879 761 3094 818 Domini
3131 763 3373 820 Sabaoth
3422 781 3588 837 super

2010 861 2226 902 omnem
2257 848 2712 904 contumeliosum
2747 859 2803 906 et
2830 854 3145 923 superbum,
3188 866 3241 910 et
3278 872 3442 926 super
3471 875 3590 913 om-

2013 956 2138 995 nem
2182 941 2457 996 excelsum
2497 951 2555 996 et
2593 942 2917 1012 sublimem,
2970 954 3025 1001 et
3065 948 3521 1004 humiliabuntur.
3563 970 3582 1002 ι

2010 1031 2142 1100 Quae
2168 1043 2299 1102 puto
2329 1034 2396 1087 de
2421 1034 2510 1088 die
2535 1035 2726 1103 judicii
2751 1036 2965 1105 prolata
2997 1038 3186 1096 fuisse.
3219 1041 3588 1109 Quamobrem

2010 1141 2119 1180 non
2163 1128 2232 1182 de
2276 1125 2480 1182 Judazis
2517 1137 2724 1181 tantum
2760 1129 2875 1186 haec
2931 1132 3284 1198 vaticinatur,
3330 1136 3425 1189 sed
3463 1136 3590 1189 uni-

2009 1218 2213 1273 versirn
2246 1219 2312 1274 de
2336 1220 2593 1276 omnibus
2625 1223 2932 1291 hujusmodi
2967 1223 3296 1281 hominibus.
3330 1226 3589 1281 Praenun-

2014 1309 2112 1362 tiat
2167 1310 2353 1380 itaque
2403 1315 2753 1368 evertendam
2790 1329 2912 1370 esse
2947 1317 3088 1385 apud
3122 1316 3371 1373 homines
3415 1320 3588 1374 idolo-

2013 1401 2250 1468 latriam,
2286 1403 2572 1476 solumque
2608 1406 2661 1460 in
2697 1407 3007 1463 hominibus
3035 1407 3384 1465 exaltandum
3413 1411 3590 1466 Domi-

2015 1508 2141 1546 num
2171 1507 2326 1558 esse,
2361 1495 2617 1564 depressa
2641 1499 2785 1552 omni
2837 1482 3030 1553 contra
3083 1499 3176 1555 Dei
3229 1503 3591 1572 cognitionem

2014 1585 2332 1656 insurgente
2363 1587 2708 1644 celsitudine.

2088 1769 2253 1827 Vens.
2286 1773 2478 1829 l3-l7.
2519 1793 2538 1826 ι
2568 1773 2634 1828 Ει
2655 1791 2816 1846 super
2835 1791 3024 1834 omnes
3051 1776 3244 1835 cedros
3271 1779 3465 1836 Libani
3498 1798 3594 1837 ex—

217 1935 222 1940 ,
321 1853 421 1907 καὶ
455 1853 772 1926 μετεώρων,
809 1856 900 1908 καὶ
937 1855 1029 1908 ἐπὶ
1061 1856 1168 1909 πᾶν
1199 1855 1414 1928 δένδρον
1446 1855 1670 1926 βαλάνου
1702 1858 1902 1920 Βασὰν,

2017 1867 2195 1922 celsas
2229 1876 2284 1921 et
2316 1867 2599 1933 sublimes,
2631 1881 2688 1922 et
2732 1885 2896 1940 super
2929 1885 3147 1926 omnem
3185 1888 3447 1943 quercum
3489 1873 3593 1928 Ba-

322 1946 419 1999 καὶ
469 1947 560 2000 ἐπὶ
604 1949 709 2000 πᾶν
756 1945 954 2018 ὑψηλὸν
997 1947 1143 2018 ὅρος,
1195 1949 1291 2002 καὶ
1342 1949 1437 2000 ἐπὶ
1486 1949 1666 2002 πάντα
1719 1949 1905 2019 βουνὸν

323 2038 548 2109 ὑψηλὸν,
576 2040 670 2093 καὶ
707 2039 801 2092 ἐπὶ
839 2038 1016 2092 πάντα
1051 2039 1260 2110 πύργον
1290 2039 1512 2110 ὑψηλὸν,
1543 2040 1637 2094 καὶ
1673 2040 1765 2092 ἐπὶ
1798 2042 1908 2094 πᾶν

321 2135 502 2201 τεῖχος
553 2132 776 2202 ὑψηλὸν,
824 2132 920 2187 καὶ
968 2134 1060 2186 ἐπὶ
1093 2135 1200 2187 πᾶν
1252 2127 1434 2186 πλοῖον
1480 2131 1776 2201 θαλάσσης,
1813 2126 1909 2186 καὶ

324 2224 420 2275 ἐπὶ
455 2225 632 2276 πᾶσαν
673 2222 801 2276 θέαν
836 2223 1036 2277 πλοίων
1068 2223 1330 2289 κάλλουςο
1366 2223 1460 2276 καὶ
1501 2223 1907 2295 ταπεινωθήσε-

321 2329 419 2367 ται
453 2317 559 2378 πᾶς
589 2315 893 2387 ἄνθρωπος,
940 2318 1034 2372 καὶ
1073 2321 1320 2372 πεσεῖται
1364 2317 1523 2390 ὓὸρις
1557 2319 1666 2370 τῶν
1698 2316 1909 2389 ἀνθρώ-

324 2422 468 2457 πων.
516 2425 533 2455 ι
584 2404 858 2458 Ἐπιϐαλῶ
887 2402 971 2459 ἐπ’
1003 2407 1202 2470 αὑτοὺς
1233 2406 1294 2460 τὸ
1325 2406 1537 2461 δίκτυόν
1575 2424 1700 2477 μου,
1731 2406 1912 2471 καθὼς

324 2494 396 2547 τὰ
426 2495 649 2548 πετεινὰ
673 2495 766 2549 τοῦ
793 2495 1025 2568 ούρανοῦ
1055 2496 1272 2562 κατάξω
1304 2498 1520 2562 αὑτούς.
1549 2497 1703 2569 Τάχα
1729 2497 1788 2551 δὲ
1820 2499 1913 2552 καὶ

325 2586 472 2640 κατὰ
509 2586 605 2658 τὴν
653 2588 1110 2659 προσδοκωμένην
1157 2589 1251 2642 τοῦ
1300 2590 1506 2663 Κυρίου
1555 2591 1770 2663 ἡμέραν
1813 2592 1914 2661 τῆς

324 2673 583 2747 κρίσεως,
605 2675 704 2748 τὴν
728 2675 840 2728 τῶν
865 2677 1122 2730 τοιούτων
1147 2678 1367 2734 πάντων
1391 2679 1668 2734 ἀπώλειαν
1693 2681 1913 2735 ἔσεσθαι

324 2763 663 2835 προφητεύει
683 2776 699 2794 δ
726 2759 828 2818 ὧδέ
859 2783 974 2828 πως
1015 2767 1359 2839 αἰνιξάμενος
1387 2769 1915 2842 ἐπικεκαλυμμένως

324 2858 454 2920 τοὺς
474 2856 808 2928 κρατοῦντας
827 2857 920 2911 τού
943 2858 1138 2923 αἰῶνος
1153 2858 1364 2924 τούτου,
1378 2861 1475 2914 καὶ
1501 2862 1570 2915 τὰ
1591 2861 1722 2933 ὑψη,
1740 2864 1834 2915 καὶ
1849 2863 1917 2915 τὰ

325 2947 632 3019 ἀξιώματα,
646 2948 744 3014 τάς
759 2967 819 3002 τε
832 2949 1006 3024 ἀρχὰς
1021 2950 1115 3004 καὶ
1129 2951 1226 3015 τὰς
1241 2950 1510 3016 ἐξουσίας,
1523 2954 1756 3018 καὶτοὺς
1767 2957 1824 3008 ὲν
1840 2951 1917 3025 τῷ

330 3040 432 3112 βίῳ
454 3041 906 3114 κοσμοκράτορας
929 3043 1056 3106 τοὺς
1083 3042 1176 3096 τὸν
1204 3041 1337 3096 Θεὸν
1369 3044 1445 3116 μὴ
1466 3045 1866 3115 ὲπεγνωκότας.

407 3150 427 3183 ι
488 3133 597 3185 Καὶ⁹
645 3131 991 3204 ὑψωθήσεται
1041 3133 1246 3204 Κύριος
1298 3129 1458 3204 μόνος
1505 3136 1564 3188 ὲν
1610 3138 1678 3207 τῇ
1732 3136 1918 3208 ἡμέρᾳ

327 3223 536 3297 ἐκείνῃ,
583 3224 675 3279 καὶ
717 3224 785 3278 τά
819 3226 1174 3298 χειροποίητα
1227 3227 1404 3280 πάντα
1448 3227 1910 3300 κατακρύψουσιν,

327 3317 739 3384 είσενέγκαντες
769 3318 850 3377 εἰς
897 3316 965 3370 τὰ
1013 3318 1250 3389 σπήλαια
1293 3319 1388 3371 καὶ
1421 3320 1500 3382 είς
1541 3319 1640 3383 τὰς
1676 3321 1915 3391 σχισμας

326 3410 438 3464 τῶν
463 3409 697 3481 πετρῶν,
715 3411 810 3463 καὶ
829 3412 909 3474 είς
936 3411 1034 3475 τὰς
1051 3410 1301 3483 τρώγλας
1319 3411 1419 3482 τῆς
1444 3411 1568 3484 γῆς,
1601 3412 1710 3466 ἀπὸ
1740 3428 1912 3486 προσ-

325 3501 482 3555 ώπου
525 3501 617 3556 τοῦ
694 3503 860 3572 φόῦου
897 3504 1126 3572 Κυρίου,
1160 3504 1254 3557 καὶ
1303 3504 1410 3557 ἀπὸ
1452 3505 1550 3575 τῆς
1599 3503 1759 3576 δόξης
1814 3505 1914 3576 τῆς

333 3595 517 3665 ἰσχύος
549 3595 736 3660 αὑτοῦ,
771 3596 898 3650 ὅταν
924 3597 1129 3668 ἀναστῇ
1157 3594 1389 3666 θραῦσαι
1413 3594 1512 3666 τὴν
1539 3595 1662 3666 γῆν.
1694 3615 1712 3647 ι
1754 3595 1915 3649 Ἀλλὰ

330 3691 426 3744 καὶ
463 3693 511 3743 οἱ
549 3689 925 3761 ἀσεϐεῖς,“τῆς
954 3689 1049 3745 τοῦ
1080 3691 1287 3763 Κυρίου
1330 3689 1632 3760 ἐπιστάσης
1671 3689 1908 3761 ἡμέρας,

331 3784 428 3846 τὰς
455 3782 611 3847 δόξας
635 3782 834 3846 αὐτῶν,
862 3783 928 3847 ἃς
957 3782 1100 3854 εἶχον
1127 3784 1392 3855 πρότερον
1425 3785 1482 3836 ὲν
1508 3784 1574 3854 τῇ
1604 3781 1750 3853 ψυχῇ
1785 3781 1914 3852 περὶ

329 3877 430 3945 τῆς
479 3876 739 3930 πολυθέου
783 3877 1013 3949 πλάνης,
1052 3875 1497 3948 κατακρύψουσιν
1528 3876 1586 3927 ὲν
1618 3877 1738 3937 ταῖς
1769 3874 1915 3945 διερ-

335 3969 596 4039 ρωγυίαις
625 3969 802 4023 αὐτῶν
829 3969 1109 4033 διανοίαις,
1143 3967 1432 4022 ὲκὸαλοῦσί
1473 3984 1532 4019 τε
1562 3968 1655 4020 καὶ
1679 3966 1913 4037 ἀπορρί-

329 4061 494 4131 ψουσι
529 4060 624 4114 τοῦ
673 4062 882 4114 ἑαυτῶν
915 4061 1180 4133 λογισμοῦ
1229 4063 1406 4114 πᾶσαν
1446 4062 1543 4132 τὴν
1575 4060 1746 4131 ψευδῆ
1786 4061 1915 4132 περὶ

330 4153 440 4207 τῶν
469 4153 701 4207 εἰδώλων
740 4153 1025 4225 ὑπόληψιν.

409 4263 427 4294 ι
465 4245 544 4316 Τῇ
571 4244 679 4316 γὰρ
705 4243 888 4316 ἡμέρᾳ
916 4244 1101 4318 ἐκείνῃ
1141 4244 1358 4298 ἐκϐαλεῖ
1383 4244 1668 4314 ἄνθρωπος
1702 4244 1772 4298 τὰ
1800 4243 1914 4315 βδε-

330 4335 584 4406 λύγματα
615 4336 782 4390 αὑτοῦ
816 4336 885 4390 τὰ
911 4339 1130 4410 ἀργυρᾶ
1168 4338 1262 4390 καὶ
1289 4337 1358 4391 τὰ
1403 4339 1598 4410 χρυσᾶ,
1625 4337 1661 4392 ἃ
1691 4337 1913 4408 ἐποίησε

334 4429 657 4498 προσκυνεῖν
709 4427 822 4491 τοῖς
875 4429 1122 4499 ματαίοις
1164 4429 1257 4484 καὶ
1305 4431 1426 4492 ταῖς
1477 4430 1777 4500 νυκτερίσι,
1816 4429 1911 4482 τοῦ

2014 1973 2139 2023 san,
2177 1968 2234 2013 et
2261 1974 2431 2030 super
2457 1975 2674 2015 omnem
2712 1973 2954 2018 montem
2996 1963 3297 2034 excelsum,
3335 1976 3389 2021 et
3432 1982 3594 2038 super

2013 2065 2236 2106 omnem
2275 2053 2470 2108 collem
2498 2055 2799 2124 excelsum,
2837 2067 2892 2111 et
2925 2073 3092 2127 super
3135 2073 3354 2114 omnem
3398 2061 3596 2114 turrim

2015 2142 2324 2210 sublimem,
2353 2154 2409 2199 et
2457 2161 2622 2218 super
2662 2162 2887 2203 omnem
2928 2164 3142 2204 murum
3192 2153 3505 2217 excelsum,
3540 2165 3596 2208 et

2015 2249 2178 2303 super
2225 2251 2442 2292 omnem
2496 2252 2691 2294 navem
2748 2240 2961 2307 maris,
3035 2251 3091 2298 et
3149 2258 3317 2315 super
3377 2237 3594 2300 omnem

2016 2336 2295 2396 aspectum
2334 2329 2750 2400 pulchritudinis
2795 2333 3013 2388 navium
3054 2346 3071 2389 :
3120 2345 3176 2390 et
3221 2336 3596 2392 humiliabitur

2017 2418 2196 2471 omnis
2228 2419 2413 2485 homo,
2453 2432 2508 2474 et
2544 2423 2704 2476 cadet
2735 2421 2965 2478 altitudo
2995 2422 3256 2480 virorum.
3293 2443 3312 2478 ι
3347 2425 3597 2496 lnjiciam

2016 2508 2072 2563 in
2111 2524 2206 2564 eos
2249 2520 2364 2566 rete
2395 2527 2598 2578 meum,
2643 2514 2898 2583 ipsosque
2944 2516 3120 2570 instar
3157 2515 3434 2571 volucrum
3468 2519 3598 2572 caeli

2017 2602 2322 2657 detraham.
2355 2604 2612 2660 Fortasse
2639 2622 2772 2663 vero
2801 2609 3043 2664 omnium
3071 2611 3371 2681 perniciem
3405 2613 3460 2666 in
3503 2611 3596 2667 illa

2019 2704 2329 2764 exspectata
2395 2698 2610 2752 Domini
2659 2700 2747 2754 die
2809 2701 2926 2758 fore
2982 2704 3341 2770 vaticinatur,
3399 2704 3596 2777 hisque

2017 2786 2250 2844 obscure
2287 2789 2602 2848 subindicat
2643 2794 2918 2863 principes
2962 2796 3125 2865 hujus
3168 2797 3394 2864 saeculi,
3433 2799 3598 2855 celsi-

2020 2876 2256 2942 tudines,
2288 2879 2601 2948 dignitates,
2636 2882 2976 2954 principatus
3026 2895 3081 2940 et
3129 2897 3454 2958 potestates,
3489 2889 3597 2943 hu—

2014 2968 2210 3039 jusque
2250 2973 2436 3027 mundi
2472 2985 2752 3042 rectores,
2801 2977 2892 3047 qui
2929 2977 3100 3034 Deum
3144 2995 3252 3037 non
3302 2991 3593 3038 noverunt.

1942 3182 1984 3242 ρ
2094 3152 2256 3211 Vens.
2295 3155 2385 3222 18,
2407 3157 2492 3214 l9.
2530 3176 2551 3210 ι
2586 3158 2655 3214 Et
2685 3159 3016 3216 exaltabitur
3047 3161 3310 3220 Dominus
3344 3163 3494 3220 solus
3539 3163 3595 3220 in

2018 3245 2106 3300 die
2140 3247 2250 3313 illa,
2295 3257 2350 3304 et
2375 3251 2556 3304 omnia
2588 3253 2898 3307 manufacta
2943 3252 3312 3320 abscondent,
3358 3256 3598 3312 inferen-

2018 3347 2101 3394 tes
2145 3339 2199 3394 in
2241 3341 2530 3412 speluncas
2579 3352 2637 3398 et
2677 3343 2730 3398 in
2770 3344 3044 3400 scissuras
3093 3357 3404 3416 petrarum,
3439 3358 3494 3404 et
3539 3350 3596 3405 in

2015 3432 2286 3488 foramina
2329 3443 2512 3500 terrae,
2545 3450 2576 3490 a
2621 3437 2758 3493 facie
2799 3439 3010 3496 timoris
3045 3440 3291 3506 Domini,
3326 3452 3382 3497 et
3421 3457 3451 3497 a
3484 3443 3600 3513 glo-

2016 3523 2097 3577 ria
2130 3525 2353 3581 virtutis
2385 3525 2547 3595 ejus:
2583 3545 2709 3583 cum
2743 3531 3052 3586 surrexerit
3087 3533 3155 3587 ad
3187 3535 3597 3603 percutiendum

2018 3620 2240 3668 terram.
2283 3634 2304 3668 ι
2355 3615 2496 3684 Quin
2542 3620 2704 3673 etiam
2758 3621 2942 3690 impii,
2991 3621 3314 3678 adveniente
3379 3624 3596 3680 Domini

2017 3706 2126 3771 die,
2161 3710 2445 3779 opiniones
2478 3727 2630 3778 suas,
2663 3729 2801 3783 quas
2830 3715 2973 3770 circa
3014 3716 3339 3786 pluralitatis
3369 3719 3598 3774 deorum

2017 3816 2262 3856 errorem
2300 3814 2483 3858 mente
2511 3805 2660 3874 prius
2702 3807 2999 3871 tenebant,
3045 3807 3099 3862 in
3149 3806 3393 3863 discissis
3423 3817 3478 3864 et
3515 3808 3598 3864 di-

2018 3894 2194 3964 ruptis
2240 3895 2517 3950 mentibus
2562 3897 2674 3951 suis
2725 3897 3115 3966 occultabant,
3166 3909 3334 3970 atque
3377 3915 3595 3955 omnem

2018 3986 2328 4040 mendacem
2365 3987 2433 4042 de
2476 3987 2635 4044 idolis
2665 3990 2974 4060 opinionem
3017 3990 3384 4047 eliminabunt
3415 4002 3471 4048 et
3499 3994 3594 4048 ab-

2011 4076 2210 4144 jicient
2246 4093 2314 4133 ex
2345 4079 2679 4149 cogitatione
2707 4097 2827 4136 sua.

2074 4250 2236 4308 Vsus.
2260 4252 2456 4308 20-22.
2481 4273 2500 4306 ι
2525 4253 2661 4310 Nam
2691 4256 2744 4310 in
2763 4257 2852 4313 die
2875 4257 2965 4313 illa
2992 4258 3174 4328 ejiciet
3199 4260 3364 4315 homo
3388 4260 3597 4316 abomi—

2018 4346 2266 4401 nationes
2317 4364 2444 4404 suas
2492 4360 2781 4420 argenteas
2821 4361 2876 4405 et
2914 4367 3130 4417 aureas,
3157 4367 3294 4422 quas
3345 4353 3494 4418 fecit,
3537 4363 3598 4406 ut

2017 4438 2276 4494 adoraret
2304 4455 2443 4495 vana
2476 4451 2532 4496 et
2573 4444 3016 4513 vespertiliones,
3054 4455 3112 4499 ut
3161 4440 3494 4517 ingrediatur
3542 4448 3594 4500 in

335 4519 596 4572 εἰσελθεῖν
628 4521 708 4582 είς
748 4519 847 4584 τὰς
882 4519 1133 4592 τρώγλας
1165 4520 1264 4591 τῆς
1316 4522 1542 4593 στερεᾶς
1576 4519 1782 4592 πέτρας
1819 4520 1912 4574 καὶ

2021 4530 2284 4586 foramina
2327 4533 2475 4588 durae
2515 4543 2681 4605 petra:
2711 4545 2766 4590 et
2801 4537 3072 4592 scissuras
3103 4547 3408 4606 petrarum,
3440 4554 3469 4591 a
3513 4537 3594 4592 fa-

333 4610 432 4674 τὰς
464 4611 699 4682 σχισμὰς
735 4612 846 4665 τῶν
874 4612 1090 4684 πετρῶν
1125 4613 1234 4667 ἀπὸ
1270 4612 1564 4686 προσώπου
1603 4611 1699 4666 τοῦ
1750 4611 1915 4683 φόϐου

335 4701 541 4770 Κυρίου
580 4704 672 4755 καὶ
701 4700 808 4756 ἀπὸ
856 4703 956 4774 τῆς
995 4703 1153 4774 δόξης
1196 4704 1297 4775 τῆς
1337 4705 1517 4775 ἰσχύος
1561 4704 1749 4767 αὑτοῦ,
1791 4705 1916 4757 ὅταν

333 4799 541 4869 ἀναστῇ
594 4797 828 4869 θραῦσαι
879 4799 977 4869 τὴν
1020 4799 1144 4870 γῆν.
1195 4819 1211 4850 I
1264 4799 1767 4870 Είδωλολατρούσης
1817 4798 1928 4869 τῆς.

252 4898 258 4904 ’
348 4892 722 4964 Ἰερουσαλὴμ,
773 4891 971 4962 μᾶλλον
1015 4892 1072 4944 δὲ
1119 4892 1337 4962 ἁπάσης
1377 4892 1778 4962 πεπυρωμένης
1818 4890 1918 4960 τῆς

355 4987 622 5049 Ἰουδαίας,
655 4989 934 5056 κατεχεῖτο
971 4985 1169 5056 τρόπον
1194 4984 1315 5036 τινὰ
1341 4983 1440 5052 τῆς
1475 4983 1731 5046 Ἰουδαίας
1753 4986 1783 5036 ό
1812 4984 1918 5036 Βα-

334 5079 612 5131 ϐυλωνίων
653 5077 918 5147 πόλεμος·
952 5077 1024 5141 οἳ,
1057 5078 1238 5129 πᾶσαν
1279 5074 1754 5148 καταδῃώσαντες,
1785 5075 1920 5128 άπε-

337 5172 559 5225 κτόνασι
609 5171 703 5241 μὲν
747 5172 873 5233 τοὺς
913 5169 1416 5239 κατειλημμένους·
1471 5168 1667 5236 γύναια
1716 5167 1784 5224 δὲ.
1826 5167 1920 5220 καὶ

339 5263 532 5325 παῖδας
577 5262 924 5333 ἀπεκόμισαν
961 5262 1040 5324 είς
1085 5260 1184 5331 τὴν
1219 5259 1428 5312 ἑαυτῶν
1469 5259 1591 5330 γῆν.
1635 5258 1780 5328 Πλὴν
1821 5257 1921 5327 τῆς

338 5355 527 5422 ἐφόδου
551 5353 1081 5425 προαπηγγελμένης
1110 5353 1205 5405 καὶ
1237 5351 1534 5422 μελλούσης
1566 5349 1808 5414 ἔσεσθαι,
1842 5367 1921 5404 το-

317 5447 528 5520 ,σοὺτον
560 5451 670 5510 τοῖς
701 5447 972 5509 Ἰουδαίοις
1005 5445 1198 5513 γέγονε
1227 5443 1412 5514 δεῖμα,
1445 5445 1539 5497 καὶ
1570 5442 1810 5510 ἀγωνίας
1841 5443 1922 5504 είς

316 5529 498 5606 ίτοὺτο
533 5538 913 5602 πεπτώκασιν,
949 5539 1024 5601 ὡς
1076 5539 1133 5589 ὲν
1179 5537 1465 5606 σπηλαίοις
1511 5537 1605 5590 καὶ
1648 5538 1768 5598 ταῖς
1814 5534 1923 5586 τῶν

313 5561 498 5663 ὶτθυτο
533 5561 913 5602 πεπτωκασιν,
949 5561 1024 5601 (υς
1076 5561 1133 5589 εν
1179 5561 1465 5606 σπηΑαιοις
1511 5561 1605 5590 και
1648 5561 1767 5598 ταις
1814 5561 1923 5586 των

340 5633 481 5702 όρῶν
523 5633 768 5702 ῥωγμαῖς
803 5629 1306 5701 κατακρύπτεσθαι,
1337 5629 1428 5682 καὶ
1463 5628 1661 5690 τόπους
1689 5625 1923 5690 ἀϐάτους

342 5725 804 5794 καταλαμϐάνειν,
829 5725 1043 5796 ἁπάσης
1068 5726 1245 5778 αὐτῶν
1269 5724 1456 5778 ἁτονού
1467 5740 1561 5794 σης
1583 5721 1762 5792 χειρὸς
1788 5721 1923 5791 πρὸς

341 5818 440 5884 τὴν
475 5814 581 5867 τῶν
623 5814 884 5866 ἐπιόντων
919 5812 1252 5866 ἀντίστασιν.

583 5908 853 5968 ιἈῑιιοι..
891 5907 1007 5966 Gn.
1047 5905 1273 5966 XXlV.

2018 4625 2102 4680 cie
2151 4624 2362 4680 timoris
2406 4625 2622 4681 Domini
2676 4637 2732 4682 et
2776 4643 2806 4682 a
2856 4629 3025 4699 gloria
3073 4629 3411 4685 fortitudinis
3454 4629 3594 4700 ejus,

2019 4732 2141 4772 cum
2173 4721 2474 4773 surrexerit
2509 4720 2577 4773 ad
2605 4724 2993 4775 conterendam
3025 4729 3254 4776 terram.
3291 4741 3310 4773 ι
3343 4723 3478 4776 Dum
3505 4720 3597 4777 Je-

2020 4810 2256 4864 rusalem
2291 4809 2431 4864 idola
2463 4811 2700 4876 coleret,
2734 4810 2841 4865 imo
2875 4812 3056 4880 potius
3094 4827 3217 4865 cum
3264 4821 3374 4866 tota
3407 4811 3595 4866 Iudaea

2023 4906 2433 4972 incenderetur,
2473 4906 2525 4958 in
2553 4904 2738 4960 Iudaea
2779 4906 3032 4961 diffusum
3075 4905 3479 4976 quodammodo
3511 4918 3598 4962 est

2020 4996 2440 5068 Babyloniorum
2473 4997 2670 5052 bellum
2698 5015 2711 5050 :
2743 4998 2860 5066 qui,
2891 4998 2978 5051 illa
3007 4998 3222 5067 penitus
3253 5007 3486 5062 vastata,
3511 5012 3598 5052 ca-

2021 5101 2144 5161 ptos
2183 5092 2328 5146 viros
2370 5092 2798 5155 interfecerunt;
2844 5091 3101 5146 mulieres
3133 5105 3262 5145 vero
3301 5101 3358 5145 et
3399 5105 3596 5160 pueros

2024 5183 2076 5237 in
2107 5193 2308 5237 terram
2345 5199 2498 5238 suam
2548 5181 2959 5237 transtulerunt.
3001 5182 3272 5237 Caeterum
3311 5195 3432 5236 cum
3472 5181 3598 5234 talis

2025 5275 2256 5346 irruptio
2304 5274 2668 5345 przenuntiata
2711 5271 2901 5328 fuisset
2933 5283 2990 5330 et
3027 5274 3206 5327 futura
3239 5281 3403 5336 esset,
3447 5280 3599 5326 tanto

2022 5364 2190 5420 Judaei
2224 5377 2370 5420 metu
2405 5366 2684 5436 perterriti
2725 5375 2869 5428 sunt,
2901 5376 2957 5419 ct
3000 5366 3053 5418 in
3088 5375 3267 5418 tantas
3321 5361 3600 5433 angustias

2026 5459 2254 5522 redacti,
2310 5470 2364 5512 ut
2408 5459 2460 5512 in
2499 5458 2771 5528 speluncis
2829 5467 2883 5510 et
2938 5457 2992 5510 in
3037 5456 3296 5510 montium
3341 5454 3597 5509 scissuris

2025 5567 2146 5607 sese
2181 5550 2540 5617 occultarent,
2582 5561 2636 5604 et
2667 5550 2811 5604 invia
2846 5550 2963 5603 loca
3002 5556 3276 5617 peterent,
3324 5563 3447 5601 cum
3487 5559 3598 5599 ma-

2027 5659 2128 5698 nus
2178 5660 2365 5698 eorum
2409 5644 2475 5698 ad
2525 5643 2899 5700 obsistendum
2943 5640 3323 5696 invadentibus
3373 5653 3599 5710 prorsus

2027 5732 2230 5790 debiles
2253 5744 2453 5790 essent.

3257 5895 3295 5955 Is
