4062 6396
545 461 648 516 ΗΠ

1153 595 1380 654 CAPUT
1416 597 1503 652 lll.

619 689 782 747 Vsus.
827 686 946 744 1-2.
981 705 1000 741 ι
1037 686 1175 742 Ecce
1219 685 1480 742 Dominus
1533 683 1775 740 Sabaoth
1831 681 2041 738 auferet
2083 695 2112 734 a

543 783 726 836 Judzea
755 789 810 836 et
844 795 873 835 a
909 778 1235 844 Jerusalem,
1279 779 1560 833 robustum
1592 787 1646 832 et
1686 777 1996 842 robustam,
2035 790 2116 829 ro-

542 875 646 928 bur
675 873 829 943 panis
855 880 912 928 et
945 871 1114 928 robur
1159 885 1335 942 aqua,
1380 869 1654 941 gigantem
1705 879 1759 924 et
1804 869 1997 924 fortem
2035 866 2116 920 vi-

543 979 689 1026 rum,
759 962 1076 1017 bellatorem
1145 971 1199 1017 et
1247 958 1508 1028 judicem,
1561 968 1617 1014 et
1661 958 2020 1029 prophetam,
2059 967 2116 1013 et

542 1053 798 1118 ariolum,
837 1062 889 1107 et
921 1069 1129 1110 senem.
1164 1072 1182 1105 ι
1220 1051 1276 1108 Id
1310 1068 1472 1122 porro
1503 1051 1779 1122 continget
1828 1050 1963 1116 illis,
2005 1064 2113 1104 non

540 1143 610 1198 ob
640 1144 1026 1210 idololatriam,
1053 1157 1152 1198 nec
1181 1143 1252 1198 ob
1285 1144 1391 1198 alia
1428 1143 1675 1214 quaedam
1709 1141 1984 1208 facinora;
2020 1141 2114 1195 sed

540 1237 610 1290 ob
639 1236 812 1290 solum
853 1237 1137 1292 consilium
1171 1251 1297 1291 vere
1338 1237 1586 1308 impium,
1625 1236 1893 1294 nefarium
1921 1245 1976 1290 et
2021 1235 2116 1289 im-

542 1328 773 1396 probum
829 1337 1020 1384 contra
1083 1329 1375 1385 Dominum
1445 1330 1660 1384 initum.
1729 1329 2115 1384 Animadverte

542 1418 708 1487 igitur
753 1434 860 1488 quo
901 1427 1060 1489 pacto
1113 1429 1236 1488 post
1291 1418 1411 1474 illas
1458 1434 1650 1474 omnes
1688 1421 1950 1476 adversus
1993 1419 2116 1475 illos

540 1512 836 1567 intentatas
877 1511 1074 1575 minas,
1108 1510 1192 1565 his
1235 1512 1414 1567 verbis
1443 1510 1641 1566 inferat
1673 1529 1687 1565 :

607 1620 629 1655 ι
652 1603 935 1658 Peccatum
965 1614 1143 1658 autem
1173 1618 1384 1667 eorum,
1418 1604 1570 1673 quasi
1604 1604 1985 1671 Sodomorum,
2010 1619 2112 1660 an-

534 1697 983 1753 nuntiaveruntet
999 1698 1430 1758 declaraveruut.
1446 1700 1536 1756 Va:
1548 1700 1742 1756 animos
1756 1715 1966 1768 eorum,
1983 1702 2112 1772 quia

529 1787 771 1844 inierunt
803 1791 1089 1845 consilium
1125 1791 1322 1845 malum
1341 1801 1528 1846 contra
1565 1793 1793 1862 seipsos,
1825 1793 2110 1850 dicentes:

1221 455 1486 513 EUSEBH
1523 451 1999 511 CESARIENSIS
2036 450 2184 508 OPP.
2230 449 2408 510 PARS
2449 453 2534 508 Ill.
2577 485 2645 494 -—
2683 451 3096 508 EXECETICA.

2142 577 2192 634 Α

3709 447 3815 503 ιοε

2770 588 3164 645 ΚΕΦΑΛΑΙΟΝ
3202 589 3273 640 Γθ.

2295 703 2312 735 ι
2358 684 2488 737 Ἰδοὺ
2519 683 2583 754 δὴ
2611 685 2641 736 ὀ
2675 682 2944 752 δεσπότης
2974 681 3176 753 Κύριος
3215 678 3444 734 Σαϐαὼθ
3483 679 3675 749 ἀφελεῖ
3699 678 3815 733 ἀπὸ

2218 772 2320 843 τῆς
2376 773 2634 836 Ἰουδαίας
2689 773 2784 826 καὶ
2828 773 2936 826 ἀπὸ
2991 771 3368 844 Ἰερουσαλὴμ,
3415 769 3667 840 ἰσχύοντα
3712 771 3813 824 καὶ

2222 848 2547 935 ἰσχύουσαν,
2587 866 2740 936 ἰσχὺν
2769 865 2936 936 ἄρτου
2973 865 3067 916 καὶ
3115 864 3268 934 ἰσχὺν
3299 862 3528 930 ὕδατος,
3572 863 3813 933 γίγαντα

2219 957 2314 1011 καὶ
2343 955 2592 1028 ἰσχύοντα
2613 956 2917 1029 ἄνθρωπον,
2943 955 3273 1027 πολεμιστὴν
3293 955 3388 1010 καὶ
3403 955 3684 1026 δικαστὴν,
3713 956 3813 1010 καὶ

2221 1052 2528 1122 προφήτην,
2554 1052 2646 1104 καὶ
2671 1050 2993 1122 στοχαστὴν,
3028 1050 3122 1104 καὶ
3156 1049 3547 1122 πρεσϐύτερον.
3589 1068 3608 1101 ι
3631 1048 3811 1102 Τοῦτο

2216 1143 2273 1196 δὲ
2307 1143 2640 1214 συμϐήσεται
2664 1143 2867 1208 αὐτοῖς,
2891 1141 3013 1195 οὔτε
3034 1142 3100 1195 δι’
3125 1141 3584 1212 εἰδωλολατρείαν,
3600 1140 3810 1194 οὖτεδι⁹

2218 1235 2411 1307 ἑτέρας
2454 1233 2680 1306 πράξεις
2721 1234 2901 1299 τινᾶς’
2949 1234 3037 1288 διὰ
3081 1234 3249 1306 μόνην
3293 1234 3351 1288 δὲ
3393 1233 3589 1306 βουλήν
3641 1233 3808 1288 ἄθεον

2217 1323 2453 1396 ἀληθῶς,
2489 1325 2583 1378 καὶ
2624 1324 2816 1395 ἀσεϐῆ,
2855 1325 2949 1378 καὶ
2986 1324 3250 1396 πονηρὰν,
3276 1323 3374 1396 τήν
3400 1322 3539 1376 κατὰ
3570 1323 3662 1378 τοῦ
3699 1327 3812 1378 Κυ-

2220 1419 2356 1487 ρίου.
2398 1418 2506 1472 Θέα
2544 1417 2676 1488 γοῦν
2714 1420 2864 1483 ὅπως
2901 1419 3040 1491 μετὰ
3087 1419 3267 1483 πάσας
3304 1417 3403 1482 τὰς
3454 1420 3577 1471 κατ’
3622 1417 3809 1473 αὐτῶν

2216 1509 2445 1574 ἀπειλὰς
2475 1511 2670 1580 ἐπάγει
2697 1511 2870 1580 λέγων
2889 1529 2903 1542 ·

2291 1621 2310 1654 ι
2345 1603 2455 1673 Τὴν
2477 1603 2535 1656 δὲ
2563 1603 2835 1676 ἁμαρτίαν
2864 1603 3044 1656 αὐτῶν
3073 1603 3149 1667 ὡς
3179 1603 3426 1674 Σοδόμων
3459 1602 3808 1676 ἀπήγγειλαν

2200 1681 2309 1747 ’καὶ
2354 1693 2696 1764 ἐνεφάνισαν.
2747 1694 2885 1748 Οὐαὶ
2919 1696 2984 1765 τῇ
3030 1693 3175 1765 ψυχῇ
3224 1694 3425 1760 αὐτῶν,
3483 1696 3564 1749 ὅτι
3613 1695 3809 1766 βεϐού-

2214 1787 2426 1842 λευνται
2473 1789 2668 1861 βουλὴν
2720 1789 2959 1861 πονηρὰν
2995 1789 3116 1844 καθ’
3163 1791 3374 1844 ἑαυτῶν
3421 1791 3690 1857 εἰπόντες,
3716 1793 3806 1846 ὅτι

530 1881 823 1950 Alligemus
877 1879 1106 1953 justum,
1147 1885 1272 1953 quia
1324 1881 1558 1941 difﬁcilis
1598 1885 1756 1940 nobis
1784 1895 1887 1941 est.
1929 1903 1948 1938 ι
1984 1884 2101 1940 Haec

2213 1879 2478 1950 Δήσωμεν
2505 1880 2600 1934 τὸν
2623 1880 2852 1944 δίκαιον,
2881 1882 3314 1955 ὅτιδύσχρηστος
3342 1886 3474 1955 ήμῖν
3499 1886 3634 1938 ἐστι.
3674 1903 3692 1936 ι
3724 1885 3808 1938 Τδ

530 1973 726 2043 quippe
747 1986 908 2027 causa
928 1974 1194 2028 minarum
1218 1975 1458 2030 omnium
1483 1983 1618 2030 erat.
1639 1973 1775 2031 Hinc
1797 1990 1960 2045 porro
1984 1975 2104 2032 sine

530 2064 902 2119 controversia
952 2065 1168 2135 probari
1224 2067 1434 2120 aestimo
1473 2066 1588 2122 haec
1635 2076 1759 2136 post
1807 2066 2105 2122 Salvatoris

528 2160 820 2212 adventum
858 2155 1018 2213 linem
1060 2161 1357 2230 accepisse.
1391 2158 1693 2215 Confertim
1737 2175 1866 2230 ergo
1909 2168 1965 2216 et
1995 2175 2105 2215 una

529 2251 826 2305 secundum
873 2251 1249 2320 prophetiam,
1292 2251 1473 2305 omnia
1524 2250 1593 2306 ab
1639 2249 1942 2305 "Jerusalem
1975 2260 2030 2306 et
2073 2265 2103 2305 a

525 2337 709 2398 Judaea
744 2341 1063 2399 defecerunt
1100 2352 1154 2399 et
1199 2344 1376 2398 ablata
1429 2354 1587 2412 sunt,
1625 2359 1734 2398 non
1775 2344 1910 2410 alio,
1942 2359 2102 2414 quam

524 2444 859 2491 structarum
893 2445 1082 2491 contra
1114 2435 1459 2490 Salvatorem
1499 2445 1748 2490 nostrum
1784 2436 2102 2490 insidiarum

524 2537 791 2599 tempore.
834 2528 911 2582 Ac
946 2529 1123 2598 primo
1154 2527 1316 2583 ablati
1379 2537 1509 2583 sunt
1562 2529 1816 2583 robustus
1847 2538 1902 2582 ct
1937 2527 2103 2582 robu-

523 2627 630 2685 sta,
670 2617 806 2685 sive,
842 2620 1139 2673 secundum
1193 2619 1464 2686 Aquilam,
1516 2637 1535 2669 c
1585 2618 1816 2673 fulcrum
1849 2625 1904 2672 et
1948 2618 2104 2673 fulci-

521 2719 764 2764 mentum
787 2751 801 2772 ,
843 2729 861 2762 ι
897 2710 1002 2774 vel,
1027 2711 1317 2763 secundum
1349 2709 1760 2780 Symmachum,
1785 2725 1804 2760 ι
1839 2718 2104 2763 sustenta-

522 2800 701 2856 culum
719 2813 771 2858 et
794 2803 1133 2856 sustentatio.
1148 2818 1168 2853 ι
1189 2801 1342 2868 Quod
1368 2801 1631 2872 intelligas
1652 2801 1949 2856 secundum
1979 2816 2104 2872 apo-

519 2896 770 2952 stolicum
807 2909 1136 2957 sermonem,
1163 2895 1252 2964 qui
1286 2893 1533 2950 homines
1559 2903 1745 2949 sancta
1787 2893 1897 2948 vita
1941 2908 2101 2948 exor-

522 2994 704 3050 natos,
721 2983 1004 3039 columnas
1029 2991 1083 3036 et
1111 2982 1262 3036 firma
1274 2991 1512 3036 mentum
1534 2980 1767 3035 vocavit.
1788 2977 1854 3033 Et
1878 2979 2098 3050 quidem

521 3077 687 3130 etiam
721 3075 862 3144 apud
889 3075 1133 3145 priscum
1167 3073 1312 3127 illum
1344 3073 1599 3143 populum
1658 3072 1881 3142 quidam
1917 3081 2096 3138 erant,

518 3161 610 3229 qui
648 3177 743 3231 pro
776 3161 938 3215 totius
965 3161 1140 3230 gentis
1163 3160 1532 3216 sustentaculo
1576 3161 1770 3217 haberi
1802 3169 2090 3233 pateram:

2210 1971 2319 2043 γὰρ
2341 1972 2512 2026 αἴτιον
2540 1973 2650 2027 τῶν
2672 1973 3082 2044 ἀπειλουμένων
3107 1976 3362 2030 ἁπάντων
3388 1976 3546 2031 τοῦτο
3569 1973 3657 2048 ἦν.
3685 1978 3805 2032 Καὶ

2206 2063 2270 2116 ὲκ
2317 2063 2522 2118 τούτων
2588 2066 2646 2119 δὲ
2688 2067 3108 2138 ἀναμφιλέκτως
3149 2064 3302 2139 οἶμαι
3346 2069 3694 2124 συνίστασθαι
3734 2069 3807 2121 τὸ

2209 2156 2346 2226 μετὰ
2379 2158 2476 2228 τὴν
2513 2159 2782 2230 σωτήριον
2813 2159 3121 2230 παρουσίαν
3151 2158 3324 2214 ταῦτα
3354 2160 3540 2222 τέλους
3568 2176 3805 2229 τετυχη-

2207 2247 2379 2302 κέναι.
2423 2249 2658 2321 Ἀθρὸως
2700 2246 2796 2304 οὖν
2834 2251 3046 2318 ἐξέλιπε
3081 2252 3176 2304 καὶ
3222 2250 3472 2324 ἀφῃρέθη
3516 2250 3657 2304 κατὰ
3692 2250 3802 2320 τὴν

2205 2341 2562 2411 προφητείαν,
2614 2342 2721 2396 ἀπό
2769 2359 2827 2396 τε
2874 2342 2976 2413 τῆς
3033 2341 3386 2414 Ἰερουσαλὴμ
3412 2342 3505 2395 καὶ
3547 2341 3655 2395 ἀπὸ
3691 2341 3803 2412 τῆς

2219 2431 2495 2495 Ἰουδαίας,
2540 2433 2676 2502 ὁμοῦ
2712 2433 2780 2486 τὰ
2820 2432 3019 2496 πάντα,
3059 2431 3158 2484 οὐκ
3203 2430 3391 2485 ἄλλοτε
3435 2432 3468 2503 ἢ
3508 2431 3652 2485 κατὰ
3691 2435 3802 2506 τὴν

2202 2521 2297 2576 τοῦ
2328 2523 2577 2595 Σωτῆρος
2602 2524 2757 2596 ἡμῶν
2787 2523 3101 2595 ἐπιϐουλήν.
3125 2525 3236 2578 Καὶ
3271 2523 3484 2595 πρῶτον
3513 2525 3805 2597 ἀφῃρέθη-

2206 2629 2304 2668 σαν
2357 2615 2610 2684 ἰσχύοντα
2653 2616 2746 2669 καὶ
2791 2616 3116 2686 ἰσχύουσαν·
3156 2615 3189 2686 ἢ
3225 2615 3366 2668 κατὰ
3397 2616 3488 2669 τὸν
3536 2616 3800 2684 Ἀκύλαν,

2209 2723 2228 2756 ι
2285 2705 2518 2777 ἔρεισμα
2551 2708 2643 2760 καὶ
2690 2709 2976 2779 ὲρεισμόνο
3019 2727 3038 2759 ι
3085 2708 3117 2779 ἢ
3162 2707 3302 2761 κατὰ
3338 2708 3430 2762 τὸν
3473 2707 3797 2780 Σύμμαχον,

2208 2815 2227 2849 ι
2261 2798 2537 2869 στήριγμα
2562 2799 2654 2852 καὶ
2685 2800 3005 2870 στηριγμόν.
3043 2820 3060 2852 ι
3093 2801 3269 2870 Ὅπερ
3295 2801 3508 2870 νοήσεις
3538 2801 3677 2854 κατὰ
3699 2803 3801 2855 τὸν

2201 2891 2555 2945 ἀποστολικδν
2585 2890 2758 2959 λόγον,
2792 2891 2851 2954 ὃς
2880 2892 3007 2954 τοὺς
3038 2891 3138 2962 βίῳ
3161 2889 3234 2961 τῷ
3259 2891 3400 2944 κατὰ
3422 2892 3554 2944 Θεὸν
3576 2893 3797 2964 ἐμπρέ-

2199 2997 2404 3046 ποντας
2437 2983 2660 3046 στύλους
2695 3000 2753 3035 τε
2797 2983 2890 3036 καὶ
2932 2983 3213 3054 ἑδραίωμα
3245 2982 3513 3054 ὠνόμασε.
3561 2984 3797 3050 Πάντως

2199 3073 2257 3127 δέ
2286 3091 2386 3126 που
2419 3074 2512 3128 καὶ
2552 3072 2703 3145 παρὰ
2724 3073 2802 3144 τῷ
2833 3073 3084 3145 προτέρῳ
3111 3071 3226 3142 λαῷ
3255 3067 3394 3143 ἦσάν
3426 3089 3569 3136 τινες
3596 3071 3796 3145 ὥσπερ

2202 3165 2550 3238 ὲδραιώματα
2582 3165 2675 3219 τοῦ
2710 3167 2911 3229 παντὸς
2943 3165 3122 3220 αὐτῶν
3155 3164 3374 3230 έθνους,
3415 3163 3510 3228 οὓς
3547 3165 3791 3238 ἀρθήσε-

517 3267 656 3321 quos
701 3253 764 3307 de
806 3252 982 3307 medio
1023 3268 1211 3307 eorum
1245 3252 1516 3310 tollendos
1546 3267 1669 3310 esse
1705 3255 2086 3310 comminatur.

2205 3258 2322 3313 σθαι
2353 3259 2446 3313 ἀπ’
2483 3259 2660 3312 αὐτῶν
2692 3259 2720 3310 δ
2748 3258 2906 3327 λόγος
2931 3257 3160 3311 ἀπειλεῖ.

595 3367 614 3401 ι
665 3349 846 3404 Robur
877 3349 1035 3418 panis
1064 3358 1116 3403 et
1166 3351 1336 3404 robur
1375 3365 1548 3420 aquae.
1601 3370 1621 3405 ι
1673 3347 1799 3407 Haec
1826 3366 1957 3406 vero
1994 3351 2099 3422 spiv

517 3442 700 3497 rituali
732 3458 881 3498 more
911 3442 1208 3510 accipiens,
1239 3443 1494 3498 advertas
1521 3443 1702 3508 velim,
1737 3459 1839 3498 non
1875 3459 2094 3513 panem,

518 3549 624 3588 non
667 3548 864 3603 aquam
902 3531 1252 3587 auferendam
1301 3549 1422 3588 esse
1469 3534 1596 3602 dici,
1655 3536 1750 3590 sed
1794 3535 1962 3591 robur
2007 3553 2097 3607 pa-

517 3624 600 3678 nis
649 3632 702 3677 ct
757 3623 923 3678 robur
982 3619 1168 3693 aqua};
1221 3623 1366 3692 quod
1426 3636 1492 3677 ex
1539 3622 1763 3678 alterius
1810 3626 2094 3695 praphcta:

510 3714 698 3770 verbis
754 3713 1058 3782 intelligas:
1125 3731 1144 3766 ι
1189 3712 1355 3777 Ecce,
1420 3713 1623 3783 inquit,
1679 3715 1794 3771 dies
1841 3718 2086 3785 veniunt,

513 3806 646 3860 dicit
681 3806 972 3871 Dominus,
1021 3816 1075 3860 et
1127 3807 1337 3860 mittam
1383 3805 1580 3861 famem
1633 3821 1798 3878 super
1856 3819 2088 3876 terram;

518 3915 625 3952 non
673 3897 868 3952 famem
918 3898 1117 3968 panis,
1176 3913 1276 3952 nec
1318 3899 1463 3954 sitim
1511 3917 1698 3970 aqum;
1746 3903 1840 3957 sed
1891 3902 2090 3958 famem

514 3991 770 4044 audiendi
800 3990 1022 4045 verbum
1060 3990 1270 4044 Domini
1300 3991 1365 4045 ".
1402 4011 1420 4044 ι
1454 3992 1547 4047 Est
1580 3995 1741 4062 igitur
1780 3995 1974 4050 animo:
2004 4011 2094 4066 pa-

513 4081 620 4148 nis,
655 4095 832 4135 sermo
865 4082 1138 4152 quispiam
1182 4083 1366 4139 alendi
1415 4085 1465 4137 vi
1501 4085 1792 4154 praeditus;
1825 4087 2093 4140 similiter-

501 4185 617 4240 que
645 4180 806 4240 potus
847 4171 1220 4227 rationabilis:
1257 4189 1491 4243 quorum
1527 4175 1629 4229 etsi
1667 4173 1838 4230 Judaei
1876 4192 1933 4232 se
1973 4194 2093 4248 par-

514 4262 704 4332 ticipes
731 4277 852 4318 esse
889 4273 1107 4334 putent,
1155 4267 1284 4320 dum
1317 4265 1530 4321 divinas
1580 4265 1888 4336 Scripturas
1921 4279 2092 4325 trans-

512 4365 764 4419 currunt,
805 4365 861 4410 et
902 4356 1046 4411 circa
1090 4357 1434 4426 disciplinam
1461 4360 1976 4432 'promissionesque
2004 4378 2090 4417 ea-

515 4462 632 4500 rum
676 4446 916 4501 studiose
959 4458 1288 4502 versantur:
1333 4460 1389 4504 at
1426 4452 1593 4505 robur
1631 4452 1927 4508 nutrientis
1967 4468 2087 4509 ser-

2277 3369 2298 3402 ‹
2347 3351 2520 3422 ’ἰσχὺν
2563 3351 2728 3422 ἄρτου
2777 3350 2872 3404 καὶ
2920 3351 3072 3421 ἰσχὺν
3115 3349 3325 3414 ὓδατος.
3387 3368 3406 3401 ι
3455 3349 3678 3421 Νοητῶς
3728 3351 3788 3404 δὲ

2199 3443 2674 3514 ὲκλαμϐανόμενος
2698 3443 2892 3508 ταῦτα,
2918 3445 3040 3516 δρα,
3068 3444 3149 3496 ὅτι
3168 3443 3268 3497 οὐκ
3289 3443 3470 3515 ἄρτον,
3486 3441 3786 3516 οὗτε,ὕδωρ

2197 3526 2348 3589 εἶπεν
2384 3535 2636 3605 ἀφελεῖν,
2682 3536 2796 3589 ἀλλ’
2837 3537 2989 3606 ἰσχὺν
3029 3535 3195 3608 ἄρτου
3234 3536 3328 3588 καὶ
3365 3535 3514 3605 ἰσχὺν
3554 3533 3782 3600 ὓδατος·

2195 3629 2331 3701 ὅπερ
2356 3629 2570 3700 νοήσεις
2594 3631 2686 3698 ἀφ’
2717 3629 2905 3700 ἑτέρου
2937 3629 3214 3700 προφήτου
3245 3631 3515 3700 φήσαντος
3535 3643 3547 3656 ·
3583 3645 3602 3678 ι
3651 3627 3787 3681 Ἰδοὺ

2194 3723 2398 3793 ἡμέραι
2433 3721 2700 3792 ἔρχονται,
2729 3721 2877 3790 λέγει
2909 3722 3111 3793 Κύριος
3132 3762 3147 3785 ,
3181 3722 3274 3773 καὶ
3303 3719 3585 3774 ἀποστελῶ
3623 3718 3787 3790 λιμὸν

2195 3815 2287 3868 ὲπί
2322 3814 2421 3884 τὴν
2462 3812 2597 3884 γῆν·
2644 3813 2705 3865 οὑ
2748 3811 2904 3882 λιμὸν
2940 3814 3122 3883 ἄρτου,
3184 3812 3298 3866 οὐδὲ
3354 3811 3512 3881 δίψαν
3551 3811 3783 3876 ὓδατος,

2199 3905 2335 3959 ἀλλὰ
2362 3904 2520 3975 λιμὸν
2551 3901 2643 3955 τοῦ
2679 3902 2910 3956 ἀκοῦσαι
2947 3901 3102 3970 λόγον
3131 3901 3358 3972 Κυρίου.
3400 3921 3417 3952 ι
3463 3903 3646 3955 Ἔστιν
3683 3898 3785 3956 οὖν

2193 3991 2374 4067 ψυχῆς
2403 3995 2564 4067 ἄρτος
2596 3994 2885 4067 θρεπτικὸς
2930 4011 3013 4056 τις
3040 3992 3195 4060 λόγος
3222 4031 3234 4054 ,
3281 3993 3375 4046 καὶ
3407 3993 3569 4047 ποτὸν
3600 3993 3783 4046 ὡσαύ-

2191 4106 2300 4152 τως
2340 4086 2588 4155 λογικόν’
2639 4080 2714 4140 ὧν
2761 4088 2808 4138 εἰ
2863 4085 2958 4138 καὶ
3006 4083 3282 4154 νομίζουσι
3337 4083 3781 4154 μεταλαμϐάνειν

2207 4177 2475 4231 Ἰουδαίων
2509 4175 2713 4240 παῖδες,
2749 4177 2806 4228 ὲν
2838 4173 2915 4244 τῷ
2942 4173 3043 4238 τὰς
3087 4173 3238 4237 θείας
3276 4174 3586 4246 διέρχεσθαι
3635 4175 3676 4227 Γ
3679 4191 3782 4247 ρα-

2194 4267 2320 4338 φὰς,
2350 4269 2445 4321 καὶ
2474 4268 2605 4340 περί
2634 4265 2736 4330 τὰς
2761 4264 3096 4337 ὲκμαθήσεις
3119 4265 3211 4318 καί
3237 4265 3565 4334 ἐπαγγελίας
3593 4265 3780 4320 αὐτῶν

2193 4358 2534 4430 φιλοκαλεῖνο
2563 4357 2700 4413 ἀλλὰ
2731 4358 2830 4430 τὴν
2866 4357 2942 4430 (6)
2981 4357 3132 4427 ἰσχὺν
3171 4357 3278 4410 τῶν
3325 4357 3633 4430 θρεπτικῶν
3689 4359 3780 4413 λό-

2191 4469 2324 4522 γων,
2359 4451 2454 4504 καὶ
2483 4451 2546 4504 τὸ
2587 4450 2876 4523 θρεπτικὸν
2907 4451 3007 4521 τῆς
3038 4450 3302 4514 ζωοποιοῢ
3333 4453 3440 4522 γῆς
3467 4452 3567 4506 οὐκ
3593 4450 3660 4504 ἄν
3692 4451 3781 4506 εὖ-

514 4540 727 4605 monis,
764 4541 1100 4610 vivificreque
1135 4551 1295 4597 terra:
1339 4544 1695 4614 alimentum,
1750 4563 1908 4602 nemo
1946 4551 2085 4620 apud

2205 4563 2306 4615 οοις
2341 4546 2469 4616 παρ’
2511 4545 2712 4608 αὐτοῖς.
2760 4545 2960 4615 Ἀρτου
2988 4543 3165 4596 τοίνυν
3199 4543 3359 4596 πάλιν
3383 4543 3484 4597 οὐκ
3511 4542 3778 4614 αἰσθητοῦ

512 4646 656 4701 ipsos
709 4633 961 4702 reperiat.
1009 4632 1208 4689 Panem
1271 4649 1400 4706 ergo
1453 4639 1706 4692 sensilem
1769 4643 2082 4713 neutiquam

2205 4608 2556 4712 μνημονεύειο
2600 4638 2715 4692 ἀλλ’
2749 4608 2870 4691 οὐδὲ
2921 4637 3126 4691 ὑδάτων
3171 4636 3281 4691 τῶν
3323 4639 3379 4690 ὲν
3435 4608 3775 4706 καταχρήσει

513 4737 806 4794 memorat;
847 4743 942 4782 nec
987 4742 1156 4797 aquas
1201 4729 1389 4783 itidem
1432 4747 1552 4799 qua:
1588 4733 1697 4787 triti
1739 4750 1800 4788 ac
1844 4751 2087 4790 commu-

2205 4731 2373 4804 ιοινῇο
2431 4731 2638 4784 ἐκείνου
2686 4731 2742 4784 δὲ
2800 4729 2996 4801 μᾶλλον
3048 4731 3173 4802 περὶ
3221 4722 3282 4782 οὗ
3335 4747 3497 4801 φησιν
3543 4732 3571 4783 ὁ
3608 4729 3774 4784 Δαυτδ

513 4819 594 4872 nis
621 4821 731 4873 sint
765 4837 923 4889 usus;
958 4825 1052 4877 sed
1089 4823 1236 4878 illum
1274 4825 1455 4891 potius
1487 4842 1716 4895 panem,
1755 4829 1821 4882 de
1861 4845 1968 4898 quo
2006 4831 2084 4885 ait

2205 4844 2215 4876 ι
2249 4827 2410 4897 ἄρτον
2431 4821 2660 4896 ούρανοῦ
2694 4822 2889 4876 ἔδωκεν
2922 4823 3124 4886 αὐτοῖς,
3164 4822 3324 4895 ἄρτον
3354 4822 3601 4890 ἀγγέλων
3629 4822 3771 4892 ἔφα-

497 4907 677 4964 ὐιινίιί
713 4928 727 4964 :
765 4931 782 4963 ι
817 4912 1016 4968 Panem
1053 4915 1175 4968 caeli
1211 4915 1357 4969 dedit
1391 4916 1493 4979 eis,
1539 4935 1731 4987 panem
1767 4923 2083 4991 angelorum

2205 4934 2282 4985 (εν
2328 4916 2629 4986 ἄνθρωπος.
2691 4936 2709 4968 ι
2767 4915 3002 4967 Ὑδάτων
3043 4931 3101 4968 τε
3147 4914 3544 4985 διαμεμνῆσθαί
3583 4931 3772 4986 φαμεν

509 5006 852 5061 manducavit
879 5008 1040 5062 homo
1065 5008 1162 5061 “.t
1197 5008 1377 5077 Aquas
1407 5009 1533 5062 item
1568 5011 1742 5078 ipsum
1774 5013 2095 5067 meminisse

2205 5011 2348 5065 ιὺτὺν
2379 5009 2604 5080 νοητῶν,
2641 5009 2767 5079 περὶ
2795 5002 2870 5060 ὧν
2909 5007 3070 5069 αὑτός
3102 5006 3202 5058 πού
3235 5023 3397 5076 φησιν
3425 5008 3453 5058 ὁ
3481 5007 3771 5078 προφήτης

507 5096 737 5152 dicimus
787 5098 1131 5166 spirituales,
1189 5103 1256 5156 de
1320 5101 1516 5170 quibus
1576 5103 1743 5155 Isaias
1805 5106 2068 5173 propheta

2205 5105 2428 5166 Ἡσαΐας
2449 5121 2462 5134 ο
2499 5122 2517 5151 ι
2539 5103 2648 5155 Καὶ
2665 5102 2828 5171 ἀντλή
2838 5116 3016 5152 σουσιν
3035 5099 3176 5170 ὓδωρ
3209 5100 3322 5170 μετ’
3350 5098 3686 5170 εὐφροσύνης
3702 5102 3771 5153 ἐκ

505 5187 633 5242 alibi
667 5188 712 5222 “
745 5189 870 5244 talia
907 5191 1078 5245 fatur:
1118 5211 1137 5244 ι
1175 5194 1248 5248 Et
1279 5195 1531 5249 haurient
1565 5211 1760 5263 aquam
1802 5212 1921 5250 cum
1949 5213 2081 5266 gau-

2205 5195 2298 5248 τῶν
2334 5195 2522 5265 πηγῶν
2556 5193 2648 5246 τοῦ
2680 5191 2952 5263 Σωτηρίου
2978 5208 2989 5220 ·
3026 5209 3044 5241 ι
3068 5191 3159 5242 καὶ
3191 5190 3294 5260 μὴν
3325 5191 3416 5242 καὶ
3432 5191 3769 5254 αὑτὸςὸΣω-

504 5283 586 5336 tlio
632 5281 700 5338 de
731 5281 977 5339 fontibus
1007 5283 1311 5343 Salutaris:
1357 5307 1374 5340 ι
1411 5288 1538 5357 quin
1569 5299 1623 5342 et
1650 5288 1762 5358 ipse
1792 5287 2077 5343 Salvator:

2205 5289 2319 5359 ςὴρο
2372 5306 2389 5338 ‹
2429 5288 2543 5349 Πᾶς
2585 5287 2612 5338 δ
2642 5286 2811 5338 πίνων
2841 5287 2904 5336 ὲκ
2935 5281 3029 5334 τοῦ
3060 5281 3248 5344 ὕδατος
3276 5281 3464 5334 τούτου
3485 5321 3498 5344 ν
3545 5280 3766 5353 διψήσει

503 5391 517 5422 ι
574 5371 764 5427 Omnis
793 5374 880 5443 qui
915 5359 1050 5430 bibit
1076 5391 1142 5430 ex
1183 5377 1283 5431 hac
1324 5391 1483 5445 aqua,
1533 5377 1679 5432 sitiet
1716 5377 1948 5444 iterum;
1989 5379 2080 5448 qui

2205 5379 2342 5432 ’.πάλιν
2359 5397 2371 5408 ·
2398 5379 2456 5442 ὃς
2481 5378 2525 5430 δ’
2553 5377 2617 5430 ἂν
2650 5379 2748 5448 πίῃ
2779 5379 2841 5430 ὲκ
2866 5376 2958 5429 τοῦ
2987 5375 3176 5438 ὓδατος
3198 5369 3258 5428 οὗ
3281 5373 3390 5442 ἐγὼ
3409 5373 3564 5427 δώσω
3591 5374 3764 5446 αὐτῷ,

500 5479 635 5520 vero
670 5465 868 5520 biberit
921 5481 987 5521 ex
1040 5481 1216 5536 aqua,
1269 5483 1429 5538 quam
1469 5484 1568 5540 ego
1602 5470 1740 5525 dabo
1773 5471 1844 5537 ei,
1884 5469 1976 5526 ﬁet
2025 5474 2079 5527 in

2205 5474 2467 5543 ἐνήσεται
2496 5473 2554 5524 ὲν
2586 5469 2732 5539 αύτῷ
2762 5468 2911 5540 πηγὴ
2952 5468 3142 5530 ὓδατος
3183 5466 3475 5537 ἁλλομένου
3505 5468 3583 5530 εἰς
3614 5465 3767 5540 ζωὴν

497 5569 559 5610 eo
596 5555 728 5613 fons
766 5571 918 5628 aquae
950 5557 1202 5614 salientis
1233 5559 1286 5614 in
1323 5559 1495 5614 vitam
1523 5570 1782 5617 aeternam
1811 5561 1877 5616 ".
1909 5581 1928 5615 ι
1968 5561 2078 5616 Hu-

2205 5561 2419 5620 ιίὠνιον.
2475 5583 2494 5616 ι
2537 5562 2701 5624 Σύνες
2732 5562 2787 5615 δὲ
2828 5561 3072 5633 ἀκριϐῶς
3113 5561 3212 5626 τὰς
3260 5559 3384 5629 περὶ
3417 5558 3620 5613 τούτων
3663 5558 3764 5614 τοῦ

576 5734 620 5766 ⁸³
650 5735 816 5791 Amos
863 5749 985 5800 γιιι,
1028 5734 1108 5791 ll.
1185 5735 1230 5768 “
1265 5735 1406 5792 Psal.
1430 5752 1642 5803 LXXVII,
1669 5738 1762 5793 24.
1841 5740 1884 5771 ⁸⁸
1905 5739 2045 5811 Cap.
2070 5739 2246 5809 xtt,5.
2323 5741 2368 5777 ¹⁶
2392 5738 2550 5795 Joan.
2573 5714 2648 5806 tv,
2681 5739 2762 5805 l3,
2790 5739 2875 5797 Η.

571 5919 708 5988 (943)
748 5922 898 5984 llunc
927 5925 1055 5983 item
1089 5923 1265 5984 locum
1293 5925 1568 5997 expressit.
1595 5923 1975 5996 Hieronymus,
2004 5926 2157 5988 initio
2185 5926 2403 5985 secundi
2442 5925 2591 5983 libri.
