4062 6400
346 375 368 430 1
381 377 449 431 LQ

1304 375 1811 433 COMMENTARIA
1851 373 1918 432 IN
1959 379 2215 434 lSAIAM.
2259 411 2324 422 --
2362 381 2513 437 CAP.
2552 380 2640 438 Ill.

3513 395 3616 447 110

343 494 626 567 προφήτου
657 495 867 565 φωνάς·
911 497 972 552 οὐ
1007 499 1116 571 γάρ
1155 500 1376 572 εἴρηκεν
1408 500 1595 564 ἁπλῶς
1629 500 1914 574 ἀφαιρεθή·

2032 503 2123 573 jus
2153 517 2316 573 porro
2345 505 2622 574 prophetae
2655 518 2718 560 ea
2763 505 2831 561 de
2863 520 2922 560 re
2953 520 3115 562 voces
3153 517 3406 563 accurate
3457 508 3619 565 intel-

346 588 534 642 σεσθαι
555 589 663 644 τῶν
708 591 977 645 Ἰουδαίων
995 592 1157 664 ἄρτον
1183 611 1244 646 τε
1263 595 1356 648 καὶ
1381 594 1545 666 ὕδωρ,
1575 595 1690 649 ἀλλ’
1721 615 1738 646 ι
1778 599 1929 668 ίσχύν

340 681 507 755 ἄρτου
529 683 622 735 καὶ
651 683 803 754 ἰσχὺν
824 683 1045 748 ὓδατος·
1089 704 1109 737 ι
1132 685 1226 739 καὶ
1241 686 1322 739 δεῖ
1347 687 1493 758 ἡμᾶς
1518 687 1723 750 οἴεσθαι
1752 687 1928 741 τοιοῦ-

336 769 429 827 τόν
453 791 507 828 τι
530 773 798 828 διδάσκειν
827 775 1111 845 βούλεσθαι
1139 777 1322 830 αὐτόν.
1361 778 1552 848 Ἡμεῖς
1576 777 1684 849 γὰρ
1706 780 1819 843 τοῖς
1848 781 1924 832 is-

340 864 455 934 ροῖς
485 865 972 936 περιτυγχάνοντες
1012 868 1211 937 λόγοις,
1265 870 1360 922 καὶ
1397 869 1494 934 τὰς
1540 871 1690 936 θείας
1738 873 1927 942 ἀναγι-

338 953 636 1020 νώσκοντες
696 957 937 1029 Γραφάς,
1007 955 1127 1014 εἶτα
1186 961 1460 1026 συνιέντες
1512 964 1701 1030 αὐτὰς,
1771 965 1924 1035 ἰσχὺν

337 1048 502 1120 ἄρτου
541 1050 733 1120 νοητοῦ
779 1050 1078 1122 δεχόμεθα·
1122 1072 1142 1106 ι
1185 1055 1260 1107 Οὐ
1288 1055 1396 1127 γὰρ
1437 1057 1520 1109 ἐπ’
1555 1057 1702 1128 ἄρτῳ
1756 1059 1921 1129 μόνῳ,

335 1141 490 1210 φησι,
545 1139 769 1213 ζήσεται
822 1143 1142 1214 ἄνθρωπος’
1202 1145 1316 1199 ἀλλ’
1366 1149 1458 1200 ἐπὶ
1503 1149 1667 1201 παντὶ
1717 1149 1922 1219 ῥήματι

334 1231 751 1303 ἐκπορευομένῳ
809 1233 906 1287 διὰ·
953 1235 1220 1306 πόματος
1271 1236 1430 1292 Θεοῦ.
1500 1258 1519 1290 ι
1581 1239 1815 1310 Ὁμοίως
1863 1240 1920 1293 δὲ

334 1326 548 1396 νοήσεις
580 1325 674 1379 καὶ
720 1328 804 1395 ἐφ’
855 1325 1063 1380 ὑδάτων
1114 1328 1341 1400 νοητῶν.
1404 1331 1647 1383 Ἰουδαῖοί
1703 1349 1766 1401 γε
1815 1332 1920 1404 μὴν

332 1415 517 1486 ἔχουσι
555 1417 652 1488 μὲν
677 1422 767 1472 τὸν
791 1417 953 1491 ἄρτον
993 1420 1088 1473 καὶ⁵
1114 1420 1175 1474 τὸ
1211 1420 1357 1493 ὕδωρ
1381 1421 1457 1475 ἔτι
1478 1439 1491 1452 ·
1531 1423 1922 1496 πολυπραγμο-

332 1507 484 1562 νοῦσι
501 1509 610 1582 γὰρ
638 1509 705 1562 τά
727 1510 1006 1574 Μωῦσέως
1024 1512 1349 1584 γράμματα,
1379 1515 1472 1567 καὶ
1490 1513 1918 1582 ἀναγινώσκουσι

330 1599 422 1653 τὸν
461 1601 620 1670 νόμον
640 1618 653 1631 ·
691 1602 878 1673 ἐπειδὴ
913 1603 969 1656 δὲ
1002 1603 1366 1673 γινώσκουσιν
1395 1606 1569 1671 οὐδὲν,
1606 1609 1705 1660 οὐκ
1737 1607 1918 1677 έχουσι

331 1693 430 1764 τὴν
458 1694 608 1762 ίσγὺν
640 1693 733 1748 τοῦ
765 1696 952 1768 ἄρτου,
993 1696 1117 1752 οὔτε
1153 1699 1257 1771 μὴν
1277 1699 1376 1770 τὴν
1405 1701 1557 1770 ἰσχὺν
1586 1701 1678 1753 τοῦ
1702 1701 1912 1766 ὓδατος.

330 1781 501 1837 Ψιλὸν
543 1787 646 1853 γὰρ
698 1785 883 1849 αὐτοῖς
931 1787 1023 1840 κα¹ι
1068 1789 1228 1858 μόνον
1277 1788 1337 1841 τὸ
1393 1791 1626 1862 γράμμα
1667 1791 1911 1856 δέδοται,

2037 593 2215 664 ligas:
2269 608 2374 647 non
2414 597 2560 648 enim
2607 595 2931 665 simpliciter
2971 597 3145 664 dixit,
3181 598 3534 654 auferendum
3583 617 3612 653 a

2035 685 2236 742 Judaeis
2271 701 2394 742 esse
2425 701 2620 757 panem
2666 698 2722 742 et
2759 704 2999 758 aquam;
3041 690 3136 746 sed
3173 709 3194 743 ι
3244 693 3413 748 robur
3457 693 3613 762 panis

2034 789 2086 832 et
2118 780 2285 833 robur
2312 793 2504 847 aquae:
2541 799 2560 833 ι
2596 795 2802 851 parque
2834 791 2921 837 est
2959 792 3019 837 ut
3046 799 3146 840 nos
3177 799 3298 840 eum
3335 787 3610 855 quidpiam

2033 871 2208 926 simile
2245 871 2476 926 edocere
2535 872 2883 928 arbitremur.
2934 874 3044 932 Nos
3085 879 3286 948 quippe
3334 880 3389 934 in
3439 881 3612 935 sacris

2032 962 2378 1018 sermonibus
2418 973 2726 1030 versantes,
2776 979 2842 1018 ac
2883 964 3093 1022 divinas
3133 966 3446 1039 Scripturas
3487 986 3613 1040 per-

2032 1066 2175 1120 saepe
2218 1053 2475 1123 legentes,
2528 1069 2594 1109 ae
2643 1055 2862 1110 demum
2902 1058 3045 1124 ipsas
3090 1058 3487 1128 intelligentes,
3519 1063 3608 1116 hic

2030 1145 2332 1214 spiritualis
2373 1145 2530 1215 panis
2574 1146 2682 1200 vim
2718 1145 3111 1218 intelligimus:
3154 1166 3174 1200 ι
3214 1149 3329 1205 Νοιι
3373 1153 3516 1207 enim
3551 1154 3605 1208 iu

2029 1251 2172 1306 pane
2225 1236 2376 1302 solo,
2440 1238 2551 1302 ait,
2598 1237 2738 1292 vivet
2783 1237 2984 1302 homo;
3049 1240 3145 1293 sed
3203 1240 3255 1294 in
3293 1243 3440 1296 omni
3479 1259 3607 1297 ver-

2029 1327 2100 1382 bo
2147 1327 2289 1396 quod
2335 1328 2612 1397 egreditur
2654 1342 2750 1398 per
2792 1343 2855 1382 os
2885 1328 2980 1383 Dei
3009 1328 3073 1382 ¹⁷.
3119 1347 3140 1380 ι
3183 1329 3366 1398 Aquas
3401 1333 3610 1400 pariter

2026 1420 2342 1489 spirituales
2387 1421 2662 1492 intelligas
2699 1431 2940 1490 oportet.
2967 1420 3141 1477 Judaei
3170 1437 3302 1478 sane
3333 1439 3526 1493 panem
3550 1435 3607 1481 et

2026 1525 2224 1580 aquam
2267 1510 2472 1566 habent
2501 1512 2812 1579 hactenus;
2848 1527 2973 1566 nam
3002 1495 3204 1584 Moysis
3254 1516 3460 1584 scripta
3508 1532 3607 1572 cu-

2027 1605 2235 1658 riosius
2277 1604 2568 1670 evolvunt,
2608 1604 2887 1675 legemque
2919 1607 3222 1678 Sperlegunt
3250 1625 3266 1674 ;
3299 1610 3426 1678 quia
3476 1625 3606 1664 vero

2026 1692 2162 1746 nihil
2196 1692 2542 1764 intelligunt,
2590 1695 2758 1748 robur
2807 1697 2963 1764 panis
3011 1713 3117 1750 non
3159 1698 3383 1763 habent,
3429 1715 3607 1769 neque

2026 1784 2192 1839 robur
2226 1799 2382 1854 aquae
2409 1786 2676 1842 obtinent.
2732 1784 2860 1840 Sola
2909 1788 3110 1858 quippe
3152 1796 3207 1844 et
3247 1791 3392 1844 nuda
3425 1791 3608 1846 littera

329 1873 500 1946 ἄρτου
533 1878 633 1947 μὲν
663 1878 758 1930 καὶ
787 1876 979 1941 ὕδατος
1011 1878 1280 1950 ὑπόληψιν
1330 1879 1470 1950 ἔχον,
1503 1881 1701 1952 τρέφον
1732 1881 1788 1934 δὲ
1821 1883 1914 1935 αὐ-

2023 1890 2282 1932 concessa
2322 1876 2431 1932 illis
2468 1885 2586 1944 est,
2635 1893 2755 1948 quae
2807 1879 3022 1947 quidem
3074 1879 3313 1950 aliquam
3359 1883 3516 1952 panis
3551 1892 3608 1936 et

330 1971 460 2034 τοὺς
489 1973 608 2025 κατ’
635 1971 823 2024 οὐδένα
851 1973 1052 2044 τρόπον
1083 1975 1162 2035 εἰς
1195 1971 1407 2038 εὐεξίαν
1437 1972 1535 2044 τὴν
1556 1966 1774 2043 νοητήν.
1809 1973 1917 2025 Καὶ

332 2064 674 2135 μαρτυρήσει
712 2065 943 2134 γράφων
973 2066 1000 2118 ό
1031 2063 1243 2128 Παῦλος
1266 2081 1279 2096 ο
1326 2084 1344 2116 ι
1397 2067 1560 2136 Ἀχρι
1596 2065 1705 2136 γὰρ
1749 2067 1919 2137 σήμε-

332 2170 446 2224 ρον,
493 2155 657 2224 ἡνίκα
696 2153 1132 2222 ἀναγινώσκεται
1175 2156 1446 2227 Μωῡσῆς,
1504 2155 1770 2226 κάλυμμα
1825 2155 1916 2207 ἐπὶ

327 2246 428 2317 τὴν
462 2247 684 2317 καρδίαν
715 2245 894 2300 αὐτῶν
939 2251 1147 2311 κεῖται,
1195 2267 1213 2300 ι
1268 2247 1342 2318 μὴ
1382 2248 1913 2318 ἀνακαλυπτόμενον,

331 2334 415 2385 ὄτι
442 2334 750 2407 ὲν.Χριστῷ
788 2338 1163 2408 καταργεῖται.
1195 2338 1307 2390 Καὶ
1345 2337 1467 2391 καθ’
1489 2337 1675 2410 ἕτερον
1711 2337 1768 2390 δὲ
1795 2337 1918 2405 τρό-

333 2444 436 2480 πον
463 2427 777 2501 ἀφῃρῆσθαι
821 2446 1001 2500 φαμεν
1044 2432 1109 2483 ὲκ
1147 2430 1247 2500 τῆς
1287 2429 1555 2484 Ἰουδαίων
1595 2429 1916 2499 συναγωγῆς

331 2519 485 2588 ίσχύν
510 2519 676 2591 ἄρτου
706 2522 800 2574 καὶ
833 2523 986 2592 ἰσχὺν
1015 2522 1204 2584 ὓδατος
1226 2539 1240 2552 ·
1264 2523 1358 2575 καὶ
1386 2522 1544 2592 λόγος
1575 2523 1692 2576 ἐστὶ
1727 2539 1918 2593 μυστι-

325 2609 444 2673 κός.
487 2611 678 2681 Ἡμεῖς
715 2612 814 2682 μὲν
844 2612 953 2684 γὰρ
979 2615 1028 2666 οἱ
1048 2613 1134 2665 διὰ
1163 2613 1400 2678 πίστεως
1425 2613 1752 2686 κεκλημένοι
1780 2614 1916 2686 πρὸς

329 2704 624 2774 ἀγιασμδν,
650 2705 742 2759 τὸν
768 2704 930 2777 ἄρτον
959 2705 1158 2777 ἔχομεν
1188 2707 1279 2760 τὸν
1296 2706 1356 2772 ἐξ
1383 2706 1637 2778 οὐρανοῦ,
1671 2707 1914 2761 τουτέστι

329 2793 585 2864 Χριστὸν,
635 2795 753 2865 ἦτοι
793 2795 852 2848 τδ
889 2797 1048 2868 σῶμα
1098 2796 1282 2851 αὐτοῦ.
1326 2797 1390 2849 Εἰ
1428 2797 1484 2850 δὲ
1514 2797 1576 2868 δή
1612 2815 1694 2860 τις
1718 2797 1912 2868 ἔροιτο,

328 2883 459 2937 ποία
484 2884 568 2946 τίς
607 2886 752 2938 ἐστιν
788 2887 822 2956 ἡ
853 2887 1004 2957 ίσχύς
1039 2886 1224 2952 αὐτοῦ,
1274 2887 1452 2957 φαμὲν
1488 2887 1569 2939 ὅτι
1620 2885 1910 2950 ζωοποιόςο

325 2976 510 3030 δίδωσι
554 2978 662 3051 γὰρ
703 2979 780 3050 τῷ
822 2981 1012 3050 κόσμῳ
1065 2979 1232 3051 ζωήν.
1274 2980 1579 3052 Προσίεμεν
1621 2979 1676 3032 δὲ
1715 2980 1916 3050 ὁμοίως

326 3069 424 3122 καὶ
444 3072 510 3140 τῇ
541 3069 628 3123 διὰ
656 3070 749 3123 τοῦ
794 3071 948 3140 ἁγίου
980 3070 1357 3140 βαπτίσματος
1390 3070 1596 3141 χάριτι,
1631 3069 1726 3122 τοῦ
1757 3069 1915 3136 ἁγιά-

2025 1982 2180 2036 aquae
2205 1969 2472 2024 rationem
2504 1978 2562 2024 et
2592 1969 2904 2038 opinionem
2943 1971 3158 2037 habeat,
3203 1988 3380 2044 neque
3423 1981 3606 2028 tamen

2024 2060 2146 2115 illos
2181 2061 2455 2117 ullatenus
2485 2061 2598 2116 alat
2627 2063 2693 2117 ad
2723 2062 2922 2118 bonam
2952 2065 3179 2134 spiritus
3209 2066 3602 2121 valetudinem.

2021 2151 2196 2219 Quam
2239 2168 2353 2208 rem
2391 2152 2592 2209 Paulus
2645 2156 3006 2220 testiﬁcatur,
3054 2155 3142 2211 his
3165 2158 3387 2212 verbis:
3439 2175 3458 2208 ι
3496 2155 3604 2211 Sed

2021 2259 2193 2314 usque
2221 2245 2274 2300 in
2302 2243 2628 2300 hodiernum
2664 2247 2830 2311 diem,
2865 2263 2988 2302 cum
3017 2247 3214 2321 legitur
3239 2248 3471 2320 Moyses,
3508 2264 3604 2305 ve-

2021 2335 2200 2390 lamen
2239 2336 2475 2406 positum
2519 2345 2604 2391 est
2637 2351 2802 2404 super
2845 2353 2941 2393 cor
2988 2353 3174 2393 eorum
3207 2339 3275 2405 ‘8,
3310 2357 3328 2390 ι
3371 2353 3475 2392 ιιοιι
3513 2353 3602 2393 re-

2019 2427 2276 2494 velatum,
2308 2428 2435 2498 quia
2469 2429 2521 2484 in
2562 2429 2786 2484 Christo
2815 2430 3080 2486 aufertur.
3117 2430 3239 2484 Alio
3271 2431 3398 2485 item
3439 2431 3598 2485 mode

2020 2515 2251 2572 dicimus
2278 2517 2520 2573 ablatum
2555 2519 2725 2573 fuisse
2764 2535 2794 2572 a
2832 2517 3146 2574 Judazorum
3188 2535 3462 2591 synagoga
3512 2535 3600 2574 ro-

2018 2608 2123 2662 bur
2158 2609 2316 2678 panis
2345 2619 2400 2664 et
2452 2609 2620 2665 robur
2662 2625 2817 2680 aqua;
2848 2629 2862 2665 :
2905 2625 3088 2665 sermo
3119 2621 3299 2666 autem
3340 2612 3600 2680 mysticus

2017 2708 2120 2754 est.
2169 2698 2282 2755 Nos
2333 2701 2532 2772 quippe
2586 2701 2677 2772 qui
2729 2716 2828 2772 per
2878 2701 3036 2757 fidem
3084 2704 3259 2758 vocati
3313 2719 3502 2757 sumus
3529 2704 3598 2758 ad

2019 2791 2535 2859 sanctificationem,
2576 2805 2770 2860 panem
2820 2794 3083 2847 haoetnus
3124 2795 3190 2847 de
3239 2795 3402 2860 CtBlO,
3459 2792 3598 2849 scili-

1986 2944 1987 2952 ,
2018 2897 2105 2939 cet
2133 2883 2432 2948 Christum,
2477 2885 2593 2939 sive
2622 2900 2825 2954 corpus
2855 2886 2994 2956 ejus.
3031 2886 3184 2952 Quod
3213 2887 3256 2940 si
3293 2886 3419 2956 quis
3451 2901 3598 2956 quae-

2019 2983 2125 3040 rat,
2166 2976 2442 3045 quodnam
2490 2977 2562 3031 sit
2612 2977 2780 3032 robur
2818 2976 2966 3046 ejus,
3025 2979 3273 3044 dicimus,
3321 2977 3596 3033 vivificum

2017 3080 2180 3120 esse:
2217 3081 2342 3120 nam
2376 3066 2470 3121 dat
2504 3067 2675 3122 vitam
2720 3070 2943 3124 mundo.
2981 3069 3306 3124 Accedimus
3347 3069 3596 3124 similiter

325 3162 511 3227 ζοντος
539 3164 684 3234 ἡμᾶς
716 3163 906 3227 ὓδατος
930 3165 1030 3236 τὴν
1062 3165 1216 3232 ἰσχὺν
1246 3159 1385 3215 εἶναι
1423 3162 1692 3230 λέγοντες,
1735 3161 1910 3234 ἀμαρ-

2024 3158 2089 3211 ad
2122 3159 2353 3229 gratiam
2397 3159 2544 3214 sacri
2584 3160 2878 3230 baptismi:
2923 3175 2988 3214 ac
3031 3162 3261 3216 dicimus
3301 3176 3456 3230 aqua:
3498 3175 3594 3216 nos

323 3255 457 3309 τιῶν
495 3256 788 3319 ἀπόθεσιν,
831 3255 1190 3326 ἀναγέννησιν
1237 3253 1614 3324 πνευματικὴν
1651 3253 1731 3315 εἰς
1777 3269 1912 3321 συμ-

325 3347 564 3419 μορφίαν
611 3346 708 3419 τὴν
741 3349 820 3411 είς
862 3347 1024 3400 αὐτὸν
1065 3347 1156 3399 τὸν
1195 3345 1465 3418 Χριστόν·
1509 3344 1602 3397 καὶ
1642 3341 1778 3414 πρὸς
1819 3343 1912 3396 ἐπὶ

321 3438 556 3505 τούτοις,
599 3440 912 3513 παρρησίαν
939 3439 1146 3493 εἰσόδου
1175 3439 1271 3510 τῆς
1299 3439 1379 3500 είς
1401 3435 1497 3507 τὴν
1529 3434 1636 3488 τῶν
1669 3435 1911 3506 οὐρανῶν

325 3531 624 3602 βασιλείαν.
697 3533 822 3586 Ἐὰν
892 3533 1001 3604 γάρ
1072 3549 1178 3595 τις,
1231 3531 1385 3601 φησι,
1426 3546 1446 3580 ι
1486 3528 1560 3601 μὴ
1588 3529 1818 3599 γεννηθῇ
1853 3528 1910 3596 ἐξ

323 3619 516 3684 ὕδατος
563 3623 656 3675 καὶ
718 3620 1044 3692 πνεύματος,
1095 3621 1154 3674 οὐ
1216 3620 1437 3674 δύναται
1498 3617 1759 3671 εἰσελθεῖν
1827 3619 1910 3681 είς

322 3712 424 3784 τὴν
479 3711 754 3783 βασιλείαν
812 3713 920 3767 τῶν
968 3713 1234 3786 οὐρανῶν.
1279 3732 1298 3764 ι
1345 3711 1698 3782 Ἐστέρηνται
1745 3709 1801 3763 δὲ
1859 3711 1908 3763 οἱ

335 3804 579 3858 Ἰουδαῖοι
625 3805 735 3859 τῶν
764 3805 1018 3859 τοιούτων
1061 3804 1309 3872 ἀγαθῶνο
1349 3805 1408 3857 οὐ
1457 3803 1567 3875 γάρ
1616 3807 1730 3856 ἐστι
1777 3801 1907 3872 παρ’

322 3876 507 3961 αὐτοῖς
545 3899 699 3968 ἰσχὺς
734 3899 919 3969 ἄρτου,
959 3898 1231 3950 τουτέστιν
1264 3898 1297 3964 ἡ
1328 3897 1385 3948 ὲν
1409 3895 1632 3966 Χριστῴ
1677 3891 1906 3958 ζωοποί-

320 4009 466 4063 ησις,
495 3990 600 4044 οὐδ’
632 3990 813 4062 ἔχουσι
835 3990 932 4062 τὴν
962 3988 1054 4041 τοῦ
1081 3987 1269 4049 ὓδατος
1301 3985 1447 4055 ἰσχύν
1474 4003 1486 4015 ·
1516 3987 1906 4055 ἁπομεμένηκε

321 4083 431 4154 γὰρ
454 4084 511 4137 ὲν
540 4082 720 4145 αὐτοῖς
754 4080 1121 4142 ἀναπόνιπτος
1145 4081 1179 4149 ἡ
1217 4076 1494 4148 ἁμαρτίαο
1535 4076 1635 4129 οὐκ
1671 4073 1908 4127 εἰσελαύ-

322 4192 504 4231 νουσιν
533 4176 612 4238 είς
639 4175 738 4245 τὴν
768 4173 874 4226 τῶν
907 4170 1154 4242 οὐρανῶν
1196 4168 1492 4240 βασιλείαν,
1526 4167 1618 4222 τὸν
1662 4165 1907 4237 εἰσκομί-

321 4266 484 4334 ζοντα
523 4267 756 4340 Χριστὸν
798 4263 1177 4336 ἀτιμάζοντες.
1222 4262 1296 4316 Οὐ
1342 4261 1450 4332 γὰρ
1496 4261 1782 4314 ἐπίστευον
1821 4257 1907 4312 λέ-

321 4376 524 4431 γοντιοι
545 4358 685 4429 Ἐγώ
718 4361 832 4431 εἰμι
861 4359 895 4429 ἠ
926 4357 1062 4420 ὁδὸς,
1085 4377 1104 4408 ›
1129 4357 1244 4418 καὶ,
1266 4374 1284 4407 ι
1309 4353 1449 4422 Ἐγώ
1477 4355 1595 4423 εἰμι
1627 4353 1659 4422 ἡ
1688 4350 1846 4422 θύρα.
1880 4369 1898 4402 ι

453 4455 561 4509 Καὶ
591 4451 1080 4522 πεντηκόνταρχον,
1111 4449 1203 4501 κοιλ⁵
1234 4445 1545 4516 θαυμαστὸν
1579 4441 1900 4514 σύμὸουλον,

321 4547 415 4602 καὶ
464 4545 626 4616 σοφὸν
661 4544 1022 4616 ἀρχιτέκτονα
1041 4582 1056 4606 ,
1084 4541 1180 4595 καὶ
1214 4537 1431 4593 συνετὸν
1462 4536 1761 4608 ἀκροατήν.
1793 4534 1902 4586 Καὶ
1933 4569 1979 4626 D

320 4637 601 4708 ἐπιστήσω
625 4634 945 4696 νεανίσκους
969 4631 1231 4703 ἄρχοντας
1258 4627 1457 4689 αὐτῶν,
1485 4626 1580 4678 καὶ
1601 4626 1900 4696 ἐμπαῖκται

319 4727 698 4800 κυριεύσουσιν
736 4724 934 4780 αὐτῶν.
984 4742 1002 4775 ι
1044 4723 1120 4794 (7)
1155 4721 1248 4784 Τίς
1287 4717 1382 4773 οὖν
1413 4717 1558 4791 ὀρῶν
1597 4716 1724 4780 τούς
1751 4713 1903 4786 παρὰ

332 4820 607 4885 Ἰουδαίοις
682 4815 1113 4890 ὀνομαζομένους
1179 4812 1544 4883 πατριάρχας,
1583 4809 1899 4874 νεανίσκους

320 4911 560 4982 ἀληθῶς,
588 4911 649 4964 οὐ
687 4910 787 4983 τὴν
813 4908 922 4962 τῶν
953 4909 1220 4978 σωμάτων
1247 4904 1484 4976 ἡλικίαν,
1511 4901 1646 4956 ἀλλὰ
1671 4900 1770 4965 τὰς
1801 4899 1903 4970 ψυ-

320 5005 422 5076 χὰς
453 5003 664 5067 ἀτελεῖς
697 5003 792 5056 καὶ
817 5001 1015 5065 ἐνδεεῖς
1053 4998 1286 5071 φρενῶν,
1320 4995 1444 5058 τοὺς
1475 5011 1534 5046 τε
1568 4992 1785 5054 λοιποὺς
1808 4991 1905 5043 αὐ-

321 5096 428 5150 τῶν
460 5095 831 5158 διδασκάλους,
871 5095 971 5147 οὐκ
1002 5092 1065 5145 ἂν
1105 5090 1246 5153 εἴποι
1274 5086 1588 5160 ὲμπαίκτας
1615 5079 1775 5148 εἶναι,
1811 5083 1913 5166 καὶ.

321 5185 414 5248 οὒς
441 5189 474 5256 η
514 5184 819 5257 προφητεία
853 5183 1072 5254 ὲδήλου;

396 5392 416 5426 ι
451 5372 558 5428 Καὶ
577 5375 934 5443 συμπεσεῖται
963 5374 990 5424 ό
1024 5369 1174 5432 λαὸς,
1212 5367 1498 5438 ἄνθρωπος
1533 5365 1668 5435 πρὸς
1690 5363 1903 5434 ἄνθρω-

321 5481 445 5531 πον,
471 5467 565 5520 καὶ
598 5465 882 5535 ἄνθρωπος
915 5463 1051 5535 πρὸς
1078 5462 1169 5514 τὸν
1199 5459 1424 5529 πλησίον
1458 5455 1620 5511 αὐτοῦ
1640 5473 1652 5485 ·
1683 5475 1700 5505 ι
1730 5455 1897 5526 μηδε-

2015 3249 2410 3306 sanctificantis
2479 3249 2647 3307 robur
2715 3267 2840 3307 esse
2899 3263 3246 3322 peccatorum
3301 3253 3594 3320 depositio-

2013 3357 2161 3407 nem,
2199 3343 2668 3411 regenerationem
2705 3343 3046 3412 spiritualem
3097 3346 3164 3397 ad
3214 3342 3576 3398 conformatio

2012 3446 2138 3487 nem
2178 3432 2233 3486 in
2268 3432 2445 3502 ipsum
2485 3432 2763 3488 Christum
2797 3449 2812 3498 ;
2855 3433 2923 3488 ad
2973 3434 3089 3488 haec
3136 3447 3286 3498 vero,
3339 3433 3592 3488 fiduciam

2012 3525 2356 3596 ingrediendi
2407 3525 2460 3580 in
2489 3540 2715 3592 regnum
2760 3523 3026 3579 caelorum
3059 3540 3075 3590 ;
3114 3539 3238 3578 nam
3270 3525 3386 3579 ait:
3421 3543 3440 3577 ι
3478 3524 3592 3582 Nisi

2011 3617 2136 3686 quis
2175 3625 2394 3673 renatus
2440 3617 2609 3672 fuerit
2637 3632 2702 3671 ex
2755 3631 2892 3685 aqua
2938 3624 2996 3668 et
3044 3616 3272 3680 Spiritu,
3323 3631 3431 3670 non
3485 3631 3588 3685 po-

2011 3717 2118 3764 test
2158 3709 2363 3765 intrare
2398 3710 2451 3763 in
2493 3723 2720 3779 regnum
2750 3708 3012 3762 caelorum
3035 3707 3098 3760 ¹⁹.
3150 3725 3169 3758 ι
3205 3705 3373 3761 Judaei
3409 3717 3589 3763 autem

2011 3801 2097 3855 his
2156 3801 2314 3855 bonis
2369 3802 2689 3870 privantur:
2752 3813 2858 3852 non
2905 3799 3050 3852 enim
3114 3813 3278 3867 penes
3338 3799 3457 3854 illos
3507 3811 3588 3853 est

2011 3891 2180 3944 robur
2212 3904 2392 3958 panis.
2444 3891 2498 3944 id
2532 3897 2634 3952 est,
2683 3889 2982 3943 vivificatio
3028 3889 3080 3942 in
3115 3889 3374 3942 Christo:
3413 3903 3588 3961 neque

2009 3980 2137 4035 item
2192 3980 2356 4035 robur
2385 3995 2540 4050 aqua:
2571 3979 2862 4034 obtinent:
2921 3994 3045 4032 nam
3091 3993 3259 4047 penes
3303 3979 3422 4033 illos
3457 3994 3586 4049 pec-

2008 4079 2186 4126 catum
2219 4072 2338 4127 sine
2365 4072 2641 4126 ablatione
2691 4080 2978 4137 remanet;
3029 4087 3204 4139 neque
3245 4073 3311 4127 ad
3360 4089 3583 4144 regnum

2008 4161 2274 4217 caelorum
2318 4162 2564 4223 tendunt,
2609 4161 2701 4230 qui
2747 4161 3025 4216 Christum
3062 4175 3126 4214 eo
3177 4161 3459 4217 ducentem
3500 4165 3589 4219 de-

2009 4254 2200 4308 decore
2241 4251 2540 4307 affecerint.
2598 4252 2783 4322 Neque
2820 4253 2964 4306 enim
3001 4253 3348 4308 crediderunt
3399 4255 3586 4311 dicen-

2010 4349 2083 4413 ti,
2124 4365 2142 4398 ι
2183 4347 2294 4416 Ego
2323 4362 2443 4401 sunt
2473 4347 2558 4399 via
2589 4347 2658 4411 ὀ,
2700 4364 2718 4397 ι
2755 4354 2830 4411 et,
2867 4363 2886 4397 ι
2925 4346 3035 4416 Ego
3072 4363 3190 4400 sum
3221 4349 3418 4401 ostium
3449 4349 3515 4404 “.
3556 4364 3580 4402 ι

2079 4441 2243 4496 Vsus.
2281 4440 2399 4494 5-4.
2457 4459 2476 4492 ι
2513 4438 2580 4492 Et
2617 4440 2918 4509 principem
2962 4453 3127 4509 super
3167 4441 3582 4509 quinquaginta,

2007 4540 2062 4586 et
2099 4529 2472 4586 admirabilem
2517 4529 2926 4596 consiliarium,
2963 4539 3017 4583 et
3058 4528 3359 4598 sapientem
3410 4529 3586 4582 archi-

2008 4630 2207 4677 tectum
2246 4628 2302 4674 et
2355 4619 2674 4690 prudentem
2744 4619 3070 4673 auditorem.
3133 4616 3201 4672 Et
3258 4617 3582 4672 constituam

2001 4729 2202 4784 pueros
2230 4712 2504 4783 principes
2544 4727 2756 4776 eorum,
2800 4721 2855 4766 et
2903 4710 3177 4765 derisores
3224 4709 3584 4764 dominabun-

2003 4817 2093 4863 tur
2127 4807 2227 4864 eis.
2265 4826 2285 4860 ι
2320 4806 2453 4872 Quis
2499 4820 2629 4877 ergo
2682 4804 2984 4873 conspectis
3031 4802 3123 4867 iis,
3162 4801 3254 4872 qui
3307 4801 3449 4871 apud
3483 4799 3580 4856 «ιιι-
3668 4802 3676 4810 ’

2003 4903 2151 4958 deos
2176 4901 2506 4971 patriarchae
2543 4906 2843 4962 vocantur;
2877 4910 2984 4950 non
3023 4909 3150 4950 vere
3194 4908 3416 4966 pueros,
3471 4910 3578 4951 non

2005 5007 2265 5062 corporea
2290 5001 2522 5052 statura,
2552 4990 2646 5044 sed
2677 4989 2846 5042 animi
2882 4985 3308 5056 imperfectione,
3339 5004 3404 5042 ac
3431 5003 3582 5042 meu~

2005 5086 2074 5141 tis
2123 5084 2458 5155 indigentia,
2522 5090 2815 5148 nuncupet,
2873 5080 3211 5149 reliquosque
3247 5095 3434 5135 eorum
3478 5079 3581 5136 do-

2001 5187 2218 5236 ctores,
2267 5189 2374 5229 non
2427 5173 2702 5227 derisores
2757 5171 2932 5238 dicat,
2980 5182 3035 5226 et
3073 5171 3262 5240 quales
3311 5173 3401 5227 hic
3447 5187 3580 5242 pro-

2003 5272 2164 5339 pheta
2205 5266 2512 5338 signiﬁcat?

2081 5359 2241 5413 Vens.
2283 5359 2337 5412 5.
2379 5377 2398 5408 ι
2447 5357 2513 5411 Et
2558 5357 2731 5410 irruet
2779 5356 3027 5425 p0pulus,
3082 5358 3242 5412 homo
3288 5356 3353 5408 ad
3397 5356 3575 5411 homi-

2007 5466 2153 5519 nem,
2185 5461 2237 5506 et
2275 5455 2438 5506 homo
2469 5449 2534 5504 ad
2565 5450 2873 5519 proximum
2909 5466 3108 5506 suum:
3159 5469 3177 5501 ι
3213 5449 3354 5520 quod
3400 5448 3580 5504 nullus

398 5629 437 5658 ¹⁷
458 5627 648 5682 Matth.
675 5625 820 5690 tv,4.
900 5623 942 5654 ³⁸
966 5621 1002 5675 ll
1025 5622 1152 5677 Cor.
1185 5635 1264 5685 ιιι,
1301 5618 1390 5676 l5.
1471 5618 1512 5651 ¹⁹
1541 5615 1699 5673 Joan.
1729 5632 1808 5682 tu,
1838 5615 1890 5668 5.
1967 5612 2015 5646 ⁸⁸
2032 5611 2193 5669 Joan.
2226 5626 2338 5677 xw,
2376 5612 2428 5666 6.
2507 5613 2549 5644 ²¹
2581 5611 2800 5678 Joan.x,
2827 5613 2876 5666 7.

396 5771 471 5840 (Ἰ)
503 5770 602 5825 llic
631 5766 1015 5840 Hieronymus,
1045 5763 1517 5840 «‘Consideremuf
1549 5761 1890 5840 patriarchas

321 5833 664 5899 Iudaeorum;
693 5849 746 5894 et
773 5833 1019 5905 iuvenes,
1053 5836 1164 5891 sive
1188 5850 1407 5905 pueros,
1448 5833 1889 5902 cllemiuatosque

2002 5775 2065 5814 ac
2097 5758 2304 5814 deliciis
2337 5759 2644 5836 afﬂuentes}
2678 5771 2733 5817 et
2763 5761 3036 5830 itnpletant
3086 5760 3422 5833 pmphc'tiam
3454 5772 3576 5815 esse

1999 5845 2306 5888 cernemus.
2339 5851 2358 5885 ι
