4062 6400
319 1465 343 1500 δ

450 387 542 442 ιιι
1121 354 1387 424 EUSEBll
1425 350 1905 417 CESARIENSIS
1943 343 2097 406 OPP.
2139 338 2322 402 PARS
2361 340 2449 400 ιιι.
2491 373 2561 383 —
2599 326 3012 396 EXEGETICA.
3615 322 3718 378 Hs

449 509 586 562 ordo
654 511 829 564 esset,
879 509 1053 567 neque
1112 491 1334 546 verbum
1381 486 1471 541 Dei
1512 483 1565 537 in
1633 478 1742 535 illis
1789 487 2078 531 versare-1

2185 471 2268 532 ιᾶς
2300 467 2504 533 τάξεως
2531 462 2717 532 οὒσης,
2753 455 2886 528 μηδὲ
2911 452 3069 523 λόγου
3108 444 3244 501 Θεοῦ
3275 446 3333 499 ὲν
3360 442 3540 505 αὐτοῖς
3570 440 3718 494 πολι-

452 614 559 658 tur.

528 693 692 749 Vens.
740 686 862 741 6-8.
917 701 934 734 ι
983 679 1118 746 Quia
1175 669 1548 744 apprehendet
1602 667 1762 720 homo
1809 661 2034 716 fratrem

457 802 613 844 suum
642 821 660 849 ,
698 789 791 835 aut
830 773 1185 832 domesticum
1232 763 1405 836 patris
1453 760 1560 823 sui,
1604 758 1812 820 dicens,
1861 753 2038 809 Vesti-

463 887 706 933 meutum
754 870 944 934 habes,
976 864 1232 935 princeps
1257 866 1376 912 esto
1409 852 1587 915 nobis,
1619 861 1676 904 et
1709 848 1861 904 cibus
1887 860 2040 902 meus

461 973 561 1027 sub
603 978 653 1021 te
702 965 792 1018 sit.
839 960 904 1014 Et
950 953 1287 1024 respondens
1332 949 1386 1001 in
1441 945 1528 1000 die
1575 943 1665 998 illa
1715 941 1892 996 dicet:
1924 937 2038 991 Non

462 1079 558 1118 ero
586 1059 838 1130 princeps
873 1061 1030 1111 tuus;
1074 1060 1183 1100 non
1217 1041 1361 1098 enim
1393 1039 1448 1094 in
1483 1038 1645 1092 domo
1674 1047 1793 1089 mea
1833 1041 1917 1087 est
1943 1045 2040 1101 pa-

464 1116 795 1216 nis-neque
838 1141 1247 1196 vestimentum.
1279 1129 1400 1185 Non
1434 1141 1530 1183 ero
1559 1126 1814 1196 princeps
1857 1116 2042 1190 populi

466 1246 668 1315 hujus:
708 1214 838 1309 quia
869 1228 1199 1299 relinquitur
1239 1221 1563 1284 Jerusalem,
1606 1227 1662 1272 et
1699 1214 1884 1270 Judaea
1923 1225 2045 1265 cor-

469 1338 601 1393 ruit.
652 1353 670 1386 ι
722 1332 902 1399 Quare
952 1323 1005 1377 in
1059 1327 1266 1375 tantam
1311 1313 1510 1370 mentis
1550 1308 1831 1380 penuriam
1872 1312 1927 1359 et
1963 1303 2048 1358 in-

465 1426 771 1498 digentiam
804 1426 1070 1473 venturos
1117 1411 1238 1465 illos
1281 1421 1402 1463 esse
1432 1404 1601 1467 dicit,
1651 1409 1710 1456 ut
1755 1411 1928 1467 neque
1957 1409 2048 1449 ve-

469 1485 784 1576 stiumentum
848 1519 1024 1576 neque
1093 1515 1297 1574 panem
1357 1496 1617 1558 habeant,
1661 1491 1736 1546 ita
1789 1499 1846 1542 ut
1885 1485 2050 1540 vesti-

470 1619 715 1666 mentum
757 1596 1120 1671 spiritualiter
1157 1588 1332 1660 accipi
1369 1586 1562 1657 possit,
1596 1597 1694 1654 pro
1731 1580 1932 1635 decoro
1959 1590 2046 1631 or-

470 1712 716 1768 natoque
756 1704 1034 1756 sermone,
1064 1686 1158 1759 qui
1204 1683 1403 1738 animze
1443 1692 1632 1734 eorum
1663 1671 2050 1744 turpitudinem

475 1758 730 1858 obteg-at,
766 1781 922 1851 panis
957 1758 1138 1832 autem
1195 1769 1418 1842 intelligi
1456 1766 1628 1839 possit
1664 1765 1748 1828 is,
1797 1763 1890 1832 qui
1937 1758 2054 1814 anis

475 1899 623 1939 rnatu
656 1876 916 1932 enutriat.

557 1993 575 2025 ι
615 1973 677 2026 Et
718 1971 914 2037 lingua).
947 1976 1134 2018 eorum
1168 1971 1291 2014 cum
1323 1953 1606 2023 iniquitate
1628 1991 1643 2015 ,
1680 1945 1915 2002 Domino
1951 1957 2058 1996 non

479 2035 966 2132 obtemperantes:
1008 2052 1269 2123 quoniam
1314 2061 1460 2101 nunc
1504 2040 1790 2097 humiliata
1834 2046 1919 2092 est
1949 2035 2062 2106 glo-

483 2159 561 2212 ria
606 2168 817 2207 eorum.
859 2168 880 2200 ι
913 2150 1106 2203 Annon
1150 2143 1371 2210 linguas
1409 2151 1539 2192 snas
1567 2138 1903 2189 exacuerunt
1935 2143 2066 2180 con-

489 2258 572 2300 tra
620 2243 937 2302 Dominum,
979 2235 1196 2305 quando
1239 2234 1402 2286 hasce
1452 2225 1649 2294 impias
1699 2219 1932 2278 emisere
1972 2232 2066 2270 vo-

487 2355 601 2402 ces,
639 2355 655 2386 ι
701 2333 886 2396 Tolle,
933 2327 1058 2384 tolle
1115 2340 1279 2388 eum;
1354 2331 1410 2376 et
1464 2316 1685 2387 sanguis
1732 2313 1849 2384 ejus
1906 2321 2068 2379 super

489 2446 588 2485 nos
637 2438 693 2484 et
728 2441 890 2496 super
931 2422 1072 2476 lilios
1111 2427 1329 2473 nostros
1355 2412 1448 2466 ”?
1478 2430 1497 2463 ι
1534 2409 1687 2464 Tunc
1738 2417 1927 2460 revera
1971 2399 2071 2455 lin-

488 2539 593 2594 gua
629 2534 817 2575 eorum
869 2524 925 2570 et
965 2511 1146 2568 Studia
1182 2521 1400 2570 eorum,
1437 2501 1735 2558 secundum
1778 2491 2070 2564 Aquilam,

489 2626 677 2669 catitra
719 2610 1008 2665 Dominum
1059 2603 1241 2664 luere,
1294 2598 1364 2652 ad
1407 2586 1848 2651 exacerbandum
1892 2581 2069 2646 illum,

491 2706 790 2762 secundum
825 2696 1242 2770 Symmachum.
1290 2692 1304 2704 ‘

563 2801 729 2853 Vsus.
765 2765 922 2848 θοή.
952 2807 969 2839 ι
1001 2787 1066 2840 Et
1087 2785 1282 2854 linguae
1302 2791 1491 2834 eorum
1526 2773 1725 2842 iniquae
1759 2782 1774 2821 :
1814 2782 1937 2837 qua:
1973 2765 2078 2819 Do-

495 2893 627 2948 mini
695 2895 820 2941 sunt
877 2895 982 2935 non
1046 2875 1294 2932 credunt.
1353 2867 1540 2935 Itaque
1596 2877 1740 2917 nune
1793 2857 2077 2914 humiliata

495 2984 669 3055 gloria
699 2991 911 3039 eorum,
945 2981 1000 3026 et
1035 2963 1282 3024 confusio
1313 2958 1491 3015 vultus
1527 2967 1716 3010 eorum
1744 2949 1947 3004 restitit
1975 2945 2075 3000 eis.

500 3081 788 3133 Peccatum
819 3074 997 3122 autem
1033 3073 1194 3116 suum
1237 3051 1395 3125 quasi
1425 3049 1785 3104 Sodomorum
1818 3039 2082 3106 praedica-

502 3177 629 3224 runt
671 3173 726 3220 et
773 3158 1139 3234 publicarunt.
1185 3146 1280 3202 Va:
1329 3143 1522 3200 anima:
1549 3151 1760 3196 eorum,
1797 3134 1922 3203 quia
1947 3129 2080 3185 inie-

503 3269 631 3317 runt
665 3252 948 3312 consilium
973 3245 1172 3302 malum
1238 3249 1428 3295 contra
1459 3249 1540 3299 se,
1572 3232 1848 3286 dicentes:
1875 3223 2080 3289 Allige-

504 3369 625 3409 mus
649 3353 877 3422 justum,
916 3341 1042 3412 quia
1073 3333 1279 3393 inutilis
1308 3339 1392 3386 est
1414 3326 1589 3407 nobis.
1636 3322 1826 3390 Itaque
1878 3318 2086 3372 fructus

506 3459 733 3516 operum
785 3449 1009 3496 suorum
1077 3426 1386 3485 comedent.
1434 3420 1528 3476 Va:
1555 3416 1764 3485 iniquo,
1806 3409 1949 3466 mala
1989 3421 2086 3476 pro

508 3540 764 3611 operibus
827 3540 1084 3587 manuum
1123 3521 1241 3591 ejus
1292 3514 1552 3573 evenient
1589 3510 1662 3564 ei.
1688 3503 1889 3574 Popnle
1914 3514 2087 3564 meus,

512 3641 801 3686 exactores
828 3621 991 3676 vestri
1027 3619 1310 3672 demetunt
1339 3622 1460 3672 vos,
1501 3611 1557 3658 et
1595 3599 1879 3668 exigentes
1915 3591 2091 3648 domi—

513 3733 716 3778 nantur
747 3715 920 3769 vobis.
962 3705 1169 3777 Popnle
1196 3715 1372 3763 meus,
1417 3695 1509 3768 qui
1553 3693 1744 3750 beatos
1771 3701 1870 3741 vos
1893 3682 2092 3755 przedi-

512 3821 670 3873 cum,
705 3805 981 3874 decipiunt
1009 3811 1126 3860 vos,
1158 3802 1211 3849 et
1250 3790 1502 3846 semitam
1549 3782 1746 3855 pedum
1789 3785 2093 3833 vestrorum

518 3868 759 3957 turbant.
801 3868 990 3949 {Cum
1015 3886 1223 3944 Iudaici
1255 3881 1438 3954 populi
1464 3874 1762 3948 principes,
1785 3868 2096 3922 Judzcornm

515 3998 657 4050 bona
693 3989 794 4044 sibi
828 3983 1086 4052 colligere
1123 3975 1320 4029 vellent
1351 3986 1446 4041 per
1464 3964 1732 4038 primitias
1754 3969 1808 4016 et
1833 3961 2096 4017 decimas,

521 4085 769 4150 aliasque
807 4091 894 4130 res
930 4049 1055 4134 sibi,
1087 4076 1269 4138 utpote
1298 4058 1637 4132 principibus
1669 4064 1724 4109 et
1755 4049 2098 4109 doctoribus,

520 4176 751 4234 oblatas,
794 4183 897 4222 non
941 4163 1190 4221 sinebant
1235 4170 1330 4212 eos
1381 4153 1448 4207 ad
1502 4146 1702 4202 Christi
1738 4141 2100 4212 cognitionem

527 4266 806 4323 accedere.
831 4260 966 4314 Cum
1007 4269 1140 4324 ergo
1177 4263 1342 4318 supra
1396 4249 1696 4298 memorata
1737 4236 1886 4289 lucra
1923 4233 2104 4300 exige-

522 4368 688 4423 rent,
724 4356 843 4410 ideo
878 4355 1168 4421 peccantes
1195 4357 1300 4397 non
1330 4333 1742 4405 coarguebant,
1780 4327 1871 4382 sed
1923 4323 2104 4378 omnia

527 4453 593 4508 ad
623 4417 990 4504 adulationem
1041 4441 1096 4496 in
1149 4430 1437 4501 colloquiis
1485 4429 1871 4494 temperantes,
1917 4417 2107 4470 beatos

2138 559 2450 630 τευομένου.

2213 670 2231 702 ι
2268 624 2394 701 ιὈτι
2435 643 2757 715 ἐπιλήψεται
2800 638 3086 705 ἄνθρωπος
3117 630 3213 685 τοῦ
3255 627 3485 699 ἀδελφοῦ
3533 624 3721 691 αὐτοῦ,

2137 741 2172 813 ἢ
2205 740 2299 794 τοῦ
2347 737 2550 792 οἰκείου
2597 731 2694 788 τοῦ
2751 729 2958 802 πατρὸς
2999 723 3190 787 αὐτοῦ,
3241 720 3416 790 λέγων
3440 737 3453 750 ’
3492 720 3724 790 Ἰμάτιον

2140 810 2305 902 ἔχεις,
2345 825 2586 902 ἀρχηγὸς
2620 822 2777 894 γενοῦ
2815 821 2993 893 ἡμῶν,
3038 815 3132 870 καὶ
3167 815 3227 869 τὸ
3269 812 3466 886 βρῶμα
3493 812 3555 864 τὸ
3594 810 3727 881 ἐμὸν

2141 901 2248 978 ὑπὸ
2289 923 2348 976 σὲ
2387 901 2548 975 ἔστω.
2586 917 2700 971 Καὶ
2738 913 3059 986 ἀποκριθεὶς
3099 912 3157 963 ὲν
3205 912 3271 981 τῇ
3308 906 3492 978 ἡμέρᾳ
3543 901 3730 975 ἐκείνῃ

2145 1019 2290 1090 ἐρεῖ’
2325 1014 2439 1068 Ούκ
2469 1010 2662 1082 ἔσομαί
2711 1026 2804 1062 σου
2837 1005 3109 1079 ἀρχηγός·
3151 1003 3210 1056 οὐ
3241 1000 3350 1072 γὰρ
3395 1001 3453 1051 ὲν
3489 995 3567 1067 τῷ
3596 997 3731 1065 οἴκῳ

2148 1087 2250 1181 μού
2285 1109 2428 1161 ἐστιν
2476 1103 2669 1176 ἄρτος,
2698 1100 2815 1154 οὐδὲ
2849 1098 3082 1170 ἱμάτιον.
3115 1095 3230 1149 Οὐκ
3260 1093 3452 1162 ἔσομαι
3491 1087 3732 1160 ἀρχηγὸς

2143 1180 2239 1255 τοῦ
2296 1196 2425 1253 λαοῦ
2473 1195 2697 1258 τούτου,
2745 1194 2827 1247 ὅτι
2878 1192 3087 1245 ἀνεῖται
3148 1183 3530 1256 Ἰερουσαλὴμ,
3565 1180 3660 1233 καὶ
3694 1180 3730 1249 ἡ

2159 1291 2388 1347 Ἰουδαία
2421 1285 2813 1358 συμπέπτωκε.
2856 1301 2875 1334 ι
2917 1281 3008 1335 Διὸ
3046 1280 3141 1335 καὶ
3182 1279 3261 1342 είς
3295 1273 3560 1344 τοσαύτην
3591 1289 3737 1324 πτω-

2146 1385 2297 1458 χείαν
2339 1379 2550 1454 φρενῶν
2582 1380 2675 1432 καὶ
2710 1376 2915 1429 ἔνδειαν
2953 1373 3166 1429 ἐλάσειν
3212 1367 3408 1430 αὐτούς
3443 1381 3626 1436 φησιν,
3659 1363 3736 1425 ὡς

2154 1455 2287 1548 μηδὲ
2334 1471 2577 1542 ἱματίου,
2610 1467 2743 1540 μηδὲ
2796 1467 2962 1538 ἄρτου
3009 1464 3294 1534 εὐπορεῖν·
3347 1459 3560 1530 ἱματίου
3617 1455 3735 1526 μὲν,

2153 1562 2587 1636 ὲκλαμϐάνεσθαι
2626 1560 2924 1631 δυναμένου
2972 1555 3212 1627 νοητῶς,
3262 1549 3356 1605 τοῦ
3405 1550 3738 1617 εὐσχήμονος

2153 1660 2248 1712 καὶ
2273 1655 2497 1726 κοσμίου
2531 1653 2688 1721 λόγου
2719 1650 2812 1704 τοῦ
2842 1648 3208 1708 καλύπτοντος
3232 1642 3409 1696 αὐτῶν
3435 1639 3532 1708 τῆς
3562 1636 3741 1707 ψυχῆς

2155 1749 2253 1820 τὴν
2282 1743 2697 1818 ἀσχημοσύνην·
2732 1741 2898 1810 ἄρτου
2927 1739 2983 1791 δὲ
3011 1735 3105 1790 τοῦ
3136 1735 3233 1806 τῆς
3259 1731 3497 1792 διανοίας
3527 1728 3744 1798 θρεπτιδ

2090 1827 2132 1882 Β
2162 1839 2280 1893 κοῦ.

2239 1950 2256 1981 ι
2301 1929 2409 1983 Καὶ
2455 1928 2512 1981 αἱ
2542 1923 2784 1996 γλῶσσαι
2825 1920 3005 1974 αὐτῶν
3044 1917 3182 1989 μετὰ
3228 1914 3476 1986 ἀνομίας,
3509 1912 3578 1965 τὰ
3611 1909 3747 1981 πρὸς

2163 2024 2365 2095 Κύριον
2402 2018 2786 2091 ἀπειθοῦντεςο
2831 2015 2964 2069 διότι
3008 2013 3103 2066 νῦν
3157 2005 3496 2076 ἐταπεινώθη
3547 2005 3580 2075 ή
3621 2002 3747 2065 δόξα

2164 2115 2365 2171 αὐτῶν.
2408 2133 2425 2165 ι
2460 2111 2537 2184 (8)
2569 2112 2640 2164 Ἦ
2679 2109 2802 2179 οὐχὶ
2826 2107 2925 2170 τὰς
2953 2103 3164 2159 ἑαυτῶν
3194 2102 3468 2172 ⁴ὴκόνησαν
3500 2096 3750 2166 γλώσσας

2167 2213 2308 2268 κατά
2339 2210 2431 2264 τοῦ
2467 2207 2696 2280 Κυρίου,
2731 2203 2968 2275 ὁπηνίκα
2995 2202 3094 2264 τὰς
3132 2198 3348 2260 ἀσεϐεῖς
3373 2193 3606 2265 ἠφίεσαν
3642 2208 3753 2259 φω-

2169 2305 2266 2366 νὰς
2301 2277 2580 2369 λέγοντες·
2613 2315 2630 2347 ι
2663 2292 2814 2367 Αἶρε,
2851 2288 2972 2363 αἶρε
3003 2290 3182 2344 αὐτόν*
3213 2288 3275 2342 τὸ
3298 2280 3437 2357 αἷμα
3467 2283 3632 2336 αὐτοῦ
3669 2277 3753 2350 ἐφ’

2168 2396 2317 2467 ἡμᾶς
2351 2390 2448 2445 καὶ
2479 2389 2572 2442 ἐπὶ
2598 2387 2666 2442 τά
2701 2387 2866 2439 τέκνα
2906 2383 3100 2455 ήμῶν;
3142 2402 3159 2434 ι
3208 2380 3342 2433 Τότε
3371 2377 3478 2446 γὰρ
3506 2376 3580 2438 ὡς
3626 2373 3757 2441 ἁλη-

2173 2486 2280 2550 θῶς
2310 2485 2344 2554 ἡ
2379 2483 2600 2553 γλῶσσα
2648 2477 2830 2533 αὐτῶν
2873 2477 2968 2529 καὶ
3007 2473 3076 2528 τά
3107 2468 3515 2546 ἐπιτηδεύματα
3555 2464 3754 2525 αὐτῶν,

2173 2577 2314 2632 κατά
2349 2576 2440 2630 τὸν
2483 2572 2735 2634 Ἀκύλαν,
2766 2568 2909 2624 κατά
2937 2567 3032 2621 τοῦ
3076 2564 3282 2637 Κυρίου
3314 2562 3557 2631 γέγονεν,
3589 2560 3668 2620 είς
3699 2556 3759 2610 τὸ

2176 2667 2588 2740 παριπικρᾶναι
2613 2661 2794 2724 αὑτὸν,
2825 2658 2966 2714 κατὰ
2998 2656 3315 2728 Σύμμαχον.

2255 2777 2273 2809 ι
2315 2756 2431 2810 Καὶ
2464 2757 2517 2809 αί
2549 2753 2792 2824 γλῶσσαι
2825 2749 3005 2805 αὐτῶν
3047 2747 3185 2819 μετά
3228 2745 3476 2816 ἀνομίας,
3520 2741 3590 2796 τά
3626 2741 3761 2814 πρὸς

2178 2852 2380 2924 Κύριον
2427 2848 2799 2910 ἀπειθοῦντες.
2853 2843 2998 2898 Διότι
3030 2841 3127 2896 νῦν
3171 2838 3507 2908 ἐταπεινώθη
3553 2838 3590 2908 ἡ
3635 2835 3764 2901 δόξα

2180 2944 2379 3009 αὐτῶν,
2415 2943 2509 2995 καὶ
2537 2942 2570 3012 ἡ
2605 2938 2834 3010 αἰσχύνη
2870 2934 3050 2990 αὐτῶν
3080 2932 3175 2987 τοῦ
3209 2929 3501 3003 προσώπου
3531 2927 3764 2998 ἀντέστη

2182 3036 2384 3097 αὐτοῖς.
2421 3032 2531 3103 Τὴν
2573 3030 2630 3083 δὲ
2677 3027 2953 3100 ἁμαρτίαν
2984 3023 3163 3078 αὐτῶν
3195 3024 3270 3086 ὡς
3311 3019 3559 3090 Σοδόμων
3592 3017 3767 3087 ἀνήγο

2183 3126 2368 3196 γειλαν
2425 3124 2519 3178 κοιλ⁸
2564 3120 2906 3191 ἐνεφάνισαν.
2939 3116 3075 3171 Οὐαὶ
3109 3117 3177 3186 τῇ
3219 3114 3364 3185 ψυχῇ
3405 3110 3602 3174 αὐτῶν,
3631 3107 3769 3162 διότι

2189 3217 2562 3288 βεϐούλευνται
2581 3211 2772 3284 βουλὴν
2789 3209 3032 3282 πονηρὰν
3061 3205 3183 3260 καθ’
3212 3203 3442 3268 ἑαυτῶν,
3479 3201 3728 3264 εἰπόντες
3752 3218 3763 3230 ·

2186 3315 2447 3383 Δήσωμεν
2476 3309 2566 3362 τὸν
2594 3307 2825 3370 δίκαιον,
2847 3306 2930 3359 ὅτι
2951 3303 3287 3374 δύσχρηστος
3312 3301 3442 3371 ἡμῖν
3470 3300 3637 3350 ἐστιν.
3657 3293 3776 3349 Τοί-

2188 3421 2283 3460 νυν
2321 3405 2390 3458 τά
2410 3402 2723 3472 γεννήματα
2758 3398 2867 3454 τῶν
2899 3395 3076 3468 ἔργων
3104 3392 3284 3447 αὐτῶν
3318 3390 3602 3460 φάγονται.
3635 3386 3774 3440 Οὐαὶ

2188 3498 2267 3569 τῷ
2298 3496 2505 3566 ἀνόμῳ,
2550 3491 2762 3564 πονηρά
2792 3488 2933 3544 κατὰ
2965 3486 3032 3541 τὰ
3062 3486 3200 3557 ἔργα
3229 3483 3339 3536 τῶν
3381 3479 3579 3554 χειρῶν
3610 3476 3775 3532 αὐτοῦ

2193 3587 2532 3660 συμϐήσεται
2553 3583 2721 3654 αὐτῷ.
2752 3583 2894 3646 Λαός
2931 3598 3055 3652 μου,
3086 3580 3135 3632 οἱ
3164 3577 3472 3650 πράκτορες
3500 3572 3654 3644 ὑμῶν
3684 3588 3779 3624 κα-

2192 3680 2474 3753 λαμῶνται
2531 3679 2696 3749 ὑμᾶς,
2757 3676 2851 3729 καὶ
2909 3674 2958 3727 οί
3015 3669 3376 3732 ἀπαιτοῦντες
3431 3666 3781 3740 κυριεύουσιν

2195 3773 2372 3846 ὑμῶν.
2426 3770 2567 3834 Λαός
2615 3785 2737 3840 μου,
2797 3768 2844 3820 oi
2895 3763 3295 3837 μακαρίζοντες
3328 3758 3472 3832 ὑμᾶς
3502 3757 3780 3812 πλανῶσιν

2199 3867 2365 3938 ὑμᾶς,
2400 3865 2494 3918 καὶ
2526 3863 2623 3934 τὴν
2649 3860 2834 3934 τρίϐον
2866 3860 2974 3912 τῶν
3001 3857 3176 3910 ποδῶν
3208 3855 3363 3928 ὑμῶν
3409 3852 3782 3924 ἐκταράσσου-

2203 3978 2255 4014 σι
2277 3959 2372 4028 (9).
2409 3977 2427 4009 ι
2458 3956 2778 4027 Βουλόμενοι
2817 3953 2886 4006 τὰ
2919 3951 3071 4023 παρά
3118 3949 3214 4002 τοῦ
3249 3947 3379 4002 λαοῦ
3424 3947 3676 4014 συνάγειν
3731 3945 3784 3997 οἱ

2199 4053 2460 4124 ἄρχοντες
2487 4049 2581 4104 τοῦ
2632 4046 2901 4101 Ἰουδαίων
2926 4045 3108 4107 ἔθνους
3136 4042 3202 4095 δι’
3224 4040 3487 4112 ἀπαρχῶν
3510 4039 3605 4091 καὶ
3622 4037 3785 4090 δεκαυ

2203 4143 2333 4205 τῶν,
2354 4142 2448 4196 καὶ
2465 4140 2637 4196 ἄλλων
2655 4139 2764 4192 τῶν
2788 4137 2971 4199 αὐτοῖς
2993 4135 3066 4197 ὡς
3087 4132 3315 4205 ἄρχουσι
3337 4131 3430 4185 καὶ
3448 4126 3789 4189 διδασκάλοις

2206 4231 2686 4304 προσφερομένων,
2751 4228 2851 4280 οὐκ
2911 4225 3214 4296 ἐπέτρεπον
3267 4222 3365 4295 τὴν
3419 4223 3500 4286 είς
3551 4218 3788 4291 Χριστὸν

2207 4323 2407 4392 γνῶσιν
2449 4321 2647 4384 αὐτοὺς
2692 4318 3002 4373 ἀναλαϐεῖν.
3061 4315 3444 4378 Ἀπαιτοῦντες
3494 4313 3670 4367 τοίνυν
3721 4309 3793 4364 τὰ

2210 4412 2576 4487 προλεχθέντα
2619 4410 2809 4482 κέρδη,
2842 4406 3047 4461 τούτων
3092 4407 3255 4460 ἕνεκα
3284 4405 3406 4458 οὐδὲ
3450 4403 3575 4467 τοὺς
3611 4403 3793 4472 ἁμαρ·

526 4561 622 4602 eos
648 4537 1054 4614 praedicabant;
1088 4538 1147 4586 et
1170 4544 1201 4583 a
1226 4533 1374 4580 recta
1402 4520 1490 4574 via
1520 4517 1586 4572 ad
1615 4513 1860 4570 salutare
1879 4508 2078 4562 verbun

2207 4505 2469 4571 τάνοντας
2516 4505 2744 4577 ἤλεγχον
2763 4520 2776 4534 ·
2831 4503 3010 4556 πάντα
3062 4499 3117 4553 δὲ
3163 4493 3301 4571 πρὸς
3348 4495 3637 4552 κολακείαν
3667 4495 3794 4565 ὁμι-

2213 4600 2230 4614 ς
2280 4600 2303 4610 ~
2490 4599 2502 4614 ς
2648 4598 2659 4614 ι
2688 4613 2695 4614 ,
2737 4595 2819 4614 9—,”
2860 4594 2910 4614 --)
2929 4592 3052 4614 -4..-
3077 4605 3089 4614 .
3140 4593 3229 4614 --.Α
3270 4589 3668 4614 1._-_-1_-.._--
3696 4587 3794 4614 ,ΖΑ

528 4641 765 4692 ducente
814 4633 1149 4687 avertentes,
1198 4631 1420 4689 gressus
1470 4612 1667 4666 animae
1695 4623 1880 4662 eorum
1921 4601 2106 4656 devia-

527 4731 684 4785 bant.

603 4911 765 4964 Vsus.
795 4904 978 4959 l5~14.
1015 4919 1034 4952 ι
1069 4899 1175 4953 Sed
1198 4907 1344 4950 nunc
1371 4888 1730 4945 constituetur
1752 4879 2109 4948 injndicium,

536 5005 693 5060 sistet
725 5002 778 5052 in
816 4995 1075 5063 judicium
1127 4985 1382 5057 populum
1428 4993 1630 5036 suum:
1688 4977 1802 5044 ipse
1855 4973 2113 5025 Dominus

537 5100 592 5152 in
617 5093 882 5166 judicium
914 5088 1094 5141 veniet
1138 5095 1260 5136 cum
1316 5071 1628 5132 senioribus
1670 5065 1851 5139 populi
1900 5075 1955 5119 et
1992 5077 2113 5118 cum

535 5163 876 5261 principibus
931 5181 1068 5250 ejus.
1106 5195 1125 5228 ι
1162 5171 1466 5228 Admodum
1513 5171 1924 5224 consentanee,
1965 5163 2118 5224 post-

534 5247 695 5355 quam
721 5247 1296 5349 primumvSalvatoris
1331 5261 1626 5315 adventum
1683 5267 1748 5308 ac
1809 5247 2115 5320 principum

536 5342 718 5448 populi
747 5368 1087 5427 eversionem
1102 5357 1430 5411 vaticinatus
1457 5359 1543 5404 est
1562 5391 1576 5416 ,
1611 5343 1833 5401 secundi
1854 5342 2117 5396 adventus

537 5432 653 5541 ejus
673 5465 919 5522 uetitiam
943 5455 1109 5514 tradit
1125 5450 1211 5505 his
1235 5445 1447 5502 verbis:
1476 5461 1493 5494 ι
1521 5443 1638 5510 Ipse
1654 5436 1914 5494 Dominus
1937 5432 2119 5488 veniet

607 5591 654 5620 “
685 5586 844 5640 Joan.
877 5597 990 5644 xu,
1029 5574 1116 5629 l5.
1149 5569 1340 5624 Matth.
1383 5580 1554 5630 nvu,
1579 5563 1676 5625 ‘25.

615 5705 688 5774 (8)
725 5702 858 5774 ll_inc
883 5705 1096 5774 quoque
1139 5686 1502 5774 Iliorunlvzmu‘s
1529 5682 1779 5774 quaedam
1807 5678 2104 5774 ei'tcerpsit.

615 5705 667 5774 (8
725 5705 858 5754 llinc
883 5705 1096 5766 quoque
1143 5705 1502 5749 Hieronymus
1534 5705 1779 5750 quamam
1807 5705 2104 5748 excerpsit.

615 5705 690 5844 (9;
735 5772 858 5824 Ha‘c
907 5769 979 5820 ita
1025 5757 1282 5844 exprimit
1783 5769 1802 5802 ι
1845 5751 2111 5844 linquitur

545 5820 725 5903 auium
762 5853 937 5896 sermo
969 5820 1316 5899 prop'hrt'tt'Us
1349 5820 1544 5877 contra
1568 5821 1788 5892 scribas
1834 5833 1889 5876 et
1929 5820 2108 5875 l’hat'i-

2213 4600 2452 4662 λοῦντες,
2488 4595 2820 4668 ἐμακάριζον
2853 4592 3052 4656 αὐτούς
3076 4605 3090 4622 ⁸
3140 4593 3236 4652 καὶ
3265 4589 3668 4662 ἀποτρέποντες
3695 4587 3797 4656 τῆς

2215 4691 2431 4754 εὐθείας
2467 4688 2610 4752 ὀδοῦ,
2641 4687 2742 4758 τῆς
2771 4687 3011 4758 ἀγούσης
3055 4686 3150 4738 ἐπὶ
3191 4683 3283 4738 τὸν
3317 4683 3581 4754 σωτήριον
3618 4681 3796 4748 λόγον,

2214 4786 2528 4858 διέστρεφον
2552 4783 2732 4837 αὐτῶν
2765 4781 2833 4836 τὰ
2870 4781 2970 4852 τῆς
2997 4779 3176 4850 ψυχῆς
3211 4777 3452 4850 βήματα.

2296 4898 2315 4930 ι
2369 4875 2528 4930 Ἀλλά
2567 4875 2660 4930 νῦν
2689 4874 3092 4944 καταστήσεται
3121 4873 3202 4934 είς
3249 4868 3452 4940 κρίσιν,
3486 4865 3582 4919 καὶ
3613 4864 3800 4935 στήσει

2229 4971 2309 5034 είς
2353 4969 2532 5041 κρίσιν
2563 4968 2653 5022 τὸν
2685 4965 2811 5020 λαὸν
2843 4963 3040 5018 αὑτοῦ·
3076 4961 3240 5023 αὐτὸς
3268 4960 3472 5033 Κύριος
3499 4961 3578 5021 εἰς
3623 4957 3803 5028 κρίσιν

2219 5061 2341 5132 ἥξει
2376 5059 2514 5132 μετά
2544 5060 2654 5113 τῶν
2703 5054 3089 5130 πρεσϐυτέρων
3116 5053 3209 5107 τοῦ
3242 5049 3374 5105 λαοῦ
3405 5051 3497 5106 καὶ
3529 5048 3664 5120 μετά
3696 5046 3806 5098 τῶν

2223 5155 2497 5226 ἀρχόντων
2525 5151 2714 5205 αὑτοῦ.
2747 5169 2765 5201 ι
2792 5147 3004 5221 Σφόδρα
3030 5147 3089 5200 δὲ
3114 5141 3424 5206 ἀκολούθως
3452 5142 3551 5214 τὴν
3586 5137 3806 5209 πρώτην

2221 5246 2317 5301 τοῦ
2350 5245 2600 5315 Σωτῆρος
2627 5241 2931 5312 παρουσίαν
2977 5238 3262 5302 θεσπίσας,
3293 5235 3391 5290 καὶ
3432 5233 3528 5304 τὴν
3558 5231 3665 5284 τῶν
3710 5231 3809 5299 ἀρ⁴

2225 5339 2425 5410 χόντων
2457 5337 2550 5390 τοῦ
2583 5335 2712 5390 λαοῦ
2754 5331 3103 5406 διαστροφὴν,
3130 5330 3243 5401 ,τῆς
3287 5325 3541 5398 δευτέρας
3573 5321 3810 5392 ἀφίξεως

2211 5430 2393 5484 αὑτοῦ
2424 5428 2759 5500 παραδίδωσι
2783 5427 2883 5499 τὴν
2910 5424 3136 5495 γνῶσιν,
3163 5421 3358 5490 λέγων⁸
3387 5415 3590 5479 «Αὐτὸς
3606 5414 3811 5484 Κύριος

2222 5691 2378 5738 smus,
2435 5674 2524 5743 qui
2582 5672 2759 5742 turpis
2808 5668 2943 5724 lucri
2977 5665 3172 5743 gratia,
3221 5669 3284 5716 ut
3327 5658 3638 5743 acciperent
3673 5649 3813 5705 deci-

2224 5725 2411 5811 πολιοί»
2445 5725 2577 5811 etc.,
2613 5725 2704 5800 ubi
2731 5743 2862 5798 item
2893 5725 3010 5810 quae
3041 5725 3682 5803 subsequunturlegesis.
