4062 6400
337 401 438 456 113

1290 391 1804 450 COMMENTARIA
1846 390 1909 445 IN
1951 391 2204 447 ISAIAM.
2246 424 2312 433 —
2350 392 2501 448 CAP.
2547 393 2635 450 IV.

3513 399 3608 454 Ili

333 522 453 592 ἥξει
473 523 552 584 εἰς
580 517 784 592 κρίσιν.
813 536 828 569 ι
853 515 948 569 καὶ
978 515 1044 568 τὰ
1062 512 1204 584 ἑξῆς.
1239 533 1252 564 ι
1278 513 1466 583 Ὑμεῖς
1493 513 1548 566 δὲ
1571 511 1926 582 ὲνεπυρίσατε

2038 511 2087 565 iu
2140 509 2427 580 judicium,
2469 532 2486 564 ›
2515 522 2621 566 etc.
2657 533 2674 562 ι
2712 510 2818 566 Vos
2845 521 3025 568 autem
3050 515 3370 572 incendistis
3398 518 3608 575 vineam

333 615 424 668 τὸν
450 609 751 680 ἀμπελῶνὰ
799 625 923 678 μου,
986 606 1080 659 καὶ
1122 603 1345 674 ἁρπαγὴ
1370 603 1462 656 τοῦ
1485 601 1700 672 πτωχοῦ
1725 605 1782 664 έν
1815 603 1925 662 τοῖς

335 706 504 765 οἴκοις
539 701 713 772 ὑμῶν.
745 720 762 752 ι
802 697 909 761 Οὓς
942 697 1016 760 ὡς
1048 696 1436 766 παραστάντας
1476 694 1554 764 τῷ
1583 693 1677 746 τοῦ
1719 693 1923 763 Κυρίου

339 795 546 865 βήματι
600 791 1042 860 καταμέμφεται,
1103 788 1199 844 καὶ
1252 788 1332 849 είς
1382 787 1675 858 πρόσωπον
1729 785 1926 847 αὐτοὺς

337 887 662 956 ἀπελέγχει·
711 884 836 937 λαὸν
873 883 928 936 δὲ
969 881 1132 936 αὑτοῦ
1171 880 1454 943 ἀποκαλεῖ,
1499 880 1592 932 καὶ
1632 879 1926 949 ἀμπελῶνα

339 976 508 1034 αὑτοῦ
540 974 1040 1047 ἐμπεπυρισμένον,
1071 976 1198 1038 τοὺς
1239 972 1380 1029 κατά
1431 973 1788 1044 συναρπαγὴν
1831 972 1925 1024 καὶ

339 1070 672 1142 διαστροφὴν
704 1071 812 1122 τῶν
845 1068 1179 1122 διδασκάλων
1221 1067 1630 1139 ἠπατημένους,
1665 1067 1758 1129 οὓς
1794 1068 1926 1120 ἀνα-

341 1162 674 1234 καλούμενος
701 1163 795 1216 καὶ
836 1161 972 1233 πρὸς
998 1161 1187 1214 ἑαυτὸν
1231 1160 1595 1230 ἐπιστρέφων,
1630 1158 1927 1230 ἀποτρέπει

341 1253 441 1324 τῆς
472 1253 579 1306 τῶν
607 1252 1010 1324 προλεχθέντων
1039 1249 1362 1321 διαστρόφου
1390 1248 1758 1312 διδασκαλίας.

421 1365 439 1396 ι
480 1345 546 1398 Τί
574 1346 732 1415 ὑμεῖς
778 1343 1015 1397 ἀδικεῖτε
1056 1342 1148 1395 τὸν
1195 1342 1323 1395 λαόν
1361 1360 1486 1413 μου,
1541 1343 1632 1394 καὶ
1670 1341 1731 1393 τὸ
1764 1339 1932 1413 πρόσ-

343 1451 492 1490 ωπον
527 1435 632 1489 τῶν
679 1434 912 1505 πτωχῶν
943 1435 1363 1506 καταισχύνετε;
1401 1453 1418 1484 ι
1459 1433 1619 1496 ’Έθος
1652 1435 1766 1496 τοῖς
1808 1431 1928 1486 ἀδι-

345 1527 504 1581 κοῦσι
555 1528 647 1580 καὶ
684 1526 1101 1597 ἀποστεροῦσιν,
1141 1526 1358 1580 ἐπειδὰν
1397 1522 1751 1594 ἐγκαλοῦνται
1782 1525 1932 1596 παρά

343 1616 452 1670 τῶν
485 1617 850 1688 ἠδικημένων,
885 1615 1074 1687 ὕϐρεσι
1106 1617 1200 1672 καὶ
1233 1616 1523 1690 λοιδορίαις
1551 1614 1933 1684 καταισχύνειν

346 1710 413 1762 αὑ
425 1709 564 1774 τοὺς,
585 1708 1011 1776 ἐξευτελίζοντες
1028 1709 1120 1762 καὶ⁴
1141 1709 1352 1779 πληγὰς
1370 1707 1740 1771 ἀπειλοῦντες.
1763 1706 1937 1764 Τοῦτο,

344 1799 439 1856 οὖν
477 1818 630 1875 φησι,
680 1801 790 1872 Τὴν
833 1802 963 1873 ὑμῖν
1014 1802 1397 1873 προσήκουσαν
1448 1801 1513 1856 ὲκ
1563 1799 1662 1871 τῆς
1720 1800 1932 1863 ἀδικίας

2030 617 2233 667 meam,
2267 614 2323 656 et
2384 604 2575 672 rapina
2627 606 2882 673 pauperis
2934 605 2987 659 in
3039 607 3288 663 domibus
3336 611 3552 664 vestris.
3585 631 3606 665 ι

2037 692 2184 761 Quos
2240 704 2300 748 ut
2360 695 2617 750 tribunali
2676 697 2886 754 Domini
2938 708 3187 754 astantes
3237 699 3503 769 objurgat,
3557 713 3611 758 ct

2033 789 2180 858 ipsos
2232 802 2415 842 coram
2481 789 2750 858 coarguit.
2805 790 3064 860 Populum
3123 802 3302 847 autem
3350 810 3504 848 suum
3557 808 3612 850 et

2030 880 2246 935 vincant
2286 896 2440 938 suam
2480 881 2768 936 incensam
2798 893 2955 937 vocat
2982 897 3096 947 eos,
3126 885 3217 954 qui
3247 901 3313 938 cx
3346 888 3528 955 rapina
3558 898 3613 942 et

2031 972 2393 1042 perversitate
2429 973 2709 1026 doctorum
2754 971 2964 1042 decepti
3007 983 3133 1028 sunt
3164 991 3178 1027 :
3205 989 3340 1045 quos
3377 991 3612 1030 evocans

2031 1074 2082 1120 et
2105 1066 2172 1119 ad
2202 1080 2264 1120 se
2301 1067 2602 1130 reducens,
2637 1080 2666 1118 a
2700 1080 2960 1135 perversa
2986 1079 3405 1124 memoratorum
3435 1071 3612 1124 homi-

2034 1172 2164 1211 num
2197 1157 2441 1212 doctrina
2472 1156 2694 1210 avertit.

2113 1338 2402 1395 Vens.15.
2457 1357 2474 1390 ι
2513 1338 2649 1404 Quid
2697 1353 2794 1394 vos
2847 1339 3042 1406 injuria
3098 1340 3307 1397 adicitis
3361 1345 3614 1414 populum

2035 1445 2236 1494 meum,
2255 1443 2310 1484 et
2329 1431 2533 1484 vultum
2552 1447 2848 1501 pauperum
2863 1432 3282 1488 confunditis?»
3306 1435 3420 1490 Mos
3441 1447 3523 1491 est
3550 1439 3615 1492 iis

2037 1527 2130 1595 qui
2162 1527 2416 1594 injuriam
2459 1526 2697 1599 inferunt
2737 1537 2793 1582 et
2822 1528 3118 1598 abripiunt,
3153 1539 3210 1582 ut
3250 1544 3370 1585 cum
3403 1547 3431 1584 a
3475 1532 3616 1588 laesis

2037 1619 2470 1687 expostulantur,
2519 1619 2863 1674 contumeliis
2906 1629 2959 1673 et
2996 1621 3259 1675 conviciis
3310 1623 3453 1691 ipsos
3481 1639 3617 1676 con-

2036 1709 2317 1771 fundant,
2378 1709 2773 1778 vilipendentes
2837 1724 2900 1764 ac
2962 1710 3148 1780 plagas
3197 1713 3616 1767 comminantes.

2039 1800 2152 1855 Hoc
2182 1802 2354 1872 igitur
2389 1801 2494 1866 ait,
2540 1801 2938 1870 Congruentem
2971 1804 3125 1857 vobis
3149 1819 3215 1857 cx
3247 1804 3391 1858 illata
3423 1805 3616 1874 injuria

345 1896 607 1967 αἰσχύνην
639 1898 866 1968 ταύτην,
901 1897 969 1948 ἐκ
990 1896 1090 1967 τῆς
1121 1894 1438 1967 τυραννίδος
1467 1895 1622 1965 ὑμῶν
1647 1897 1758 1958 τοῖς
1788 1913 1933 1948 πτω-

2038 1895 2325 1962 pudorem,
2358 1893 2642 1963 tyrannica
2691 1893 2739 1947 vi
2769 1903 3004 1960 utentes,
3049 1895 3102 1948 in
3133 1909 3401 1964 pauperes
3439 1895 3620 1950 refun-

347 1996 462 2064 χοῖς
503 1990 883 2063 περιτρέπετε.

425 2104 444 2136 ι
478 2085 618 2138 Τάδε
646 2083 791 2153 λέγει
829 2082 1056 2156 Κύριος·
1098 2075 1327 2135 Ἀνθ’ὦν
1355 2079 1646 2152 ὑψώθησαν
1682 2081 1738 2132 αἱ
1769 2079 1934 2148 θυγα-

345 2173 504 2246 τέρες
540 2175 699 2238 Σιὼν,
744 2173 840 2234 καὶ
869 2170 1244 2243 ἐπορεύθησαν
1287 2169 1479 2241 ὑψηλῷ
1524 2171 1801 2242 τραχήλῳ,
1839 2171 1933 2223 καὶ

347 2270 408 2323 ὲν
450 2267 712 2337 νεύμασιν
752 2264 1064 2336 ὀφθαλμῶν,
1102 2266 1196 2318 καὶ
1239 2267 1308 2335 τῇ
1350 2263 1549 2335 πορείᾳ
1592 2263 1698 2318 τῶν
1738 2262 1931 2328 ποδῶν,

350 2361 469 2434 ἅμα
518 2359 777 2432 σύρουσαι
825 2360 954 2423 τοὺς
1000 2358 1258 2430 χιτῶνας,
1304 2357 1398 2410 καὶ
1439 2360 1552 2419 τοῖς
1605 2356 1763 2409 ποσὶν
1819 2356 1934 2426 ἅμα

351 2458 674 2522 παίζουσαι·
709 2458 803 2510 καὶ
846 2455 1173 2510 ταπεινώσει
1206 2453 1410 2526 Κύριος
1443 2455 1471 2507 ὁ
1503 2453 1636 2515 Θεὸς
1663 2451 1935 2523 ἀρχούσας

351 2549 659 2621 θυγατέρας
697 2547 855 2611 Σιὼν,
885 2549 980 2602 καὶ⁴
1016 2547 1221 2619 Κύριος
1261 2543 1604 2614 ἀποκαλύψει
1645 2544 1707 2597 τὸ
1750 2544 1937 2615 σχῆμα

350 2642 550 2697 αὐτῶν.
586 2659 604 2693 ι
645 2640 877 2694 Δύναται
904 2640 960 2693 δὲ
993 2639 1166 2694 ταῦτα
1196 2640 1269 2712 μὴ
1301 2639 1430 2710 περὶ
1457 2637 1634 2708 μόνων
1658 2636 1934 2706 γυναικῶν

349 2733 625 2804 λέγεσθαι,
654 2732 791 2788 ἀλλά
835 2733 930 2786 καὶ
966 2733 1096 2804 περὶ
1122 2731 1308 2802 ψυχῶν
1341 2729 1557 2801 χαύνων
1587 2732 1681 2785 καὶ
1706 2729 1936 2801 τεθηλυ-

356 2828 552 2900 μένων.

893 2915 1292 2973 ΚΕΦΑΛΑΙΟΝ
1327 2919 1398 2968 Δ¹.

428 3032 447 3066 ι
483 3013 594 3067 Ka‘t
637 3011 994 3083 ἐπιλήψονται
1028 3011 1167 3062 έπτά
1205 3011 1463 3077 γυναῖκες
1492 3008 1781 3079 ἀνθρώπου
1819 3006 1938 3070 ένὺς

349 3105 627 3176 λέγουσαιο
654 3106 758 3158 Τὸν
795 3105 958 3176 ἄρτον
987 3102 1143 3174 ἡμῶν
1184 3102 1491 3174 φαγόμεθα,
1521 3101 1616 3155 καὶ
1639 3100 1709 3154 τά
1744 3101 1938 3171 ἱμάτια

349 3199 508 3270 ἡμῶν
540 3196 1002 3270 περιδαλούμεθαε
1042 3195 1182 3268 πλὴν
1206 3197 1268 3250 τὸ
1309 3197 1480 3268 ὄνομα
1510 3195 1574 3248 τὸ
1617 3194 1707 3248 σὺν
1736 3194 1936 3265 κεκλή-

350 3290 467 3344 σθω
497 3288 582 3359 ἐφ’
610 3289 778 3359 ἡμᾶς.
807 3305 827 3339 ι
861 3285 954 3357 Μὴ
987 3285 1096 3357 γάρ
1121 3285 1290 3339 ἐνδεῖν
1309 3302 1362 3339 τι
1387 3285 1578 3348 αὑταῖς
1621 3284 1654 3354 ἢ
1691 3283 1848 3354 μόνον
1874 3284 1937 3337 τὸ

348 3381 517 3436 αὐτοῦ
559 3380 751 3451 ὄνομα,
793 3379 887 3433 καὶ
921 3379 1096 3434 δοκεῖν
1135 3379 1280 3450 ἔχειν
1320 3379 1412 3432 τὸν
1461 3376 1800 3449 προεστῶτα.
1849 3377 1940 3431 Διὸ

348 3471 428 3534 ὡς
453 3471 590 3543 πρὸς
629 3470 855 3524 σπάνιόν
886 3486 1010 3524 τινα
1048 3469 1260 3535 τοῦτον,
1291 3469 1401 3524 τῶν
1434 3468 1646 3523 πολλῶν
1674 3466 1942 3523 ἀπολωλὸ-

349 3580 481 3630 των,
506 3564 638 3632 φασὶ⁵
673 3561 810 3635 πρὸς
837 3562 998 3615 αὐτόν
1017 3577 1030 3592 ⁸
1065 3581 1084 3614 ι
1130 3561 1277 3633 Πλὴν
1323 3562 1384 3615 τὸ
1413 3561 1584 3633 ὄνομά
1627 3578 1721 3614 σου
1751 3560 1939 3634 κεκλή-

354 3653 468 3707 σθω
500 3656 586 3725 ἐφ’
617 3655 788 3726 ἡμᾶς,
825 3673 844 3706 ι
892 3653 988 3707 καὶ
1027 3652 1095 3707 τά
1120 3652 1268 3722 ἐξῆςε

429 3859 446 3891 ι
489 3840 568 3910 Τῇ
601 3837 657 3891 δὲ
688 3838 875 3910 ἡμέρᾳ
900 3838 1084 3912 ἐκείνῃ
1110 3837 1406 3908 ὲπιλάμῲει
1451 3839 1479 3890 ὁ
1515 3838 1646 3901 Θεὸς
1687 3839 1744 3890 ἐν
1775 3835 1935 3907 βουλῇ

358 3928 498 4000 μετά
516 3928 675 4000 δόξης
707 3930 800 3988 ἐπὶ
827 3932 925 4001 τῆς
953 3929 1076 3999 γῆς,
1109 3926 1205 3983 τοῦ
1243 3927 1458 3997 ὑψῶσαι
1486 3929 1580 3980 καὶ
1607 3927 1828 3993 δοξάσαι
1872 3925 1938 3979 τὸ

353 4020 715 4090 καταλειφθὲν
747 4019 841 4076 τοῦ
895 4018 1134 4090 Ἰσραήλ.
1194 4019 1305 4070 Kal.
1340 4018 1493 4071 ἔσται
1529 4017 1589 4070 τὸ
1617 4015 1937 4084 ὑπολειφθὲν

353 4114 413 4168 ὲν
446 4111 605 4178 Σιὼν,
632 4110 728 4164 καὶ
748 4110 810 4163 τὸ
837 4108 1192 4178 καταλειφθὲν
1228 4110 1284 4163 ὲν
1328 4106 1704 4180 Ἰερουσαλὴμ,
1733 4107 1782 4161 οἳ
1815 4105 1940 4179 κλη-

352 4203 610 4275 θήσονται
649 4205 868 4269 πάντες,
913 4203 961 4256 οἱ
991 4201 1292 4274 γραφέντες
1337 4204 1417 4265 είς
1455 4201 1598 4273 ζωὴν
1640 4202 1698 4254 ὲν
1750 4203 1938 4272 Ἰερου-

353 4297 559 4368 σαλήμ.
594 4315 612 4349 1
647 4298 758 4350 Kal.
784 4297 929 4352 ἔστιν
953 4295 1098 4366 ἔργῳ
1123 4294 1457 4368 παραλαόεἴν
1479 4295 1626 4359 ὅπως
1659 4297 1706 4348 οἱ
1731 4294 1936 4366 πρῶτοι

349 4393 416 4446 ὲκ
437 4389 534 4443 τοῦ
573 4389 790 4462 Ἰσραὴλ
827 4392 908 4455 εἰς
939 4389 1032 4443 τὸν
1065 4389 1301 4463 Χριστὸν
1334 4387 1780 4452 πεπιστευκότες,
1809 4388 1938 4441 ἀπό-

350 4483 548 4547 στολοι,
581 4482 676 4536 καὶ
703 4481 963 4554 μαθηταῒ,
990 4482 1086 4537 καὶ¹
1125 4481 1511 4551 εὐαγγελισταὶ
1538 4478 1632 4532 τοῦ
1659 4479 1932 4551 Σωτῆρος,

2041 1985 2190 2038 ditis.

2111 2079 2274 2131 Vens.
2321 2075 2506 2141 16,17.
2542 2095 2560 2128 ‹
2599 2075 2724 2133 Haec
2751 2077 2882 2132 dicit
2906 2077 3163 2132 Dominus
3207 2098 3227 2139 :_
3249 2077 3356 2132 Pro
3386 2095 3450 2133 eo
3477 2083 3619 2148 quod

2037 2168 2266 2223 elevata:
2321 2179 2447 2224 sunt
2493 2169 2617 2226 ﬁliae
2659 2169 2820 2236 Sion,
2871 2181 2926 2225 et
2975 2170 3391 2226 ambulaverunt
3438 2183 3621 2226 erecto

2038 2261 2200 2324 collo,
2227 2270 2283 2316 et
2311 2261 2533 2316 nutibus
2565 2261 2874 2326 oculorum,
2909 2271 2964 2318 et
3001 2277 3189 2331 gressu
3233 2263 3428 2332 pedum
3459 2264 3620 2318 simul

2041 2354 2321 2407 trahentes
2364 2351 2598 2416 tunicas,
2645 2358 2700 2406 et
2751 2351 2982 2421 pedibus
3026 2352 3190 2408 simul
3215 2353 3481 2408 Audentes
3521 2362 3622 2408 :et

2045 2444 2356 2498 humiliabit
2431 2443 2701 2498 Dominus
2761 2444 2906 2506 Deus
2970 2445 3334 2514 principatum
3397 2456 3620 2516 agentes

2040 2536 2180 2590 ﬁlias
2217 2535 2370 2600 Sion,
2411 2545 2466 2590 et
2506 2536 2764 2591 Dominus
2792 2535 3051 2591 revelabit
3082 2538 3323 2591 habitum
3356 2553 3562 2593 earum.
3593 2559 3614 2592 ι

2043 2629 2280 2684 Possunt
2332 2631 2446 2684 lucc
2502 2643 2606 2684 non
2639 2629 2706 2684 de
2749 2630 3066 2684 mulieribus
3119 2640 3346 2693 tantum,
3407 2634 3498 2687 sed
3553 2635 3622 2687 de

2041 2722 2295 2777 mollibus
2349 2723 2511 2776 etiam

2039 2813 2228 2871 fuisse.

2571 2731 2629 2777 et
2718 2723 3046 2778 eﬂetniuatis
3112 2725 3398 2781 animabus
3475 2725 3618 2779 dicta

2645 2906 2875 2962 CAPUT
2925 2907 3014 2962 IV.

2115 2999 2280 3056 Vens.
2335 3001 2388 3053 l.
2446 3019 2466 3051 ι
2519 2999 2582 3054 Et
2641 2999 3054 3070 apprehendent
3103 3011 3308 3071 septem
3363 3002 3621 3057 mulieres

2042 3092 2315 3148 hominem
2366 3108 2556 3159 unum,
2614 3093 2879 3160 dicentes,
2929 3092 3126 3147 Panem
3184 3105 3426 3149 nostrum
3470 3110 3624 3148 man-

2043 3188 2409 3253 ducabimus,
2478 3197 2534 3242 et
2591 3188 2936 3244 vestimentis
3009 3189 3209 3244 nostris
3265 3191 3619 3258 opericmur:

2041 3290 2298 3334 caeterum
2337 3295 2533 3334 nomen
2574 3289 2722 3332 tuum
2774 3290 3000 3334 vocetur
3049 3296 3214 3351 super
3268 3298 3387 3337 nos.
3428 3303 3447 3335 ›
3480 3284 3621 3339 Nihil

2041 3372 2184 3428 enim
2228 3373 2380 3426 aiunt
2419 3373 2606 3427 deesse
2657 3371 2784 3435 sibi,
2827 3371 2928 3426 nisi
2973 3387 3167 3427 nomen
3218 3373 3335 3442 ejus
3383 3383 3620 3429 tantum-

2042 3463 2219 3526 modo,
2258 3471 2317 3518 et
2369 3470 2428 3516 ut
2478 3472 2767 3530 patronum
2822 3462 3023 3518 habere
3066 3465 3376 3522 videantur.
3419 3469 3624 3535 Quam-

2039 3555 2228 3609 obrem
2267 3568 2412 3618 eum,
2451 3562 2641 3621 utpote
2678 3555 2794 3624 qui,
2832 3553 3013 3608 multis
3043 3555 3092 3608 in
3131 3558 3425 3625 perniciem
3459 3561 3620 3626 dalis,

2039 3660 2298 3717 perrarus
2329 3645 2402 3701 sit
2436 3644 2678 3708 relictus,
2736 3646 2818 3700 sic
2870 3644 3239 3716 alloquuntur,
3295 3668 3313 3702 ‹
3355 3650 3619 3706 Czeterum

2041 3753 2240 3794 nomen
2271 3747 2419 3792 tuum
2451 3747 2674 3792 VOCCIIII'
2703 3751 2867 3805 super
2896 3751 3013 3800 "08,
3054 3757 3073 3790 ι
3104 3747 3158 3793 et
3189 3749 3406 3795 cratera.

2111 3832 2274 3887 Vens.
2304 3830 2362 3896 2,
2393 3831 2444 3884 5.
2485 3851 2501 3882 ι
2537 3831 2590 3884 In
2620 3830 2707 3883 die
2731 3829 2819 3884 illa
2861 3831 3100 3888 illucebit
3126 3834 3264 3888 Deus
3294 3834 3346 3888 in
3393 3836 3624 3890 consilio

2037 3939 2162 3979 cum
2194 3924 2365 3993 gloria
2402 3938 2568 4003 super
2598 3931 2823 3989 terram,
2853 3925 2917 3978 ad
2943 3925 3298 3980 exaltandum
3325 3937 3380 3982 et
3415 3927 3622 3998 glorili-

2037 4019 2270 4073 caudum
2333 4019 2476 4087 quod
2542 4017 2859 4072 derelictum
2916 4026 3000 4072 est
3057 4032 3124 4072 ex
3186 4016 3369 4075 Israel.
3415 4019 3480 4072 Et
3517 4020 3622 4075 erit

2039 4112 2182 4182 quod
2218 4111 2467 4166 relictutn
2492 4123 2575 4165 est
2607 4113 2659 4165 in
2691 4112 2846 4178 Sion,
2891 4122 2946 4166 et
2991 4114 3134 4182 quod
3177 4113 3421 4168 relictum
3452 4113 3503 4166 in
3531 4112 3622 4167 Je-

2041 4203 2298 4266 rusalem,
2331 4204 2422 4272 qui
2459 4205 2802 4258 vocabuntur
2823 4219 3037 4270 omnes,
3075 4205 3164 4274 qui
3196 4205 3382 4275 scripti
3413 4213 3537 4260 sunt
3565 4206 3615 4258 in

2037 4295 2146 4348 vita
2181 4293 2234 4348 in
2277 4293 2603 4349 Jerusalem.
2639 4312 2660 4348 ι
2705 4293 2859 4349 Licet
2889 4306 3066 4348 autem
3115 4295 3232 4364 ipso
3276 4310 3440 4364 opere
3495 4311 3620 4365 per-

2037 4388 2272 4457 spicere,
2334 4386 2604 4455 quomodo
2654 4386 2813 4454 primi
2859 4400 2922 4440 ex
2958 4385 3183 4450 lsraele,
3211 4387 3300 4455 qui
3357 4389 3409 4440 in
3465 4388 3622 4440 tlhri-

2038 4492 2180 4534 stum
2212 4478 2581 4542 crediderunt,
2609 4477 2863 4548 apostoli,
2895 4477 3146 4546 discipuli
3182 4488 3236 4532 et
3266 4477 3620 4539 evangelista:

350 4574 647 4646 ὑψώθησαν
694 4575 788 4634 καὶ
819 4573 1206 4645 ὲδοξάσθησαν,
1259 4572 1334 4636 ὡς
1369 4570 1646 4642 πανταχοῦ
1693 4570 1796 4640 γῆς
1841 4570 1933 4623 καὶ

2044 4571 2368 4640 Servatoris,
2428 4570 2650 4625 exaltati
2691 4580 2746 4624 et
2784 4570 2955 4638 gloria
2997 4570 3174 4625 allecti
3228 4571 3378 4636 sint,
3441 4569 3511 4622 ita
3562 4579 3619 4622 ut

351 4666 476 4721 καθ’
504 4666 633 4738 ὅλης
656 4666 752 4736 τῆς
778 4666 1104 4736 οἰκουμένης
1125 4666 1412 4734 ἐπιφανεῖς
1441 4662 1642 4725 αὐτοὺς
1659 4661 1930 4730 γενέσθαι·

354 4759 447 4812 καὶ
479 4758 646 4812 εἰσέτι
678 4758 773 4813 καὶ
803 4757 898 4813 νῦν
933 4757 1084 4829 παρά
1118 4758 1251 4810 πᾶσι
1282 4758 1395 4818 τοῖς
1425 4753 1660 4815 ἔθνεσιν,
1711 4753 1937 4823 Ἕλλησί

350 4868 411 4905 τε
443 4851 536 4905 καὶ
569 4849 886 4923 βαρϐάροις,
908 4849 1228 4914 δοξάζεσθαι
1254 4847 1435 4902 αὐτῶν
1459 4848 1553 4900 καὶ
1575 4845 1812 4918 τοῦνομα
1843 4846 1938 4898 καὶ

349 4943 448 5016 τὴν
475 4944 842 4998 διδασκαλίαν.
879 4943 1047 4997 Μόνοι
1081 4938 1174 4997 οὖν
1217 4934 1363 4996 οὗτοι
1397 4941 1542 5009 ἀγιοι
1573 4939 1935 5010 κληθήσονται

345 5037 397 5088 οἱ
427 5033 857 5101 καταξιωθέντες
879 5035 1158 5107 γραφῆναι
1183 5035 1265 5097 είς
1290 5033 1390 5104 τὴν
1420 5030 1636 5092 αἰώνιον
1666 5029 1810 5101 ζωὴν
1832 5031 1930 5102 τῆς

348 5130 670 5202 ἐπουρανίου
725 5129 1100 5203 Ἰερουσαλήμ.
1152 5129 1263 5181 Καὶ
1295 5125 1506 5188 τούτοις
1556 5122 1802 5194 παράθες
1834 5121 1928 5175 τοῦ

346 5224 600 5296 Σωτῆρος
650 5222 805 5295 ἡμῶν
842 5222 940 5294 τὴν
991 5223 1129 5293 πρὸς
1172 5222 1301 5284 τοὺς
1355 5217 1686 5280 ἀποστόλους
1722 5213 1926 5286 φωνὴν,

345 5316 413 5369 δι’
446 5311 514 5388 ἧς
547 5319 783 5390 εἴρηται,
807 5336 825 5370 t
853 5319 972 5371 Ὀτι
1002 5316 1074 5370 τὰ
1122 5316 1363 5386 ὀνόματα
1410 5311 1562 5386 ὑμῶν
1606 5309 1820 5381 ἐγράφη
1870 5311 1928 5362 ὲν

345 5413 458 5475 τοῖς
490 5411 551 5463 οὐ
559 5414 760 5482 ρανοῖς.
793 5428 811 5462 ι

422 5521 442 5554 ι
483 5503 612 5555 Ὅτι
632 5501 888 5556 ἐκπλυνεί
908 5501 1110 5573 Κύριος
1131 5501 1222 5555 τὸν
1245 5499 1415 5572 ῥύπον
1436 5513 1544 5550 των
1563 5494 1692 5548 υἱῶν
1713 5495 1932 5548 καὶτῶν

349 5593 666 5664 θυγατέρων
689 5592 851 5657 Σιὼν,
881 5595 973 5647 καὶ
985 5594 1046 5646 τὸ
1067 5587 1207 5664 αἷμα
1237 5588 1597 5663 Ἰερουσαλὴμ
1617 5586 1935 5657 ὲκκαθαριεζ

348 5689 414 5742 ὲκ
446 5686 611 5758 μέσον
645 5685 824 5740 αὐτῶν
860 5688 916 5738 ὲν
965 5685 1232 5755 πνεύματι
1266 5684 1500 5756 κρίσεως
1533 5682 1624 5736 καὶ
1665 5679 1931 5752 πνεύματι

432 5869 478 5901 ’³
500 5867 629 5922 Luc.
661 5883 713 5930 Χ,
749 5868 839 5921 20.

2039 4664 2236 4732 ubique
2285 4673 2554 4718 terrarum
2585 4675 2648 4714 ac
2673 4673 2770 4730 per
2812 4661 3122 4715 universum
3165 4661 3351 4715 orbem
3406 4660 3619 4730 conspi-

2035 4757 2122 4812 cui
2156 4756 2456 4810 evaderent
2484 4772 2498 4810 :
2534 4764 2590 4808 et
2624 4754 2691 4808 ad
2733 4755 2838 4809 hoc
2874 4769 3045 4822 usque
3091 4763 3303 4823 tempus
3335 4753 3476 4819 apud
3503 4766 3620 4805 om-

2036 4865 2133 4905 nes
2173 4859 2383 4920 gentes,
2419 4859 2529 4902 tam
2555 4848 2776 4902 Graecas
2815 4863 2975 4918 quam
3011 4846 3296 4910 barbaras,
3332 4859 3526 4898 nomen
3567 4856 3622 4899 et

2034 4939 2280 4994 doctrina
2311 4955 2503 4993 eorutn
2546 4939 2881 4994 celebretur.
2918 4937 2980 4995 lli
3013 4952 3146 5002 ergo
3177 4935 3281 4989 soli
3333 4939 3504 4990 sancti
3528 4951 3622 4990 vo-

2041 5030 2334 5090 cabuntur,
2363 5030 2454 5096 qui
2489 5027 2641 5095 digni
2668 5026 2839 5079 habiti
2873 5033 3000 5079 sunt
3053 5035 3114 5077 ut
3153 5024 3522 5078 scriberentur
3568 5023 3618 5076 in

2039 5130 2240 5174 aaterna
2296 5121 2405 5174 vita
2469 5119 2710 5175 cmlestis
2759 5117 3078 5173 Jerusalem.
3129 5116 3223 5171 llis
3280 5131 3444 5186 porro
3483 5114 3622 5169 adde

2040 5210 2340 5265 Salvatoris
2371 5211 2540 5264 nostri
2571 5222 2757 5262 vocem
2799 5209 2866 5260 ad
2900 5207 3180 5276 apostolos
3205 5208 3479 5269 emissam,
3515 5222 3616 5274 qrn

2041 5304 2264 5369 dicitur,
2323 5321 2341 5354 ι
2375 5303 2508 5369 Quia
2533 5301 2770 5356 uomina-
2797 5310 2973 5356 vestra
3014 5300 3216 5369 scripta
3257 5310 3382 5354 sunt
3423 5300 3473 5352 in
3510 5314 3620 5353 cuzo

2035 5395 2102 5450 Iis
2129 5396 2192 5449 ’³.
2223 5414 2240 5448 ι

2119 5489 2286 5545 Vens.
2325 5489 2442 5544 δοϐ.
2491 5507 2511 5541 ι
2541 5488 2678 5556 Quia
2724 5488 2910 5543 abluet
2955 5489 3214 5542 Dominus
3260 5485 3450 5540 sordes
3483 5485 3619 5538 lilio-

2045 5603 2164 5642 rttm
2197 5595 2252 5642 et
2285 5585 2521 5640 ﬁliarum
2555 5585 2707 5652 Sion,
2733 5595 2781 5639 et
2810 5584 3132 5653 sanguinem
3165 5581 3467 5636 Jerusalem
3499 5595 3618 5650 pur-

2053 5677 2200 5749 gabit
2235 5694 2298 5734 ex
2332 5678 2509 5734 medio
2544 5692 2731 5734 eorum
2791 5677 2845 5731 in
2875 5676 3068 5747 spiritu
3107 5672 3296 5743 judicii
3336 5683 3391 5727 et
3424 5671 3617 5742 spirits
