4062 6400
507 389 608 450 1ιὸ

1175 377 1445 449 EU’SEBII
1481 388 1964 450 cmssmmsts
2001 388 2152 449 opp.
2195 390 2377 447 PARS
2410 388 2502 446 ιιι.
2541 420 2609 431 -
2648 387 3059 448 EXEGETICA.

3660 393 3765 445 illi

508 494 946 595 εοιιιιὶιιειιίοηίε.⁸
963 511 1031 565 Ει
1054 511 1251 576 veniet,
1279 521 1334 565 et
1360 512 1470 566 erit
1501 521 1646 566 totus
1685 513 1844 569 locus
1877 513 2081 567 montis

2193 510 2448 574 καύσεως.
2485 509 2594 563 Kal
2622 508 2762 579 ἥξει,
2817 507 2914 561 καὶ
2951 506 3101 559 ἔσται
3134 505 3239 568 πᾶς
3288 503 3450 566 τόπος
3481 503 3576 556 τοῦ
3608 505 3768 575 ὅρους

513 600 746 664 Sion,et
778 604 960 678 omnia
988 614 1108 669 qua:
1140 599 1192 652 in
1239 598 1467 653 circuitu
1517 599 1636 669 ejus
1688 609 1834 666 sunt,
1882 601 2078 654 nebula

509 693 619 748 diei
649 693 1018 759 obumbrabit,
1062 701 1117 747 et
1139 692 1295 762 quasi
1342 691 1514 757 fumo,
1577 703 1632 748 et
1684 695 1836 764 quasi
1879 694 2083 747 lumine

513 797 676 840 noctu
707 785 948 848 ardente,
979 783 1128 839 omni
1173 783 1347 852 gloria
1399 784 1704 854 obtegatur.
1769 784 1832 840 Et
1883 785 1992 840 erit
2030 787 2083 840 in

509 879 758 931 umbram
794 877 862 930 ab
889 886 1045 939 aestu,
1084 885 1140 931 et
1167 875 1220 929 in
1249 876 1641 946 protectionem
1691 885 1744 930 et
1769 876 2088 932 absconsio-

510 983 632 1022 nem
676 982 704 1020 a
733 967 930 1022 duritie
962 977 1018 1022 et
1043 967 1245 1037 pluvia.
1277 985 1297 1018 ι
1341 965 1642 1020 Lavacrum
1701 967 2084 1036 regeneratio-

512 1058 619 1121 nis,
663 1058 807 1126 quod
858 1058 1012 1126 prius
1061 1056 1376 1112 declarabat
1437 1056 1522 1112 his
1585 1057 1788 1122 verbis,
1842 1073 1861 1107 ι
1913 1055 2087 1111 Lava-

508 1147 668 1212 mini,
693 1147 880 1202 mundi
911 1155 1109 1212 estote,
1139 1164 1158 1198 ι
1190 1147 1356 1201 etiam
1389 1163 1531 1201 nunc
1559 1157 1744 1216 aperte
1773 1147 2082 1218 pollicetur.

512 1237 635 1294 Haec
662 1253 827 1309 porro
857 1239 990 1295 dicit
1018 1240 1084 1295 de
1112 1240 1200 1305 iis,
1233 1241 1324 1309 qui
1364 1255 1489 1296 cum
1516 1242 1682 1296 caedis
1712 1241 1913 1296 Christi
1957 1256 2085 1312 par-

509 1331 708 1399 ticipes
740 1330 994 1395 fuissent,
1049 1347 1149 1385 nec
1185 1331 1417 1385 multum
1483 1341 1671 1402 postea
1722 1333 2086 1402 resipuerunt,

509 1433 566 1477 et
595 1421 949 1492 Evangelium
988 1423 1159 1493 ipsius
1193 1434 1550 1491 agnoverunt.
1598 1425 1733 1479 llinc
1768 1426 1833 1479 de
1875 1424 2088 1480 ﬁliabus

511 1515 640 1572 Sion
679 1517 806 1586 agit,
838 1531 956 1586 qua:
1003 1517 1054 1570 in
1088 1516 1355 1585 superiori
1412 1517 1652 1573 clausula
1698 1518 2090 1573 incusabantur

507 1608 598 1663 his
623 1608 805 1662 verbis
831 1629 843 1663 :
877 1627 896 1659 ι
932 1608 1066 1674 Quia
1094 1609 1344 1668 exaltatm
1369 1609 1797 1674 suntﬁlizeSion,
1825 1619 1879 1664 et
1903 1618 2086 1663 erecta

508 1701 723 1755 cervice
773 1700 1160 1764 incedebant,»
1208 1713 1262 1755 et
1311 1711 1528 1757 extera.
1567 1702 1902 1771 Sanguinem
1959 1715 2088 1755 vero

2190 599 2348 662 Σιὼν,
2373 601 2466 652 καὶ
2500 599 2676 652 πάντα
2705 599 2774 652 τά
2801 596 3112 668 περικύκλῳ
3140 595 3308 665 αὐτῆς
3338 595 3547 647 σκιάσει
3570 595 3767 664 νεφέλη

2189 692 2419 764 ἡμέρας,
2443 690 2538 744 καὶ
2567 690 2640 753 ὼς
2679 688 2911 751 καπνοῦ,
2936 688 3029 741 καὶ
3059 687 3137 750 ὡς
3158 687 3334 754 φωτὸς
3355 687 3645 756 καιομένου
3678 704 3769 738 νυ-

2188 786 2333 849 κτὸς,
2353 785 2500 854 πάσῃ
2514 787 2580 853 τῇ
2599 782 2725 854 δόξῃ
2741 781 3202 851 σκεπασθήσεται.
3223 781 3332 831 Καὶ
3349 778 3500 830 ἐσται
3515 781 3595 841 είς
3610 777 3770 831 σκιάν

2186 877 2294 932 ἀπὸ
2313 875 2610 947 καύματος,
2645 874 2740 928 καὶ
2770 877 2829 926 ἐν
2866 873 3040 943 σκέπῃ
3084 873 3178 926 καὶ
3211 874 3270 924 ἐν
3309 871 3628 941 ἀποκρύφῳ,
3661 871 3772 924 ἀπὸ

2191 969 2555 1040 σκληρότητος
2583 968 2676 1020 καὶ
2707 965 2887 1018 ὑετοῦ.
2923 984 2942 1016 ι
2975 964 3170 1032 Σαφῶς
3198 964 3306 1034 γὰρ
3334 963 3394 1016 τὸ
3424 962 3647 1033 λουτρὸν
3671 962 3771 1030 τῆς

2193 1059 2636 1129 παλιγγενεσίας,
2661 1059 2689 1111 ὃ
2704 1060 2798 1111 καὶ
2815 1057 2904 1110 διά
2918 1057 3028 1108 τῶν
3047 1055 3356 1127 ἔμπροσθεν
3373 1055 3558 1126 ἐδήλου
3571 1055 3770 1123 λέγων·

2195 1171 2215 1204 ι
2256 1151 2556 1213 Λούσασθε,
2583 1151 2676 1204 καὶ
2701 1149 2930 1221 καθαροὶ
2951 1148 3197 1218 γένεσθε,
3227 1168 3244 1200 ι
3276 1151 3369 1202 καὶ
3393 1148 3487 1202 νῦν
3509 1149 3772 1219 ἐπαγγέλο

2189 1243 2359 1298 λεται.
2390 1243 2550 1309 Λέγει
2575 1243 2631 1296 δὲ
2666 1241 2840 1296 ταῦτα
2867 1239 3128 1312 περὶτῶν
3165 1241 3638 1311 κεκοινωνηκότων
3672 1242 3774 1313 μὲν

2188 1340 2254 1407 τῇ
2287 1337 2428 1390 κατά
2459 1335 2552 1389 τοῦ
2583 1336 2834 1405 Σωτῆρος
2871 1332 3172 1404 μιαιφονίᾳ,
3218 1334 3412 1404 μικρὸν
3453 1333 3510 1386 δὲ
3544 1332 3774 1404 ὕστερον

2193 1427 2604 1500 μεταϐαλόντων
2628 1426 2723 1478 καὶ
2745 1426 3130 1496 γνωρισάντων
3154 1423 3318 1478 αὑτοῦ
3337 1425 3398 1477 τὸ
3421 1425 3770 1494 Εὐαγγέλιον.

2190 1521 2301 1574 Kal.
2331 1518 2634 1589 θυγατέρας
2662 1516 2800 1570 Σιὼν
2829 1517 3100 1588 ἐπιφέρει,
3139 1516 3236 1580 τὰς
3265 1519 3323 1569 ἐν
3354 1521 3418 1589 τῇ
3463 1517 3774 1590 ἔμπροσθεν

2190 1614 2462 1684 περικοπῇ
2493 1609 2984 1680 κατηγορηθείσας,
3019 1612 3076 1662 ἐν
3116 1609 3194 1680 τῷ
3228 1609 3477 1678 λέγεσθαι
3503 1628 3517 1642 ’
3557 1629 3576 1662 ι
3629 1609 3774 1662 Ἀνθ⁹

2188 1700 2264 1758 ῶν
2297 1703 2588 1774 ύψώθησαν
2627 1704 2682 1754 at
2725 1701 3024 1773 Θυγατέρες
3068 1700 3227 1764 Σιὼν,
3268 1703 3364 1755 καὶ
3401 1702 3776 1773 ἐπορεύθησαν

509 1790 814 1846 Jerusalem
863 1793 1004 1845 miro
1057 1806 1188 1846 sane
1239 1793 1399 1848 modo
1441 1803 1599 1847 vocat
1651 1793 1859 1847 caedem
1914 1793 1982 1846 ibi
2031 1792 2083 1846 in

2193 1796 2380 1867 ὑψηλῷ
2406 1796 2683 1868 τραχήλῳ,
2725 1815 2742 1846 ι
2791 1797 2886 1849 καὶ
2917 1796 2986 1849 τὰ
3016 1795 3227 1859 τούτοις
3253 1795 3512 1866 ἑπόμενα.
3543 1790 3690 1864 Αἷμα
3714 1795 3775 1847 δὲ

512 1880 802 1934 Servatore
824 1890 1187 1950 perpetratam
1217 1896 1230 1935 :
1263 1883 1392 1952 quia
1429 1883 1618 1937 isthaec
1664 1897 1827 1936 causa
1860 1881 1961 1934 fuit
1990 1896 2085 1935 ex-

2200 1859 2910 1956 Ὶερρύσαλὴμθαυμαστῶς
2941 1887 3208 1940 ἀποκαλεί
3235 1888 3334 1958 τὴν
3360 1859 3508 1940 ’κατά
3532 1859 3626 1940 τοῦ
3662 1888 3776 1940 Σω-

520 1990 706 2031 trcmae
733 1977 832 2031 loci
867 1977 1012 2030 illius
1061 1977 1405 2033 vastationis.
1451 1977 1516 2031 Et
1550 1979 1866 2032 consideres
1911 1977 2070 2030 velim

510 2084 692 2123 annon
729 2071 817 2124 hic
847 2085 1024 2126 sermo
1057 2071 1301 2139 apprime
1347 2071 1639 2126 conveniat
1683 2085 1805 2124 cum
1855 2084 2088 2138 evange-

513 2163 622 2216 lico
666 2161 755 2216 illo
801 2161 1114 2216 testimonio
1163 2161 1228 2216 de
1276 2159 1568 2216 Servatore
1607 2170 1818 2224 nostro,
1857 2159 1948 2214 ubi
2005 2160 2086 2215 sic

511 2255 759 2318 habetur,
795 2273 813 2307 ι
839 2254 958 2324 Ipse
993 2269 1092 2310 vos
1119 2255 1422 2324 baptizabit
1461 2256 1514 2309 in
1557 2254 1763 2324 Spiritu
1807 2265 1996 2310 sancto
2031 2264 2088 2310 et

511 2345 637 2416 igne
662 2346 729 2399 ".
760 2365 781 2398 ι
819 2345 950 2399 illud
983 2345 1151 2410 enim,
1193 2363 1210 2397 ι
1239 2345 1293 2399 in
1335 2345 1530 2414 spiritu
1575 2343 1764 2414 judicii
1795 2354 1849 2400 et
1889 2347 1942 2399 in
1974 2345 2089 2415 spi-

510 2441 617 2495 ritu
643 2437 1062 2503 combustionis,
1099 2459 1118 2491 ι
1155 2439 1291 2494 nihil
1330 2437 1512 2494 ditl‘ert
1552 2438 1620 2494 ab
1664 2438 1776 2504 illo,
1829 2456 1846 2491 ι
1880 2438 1933 2492 in
1967 2437 2090 2505 Spi—

509 2531 616 2584 ritu
647 2538 837 2586 sancto
857 2541 910 2585 et
933 2531 1078 2602 igne.
1117 2548 1138 2584 ι
1175 2529 1319 2601 ignei
1351 2543 1479 2584 vero
1514 2542 1796 2584 sermones
1845 2528 1952 2582 illis
1993 2528 2089 2581 ad-

508 2623 662 2686 moti,
695 2630 1044 2692 peccatorum
1073 2620 1515 2676 emundationem
1540 2620 1894 2690 peragebant.
1929 2619 2088 2672 Item-

509 2729 614 2782 que
645 2712 898 2770 Salvator
928 2723 1118 2768 noster
1146 2713 1201 2768 in
1238 2711 1535 2782 Evangelio
1561 2711 1762 2766 dicitur
1811 2711 2090 2780 baptizare

508 2820 615 2858 non
653 2806 704 2859 in
747 2820 884 2874 aqua
913 2844 928 2869 ,
969 2805 1064 2859 sed
1115 2804 1169 2859 in
1229 2803 1437 2872 Spiritu
1504 2812 1560 2856 et
1607 2803 1747 2873 igne.
1802 2800 1914 2856 Hoc
1943 2801 2088 2856 enim

509 2900 702 2951 edocet
741 2895 1003 2960 Joannes,
1049 2895 1118 2950 de
1155 2909 1213 2950 se
1251 2895 1468 2964 quidem
1528 2894 1736 2958 dicens,
1783 2911 1802 2946 ι
1832 2893 1943 2963 Ego
1994 2907 2091 2947 vos

511 2988 728 3054 baptizo
759 2987 812 3040 in
842 3002 980 3056 aqua
1001 2986 1086 3050 ";
1118 3004 1136 3038 ι
1165 2986 1228 3040 de
1246 2985 1528 3040 Salvatore
1557 2995 1759 3048 autem,
1791 3001 1809 3036 ι
1852 2981 1971 3054 Ipse
1993 2997 2091 3038 vos

514 3075 811 3145 baptizabit
841 3076 893 3130 in
929 3073 1134 3144 Spiritu
1163 3083 1355 3130 sancto
1388 3082 1444 3129 et
1483 3074 1692 3144 igne".
1720 3092 1739 3125 ι

1138 3351 1368 3408 CAPUT
1404 3352 1472 3406 -V.

590 3444 750 3500 Vens.
786 3445 839 3499 l.
880 3463 899 3497 ι
928 3443 1172 3500 Cantabo
1197 3444 1398 3500 dilecto
1430 3445 1705 3499 canticum
1735 3445 1926 3501 Dilecti
1965 3445 2094 3509 mei,

511 3539 686 3593 vinea:
711 3553 864 3592 meae.
894 3537 1066 3592 Vinea
1097 3536 1234 3592 facta
1260 3546 1342 3590 est
1368 3536 1564 3592 dilecto
1590 3537 1642 3590 in
1674 3551 1866 3602 cornu,
1889 3537 1940 3592 in
1977 3537 2097 3591 loco

510 3631 718 3700 pingui.
751 3649 771 3681 ι
806 3629 919 3686 Hoc
951 3629 1115 3699 igitur
1147 3629 1384 3694 cantico,
1417 3643 1538 3698 quae
1564 3629 1615 3682 in
1652 3629 1808 3684 vinea
1840 3644 1939 3684 sua
1967 3645 2096 3699 ope-

508 3735 662 3779 ratus
701 3734 785 3780 est
809 3732 1115 3788 enumerat,
1142 3723 1422 3791 vineaeque
1475 3721 1880 3792 improbitatem
1933 3738 2093 3777 coar-

508 3819 656 3887 guit:
692 3833 755 3870 ac
786 3831 850 3870 ea
879 3831 1000 3884 quae
1030 3815 1131 3884 ipsi
1165 3825 1424 3870 eventura
1451 3823 1578 3869 sunt
1602 3813 1951 3868 vaticinatur.
2009 3813 2098 3866 Di-

510 3913 654 3962 citur
679 3923 810 3976 ergo
842 3908 896 3962 in
926 3922 1094 3962 cornu
1122 3920 1264 3972 esse,
1307 3907 1432 3975 quia
1477 3907 1529 3959 in
1563 3921 1678 3976 ipsa
1720 3904 2094 3975 Hierosolyma

514 4001 663 4068 regia
699 3999 1012 4069 metropolis
1065 3999 1348 4054 consistit:
1401 3997 1538 4054 solet
1581 4009 1761 4053 autem
1812 3996 2095 4067 Scriptura

517 4108 723 4148 cornua
754 4092 907 4163 regni
937 4104 1176 4144 memora
1186 4105 1263 4145 re.

590 4271 754 4327 Vens.
789 4272 842 4325 2.
892 4291 910 4324 ι
959 4272 1023 4326 Ει
1069 4286 1250 4340 sepem
1296 4271 1661 4340 circumposui
1695 4279 1751 4325 et
1784 4270 2008 4335 vallavi,
2037 4280 2100 4327 et

517 4366 763 4436 plantavi
795 4365 1006 4419 vineam
1041 4363 1244 4418 Sorec:
1276 4371 1330 4435 et
1357 4363 1619 4418 aediﬁcavi
1651 4362 1843 4417 turrim
1897 4365 1949 4418 iu
1995 4381 2101 4420 me-

519 4459 611 4513 dio
641 4455 782 4523 ejus,
830 4465 884 4508 et
928 4454 1270 4523 protorcular
1302 4454 1412 4508 fodi
1461 4456 1512 4507 in
1561 4469 1646 4509 ea.
1678 4472 1698 4505 ι
1737 4453 1931 4523 Sepem
1969 4469 2100 4509 vero

521 4549 911 4619 circumposuit
931 4549 1002 4613 ei,
1026 4547 1274 4602 videlicet
1293 4545 1440 4600 omni
1467 4545 1682 4615 populo,
1703 4560 1861 4615 quem
1893 4546 2100 4614 angelis
2131 4537 2180 4596 D

2187 1980 2351 2051 τῆρος
2388 1977 2754 2049 προαχθεῖσαν
2787 1979 2844 2029 ἐν
2870 1979 3012 2049 ,αὐτῇ
3062 1979 3394 2049 μιαιφονίαν,
3435 1978 3520 2030 διά
3551 1979 3610 2030 τὸ
3642 1977 3775 2031 ταύ-

2188 2092 2290 2146 την
2315 2073 2493 2128 αἰτίαν
2516 2071 2798 2140 γεγονέναι
2821 2071 2917 2142 τῆς
2944 2073 3176 2142 ἐσχάτης
3200 2073 3434 2142 ἐρημίας
3462 2071 3556 2124 τοῦ
3583 2072 3773 2124 τόπου.

2190 2168 2302 2220 Καὶ
2334 2165 2432 2219 θέα
2460 2166 2509 2217 εί
2553 2163 2628 2237 μὴ
2671 2164 2876 2234 σφόδρα
2905 2164 3193 2234 σύμφωνός
3229 2166 3376 2216 ἐστιν
3405 2165 3432 2216 6
3461 2164 3652 2236 παρὼν
3680 2164 3776 2216 λό-

2189 2277 2286 2330 γος
2306 2261 2372 2329 τῇ
2391 2257 2722 2329 εὐαγγελικῇ
2751 2257 3027 2328 μαρτυρίᾳ
3047 2274 3114 2310 πε
3125 2259 3176 2328 pl.
3200 2256 3293 2309 τοῦ
3320 2257 3571 2328 Σωτῆρος
3591 2258 3775 2328 ἡμῶν,

2189 2353 2225 2424 ἢ
2256 2351 2500 2404 ἐδίδασκε
2534 2349 2768 2418 λέγουσα
2793 2367 2805 2381 ·
2841 2369 2859 2401 ι
2889 2349 3062 2412 Αὐτὸς
3086 2349 3229 2420 ὑμᾶς
3257 2348 3505 2418 βαπτίσει
3527 2350 3583 2401 ἐν
3609 2349 3775 2402 Πνεύο

2196 2460 2325 2514 ματι
2367 2443 2508 2514 ἀγίῳ
2554 2443 2648 2495 καὶ
2677 2441 2830 2512 πυρί.
2866 2461 2884 2493 ι
2923 2441 2996 2493 T6
3029 2440 3159 2512 γάρ,
3197 2459 3215 2493 t
3262 2443 3318 2494 ἐν
3351 2440 3619 2511 πνεύματι
3651 2442 3776 2512 κρί-

2192 2550 2331 2596 σεως
2383 2533 2476 2585 καὶ
2531 2531 2802 2602 πνεύματι
2861 2529 3107 2592 καύσεως
3142 2548 3161 2580 ι
3187 2527 3304 2592 τοῦ,
3348 2547 3366 2578 ι
3405 2528 3463 2579 ἐν
3496 2527 3778 2597 Πνεύματι

2192 2626 2334 2696 ἀγίῳ
2356 2625 2449 2678 καὶ
2479 2624 2631 2694 πυρὶ,
2663 2642 2679 2674 ι
2714 2622 2866 2675 οὐδὲν
2895 2621 3158 2692 διαφέρει.
3178 2620 3288 2674 Καὶ
3313 2621 3363 2673 οί
3392 2618 3697 2690 πυρωτικοὶ
3717 2618 3778 2671 δὲ

2191 2719 2361 2787 λόγοι,
2393 2717 2800 2786 καθαπτόμενοι
2832 2712 3032 2777 αὐτῶν,
3071 2712 3333 2782 κάθαρσιν
3366 2710 3638 2763 ἐνεποίουν
3668 2708 3778 2761 τῶν

2192 2808 2628 2881 ἁμαρτημάτων.
2671 2806 2782 2860 Καὶ
2819 2808 2846 2859 ό
2875 2804 3066 2876 Σωτὴρ
3102 2804 3303 2874 ὁμοίως
3335 2805 3394 2855 ἐν
3423 2801 3500 2872 τῷ
3534 2802 3778 2870 Εὐάγγε-

2192 2900 2292 2972 λίῳ
2339 2899 2622 2971 βαπτίσειν
2655 2897 2874 2965 λέγεται
2899 2897 3020 2966 οὐχὶ
3059 2894 3231 2958 ὕδατι,
3257 2893 3371 2948 ἀλλ’
3397 2896 3454 2946 ἐν
3497 2895 3779 2965 Πνεύματι

2195 2994 2289 3047 καὶ
2332 2993 2391 3045 ἐν
2436 2991 2590 3062 πυρί.
2626 2990 2798 3043 Τοῦτο
2829 2988 2938 3058 γάρ
2974 2987 3216 3054 ἐδίδαξεν
3257 2988 3285 3038 6
3338 2987 3610 3058 Ἰωάννης,
3649 2987 3781 3058 περὶ

2200 3085 2298 3157 μὲν
2345 3083 2538 3137 ἐαυτοῦ
2585 3081 2776 3147 εἰπὼν,
2831 3098 2848 3134 t
2909 3080 3052 3150 Ἐγὼ
3095 3081 3194 3151 μὲν
3239 3081 3386 3152 ὑμᾶς
3431 3079 3681 3149 βαπτίζω
3718 3081 3782 3131 ἐν

2117 3193 2159 3250 c
2195 3178 2366 3231 ὕδατι
2414 3197 2432 3228 ι
2465 3177 2594 3246 περὶ
2619 3175 2675 3229 δὲ
2708 3175 2802 3229 τοῦ
2843 3175 3116 3245 Σωτῆροςο
3151 3194 3170 3224 ι
3213 3173 3382 3236 Αὐτὸς
3413 3174 3554 3244 ὑμᾶς
3581 3170 3780 3241 βαπτίο

2200 3285 2279 3320 σει
2311 3270 2368 3320 ἐν
2401 3266 2678 3336 Πνεύματι
2705 3266 2846 3334 ἀγίῳ
2878 3266 2971 3318 καὶ
2994 3265 3146 3335 πυρί.
3187 3283 3206 3316 ι

2714 3357 3109 3411 ΚΕΦΑΛΑΙΟΝ
3155 3358 3228 3410 Ε’.

2274 3469 2293 3502 ι
2331 3451 2481 3522 ’ᾼσω
2514 3451 2579 3522 δὴ
2623 3448 2704 3520 τῷ
2746 3448 3091 3519 ἠγαπημένῳ
3131 3444 3282 3520 ᾆσμα
3321 3446 3415 3500 τοῦ
3467 3443 3781 3514 Ἀγαπητοῦ

2202 3563 2325 3616 μου,
2359 3545 2437 3616 τῷ
2465 3543 2750 3615 ἀμπελῶνί
2781 3560 2902 3614 μου.
2951 3539 3236 3612 ’Λμπελὼν
3263 3539 3498 3611 ἐγενήθη
3536 3539 3612 3609 τῷ
3639 3541 3783 3609 ἠγα-

2199 3637 2427 3708 πημένῳ
2469 3639 2527 3689 ἐν
2559 3635 2770 3706 κέρατι,
2804 3635 2862 3688 ἐν
2897 3634 3046 3704 τόπῳ
3076 3634 3239 3688 πίονι.
3286 3652 3304 3685 ι
3339 3633 3437 3686 Διά
3472 3633 3648 3686 τοίνυν
3680 3634 3785 3705 τῆς

2199 3730 2342 3801 ᾠδῆς
2363 3728 2568 3799 ταύτης
2605 3726 2704 3792 τάς
2729 3729 2809 3790 είς
2849 3727 2940 3779 τὸν
2971 3726 3269 3798 ἀμπελῶνα
3299 3724 3491 3778 ἐαυτοῦ
3516 3725 3786 3797 ἐργασίας

2199 3822 2640 3894 καταριθμεῖται,
2695 3821 2788 3873 καὶ
2831 3818 2928 3872 τοῦ
2974 3817 3296 3890 ἀμπελῶνος
3334 3815 3434 3888 τὴν
3478 3815 3787 3887 μοχθηρίαν

2199 3915 2435 3983 ἐλέγχει·
2483 3911 2726 3976 θεσπίζει
2759 3909 2818 3962 δέ
2857 3909 2952 3961 κα)⁸
2977 3907 3048 3961 τὰ
3082 3907 3343 3979 μέλλοντα
3384 3906 3531 3976 αὐτῷ
3569 3904 3786 3977 συμϐή-

2200 4005 2409 4058 σεσθαι.
2442 4003 2673 4072 Λέγεται
2702 3999 2834 4070 γοῦν
2863 4001 2934 4052 ἐν»
2957 4000 3149 4070 κέρατι
3178 3992 3338 4063 εῖναι,
3379 3997 3467 4050 διὰ
3499 3997 3560 4049 τὸ
3590 3996 3789 4066 συστῆο

2200 4116 2287 4152 ναι
2316 4096 2600 4167 βασιλικὴν
2641 4092 2972 4166 μητρόπολιν
3013 4094 3071 4146 ἐν
3111 4092 3248 4163 αὐτῇ
3285 4093 3350 4163 τῇ
3392 4089 3784 4163 Ἰερουσαλήμ·

2199 4187 2358 4240 εἴωθε
2387 4185 2496 4258 γὰρ
2523 4188 2556 4255 ἡ
2586 4185 2622 4235 Γ
2631 4183 2774 4255 ραφὴ
2801 4183 3013 4254 κέρατα
3033 4181 3134 4253 τῆς
3167 4181 3442 4252 βασιλείας
3473 4178 3787 4250 ὀνομάζειν.

2280 4299 2298 4330 v
2331 4280 2438 4332 Kal.
2463 4275 2716 4348 φραγμὸν
2732 4273 3034 4346 περιέθηκα
3054 4273 3152 4327 καὶ
3173 4272 3524 4344 ἐχαράκωσα,
3543 4271 3636 4323 καὶ
3656 4267 3790 4338 e96-

2200 4387 2369 4425 τευσα
2414 4369 2656 4440 ἄμπελον
2698 4368 2913 4438 Σορήκο
2954 4365 3050 4420 καὶ
3089 4364 3417 4436 ᾠκοδόμησα
3466 4363 3676 4434 πύργον
3724 4363 3791 4414 ἐν

2208 4463 2358 4535 μέσῳ
2387 4461 2575 4526 αὐτοῦ,
2609 4461 2702 4514 καὶ
2732 4460 3020 4532 προλήνιον
3045 4457 3231 4530 ῶρυξα
3256 4457 3316 4510 ἐν
3359 4454 3509 4527 αύτῷ
3580 4472 3596 4508 ι
3627 4453 3791 4526 Περι-

2208 4556 2402 4626 έθηκεν
2453 4550 2546 4607 οὖν
2591 4552 2739 4623 αὐτῷ
2782 4552 3057 4622 φραγμὸν,
3101 4548 3302 4622 δηλαδὴ
3341 4547 3419 4618 τῷ
3445 4548 3604 4602 παντὶ
3644 4545 3789 4617 λαῷ⁹

519 4645 952 4710 circumquaque
1011 4639 1260 4694 munivit.
1309 4637 1432 4691 Alio
1483 4638 1610 4692 item
1663 4638 1825 4692 modo
1877 4638 2092 4692 vallavit

2207 4648 2423 4709 πάντως
2446 4663 2546 4700 που
2568 4646 2820 4715 ἀγγέλοις
2843 4643 3007 4698 αὑτὸν
3029 4641 3391 4716 περιφράξας.
3433 4639 3792 4711 Ἐχαράκωπ

520 4750 666 4799 eam,
709 4732 986 4802 prophetis
1030 4743 1084 4786 et
1127 4730 1330 4785 sanctis
1364 4727 1498 4782 viris
1549 4729 1720 4798 ipsam
1762 4728 1994 4785 fulciens
2044 4741 2092 4784 et

2204 4739 2263 4792 δέ
2291 4739 2384 4791 καὶ
2427 4736 2598 4800 ἄλλως
2627 4735 2806 4801 αὑτὸν,
2859 4735 3169 4805 προφήταις
3197 4733 3292 4785 καὶ
3323 4731 3497 4800 ἁγίοις
3529 4729 3794 4801 ἀνδράσιν

519 4837 853 4884 sustentans.
881 4824 1022 4891 Quin
1065 4822 1230 4877 etiam
1280 4820 1544 4890 plantavit
1573 4836 1692 4876 eam
1739 4823 1951 4877 vineam
1994 4821 2092 4877 So-

2207 4826 2592 4899 ὑποστηρίξας.
2645 4823 2805 4877 Ἀλλὰ
2846 4823 2942 4876 καὶ
2969 4820 3368 4890 κατεφύτευσεν
3403 4818 3572 4887 αὐτὴν
3607 4816 3794 4887 ἄμπε-

523 4937 644 4986 rec,
703 4935 864 4991 quam
927 4918 1290 4989 Symmachus
1356 4915 1769 4984 interpretatur,
1847 4916 2092 4971 electam.

2202 4922 2292 4975 λον
2315 4921 2497 4993 Σορήκ
2516 4936 2528 4949 °
2557 4919 2625 4989 ἢν
2641 4921 2670 4971 6
2694 4917 2990 4988 Σύμμαχος
3017 4915 3360 4986 ἡρμήνευσεν
3383 4911 3666 4981 ἐκλεκτήν.
3689 4908 3794 4972 Τίς

517 5013 654 5081 Qme
683 5021 861 5065 autem
899 5010 1087 5066 isthaec
1109 5009 1268 5062 vinea
1301 5014 1442 5071 erat,
1487 5005 1592 5060 nisi
1627 5006 1785 5076 plane
1813 5005 2092 5077 Scriptura

2200 5012 2256 5065 δὲ
2283 5007 2350 5083 ἦν
2383 5009 2520 5081 αὓτη
2555 5011 2590 5080 ὴ
2617 5007 2860 5078 ἄμπελος
2891 5006 2927 5079 ἢ
2977 5007 3194 5069 πάντως
3228 5021 3330 5058 που
3358 5006 3392 5074 ἡ
3433 5002 3796 5063 θεόπνευστος

523 5105 791 5161 divinitus
845 5102 1129 5171 inspirata,
1180 5111 1234 5156 et
1288 5100 1392 5170 piae
1445 5099 1722 5169 religionis
1768 5113 1971 5164 sermo,
2017 5098 2104 5154 vel

521 5203 688 5257 etiam
718 5197 898 5267 ipsum
923 5195 1016 5248 Dei
1045 5192 1304 5257 Verbum,
1336 5193 1478 5262 quod
1535 5191 1589 5246 in
1636 5191 1946 5262 Evangeliis
1987 5191 2102 5247 haec

521 5302 590 5353 de
617 5312 676 5354 se
702 5299 863 5352 docet
895 5307 958 5349 ac
997 5291 1256 5361 loquitur,
1305 5310 1324 5342 ι
1353 5291 1465 5362 Ego
1503 5305 1622 5346 sum
1676 5289 1804 5344 vitis
1851 5303 2001 5353 vera,
2043 5301 2099 5346 et

517 5389 685 5444 Pater
715 5403 867 5443 meus
909 5383 1144 5454 agricola
1177 5392 1260 5438 est
1279 5382 1368 5435 ’1?
1403 5401 1422 5434 ι
1468 5380 1547 5437 Ex
1575 5383 1693 5452 ipso
1728 5381 1927 5452 quippe
1951 5383 2101 5452 prior

487 5477 496 5498 ⁸
521 5484 649 5536 item
677 5480 906 5550 populus
937 5478 1239 5533 divinarum
1276 5475 1683 5544 disciplinarum
1708 5472 2100 5542 plantationem

517 5572 748 5642 accepit.
778 5567 1128 5624 Protorcular
1161 5578 1347 5621 autem
1383 5565 1517 5620 {odit
1553 5565 1606 5618 in
1645 5577 1733 5627 ea,
1767 5562 1941 5618 altare
1991 5563 2098 5618 sci-

521 5663 650 5719 licet
687 5661 922 5732 positum
953 5671 1080 5716 ante
1110 5659 1386 5730 templum.

591 5845 637 5876 "‘
676 5844 866 5900 Matth.
894 5859 977 5910 ιιι,
1003 5843 1090 5898 Η.
1170 5842 1213 5874 ⁸³
1246 5840 1403 5896 Joau.
1453 5854 1490 5907 I,
1523 5839 1610 5896 26.
1691 5839 1733 5869 "
1765 5835 1898 5894 Ibid.
1941 5839 2028 5894 55.

2203 5102 2416 5174 Γραφὴ,
2445 5101 2537 5156 καὶ
2560 5103 2588 5154 6
2617 5101 2717 5171 τῆς
2739 5097 3047 5162 θεοσεδείας
3072 5096 3250 5166 λόγος,
3275 5096 3308 5168 ἢ
3333 5095 3428 5148 καὶ⁵
3453 5093 3611 5155 αὐτὸς
3639 5093 3669 5145 6
3691 5089 3796 5143 τοῦ

2204 5194 2341 5248 Θεοῦ
2368 5194 2564 5263 Λόγος,
2601 5192 2630 5245 6
2671 5193 2730 5245 ἐν
2774 5189 3130 5261 Εὑαγγελίοις
3171 5189 3302 5261 περὶ
3338 5184 3532 5240 ἐαυτοῦ
3572 5181 3796 5248 διδάξας

2208 5287 2303 5340 καὶ
2336 5285 2528 5350 εἰπὼν,
2559 5305 2579 5337 ι
2633 5283 2774 5354 Ἐγώ
2809 5285 2927 5355 είμι
2952 5285 2987 5355 ἡ
3019 5281 3262 5354 ἄμπελος
3300 5282 3334 5351 ὴ
3359 5277 3608 5350 ἀληθινὴ,
3639 5275 3733 5330 καὶ
3762 5278 3798 5330 6

2206 5379 2398 5450 Πατήρ
2431 5395 2531 5449 μου
2562 5379 2592 5432 ό
2615 5377 2897 5450 γεωργός;
2940 5394 2960 5428 ι
3013 5373 3103 5440 Ἐξ
3128 5371 3292 5427 αὑτοῦ
3321 5371 3431 5442 γάρ
3460 5370 3552 5423 καὶ
3580 5369 3608 5421 6
3635 5366 3798 5438 πρῶ-

2203 5488 2296 5534 τος
2327 5470 2457 5536 λαὸξ
2496 5469 2594 5542 τὴν
2633 5469 2744 5525 τῶν
2775 5470 2938 5526 θείων
2970 5466 3228 5540 μαθητῶν
3272 5459 3665 5538 [μαθημάτων]
3692 5476 3800 5530 φυ-

2207 5561 2357 5614 τείαν
2417 5561 2625 5633 εἴληφε.
2669 5561 2966 5632 Προλήνιον
3010 5555 3106 5614 οὖν
3151 5556 3368 5630 ὀρύττει
3412 5554 3472 5609 ὲν
3506 5550 3656 5622 αύτῷ
3732 5551 3804 5602 τὸ

2209 5652 2314 5723 πρὸ
2341 5652 2434 5707 τοῦ
2475 5653 2602 5706 ναοῦ
2647 5652 3044 5724 θυσιαστήριυν.

2110 5839 2149 5867 ¹⁹
2185 5833 2338 5888 Juau.
2367 5849 2456 5898 xv,
2491 5835 2538 5887 l.
