4062 6400
361 287 465 348 117

1320 287 1819 346 COMMENTARIA
1859 287 1924 345 IN
1963 288 2215 346 ISAIAM.
2254 320 2324 331 —
2361 289 2510 346 CAP.
2553 286 2619 342 ν.

3516 286 3614 341 H8

437 428 454 457 ι
501 407 609 460 Καὶ
642 406 830 478 ἔμεινα
852 407 948 462 τοῦ
984 407 1208 477 ποιῆσαι
1232 406 1529 478 σταφυλὴν,
1562 407 1653 460 καὶ
1686 407 1938 476 ἐποίησεν

2118 407 2278 462 Vens.
2310 406 2427 461 3-6.
2474 426 2491 457 ‹
2548 407 2615 460 Ει
2665 403 2973 474 exspectavi
3017 411 3072 456 ut
3113 401 3316 478 faceret
3371 416 3522 466 uvas,
3559 413 3611 458 et

357 500 621 563 ἀκάνθας.
650 499 758 552 Καὶ
783 498 877 552 νῦν
902 499 952 552 οἱ
986 496 1320 562 ἐνοικοῦντες
1343 499 1399 552 ἐν
1440 497 1816 570 Ἰερουσαλὴμ,
1849 499 1942 552 καὶ

356 594 644 665 ἄνθρωπος
670 589 764 645 τοῦ
816 590 1006 656 Ἰούδα,
1043 590 1262 663 κρίνατε
1298 592 1354 643 ἐν
1388 591 1532 661 ἐμοὶ,
1568 590 1664 643 καὶ
1698 591 1801 644 ἀνά
1850 590 1944 661 μέ-

360 703 453 739 σον
481 683 575 738 τοῦ
611 682 930 754 ἀμπελῶνός
965 700 1086 754 μου.
1123 682 1189 734 Τί
1215 684 1431 754 ποιήσω
1460 682 1539 735 ἔτι
1557 682 1637 753 τῷ
1661 683 1943 754 ἀμπελῶνί

359 794 485 847 μου,
511 775 606 829 καὶ
630 775 729 828 οὐκ
758 773 989 844 ἐποίησα
1017 773 1201 845 αύτῷ;
1228 773 1362 827 διότι
1387 774 1578 846 έμεινα
1599 774 1690 827 τοῦ
1720 774 1942 844 ποιῆσαι

359 865 656 937 σταφυλὴν,
689 865 911 937 ἐποίησε
959 864 1014 917 δὲ
1062 865 1321 929 ἀκάνθας.
1357 865 1473 919 Νῦν
1522 861 1615 920 οὖν
1659 864 1944 934 ἀναγγελῶ

358 957 488 1029 ύμῖν
515 956 566 1009 τί
591 957 801 1027 ποιήσω
832 954 911 1026 τῷ
939 955 1224 1025 ἀμπελῶνί
1263 973 1362 1027 μου
1385 972 1398 986 ·
1440 955 1650 1025 Ἀτρελῶ
1681 956 1772 1009 τὸν
1806 973 1942 1027 φρα-

355 1049 496 1120 γμὸν
529 1048 714 1111 αὐτοῦ,
753 1049 846 1103 καὶ
887 1048 1039 1102 ἔσται
1080 1050 1158 1112 είς
1202 1050 1543 1121 διαρπαγήν⁸
1584 1043 1689 1104 ’καὶ
1731 1049 1942 1104 καθελῶ

355 1141 449 1196 τὸν
492 1143 665 1212 τοῖχον
709 1139 895 1204 αὑτοῦ,
937 1142 1030 1194 καὶ
1071 1141 1223 1195 ἔσται
1267 1144 1347 1206 είς
1386 1143 1795 1214 καταπάτημα·
1847 1143 1944 1197 καὶ

354 1234 543 1306 ἀνήσω
585 1233 678 1286 τὸν
712 1233 1009 1305 ἀμπελῶνά
1043 1252 1164 1304 μου,
1203 1235 1297 1288 καὶ
1331 1235 1392 1288 ού
1441 1235 1516 1307 μὴ
1565 1235 1795 1307 τιμηθῇ,
1834 1235 1943 1289 οὐδ’

354 1324 418 1378 ού
448 1323 522 1396 μὴ
554 1327 758 1396 σκαφῇ,
789 1326 884 1379 καὶ
912 1325 1242 1397 ἀναϐήσεται
1270 1327 1348 1391 είς
1382 1326 1565 1390 αὐτὸν,
1594 1327 1666 1391 ὼς
1703 1329 1783 1391 είς
1815 1327 1942 1400 χέρ·

245 1413 250 1418 ”
358 1433 471 1480 σον,
517 1415 746 1472 ἄκανθα.
789 1418 900 1471 Καὶ
940 1420 1061 1482 ταῖς
1093 1418 1344 1489 νεφέλαις
1376 1417 1697 1487 ἐντελοῦμαι
1727 1417 1820 1472 τοῦ
1868 1418 1941 1490 μὴ

357 1506 547 1577 βρέξαι
574 1508 655 1570 είς
687 1507 848 1560 αὑτὸν
884 1507 1056 1561 ὑετόν.
1103 1527 1122 1560 ι
1162 1508 1410 1574 Νεφέλας
1441 1508 1615 1579 δηλῶν
1646 1509 1774 1572 τοὺς
1820 1525 1944 1580 προ-

356 1599 564 1668 φήταςο
598 1597 734 1651 ἀλλά
773 1599 864 1652 καὶ
898 1597 985 1650 διά
1029 1598 1088 1650 τὸ
1118 1597 1355 1669 καθαρὸν
1390 1598 1570 1652 αὐτῶν
1603 1599 1698 1652 καὶ¹
1723 1599 1964 1668 διαυγὲς.

354 1687 450 1741 τοῦ
493 1687 631 1758 βίου,
673 1687 903 1757 νεφέλας
949 1688 1147 1752 αὐτοὺς
1181 1687 1367 1742 καλείθ
1408 1687 1495 1742 διά
1526 1688 1732 1742 τούτων
1769 1689 1878 1759 γὰρ
1916 1689 1944 1740 6

2049 494 2174 548 fecit
2207 493 2414 564 spinas.
2465 494 2532 548 Et
2583 507 2727 548 nunc
2764 491 2854 562 qui
2914 491 3150 546 incolitis
3197 489 3518 556 Jerusalem,
3559 503 3612 544 et

2046 587 2210 642 homo
2267 585 2428 650 Juda,
2462 586 2704 656 judicate
2761 585 2904 640 inter
2953 599 3040 639 me
3107 592 3162 638 et
3220 584 3362 639 inter
3399 583 3612 638 vineam

2045 693 2241 732 meam.
2293 677 2432 745 Quid
2483 678 2674 732 faciam
2721 677 2898 732 adhuc
2920 677 3092 731 vinea:
3137 691 3292 744 meae,
3334 676 3611 744 quodnon

2045 767 2147 822 feci
2180 768 2280 824 ei?
2309 768 2437 837 quia
2469 768 2778 837 exspectavi
2817 777 2877 822 ut
2927 766 3130 823 faceret
3167 783 3319 834 uvas,
3354 766 3447 821 sed
3488 765 3618 820 fecit

2044 861 2269 930 spinas?
2309 861 2465 916 Nunc
2504 861 2671 932 igitur
2700 861 3038 916 annuntiabo
3068 862 3224 916 vobis
3255 860 3382 930 quid
3417 859 3611 915 faciam

2044 951 2216 1006 vinea:
2246 967 2376 1008 meae
2407 973 2420 1009 :
2448 952 2702 1008 Auferam
2732 967 2912 1022 sepem
2955 951 3096 1022 ejus,
3141 960 3197 1008 et
3247 951 3352 1007 erit
3380 953 3434 1005 in
3473 951 3617 1005 dire—

2043 1044 2281 1114 ptionem
2311 1045 2558 1098 :diruam
2588 1044 2882 1098 maceriam
2906 1041 3045 1113 ejus,
3087 1052 3141 1098 et
3161 1042 3266 1097 erit
3303 1042 3355 1096 in
3393 1041 3614 1098 concul—

2045 1135 2314 1189 cationem
2354 1153 2367 1188 :
2399 1142 2454 1188 et
2478 1133 2778 1203 relinquam
2815 1132 3028 1186 vineam
3069 1146 3266 1198 meam,
3307 1141 3496 1188 etnon
3522 1148 3618 1202 pu-

2045 1225 2271 1288 tabitur,
2315 1240 2490 1294 neque
2517 1223 2772 1287 fodietur,
2804 1232 2858 1277 et
2886 1232 3136 1277 crescent
3167 1222 3219 1276 in
3242 1236 3325 1287 ea,
3359 1230 3617 1292 tanquam

2045 1317 2099 1371 in
2140 1317 2340 1370 inculta
2401 1325 2571 1380 terra,
2628 1315 2820 1386 spinae.
2859 1314 2924 1368 Et
2954 1313 3187 1369 nubibus
3232 1314 3503 1370 mandabo
3549 1326 3619 1369 ne

2044 1406 2229 1476 pluant
2262 1420 2428 1476 super
2452 1420 2570 1460 eam
2608 1404 2867 1476 pluviam.
2895 1422 2913 1455 ι
2944 1402 3125 1458 Nubes
3157 1418 3360 1458 vocans
3390 1405 3618 1475 prophe-

2049 1509 2130 1552 tas
2163 1518 2176 1554 :
2212 1513 2346 1567 quos
2383 1499 2452 1551 ob
2496 1498 2790 1567 puritatem
2827 1505 2882 1551 et
2922 1496 3046 1551 vita:
3075 1495 3421 1564 splendorem
3448 1498 3618 1552 nubes

2046 1587 2316 1658 appellat:
2357 1589 2550 1643 borum
2600 1586 2746 1641 enim
2785 1602 2952 1656 Opera
2984 1587 3227 1641 caelestis
3273 1587 3408 1656 ipsis
3434 1602 3618 1642 sermo

2047 1679 2313 1746 dabatur,
2375 1681 2572 1751 quibus
2618 1679 2879 1736 Dominus
2935 1693 2996 1734 se
3031 1678 3394 1735 discessurum
3446 1679 3619 1734 inter-

351 1777 602 1851 οὐράνιος
633 1779 812 1841 αὐτοῖς
835 1780 1152 1852 ἐχορηγεῖτο
1186 1777 1370 1848 λόγος·
1406 1774 1487 1843 οἷς
1518 1779 1732 1834 ἀπειλεῖ
1762 1781 1790 1832 ό
1822 1780 1938 1835 Κύ-
1971 1768 2013 1822 Β
2042 1769 2299 1826 minatur.

354 1887 472 1944 ριος
501 1872 829 1941 ἀποστήσειν
863 1869 1060 1925 αὐτῶν.

429 1982 449 2015 ι
490 1965 717 2035 Ἔμεινα
744 1963 838 2018 τοῦ
866 1965 1087 2035 ποιῆσαι
1110 1966 1313 2038 κρίσιν,
1343 1965 1568 2037 ἐποίησε
1598 1965 1655 2020 δὲ
1687 1967 1939 2038 ἀνομίαν,

353 2054 450 2109 καὶ
478 2055 537 2108 οὐ
565 2053 934 2127 δικαιοσύνην,
981 2054 1119 2109 ἀλλὰ
1150 2057 1417 2128 κραυγήν.
1466 2076 1484 2108 ι
1533 2057 1798 2130 Κραυγὴν
1833 2057 1942 2130 γὰρ

352 2143 548 2215 ἀφίησι
574 2145 722 2198 πᾶσα
747 2145 885 2217 πρὸς
907 2144 1136 2199 θάνατον
1162 2146 1428 2218 ἁμαρτία,
1449 2145 1658 2218 βοώσης
1681 2147 1779 2218 τῆς
1809 2148 1944 2219 πρά-

354 2235 492 2302 ξεως
526 2236 724 2308 αὐτῆς·
760 2236 903 2290 οὕτω
929 2237 1062 2306 γοῦν
1102 2237 1318 2310 εἴρηται
1345 2239 1425 2306 τὸ,
1467 2258 1486 2290 ι
1525 2239 1680 2311 Φωνὴ
1712 2240 1940 2312 αἵματος

357 2325 524 2380 Ἅϐελ
550 2326 644 2380 τοῦ
671 2326 899 2398 ἀδελφοῦ
928 2345 1021 2381 σου
1050 2327 1150 2402 βοᾷ
1182 2331 1319 2401 πρὸς
1347 2330 1436 2401 μέ.

431 2525 453 2559 r
489 2499 563 2562 Θῦ
591 2506 715 2579 ⁵γὰρ
748 2507 1014 2580 ἐργῶνται
1043 2507 1175 2568 δέκα
1199 2509 1369 2582 ζεύγη
1418 2510 1578 2581 βοῶν,
1610 2512 1822 2584 ποιήσει
1849 2531 1940 2567 κε-

355 2598 554 2672 ράμιον
580 2599 639 2652 ἓν
659 2616 672 2631 ·
699 2600 794 2652 καὶ
817 2603 845 2654 ό
863 2599 1101 2672 σπείρων
1128 2602 1372 2674 ἀρτάϐας
1407 2602 1486 2668 ἐξ,
1520 2604 1734 2677 ποιήσει
1765 2605 1939 2679 μέτρα

350 2690 496 2763 τρία.
539 2709 557 2742 ι
591 2687 857 2754 Σπανίους
901 2691 1056 2756 τινὰς
1082 2693 1210 2757 τοὺς
1254 2697 1313 2748 ἐν
1345 2694 1529 2758 αὐτοῖς
1577 2697 1939 2770 εὑρεθησομέ-

352 2797 476 2845 νους
501 2781 773 2853 σωτηρίας
798 2780 983 2849 ἀξίους
1014 2784 1333 2839 αἰνίττεται.

428 2978 446 3010 ι
489 2958 626 3012 Οὐαὶ
652 2960 700 3012 0i
726 2958 1062 3031 ἐγειρόμενοι
1094 2959 1154 3014 τὸ
1182 2961 1348 3034 πρωῒ,
1375 2964 1470 3018 καὶ
1499 2965 1562 3019 τὸ
1595 2965 1788 3040 σίκερα
1813 2967 1937 3022 διώ-

350 3069 558 3116 κοντες,
587 3054 638 3105 οἱ
675 3052 926 3122 μένοντες
963 3053 1025 3106 τὸ
1062 3053 1178 3124 ὀψέ·
1213 3056 1243 3107 6
1274 3055 1379 3127 γὰρ
1411 3052 1552 3121 οἶνος
1579 3059 1778 3125 αὐτοὺς
1806 3079 1936 3132 συγ-

350 3145 565 3198 καύσει.
613 3163 634 3195 ι
677 3119 796 3215 -Τῆς
835 3119 1201 3216 ἀποστολικῆς
1230 3119 1429 3212 λέξεως
1586 3119 1846 3223 ἐξήγησιν
1875 3119 1936 3207 τὸ
1962 3119 2006 3179 C

351 3237 526 3308 παρὸν
571 3235 728 3290 τοῦτο
764 3237 930 3308 μέρος
965 3238 1065 3309 τῆς
1108 3240 1446 3312 προφητείας
1492 3243 1766 3314 περιέχει·
1803 3244 1936 3299 διότι

348 3329 479 3402 γάρ,
517 3329 670 3400 φησὶ,
705 3348 722 3380 ι
767 3329 1004 3382 Μέθυσοι
1039 3330 1316 3401 βασιλείαν
1346 3331 1480 3387 Θεοῦ
1508 3335 1569 3386 οὑ
1608 3334 1937 3410 κληρονομή-

349 3439 524 3475 σουσι·
565 3442 584 3472 ι
611 3422 893 3474 τουτέστιν
914 3423 964 3475 οἱ
985 3421 1110 3494 ἄρτι
1129 3422 1228 3494 τὴν
1261 3424 1324 3478 ἐκ
1356 3425 1456 3495 τῆς
1477 3427 1726 3498 νεότητος
1751 3430 1935 3483 ἄνοιαν

349 3515 696 3586 ἀποθέμενοι,
731 3516 824 3568 καὶ
854 3505 976 3569 ἀντὶ
1006 3515 1107 3585 τῆς
1142 3515 1236 3568 τοῦ
1284 3517 1444 3587 λόγου
1476 3520 1758 3593 δυνάμεως
1786 3523 1936 3576 εὐτό-

349 3625 455 3670 νως
505 3608 901 3662 καταπαλαίειν
953 3609 1020 3660 τά
1074 3608 1244 3681 πάθη,
1301 3609 1733 3685 ἀνατρεπόμενοι
1803 3618 1934 3689 παρ’

348 3700 551 3763 αὐτῶν,
581 3703 672 3754 καὶ
699 3697 810 3755 οἷόν
843 3719 963 3755 τινα
1006 3701 1174 3773 μέθην
1207 3702 1275 3756 τά
1298 3704 1445 3776 πάθη
1484 3706 1930 3776 μεταδιώκοντες.

350 3795 509 3858 Εἰκὸς
538 3795 594 3848 δέ
616 3796 740 3857 τοὺς
784 3793 1066 3860 Ἰουδαίους
1097 3797 1189 3848 καὶ
1224 3795 1361 3868 μετὰ
1390 3798 1491 3870 τὴν
1520 3799 1663 3852 κατά
1689 3799 1784 3853 τοῦ
1820 3801 1934 3854 Σω-

346 3889 511 3959 τῆρος
557 3887 711 3958 ἡμῶν
739 3887 962 3958 τόλμαν,
1019 3889 1108 3942 ὅτε
1141 3889 1308 3959 ἐχρῆν
1357 3891 1558 3954 αὐτοὺς
1593 3891 1808 3945 πενθεῖν
1846 3891 1934 3946 διά

346 3981 447 4050 τὴν
479 3979 772 4051 μέλλουσαν
807 3979 1211 4050 καταλήψεσθαι
1238 3981 1436 4046 αὐτοὺς
1464 3983 1654 4054 ὀργὴν,
1695 3985 1935 4054 κραιπά-

347 4071 485 4140 λαις,
509 4071 603 4125 καὶ
635 4071 1016 4141 οίνοφλυγίαις,
1036 4072 1131 4126 καὶ
1158 4077 1224 4146 τῇ
1253 4072 1388 4147 ἄλλῃ
1416 4077 1596 4147 τρυφῇ
1631 4075 1930 4146 σχολάζειν.

235 4206 238 4208 ν
345 4161 438 4214 Διὸ
484 4159 858 4224 ταλανίζονται
911 4161 1017 4215 ὑπὸ
1061 4161 1155 4215 τοῦ
1185 4163 1365 4232 λόγου,
1409 4163 1485 4228 ὼς
1516 4164 1934 4238 ἀνεπαισθήτως

345 4250 561 4323 ἔχοντες
576 4251 686 4306 τῶν
707 4253 830 4306 ὅσον
851 4251 1002 4307 οῦπω
1023 4253 1482 4326 καταληψομένων
1502 4256 1699 4320 αὐτοὺς
1722 4256 1928 4312 κακῶν.

2114 1958 2280 2015 Vens.
2310 1958 2364 2013 7.
2401 1978 2417 2010 ι
2452 1957 2780 2030 Exspectavi
2820 1965 2879 2012 ut
2920 1956 3125 2013 faceret
3150 1954 3438 2032 judicium,
3492 1953 3620 2012 fecit

2042 2059 2222 2105 autem
2276 2051 2645 2121 iniquitatem,
2701 2059 2756 2106 et
2809 2065 2914 2106 non
2956 2051 3248 2120 justitiam,
3287 2052 3382 2106 sed
3417 2049 3620 2106 clamo-

2042 2157 2180 2197 rem.
2213 2161 2232 2195 ›
2265 2141 2400 2197 Nam
2440 2157 2601 2197 omne
2634 2154 2914 2213 peccatum
2946 2143 3014 2198 ad
3033 2154 3290 2210 mortem,
3318 2143 3614 2199 clamorem

2041 2232 2264 2302 emittit,
2306 2235 2574 2289 clamante
2626 2235 2710 2289 vel
2747 2235 2862 2305 ipsa
2914 2236 3172 2292 actione:
3227 2233 3308 2289 sic
3347 2233 3494 2289 enim
3529 2233 3616 2288 di-

2043 2334 2190 2380 ctum
2230 2335 2334 2392 est,
2377 2344 2397 2378 ‹
2424 2326 2544 2381 Vox
2587 2327 2872 2397 sanguinis
2903 2327 3034 2383 Abel
3074 2326 3260 2382 fratris
3301 2324 3380 2380 tui
3422 2323 3619 2379 clamat

2041 2416 2107 2471 ad
2141 2431 2225 2472 me
2247 2417 2314 2472 ³⁸.
2346 2434 2365 2468 ι

2113 2508 2280 2566 Vens.
2309 2508 2401 2564 10.
2444 2528 2464 2563 ι
2497 2510 2602 2566 Ubi
2656 2524 2800 2566 enim
2841 2521 3002 2568 arant
3031 2512 3215 2567 decem
3243 2509 3367 2581 iuga
3427 2512 3612 2574 boum,

2040 2600 2206 2658 faciet
2242 2602 2592 2673 lagunculam
2626 2593 2849 2658 unam:
2899 2611 2955 2658 et
3009 2603 3104 2672 qui
3135 2603 3369 2658 seminat
3396 2601 3615 2656 artabas

2039 2709 2156 2759 sex,
2206 2693 2366 2750 faciet
2395 2708 2681 2751 mensuras
2708 2705 2838 2750 tres.
2871 2714 2891 2748 ι
2920 2692 3095 2749 Raros
3134 2693 3394 2764 quosdam
3441 2692 3616 2748 homi-

2039 2801 2158 2851 nes,
2194 2786 2287 2856 qui
2325 2785 2467 2857 apud
2500 2786 2646 2856 ipsos
2681 2786 2852 2842 salute
2881 2785 3028 2856 digni
3081 2785 3436 2855 reperientur,
3485 2784 3614 2840 sub-

2040 2876 2267 2932 iudicat.

2110 2968 2275 3023 Vens.
2311 2969 2401 3023 Η.
2439 2985 2457 3019 ι
2490 2965 2583 3024 Vae
2621 2968 2689 3024 iis
2713 2969 2802 3038 qui
2829 2983 2987 3024 mane
3017 2976 3268 3039 surgunt,
3303 2977 3357 3022 et
3383 2967 3609 3022 siceram

2038 3071 2478 3131 persequuntur;
2519 3063 2612 3132 qui
2656 3071 2877 3116 manent
2917 3076 3186 3131 vespere:
3244 3062 3430 3116 vinum
3472 3062 3612 3115 enim

2040 3153 2325 3209 comburet
2380 3169 2496 3211 eos.
2547 3173 2567 3207 ι
2616 3153 2914 3224 Apostolici
2977 3153 3105 3208 dicti
3173 3152 3610 3223 eXplanationem

2037 3259 2165 3315 pars
2213 3246 2328 3301 haec
2387 3247 2684 3318 prophetiae
2735 3249 2975 3302 continet
3015 3264 3028 3301 :
3065 3262 3185 3300 nam
3234 3247 3374 3311 ideo,
3420 3245 3612 3314 inquit,

2044 3356 2064 3389 r
2104 3336 2251 3391 Ebrii
2283 3337 2505 3408 reg‘num
2552 3339 2647 3394 Dei
2698 3353 2804 3393 non
2849 3338 3310 3408 possidebunt";
3353 3354 3372 3389 ι
3429 3336 3612 3400 idest,

2039 3430 2129 3500 qui
2161 3431 2721 3501 nondumjuventutis
2751 3431 3120 3500 insipientiam
3139 3432 3526 3500 deposuerunt,
3560 3443 3613 3484 et

2038 3521 2154 3592 qui,
2191 3535 2314 3576 cum
2360 3520 2702 3576 turbulentos
2748 3521 2916 3575 animi
2970 3534 3147 3574 motus
3195 3529 3417 3574 strenue
3443 3535 3613 3588 appu-

2045 3627 2215 3684 gnare
2262 3612 2531 3678 debeant,’
2561 3613 2628 3666 ab
2679 3612 2746 3667 iis
2778 3621 2964 3666 contra
2993 3611 3402 3672 subvertuntur.
3427 3621 3480 3665 et
3513 3627 3610 3666 ceu

2037 3705 2328 3770 quamdam
2383 3703 2726 3768 ebrietatem,
2790 3703 2958 3756 animi
3035 3702 3256 3757 morbos
3310 3712 3610 3758 sectantur.

2037 3796 2345 3852 Verisimile
2390 3811 2554 3868 porro
2597 3803 2681 3849 est
2729 3792 2946 3849 Iudaeos
2994 3805 3116 3864 post
3155 3794 3359 3849 editum
3418 3805 3608 3850 contra

2037 3887 2374 3976 Salvatorem
2421 3895 2669 3942 nostrum
2716 3885 2916 3952 scelus,
2968 3901 3092 3940 cum
3148 3901 3248 3958 par
3283 3887 3474 3942 fuisset
3493 3903 3608 3954 eos,

2037 3978 2257 4034 ultionis
2277 3994 2381 4048 qua
2411 3978 2701 4033 invadendi
2727 3987 2885 4032 erant
2917 3987 3088 4042 metu,
3109 3977 3318 4048 lugere,
3345 3978 3607 4047 crapulis,

2037 4070 2412 4134 ebrietatibus,
2461 4069 2690 4140 aliisque
2750 4069 3118 4139 voluptatibus
3174 4084 3423 4125 vacasse.
3467 4070 3612 4137 Qua-

2035 4171 2258 4231 propter
2315 4161 2498 4216 miseri
2557 4177 2587 4216 a
2646 4161 2924 4231 Scriptura
2985 4161 3366 4232 praedicantur,
3422 4171 3606 4232 utpote

2034 4252 2124 4320 qui
2155 4249 2302 4307 nullo
2329 4267 2452 4307 mox
2495 4250 2797 4306 futurorum
2826 4250 3090 4306 malorum
3121 4266 3281 4307 sensu
3325 4267 3608 4307 moveren-

2035 4352 2088 4397 tu
2097 4359 2138 4399 Υ.

422 4448 441 4482 ι
471 4429 746 4503 Ἀίετάγάρ
769 4429 1003 4503 κιθάρας
1030 4430 1125 4484 καὶ
1156 4430 1477 4502 ψαλτηρίου,
1514 4433 1607 4486 καὶ
1633 4431 1930 4504 τυμπάνων

2109 4435 2275 4491 Vens.
2305 4434 2392 4491 1⁸2.
2445 4452 2467 4489 σ
2495 4434 2628 4492 Nam
2677 4451 2798 4492 cum
2822 4437 3058 4501 cithara,
3091 4437 3348 4507 psalterio
3381 4446 3434 4492 et
3465 4446 3607 4508 tym-

343 4521 435 4576 τὸν
461 4518 604 4576 οἶνον
652 4521 899 4576 πίνουσι·
936 4521 1006 4575 τὰ
1053 4522 1109 4575 δὲ
1157 4522 1293 4594 ἔργα
1325 4523 1530 4596 Κυρίου
1582 4525 1682 4578 οὐκ
1734 4525 1929 4596 epeia-

346 4631 528 4681 πουσι,
564 4616 658 4668 καὶ
697 4615 765 4668 τά
807 4614 944 4684 ἔργα
976 4613 1084 4667 τῶν
1126 4614 1320 4686 χειρῶν
1351 4615 1515 4669 αὐτοῦ
1552 4617 1612 4669 ού
1641 4616 1931 4671 κατανοοῦ-

349 4723 451 4759 σιν.
493 4725 510 4757 ι
562 4705 700 4758 Ἀλλ’
734 4705 852 4759 οὐδὲ
891 4708 1002 4769 τοῖς
1033 4705 1197 4769 θείοις
1232 4705 1518 4777 προσέχειν
1567 4708 1788 4777 λογίοις,
1833 4710 1926 4762 καὶ

345 4799 446 4869 τὴν
481 4798 691 4852 ἐκεῖθεν
723 4798 988 4868 ὠφέλειαν
1033 4797 1376 4870 καρποῦσθαι
1421 4794 1531 4852 οἷόν
1559 4817 1616 4852 τε
1654 4802 1780 4864 τοὺς
1819 4818 1925 4853 κω-

351 4897 611 4966 μαστικὸν
647 4895 759 4966 βίον
803 4894 1236 4966 ἀσπαζομένους,
1282 4895 1375 4949 καὶ
1423 4895 1563 4968 μέθῃ
1597 4895 1690 4948 καὶ
1738 4897 1930 4968 κορδα-

345 4991 563 5058 κισμοῖς
593 4977 764 5061 κεχρη
773 4990 988 5060 μένους.

421 5183 440 5216 ι
478 5164 666 5217 Τοίνυν
695 5163 1037 5236 αἰχμάλωτος
1073 5165 1102 5217 6
1130 5165 1258 5230 λαός
1294 5183 1392 5236 μου
1430 5163 1687 5235 ἐγενήθη,
1732 5163 1821 5217 διά
1865 5163 1927 5216 τὸ

347 5257 422 5328 μὴ
465 5256 663 5310 εἰδέναι
695 5257 889 5321 αὐτοὺς
935 5256 1027 5310 τὸν
1059 5256 1284 5328 Κύριον,
1319 5256 1419 5309 καὶ
1460 5254 1663 5325 πλῆθος
1695 5255 1927 5327 ἐγενήθη

341 5349 552 5418 νεκρῶν
592 5348 679 5403 διὰ
725 5348 882 5421 λιμὸν
915 5350 1010 5403 καὶ
1060 5348 1210 5418 δίψος
1253 5348 1442 5411 ὓδατος
1482 5345 1615 5418 (10).
1653 5365 1672 5400 ι
1720 5347 1928 5419 Ῥητῶς

414 5469 460 5502 ³⁸
487 5467 624 5524 Gen.
662 5483 738 5535 iv,
770 5468 854 5524 lt).
931 5470 975 5501 ²⁹
1005 5467 1024 5521 l
1056 5467 1182 5524 Cor.
1208 5482 1281 5532 vr,
1313 5466 1400 5520 10.

419 5611 535 5684 (10)
573 5612 700 5667 Haec
730 5612 802 5666 ita
831 5613 1196 5684 Hieronymus
1229 5610 1416 5674 vertit,
1451 5627 1470 5662 ι
1500 5606 1808 5684 Haecjuxta
1837 5605 1919 5660 lit-

349 5677 525 5740 ter'am'
549 5684 816 5738 accidisse
855 5678 1050 5753 popqu
1089 5681 1398 5738 Judzeorum
1441 5680 1563 5753 sub‘
1591 5677 1920 5747 Vespasiano

349 5764 404 5809 et
458 5753 581 5810 Tito
632 5749 890 5810 Romanis
929 5749 1318 5820 principibus,
1369 5761 1477 5806 tam
1525 5749 1710 5806 Graeca
1758 5762 1916 5817 quam

2037 4531 2194 4600 panis
2224 4529 2407 4583 vinum
2435 4539 2660 4599 potant:
2695 4544 2860 4599 apera
2923 4541 3101 4585 autem
3140 4529 3348 4584 Domini
3377 4544 3479 4583 non
3523 4543 3610 4584 re-

2035 4621 2294 4690 spiciunt,
2331 4631 2387 4676 et
2425 4635 2588 4691 opera
2624 4637 2881 4676 manuum
2903 4623 3019 4689 ejus
3048 4635 3154 4675 non
3188 4619 3548 4676 considerant.
3583 4639 3602 4673 ι

2039 4716 2234 4771 Verum
2265 4731 2363 4772 nec
2396 4717 2514 4772 fieri
2555 4726 2792 4786 poterat,
2826 4727 2884 4771 ut
2921 4718 2979 4784 ii,
3023 4717 3114 4786 qui
3148 4715 3404 4770 lascivam
3437 4715 3603 4768 vitam

2035 4809 2526 4880 amplectebantur,
2567 4824 2632 4864 ac
2679 4809 2932 4866 ebrietati
2987 4806 3474 4880 saltationibusque
3518 4809 3609 4862 de-

2034 4900 2128 4955 diti
2180 4909 2360 4964 erant,
2393 4899 2592 4954 divinis
2637 4897 2980 4953 attenderent
3040 4896 3275 4954 oraculis
3334 4897 3402 4952 ab
3436 4897 3609 4966 iisque

2032 4991 2268 5047 fructum
2303 4991 2666 5063 perciperent.

2106 5161 2268 5218 Vsus.
2313 5163 2399 5220 15.
2436 5183 2455 5216 ι
2487 5163 2656 5234 igitur
2681 5161 2927 5232 captivus
2953 5163 3184 5234 populus
3231 5178 3386 5219 meus
3429 5162 3608 5217 factus

2033 5264 2136 5320 est,
2167 5271 2234 5312 eo
2263 5256 2405 5326 quod
2432 5270 2536 5309 non
2564 5255 2922 5325 cogn0verint
2960 5255 3247 5311 Dominum
3276 5273 3291 5310 :
3329 5266 3383 5309 et
3418 5253 3602 5308 multi-

2037 5349 2165 5404 tudo
2182 5358 2517 5404 mortuorum
2536 5345 2641 5403 fuit
2659 5360 2882 5419 propter
2901 5349 3097 5405 famem
3122 5357 3178 5404 et
3203 5347 3349 5404 sitim
3377 5359 3550 5417 aquae.
3576 5364 3597 5399 ι

2032 5608 2222 5665 Latina
2277 5617 2474 5691 narrat
2517 5609 2763 5691 historia.
2824 5607 2974 5678 Quod
3021 5606 3391 5680 spiritualiter,
3441 5601 3600 5660 hodie

2031 5695 2249 5749 quoque
2276 5689 2571 5747 oatiunlur,
2599 5698 2617 5733 ι
2649 5690 2755 5736 etc.
