4062 6396
451 311 554 367 H9

1117 309 1388 365 EUSEBII
1426 303 1906 365 CIESARIENSIS
1945 304 2097 362 OPP.
2139 305 2322 360 PARS
2359 303 2450 358 Ill.
2489 335 2558 345 —
2599 283 3010 359 EXECETICA.

3613 308 3724 362 {20

453 427 582 483 Haec
624 424 758 494 ipsis
791 423 860 478 ad
894 423 1130 478 litteram
1161 433 1216 476 et
1249 422 1547 477 secundum
1579 421 1865 476 historiam
1902 434 2030 474 eve-

2139 419 2234 488 μὲν
2285 414 2378 472 οὖν
2427 417 2660 488 ἐπῆλθεν
2703 418 2887 481 αὐτοῖς
2933 417 3109 470 ταῦτα
3157 417 3274 472 καθ’
3329 421 3568 491 ἱστορίαν
3623 423 3721 475 ἐπὶ

451 525 650 575 nerunt
680 517 778 572 sub
813 515 1141 584 Vespasiano
1165 523 1218 569 et
1246 515 1487 568 Adriano
1531 511 1899 567 Romanorum
1936 511 2031 566 im-

451 610 834 681 peratoribus;
863 607 1159 663 secundum
1217 615 1458 662 mentem
1509 620 1644 660 vero
1675 605 1838 660 etiam
1889 617 2031 658 nunc

453 701 764 760 rationabili
806 713 945 770 pane
999 697 1128 750 vitae
1157 697 1380 768 privati,
1429 695 1570 751 fame
1633 694 1875 750 ctelestis
1927 694 2028 748 ali—

451 795 620 848 menti
654 790 1349 862 premuntur,-secundum
1407 788 1750 856 Scripturam
1801 788 1870 842 de
1923 787 2030 842 illis

451 887 525 938 ita
555 885 890 953 loquentem,
937 903 956 936 ι
994 883 1400 939 Convertentur
1433 883 1500 936 ad
1532 895 1839 950 vesperam,
1866 890 1919 934 et
1947 878 2029 933 l'a-

451 989 592 1029 mem
612 975 890 1045 patientur
920 981 976 1028 ut
999 973 1173 1042 canis,
1204 971 1594 1028 etcircuibunt
1613 971 1888 1026 civitatem
1916 969 1984 1024 ³ο.
2007 989 2025 1022 ι

449 1069 528 1121 Ac
585 1082 706 1120 cum
749 1067 1052 1136 principem
1101 1065 1226 1118 vitae
1279 1065 1623 1134 negaverint,
1691 1063 1744 1116 in
1799 1070 2029 1116 mortem

453 1158 650 1214 animat
679 1157 814 1228 lapsi
847 1168 974 1214 sunt
1003 1175 1018 1211 :
1056 1172 1288 1228 cumque
1313 1158 1714 1226 redemptorem
1743 1154 2031 1224 captivita-

453 1251 526 1308 tis
585 1253 915 1320 animarum,
957 1251 1048 1321 qui
1095 1251 1450 1320 przetlicatum
1525 1257 1748 1302 venerat
1798 1248 2028 1318 captivis

452 1343 860 1409 remissionem,
893 1354 948 1398 et
981 1346 1142 1398 caecis
1173 1343 1322 1398 visus
1345 1337 2030 1403 reSIitutionem,aversati

451 1436 582 1501 sint,
647 1435 886 1490 inimicis
917 1434 1294 1504 spiritualibus
1325 1434 1535 1499 traditi,
1567 1441 1626 1488 et
1652 1432 2030 1503 captivitatem

453 1525 758 1582 animarum
787 1527 1030 1596 perpessi
1067 1536 1216 1581 sunt.

522 1619 692 1675 Vens.
749 1619 841 1676 9.0.
891 1637 910 1670 ι
947 1619 1039 1676 Vae
1094 1620 1186 1688 qui
1229 1619 1425 1674 dicitis
1463 1617 1666 1673 malum
1719 1619 1945 1680 bonum,
1977 1622 2033 1670 et

449 1711 648 1764 bonum
695 1709 927 1774 malum;
962 1711 1050 1778 qui
1082 1709 1283 1780 ponitis
1315 1710 1572 1764 tenebras
1615 1708 1815 1772 lucem,
1859 1717 1917 1762 et
1949 1706 2030 1760 lu-

2135 507 2542 562 Οὑεσπασιανοῦ
2589 509 2681 560 καὶ
2729 508 3008 578 Ἀδριανοῦ
3051 509 3332 580 Ῥωμαίων
3384 513 3720 583 αὐτοκρατό-

2135 619 2272 672 ρων·
2311 603 2404 655 καὶ
2433 599 2576 655 κατὰ
2608 601 2847 658 διάνοιαν
2889 601 2946 654 δὲ
2982 601 3338 674 στερηθέντες
3365 602 3459 654 τοῦ
3497 603 3720 672 λογικοῦ

2134 691 2298 762 ἄρτου
2332 691 2432 762 τῆς
2467 691 2636 764 ζωῆς.⁴
2673 691 2751 744 ἑτι
2778 691 2874 744 καὶ
2906 691 3000 746 νῦν
3027 695 3233 764 τροφῆς
3266 695 3588 763 ἐπουρανίου
3616 695 3720 758 τὰς

2131 783 2308 854 ψυχὰς
2343 783 2669 854 λιμώττουσι
2719 783 2862 837 κατά
2904 783 3000 856 τὴν
3036 785 3348 854 φάσκουσαν
3382 787 3508 856 περὶ
3539 787 3722 838 αὐτῶν

2131 874 2377 944 Γραφην·
2402 891 2422 926 ι
2445 871 2895 942 Ἐπιστρέψουσιν
2911 875 2989 936 εἰς
3009 875 3265 945 ἑσπέραν,
3287 875 3378 928 καὶ
3390 873 3722 944 λιμώξουσιν

2132 963 2208 1026 ὡς
2243 961 2408 1028 κύων,
2457 963 2552 1017 καὶ
2573 963 2912 1018 κυκλώσουσι
2961 963 3138 1018 πόλιν.
3169 983 3185 1015 ι
3207 965 3316 1018 Καὶ
3353 965 3443 1018 τὸν
3475 965 3724 1037 ἀρχηγὸν

2131 1053 2188 1106 δὲ
2209 1055 2308 1126 τῆς
2341 1053 2486 1124 ζωῆς
2531 1055 3002 1127 ἀπαρνησάμενοι,
3037 1053 3115 1126 τῷ
3144 1055 3244 1126 τῆς
3275 1055 3453 1126 ψυχῆς
3501 1054 3722 1125 Θανάτῳ

2133 1146 2625 1222 περιπεπτώκασι·
2681 1148 2771 1201 τόν
2815 1167 2874 1202 τε
2923 1148 3202 1221 λυτρωτὴν
3244 1149 3342 1218 τῆς
3384 1150 3492 1202 τῶν
3531 1148 3722 1218 ψυχῶν

2133 1239 2514 1310 αἰχμαλωσίας
2560 1241 3022 1314 ἀποστραφέντες,
3068 1241 3162 1294 τὸν
3213 1241 3434 1294 ἐλθόντα
3481 1241 3724 1312 κηρῦξαι,

2132 1329 2498 1402 αἰχμαλώτοις
2521 1333 2715 1404 ἄφεσιν
2744 1335 2837 1387 καὶ
2869 1335 3090 1403 τυφλοῖς
3122 1333 3436 1403 ἀνάϐλεψιν,
3459 1337 3572 1397 τοῖς
3601 1351 3726 1404 νοη-.

2132 1427 2246 1488 τοῖς
2283 1425 2562 1497 πολεμίοις
2592 1425 2987 1500 παρεδόθησαν,
3025 1425 3122 1480 καὶ
3147 1427 3248 1498 τὴν
3275 1425 3460 1498 ψυχῶν
3489 1425 3722 1496 ὑπέμει-

2133 1537 2230 1576 ναν
2256 1520 2651 1590 αἰχμαλωσίαν.

2211 1629 2228 1660 ‹
2257 1612 2392 1664 υὺαὶ
2417 1612 2468 1664 οἱ
2497 1611 2745 1680 λέγοντες
2773 1611 2834 1665 τὸ
2869 1611 3103 1682 πονηρὸν
3135 1611 3320 1678 καλὸν,
3343 1611 3436 1664 καὶ
3464 1610 3523 1664 τὺ
3555 1610 3728 1666 καλὸν

2136 1706 2404 1780 πονηράν
2449 1707 2499 1760 οἱ
2545 1706 2786 1770 τιθέντες
2827 1706 2888 1759 τὸ
2936 1707 3126 1770 σκότος
3174 1705 3309 1776 φῶς,
3361 1707 3456 1758 καὶ
3495 1704 3555 1758 τὸ
3601 1704 3726 1773 φῶς

450 1815 567 1854 cem
611 1799 902 1866 tenebras;
935 1801 1024 1870 qui
1053 1800 1255 1870 ponitis
1287 1815 1534 1855 amarum
1582 1799 1761 1862 dulce,
1789 1809 1845 1854 et
1874 1799 2033 1852 dulce

2139 1801 2359 1864 σκότος·
2394 1801 2445 1852 οἱ
2477 1800 2718 1863 τιθέντες
2759 1799 2818 1852 τὺ
2854 1799 3050 1871 πικρὸν
3095 1800 3289 1868 γλυκὺ,
3325 1799 3418 1852 καὶ
3453 1798 3515 1852 τὸ
3545 1799 3726 1866 γλυκὺ

449 1905 717 1946 ulnarum.
751 1909 770 1941 ι
821 1881 889 1944 Et
935 1890 1052 1946 haec
1105 1905 1324 1962 quoque
1373 1891 1814 1960 precedeutibus
1859 1889 2034 1957 subji-

451 1984 694 2044 ciuntur,
723 1984 882 2052 quasi
911 1984 978 2040 de
1001 1987 1248 2056 tempore
1288 1983 1498 2040 Christi
1529 1983 1694 2040 dicta.
1741 1983 1878 2038 Nam
1905 1999 2028 2038 cum

449 2074 650 2130 multos
685 2074 952 2132 doctrinae
975 2089 1259 2130 sermones
1289 2091 1320 2130 a
1347 2075 1633 2130 Salvatore
1673 2075 2025 2135 audivissent,

449 2181 662 2222 necnon
693 2177 880 2236 postea
921 2167 989 2248 ab
1021 2167 1285 2238 apostolis
1331 2166 1466 2236 ejus,
1527 2169 1662 2223 nihil
1713 2168 1842 2224 hinc
1887 2167 2030 2220 utili-

451 2260 579 2314 tatis
605 2259 885 2316 consecuti
919 2269 1090 2328 sunt,
1134 2261 1228 2316 sed
1253 2249 1318 2315 in
1337 2261 1720 2336 incredulitate
1762 2272 1817 2316 et
1849 2269 2031 2331 gesto-

451 2367 574 2406 rum
600 2351 936 2408 absurditate
966 2361 1405 2422 perseverantes,
1431 2352 1674 2422 peccatis
1700 2349 1816 2408 suis
1842 2367 2030 2426 acces-

449 2443 662 2500 sionem
705 2442 1025 2504 attulerunt.
1079 2443 1202 2500 Alio
1253 2443 1382 2500 item
1435 2444 1598 2500 modo
1645 2443 1762 2504 haec
1803 2443 1890 2510 iis,
1935 2443 2030 2514 qui

448 2535 604 2607 prius
639 2535 1058 2600 incusabantur,
1093 2535 1470 2591 conveniunt:
1506 2537 1708 2592 etenim
1745 2535 1907 2592 iidem
1935 2552 2028 2590 sa-

451 2645 578 2688 nam
614 2628 922 2692 doctrinam
969 2639 1308 2691 aversantes,
1351 2637 1406 2683 et
1441 2627 1494 2682 in
1535 2627 1710 2682 lucem
1751 2627 2026 2698 Evangelii

450 2721 711 2782 salutaris
743 2721 1060 2791 blasphema
1090 2719 1454 2790 proferentes,
1503 2727 1872 2790 potantesque
1912 2719 2032 2776 dul--

450 2821 544 2862 ces
577 2806 701 2885 illos
747 2822 812 2862 ac
868 2807 1046 2861 alendi
1099 2808 1150 2859 vi
1201 2806 1460 2876 praeditos
1505 2805 1807 2862 Salvatoris
1855 2809 2030 2864 nostri

452 2913 758 2964 sermones,
809 2912 1026 2954 amaros
1075 2913 1220 2967 esse,
1281 2898 1560 2968 improbas
1617 2901 1928 2956 econtrario
1976 2911 2030 2956 et

451 2987 722 3057 malignas
771 2988 1151 3058 cogitationes,
1209 3001 1271 3044 ut
1315 2991 1490 3045 bonas
1536 2990 2028 3060 amplectebantur,

452 3095 518 3134 ac
568 3080 824 3136 tenebras
867 3081 1116 3159 erret-is...
1155 3097 1275 3152 quae
1327 3091 1565 3138 mentem
1600 3098 1753 3140 suam
1788 3098 2027 3152 occupa-

2139 1891 2354 1962 πικρόν.
2382 1909 2399 1940 ι
2456 1891 2566 1942 Kal.
2613 1889 2786 1944 ταῦτα
2835 1889 2890 1942 δὲ
2935 1891 3049 1952 τοῖς
3094 1888 3472 1961 προλεχθεῖσιν
3528 1889 3726 1942 ἕπεται

2137 1981 2212 2045 ὡς
2250 1981 2340 2034 ἐπὶ
2375 1979 2635 2052 Χριστοῦ.
2681 1979 2900 2033 Πολλῶν
2939 1979 3048 2052 γὰρ
3096 1979 3502 2044 ἐπακούσαντες
3570 1979 3725 2034 διδα-

2141 2071 2412 2127 σκαλικῶν
2463 2071 2636 2142 λόγων
2665 2071 2758 2126 τοῦ
2811 2072 3082 2144 Σωτῆρος,
3132 2071 3240 2125 τῶν
3288 2089 3348 2125 τε
3398 2072 3513 2142 μετ’
3557 2072 3730 2126 αὐτὸν

2137 2164 2450 2218 ἀποστόλων
2486 2163 2673 2228 αὐτοῦ,
2708 2164 2861 2217 οὐδὲν
2913 2165 3011 2235 μὲν
3058 2164 3195 2236 πρὸς
3234 2164 3502 2234 ὠφέλειαν
3547 2166 3722 2236 ἐκαρ-

2137 2253 2370 2308 ποῦντο·
2427 2257 2492 2326 τῇ
2527 2254 2586 2307 δὲ
2637 2255 2866 2326 ἀπιστίᾳ
2915 2253 3268 2325 ἐπιμένοντες
3317 2255 3410 2308 καὶ
3452 2257 3566 2317 τοῖς
3609 2255 3724 2308 τῶν

2137 2343 2314 2416 ἑργων
2360 2347 2694 2416 ἀτοπήμασι,
2728 2344 3044 2416 προσθήκας
3075 2344 3356 2400 ἐποιοῦντο
3405 2345 3514 2398 τῶν
3541 2346 3728 2416 ἀμαρ-

2136 2455 2202 2509 τη
2213 2437 2415 2508 μάτων.
2463 2437 2574 2492 Καὶ
2619 2437 2793 2501 ἄλλως
2825 2437 2882 2489 δὲ
2915 2437 3087 2492 ταῦτα
3137 2441 3252 2501 τοῖς
3299 2437 3550 2508 ἀνωτέρω
3587 2455 3726 2490 κατ-

2137 2529 2484 2603 ηγορηθεῖσιν
2523 2529 2771 2601 ἀρμόςεη·
2802 2532 2850 2584 oi
2883 2529 2992 2602 γὰρ
3019 2531 3174 2586 αὐτοὶ
3203 2533 3295 2584 τὸν
3328 2533 3452 2602 ὑγιῆ
3477 2530 3728 2602 διαστρέη

2137 2639 2329 2691 φοντες
2357 2621 2534 2690 λόγον,
2567 2621 2662 2676 καὶ
2692 2622 2754 2674 τὸ
2789 2621 2906 2692 φῶς
2936 2622 3030 2675 τοῦ
3065 2623 3332 2694 σωτηρίου
3385 2623 3724 2692 Εὑαγγελίου

2140 2713 2606 2786 βλασφημοῦντες,
2649 2714 2878 2786 πικρούς
2917 2732 2978 2768 τε
3017 2711 3315 2780 εἶναιτοὺς
3360 2716 3578 2784 γλυκεῖς
3625 2717 3726 2770 καὶ

2135 2805 2434 2877 τροφίμους
2484 2806 2578 2860 τοῦ
2631 2807 2886 2877 Σωτῆρος
2929 2810 2961 2880 ἡ
2972 2808 3087 2879 μῶν
3138 2809 3327 2878 λόγους
3381 2808 3674 2880 ἡγούμενοι
3701 2849 3721 2876 ,

2138 2898 2406 2952 ἀνάπαλιν
2436 2899 2562 2963 τοὺς
2609 2901 2915 2971 μοχθηροὺς
2967 2903 3060 2954 καὶ
3115 2907 3384 2974 πονηροὺς
3425 2903 3724 2973 λογισμοὺς

2135 2989 2210 3054 ὡς
2242 2989 2478 3058 ἀγαθοὺς
2506 2991 2916 3062 προσεδέχοντο,
2954 2992 3048 3046 καὶ
3077 2991 3137 3046 τὸ
3168 2993 3357 3056 σκότος
3382 2993 3480 3064 τῆς
3509 2993 3724 3064 πλάνης

2136 3083 2198 3136 τὸ
2231 3082 2450 3153 συνέχον
2479 3082 2658 3136 αὐτῶν
2685 3083 2785 3154 τὰς
2811 3083 3010 3158 ψυχὰς,
3041 3085 3099 3137 ἐν
3129 3083 3282 3156 χώρα
3319 3085 3494 3154 φωτὸς
3526 3085 3726 3140 ἐτίθεν-

453 3175 603 3242 bant,
649 3175 771 3228 vice
814 3172 1035 3228 luminis
1074 3175 1388 3244 ponebant:
1438 3174 1663 3231 malitia
1705 3189 1838 3232 vero
1871 3191 2030 3232 acer-

2139 3193 2194 3230 το
2213 3191 2228 3207 ·
2253 3175 2354 3246 τῆς
2382 3193 2440 3236 τε
2463 3175 2662 3238 κακίας
2689 3173 2786 3246 τὴν
2821 3175 3027 3246 πικράν
3059 3177 3152 3230 καὶ
3183 3177 3510 3254 δηλητήριον
3536 3178 3722 3248 φύσιν,

451 3266 574 3336 bam
602 3276 657 3320 et
680 3266 970 3322 exitiosam
1003 3276 1281 3332 naturam,
1329 3268 1486 3338 quasi
1539 3268 1753 3324 dulcem
1795 3270 2031 3342 aliquam

451 3358 787 3430 voluptatem
819 3361 1317 3430 persequebantur.
1354 3361 1422 3418 Et
1454 3377 1587 3418 sane
1619 3363 1686 3418 ad
1721 3361 1826 3419 hoc
1863 3380 2034 3436 usque

457 3461 668 3521 tempus
699 3451 890 3508 videas
909 3451 1152 3521 ejusdem
1205 3454 1377 3509 moris
1423 3451 1642 3510 Iudaeos
1702 3469 1862 3512 esse:
1911 3471 2034 3510 nam

457 3543 734 3614 Evangelii
767 3544 1050 3599 veritatem
1089 3555 1416 3601 aversantur
1443 3587 1460 3614 ,
1513 3547 1688 3604 aniles
1725 3557 1912 3603 autem
1953 3547 2036 3602 l‘a-

454 3633 636 3702 bulas,
660 3643 716 3692 et
741 3635 1062 3708 ignorantiae
1111 3639 1366 3709 tenebras
1405 3647 1705 3694 sectantur.
1729 3637 1866 3714 Hoc
1901 3639 2034 3696 ail‘e-

451 3737 548 3786 ctu
585 3729 860 3796 instructi,
893 3730 1170 3787 Christum
1196 3732 1416 3803 quidem
1443 3733 1802 3804 abnegarunt,
1831 3733 2035 3788 Barab-

457 3822 581 3876 bam
608 3835 738 3876 vero
767 3823 1142 3892 expetierunt,
1175 3839 1301 3881 cum
1330 3824 1633 3880 latronibus
1668 3835 1724 3880 et
1767 3826 2036 3882 facinoro-

455 3914 534 3990 sis
589 3915 900 3982 portionem
979 3931 1132 3970 suam
1185 3927 1470 3986 ponentes,
1513 3918 1628 3974 luto
1687 3909 1866 3975 etiam’
1911 3936 2036 3976 cum

457 4005 634 4060 atheis
671 4016 726 4060 et
759 4006 938 4073 impiis
971 4007 1283 4062 nationibus
1329 4011 1665 4078 congregati,
1711 4011 2031 4079 idololatras

457 4095 678 4166 quidem
723 4097 1020 4166 recipiunt,
1049 4097 1280 4166 probum
1325 4107 1506 4152 autem
1539 4109 1594 4154 et
1643 4108 2039 4169 temperantem

456 4186 660 4242 Christi
694 4187 950 4258 populum
983 4196 1309 4244 aversantur
1333 4197 1389 4244 et
1423 4199 1842 4259 persequuntur.

492 4331 500 4338 ,
537 4279 696 4334 Vens.
715 4279 805 4345 Ἦ,
829 4279 920 4338 22.
945 4299 964 4332 ι
987 4280 1081 4334 Va:
1099 4280 1190 4348 qui
1211 4283 1481 4348 sapientes
1499 4282 1631 4335 estis
1663 4282 1716 4336 in
1748 4285 2041 4339 vobismet-

463 4372 621 4444 ipsis,
661 4379 716 4428 et.
765 4388 948 4426 coram
988 4373 1142 4428 vobis
1175 4371 1329 4439 ,ipsis
1379 4373 1694 4442 prudentes.
1747 4373 1837 4430 Vsa
1872 4377 2042 4434 fortes

2137 3265 2326 3337 ὥσπερ
2358 3265 2480 3319 τινα
2519 3265 2793 3337 γλυκεράν
2833 3267 3024 3338 ἡδονὴν
3076 3269 3426 3324 κατεδίωκον.
3473 3269 3632 3334 Ἴδοις
3672 3270 3723 3324 δ’

2134 3355 2201 3411 ἂν
2229 3355 2396 3410 εἰσέτι
2429 3357 2521 3410 καὶ
2553 3355 2648 3410 νῦν
2677 3357 2951 3422 τοιούτους
2987 3359 3117 3422 τοὺς
3143 3359 3252 3418 τῶν
3289 3360 3556 3428 Ἰουδαίων
3589 3363 3726 3414 παῖ-

2135 3449 2249 3513 δας,
2291 3449 2392 3520 τὴν
2435 3448 2536 3519 μὲν
2567 3448 2823 3521 ἀλήθειαν
2865 3449 2958 3504 τοῦ
3007 3450 3338 3520 Εὐαγγελίου
3385 3453 3728 3525 ἀποστρεφο-

2139 3542 2356 3614 μένους,
2383 3543 2508 3607 τοὺς
2534 3543 2591 3596 δὲ
2623 3541 2888 3614 γραώδεις
2921 3543 3122 3614 μύθους
3155 3545 3248 3598 καὶ
3280 3545 3340 3598 τὸ
3368 3545 3468 3616 τῆς
3499 3547 3728 3614 ἀγνοίας

2138 3634 2328 3698 σκότος
2382 3633 2834 3706 μεταδιώκοντας.
2877 3635 3064 3710 Ταύτῃ
3099 3639 3166 3708 τῇ
3209 3639 3527 3714 προαιρέσει
3553 3641 3729 3711 ἠρνή-

2140 3745 2301 3782 σαντο
2335 3728 2434 3800 μὲν
2478 3727 2571 3782 τὸν
2601 3728 2858 3799 Χριστὸν,
2889 3729 3162 3799 ᾐτήσαντο
3203 3729 3260 3781 δὲ
3289 3729 3380 3782 τὸν
3407 3726 3724 3801 Βαραϐϐᾶν,

2143 3819 2278 3892 μετά
2325 3819 2536 3892 λῃστῶν
2583 3820 2678 3874 καὶ
2733 3819 3056 3892 κακούργων
3105 3821 3202 3893 τὴν
3251 3821 3462 3874 ἑαυτῶν
3504 3821 3726 3892 θέμενοι

2145 3914 2355 3988 μερίδα.
2399 3915 2561 3968 Ἀλλά
2600 3915 2838 3980 καὶτοῖς
2880 3915 3061 3980 ἀθέοις
3115 3917 3210 3970 καὶ
3254 3915 3505 3969 ἀσεϐέσιν
3546 3915 3728 3968 ἔθνεσι

2144 4006 2651 4080 συναγελαζόμενοι,
2685 4010 2812 4072 τοὺς
2869 4009 2966 4080 μὲν
3008 4007 3400 4079 εἰδωλολάτρας
3432 4007 3734 4078 ἀποδέχωη

2141 4117 2260 4163 ται,
2299 4099 2388 4152 τὸν
2425 4101 2483 4154 δὲ
2523 4100 2719 4172 σεμνὸν
2769 4098 3160 4170 καὶ“σώ;ρρονα
3198 4099 3291 4154 τοῦ
3325 4100 3559 4172 Χριστοῦ
3595 4097 3730 4153 λαὸν

2140 4191 2572 4262 ἀποστρέφονται
2607 4193 2700 4245 καὶ
2732 4191 3040 4252 διώκουσιν.

2218 4303 2236 4334 ι
2260 4283 2397 4336 Οὐαὶ
2433 4285 2480 4338 οἱ
2517 4285 2734 4338 συνετοὶ
2781 4285 2837 4338 ἐν
2873 4287 3110 4348 ἑαυτοῖς,
3148 4285 3244 4338 καὶ
3284 4283 3514 4338 ἐνώπιον
3541 4283 3728 4336 αὐτῶν

2141 4373 2524 4446 ἐπιστήμονες.
2573 4376 2710 4430 Οὐαὶ
2752 4377 2801 4428 οἱ
2848 4375 3121 4446 ἰσχύοντες
3163 4375 3341 4446 ὑμῶν,
3386 4377 3438 4428 οἱ
3477 4374 3729 4438 πίνοντες

457 4466 658 4534 vestri,
689 4468 780 4536 qui
815 4465 1004 4520 bibunt
1029 4464 1236 4530 vinum,
1283 4473 1337 4518 et
1367 4475 1637 4534 potentes,
1685 4470 1774 4538 qui
1813 4468 2033 4524 miscent

2143 4468 2232 4522 τὸν
2256 4463 2414 4532 οἶνον,
2451 4469 2546 4522 καὶ
2569 4469 2620 4522 οἱ
2647 4467 2901 4522 δυνάσται
2927 4470 2976 4522 oi
2996 4469 3350 4544 κεραννύντες
3379 4468 3450 4521 τὰ
3475 4467 3722 4538 σίκερα.»

457 4560 709 4616 siceram.
741 4577 761 4612 ι
785 4558 1092 4614 Secundum
1120 4558 1264 4612 aliud
1291 4573 1419 4614 vero
1445 4561 1804 4629 propositum,
1826 4560 2040 4616 «1υώεο-

453 4667 585 4725 “rum
635 4651 878 4723 magistri
925 4650 1225 4708 Salvatoris
1267 4652 1611 4708 sermonibus
1652 4654 1890 4734 animum
1933 4671 2040 4710 non

465 4741 814 4808 adhibentes,
847 4760 906 4802 se
941 4745 1077 4815 ipsis
1125 4743 1388 4816 improbis
1421 4747 1736 4804 doctoribus
1771 4729 1902 4802 sunt
1931 4729 2038 4817 usi,

463 4847 651 4906 utpote
705 4837 982 4908 sapientes
1021 4839 1081 4894 in
1134 4841 1352 4910 seipsis,
1395 4849 1452 4898 et
1498 4855 1682 4898 coram
1717 4844 2042 4912 semetipsis

463 4929 788 5000 prudentes.
825 4929 1030 4988 Deinde
1063 4948 1218 5000 vero,
1267 4933 1422 5004 quasi
1454 4942 1706 5004 potentes
1727 4944 1783 4990 et
1807 4935 2041 4991 multum

467 5025 609 5091 apud
635 5023 844 5093 plebem
892 5029 1220 5102 auctoritate
1272 5029 1542 5100 valentes,
1593 5029 1830 5084 animam
1887 5047 2040 5087 suam

467 5115 734 5172 ebrietate
764 5118 1200 5188 circumdedere,
1226 5121 1550 5193 ignorantiae
1577 5121 1822 5178 tenebris
1855 5124 2038 5194 sopiti.

467 5205 586 5260 Jam
623 5223 756 5263 vero
785 5207 907 5264 aliis
945 5209 1194 5266 dolosum
1251 5224 1438 5283 potum
1483 5213 1776 5276 miscuere,
1816 5213 1908 5282 qui
1951 5229 2046 5270 vo-

469 5305 627 5352 catur
656 5299 854 5365 sicera,
887 5315 1162 5371 quemque
1206 5305 1534 5375 interpretes
1564 5303 1678 5370 alii,
1718 5306 2040 5360 ebrietatem

472 5388 841 5459 appellarunt.
873 5389 988 5446 Hoc
1015 5407 1180 5464 porro
1210 5393 1458 5450 fecerunt
1505 5407 1878 5466 cauponantes
1917 5413 2044 5454 ver-

468 5479 598 5535 bum
634 5480 747 5536 Dei.

515 5571 708 5666 'Vens.
745 5573 836 5629 24.
885 5594 904 5627 ‹
943 5575 1115 5634 Radix
1145 5593 1332 5636 eorum
1365 5581 1543 5653 pulvis
1572 5582 1699 5648 erit,
1743 5591 1802 5638 et
1825 5580 1922 5639 ﬂos
1950 5596 2044 5638 eo-

542 5773 587 5808 ”
625 5775 766 5837 Psal.
793 5795 950 5846 Lvm,
979 5780 1031 5836 7.

2148 4559 2284 4616 Καθ’
2339 4559 2532 4631 ἑτέραν
2585 4559 2643 4612 δὲ
2689 4558 2943 4629 επιϐολὴν
2999 4559 3072 4634 μὴ
3127 4558 3482 4630 προσέχοντες
3525 4559 3573 4609 οἱ
3613 4557 3730 4613 τῶν

2159 4656 2426 4710 Ἰουδαίων
2449 4655 2760 4727 καθηγηταὶ
2787 4659 2900 4719 τοῖς
2927 4655 3020 4709 τοῦ
3045 4657 3294 4726 Σωτῆρος
3312 4655 3510 4723 λόγοις,
3537 4655 3732 4718 κακοῖς

2145 4748 2481 4812 διδασκάλοις
2511 4749 2663 4802 αὐτοὶ
2697 4748 2908 4812 ἑαυτοῖς
2949 4748 3269 4818 ἐχρήσαντο,
3308 4745 3384 4808 ὡς
3434 4743 3641 4798 συνετοί
3667 4743 3730 4796 ἐν

2146 4845 2377 4906 ἑαυτοῖς,
2418 4841 2512 4895 καὶ
2562 4839 2791 4896 ἑνὼπιον
2829 4839 3039 4894 ἑαυτῶν
3088 4841 3468 4910 ἐπιστήμονες.
3496 4837 3732 4890 Ἔπειτα.

2147 4935 2223 4998 ὡς
2259 4933 2534 5006 ἰσχύοντες
2563 4934 2658 4988 καὶ
2687 4931 2856 4986 πολλὰ
2895 4932 3180 5002 δυνάμενοι
3222 4932 3280 4984 ὲν
3315 4929 3394 5000 τῷ
3425 4929 3558 5000 λαῷ,
3587 4927 3734 5004 μέθῃ

2154 5028 2254 5100 μὲν
2280 5027 2378 5098 τὴν
2409 5025 2616 5083 ἑαυτῶν
2649 5025 2825 5097 ψυχὴν
2859 5024 3234 5098 περιέϐαλλον,
3263 5021 3341 5096 τῷ
3379 5023 3476 5094 τῆς
3504 5023 3730 5093 ἀγνοίας

2153 5121 2330 5192 σκότῳ
2362 5119 2710 5190 καρούμενοι.
2746 5118 2882 5189 Ἤδη
2911 5117 2967 5170 δὲ
3007 5119 3102 5172 καὶ
3139 5117 3346 5189 ἑτέροις
3385 5115 3548 5170 ποτὸν
3582 5114 3732 5168 δεδο-

2151 5212 2412 5284 λιωμένον
2457 5211 2707 5284 ἐκίρνων,
2757 5211 2819 5264 τὸ
2857 5209 3190 5284 καλούμενον
3239 5209 3466 5281 σίκερα·
3503 5209 3639 5280 ὅπερ
3677 5208 3730 5261 οἱ

2145 5305 2322 5359 λοιποὶ
2369 5302 2704 5374 ἑρμηνευταὶ
2755 5300 3006 5373 μέθυσμα
3045 5285 3376 5372 ’ὠνόμασαν
3431 5299 3526 5354 καὶ
3571 5297 3734 5352 τοῦτο

2148 5398 2435 5470 ἔπραττον,
2475 5395 2873 5468 καπηλεύοντες
2902 5394 2993 5448 τὸν
3020 5393 3177 5464 λόγον
3211 5394 3304 5448 τοῦ
3333 5392 3488 5448 Θεοῦ.

2229 5603 2248 5638 t
2287 5584 2350 5638 Ἦ
2386 5582 2511 5654 ῥίζα
2541 5582 2718 5638 αὐτῶν
2756 5583 2786 5636 ὁ
2810 5583 2938 5654 χοῦς
2970 5581 3142 5649 ἔσται,
3177 5583 3272 5636 καὶ
3301 5581 3361 5635 τὸ
3412 5579 3572 5644 ἄνθος
3624 5573 3720 5634 αὖ·
