4062 6400
331 334 432 394 ιιι

1287 337 1793 397 COMMENTARIA
1829 341 1897 396 ΙΝ
1936 341 2183 400 lSAlAM.
2223 338 2294 390 4—-
2329 346 2480 402 CAP.
2520 346 2612 405 Vl.

3494 354 3609 408 123

327 457 440 513 τῶν
471 457 604 510 ὡσεὶ
637 458 913 530 κονιορτὸς
939 458 1294 530 ἀναϐήσεται.
1320 481 1337 514 ι
1359 462 1423 516 Ἦ
1441 463 1732 536 ὡραιότης,
1768 465 1922 536 φησι,

2030 481 2147 518 rum
2177 467 2333 536 quasi
2377 457 2552 535 pulvis
2587 475 2866 522 ascendet.
2898 486 2918 520 ι
2966 467 3213 536 Species,
3253 469 3452 539 inquit,
3479 487 3608 526 cor-

331 549 427 606 τοῦ
463 552 735 623 σώματος,
767 555 861 607 καὶ
895 555 927 625 ἡ
959 553 1052 608 τοῦ
1093 554 1326 609 πλούτου
1355 557 1482 620 δόξα
1522 559 1616 610 καὶ
1655 557 1750 611 τοῦ
1783 576 1921 612 παν-

330 646 427 709 τὸς
453 645 640 708 ἔθνους
667 646 700 715 ἡ
731 645 1052 716 εὐπρέπεια,
1075 649 1201 702 ὅσον
1228 649 1438 703 οὐδέπω
1468 650 1748 723 κονιορτοῦ
1769 652 1925 723 δίκην

328 737 874 808 διασκεδασθήσεται.
915 757 933 790 ι
957 741 1030 794 06
1055 740 1164 812 γάρ
1194 741 1462 812 ἠθέλησαν
1482 743 1574 795 τὸν
1615 744 1780 814 νόμον
1813 746 1927 798 Κυ-

330 831 450 902 ρίου
504 829 770 883 Σαϐαὼθ·
821 831 957 884 ἀλλά
996 832 1058 885 τὸ
1105 833 1287 903 λόγιον
1343 834 1436 887 τοῦ
1488 835 1645 904 ἀγίου
1709 837 1925 909 Ἰσραὴλ

327 921 678 994 παρώξυναν.
714 941 732 973 ι
768 922 927 975 Ποῖον
957 924 1141 996 νόμον,
1177 926 1209 997 ἢ
1243 927 1383 997 τάχα
1415 928 1541 998 περὶ
1573 921 1634 981 οῦ
1663 928 1924 1000 ἀνωτέρω

301 1064 307 1086 ζ,
328 1011 536 1080 ἔλεγεν,
559 1031 575 1062 ι
601 1013 696 1065 Ἐκ
741 1012 850 1084 γὰρ
887 1013 1026 1066 Σιὼν
1060 1015 1400 1080 ἐξελεύσεται
1434 1017 1618 1088 νόμος,
1649 1018 1923 1087 καὶλόγος

301 1105 536 1174 ⁴Κυρίου
569 1103 627 1166 ἐξ
669 1103 1051 1176 Ἰερουσαλήμς
1088 1127 1104 1156 ι
1150 1105 1392 1178 Ἐπειδὴ,
1421 1107 1606 1177 φησὶν,
1634 1108 1735 1160 οὐκ
1760 1107 1926 1177 ἡδου-

327 1195 572 1265 λήθησαν
602 1195 693 1248 τὸν
730 1195 894 1267 νόμον
926 1198 1023 1268 τῆς
1062 1199 1256 1269 καινῆς
1290 1199 1567 1272 Διαθήκης
1591 1215 1605 1230 ·
1652 1199 1788 1253 ἀλλά
1833 1200 1924 1253 τὸν

329 1285 509 1350 ζῶντα
535 1287 629 1340 τοῦ
663 1288 798 1342 Θεοῦ
827 1288 999 1357 Λόγον
1027 1289 1370 1362 παρώξυναν.

349 1437 354 1446 ι
405 1398 423 1428 ι
456 1377 661 1430 Τούτου
690 1378 850 1450 χάριν
880 1377 1139 1450 ἐθυμώθη
1182 1379 1387 1450 Κύριος
1423 1379 1515 1432 ἐπὶ¹
1543 1379 1634 1433 τὸν
1666 1380 1795 1434 λαὸν
1826 1381 1925 1434 αὑ-

328 1469 453 1524 τοῦ·
480 1490 495 1520 ι
521 1469 579 1522 ὃν
601 1470 764 1534 αὐτὸς
790 1471 888 1540 μὲν
919 1469 1179 1541 ἠϐούλετο
1208 1473 1407 1524 οἰκεῖον
1437 1470 1602 1524 αὐτοῦ
1633 1472 1758 1524 λαὸν
1783 1467 1924 1525 εἷναί

329 1581 392 1617 τε
429 1565 522 1621 καὶ
547 1560 940 1635 χρηματίζειν·
984 1564 1033 1621 οἱ
1079 1563 1124 1616 δ’
1160 1564 1259 1616 οὐκ
1306 1563 1610 1619 ἐϐούλοντο.
1657 1564 1923 1635 Σημαίνει

325 1655 386 1708 δὲ
415 1654 503 1708 διὰ
526 1655 730 1708 τούτων
758 1654 1035 1724 πολεμίων
1062 1653 1249 1723 ἔφοδον
1279 1656 1374 1709 καὶ
1402 1655 1610 1725 πλῆθος
1638 1655 1746 1708 τῶν
1771 1657 1924 1709 ἀναι-

330 1749 611 1820 ρουμένων
631 1764 645 1778 ·
682 1747 758 1812 ὡς
779 1747 874 1802 καὶ
907 1747 1047 1802 αὐτά
1082 1747 1418 1820 πληροῦσθαι
1458 1747 1530 1801 τά
1562 1748 1664 1819 ὅρη
1713 1749 1923 1819 νεκρῶν

2025 558 2190 626 poris,
2238 559 2553 613 divitiarum
2607 558 2776 627 gloria
2832 567 2890 613 et
2961 560 3126 614 totius
3177 561 3354 627 gentis
3416 565 3602 628 decor,

2025 649 2262 718 pulveris
2287 649 2602 705 fereinstar
2625 651 3005 722 dissipabitur.
3059 671 3078 704 ι
3115 651 3412 709 Noluerunt
3458 655 3604 710 enim

2026 741 2193 813 legem
2226 743 2442 797 Domini
2495 743 2777 808 Sabaoth;
2828 745 2923 799 sed
2969 746 3192 801 verbum
3223 748 3397 801 sancti
3440 748 3607 804 Israel

2025 834 2407 892 irritat/erunt.
2434 855 2453 888 ›
2491 837 2664 901 Quam
2692 835 2889 903 legem,
2922 838 3023 892 nisi
3055 831 3173 892 eam
3215 839 3281 892 de
3311 855 3413 908 qua
3445 856 3607 908 supe-

2025 928 2139 984 rius
2176 929 2416 992 «licebat,
2451 947 2470 980 ι
2500 927 2636 982 Nam
2669 929 2736 982 de
2765 927 2894 983 Sion
2929 931 3102 984 exibit
3153 931 3261 994 lex,
3296 940 3351 986 et
3379 933 3605 987 verbum

2025 1017 2237 1074 Domini
2276 1019 2342 1073 de
2375 1017 2724 1074 Jerusalem?
2758 1039 2775 1072 I
2829 1019 2989 1087 Quia,
3022 1023 3220 1090 inquit,
3250 1022 3381 1076 Novi
3415 1023 3609 1079 Testa-

2026 1110 2194 1164 menti
2254 1110 2426 1180 legem
2461 1111 2791 1179 noluerunt;
2855 1113 2966 1167 imo
3022 1115 3181 1168 etiam
3223 1112 3461 1170 Verbum
3513 1117 3607 1171 Dei

2023 1202 2215 1256 vivens
2242 1202 2620 1257 irritaverunt.

2099 1381 2269 1438 Vsus.
2296 1383 2389 1438 25.
2437 1402 2456 1435 ι
2491 1383 2616 1439 ideo
2646 1385 2816 1440 iratus
2847 1393 2931 1440 est
2978 1387 3239 1444 Dominus
3265 1389 3324 1444 in
3350 1391 3605 1461 populum

2025 1488 2208 1528 suum.
2247 1492 2266 1525 ι
2309 1474 2477 1541 Quem
2512 1476 2628 1545 ipse
2660 1473 2880 1545 quidem
2913 1480 3193 1549 proprium
3214 1481 3318 1535 sibi
3349 1483 3607 1552 populum

2025 1579 2148 1620 esse
2178 1575 2233 1621 et
2258 1567 2521 1636 appellari
2552 1569 2798 1632 volebat;
2835 1571 2933 1640 ipsi
2972 1586 3102 1627 vero
3143 1572 3476 1627 abnuerunt.
3508 1573 3606 1627 llis

2024 1670 2188 1725 porro
2228 1657 2500 1726 signiﬁcat
2532 1658 2887 1715 inimicorum
2943 1661 3300 1731 irruptionem
3331 1678 3397 1719 ac
3436 1679 3608 1720 ceso-

2025 1763 2144 1802 rum
2182 1749 2587 1805 multitudinem
2619 1794 2634 1818 ,
2673 1753 2746 1807 ita
2775 1763 2834 1807 ut
2872 1756 3035 1810 etiam
3083 1765 3295 1810 montes
3325 1757 3610 1812 cadaverio

330 1843 622 1911 σωμάτων,
667 1841 762 1894 καὶ
800 1839 897 1911 τὴν
939 1839 1123 1910 χώραν
1170 1840 1388 1894 ἃπασαν
1438 1841 1548 1893 τῶν
1583 1840 1925 1912 θνησιμαίων

2029 1842 2128 1894 bus
2158 1840 2492 1908 repleantur,
2528 1849 2588 1896 et
2615 1843 2869 1898 universa
2909 1845 3057 1915 regio
3089 1845 3392 1901 morticinis
3419 1860 3611 1909 eorum

329 1932 511 1985 αὐτῶν
544 1932 747 2004 μεστὴν
772 1932 1043 2001 γενέσθαι.
1073 1933 1256 1986 Πάντα
1285 1933 1342 1985 δὲ
1364 1933 1538 1985 ταῦτα
1568 1934 1754 1996 αὐτοῖς
1784 1950 1926 2003 συμ-

327 2025 554 2095 ϐήσεται
589 2027 652 2078 ἐκ
680 2024 780 2094 τῆς
810 2024 920 2077 τῶν
941 2023 1215 2095 πολεμίων
1244 2024 1455 2094 ἐφόδου·
1485 2025 1552 2096 ἢν
1581 2026 1682 2078 οὐκ
1714 2023 1773 2090 ἐξ
1799 2026 1928 2078 ἐαυ-

327 2116 439 2170 τῶν
496 2118 853 2187 ἐποιήσαντο·
907 2115 1038 2180 Θεὸς
1087 2116 1144 2169 δὲ
1187 2113 1324 2187 ῆγεν
1367 2118 1584 2181 αὐτοὺς,
1641 2117 1926 2188 μονονουχὶ

334 2207 518 2277 σύρων
552 2207 646 2263 καὶ
677 2206 852 2260 ἕλκων
900 2206 994 2260 ἐπὶ
1020 2207 1120 2279 τὴν
1150 2208 1260 2260 τῶν
1288 2209 1776 2281 καταγομηθέντων
1828 2227 1929 2262 πο-

327 2297 602 2371 λιορκίαν.
948 2313 952 2316 “

411 2411 430 2443 ι
474 2392 610 2448 Ἀλλ’
641 2391 721 2445 ἐτι
759 2395 792 2464 ἡ
841 2393 964 2465 χεὶρ
993 2391 1210 2464 ὑψηλή·
1247 2391 1534 2464 τοιγαροῦν
1562 2392 1686 2463 ἀρεῖ
1719 2391 1925 2464 σύσση-

335 2501 437 2559 μον
468 2486 583 2547 τοῖς
611 2483 787 2539 ἔθνεσι
814 2486 925 2548 τοῖς
962 2483 1255 2556 μακρόθεν,
1283 2485 1377 2538 καὶ
1407 2486 1586 2555 συριεῖ
1610 2485 1808 2548 αὐτοὺς
1828 2483 1925 2538 ἀπ’

329 2577 505 2648 ἄκρου
534 2575 633 2647 τῆς
663 2576 787 2647 γῆς.
815 2595 834 2628 ι
884 2575 1094 2647 Ὑψηλὴ
1139 2575 1271 2645 γοῦν
1301 2578 1335 2646 ή
1368 2574 1463 2628 τοῦ
1493 2574 1627 2644 Θεοῦ
1658 2577 1781 2648 χεὶρ
1802 2577 1924 2630 κατ’

334 2667 513 2722 αὐτῶν
545 2668 760 2740 ὑπῆρχε
797 2667 887 2723 διὰ
921 2669 983 2722 τδ
1015 2661 1274 2738 ἐπίμονον
1306 2669 1482 2722 αὐτῶν
1514 2669 1616 2738 τῆς
1644 2668 1921 2731 ἀπιστίας.

331 2760 408 2813 Τὸ
434 2761 544 2832 γὰρ
570 2760 635 2832 δὴ
665 2763 868 2832 χεῖρον,
897 2761 980 2814 ὅτι
1007 2760 1128 2813 οὐδέ
1163 2760 1367 2814 τούτων
1407 2760 1728 2830 γινομένων,
1764 2760 1922 2832 φησὶ,

336 2852 733 2924 ἐπιεικέστεροι
785 2851 1097 2922 γεγόνασιν,
1152 2851 1286 2905 ἀλλά
1338 2854 1450 2916 τοῖς
1495 2853 1681 2916 αὐτοῖς
1730 2852 1928 2925 ἐπιμέ-

333 2961 537 2997 νουσιν.

410 3059 427 3090 ι
451 3038 562 3092 Καὶ
584 3035 768 3108 βοήσει
790 3035 856 3089 δι’
880 3035 1075 3101 αὐτοὺς
1093 3037 1149 3088 ἐν
1164 3037 1230 3106 τῇ
1256 3034 1443 3108 ἡμέρᾳ
1471 3035 1657 3108 ἐκείνῃ
1677 3035 1753 3098 ὡς
1772 3035 1924 3107 φωνὴ

2027 1933 2180 2002 plena
2215 1936 2432 1992 evadat.
2463 1933 2589 1992 Haec
2635 1946 2818 1992 autem
2851 1938 3033 1992 omnia
3075 1953 3140 1992 ex
3180 1939 3415 1993 hostium
3459 1939 3615 1994 inva-
3716 2000 3719 2002 _

2025 2027 2179 2082 sione
2203 2027 2336 2098 ipsis
2374 2028 2674 2084 evenient:
2717 2045 2882 2099 quam
2915 2031 3018 2100 ipsi
3053 2047 3163 2086 non
3207 2039 3408 2102 suopte
3460 2041 3610 2087 motu

2027 2117 2280 2173 fecerunt
2311 2163 2328 2187 ,
2361 2123 2454 2175 sed
2481 2120 2590 2176 Deo
2619 2132 2845 2193 agente,
2873 2132 2928 2178 et
2956 2132 3168 2178 tantum
3217 2139 3324 2179 non
3363 2123 3616 2179 trahente

2027 2223 2093 2264 ac
2118 2210 2357 2280 pellente
2381 2212 2505 2268 illos
2528 2213 2594 2267 ad
2632 2228 2849 2268 reorum
2897 2215 3262 2270 obsidionem.

2098 2390 2261 2447 Vens.
2287 2392 2379 2446 26.
2430 2411 2450 2445 ι
2489 2393 2597 2449 Sed
2630 2395 2852 2464 insuper
2888 2409 3082 2450 manus
3116 2395 3210 2450 Dei
3235 2394 3480 2451 excelsa:
3509 2396 3612 2467 igi-‘

2029 2493 2114 2538 tur
2144 2483 2386 2540 elevabit
2417 2485 2630 2557 signum
2660 2486 2912 2558 gentibus
2965 2486 3301 2558 longinquis,
3349 2498 3402 2541 et
3434 2487 3612 2541 trahet

2025 2592 2120 2631 eas
2145 2576 2214 2632 ab
2242 2586 2494 2633 extremo
2524 2588 2704 2633 terrae.
2750 2597 2769 2630 ι
2816 2579 3037 2634 Excelsa
3075 2581 3242 2650 igitur
3275 2587 3464 2635 contra
3493 2580 3613 2634 illos

2027 2668 2131 2722 fuit
2164 2683 2358 2723 manus
2394 2669 2516 2735 Dei,
2543 2670 2614 2724 ob
2662 2669 3068 2725 incredulitatis
3119 2684 3309 2725 eorum
3359 2685 3616 2740 perseve-

2025 2759 2284 2816 rantiam.
2323 2760 2486 2827 Quod
2539 2759 2689 2815 enim
2733 2761 2978 2816 deterius
3015 2770 3120 2826 est,
3159 2777 3226 2817 ne
3261 2762 3367 2817 illis
3391 2761 3610 2832 quidem

2027 2849 2099 2905 ita
2135 2851 2307 2921 gestis
2346 2850 2617 2922 aequiores
2661 2851 2792 2906 facti
2828 2859 2988 2918 sunt,
3027 2850 3121 2907 sed
3158 2853 3348 2907 eodem
3385 2852 3438 2906 in
3466 2861 3611 2907 statu

2031 2942 2404 3013 perseverant.

2101 3035 2267 3092 Vens.
2292 3035 2383 3091 50.
2432 3053 2452 3088 ι
2490 3037 2558 3091 Ει
2586 3036 2847 3092 clamabit
2888 3044 3111 3106 propter
3147 3051 3243 3092 eos
3289 3035 3341 3091 in
3379 3035 3468 3090 die
3515 3035 3610 3091 illa

333 3131 611 3201 θαλάσσης
674 3127 1114 3200 κυμαινούσης.»
1185 3127 1451 3181 Ἐνταῦθα
1506 3123 1599 3181 οῦν
1655 3127 1925 3199 προσήκει

2028 3129 2184 3199 quasi
2224 3144 2326 3184 vox
2361 3130 2532 3184 maris
2563 3129 2865 3183 mstuantis.
2894 3147 2914 3182 ι
2950 3127 3049 3182 Hic
3073 3130 3611 3184 animadvertendum

332 3221 630 3292 ἐπιστῆσαι
677 3221 768 3272 τὸν
811 3217 972 3282 νοῦν,
1022 3219 1098 3282 ὡς
1143 3218 1206 3272 τὺ
1255 3218 1460 3291 πλῆθος
1501 3218 1611 3273 τῶν
1649 3219 1925 3292 πολεμίων

332 3316 486 3386 φωνῇ
517 3313 794 3384 θαλάσσης
826 3312 1084 3382 ἐξομοιοῖ.

867 3404 1266 3457 ΚΕΦΑΛΑΙΟΝ
1301 3406 1390 3470 (τι.

411 3519 430 3552 ι
457 3499 569 3553 Καὶ
596 3498 813 3567 ἐγένετο
839 3495 931 3550 τοῦ
980 3496 1249 3561 ἐνιαυτοῦ,
1280 3491 1340 3551 οῦ
1370 3496 1642 3550 ἀπέθανεν
1684 3496 1863 3561 Ὀζίας
1897 3498 1926 3550 6

333 3591 608 3664 βασιλεύς.
636 3611 655 3644 ι
694 3589 795 3643 Διά
831 3590 885 3642 τί
911 3588 984 3668 μὴ
1017 3588 1095 3642 ἐτι
1124 3587 1326 3652 ζῶντος
1367 3588 1544 3654 Ὀζίου
1572 3588 1673 3660 τὴν
1707 3605 1926 3660 προκειαι

335 3686 505 3755 μένην
531 3683 653 3754 ὅφιν
685 3681 852 3753 ἐώρα,
880 3681 994 3734 ἀλλ’
1024 3685 1081 3735 ἐν
1103 3681 1182 3752 τῷ
1206 3680 1316 3734 ἔτει
1338 3673 1382 3748 ᾧ
1408 3679 1676 3734 ἀπέθανεν
1700 3697 1714 3746 ;
1749 3677 1922 3752 οἶμαι,

331 3778 445 3840 ὅτι,
497 3775 585 3830 διά
634 3775 696 3828 τὸ
745 3773 1055 3847 ἐπαρθῆναι
1110 3773 1308 3835 αὑτὸν,
1362 3773 1456 3826 καὶ
1512 3773 1611 3844 τὴν
1662 3771 1926 3843 μηδαμῶς

333 3873 720 3942 προσήκουσαν
751 3866 899 3935 αὑτῷ
933 3865 1251 3937 ἐγχειρῆσαι
1285 3863 1477 3916 θυσίαν
1516 3867 1922 3934 προσενεγκεῖν,

332 3961 477 4016 ὥστε
504 3961 600 4015 καὶ
633 3960 730 4030 τὴν
762 3960 966 4031 λέπραν
995 3957 1302 4027 ἐπανθῆσαι
1324 3955 1401 4034 τῷ
1429 3954 1707 4026 προσώπῳ
1735 3955 1923 4020 αὐτοῦ,

334 4055 486 4118 εἰκὸς
516 4049 585 4125 ῆν
624 4049 1105 4122 ἀνακεχωρηκέναι
1142 4049 1243 4119 τὴν
1274 4049 1433 4118 χάριν
1460 4047 1555 4099 τοῦ
1582 4046 1717 4100 Θεοῦ
1749 4049 1926 4102 πάντα

333 4147 426 4200 τὸν
468 4145 659 4218 χρόνον
708 4144 808 4213 τῆς
845 4140 1010 4196 αὐτοῦ
1047 4141 1214 4211 ζωῆς,
1251 4140 1373 4193 καθ’
1407 4139 1466 4193 ὃν
1513 4139 1926 4213 λελεπρωμένος

336 4239 575 4310 κατῴκει
608 4235 706 4308 τὴν
747 4233 1129 4305 Ἰερουσαλήμ.
1159 4232 1377 4305 Λεπροῦ
1413 4232 1522 4305 γὰρ
1553 4233 1814 4304 βασιλέως
1844 4235 1922 4286 οί-

335 4331 560 4393 κοῦντος
587 4329 680 4382 τὸν
701 4327 886 4390 τόπον,
915 4326 1140 4391 εἰκότως
1165 4326 1582 4398 ἀνακεχωρήκει
1611 4328 1645 4397 ἡ
1677 4325 1803 4393 δόξα
1831 4325 1925 4380 τοῦ

334 4423 493 4476 Θεοῦ.
543 4422 696 4474 Ἐπεὶ
727 4421 785 4474 δέ
830 4407 1085 4473 ἐτελεύτα
1120 4420 1218 4489 μὲν
1250 4421 1475 4481 ἐκεῖνος,
1532 4419 1755 4472 Ἷωάθαν
1795 4418 1852 4473 δέ
1896 4419 1926 4471 6

2027 3231 2132 3288 est,
2192 3217 2368 3289 ipsum
2432 3219 2839 3275 multitudinem
2894 3219 3134 3275 hostium
3182 3221 3350 3276 maris
3405 3221 3610 3275 sonitui

2028 3327 2285 3383 compara
2294 3327 2373 3367 re.

2637 3403 2871 3461 CAPUT
2915 3404 2995 3460 Vl.

2101 3492 2265 3550 Vnus.
2299 3494 2350 3549 I.
2397 3513 2416 3547 ι
2446 3495 2512 3548 Ει
2536 3496 2738 3550 factum
2773 3505 2861 3551 est
2907 3497 2962 3551 in
3008 3513 3175 3560 anno,
3217 3513 3325 3566 quo
3367 3503 3614 3551 mortuus

2027 3595 2110 3639 est
2163 3602 2256 3641 rex
2303 3585 2485 3643 Ozias.
2517 3606 2534 3638 ι
2570 3587 2753 3655 Quare
2812 3604 2917 3644 non
2979 3589 3196 3643 vivente
3249 3589 3430 3644 adhuc
3477 3589 3614 3644 Ozia

2028 3678 2167 3732 hanc
2193 3677 2458 3732 visionem
2505 3678 2715 3744 habuit,
2766 3679 2861 3734 sed
2907 3693 2974 3734 eo
3021 3693 3165 3732 anno
3193 3693 3302 3746 quo
3333 3678 3421 3732 ille
3465 3693 3615 3732 mor-

2031 3782 2152 3826 tuus
2179 3771 2301 3826 est?
2329 3771 2454 3839 quia
2485 3771 2576 3826 ille
2597 3772 2774 3828 elatus
2795 3773 3000 3838 animo,
3029 3771 3356 3827 sacrilicium
3384 3770 3608 3839 oll‘erre,

2028 3864 2177 3934 quod
2205 3862 2365 3919 ollicii
2399 3864 2479 3917 sui
2509 3878 2616 3918 non
2641 3873 3090 3936 erat,aggressus
3119 3872 3224 3929 est,
3271 3864 3343 3920 ita
3374 3871 3431 3917 ut
3463 3863 3615 3934 lepra

2029 3960 2082 4012 in
2123 3956 2283 4011 vultu
2332 3957 2448 4027 ejus
2483 3965 2820 4026 erumperet,
2873 3957 3114 4011 arbitror
3167 3971 3266 4026 par
3317 3955 3505 4018 fuisse,
3551 3961 3614 4012 ut

2028 4052 2206 4119 gratia
2229 4048 2321 4104 Dei
2357 4048 2635 4105 recederet
2667 4057 2782 4102 toto
2805 4051 2930 4102 vitae
2977 4047 3123 4103 illius
3179 4057 3444 4116 tempore,
3501 4061 3614 4116 quo

2028 4139 2274 4209 leprosus
2300 4137 2579 4194 habitabat
2615 4138 2668 4191 in
2715 4137 3040 4194 Jerusalem.
3077 4137 3215 4191 Nam
3243 4141 3458 4207 leproso
3484 4151 3616 4206 rege

2030 4232 2208 4286 locum
2235 4230 2528 4293 incolente,
2555 4229 2727 4298 gloria
2755 4229 2849 4284 Dei
2877 4230 3074 4284 merito
3107 4238 3430 4283 recesserat.
3453 4228 3613 4282 Post—

2028 4339 2194 4394 quam
2221 4333 2400 4376 autem
2447 4322 2677 4377 obiisset
2714 4320 2827 4385 ille,
2887 4329 2943 4376 et
3001 4319 3252 4377 Joatham
3305 4320 3450 4374 [ilius
3492 4320 3614 4390 eju:

2031 4432 2255 4488 regnum
2280 4416 2609 4484 excepisset,
2639 4415 2707 4468 de
2753 4428 2860 4483 quo
2890 4414 3154 4484 scriptum
3189 4421 3292 4476 est,
3335 4431 3354 4463 ι
3383 4412 3450 4466 Et
3479 4412 3611 4467 fecit

335 4515 452 4578 υἱὸς
480 4512 646 4568 αὐτοῦ
680 4512 778 4583 τὴν
811 4511 1083 4582 βασιλείαν
1111 4512 1399 4577 διεδέξατο,
1452 4511 1580 4582 περὶ
1621 4504 1682 4564 οὗ
1728 4511 1925 4582 γέγρα-

2039 4517 2242 4562 rectum
2296 4507 2348 4561 in
2400 4505 2573 4562 oculis
2618 4504 2829 4561 Domini
2867 4504 2944 4570 ³¹;
3003 4523 3022 4557 ι
3077 4503 3200 4573 jure
3246 4505 3434 4557 eodem
3492 4503 3611 4570 ipso

336 4624 491 4668 πται,
519 4625 538 4654 ι
563 4605 673 4658 Καὶ
703 4603 925 4676 ἐποίησε
945 4605 1006 4656 τὸ
1025 4604 1179 4667 εὑθές
1194 4605 1250 4657 ἐν
1266 4603 1561 4674 ὀφθαλμοῖς
1578 4603 1800 4675 Κυρίου·
1818 4624 1835 4655 ι
1858 4606 1934 4657 εί-

337 4699 510 4762 κότως
538 4696 655 4751 κατ’
681 4695 842 4750 αὑτὸν
859 4697 1065 4748 ἐκεῖνον
1082 4695 1172 4748 τὸν
1189 4694 1432 4748 ἐνιαυτὸν
1454 4680 1580 4761 ἐνίῷ
1603 4694 1632 4746 6
1654 4693 1930 4760 λελεπρω-

340 4791 500 4865 μένος
537 4789 864 4860 μετηλλάχει
907 4787 996 4841 τὸν
1041 4786 1176 4858 βίον,
1217 4789 1244 4840 6
1286 4786 1343 4840 δὲ
1380 4785 1672 4856 εὐάρεστος
1705 4785 1932 4857 τῷΘεῷ

337 4883 436 4955 τὴν
484 4881 764 4952 βασιλείαν
809 4880 1100 4945 διεδέξατο,
1154 4873 1312 4942 αὖθις
1352 4879 1385 4948 ἡ
1429 4877 1556 4944 δόξα
1591 4876 1800 4949 Κυρίου
1842 4877 1934 4929 ἐπ-

338 4976 498 5047 ανῄει
531 4976 625 5028 ἐπὶ
655 4974 744 5027 τὸν
789 4969 957 5036 οἷκον,
985 4972 1184 5043 δηλαδὴ
1219 4970 1312 5024 τὸν
1342 4970 1468 5024 ναὸν
1493 4967 1722 5040 Κυρίου.
1759 4970 1824 5022 Ὃ
1860 4968 1925 5040 δὴ

336 5068 432 5121 καὶ
460 5067 666 5140 ἱστορεῖ
686 5067 715 5118 6
739 5064 1257 5138 προφήτης).έγων,‹
1279 5064 1389 5116 Καὶ
1403 5061 1620 5131 ἐγένετο
1631 5060 1727 5113 τοῦ
1749 5064 1929 5114 ἐνιαυ-

337 5157 454 5222 τοῦ,
487 5151 548 5210 οῦ
576 5157 846 5212 ἀπέθανεν
881 5157 1063 5222 Ὀζίας
1087 5160 1115 5211 ό
1141 5156 1412 5227 βασιλεὺς,
1441 5149 1580 5207 εἶδον
1607 5154 1698 5208 τὸν
1725 5153 1928 5225 Κύριον

340 5250 654 5321 καθήμενον
697 5249 790 5303 ἐπὶ
833 5249 1022 5321 θρόνου
1069 5248 1275 5320 ὑψηλοῦ
1315 5250 1409 5303 καὶ⁹
1457 5247 1790 5319 ἐπηρμένου·
1834 5247 1930 5300 καὶ

343 5343 558 5414 πλήρης
585 5344 613 5396 6
645 5337 790 5405 οἶκος
827 5342 926 5412 τῆς
963 5341 1121 5414 δόξης
1163 5339 1350 5397 αὐτοῦ.
1373 5360 1391 5392 ι
1426 5335 1593 5411 Οἶμαι
1625 5339 1682 5392 δέ
1717 5339 1810 5392 καὶ
1837 5338 1927 5392 διά

341 5436 548 5488 τούτων
573 5434 944 5507 παρίστασθαι
968 5435 1053 5498 τίς
1076 5435 1192 5489 ποτ’
1212 5429 1280 5506 ἦν
1307 5436 1335 5488 6
1357 5432 1446 5486 διὰ
1474 5432 1653 5503 πάσης
1673 5433 1773 5504 τῆς
1797 5451 1928 5506 προ-

343 5527 574 5596 φητείας
613 5527 945 5598 δηλούμενος
985 5527 1191 5599 Κύριος
1238 5525 1487 5583 Σαϐαὼθ.
1514 5527 1611 5592 Τίς
1652 5526 1709 5579 δὲ
1731 5519 1925 5593 οὖτος;

356 5617 418 5674 '0
447 5619 759 5691 Μονογενὴς
776 5618 923 5684 Υἱὸς,
951 5622 979 5673 6
1001 5603 1091 5674 ὣ)
1108 5622 1188 5685 είς
1215 5620 1305 5674 τὸν
1338 5619 1536 5675 κόλπον
1569 5618 1663 5672 τοῦ
1691 5619 1926 5692 Πατρδς,

420 5798 554 5877 νιν
589 5799 720 5869 Reg.
760 5814 854 5870 xv,
883 5799 974 5858 δι.

1867 5903 1890 5918 Ἀκ

2031 4614 2196 4663 anno,
2233 4614 2341 4669 quo
2399 4607 2454 4654 et
2504 4599 2755 4669 leprosus
2787 4599 2952 4651 vitam
2994 4597 3229 4663 obierat,
3267 4605 3320 4649 et
3368 4596 3453 4649 vir
3497 4595 3613 4650 Deo

2031 4691 2268 4762 placitus
2315 4706 2545 4761 regnum
2584 4699 2899 4760 exceperat,
2945 4688 3117 4759 gloria
3186 4687 3400 4742 Domini
3448 4702 3614 4758 super

2031 4784 2250 4846 domum
2276 4798 2490 4839 reversa
2519 4792 2627 4848 est,
2655 4781 2866 4837 scilicet
2897 4795 3060 4850 super
3085 4778 3340 4847 templum
3367 4777 3607 4836 Domini.

2031 4876 2184 4945 Quod
2240 4877 2494 4932 videlicet
2524 4885 2751 4932 enarrat
2795 4874 3060 4945 pr0pheta
3115 4872 3336 4927 dicens:
3384 4889 3405 4927 ι
3436 4872 3502 4926 Et
3531 4871 3612 4924 fa-

2031 4978 2178 5025 ctum
2209 4979 2292 5024 est
2326 4971 2378 5024 in
2415 4985 2578 5036 anno,
2610 4984 2718 5038 quo
2756 4976 3004 5022 mortuus
3031 4975 3114 5020 est
3163 4980 3259 5019 rex
3290 4963 3474 5031 Ozias,
3501 4964 3612 5018 vidi

2033 5063 2319 5118 Dominum
2382 5064 2662 5124 sedentem
2713 5077 2879 5130 super
2924 5061 3178 5116 thronum
3226 5059 3502 5114 excelsum
3557 5048 3651 5128 et?

2033 5155 2346 5211 elevatum:
2384 5164 2439 5210 et
2485 5155 2642 5225 plena
2685 5165 2804 5210 erat
2835 5157 3028 5210 domus
3074 5154 3244 5222 gloria
3274 5153 3411 5222 ejus.
3451 5173 3471 5206 ι
3513 5152 3616 5208 ΔΕ-

3631 5129 3641 5140 ι·

3633 5151 3644 5168 Ι

3631 5175 3648 5247 i

2036 5249 2198 5305 stimo
2225 5248 2310 5303 his
2335 5247 2654 5317 significari,
2681 5248 2803 5319 quis
2839 5248 2912 5303 sit
2952 5248 3042 5304 ille
3077 5248 3338 5304 Dominus
3369 5247 3613 5302 Sabaoth
3633 5306 3646 5325 _.

2037 5339 2090 5394 in
2145 5339 2246 5394 hac
2310 5349 2420 5395 tota
2480 5338 2770 5408 prophetia
2823 5340 3114 5396 indicatus.
3168 5339 3366 5408 Ecquis
3429 5343 3646 5393 autem}

2036 5432 2169 5488 ille?
2213 5431 2765 5508 ιὲένωίωβηξὲἐρεε
2799 5432 3091 5507 «simul!
3121 5431 3480 5508 aimal’atais.
3518 5430 3613 5501 qui

2035 5525 2367 5580 descendens
2393 5540 2456 5579 ex
2484 5525 2704 5595 propria
2743 5523 3139 5592 magnitudine,
3171 5523 3296 5577 inde
3333 5537 3456 5576 sese
3485 5519 3613 5574 visi—

2038 5617 2202 5672 bilem
2241 5628 2297 5674 et
2334 5617 2886 5688 comprehensibilem
2914 5616 3228 5674 hominibus
3253 5613 3614 5672 eﬂicit.Visu3

2567 5496 2732 5509 ..ουσιαι-ι

1841 5705 2151 5892 Ᾰίςῐῗίην
2205 5763 2265 5855 Ι..
2331 5801 2362 5852 π’
2390 5795 2466 5853 9'.
