4062 6400
495 321 598 377 123

1164 319 1435 380 EllSEBII
1471 316 1954 378 CESARIENSIS
1993 318 2144 379 OPP.
2185 316 2367 377 PARS
2402 317 2492 375 Ill.
2530 349 2603 360 —
2643 317 3057 378 EXEGETICA.

3659 325 3770 383 {ﬂ

492 447 575 490 est
602 445 657 490 et
684 435 1020 503 Abrahamo,
1061 451 1184 494 cum
1219 436 1355 492 dixit
1391 435 1468 502 ei,
1505 455 1524 488 ι
1556 433 1766 491 Semini
1807 443 1899 491 tuo
1941 434 2060 490 daht

2185 433 2633 491 ὑποκαταϐαίνων
2689 435 2782 492 τοῦ
2835 438 2966 492 ἰδίου
3018 435 3302 509 μεγέθους,
3355 439 3666 513 σμικρύνων
3708 443 3767 496 δὲ

499 539 703 583 terram
733 529 875 585 hanc
902 529 967 583 ”.
1003 527 1218 599 izlnfert
1245 529 1434 598 itaque
1469 526 1778 600 Scriptura,
1807 545 1827 580 ι
1854 527 1921 582 Ει
1945 527 2077 582 aedi-

497 620 687 676 ficavit
713 621 786 678 ibi
810 620 981 676 altare
1010 619 1262 685 Domino,
1297 619 1390 690 qui
1422 619 1572 676 visus
1609 619 1786 675 fuerat
1834 619 1885 674 ei
1922 618 1967 650 ³³
1999 637 2014 688 ;
2049 637 2070 672 ι

491 727 560 767 ac
601 728 841 782 rursum,
889 731 909 765 ι
936 712 1218 767 Abraham
1250 711 1431 768 factus
1463 720 1548 768 est
1579 726 1849 767 annorum
1905 727 2076 767 nona-

491 805 668 874 ginta,
708 813 764 859 et
801 804 949 860 visus
999 813 1086 860 est
1129 803 1179 860 ei
1219 804 1483 860 Dominus
1522 804 1608 871 “;
1659 822 1680 856 ι
1737 803 2072 874 iterumque,

498 913 518 945 ι
551 895 616 949 Ει
659 895 805 950 visus
838 903 922 949 est
949 894 1210 952 Dominus
1251 895 1486 950 Abrahae
1522 895 1588 949 ad
1620 908 1881 962 quercum
1908 894 2076 949 Mam-

491 988 589 1042 bre
619 987 684 1040 ³⁸.
716 1005 736 1038 ι
771 987 848 1042 De
885 985 1037 1042 Isaac
1071 1001 1294 1057 quoque
1333 987 1540 1041 dictum
1573 996 1681 1052 εει,
1721 1004 1740 1039 ι
1776 986 1845 1041 Ει
1883 986 2072 1056 profe-

491 1089 616 1134 ctus
642 1087 729 1134 est
758 1087 812 1135 et
843 1080 1096 1136 ascendit
1125 1080 1192 1134 ad
1228 1088 1450 1148 puteum
1487 1078 1808 1150 juramenti,
1843 1089 1899 1135 et
1924 1081 2076 1138 visus

489 1180 576 1225 est
605 1171 868 1228 Dominus
899 1171 1001 1243 ipsi
1049 1170 1105 1226 in
1141 1179 1302 1226 nocte
1330 1169 1422 1224 illa
1457 1169 1524 1225 ³⁸.
1562 1189 1582 1222 ι
1630 1169 1976 1241 Rursumque
2007 1173 2075 1227 de

485 1261 657 1319 Iacob
708 1264 929 1328 dicitur,
985 1281 1005 1316 ι
1040 1263 1155 1334 Ego
1194 1279 1313 1318 sum
1367 1263 1530 1329 Deus,
1590 1264 1682 1332 qui
1735 1263 1886 1319 visus
1951 1279 2071 1318 sum

487 1356 627 1420 tibi;
667 1375 688 1409 ι
721 1357 826 1412 sed
849 1357 1017 1412 etiam
1070 1371 1194 1411 cum
1241 1356 1392 1410 venit
1438 1373 1457 1407 ι
1504 1357 1559 1410 in
1612 1355 1803 1412 Bethel
1844 1357 1960 1426 ipse
2016 1366 2073 1412 et

485 1449 742 1520 popqus,
774 1448 868 1520 qui
894 1465 1019 1505 cum
1049 1464 1116 1505 eo
1146 1457 1290 1514 erat,
1319 1448 1614 1505 aedificavit
1645 1447 1717 1502 ibi
1760 1447 1975 1502 altare:
2018 1458 2073 1504 et

437 1567 439 1570 ‹
483 1542 700 1595 vocavit
734 1555 932 1596 nomen
969 1542 1160 1596 domus
1206 1540 1438 1606 Bethcl;
1477 1540 1549 1595 ibi
1576 1541 1718 1595 enim
1760 1541 1862 1610 ipsi
1897 1555 2070 1611 appa-

484 1633 598 1686 ruit
632 1633 774 1688 Deus
793 1633 880 1700 ³⁷;
920 1651 941 1686 ι
987 1633 1298 1703 iterumque
1343 1633 1545 1688 dictum
1574 1641 1680 1697 est,
1728 1651 1747 1685 ι
1779 1630 1944 1688 Visus
1989 1641 2072 1688 est

483 1736 668 1780 autem
715 1726 858 1781 Deus
897 1724 1068 1782 Jacob
1113 1725 1294 1780 adhuc
1348 1726 1400 1780 in
1448 1724 1595 1779 Luza
1626 1725 1714 1792 ἐς
1753 1744 1772 1777 ι
1824 1724 2069 1795 aliasque

2180 527 2391 592 ἑαυτὸν,
2420 527 2479 593 ἐξ
2512 527 2719 583 ἐκείνου
2745 530 2941 602 ὁρατὸν
2963 531 3058 583 καὶ
3083 530 3425 603 καταληπτὸν
3458 533 3766 606 ἀνθρώποις

2179 621 2344 674 ποιεῖ.
2385 619 2562 690 Ὠφθη
2609 620 2704 673 καὶ
2745 620 2825 692 τῷ
2865 620 3135 694 Ἀϐραὰμ,
3180 623 3343 694 ἡνίκα
3387 619 3538 678 εἶπεν
3585 627 3761 699 αὐτῷ·

2185 729 2204 762 ι
2230 711 2514 784 Σπέρματί
2549 729 2644 766 σου
2664 711 2820 766 δώσω
2839 712 2938 785 τὴν
2958 715 3060 786 γῆν
3076 713 3278 787 ταύτην
3297 717 3314 784 (
3324 716 3429 788 II).
3452 736 3472 769 ι
3495 718 3766 788 Ἐπιλὲγει

2177 797 2271 857 οὖν
2317 805 2350 875 ἠ
2405 805 2628 877 Γραφή·
2668 806 2818 859 «Καὶ
2864 805 3212 878 ᾠκοδόμησεν
3240 811 3356 862 ἐκεῖ
3379 811 3766 885 θυσιαστήριον

2176 893 2255 964 τῷ
2289 895 2477 967 Κυρίῳ
2505 895 2583 968 τῷ
2611 897 2828 966 ὀφθέντι
2855 899 3030 970 αὐτῷ·
3060 920 3078 952 ι
3104 902 3197 955 καὶ
3239 903 3429 956 πάλινσ
3463 923 3482 956 ι
3516 885 3768 976 Ἀϐραὰμ

2177 987 2393 1055 ἐγένετο
2428 988 2566 1042 ὲτῶν
2613 991 2959 1062 ἐνενήκοντα,
2992 992 3085 1046 καὶ
3125 993 3278 1066 ὤφθη
3310 995 3456 1067 αὐτῷ
3487 996 3759 1068 Κύριοςοι

2177 1082 2274 1135 καὶ
2307 1080 2470 1135 πάλιν
2489 1097 2502 1111 ο
2532 1099 2550 1131 ι
2571 1082 2682 1135 Kal
2716 1080 2871 1154 ὤφθη
2901 1082 3105 1154 Κύριος
3147 1084 3223 1154 τῷ
3259 1087 3507 1159 ’Δόραὰμ
3533 1088 3669 1161 πρὸς
3695 1093 3763 1162 τῇ

2175 1171 2298 1244 δρυῒ
2322 1177 2388 1245 τῇ
2406 1173 2675 1247 Μαμϐρῆ.
2705 1194 2724 1226 ι
2757 1175 2869 1230 Kal
2895 1177 3024 1248 περὶ
3049 1176 3144 1230 τοῦ
3162 1177 3346 1232 Ἰσαὰκ
3369 1180 3604 1253 εἴρηταιο
3623 1185 3766 1238 «Καὶ

2175 1266 2471 1338 ἐπορεύθη,
2516 1268 2610 1321 καὶ
2634 1267 2802 1338 ἀνέϐη
2853 1266 2949 1322 ἐπὶ
3005 1267 3064 1323 τὸ
3099 1269 3274 1341 φρέαρ
3310 1270 3403 1325 τοῦ
3437 1273 3623 1344 ὅρκου,
3667 1274 3768 1329 καὶ

2175 1356 2331 1429 ὤφθη
2370 1358 2574 1430 Κύριος
2613 1357 2760 1428 αὑτῷ
2803 1360 2861 1411 ὲν
2887 1361 2954 1429 τῇ
3000 1361 3154 1413 νυκτὶ
3187 1361 3388 1434 ἐκείνῃ·
3416 1382 3434 1414 ι
3474 1365 3568 1418 καὶ
3604 1362 3766 1434 αὖθις

2175 1450 2269 1503 ἐπὶ
2297 1449 2390 1503 τοῦ
2435 1449 2629 1503 Ἰακὼὸ
2651 1451 2894 1522 εἴρηται·
2927 1469 2946 1502 ι
2986 1450 3126 1520 Ἐγώ
3150 1454 3266 1524 είμι
3292 1455 3320 1508 ό
3341 1454 3492 1520 Θεὸς,
3523 1457 3551 1509 ό
3575 1458 3768 1528 ὀφθείς

2175 1558 2291 1595 σοι·
2320 1560 2340 1595 ι
2378 1541 2515 1596 ἀλλὰ
2557 1542 2651 1597 καὶ
2675 1544 2764 1596 ὅτε
2801 1539 2967 1614 ἦλθεν
3000 1563 3018 1596 ι
3042 1547 3120 1608 είς
3163 1545 3365 1618 Βαιθὴλ
3393 1548 3556 1614 αὐτὸς
3599 1553 3693 1604 καὶ
3735 1555 3764 1606 ό

2174 1632 2302 1698 λαὸς
2341 1635 2369 1687 ό
2421 1636 2539 1706 μετ’
2594 1634 2783 1699 αὑτοῦ,
2819 1635 3166 1708 ᾠκοδόμησεν
3211 1640 3328 1691 ἐκεῖ
3359 1639 3765 1714 θυσιαστήριον,

2174 1728 2268 1780 καὶ
2300 1727 2526 1782 ἐκάλεσε
2549 1727 2611 1780 τὸ
2636 1727 2807 1798 ὄνομα
2836 1727 2927 1782 τοῦ
2955 1727 3106 1782 οἴκου
3131 1729 3362 1802 Βαιθήλ·
3393 1734 3510 1786 ἐκεῖ
3528 1733 3635 1804 γὰρ
3665 1736 3764 1788 αὺ-

487 1821 629 1875 dixit
674 1819 751 1874 illi
799 1820 852 1874 in
899 1817 1142 1874 hominis
1169 1818 1358 1887 specie
1385 1833 1682 1888 apparens,
1720 1835 1740 1870 ι
1771 1816 1888 1872 Non
1921 1817 2060 1872 ultra

2170 1819 2250 1890 τῷ
2291 1820 2463 1892 ἐφάνη
2505 1821 2534 1872 ό
2578 1819 2776 1884 Θεός.»
2824 1821 2936 1874 Kal
2977 1821 3139 1875 πάλιν
3178 1823 3413 1894 εἴρηται·
3453 1827 3667 1898 «Ὠερθη
3705 1829 3764 1883 δὲ

483 1909 776 1965 vocabitur
798 1923 994 1963 nomen
1026 1917 1176 1962 tuum
1205 1905 1381 1962 Jacoh
1415 1925 1430 1962 :
1477 1908 1574 1963 sed
1628 1907 1792 1963 Israel
1820 1907 1930 1962 erit
1963 1923 2066 1964 no-

480 2014 610 2054 men
659 2007 810 2053 tuum
840 1998 906 2052 ³⁹.
934 2017 954 2051 ι
988 1995 1218 2064 Quando
1268 1999 1484 2052 vocavit
1530 2013 1731 2053 nomen
1773 1997 1900 2064 loci,
1927 1999 2065 2070 Spe-

477 2093 586 2146 cies
615 2090 740 2157 Dei,
771 2090 979 2156 dicens,
1008 2108 1027 2142 ι
1057 2088 1180 2145 Vidi
1209 2089 1354 2144 enim
1387 2091 1555 2144 Deum
1588 2090 1729 2146 facie
1758 2092 1823 2146 ad
1846 2089 2062 2156 faciem,

478 2195 538 2237 et
562 2182 709 2238 salva
748 2182 894 2237 facta
920 2190 1004 2237 est
1028 2181 1210 2235 anima
1265 2195 1384 2235 mea
1411 2181 1479 2235 ⁸ο.
1518 2201 1538 2235 ι
1585 2181 1803 2254 Moyses
1843 2199 2062 2254 quoque

479 2277 650 2332 Deum
703 2274 795 2345 qui
841 2273 1064 2330 oracula
1126 2275 1227 2329 sibi
1277 2273 1493 2342 edebat,
1556 2277 1771 2346 rogavit
1833 2276 2061 2342 dicens,

484 2385 504 2418 ι
545 2365 601 2421 Si
631 2364 816 2421 inveni
846 2364 1080 2435 gratiam
1110 2363 1166 2418 in
1202 2373 1492 2434 conspectu
1526 2373 1641 2430 tuo,
1673 2367 1900 2421 ostende
1931 2366 2061 2421 mihi

478 2457 732 2526 teipsum,
761 2455 1207 2526 cognoscibiliter
1265 2463 1318 2510 te
1367 2456 1581 2510 videam
1623 2457 1692 2510 υ.
1719 2474 1739 2508 ι
1799 2454 1897 2510 ΙΙΙε
1931 2471 2062 2512 vero

384 2615 390 2622 ,
476 2553 757 2623 respondit
789 2551 842 2607 ei
870 2551 1080 2618 dicens,
1113 2568 1134 2602 ι
1167 2549 1236 2606 Ει
1263 2551 1368 2607 hoc
1390 2553 1622 2606 verbum
1668 2553 1813 2624 quod
1852 2552 2064 2608 locutus

475 2660 561 2710 es,
607 2643 846 2700 faciam:
904 2641 1164 2698 invenisti
1214 2643 1360 2696 enim
1414 2644 1724 2719 gratiamin
1767 2655 2061 2713 conspectu

473 2749 598 2790 meo
611 2734 682 2796 5’.
718 2754 738 2789 ι
777 2734 1027 2791 Ezechiel
1054 2736 1186 2790 item
1215 2749 1340 2789 eum
1364 2735 1454 2804 qui
1487 2736 1641 2792 sedet
1669 2749 1835 2807 super
1865 2737 2061 2792 cheru-

474 2827 588 2883 bim
619 2827 778 2893 vidit,
807 2827 964 2897 quasi
1007 2826 1248 2896 speciem
1289 2825 1561 2883 hominis:
1610 2842 1640 2880 a
1695 2826 1896 2882 lumbis
1947 2827 2062 2897 ejus

476 2933 651 2990 usque
689 2921 757 2974 ad
810 2920 978 2974 imum
1018 2918 1163 2990 ignis
1201 2928 1344 2985 erat,
1391 2927 1446 2974 et
1494 2933 1525 2973 a
1566 2919 1765 2976 lumbis
1813 2920 1933 2992 ejus
1963 2937 2058 2976 us-

475 3024 584 3080 que
612 3010 679 3064 ad
707 3025 1004 3076 summum,
1052 3010 1269 3082 species
1308 3009 1521 3066 electri.
1556 3011 1767 3079 Quibus
1805 3013 2061 3070 omnibus

2169 1913 2199 1965 ό
2239 1911 2372 1976 Θεὸς
2411 1912 2489 1984 τῷ
2538 1911 2732 1966 Ἰακὼϐ
2777 1912 2873 1966 καὶ
2919 1913 2998 1966 ἔτι
3029 1915 3087 1967 ὲν
3133 1917 3345 1982 Λουζᾶ·
3374 1938 3393 1969 ι
3431 1920 3525 1973 καὶ
3573 1919 3762 1974 ἄλλοτε

2167 1998 2320 2056 εἶπεν
2345 2003 2493 2074 αὐτῷ
2516 2004 2572 2058 ὲν
2618 2005 2856 2077 σχήματι
2890 2006 3177 2077 ἀνθρώπου
3230 2008 3443 2078 ὀφθείς·
3474 2031 3492 2062 ι
3526 2012 3636 2066 Οὐκ
3679 2013 3763 2068 ἔτι

2169 2095 2496 2168 κληθήσεται
2535 2096 2596 2148 τὸ
2638 2096 2808 2167 ὄνομα
2839 2114 2932 2151 σου
2959 2099 3153 2152 Ἰακώὸ
3174 2117 3188 2130 ο
3217 2101 3330 2155 ἀλλ’
3366 2103 3582 2175 Ἰσραὴλ
3607 2104 3760 2158 ἔσται

2167 2189 2228 2242 τὸ
2261 2188 2433 2259 ὄνομά
2461 2205 2554 2242 σου
2575 2205 2588 2218 ·
2617 2207 2635 2239 ι
2663 2188 2752 2242 ὅτε
2788 2189 2882 2244 καὶ
2914 2190 3140 2244 ἐκάλεσε
3164 2193 3226 2246 τὸ
3268 2193 3438 2265 ὄνομα
3476 2196 3568 2248 τοῦ
3589 2197 3760 2250 τόπου

2161 2273 2338 2344 Εἶδος
2390 2277 2539 2333 Θεοῦ
2568 2275 2766 2331 εἰπών·
2800 2297 2819 2330 α
2843 2276 2996 2333 Ε’δον
3026 2283 3134 2354 γὰρ
3160 2283 3291 2336 Θεὸν
3313 2285 3601 2356 πρόσωπον
3623 2288 3761 2358 πρὸς

2166 2370 2480 2443 πρόσωπον,
2528 2374 2621 2428 καὶ
2671 2372 2852 2445 ἐσώθη
2885 2391 2987 2445 μου
3021 2376 3056 2445 ἡ
3105 2375 3271 2447 ψυχή.
3304 2395 3322 2428 ι
3363 2378 3474 2432 Kal
3517 2380 3760 2451 Μωῦσῆς

2164 2463 2225 2517 δὲ
2246 2464 2337 2518 τὸν
2361 2465 2772 2538 χρηματίζοντα
2798 2466 2949 2538 αὐτῷ
2971 2466 3102 2520 Θεὸν
3132 2468 3375 2523 ἱκέτευσε
3406 2469 3580 2540 λέγων
3601 2489 3615 2501 ·
3647 2492 3667 2522 ι
3695 2473 3760 2528 Et

2162 2555 2375 2628 εὕρηκα
2407 2557 2569 2628 χάριν
2595 2557 2826 2612 ἐνώπιόν
2862 2575 2978 2622 σου,
3033 2559 3334 2630 ὲμφάνισόν
3367 2578 3458 2632 μοι
3490 2563 3756 2619 σεαυτόνο

2163 2648 2422 2717 γνωστῶς
2455 2647 2551 2702 ῐδω
2589 2665 2670 2702 σε.
2697 2669 2717 2702 ι
2771 2650 2828 2702 Ὁ
2871 2649 2928 2703 δὲ
2973 2650 3306 2722 ἀπεκρίνατο
3340 2652 3490 2724 αὐτῷ
3537 2653 3717 2723 λέγων
3741 2672 3756 2685 ·

2169 2755 2188 2787 ι
2218 2738 2328 2790 Καὶ
2379 2736 2568 2793 τοῦτόν
2617 2756 2700 2792 σοι
2744 2738 2834 2792 τὸν
2876 2739 3037 2808 λόγον
3098 2739 3156 2794 ὃν
3207 2743 3434 2812 εῐρηκας
3504 2747 3756 2815 ποιήσω’

2162 2829 2407 2902 εὕρηκας
2436 2830 2546 2903 γὰρ
2580 2832 2742 2904 χάριν
2768 2829 2999 2886 ἐνώπιόν
3029 2849 3152 2903 μου.
3179 2852 3197 2884 ι
3244 2833 3405 2887 Ἀλλὰ
3443 2837 3536 2889 καὶ
3565 2839 3594 2890 ό
3656 2838 3758 2891 Ἰε-

2163 2922 2353 2994 ζεκιῆλ
2405 2923 2496 2976 τδν
2543 2924 2639 2976 ἐπὶ
2685 2923 2796 2976 τῶν
2837 2923 3102 2996 χερουόὶμ
3139 2924 3443 2997 καθήμενον
3473 2923 3632 2993 εἶδεν,
3677 2930 3758 2995 ὡς

2163 3014 2352 3087 ὅρασιν
2395 3013 2706 3086 ἀνθρώπου,
2755 3015 2864 3069 ἀπὸ
2911 3015 3012 3085 τῆς
3056 3015 3258 3085 ὀσφύος
3307 3019 3471 3072 αὐτοῦ
3508 3021 3601 3074 καὶ
3647 3021 3755 3088 ἕως

474 3101 771 3158 ediscimus
827 3103 1066 3159 visiones
1111 3119 1144 3159 a
1192 3106 1471 3176 praedictis
1523 3105 1660 3160 viris
1702 3106 1917 3161 habitas
1951 3122 2057 3163 non

2166 3106 2318 3158 κάτω
2350 3104 2483 3176 πῦρ,
2537 3107 2632 3158 καὶ
2664 3105 2774 3158 ἀπὸ
2808 3105 2910 3176 τῆς
2941 3104 3142 3174 ὀσφύος
3183 3107 3348 3162 αὑτοῦ
3380 3111 3473 3161 καὶ
3506 3109 3612 3173 ἕως
3639 3113 3758 3166 ἄνω

474 3192 684 3248 similes
712 3192 922 3260 fuisse,
966 3195 1062 3251 sed
1110 3196 1396 3262 diversas;
1456 3212 1580 3250 nam
1638 3196 1809 3269 Moysi
1841 3200 2058 3268 quidem

2167 3195 2328 3266 ὑπὲρ,
2356 3196 2546 3267 ὅρασιν
2574 3196 2866 3269 ἠλέκτρου.
2903 3198 2980 3250 Δι’
3007 3190 3082 3251 ὦν
3119 3198 3376 3252 ἁπάντων
3407 3199 3753 3271 μανθάνομεν

476 3286 682 3340 dictum
733 3295 858 3351 est,-
897 3305 917 3339 ι
948 3285 1064 3342 Non
1103 3290 1311 3360 poteris
1360 3290 1548 3346 videre
1591 3288 1785 3345 faciem
1833 3307 2058 3348 meam:

475 3391 583 3431 non
609 3377 752 3432 enim
782 3379 989 3434 videbit
1014 3381 1177 3436 homo
1208 3381 1402 3436 faciem
1440 3396 1639 3448 meam,
1671 3391 1728 3437 et
1756 3383 1903 3440 vivet
1927 3383 1992 3437 ".
2031 3403 2053 3438 ι

476 3470 756 3538 Siquidem
803 3471 982 3527 vultus
1011 3472 1104 3528 Dei
1139 3472 1325 3540 Verbi,
1351 3483 1407 3529 et
1433 3474 1609 3530 deitas
1637 3472 1912 3546 Unigeniti
1937 3476 2058 3532 Filii

473 3558 594 3626 Dei,
641 3561 854 3618 mortali
910 3573 1120 3620 natura:
1161 3567 1676 3635 comprehensibilis
1729 3568 2056 3639 neutiquam

471 3651 655 3707 fuerit.
712 3653 982 3711 Ezechieli
1035 3666 1218 3712 autem
1276 3655 1440 3714 Verbi
1510 3657 1684 3730 gloria
1735 3674 1830 3729 per
1887 3661 2058 3732 aenig-

471 3757 616 3799 mata
640 3747 753 3802 visa
806 3747 947 3804 fuit:
981 3749 1216 3806 Abrahae
1271 3765 1398 3806 vero
1447 3754 1548 3810 sub
1599 3751 1835 3808 hominis
1879 3751 2055 3809 forma

475 3837 706 3907 figurate
736 3842 890 3897 visus
920 3853 1026 3908 est,
1076 3844 1150 3899 ita
1202 3853 1260 3900 ut
1315 3845 1418 3900 sub
1458 3861 1662 3916 quercu
1705 3847 2054 3915 consisteret,

473 3931 937 4002 pelles’ablueret,
970 3943 1026 3988 et
1055 3949 1256 3989 mensa:
1276 3949 1505 3990 consors
1537 3946 1704 3991 esset.
1763 3935 2057 3991 Similiter-

476 4036 586 4090 que
624 4038 747 4077 cum
800 4023 1003 4079 Jacobo
1059 4025 1225 4080 homo
1283 4026 1495 4081 luctans
1553 4027 1858 4093 inducitur,
1891 4043 2052 4097 quem

477 4112 761 4183 Scriptura
784 4114 1003 4186 quidem
1029 4115 1309 4171 hominem
1343 4115 1618 4186 appellat;
1665 4116 1758 4171 ille
1805 4132 1937 4174 vero
1959 4117 2053 4188 qui

474 4203 758 4259 oraculum
799 4205 1015 4269 edebat,
1063 4222 1082 4256 ι
1123 4204 1242 4260 Non
1307 4206 1624 4274 vombitur,
1689 4206 1891 4276 inquit,
1956 4221 2054 4262 no-

475 4312 600 4352 men
656 4307 804 4354 tuum
854 4297 1061 4366 Jacob;
1111 4300 1205 4355 sed
1261 4300 1428 4356 Israel
1481 4301 1589 4356 erit
1629 4315 1822 4357 nomen
1879 4310 2051 4369 tuum,

472 4389 598 4458 quia
632 4389 789 4445 fortis
819 4390 966 4446 fuisti
999 4406 1122 4447 cum
1160 4392 1271 4448 Deo
1290 4391 1380 4460 “;
1421 4409 1441 4445 ι
1484 4392 1627 4450 unde
1663 4403 1718 4446 et
1765 4392 1938 4449 Jacob
1973 4396 2053 4451 di-

2162 3287 2262 3357 οὐχ
2293 3287 2483 3358 ὁμοίας
2531 3286 2628 3350 τὰς
2657 3287 2921 3351 ὀπτασίας
2943 3287 3269 3359 γεγενῆσθαι
3299 3293 3410 3352 τοῖς
3445 3290 3750 3362 προλεχθεί-

2163 3395 2271 3444 σιν,
2322 3379 2458 3434 ἀλλὰ
2504 3378 2830 3450 διαφόρους’
2873 3377 2952 3448 τῷ
3000 3378 3097 3449 μὲν
3145 3380 3253 3451 γὰρ
3285 3381 3491 3452 Μωῦσῇ
3540 3383 3748 3453 εἷρητο·

2167 3489 2188 3522 ι
2213 3471 2288 3523 Οὐ
2318 3470 2523 3542 δυνήσῃ
2555 3468 2683 3522 ἰδεῖν
2712 3468 2775 3520 τὸ
2805 3467 3096 3540 πρόσωπόν
3132 3486 3231 3540 μου
3255 3485 3268 3498 ·
3302 3469 3362 3522 οὐ
3395 3469 3503 3540 γὰρ
3537 3469 3622 3543 ἴδῃ
3651 3471 3746 3524 ἆν-

2162 3563 2380 3636 θρωπος
2415 3563 2474 3617 τὸ
2517 3561 2807 3635 πρόσωπόν
2861 3579 2997 3633 μου,
3045 3562 3141 3614 καὶ
3187 3561 3427 3632 ζήσεται·
3455 3581 3474 3615 ι
3525 3563 3586 3616 τὸ
3637 3563 3749 3636 γὰρ

2161 3656 2452 3728 πρόσωπον
2481 3655 2576 3709 τοῦ
2612 3653 2748 3708 Θεοῦ
2787 3654 2961 3723 Λόγου
2995 3654 3091 3708 καὶ
3130 3656 3163 3726 ἠ
3195 3653 3387 3727 θεότης
3432 3655 3528 3709 τοῦ
3564 3657 3743 3710 Μονο-

2158 3749 2352 3819 γενοῦς
2398 3747 2528 3802 Υἰοῦ
2563 3749 2656 3801 τοῦ
2691 3747 2825 3821 Θεοῦ
2878 3747 3046 3820 θνητῇ
3095 3747 3252 3817 φύσει
3298 3749 3397 3802 οὐκ
3434 3749 3500 3802 ἂν
3537 3750 3749 3819 γένοιτο

2158 3843 2513 3913 καταληπτήο
2553 3841 2648 3894 καὶ
2694 3840 2773 3912 τῷ
2814 3838 3075 3911 Ἰεζεκιὴλ
3105 3840 3162 3894 δὲ
3196 3843 3228 3912 ἡ
3284 3839 3376 3894 τοῦ
3411 3842 3585 3910 Λόγου
3618 3843 3745 3911 δόξα

2157 3929 2223 3984 δι’
2261 3929 2599 3999 αἰνιγμάτων
2633 3927 2955 4000 ὲθεωρεῖτο·
2993 3928 3071 4000 τῷ
3115 3929 3171 3982 δὲ
3218 3930 3468 4002 Ἀϐραὰμ
3501 3934 3749 4005 ἐσχημα-

2157 4020 2409 4092 τισμένος
2439 4021 2649 4092 ἑωρᾶτο
2697 4021 2755 4072 ὲν
2800 4018 3090 4091 ἀνθρώπου
3138 4025 3342 4094 μορφῇ,
3388 4021 3463 4086 ὡς
3511 4025 3606 4078 καὶ
3641 4025 3747 4080 ὑπὸ

2155 4111 2254 4183 τὴν
2285 4111 2418 4182 δρῦν
2450 4111 2727 4180 γενέσθαι,
2759 4111 2853 4165 καὶ
2879 4113 3006 4176 τοὺς
3034 4112 3200 4176 πόδας
3231 4113 3619 4184 ἀπονίψασθαι,
3647 4117 3746 4170 καὶ

2155 4203 2436 4276 τραπέζης
2485 4205 2842 4275 κοινωνῆσαν
2877 4206 3080 4277 ὁμοίως
3133 4207 3226 4259 καὶ
3268 4208 3357 4260 ἐπὶ
3397 4207 3491 4260 τοῦ
3546 4210 3744 4263 Ἰακὼὸ

2155 4294 2440 4366 ἄνθρωπος
2468 4297 2715 4367 εἰσῆκται
2748 4295 3014 4361 παλαίων,
3048 4296 3107 4350 δν
3133 4299 3166 4368 ἡ
3198 4297 3295 4367 μὲν
3321 4298 3510 4370 Γραφὴ
3533 4300 3745 4372 ἂνθρω-

2156 4407 2255 4442 πον
2285 4387 2563 4460 ὀνομάζει,
2597 4389 2756 4453 αὐτὸς
2783 4389 2839 4443 δὲ
2871 4392 2900 4443 ό
2944 4391 3322 4462 χρηματίζων,
3366 4410 3384 4441 ι
3411 4393 3485 4444 Οὐ
3532 4391 3740 4464 κληθή-

471 4481 655 4546 cebat,
691 4499 713 4534 ι
747 4480 867 4538 Vidi
895 4483 1038 4538 enim
1072 4482 1240 4537 Deum
1275 4482 1416 4538 facie
1439 4484 1506 4539 ad
1528 4483 1747 4552 faciem,
1800 4494 1856 4541 et
1901 4486 2048 4541 salva

2163 4498 2308 4535 σεται
2351 4482 2410 4537 τὸ
2451 4482 2623 4554 ὄνομά
2679 4500 2794 4548 σου,
2847 4483 3034 4554 φησὶν,
3097 4482 3310 4536 Ἰακώϐ·
3361 4483 3475 4537 ἀλλ’
3522 4485 3742 4557 Ἰσραὴλ

469 4571 615 4628 facta
649 4573 932 4628 estanima
965 4589 1086 4628 mea
1113 4573 1182 4628 “.
1210 4591 1230 4626 ι
1262 4571 1358 4628 llic
1386 4588 1517 4629 vero
1547 4575 1808 4646 propheta
1839 4591 1898 4631 se
1915 4592 2048 4647 quo-

469 4676 576 4732 que
607 4662 835 4733 gloriam
867 4663 986 4733 ejus
1019 4665 1224 4722 vidisse
1258 4666 1597 4722 testificatur.
1641 4668 1812 4739 Igitur
1852 4669 2048 4725 Salva-

468 4754 600 4810 toris
632 4757 801 4811 nostri
827 4755 954 4812 Jesu
978 4757 1177 4812 Christi
1197 4758 1450 4828 gloriam,
1473 4769 1532 4813 ut
1554 4760 1608 4814 in
1633 4761 1886 4831 presenti
1922 4778 2046 4818 nar-

469 4855 578 4912 rat,
609 4850 934 4917 conspexit:
966 4865 1072 4904 non
1101 4851 1259 4921 plane
1285 4851 1556 4922 corporis,
1576 4853 1671 4928 sed
1694 4855 1892 4909 mentis
1914 4870 2045 4910 ocu-

464 4935 536 4990 lis
571 4952 602 4991 a
635 4937 840 5008 Spiritu
885 4953 1075 4997 sancto
1119 4943 1446 5000 illustratis:
1484 4945 1624 5000 sicut
1658 4946 1803 5001 enim
1847 4962 2044 5016 corpo-

396 5082 402 5111 ,
466 5027 542 5082 ris
582 5029 720 5084 oculi
760 5045 789 5083 a
839 5030 979 5087 lucis
1026 5035 1179 5090 radio
1224 5038 1468 5092 exterius
1513 5037 1933 5093 subministrato
1975 5038 2044 5093 ad

467 5120 750 5175 sensibilia
811 5123 1041 5179 videnda
1101 5127 1407 5198 juvantur;
1467 5129 1656 5183 eodem
1710 5129 1872 5184 modo
1914 5145 2044 5200 pur-

467 5223 606 5281 gatae
651 5213 852 5270 mentis
891 5217 1058 5283 oculi,
1099 5218 1169 5274 ab
1209 5219 1539 5289 intelligibili
1596 5221 1719 5276 luce
1765 5220 2041 5290 irradiati,

467 5303 648 5360 divina
687 5307 1042 5379 contemplari
1080 5321 1332 5380 possunt.
1371 5311 1738 5379 Quamobrem
1779 5310 2043 5368 Servator

541 5464 744 5538 ”_Gen.
775 5483 874 5532 xu,
917 5469 971 5524 7.
1046 5470 1092 5502 ⁸³
1120 5469 1259 5524 Ibid.
1358 5471 1402 5502 “
1433 5471 1568 5529 Gen,
1612 5489 1743 5538 xv",
1785 5475 1836 5526 ι,

473 5535 542 5566 “'
565 5535 698 5591 Gen.
746 5555 936 5602 xum,
979 5542 1036 5597 5.
1111 5541 1156 5573 ³⁸
1183 5539 1318 5596 Geﬂ-
1371 5557 1546 5602 “m-
1609 5545 1700 5598 28·

467 5605 517 5641 ⁸⁵
541 5605 674 5662 Gen.
701 5625 876 5680 xxxu,
906 5611 1000 5680 28,
1060 5610 1105 5642 “
1143 5609 1280 5667 Gen.
1311 5627 1483 5668 xxxn.
1522 5613 1608 5669 50.

2151 4569 2303 4624 ἔσται
2342 4572 2403 4624 τὸ
2434 4571 2606 4643 ὄνομα
2635 4591 2749 4638 σου,
2779 4575 2859 4626 ὅτι
2885 4574 3174 4644 ὲνίσχυσας
3205 4574 3342 4644 μετὰ
3372 4573 3534 4627 Θεοῦ”
3556 4594 3574 4626 ι
3614 4575 3740 4628 ὅθεν

2149 4665 2243 4735 καὶ
2288 4663 2482 4717 Ἰακὼϐ
2513 4665 2697 4734 ἔλεγεν
2717 4683 2732 4696 ·
2773 4685 2792 4717 ι
2815 4664 2966 4720 Εἶδον
2995 4665 3103 4736 γὰρ
3127 4665 3260 4720 Θεὸν
3287 4666 3574 4738 πρόσωπον
3603 4668 3741 4740 πρὸς

2148 4754 2460 4826 πρόσωπον,
2510 4757 2604 4808 καὶ
2648 4755 2827 4829 ἐσώθη
2874 4774 2975 4828 μου
3023 4758 3054 4828 ἡ
3106 4757 3273 4828 ψυχή.
3303 4777 3321 4808 ι
3369 4758 3426 4811 'O
3453 4758 3509 4810 δὲ
3543 4757 3738 4830 παρὼν

2146 4847 2438 4919 προφήτης
2490 4848 2616 4900 ἰδεῖν
2661 4849 2756 4902 καὶ
2809 4849 2972 4913 αὐτὸς
3023 4851 3382 4920 μαρτυρεῖται
3429 4849 3524 4922 τὴν
3573 4850 3736 4916 δόξαν

2151 4939 2336 4992 αὐτοῦ.
2363 4939 2571 4993 Οὐκοῦν
2590 4939 2690 5010 τῆς
2712 4938 2806 4992 τοῦ
2838 4939 3090 5011 Σωτῆρος
3118 4939 3273 5010 ἡμῶν
3302 4939 3474 5011 Ἰησοῦ
3495 4941 3736 5011 Χριστοῦ

2150 5030 2307 5097 δόξαν
2335 5031 2422 5085 διὰ
2450 5032 2558 5085 τῶν
2580 5032 2956 5104 προκειμένων
2979 5031 3244 5104 ἑώρακεν,
3265 5034 3326 5086 οὐ
3362 5033 3574 5096 πάντως
3603 5052 3738 5106 σαρ-

2151 5123 2245 5188 κὸς
2276 5124 2593 5197 ὀφθαλμοῖς,
2630 5128 2744 5191 τοῖς
2781 5125 2837 5179 δὲ
2876 5125 2975 5198 τῆς
3002 5125 3261 5189 διανοίας,
3301 5127 3735 5197 πεφωτισμένοις

2151 5216 2257 5269 ὑπὸ
2298 5216 2392 5270 τοῦ
2443 5218 2603 5288 ἁγίου
2637 5217 2986 5290 Πνεύματος·
3015 5217 3091 5281 ὡς
3119 5216 3228 5290 γὰρ
3265 5218 3314 5270 οἱ
3346 5215 3440 5271 τοῦ
3479 5216 3733 5288 σώματος

2149 5309 2255 5363 ὑπὸ
2287 5310 2384 5383 τῆς
2423 5309 2622 5376 ἔξωθεν
2638 5310 3052 5385 χορηγουμένης
3080 5310 3175 5364 τοῦ
3196 5309 3371 5380 φωτὸς
3399 5309 3575 5379 αὐγῆς
3605 5327 3732 5365 συν-

1928 5471 1974 5503 ⁸⁵
1997 5472 2134 5528 Gen.
2178 5489 2336 5542 xvm,
2382 5475 2431 5532 Ι.
2507 5475 2554 5508 ³⁸
2590 5474 2727 5531 Gen.
2778 5491 2930 5541 xxvr,
2986 5473 3095 5542 25.Δ
3172 5472 3216 5506 ³⁷
3257 5472 3396 5528 Gen.
3458 5487 3624 5537 xxxv,
3675 5471 3727 5525 7.

1775 5544 1820 5576 ⁸⁸
1841 5541 1975 5600 Ibid.
1997 5544 2088 5599 '50.
2165 5543 2207 5576 “
2234 5537 2404 5601 Exod.
2444 5563 2639 5614 χχχιιι,
2694 5547 2779 5602 I5.
2802 5544 2848 5576 “
2873 5537 3008 5600 Ibid.
3035 5537 3122 5595 ﬂ.
3143 5544 3189 5576 “
3220 5545 3388 5601 Exod.
3410 5559 3603 5608 xxxiii,
3632 5543 3724 5598 20.

541 5766 658 5836 (l6)
695 5767 817 5822 Ilaec
845 5785 1058 5840 qiioque
1097 5770 1455 5839 Hieronymus
1495 5773 1767 5836 exprimit.
1804 5774 1895 5831 scd
1941 5774 2303 5834 oaucioribus.
