4062 6400
325 382 431 438 H5

1287 377 1792 437 COMMENTARIA
1832 379 1900 436 IN
1939 378 2201 438 lSAlAM.
2234 411 2306 424 --
2338 377 2494 437 CAP.
2536 375 2626 436 VI.

3482 373 3590 433 196

324 492 614 569 ιργοῦνται
665 508 744 559 εις
771 493 834 549 τὸ
859 492 1077 565 βλέπειν
1104 493 1172 548 τὰ
1202 493 1456 566 αἰσθητὰ,
1480 495 1572 550 τὸν
1598 495 1760 549 αὑτὸν
1787 495 1911 567 τρόο

2029 511 2130 549 περ
2168 494 2388 550 docuit:
2433 513 2455 546 σ
2482 491 2632 548 Beati
2675 490 2880 546 mundo
2927 488 3117 554 corde.
3171 482 3429 560 (inertiam
3482 489 3588 560 ipsi

323 604 428 644 πον
458 586 526 642 τὰ
559 587 659 658 τῆς
684 586 1104 659 κεκαθαρμένης
1123 587 1301 659 ψυχῆς
1331 587 1555 659 ὄμματα
1582 588 1688 641 ὑπὸ
1717 585 1906 658 νοεροῦ

2018 587 2183 641 Deum
2225 587 2488 641 videbunt
2507 585 2574 640 “.
2609 603 2628 636 ι

321 679 502 751 φωτὸς
553 634 1025 750 καταυγαζόμῗιῑα,
1058 634 1155 733 ,τί
1334 634 1689 736 κατοπτεύειν
1725 634 1968 735 δύνὶται.
2006 679 2095 733 Διὸ
2121 679 2215 734 καὶ
2242 682 2271 734 6
2297 680 2490 751 Σωτὴρ
2517 677 2664 732 τοῦτ’
2695 677 2941 732 ἐδίδασκε
2961 692 2975 707 ο
3013 695 3030 728 ι
3059 675 3332 748 Μακάριοι
3353 634 3403 729 οἱ
3427 674 3590 729 καθα-

325 771 408 842 ροὶ
443 771 511 840 τῇ
552 767 771 841 καρδίᾳ,
808 770 889 822 ὅτι
925 770 1077 824 αὐτοὶ
1102 770 1196 824 τὸν
1229 771 1364 826 Θεὸν
1394 772 1636 842 ὄψονται.
1668 792 1686 825 ι

400 881 419 912 ι
440 860 553 914 Kal.
585 861 829 933 σεραφὶμ
861 862 1208 934 εἱστήκεισαν
1250 863 1436 937 κύκλῳ
1464 866 1651 931 αὑτοῦ,
1693 866 1753 932 ’ἐξ
1783 866 1916 921 πτέ-

324 969 491 1024 ρυγες
518 951 596 1023 τῷ
630 953 730 1016 ἐνὶ,
767 954 861 1006 καὶ
895 953 954 1020 ἐξ
1002 955 1273 1026 πτέρυγες
1300 956 1379 1027 τῷ
1411 959 1510 1011 ἐνί.
1539 976 1557 1009 ι
1611 956 1917 1029 Ἀσώματοί

320 1061 468 1108 τινες
501 1044 643 1098 θεῖαι
673 1047 767 1099 καὶ
811 1046 1174 1119 ὑπερκόσμιοι
1226 1049 1502 1120 δυνάμεις,
1531 1050 1597 1115 ἃς
1623 1051 1718 1104 καὶ
1747 1053 1776 1103 6
1807 1052 1916 1104 Δα-

323 1136 444 1208 νιὴλ
487 1136 673 1210 ἐδήλου
717 1138 924 1208 λέγων,
984 1159 1003 1193 ι
1028 1140 1212 1195 Χίλιαι
1255 1141 1490 1212 χιλιάδες
1541 1142 1916 1213 ἐλειτούργουν

324 1227 496 1299 αὐτῷ,
537 1228 634 1282 καὶ
670 1229 862 1302 μύριαι
909 1232 1168 1304 μυριάδες
1215 1237 1675 1306 παρειστήκεισαν
1709 1234 1916 1306 ἔμπρο-

327 1321 453 1375 σθεν
481 1321 667 1375 αὐτοῦ.
699 1341 718 1374 ι
737 1322 840 1376 Δύο
868 1324 965 1394 μὲν
994 1320 1135 1378 εἷναι
1158 1325 1224 1378 τὰ
1254 1328 1495 1396 σεραφὶμ
1523 1326 1770 1380 ἐντεῦθεν
1802 1326 1920 1380 ἐνό-

327 1429 496 1485 μισαν
529 1411 706 1467 ἄλλοι·
751 1412 861 1482 ἐγὼ
890 1413 968 1478 δὲ,
1017 1416 1323 1487 ἐπιστήσας
1355 1420 1420 1487 τῇ
1456 1416 1664 1488 διανοίᾳ
1695 1417 1794 1488 τῆς
1826 1416 1916 1471 λε-

324 1503 529 1577 γούσης
567 1505 791 1576 Γραφῆς
842 1505 1025 1577 κύκλῳ
1056 1507 1219 1561 αὑτοῦ
1266 1508 1335 1560 τὰ
1382 1509 1626 1580 σεραφὶμ
1673 1510 1914 1572 ἑστάναι,

325 1595 566 1669 ἠγοῦμαι
616 1597 790 1652 ταῦτα
840 1599 1102 1668 στεφάνου
1153 1599 1308 1673 δίκην
1350 1601 1685 1672 πανταχόθεν
1727 1601 1918 1674 ὥσπερ

330 1687 504 1758 μέγαν
549 1687 775 1758 βασιλέα
817 1689 1238 1762 δορυφοροῦντα.
1292 1691 1388 1758 Ἓξ
1428 1692 1483 1744 δὲ
1527 1693 1794 1764 πτέρυγες
1838 1691 1918 1763 τῷ

327 1781 408 1833 ἐνὶ
428 1781 673 1850 λέγονται
696 1782 1159 1853 προσπεφυκέναι,
1175 1782 1251 1853 τῷ
1268 1785 1496 1838 ἕκαστον
1521 1786 1914 1856 κεκοσμῆσθαι,

328 1870 519 1944 ὥσπερ
559 1873 837 1944 πτέρυξιν,
885 1875 1147 1945 ἐμφύτοις
1176 1876 1399 1946 ἀρεταῖς
1435 1877 1527 1930 καὶ
1569 1878 1916 1948 μετεωροπό-

333 1982 467 2038 ροις,
516 1961 602 2028 αἷς
645 1966 972 2039 διιπτάμενα
1027 1968 1089 2021 δι’
1143 1966 1375 2038 οὐρανοῦ
1427 1968 1524 2022 καὶ
1573 1969 1916 2041 αἱθεροφόροι

329 2057 612 2130 φέρονται,
635 2061 853 2127 νοηταῖς
876 2075 986 2112 τισι
1017 2058 1276 2130 χρώμενα
1305 2060 1628 2132 ἐνεργείαις,
1663 2061 1919 2133 πραγμά-

2091 859 2256 914 Vsus.
2296 857 2350 911 2.
2397 874 2415 907 ι
2448 854 2515 909 Et
2553 852 2825 924 seraphim
2852 853 3070 908 stabant
3103 852 3157 905 in
3193 850 3423 906 circuitu
3449 849 3591 918 eius,

2019 967 2112 1010 sex
2138 951 2236 1006 alae
2273 949 2391 1012 uni,
2421 958 2476 1003 et
2501 962 2594 1002 sex
2623 945 2723 1000 alae
2752 944 2931 999 alteri.
2966 963 2984 996 ι
3014 944 3353 1015 lncorporeat
3394 959 3595 1014 nempe

2021 1045 2290 1114 quaedam,
2330 1042 2532 1096 divina:
2568 1046 2622 1095 et
2663 1052 2827 1108 supra
2874 1036 3132 1091 mundum
3183 1037 3375 1108 posite
3414 1037 3592 1092 virtu-

2019 1146 2121 1201 tes,
2155 1149 2291 1205 quas
2322 1131 2508 1187 Daniel
2529 1130 2864 1193 declarabat,
2905 1128 3092 1184 dicens
3131 1143 3148 1182 :
3207 1146 3228 1183 ι
3257 1129 3423 1186 Millia
3463 1128 3595 1185 mil-

2015 1229 2148 1284 lium
2189 1227 2577 1281 ministrabaut
2615 1223 2687 1289 ei,
2725 1232 2782 1279 et
2820 1223 3003 1279 decies
3039 1221 3239 1278 millies
3289 1223 3426 1278 dena
3473 1221 3597 1277 mil-

2018 1320 2090 1374 lia
2131 1318 2384 1373 astabant
2424 1317 2476 1371 in
2516 1323 2812 1384 conspectu
2851 1314 2971 1386 ejus
3009 1314 3078 1369 ‘7.
3127 1333 3148 1368 ι
3196 1313 3333 1370 Hinc
3371 1312 3464 1370 alii
3502 1328 3600 1372 ar-

2017 1413 2204 1470 bitrati
2264 1419 2392 1467 sunt
2454 1409 2561 1465 duo
2615 1423 2736 1465 esse
2787 1407 3065 1476 serapbim
3106 1425 3120 1462 :
3161 1421 3264 1476 ego
3288 1407 3599 1464 accuratius
3709 1444 3714 1449 ι

2019 1505 2303 1575 explorata
2344 1500 2646 1570 Scriptum
2687 1507 2893 1563 mente,
2935 1512 3056 1568 qua:
3082 1496 3183 1563 ait,
3226 1497 3502 1568 serapbim
3540 1496 3598 1552 in

2019 1597 2248 1653 circuitu
2288 1595 2405 1664 ejus
2458 1592 2696 1656 stetisse,
2758 1591 2970 1647 aestimo
3015 1591 3118 1646 hos
3168 1604 3388 1674 coronae
3425 1590 3600 1646 instar

2019 1703 2140 1743 eum
2177 1688 2416 1756 undique
2454 1701 2552 1741 ceu
2587 1698 2766 1754 regem
2799 1698 3053 1754 magnum
3077 1682 3334 1753 stipasse.
3361 1682 3471 1738 Sex
3501 1698 3601 1737 au-

2023 1791 2129 1836 tem
2182 1781 2282 1835 ala:
2321 1779 2413 1834 uni
2452 1792 2574 1834 esse
2625 1778 2902 1840 dicuntur,
2943 1776 3089 1847 quod
3141 1776 3339 1848 singuli
3395 1776 3601 1831 innatis

2020 1882 2075 1928 ct
2109 1871 2434 1928 sublimibus
2470 1868 2763 1925 virtutibus
2801 1870 2956 1940 quasi
2997 1868 3097 1924 alis
3133 1879 3395 1924 ornentur
3425 1886 3440 1923 :
3480 1870 3603 1940 qui-

2020 1965 2120 2020 bus
2150 1964 2402 2018 volantes
2432 1978 2531 2032 per
2571 1961 2768 2017 caelum
2827 1970 2882 2017 et
2914 1976 3096 2016 aerem
3137 1963 3409 2027 feruntur,
3443 1961 3606 2016 intel-

2021 2055 2211 2126 ligibili
2237 2055 2472 2125 quadam
2530 2054 2724 2125 agendi
2771 2053 2823 2108 vi
2870 2060 3106 2116 utentes,
3148 2067 3256 2124 qua
3305 2053 3462 2108 nobis
3514 2067 3606 2109 res

329 2166 438 2204 των
465 2149 625 2205 τινῶν
665 2152 920 2222 ἀρρήτων
970 2153 1101 2222 ἡμῖν
1151 2151 1618 2214 ἁποτελεστικαῖς.
1675 2152 1763 2216 Ὡς
1810 2153 1920 2224 γὰρ

2029 2147 2285 2217 quasdam
2316 2159 2548 2202 arcanas
2585 2153 2909 2216 operantur.
2950 2143 3416 2212 Quemadmodum
3457 2145 3603 2200 enim

331 2243 392 2295 ἐν
420 2240 727 2313 ἀνθρώποις
754 2243 804 2294 οἱ
837 2242 981 2311 ἅγιοι
1003 2240 1098 2294 τοῦ
1123 2241 1259 2294 Θεοῦ
1291 2241 1646 2314 χαρισμάτων
1674 2244 1921 2314 μετεῖχον

331 2334 678 2406 κρειττόνων,
708 2332 782 2397 ὼς
811 2332 1172 2405 προφητεύειν
1203 2332 1271 2386 τὰ
1299 2332 1580 2405 μέλλοντα,
1616 2335 1711 2388 καὶ
1734 2334 1924 2399 νόσους

334 2424 539 2491 ἰᾶσθαι,
576 2425 672 2478 καὶ
712 2427 939 2497 νεκροὺς
977 2425 1222 2496 ἀνιστᾷν,
1269 2425 1365 2478 καὶ
1412 2423 1689 2494 γλώσσαις
1720 2426 1921 2492 λαλεῖν,

333 2517 528 2587 σοφίας
575 2534 636 2570 τε
707 2518 801 2571 καὶ
852 2515 1108 2586 γνώσεως
1166 2517 1448 2588 μετέχειν·
1491 2518 1526 2588 ἢ
1579 2519 1674 2572 καὶ
1736 2517 1922 2591 ὥσπερ

331 2607 478 2664 κατὰ
501 2608 562 2662 τὸ
599 2607 759 2681 σῶμα
788 2612 1036 2678 φυσικοῖς
1074 2609 1449 2680 αἰσθητηρίοις
1489 2609 1811 2680 κεχρήμεθα
1833 2610 1924 2667 τὸν

333 2701 568 2775 ἀριθμὸν
610 2702 792 2766 πέντε,
846 2701 990 2755 οὕτω
1032 2719 1133 2755 που
1179 2701 1321 2772 τάχα
1376 2701 1474 2774 τὴν
1527 2701 1636 2755 τῶν
1676 2702 1925 2772 ἀγγέλων

338 2794 501 2864 φύσιν
536 2794 702 2858 εἰκὸς,
733 2793 996 2864 δυνάμεσι
1037 2794 1206 2858 θείαις
1235 2793 1344 2848 τισὶ
1376 2795 1468 2848 καί
1497 2810 1658 2848 τινων
1687 2793 1926 2866 παραδό-

335 2887 440 2954 ξων
471 2888 869 2958 ἐνεργητικαῖς,
913 2889 1046 2958 ήμῖν
1085 2886 1141 2940 δὲ
1206 2885 1532 2955 ἀγνώστοις,
1586 2885 1922 2958 κεχρῆσθαιο

334 2980 401 3044 ἃς
440 2979 505 3052 δὴ
540 2980 816 3051 πτέρυγας
861 2982 889 3033 ό
931 2980 1087 3048 λόγος
1131 2979 1412 3051 ὠνόμασεν
1439 2996 1453 3009 ·
1499 2979 1623 3032 ἐπεὶ
1663 2980 1758 3033 καὶ
1797 2977 1926 3051 περὶ

345 3075 443 3129 τῶν
472 3075 687 3146 ἀνέμων
716 3075 958 3147 εἴρηταιο
997 3093 1016 3126 ι
1053 3074 1110 3128 Ὀ
1147 3074 1472 3146 περιπατῶν
1505 3074 1599 3128 ἐπὶ
1625 3073 1920 3146 πτερύγων

341 3168 554 3240 ἀνέμων
575 3186 587 3199 ·
619 3188 636 3221 ι
669 3168 729 3222 οὐ
759 3168 977 3230 πάντως
1003 3167 1379 3221 ἐκπιπτόντων
1409 3166 1564 3237 ήμῶν
1605 3168 1698 3221 ἐπὶ
1728 3167 1798 3222 τὰ
1824 3185 1930 3221 σω-

343 3261 551 3331 ματικὰ
577 3262 852 3332 σχήματα,
877 3260 952 3323 ὡς
979 3258 1086 3314 τῶν
1114 3257 1334 3331 ἀνέμων
1369 3259 1569 3332 ὀρνέων
1606 3259 1761 3331 δίκην
1807 3276 1930 3313 πτε-

341 3370 408 3424 ρυ
416 3370 510 3406 σσο
515 3352 716 3424 μένων.

417 3466 436 3498 ι
464 3447 575 3500 Καὶ
612 3449 733 3510 ταῖς
773 3445 874 3518 μὲν
910 3445 1029 3501 δυσὶ
1061 3445 1472 3500 κατεκάλυπτον
1508 3443 1570 3498 τὸ
1612 3443 1923 3514 πρόσωπον,

342 3540 439 3594 καὶ
485 3543 603 3602 ταῖς
641 3538 760 3592 δυσὶ
812 3538 1220 3592 κατεκάλυπτον
1262 3539 1386 3600 τοὺς
1439 3536 1627 3599 πόδας,
1674 3535 1768 3588 καὶ
1807 3535 1924 3598 ταῖς

342 3634 495 3687 δυσὶν
539 3631 819 3685 ἐπέταντο.
848 3650 865 3682 ι
916 3632 989 3684 Τὸ
1043 3630 1334 3702 πρόσωπον
1379 3627 1558 3682 τοίνυν
1603 3627 1928 3690 ἐκάλυπτον,

343 3728 406 3779 οὐ
454 3724 515 3778 τὸ
559 3725 652 3778 τοῦ
699 3725 928 3796 Κυρίου,
961 3724 1036 3788 ὡς
1065 3725 1132 3777 ἂν
1160 3723 1366 3794 οἰηθείη
1400 3740 1506 3786 τις,
1533 3722 1668 3777 ἀλλὰ
1704 3722 1766 3775 τὸ
1806 3722 1933 3774 ἐαυ-

345 3816 488 3870 τῶν·
530 3814 604 3879 ὡς
645 3814 718 3887 μὴ
749 3815 952 3886 τολμᾷν
995 3813 1183 3876 ἀτενὲς
1221 3814 1432 3884 ἀφορᾷν
1476 3813 1556 3876 είς
1595 3812 1655 3865 τὸ
1695 3809 1931 3882 θεωρού-

347 3927 530 3981 μενον.
589 3909 719 3961 «Διὸ
766 3907 942 3970 οὐδεὶς
986 3906 1127 3975 ἔγνω
1164 3905 1255 3958 τὸν
1297 3905 1445 3970 Υἱὺν,
1484 3906 1532 3957 εἰ
1578 3903 1653 3976 μὴ
1702 3903 1865 3974 μόνος
1903 3903 1932 3956 6

346 4001 616 4073 γεννήσας
664 4000 826 4053 αὐτὸν
877 3999 1086 4070 Πατήρ.
1119 4016 1138 4050 ι
1197 3995 1531 4050 Ἑκάλυπτον
1582 3996 1640 4048 δὲ
1681 3995 1933 4060 καὶτοὺς

345 4094 536 4158 πόδας,
583 4091 650 4146 τὰ
693 4091 897 4162 ἔσχατα
948 4090 1048 4160 τῆς
1089 4088 1298 4151 οἰκείας
1348 4088 1574 4159 πορείας
1617 4089 1711 4162 καὶ
1754 4088 1830 4153 ὡς
1867 4087 1934 4142 ἂν

347 4188 494 4245 εἴποι
518 4203 622 4250 τις,
648 4183 716 4237 τὰ
748 4183 965 4255 βήματα
1011 4180 1105 4234 τοῦ
1139 4181 1256 4251 βίου
1291 4179 1387 4244 τὰς
1418 4179 1642 4252 πράξεις
1683 4180 1935 4235 ἐπισκιά-

347 4279 531 4344 ζοντα,
583 4277 657 4349 μὴ
705 4275 1041 4337 ἀκαλύπτοις
1084 4275 1213 4327 ποσὶ
1269 4271 1350 4344 τῷ
1399 4270 1607 4327 ἑαυτῶν
1651 4273 1935 4344 παραστή-

349 4387 496 4426 κοιεν
531 4368 757 4440 βασιλεῖ.

430 4483 449 4515 ι
474 4464 586 4517 Kal
606 4461 906 4534 ἐκέκραγον
927 4461 1114 4532 ἕτερος
1140 4457 1276 4532 πρὸς
1297 4459 1502 4532 ἓτερον,
1528 4457 1738 4528 Ἄγιος,
1758 4457 1933 4527 ἅγιος,

350 4557 506 4624 ἆγιος
557 4552 760 4626 Κύριος
812 4551 1036 4606 Σαϐαὼθ
1065 4569 1079 4582 ·
1135 4551 1350 4624 πλήρης
1405 4553 1554 4605 πᾶσα
1611 4551 1644 4621 ἡ
1697 4549 1771 4619 γῆ
1835 4552 1935 4622 τῆς

349 4648 510 4717 δόξης
559 4644 743 4700 αὐτοῦ.
769 4663 787 4696 ι
827 4644 902 4697 Οὐ
954 4644 1080 4715 μίαν
1101 4645 1209 4715 γὰρ
1234 4645 1464 4712 ἠφίεσαν
1494 4641 1696 4713 φωνὴν,
1725 4640 1844 4694 οὐδὲ
1871 4643 1937 4696 ἀ-

351 4740 528 4814 θρόως
552 4738 686 4809 ὁμοῦ
710 4738 887 4793 πάντα
910 4739 1062 4807 κοινῇ
1088 4735 1290 4806 ταύτην
1317 4735 1650 4806 ἀνέπεμπον,
1681 4733 1795 4787 ἀλλ’
1820 4733 1938 4787 ἐτε-

2026 2237 2169 2292 inter
2194 2237 2462 2302 homines,
2498 2235 2678 2291 s'ancti
2729 2235 2847 2302 Dei,
2888 2235 3279 2292 charismatum
3314 2235 3603 2292 meliorum

2022 2329 2321 2398 participes
2358 2336 2541 2393 erant,
2564 2326 2640 2381 ita
2676 2335 2735 2381 ut
2765 2326 2950 2381 futura
2980 2329 3434 2395 praenuntiarent,
3463 2342 3607 2383 mor-

2027 2419 2125 2472 bos
2162 2425 2444 2482 curarent,
2484 2424 2732 2472 mortuos
2772 2417 3129 2484 suscitarent,
3191 2417 3468 2488 variisque
3500 2417 3607 2472 lin-

2027 2510 2147 2580 guis
2174 2509 2550 2578 loquerentur,
2583 2509 2855 2580 sapientia
2888 2517 2943 2564 et
2974 2508 3205 2565 scientia
3232 2509 3489 2564 instructi
3525 2524 3610 2566 es-

2024 2611 2182 2670 sent;
2227 2611 2322 2657 aut
2349 2601 2809 2672 quemadmodum
2845 2600 3146 2657 secundum
3172 2615 3396 2671 corpus,
3447 2609 3608 2656 uatu-

2025 2695 2229 2750 ralihus
2275 2693 2532 2750 sensibus
2586 2692 2795 2747 utimur
2841 2707 3068 2748 numero
3104 2691 3384 2762 quinque;
3442 2693 3516 2748 ita
3551 2701 3608 2749 et

2027 2788 2344 2859 angelorum
2385 2796 2639 2842 naturam
2688 2786 2894 2842 divinis
2931 2786 3284 2856 quibusdam,
3324 2801 3390 2842 ac
3429 2787 3601 2842 mira-

2025 2878 2216 2934 hilium
2285 2876 2653 2934 etl‘ectricibus
2718 2876 3017 2933 virtutibus
3085 2877 3394 2948 ignotisque
3450 2878 3610 2934 nobis

2026 2965 2104 3025 uti
2144 2967 2440 3025 verisimile
2473 2977 2581 3034 est,
2613 2982 2750 3040 quas
2780 2967 2992 3023 scilicet
3029 2965 3143 3023 alas
3182 2967 3466 3039 Scriptura
3514 2982 3612 3024 vo-

2060 3071 2136 3116 at.
2181 3060 2626 3130 Quandoquidem
2661 3060 2730 3115 de
2763 3061 2942 3114 ventis
3004 3060 3168 3114 etiam
3236 3059 3436 3115 dictum
3504 3067 3610 3124 est,

2031 3169 2050 3204 ι
2080 3151 2183 3219 Qui
2222 3149 2464 3205 ambulat
2515 3163 2680 3220 super
2724 3162 2932 3218 pennas
2980 3156 3266 3202 ventorum
3309 3147 3390 3215 ‘3;
3437 3165 3457 3198 ι
3518 3145 3612 3201 ubi

2026 3258 2127 3299 nos
2165 3257 2274 3298 nou
2329 3241 2397 3296 ad
2436 3253 2729 3311 corporeae
2783 3240 2985 3308 ﬁguras
3045 3237 3409 3301 decurrimus,
3455 3237 3613 3306 quasi

2026 3336 2235 3392 scilicet
2270 3333 2442 3398 venti,
2469 3335 2641 3388 instar
2663 3331 2865 3396 avium,
2905 3329 3101 3400 pennis
3138 3328 3392 3384 instructi
3445 3329 3575 3382 siut.

2105 3445 2124 3479 ι
2177 3427 2243 3482 Ει
2281 3427 2490 3482 duabus
2536 3424 2755 3496 quidem
2820 3423 3079 3494 tegebant
3125 3422 3344 3488 faciem,
3406 3420 3614 3475 duabus

2031 3526 2211 3573 autem
2237 3516 2489 3571 velabant
2527 3513 2715 3584 pedes,
2773 3521 2832 3567 et
2884 3511 3096 3568 duabus
3133 3511 3409 3567 volabant.
3436 3529 3457 3564 ι
3502 3510 3614 3566 Fa-

2033 3609 2172 3664 ciem
2197 3609 2380 3677 itaque
2416 3606 2693 3668 velabant,
2720 3618 2826 3659 non
2867 3602 3104 3665 Domini,
3145 3611 3206 3656 ut
3253 3602 3377 3672 quis
3418 3609 3611 3672 putet,

2032 3701 2128 3756 sed
2167 3715 2357 3755 suam:
2399 3698 2544 3768 quod
2583 3712 2690 3752 non
2727 3696 2989 3750 auderent
3017 3691 3288 3764 objectam
3327 3708 3441 3748 rem
3481 3692 3617 3748 dell-

2032 3792 2119 3847 xis
2167 3791 2339 3847 oculis
2408 3790 2628 3845 intueri.
2698 3788 2924 3856 «Quare
2977 3801 3141 3843 nemo
3203 3785 3354 3841 novit
3393 3785 3614 3851 Filium,

2032 3883 2142 3938 nisi
2181 3884 2271 3952 qui
2311 3883 2498 3954 genuit
2533 3881 2708 3952 ipsum
2738 3880 2921 3935 Pater.
2946 3896 2967 3932 ι
3011 3877 3184 3934 Pedes
3222 3891 3440 3949 quoque
3476 3874 3616 3932 vela-

2032 3975 2196 4040 bant,
2240 3974 2446 4029 scilicet
2511 3981 2758 4029 extrema
2814 3970 3216 4042 progressionis
3269 3984 3406 4034 suae,
3451 3977 3507 4026 et
3553 3978 3617 4024 ut

2034 4065 2300 4137 qttiSpiam
2341 4063 2560 4130 dixerit,
2596 4063 2721 4118 vita
2745 4077 2990 4134 gressus,
3047 4075 3161 4132 quo
3199 4060 3443 4118 actiones
3483 4073 3616 4115 suas

1994 4173 1996 4175 ’
2034 4158 2435 4220 iuumbrarent,
2469 4163 2528 4210 ut
2560 4167 2628 4208 ne
2667 4153 2827 4208 nudis
2867 4152 3093 4223 pedibus
3154 4150 3268 4222 regi
3324 4165 3422 4206 suo
3468 4158 3616 4206 asta-

2037 4258 2180 4306 rent.

2111 4458 2278 4514 Vsus.
2323 4457 2378 4511 5.
2453 4472 2474 4508 ι
2519 4454 2586 4509 Ει
2647 4451 2962 4510 clamabant
3023 4451 3164 4508 alter
3231 4451 3298 4507 ad
3355 4450 3614 4516 alterum,

2039 4552 2288 4610 Sanctus,
2321 4555 2562 4612 sanctus,
2589 4555 2810 4602 sanctus
2852 4545 3112 4602 Dominus
3142 4543 3416 4601 Sabaoth:
3459 4543 3618 4614 plena

2037 4652 2122 4700 est
2168 4641 2344 4697 omnis
2395 4650 2538 4696 terra
2583 4639 2752 4712 gloria
2789 4636 2926 4709 ejus.
2959 4656 2978 4691 ο
3019 4637 3137 4694 Non
3195 4651 3360 4691 unam
3418 4636 3618 4706 quippe

2036 4730 2356 4786 emittebant
2391 4741 2600 4794 vocem,
2628 4741 2802 4799 neque
2833 4741 3023 4782 omnes
3049 4725 3210 4782 simul
3262 4726 3404 4782 hanc
3432 4725 3618 4796 prole-

353 4851 447 4907 ρον
488 4832 625 4903 πρὸς
662 4831 724 4884 τὸ
761 4831 946 4898 ἕτερον
989 4829 1250 4899 ἐμφαῖνον
1280 4828 1342 4880 τὸ
1383 4826 1575 4880 ἐαυτοῦ
1605 4825 1811 4896 θαῦμα,
1843 4827 1927 4880 καὶ

2046 4823 2258 4889 rebant,
2279 4821 2374 4877 sed
2405 4819 2542 4876 alter
2581 4821 2650 4875 ad
2678 4819 2933 4886 alterum,
2995 4817 3416 4874 admirationem
3460 4832 3617 4874 suam

357 4925 452 4996 τὴν
497 4923 759 4992 ἔκπληξιν
801 4921 898 4992 τὴν
938 4923 1030 4974 ἐπὶ
1072 4920 1149 4993 τῷ
1198 4920 1588 4990 θεωρουμένῳ·
1639 4918 1836 4990 μᾶλλον
1878 4918 1935 4973 δὲ

358 5016 827 5088 ὑπερεξέπληττεν
852 5013 992 5069 αὐτὰ
1018 5015 1051 5085 ἡ
1085 5013 1191 5067 ἀπὸ
1217 5011 1325 5066 τῶν
1360 5009 1708 5084 ὑψηλοτάτων
1734 5011 1827 5065 ἐπ)⁵
1868 5010 1936 5065 τὰ

355 5108 589 5163 ταπεινὰ
623 5106 920 5171 κατάϐασις
953 5105 1048 5161 τοῦ
1079 5105 1214 5160 Θεοῦ
1245 5105 1439 5174 Λόγου.
1485 5103 1814 5174 Ἐκέκραγον
1842 5099 1938 5158 οὖν

351 5201 456 5271 οὐχ
495 5197 642 5264 ἅπαξ
674 5200 764 5252 τὸν
802 5199 1072 5269 ἁγιασμόν
1112 5197 1298 5261 αὑτοῦ,
1329 5196 1463 5252 ἀλλὰ
1499 5197 1594 5250 καὶ¹
1626 5189 1896 5260 ’πολλάκις
1921 5211 1936 5229 ·

359 5291 568 5363 μᾶλλον
601 5290 657 5343 δὲ
692 5292 772 5354 είς
816 5289 1186 5362 ἀναρίθμητον
1224 5289 1318 5342 καὶ
1347 5291 1425 5353 εἰς
1457 5289 1704 5362 ἄπειρον,
1735 5290 1831 5342 καὶ
1861 5291 1942 5354 εἰς

355 5384 447 5440 ἀεὶ
493 5381 1068 5454 ὑπερεκπληττόμενα.
1094 5379 1405 5453 Προγνώσει
1449 5381 1627 5435 τοίνυν
1666 5380 1761 5435 τοῦ
1811 5381 1941 5453 μέλ-

355 5475 541 5538 λοντος
602 5470 1050 5543 ὑπερεθαύμαζον
1092 5471 1160 5526 τὰ
1212 5472 1473 5543 σεραφὶμ,
1518 5472 1632 5545 δδὴ
1680 5474 1773 5526 καὶ
1820 5474 1944 5527 ἀκο-

356 5568 564 5630 λούθως
589 5569 702 5630 τοῖς
740 5564 1102 5635 θεσπίσμασιν
1123 5564 1373 5629 ἐτελεῖτο,
1414 5565 1551 5635 μετὰ
1579 5565 1676 5628 τὴν
1715 5565 1794 5628 εις
1835 5565 1932 5618 άν-

358 5659 614 5731 θρώπους
653 5658 746 5712 τοῦ
783 5656 1033 5728 Σωτῆρος
1071 5655 1225 5727 ἡμῶν
1254 5656 1577 5728 παρουσίαν.
1612 5655 1702 5721 Ἐξ
1727 5655 1934 5709 ἐκείνου

435 5835 484 5867 ⁸⁸
511 5835 700 5892 Matth.
746 5853 796 5902 ι’,
829 5836 879 5890 8.
961 5836 1000 5869 ³⁷
1032 5837 1166 5894 l‘au.
1201 5852 1298 5906 vu,
1325 5837 1421 5907 ιο.
1501 5837 1545 5869 ⁸⁸⁸
1583 5836 1721 5894 Psal.
1761 5848 1876 5902 cru,
1905 5837 1959 5892 3.

2044 4912 2388 4977 exhibentes,
2436 4927 2641 4969 necnon
2713 4920 2986 4981 stuporem
3039 4923 3108 4964 ex
3168 4908 3258 4965 tali
3309 4909 3621 4981 spectaculo

2045 5016 2367 5077 conceptum
2396 5025 2410 5074 ;
2446 5007 2552 5062 imo
2578 5004 2762 5077 potius
2801 5003 3260 5072 obstupescebant
3286 5003 3357 5059 ob
3391 5003 3620 5058 descen-

2043 5117 2162 5160 sum
2196 5075 2291 5158 Dei
2324 5101 2490 5158 Verbi
2525 5075 2593 5156 εκ
2618 5096 2936 5156 celsissimis
2969 5096 3037 5151 ad
3080 5097 3326 5154 humilia.
3374 5096 3490 5152 Non
3529 5111 3622 5152 se-
3643 5075 3660 5109 ε’

2047 5190 2154 5248 mel
2185 5191 2387 5261 itaque,
2443 5204 2618 5259 neque
2655 5188 2854 5257 saepius
2888 5197 3095 5245 tantum
3133 5187 3619 5245 sanctiﬁcationem

2043 5285 2160 5355 ejus
2193 5283 2535 5348 clamabant;
2557 5283 2652 5337 sed
2683 5284 2735 5336 iu
2778 5282 3051 5339 inﬁnitum
3081 5292 3293 5354 tempus
3319 5295 3386 5336 ac
3405 5293 3622 5350 semper

2045 5389 2271 5450 stupore
2328 5375 2564 5448 perculsi
2631 5377 3112 5446 vociferabantur;
3149 5392 3216 5433 ex
3267 5374 3435 5431 futuri
3489 5387 3621 5443 ergo

2047 5468 2389 5539 pmscientia
2424 5468 2698 5538 serapbim
2737 5483 3082 5541 summopere
3108 5463 3618 5527 mirabanturillud,

2045 5561 2187 5629 quod
2246 5561 2482 5627 scilicet,
2519 5571 2920 5633 consequenter
2954 5564 3022 5618 ad
3044 5559 3323 5626 vaticinia,
3366 5566 3488 5628 post
3523 5555 3619 5610 ad-

2051 5664 2271 5713 ventum
2303 5655 2604 5714 Salvatoris
2637 5656 2809 5715 nostri
2857 5656 2925 5712 ad
2975 5653 3249 5720 homines,
3291 5648 3618 5720 completum
