4062 6400
431 325 537 384 ἆὲτ

1145 318 1414 379 EUSEBH
1450 316 1936 375 CESARIENSIS
1971 312 2126 372 OPP.
2166 310 2346 367 PARS
2381 310 2471 366 lli.
2510 341 2581 352 —
2616 308 3032 367 EXEGETICA.

3607 318 3716 374 res

428 458 538 503 est.
577 445 713 500 llinc
743 444 888 500 enim
920 457 1112 499 revera
1147 442 1199 495 in
1233 441 1474 496 omnium
1506 440 1744 510 gentium
1770 438 2016 495 notitia'm

2139 434 2229 506 (ap
2272 431 2348 497 ὡς
2385 430 2602 502 ἀληθῶς
2647 433 2812 485 πᾶσιν
2847 429 3095 504 ὲγνώσθη
3136 435 3250 497 τοῖς
3277 432 3475 499 ἔθνεσι,
3505 437 3598 490 καὶ
3627 439 3708 500 εἰς

434 540 608 602 venit,
653 548 712 594 et
759 538 812 591 in
869 549 1087 591 omnem
1133 543 1358 599 terram,
1405 547 1518 586 non
1552 531 1712 586 modo
1753 530 2015 601 cognitio,

437 631 709 685 scdetiam
727 627 892 697 gloria
913 623 1192 692 theologia:
1226 623 1400 692 ipsum
1438 623 1735 692 spectantis
1758 621 2015 693 pervasit.

515 722 679 777 Vens.
719 719 775 773 4.
811 738 830 770 ι
859 718 925 772 Ει
963 714 1234 772 sublatum
1264 725 1346 771 est
1375 715 1789 782 superliminare
1812 730 1841 768 a
1863 729 2019 779 voce,

439 830 548 885 qua
580 814 932 869 clamabant:
966 818 1021 865 et
1063 808 1258 864 domus
1299 811 1499 876 repleta
1542 817 1624 862 est
1666 807 1832 861 fumo.
1861 824 1881 858 ι
1925 804 2023 862 His

441 901 815 957 subindicatur
844 897 960 953 fore
991 906 1071 965 ut,
1105 898 1390 952 toto-orbe
1444 897 1614 968 gloria
1648 896 1763 967 ejus
1794 896 2020 965 repleto,

443 990 778 1045 revelaretur
827 990 871 1044 is
913 988 1005 1058 qui
1035 1002 1099 1042 eo
1150 988 1205 1041 in
1245 987 1361 1042 loco
1391 993 1610 1053 stabat,
1647 988 1719 1041 ita
1769 997 1848 1054 ut,
1893 988 2023 1042 sub-

442 1081 554 1136 lato
596 1080 1000 1150 superliminari
1027 1118 1042 1145 ,
1083 1079 1476 1148 comprehendi
1525 1067 1709 1150 posset
1753 1096 1767 1134 :
1817 1079 2026 1134 locum-

441 1188 548 1242 que
593 1172 746 1228 fumo
795 1173 1112 1239 replendum
1171 1186 1326 1234 esse,
1391 1172 1499 1242 igni
1561 1173 1819 1226 traditum
1855 1191 1868 1225 :
1900 1187 2023 1225 nam

442 1265 624 1320 fumus
656 1266 797 1341 ignis
827 1267 1042 1334 signum
1084 1274 1191 1318 est.
1235 1265 1330 1320 His
1357 1280 1486 1334 ergo
1519 1265 1802 1334 Scriptura
1839 1268 2026 1318 incen-

444 1359 594 1414 dium
651 1357 772 1413 loco
813 1358 939 1412 huic
973 1367 1296 1412 eventurum
1338 1357 1571 1411 obscure
1629 1357 1830 1410 indicat
1868 1375 1880 1410 :
1918 1371 2028 1425 quo

444 1462 689 1522 peracto,
717 1451 921 1520 repleta
953 1460 1038 1506 est
1070 1451 1332 1505 universa
1377 1459 1519 1504 terra
1547 1447 1716 1518 gloria
1761 1449 1970 1502 Domini
2009 1466 2022 1500 :

446 1557 555 1597 non
609 1558 714 1594 tina
770 1543 933 1597 domo
985 1550 1044 1594 ut
1093 1549 1278 1604 antea,
1341 1539 1436 1594 sed
1494 1538 1798 1593 innumeris
1857 1539 2033 1593 multo

445 1634 920 1704 praestantioribus
948 1648 1048 1703 per
1089 1633 1396 1687 universam
1434 1639 1637 1686 terram
1669 1630 1943 1685 excitatis.

520 1727 690 1782 Vens.
730 1727 782 1782 5.
817 1746 837 1778 ι
861 1727 926 1781 Ει
953 1727 1088 1793 dixi,
1118 1723 1162 1781 0
1184 1725 1349 1780 miser
1363 1739 1484 1794 ego,
1509 1723 1636 1794 quia
1667 1731 2031 1791 compunctus

2123 528 2304 580 πᾶσαν
2333 523 2610 597 ἐκηρύχθη
2649 523 2748 595 τὴν
2794 524 2919 594 γῆν,
2963 524 3022 578 οὐ
3072 525 3534 597 μόνονήγνῶσις,
3574 529 3710 584 ἀλλὰ

2122 619 2220 672 καὶ
2250 619 2282 690 ἡ
2309 612 2440 682 δόξαῗ
2462 615 2561 687 τῆς
2594 615 2721 688 περὶ
2751 615 2920 670 αὐτοῦ
2950 616 3246 686 θεολογίας.

2199 729 2218 763 ι
2251 710 2359 762 Kal
2398 707 2610 780 ἐπήρθη
2652 707 2958 779 ὑπέρθυρον
2995 708 3104 762 ἀπὸ
3131 711 3230 779 τῆς
3259 709 3462 780 φωνῆς,
3494 705 3561 782 ἦς
3591 710 3714 764 ἐκέ-

2123 820 2352 875 κραγον,
2385 803 2478 855 καὶ
2523 802 2552 854 ό
2595 796 2743 864 οἶκος
2792 800 3034 874 ἐπλήσθη
3071 801 3300 855 καπνοῦ.
3337 821 3354 854 ι
3406 803 3712 858 Αἰνίττεται

2122 895 2304 949 τοίνυν
2350 895 2378 947 ὁ
2427 893 2604 962 λόγος,
2651 892 2726 957 ὡς
2765 892 2894 966 ἄρα,
2929 893 3310 966 πληρουμένης
3351 895 3452 965 τῆς
3481 897 3584 966 γῆς
3613 898 3714 968 τῆς

2124 984 2284 1055 δόξης
2313 982 2499 1047 αὐτοῦ,
2530 982 2867 1054 γυμνοῦσθαι
2903 982 3129 1054 ἔμελλεν
3154 984 3181 1036 ὁ
3211 985 3268 1037 ὲν
3299 984 3492 1055 ἐκείνῳ
3524 985 3602 1056 τῷ
3628 986 3716 1038 τό·

2129 1093 2236 1146 πῳ,
2271 1076 2347 1140 ὡς
2375 1074 2588 1128 καὶτοῦ
2633 1075 2942 1149 ύπερθύρου
2985 1075 3264 1148 ἀρθέντος,
3295 1077 3713 1148 καταληφθήσε-

2129 1166 2278 1231 σθαι,
2329 1165 2536 1222 καπνοῦ
2587 1183 2646 1219 τε
2697 1166 2912 1240 πλήρης
2944 1167 3163 1220 ἔσεσθαι
3189 1166 3513 1238 παραδοθεὶς
3557 1170 3710 1239 πυρί·

2129 1259 2302 1327 πυρὸς
2334 1259 2443 1332 γὰρ
2495 1261 2718 1331 σημεῖον
2760 1262 2788 1313 ό
2842 1260 3066 1323 καπνός.
3117 1260 3362 1331 ᾘνίξατο
3399 1261 3579 1315 τοίνυν
3626 1262 3715 1316 διὰ

2128 1353 2335 1408 τούτων
2361 1355 2390 1408 ό
2423 1353 2601 1422 λόγος,
2635 1353 2728 1406 τὸν
2758 1353 2851 1410 ἐπὶ
2881 1352 3024 1407 τέλει
3050 1351 3413 1424 κατειληφότα
3436 1353 3524 1407 τὸν
3552 1353 3714 1406 τόπον

2131 1446 2482 1518 ὲμπρησμόν·
2511 1444 2629 1516 μεθ’
2653 1446 2712 1499 ὃν
2738 1445 3029 1518 ἐπληρώθη
3071 1446 3221 1499 πᾶσα
3253 1446 3286 1516 ἡ
3325 1445 3394 1516 γῆ
3427 1445 3526 1514 τῆς
3557 1445 3716 1516 δόξης

2130 1536 2359 1608 Κυρίου·
2393 1537 2494 1590 ούκ
2517 1536 2595 1589 ἔτι
2629 1535 2747 1599 ἐνὸς
2778 1535 2951 1601 οίκου,
2983 1535 3192 1608 μυρίων
3219 1535 3275 1594 δὲ
3308 1535 3430 1593 καθ’
3459 1535 3587 1608 ὅλην
3616 1536 3718 1609 τὴν

2132 1628 2456 1701 οἰκουμένην
2487 1627 2619 1681 πολὺ
2655 1627 2976 1700 κρειττόνων
3006 1626 3214 1685 ἐκείνου
3245 1628 3573 1682 συστάντων.

2209 1737 2228 1770 ι
2262 1718 2374 1771 Kal
2417 1715 2563 1773 εἶπα·
2607 1712 2679 1770 Ὦ
2705 1717 2874 1782 τάλας
2900 1716 3032 1786 ἐγὼ,
3064 1718 3145 1771 ὅτι
3178 1717 3602 1794 κατανένυγμαι,
3635 1719 3719 1772 ὅτι

450 1834 570 1874 sum
603 1818 764 1888 :qnia
786 1819 949 1873 homo
972 1833 1094 1872 cum
1126 1817 1257 1882 sim,
1285 1825 1342 1872 et
1365 1815 1574 1885 impura
1606 1813 1748 1869 labia
1775 1814 2031 1879 habeam,

2139 1809 2421 1880 ἅνθρωπος
2462 1808 2536 1862 ὣν
2570 1809 2666 1863 καὶ
2703 1809 2989 1880 ἀκάθαρτα
3012 1809 3081 1862 τά
3109 1809 3261 1880 χείλη
3291 1808 3447 1878 ἔχων,
3474 1791 3532 1864 ἐν
3567 1811 3719 1882 μέσῳ

451 1918 507 1970 in
535 1916 712 1970 medio
738 1914 919 1984 populi
953 1915 1164 1983 impura
1200 1910 1341 1965 labia
1375 1908 1630 1964 habentis
1663 1923 1763 1978 ego
1801 1906 1984 1962 habito
2012 1923 2026 1960 :

449 2018 507 2061 et
539 2022 715 2077 regem
749 2005 1036 2061 Dominum
1077 2002 1319 2058 Sabaoth
1346 2000 1454 2056 vidi
1487 2000 1664 2055 oculis
1707 2000 1862 2054 meis.
1894 2018 1913 2051 ι
1961 1998 2032 2053 Se

452 2109 634 2154 autem
665 2098 935 2168 impurum
972 2109 1094 2150 esse
1124 2094 1436 2158 conﬁtetur,
1471 2108 1578 2147 non
1612 2092 1796 2146 anima
1819 2131 1834 2157 ,
1859 2107 2034 2160 neque

455 2199 569 2245 toto
618 2203 888 2260 corpore,
942 2187 1204 2259 quoniam
1263 2183 1468 2240 nullius
1523 2182 1750 2252 impura:
1804 2183 2033 2236 actionis

453 2283 556 2338 sibi
585 2283 837 2339 conscius
877 2290 1026 2346 erat;
1066 2278 1161 2336 sed
1194 2279 1312 2336 sola
1352 2275 1456 2334 sibi
1487 2274 1627 2332 labia
1665 2279 1876 2347 impura
1912 2289 2034 2328 esse

455 2373 570 2439 ait,
599 2372 756 2442 quasi
787 2371 1041 2426 videlicet
1070 2369 1337 2440 reliquum
1365 2385 1572 2439 corpus
1597 2381 1652 2425 et
1680 2369 1864 2422 anima
1897 2381 2030 2434 pura

453 2463 641 2530 fuerit,
677 2462 981 2518 secundum
1011 2461 1165 2528 illud,
1211 2477 1233 2512 ι
1259 2459 1409 2514 Beati
1445 2459 1648 2514 mundo
1667 2459 1852 2523 corde,
1895 2471 2033 2527 quo-

456 2553 602 2608 niam
661 2553 764 2624 ipsi
817 2552 988 2608 Deum
1047 2552 1309 2607 videbunt
1355 2550 1423 2605 ".
1458 2569 1478 2604 ι
1534 2549 1705 2605 Labia
1734 2565 1866 2604 vero
1924 2563 2032 2602 non

456 2644 676 2701 aliunde
725 2645 938 2714 impura
990 2642 1247 2708 habebat,
1305 2657 1470 2712 quam
1517 2657 1547 2696 a
1586 2641 1864 2710 colloquio
1910 2655 2034 2694 cum

455 2737 686 2807 impuris
731 2735 1048 2792 hominibus
1095 2735 1250 2788 inito.
1299 2731 1434 2786 Nam
1477 2731 1601 2802 quia
1631 2747 1754 2786 cum
1809 2731 2036 2801 impuris

453 2824 590 2882 viris
633 2828 980 2892 versabatur,
1031 2827 1218 2880 eorum
1278 2824 1629 2894 improbitate
1681 2823 1842 2894 digna
1873 2823 2038 2879 verba

456 2919 710 2990 proferre
735 2926 984 2978 coactus,
1025 2915 1152 2972 inde
1182 2915 1342 2972 labiis
1372 2915 1620 2985 impurus
1646 2924 1786 2971 erat.

535 3005 697 3063 Vens.
736 3007 790 3072 6,
833 3005 887 3060 7.
915 3024 932 3057 ι
959 3005 1023 3060 Et
1051 3007 1251 3062 missus
1283 3016 1368 3061 est
1401 3005 1469 3061 ad
1494 3021 1584 3063 me
1621 3022 1763 3062 unus
1786 3007 1853 3062 de
1883 3020 2037 3062 sera.

2132 1901 2262 1954 λαοῦ
2297 1901 2583 1979 ἀκάθαρτα
2617 1900 2773 1972 χείλη
2815 1900 3026 1972 ἔχοντος
3054 1901 3164 1969 ἐγὼ
3191 1900 3345 1955 οίκῶ·
3381 1901 3476 1954 καὶ
3505 1901 3596 1955 τὸν
3627 1901 3717 1972 βα·-

2134 1995 2290 2050 σιλέα
2337 1996 2542 2069 Κύριον
2591 1993 2819 2051 Σαϐαὼθ
2871 1991 3006 2048 εἶδον
3034 1995 3146 2058 τοῖς
3180 1993 3480 2066 ὀφθαλμοῖς
3528 2014 3647 2066 μου.
3693 2015 3715 2047 ι

2144 2089 2431 2160 Ὁμολογεῖ
2476 2088 2534 2142 δὲ
2576 2087 2886 2160 ἀκάθαρτος
2932 2082 3069 2142 εἶναι
3119 2087 3180 2140 ού
3221 2086 3316 2158 τὴν
3359 2087 3558 2160 ψυχὴν,
3605 2087 3720 2141 ἀλλ’

2132 2181 2253 2240 οὐδὲ
2284 2181 2344 2234 τὸ
2378 2180 2554 2251 σῶμα·
2591 2180 2715 2233 ἐπεὶ
2739 2179 3008 2252 μηδεμίαν
3041 2178 3220 2250 ἑαυτῷ
3243 2179 3551 2252 ἀκάθαρτον
3582 2181 3720 2252 πρᾶο

2136 2270 2217 2338 ξιν
2254 2271 2489 2343 συνῄδει·
2528 2271 2664 2342 μόνα
2701 2270 2758 2324 δὲ
2806 2270 2873 2325 τὰ
2909 2269 3062 2342 χείλη
3113 2271 3398 2345 ἀκάθαρτα
3431 2273 3722 2343 ἐσχηκέναι

2135 2366 2302 2440 φησὶ,
2344 2365 2420 2430 ώς
2480 2365 2575 2424 τοῦ
2623 2365 2812 2418 λοιποῦ
2851 2365 3102 2438 σώματος
3142 2367 3290 2439 αὐτῷ
3327 2367 3726 2440 καθαρεύοντοςΔ

2134 2460 2229 2514 καὶ
2278 2459 2378 2530 τῆς
2422 2458 2619 2530 ψυχῆς,
2665 2459 2808 2512 κατά
2848 2459 2934 2524 τὸ,
2962 2479 2979 2512 ι
3012 2461 3289 2533 Μακάριοι
3316 2462 3366 2514 οἱ
3397 2462 3627 2532 καθαροὶ
3653 2465 3721 2537 τῇ

2136 2552 2353 2623 καρδία,
2389 2552 2470 2604 ὅτι
2522 2551 2678 2604 αὐτοὶ
2706 2552 2798 2604 τὸν
2842 2552 2975 2606 Θεὸν
3018 2553 3238 2622 ὄψονται
3273 2552 3386 2625 (12)
3445 2573 3463 2607 ι
3494 2555 3602 2607 Kal
3654 2555 3726 2609 τὰ

2135 2641 2288 2712 χείλη
2310 2641 2367 2694 δὲ
2394 2639 2679 2713 ἀκάθαρτα
2702 2637 2847 2710 εἶχεν
2869 2643 2968 2701 oux
2999 2642 3237 2708 ἄλλοθεν,
3269 2645 3304 2716 ἢ
3331 2645 3438 2698 ἀπὸ
3461 2645 3562 2715 τῆς
3587 2643 3724 2717 πρὸς

2135 2735 2262 2798 τοὺς
2289 2733 2630 2803 ἀκαθάρτους
2657 2735 2889 2806 ὁμιλίας.
2911 2735 3273 2804 Ἦναγκάζετο
3299 2737 3426 2808 γὰρ,
3452 2737 3527 2801 ώς
3555 2737 3723 2803 εἰκὸς,

2137 2827 2464 2898 ἀκαθάρτοις
2512 2827 2737 2899 ἀνδράσι
2777 2829 3145 2900 προσομιλῶν,
3181 2827 3307 2894 ἀξια
3356 2829 3457 2900 τῆς
3500 2829 3730 2884 ἐκείνων

2139 2918 2473 2989 φθέγγεσθαι
2502 2918 2823 2991 μοχθηρίας,
2857 2919 2924 2972 δι’
2955 2913 3029 2974 ὧν
3063 2920 3352 2992 ὲμολύνετο
3377 2922 3444 2975 τὰ
3476 2921 3648 2992 χείλη.

2216 3031 2236 3064 ι
2269 3013 2375 3066 Kal
2402 3011 2682 3085 ἀπεστάλη
2715 3013 2852 3083 πρὸς
2887 3012 2955 3082 μὲ
2995 3011 3051 3064 ἓν
3096 3012 3204 3065 τῶν
3245 3013 3505 3084 σεραφὶμ,
3537 3017 3632 3068 καὶ
3666 3017 3726 3070 ἐν

455 3098 632 3170 phlm,
660 3107 712 3152 et
736 3097 786 3152 in
813 3113 975 3152 manu
995 3112 1089 3152 sua
1113 3097 1347 3154 habebat
1368 3101 1658 3156 carbonem
1683 3099 1846 3170 ignis,
1875 3113 2033 3169 quem

2143 3100 2208 3170 τῇ
2234 3099 2379 3170 χειρὶ
2402 3097 2566 3155 αὑτοῦ
2586 3097 2729 3170 εἶχεν
2756 3099 3001 3171 ἀνθρακα
3025 3118 3096 3152 πυ
3105 3101 3216 3173 ρος,
3242 3101 3300 3155 ὃν
3327 3105 3390 3173 τῇ
3411 3102 3582 3156 λαόίδι
3603 3103 3726 3157 ἔλαο

457 3188 667 3260 fercipe
715 3189 914 3244 tulerat
941 3189 1010 3246 de
1037 3188 1194 3245 altari
1229 3206 1244 3246 :
1278 3200 1334 3245 et
1361 3189 1534 3262 tetigit
1576 3189 1722 3244 labia
1776 3205 1916 3244 mea.
1971 3189 2038 3243 Et

459 3280 619 3345 dixit,
663 3279 806 3335 Ecce
833 3278 1011 3350 tetigit
1041 3279 1144 3335 hoc
1173 3279 1316 3335 labia
1351 3289 1462 3335 tua.
1495 3298 1514 3332 ι
1571 3278 1718 3334 Talis
1757 3289 1841 3334 est
1873 3279 2038 3334 carbo

463 3373 654 3430 altaris
685 3389 700 3426 :
728 3386 794 3426 ac
843 3371 1082 3426 fortasse
1128 3370 1373 3427 clemens
1428 3371 1516 3426 ille
1563 3371 1822 3427 Dominus
1867 3372 2039 3427 altare

459 3477 618 3517 suum
655 3461 993 3517 salutaribus
1026 3459 1336 3530 huiusmodi
1387 3475 1452 3516 ac
1495 3460 1859 3530 purgantibus
1912 3475 2037 3514 car-

461 3557 693 3613 bonibus
731 3555 922 3623 replet.
957 3554 1141 3624 Quare
1169 3555 1376 3611 dictum
1411 3563 1496 3609 est
1521 3554 1715 3610 alicubi
1757 3553 1825 3620 ⁸⁸,
1861 3571 1880 3604 ι
1904 3552 2041 3608 Car-

460 3653 629 3710 bones
678 3649 929 3707 succensi
982 3659 1112 3705 sunt
1151 3648 1221 3703 ab
1262 3662 1348 3703 eo.
1381 3665 1400 3700 ι
1453 3647 1706 3717 Deusque
1744 3646 1857 3717 ipse
1899 3647 2038 3716 apud

461 3743 700 3814 Moyscm
739 3742 885 3813 ignis
941 3755 1276 3797 consumens
1343 3740 1524 3796 dictus
1575 3748 1710 3797 est:
1751 3749 1916 3809 atque
1987 3739 2038 3793 in

464 3831 779 3901 Evangeliis
832 3831 1095 3886 Servator
1141 3830 1346 3885 dicitur
1396 3829 1684 3900 baptizare
1728 3831 1780 3885 in
1836 3829 2040 3901 Spiritu

462 3931 654 3979 sancto
687 3921 744 3976 et
798 3921 946 3991 igne.
983 3919 1078 3975 llis
1125 3935 1289 3991 porro
1322 3921 1577 3977 omnibus
1597 3923 1912 3990 edocemur,
1949 3938 2044 3977 ne—

463 4015 664 4071 minem
691 4026 870 4083 posse,
905 4011 1010 4066 nisi
1047 4026 1143 4081 per
1173 4010 1418 4065 divinum
1441 4011 1640 4082 ignem,
1665 4014 2040 4068 remissionem

467 4115 820 4181 peccatorum
866 4103 1152 4175 consequi.
1229 4102 1424 4160 Merito
1472 4103 1659 4174 itaque
1718 4114 1900 4161 tantus
1955 4085 2089 4159 ille'

465 4197 726 4270 propheta
783 4200 1021 4252 carbone
1075 4196 1220 4265 ignis
1265 4205 1542 4268 purgatur.
1597 4197 1856 4264 Quaenam
1911 4211 2046 4252 vero

469 4290 791 4358 iniquitates
845 4299 900 4344 et
937 4299 1161 4359 peccata
1217 4279 1544 4345 auferuntur
1584 4290 1653 4344 ab
1694 4303 1779 4354 eo,
1829 4288 1932 4343 nisi
1980 4303 2042 4343 ea

467 4383 668 4452 quibus
720 4381 924 4452 repleta
987 4381 1127 4436 labia
1187 4395 1284 4437 sua
1349 4395 1472 4436 esse
1523 4379 1862 4435 conﬁtetur?
1913 4379 2046 4435 Post

468 4485 746 4548 peractam
786 4489 918 4529 vero
964 4488 1150 4530 eorum
1179 4473 1590 4544 purgationem,
1641 4482 2043 4541 consequenter
2073 4492 2121 4550 ι)

468 4585 599 4626 voce
629 4567 871 4626 sedentis
909 4566 964 4622 in
1001 4566 1195 4621 throno
1232 4565 1502 4637 dignatur,
1550 4579 1654 4634 qua
1693 4563 1929 4620 dicitur:

425 4726 436 4778 ί
544 4754 704 4811 Vens.
745 4755 801 4810 8.
845 4770 866 4805 ι
889 4757 1062 4820 Quem
1094 4743 1354 4806 mittam?
1392 4749 1458 4805 Et
1479 4747 1602 4818 quis
1627 4747 1728 4805 ibit
1767 4752 1834 4805 ad
1868 4764 2040 4821 popu-

386 5060 427 5144 β

402 5845 448 5887 ’τι

468 4845 578 4900 lum
607 4844 788 4900 hunc?
824 4844 890 4899 Et
917 4844 1053 4910 dixi,
1081 4844 1220 4901 Ecce
1247 4860 1374 4917 ego,
1397 4843 1550 4907 mitte
1573 4858 1714 4902 me.»
1748 4842 1862 4900 Hac
1885 4859 2040 4913 voce,

467 4938 944 5010 quaeintermedia
999 4938 1172 5006 posita
1221 4947 1323 5003 est,
1372 4939 1649 5008 prephette
1703 4937 2041 4994 alacritatem

469 5035 736 5098 expertus
766 5034 870 5093 est,
911 5037 972 5082 ut
1000 5027 1046 5084 is
1075 5027 1158 5083 vel
1200 5028 1331 5085 boni
1353 5029 1543 5084 saltem
1593 5027 1855 5099 propositi
1896 5042 2044 5083 mer—
2083 5049 2086 5052 ~

469 5120 657 5175 cedem
725 5119 1014 5190 reciperet.
1075 5119 1481 5187 Quamobrem,
1555 5135 1660 5176 non
1723 5119 2044 5192 imperantis

471 5227 627 5269 more
664 5211 841 5283 ipsum
884 5213 1048 5285 jussit
1096 5213 1280 5278 abire,
1336 5214 1432 5270 sed
1469 5216 1524 5270 in
1571 5213 1751 5270 medio
1773 5216 2044 5270 sermonis

472 5307 798 5377 interrogat,
824 5308 949 5378 quis
975 5307 1048 5363 sit
1077 5306 1145 5362 ad
1174 5306 1226 5362 id
1270 5308 1535 5376 agendum
1575 5318 1822 5377 paratus.

543 5397 710 5454 Vens.
751 5399 804 5456 9.
852 5418 872 5453 ι
899 5399 960 5457 Et
1005 5400 1174 5468 dixit,
1204 5398 1375 5467 Vade,
1431 5408 1488 5456 et
1538 5400 1626 5456 dic
1655 5400 1852 5472 populo
1883 5400 2042 5457 huic:

474 5491 676 5553 Auditu
704 5493 936 5549 audietis
986 5502 1041 5548 et
1071 5506 1178 5548 non
1212 5491 1560 5561 intelligetis;
1595 5503 1652 5550 et
1675 5493 2032 5565 respicientes

547 5676 594 5708 "
623 5676 813 5732 Matth.
853 5693 908 5743 ν,
933 5678 990 5732 8.
1063 5677 1110 5709 ⁸⁸
1135 5676 1275 5732 Psal.
1301 5693 1436 5745 xui,
1461 5680 1516 5736 9.

2144 3191 2238 3244 6εν
2270 3190 2378 3244 ἀπὸ
2408 3190 2503 3244 τοῦ
2539 3190 2947 3269 θυσιαστηρίου,
2994 3193 3086 3246 καὶ
3115 3193 3292 3264 ἥψατο
3315 3194 3385 3248 τά
3415 3195 3566 3267 χείλη
3601 3214 3722 3266 μου.

2143 3282 2254 3336 Kal
2307 3278 2447 3340 εἷπε·
2517 3283 2646 3337 Ἰδοὺ
2691 3283 2869 3354 ἥψατο
2918 3283 3075 3340 τοῦτο
3115 3284 3224 3338 τῶν
3271 3286 3491 3355 χειλέων
3542 3304 3654 3341 σου.
3701 3308 3726 3340 ι

2143 3372 2396 3436 Τοιοῦτός
2426 3362 2596 3430 ’ἐστιν
2623 3375 2650 3428 ὁ
2677 3374 2884 3447 ἄνθραξ
2910 3375 3004 3429 τοῦ
3025 3376 3430 3446 θυσιαστηρίου,
3459 3377 3598 3447 τάχα
3623 3396 3735 3433 που.

2141 3468 2235 3522 τοῦ
2269 3467 2645 3541 φιλανθρώπου
2693 3471 2898 3542 Κυρίου
2935 3471 3266 3544 πληροῦντος
3303 3472 3363 3525 τὸ
3405 3473 3595 3526 ἑαυτοῦ
3638 3473 3726 3526 θυη

2145 3563 2457 3634 σιαστήριον
2483 3563 2738 3616 τοιούτων
2764 3562 2925 3618 τινῶν
2953 3564 3234 3636 σωτηρίων
3264 3565 3357 3618 καὶ
3384 3565 3733 3636 καθαρτικῶν.

2145 3653 2450 3725 ἀνθράκων.
2486 3655 2576 3709 Διὸ
2604 3654 2850 3712 λέλεκταί
2874 3672 2994 3709 που·
3035 3674 3055 3707 ι
3083 3655 3386 3727 Ἀνθρακες
3412 3656 3728 3727 ἀνήφθησαν

2144 3746 2240 3798 ἀπ’
2273 3745 2456 3800 αὑτοῦ.
2499 3765 2517 3798 ›
2571 3746 2681 3800 Καὶ
2707 3749 2735 3800 ό
2770 3747 2903 3811 Θεὸς
2927 3747 2983 3800 δὲ
3018 3748 3178 3811 αὐτὸς
3205 3748 3352 3816 παρά
3380 3749 3583 3819 Μωῦσῇ
3620 3748 3727 3820 πῦρ

2145 3837 2538 3893 καταναλίσκον
2573 3839 2805 3909 εἴρηται·
2834 3839 2927 3892 καὶ
2953 3839 3140 3911 Σωτὴρ
3171 3840 3228 3893 ὲν
3253 3839 3603 3910 Εὐαγγελίοις
3632 3840 3728 3910 βα-

2147 3929 2336 3982 πτίσαι
2376 3931 2433 3987 ἐν
2477 3931 2757 4002 Πνεύματι
2799 3931 2939 4003 ἁγίῳ
2979 3933 3074 3986 καλ⁸
3121 3935 3256 4005 πυρὶ
3289 3933 3725 4015 μεμαρτύρηται·

2146 4020 2234 4074 διὰ
2263 4021 2468 4077 τούτων
2499 4023 2754 4080 ἁπάντων
2787 4024 3131 4088 παιδεύοντος
3162 4026 3306 4096 ἡμᾶς
3330 4025 3423 4079 τοῦ
3460 4025 3618 4095 λόγου
3656 4026 3728 4100 μὴ

2147 4113 2320 4176 ἄλλως
2363 4114 2620 4169 δύνασθαί
2647 4134 2770 4171 τινα
2816 4120 2998 4188 τυχεῖν
3042 4118 3286 4187 ἀφέσεως
3322 4119 3728 4191 ἁμαρτημάτων

2147 4205 2180 4275 ἢ
2229 4205 2315 4259 διὰ
2359 4206 2452 4266 τοῦ
2479 4207 2620 4262 θείου
2655 4209 2846 4280 πυρός.
2897 4211 3137 4274 Εἰκότως
3160 4207 3250 4265 οὖν
3281 4213 3374 4269 καὶ
3417 4214 3445 4265 ὁ
3483 4213 3729 4275 τοσοῦτος

2148 4299 2434 4370 προφήτης
2463 4300 2530 4354 δι’
2561 4292 2859 4373 ἄνθρακος
2881 4302 3050 4374 πυρὸς
3101 4304 3435 4374 καθαίρεται.
3482 4306 3648 4368 Ποίας
3676 4305 3732 4358 δὲ

2147 4389 2375 4460 ἀνομίας
2402 4391 2495 4444 καὶ
2525 4391 2796 4464 ἁμαρτίας
2844 4389 3154 4468 ἀφαιρεῖται
3182 4393 3214 4464 ἢ
3247 4389 3321 4448 ὧν
3347 4395 3416 4448 τά
3449 4395 3598 4467 χείλη
3631 4397 3728 4448 αύ-

2146 4477 2241 4531 τοῦ
2277 4479 2665 4556 πεπληρῶσθαι
2691 4482 2974 4553 ὁμολογεῖ;
3003 4483 3155 4537 Μετά
3182 4485 3366 4557 δὲτὴν
3398 4485 3601 4540 τούτων
3631 4487 3730 4539 κά-

2150 4570 2363 4642 θαρσιν,
2386 4573 2692 4647 ἀκολούθως
2725 4575 2820 4628 καὶ
2849 4578 2999 4648 φωνῇ
3030 4575 3273 4641 ἀξιοῦται
3299 4578 3392 4631 τοῦ
3427 4579 3730 4652 καθημένου

2151 4663 2245 4721 ἐπὶ
2273 4663 2484 4734 θρόνου,
2515 4665 2800 4738 λεγούσης⁸

2230 4773 2249 4806 ι
2279 4754 2412 4808 Τίνα
2434 4756 2750 4824 ἀποστελῶ;
2805 4758 2914 4812 Kal
2957 4758 3042 4822 τίς
3086 4758 3411 4832 πορεύσεται
3459 4759 3595 4832 πρὸς
3642 4759 3733 4812 τὸν

2153 4849 2281 4903 λαὸν
2307 4849 2529 4917 τοῦτον;
2576 4853 2687 4905 Kal
2730 4847 3027 4907 sitta°’160b
3074 4853 3205 4922 ἐγὼ,
3232 4852 3547 4907 ἀπόστειλόν
3580 4870 3667 4924 με.
3709 4871 3728 4904 ι

2163 4941 2481 5015 Ἐδοκίμαζε
2506 4943 2562 5000 δὲ
2588 4945 2695 5017 ἄρα
2721 4945 2942 5019 τοιαύτῃ
2960 4948 3108 5017 φωνῇ
3137 4946 3316 5016 μέσως
3346 4943 3613 5017 ἀφειμένη
3637 4943 3734 5016 τὴν

2151 5033 2244 5088 τοῦ
2291 5037 2567 5108 προφήτου
2604 5036 2932 5109 προθυμίαν,
2964 5037 3039 5101 ώς
3066 5037 3131 5092 ἂν
3165 5037 3264 5108 τῆς
3303 5036 3513 5109 ἀγαθῆς
3543 5053 3734 5109 προαι-

2154 5127 2355 5199 ρέσεως
2409 5129 2595 5199 μισθὸν
2636 5131 2922 5202 κτήσηται.
2958 5129 3048 5183 Διὸ
3090 5131 3150 5184 ού
3200 5129 3613 5201 προστακτικῶς
3642 5129 3736 5181 αύ-

2150 5217 2242 5271 τὸν
2271 5219 2555 5274 ἐκέλευσεν
2580 5220 2818 5275 ἀπιέναι·
2850 5220 3028 5293 μέσως
3054 5219 3110 5274 δὲ
3140 5220 3344 5293 ἠρώτα,
3377 5221 3462 5284 τίς
3493 5219 3576 5292 εἴη
3599 5221 3736 5272 Ero:-

2157 5328 2256 5383 μος
2286 5311 2445 5366 τοῦτο
2469 5313 2748 5386 πράττειν.

2231 5421 2250 5455 ι
2281 5405 2391 5458 Kal
2439 5399 2579 5458 εἷπε·
2627 5405 2949 5478 Πορεύθητι,
2978 5405 3070 5460 καὶ
3099 5402 3249 5460 εἷπον
3278 5405 3356 5477 τῷ
3394 5404 3507 5476 λαῷ
3537 5403 3732 5476 τούτῳ·

2154 5495 2317 5567 Ἀκοῇ
2365 5493 2625 5549 ἀκούσετε
2653 5534 2667 5561 ,
2718 5496 2811 5550 καὶ
2845 5495 2907 5549 ού
2943 5495 3018 5568 μὴ
3067 5497 3282 5568 συνῆτε·
3311 5497 3404 5550 καὶ
3448 5494 3735 5567 βλέποντες

561 5770 675 5842 (12)
734 5771 858 5828 llaec
911 5773 1050 5843 apud
1097 5771 1482 5846 Hieronymum
1519 5774 1786 5832 habentur
1810 5777 2051 5860 inghunc
2088 5779 2284 5839 locum.

602 6137 698 6279 ἱ
