4062 6400
383 330 404 382 i
416 327 485 381 '29

1355 312 1860 370 COMMENTARlA
1897 313 1966 369 lN
2001 313 2258 371 ISAIAM.
2301 347 2371 359 -—
2406 311 2560 375 CAP.
2600 309 2693 374 Vl.

3543 309 3649 366 150

380 435 629 509 βλέψετε,
665 435 756 487 καὶ
793 433 855 487 οὑ
899 431 974 504 μὴ
1006 430 1171 501 ἴδητε.
1215 447 1235 481 ι
1289 429 1422 483 Τίνα
1451 429 1507 483 δέ
1539 429 1824 501 βλέποντες
1856 428 1974 501 βλέ-

2078 430 2407 501 respicietis,
2453 444 2508 489 et
2547 451 2654 490 non
2699 433 2975 492 videbitis.
3005 452 3029 489 ι
3088 432 3348 502 Quaenam
3401 428 3649 484 videntes

376 532 562 602 ψουσι,
609 525 705 580 καὶ
748 525 893 590 τίνος
943 525 1078 596 ἀκοῇ
1125 521 1471 585 ἀκούσονται,
1507 524 1570 576 οὑ
1600 522 1966 594 παρέστησεν·

378 625 512 695 ἡμῖν
534 617 850 674 καταλιπὼν
877 619 1100 671 σκοπεῖν
1127 619 1192 670 ἐκ
1207 616 1308 687 τῆς
1320 615 1416 669 τοῦ
1442 615 1601 684 λόγου
1629 615 1968 681 ἀκολουθίας,

377 710 647 781 λεγούσης
679 710 784 772 ὅτι,
813 706 1014 760 Τοῦτον
1038 707 1097 761 ὃν
1132 707 1198 761 σὺ
1246 706 1500 760 τεθέασαι
1531 705 1757 778 Κύριον,
1787 707 1882 762 καὶ
1912 707 1972 762 ὃν

375 809 492 870 τοῖς
516 807 629 869 σοῖς
653 803 950 874 ὀφθαλμοῖς
989 797 1148 865 εἶδες,
1183 793 1229 854 ὦ
1277 801 1552 873 προφῆτα,
1577 799 1767 855 τοῦτον
1811 801 1907 855 καὶ
1943 803 1972 856 ὁ

375 897 507 960 λαὸς
538 888 693 959 οὗτός
723 911 860 947 ποτε
894 892 1104 962 ὄψεται·
1134 889 1274 944 ἀλλὰ
1298 890 1392 943 καὶ
1421 890 1522 960 τῆς
1567 889 1749 960 φωνῆς
1778 885 1849 960 ἦς
1877 887 1972 944 ἐπὶ

378 987 475 1042 τοῦ
516 987 780 1060 παρόντος
810 986 1076 1056 ἀκήκοας,
1109 981 1475 1036 ἐπακούσεται
1521 979 1700 1053 καιρῷ
1730 998 1835 1034 τινι
1877 981 1971 1035 καὶ

382 1078 564 1142 αὐτὸς,
605 1078 664 1130 ού
691 1077 798 1148 μὴν
829 1074 924 1128 καὶ
951 1075 1194 1144 συνήσει,
1219 1073 1342 1126 οὑδέ
1372 1071 1661 1140 γνώσεται,
1688 1073 1808 1126 οὑδέ
1844 1073 1969 1143 βου-

379 1171 604 1242 λήσεται
655 1167 819 1222 αὑτοῦ
868 1167 968 1238 τὴν
999 1167 1162 1238 χάριν
1209 1165 1635 1237 παραδέξασθαι.
1689 1166 1884 1236 Σαφῶς
1913 1166 1970 1220 δὲ

377 1258 469 1312 διά
499 1257 702 1312 τούτων
727 1255 823 1328 τὴν
854 1258 936 1320 εἰς
971 1253 1296 1326 ἀνθρώπους
1322 1254 1487 1308 αὑτοῦ
1517 1251 1821 1327 παρουσίαν
1847 1255 1971 1328 ἐδή-

373 1351 494 1405 λου.
1784 1357 1789 1361 ’

457 1463 475 1496 ι
519 1441 828 1514 Ἐπαχύνθη
865 1439 975 1512 γὰρ
1015 1442 1049 1512 ἡ
1100 1439 1294 1512 καρδία
1323 1439 1417 1492 τοῦ
1453 1439 1586 1493 λαοῦ
1616 1441 1828 1504 τούτου,
1875 1438 1971 1493 καὶ

379 1541 494 1602 τοῖς
519 1538 650 1590 ὠσὶν
672 1535 850 1589 αὑτῶν
875 1535 1084 1606 βαρέως
1105 1531 1367 1606 ἥκουσαν,
1393 1534 1632 1598 καὶτοὺς
1661 1533 1971 1604 ὀφθαλμοὺς

374 1630 560 1686 αὐτῶν
604 1629 951 1700 ἐκάμμυσαν,
989 1627 1201 1698 μήποτε
1242 1625 1392 1679 ἴδωσι
1442 1628 1554 1688 τοῖς
1594 1623 1909 1696 ὀφθαλμοῖς.
1945 1644 1964 1677 ι

393 1723 454 1774 Ὁ
491 1720 588 1790 μὲν
617 1717 726 1789 γὰρ
754 1715 964 1787 Σωτὴρ,
994 1715 1091 1770 ἆτε
1123 1715 1238 1786 φῶς
1267 1714 1550 1786 ὑπάρχων,
1583 1715 1801 1770 πάντων
1828 1713 1970 1784 ἐφώι

381 1789 501 1874 τιζε
539 1809 636 1873 τὰς
665 1807 861 1879 ψυχάς·
909 1808 986 1870 ὡς
1017 1808 1112 1860 καὶ
1147 1805 1369 1876 τυφλοῖς
1411 1805 1472 1858 τὸ
1506 1805 1723 1876 βλέπειν
1753 1804 1972 1878 χαρίξε-
2002 1789 2044 1844 Β

383 1900 529 1954 σθαι·
574 1901 623 1952 οἱ
659 1899 715 1952 δὲ
743 1901 870 1962 τοὺς
896 1897 1208 1968 ὀφθαλμοὺς
1242 1895 1428 1967 ἐμυον,
1457 1895 1596 1949 ὥστε
1625 1894 1700 1968 μὴ
1733 1896 1972 1966 βλέπειν·

383 1993 480 2047 καὶ
507 1991 650 2046 οὕτω
683 1990 969 2062 βλέποντες
993 1991 1094 2043 οὑκ
1117 1988 1361 2042 ἔϐλεπον.
1396 1989 1561 2042 Ὅταν
1619 1988 1728 2060 γάρ
1754 2006 1856 2052 τις,
1886 1989 1974 2040 ἐν-

383 2085 639 2146 ατενίσας
655 2084 749 2137 καλ⁵
775 2081 1019 2154 ἀκριϐῶς
1043 2081 1398 2152 θεασάμενος,
1419 2080 1668 2154 ὑπερίδῃ,
1685 2082 1778 2136 xal
1804 2099 1974 2136 κατα-

385 2178 632 2249 φρονήσῃ
655 2173 748 2228 τοῦ
777 2174 1080 2245 ὁρωμένου,
1127 2173 1161 2244 ἢ
1216 2172 1364 2244 μύση
1409 2170 1478 2225 τὰ
1527 2173 1752 2242 ὖμματα
1800 2189 1973 2243 προσ-

387 2267 707 2338 ποιούμενος
751 2267 826 2338 μὴ
872 2265 1197 2337 ἑωρακέναι,
1230 2266 1350 2320 τότε
1381 2265 1592 2335 βλέπων
1617 2265 1717 2319 οὑκ
1747 2261 1875 2330 εἶδε.
1901 2265 1975 2318 Τὸ

392 2360 492 2431 μὲν
521 2358 614 2414 οὑν
641 2359 831 2430 βλέψαι
863 2357 1104 2429 ὑπῆρξεν
1147 2358 1332 2422 αὑτοῖς
1367 2358 1475 2411 ἀπὸ
1499 2358 1599 2428 τῆς
1632 2357 1853 2429 χάριτος
1878 2356 1974 2410 τοὺ

382 2451 664 2522 ὀφθέντος·
695 2452 756 2505 τὸ
783 2451 840 2504 δέ
881 2450 955 2522 μὴ
985 2451 1112 2504 ἰδεῖν
1140 2450 1485 2523 συμὸέὸηκεν
1522 2451 1633 2504 ἀπὸ
1658 2449 1752 2504 τοῦ
1776 2451 1977 2515 αὑτοὺς

392 2542 557 2614 μῦσαι
578 2543 704 2606 τοὺς
726 2541 936 2595 ἑαυτῶν
957 2540 1288 2612 ὀφθαλμοὺς,
1313 2542 1408 2596 καὶ
1434 2543 1869 2614 προσποιηθῆναι
1900 2543 1976 2615 μὴ

389 2633 628 2703 βλέπειν.
656 2633 813 2686 υὺτω
838 2633 896 2686 δὲ
929 2634 1024 2687 καὶ⁹
1047 2634 1186 2704 ἀκοῇ
1218 2634 1406 2687 ἀκούει
1434 2652 1540 2700 τις,
1568 2635 1662 2688 καὶ
1691 2634 1851 2688 πάλιν
1875 2636 1976 2689 οὑκ

387 2723 595 2777 ἀκούει·
627 2723 847 2777 ἐπειδὰν
877 2725 952 2796 μὴ
983 2727 1114 2797 συνῇ
1145 2725 1214 2780 τὰ
1255 2725 1544 2797 λεγόμενα,
1580 2726 1614 2798 ἢ
1651 2727 1778 2781 ὃταν
1802 2745 1978 2799 παρα-

388 2819 524 2889 κούῃ
568 2817 664 2870 καὶ¹
697 2820 1010 2890 καταφρονῇ
1053 2817 1163 2870 τῶν
1208 2817 1538 2888 λεγομένων.
1589 2818 1884 2890 Συμϐαίνει
1917 2819 1976 2872 δὲ

388 2909 566 2974 τοῦτο,
603 2911 821 2964 ἐπειδάν
872 2928 957 2973 τις
1006 2909 1076 2963 τὰ
1121 2904 1236 2965 ὦτα
1284 2911 1478 2966 ἑαυτοῦ
1519 2912 1749 2985 βαρύνῃ,
1786 2910 1975 2986 ὥσπερ

386 2995 711 3067 ἀποφράξας
753 2997 848 3051 καὶ
878 2998 1263 3068 ἀποκωφώσας
1310 3001 1471 3055 αὑτά.
1521 3001 1685 3055 Ταῦτ’
1724 2997 1818 3056 οὖν
1859 3002 1978 3055 ἔσε-

2073 522 2360 588 videbunt,
2387 533 2442 579 et
2467 541 2719 596 quaenam
2755 529 2940 583 auditu
2979 525 3224 590 audient,
3265 538 3372 578 non
3406 521 3650 576 declara-

2073 615 2173 678 vit,
2202 614 2256 670 id
2283 615 2743 691 considerandum
2787 619 2946 675 nobis
2974 617 3289 688 relinquens
3335 628 3400 668 ex
3437 625 3651 667 sermo-

2072 705 2158 760 nis
2195 705 2360 772 serie,
2383 721 2505 777 quae
2530 707 2614 763 sic
2638 708 2805 764 habet
2841 726 2856 762 :
2884 708 3056 777 Quem
3087 717 3144 762 tu
3186 703 3418 762 intueris
3456 702 3647 758 Domi-

2072 811 2222 862 num,
2255 809 2312 852 et
2353 813 2514 869 quem
2547 800 2679 870 ipsis
2717 800 2888 856 oculis
2923 801 3092 867 vides,
3120 814 3154 854 ο
3183 797 3468 870 propheta,
3502 795 3652 849 bunt:

2072 897 2126 940 et
2151 888 2238 943 hic
2269 889 2500 960 populus
2525 891 2816 960 aliquando
2840 891 3046 958 videbit
3070 906 3087 956 ;
3121 890 3217 946 sed
3239 889 3404 942 etiam
3437 900 3649 947 vocem,

2071 994 2234 1049 quam
2278 992 2330 1037 tu
2366 983 2422 1038 in
2477 983 2732 1053 praesenti
2796 982 3078 1047 audivisti,
3131 989 3188 1038 et
3242 981 3358 1051 ipse
3410 977 3646 1050 quodam

2073 1083 2314 1144 tempore
2344 1075 2528 1130 audiet
2561 1093 2576 1130 :
2608 1090 2785 1149 neque
2814 1083 3000 1131 tamen
3031 1073 3290 1140 intelliget
3331 1072 3418 1126 vel
3449 1084 3654 1142 cogno-

2071 1175 2229 1233 scet,
2285 1181 2462 1236 neque
2530 1169 2762 1239 gratiam
2829 1167 2948 1236 ejus
3005 1165 3282 1236 suscipere
3331 1165 3500 1219 volet.
3561 1161 3655 1217 llis

2073 1267 2255 1312 autem
2312 1267 2502 1328 aperte
2559 1274 2718 1315 suum
2772 1259 2838 1314 ad
2896 1259 3147 1314 homines
3180 1258 3473 1313 adventum
3509 1255 3655 1310 indi-

2069 1350 2253 1405 cabat.

2147 1441 2314 1496 Vens.
2355 1442 2442 1498 l0.
2510 1443 2931 1516 «Aggravatum
2989 1452 3073 1500 est
3131 1443 3277 1498 enim
3324 1457 3420 1498 cor
3470 1440 3652 1512 populi

2074 1531 2255 1600 huius,
2301 1547 2358 1590 et
2389 1535 2616 1591 auribus
2667 1536 2911 1606 graviter
2962 1535 3295 1599 audierunt,
3355 1543 3414 1590 et
3463 1533 3654 1589 oculos

2074 1639 2202 1680 suos
2229 1625 2578 1693 clauserunt,
2635 1643 2703 1682 ne
2759 1627 2901 1684 forte
2955 1626 3174 1682 videant
3222 1625 3415 1681 oculis.
3448 1643 3468 1676 ι
3518 1623 3653 1678 Nam

2077 1714 2328 1772 Salvator
2376 1718 2600 1787 quidem
2632 1711 2841 1786 noster,
2886 1719 3068 1773 lumen
3099 1733 3220 1772 cum
3266 1718 3358 1783 sit,
3412 1717 3655 1771 omnium

2077 1807 2289 1862 animas
2317 1808 2682 1876 illuminavit,
2733 1810 2808 1865 ita
2849 1819 2909 1863 ut
2947 1817 3002 1865 et
3027 1809 3191 1866 caecis
3218 1808 3395 1861 visum
3427 1807 3658 1877 largire-

2079 1905 2209 1962 tur;
2270 1896 2342 1950 illi
2375 1911 2506 1952 vero
2533 1898 2722 1955 oculos
2762 1899 3110 1964 claudebant,
3146 1907 3208 1953 ut
3237 1913 3344 1954 non
3375 1897 3655 1963 viderent;

2076 1997 2239 2057 atque
2278 1988 2359 2044 sic
2403 1988 2650 2046 videntes
2703 2006 2811 2046 non
2868 1990 3146 2046 videbant.
3184 1989 3318 2045 Cum
3358 1989 3502 2043 enim
3535 1983 3658 2058 quis

2076 2080 2351 2149 intuitus,
2400 2092 2456 2138 et
2506 2097 2566 2138 re
2615 2092 2910 2156 conspecta
2958 2084 3283 2154 .diligenter,
3335 2097 3448 2137 rem
3481 2082 3656 2137 visam

2076 2174 2310 2244 despicit
2355 2185 2410 2230 et
2449 2178 2780 2240 contemnit,
2839 2192 2903 2233 ac
2939 2176 3144 2233 claudit
3193 2175 3404 2241 oculos,
3437 2189 3498 2230 se
3547 2191 3656 2230 non

2076 2264 2265 2319 videre
2298 2264 2599 2333 simulans;
2635 2276 2762 2322 tunc
2794 2267 3118 2337 respiciens,
3167 2281 3278 2322 non
3308 2266 3463 2320 vidit.
3502 2264 3656 2333 Quod

2077 2358 2245 2428 igitur
2279 2358 2550 2424 viderent,
2601 2359 2654 2413 id
2695 2374 2764 2414 ex
2808 2361 2987 2430 gratia
3043 2359 3162 2429 ejus
3201 2361 3296 2432 qui
3347 2360 3656 2424 videbatur,

2078 2450 2210 2519 ipsis
2243 2450 2452 2516 inerat;
2495 2452 2636 2520 quod
2673 2463 2854 2508 autem
2903 2469 3012 2509 non
3073 2454 3345 2520 viderent,
3405 2454 3457 2508 id
3492 2468 3559 2508 ex
3591 2468 3657 2508 eo

2079 2543 2330 2598 veniebat
2359 2545 2503 2614 quod
2523 2545 2715 2600 oculos
2741 2544 3097 2610 clauderent,
3145 2556 3202 2602 et
3234 2561 3296 2602 se
3328 2561 3436 2600 non
3470 2545 3659 2601 videre

2075 2633 2426 2689 simularent.
2463 2633 2541 2689 Ita
2571 2635 2782 2704 pariter
2811 2635 2935 2704 quis
2965 2635 3153 2690 auditu
3189 2635 3362 2702 audit,
3387 2644 3443 2692 et
3476 2647 3657 2692 tamen

2078 2739 2186 2778 non
2231 2725 2423 2791 audit;
2479 2727 2699 2796 quando
2733 2741 2798 2781 ea
2847 2741 2969 2796 qua:
3003 2728 3261 2782 dicuntur
3299 2744 3406 2783 non
3454 2728 3659 2784 intelli-

2076 2817 2199 2886 git,
2235 2826 2331 2872 aut
2359 2833 2483 2874 cum
2511 2819 2674 2875 dictis
2705 2834 2812 2874 non
2847 2819 3224 2890 obtemperat,
3259 2834 3435 2889 eaque
3479 2820 3659 2891 despi-

2076 2908 2174 2965 cit.
2228 2907 2344 2964 Hoc
2374 2923 2541 2978 porro
2571 2911 2864 2982 contingit,
2915 2925 3038 2966 cum
3070 2912 3194 2980 quis
3220 2927 3382 2966 aures
3405 2925 3535 2968 suas
3561 2929 3657 2984 ag-

2077 3011 2288 3071 gravat,
2345 3016 2438 3058 eas
2494 3003 2652 3072 quasi
2713 3004 2976 3058 obturans
3033 3014 3089 3060 et
3141 3004 3336 3060 surdas
3390 3005 3654 3060 eiliciens.

390 3085 514 3140 σθαι
543 3087 669 3156 περὶ
697 3088 788 3142 τὸν
815 3088 926 3142 τῶν
957 3090 1226 3146 Ἰουδαίων
1247 3092 1375 3147 λαὸν
1401 3094 1434 3164 ἡ
1464 3093 1615 3164 φωνὴ
1644 3093 1737 3146 τοῦ
1765 3094 1972 3166 Κυρίου

2080 3088 2206 3144 llaec
2230 3089 2396 3160 igitur
2421 3088 2650 3146 Judaico
2673 3091 2871 3162 populo
2908 3091 3093 3148 futura
3136 3107 3279 3160 esse,
3307 3110 3411 3149 vox
3444 3095 3659 3151 Domini

389 3179 694 3235 ἐθέσπισεν.
741 3181 1074 3253 Ἐπληροῦτο
1103 3183 1160 3236 δὲ
1200 3184 1260 3236 τὸ
1300 3184 1458 3256 ἔργον
1501 3185 1592 3238 ἐπὶ
1623 3184 1722 3256 τῆς
1745 3184 1839 3238 τοῦ
1870 3185 1975 3238 Σω-

2082 3183 2427 3239 vaticinatur.
2461 3183 2742 3253 lmpletum
2777 3196 2958 3239 autem
3003 3184 3133 3240 illud
3175 3185 3279 3241 fuit
3327 3187 3380 3240 in
3420 3189 3659 3243 adventu

386 3272 554 3344 τῆρος
585 3273 742 3344 ἡμῶν
777 3274 1090 3346 ἐπιδημίας,
1133 3276 1253 3330 καθ’
1281 3277 1369 3349 ἢν,
1407 3278 1651 3350 παρόντα
1689 3278 1851 3330 αὑτὸν
1879 3279 1975 3347 ὀφ-

384 3363 616 3435 θαλμοῖς
637 3365 890 3437 ὁρῶντες,
917 3367 1018 3420 οὑκ
1039 3367 1286 3431 ἔϐλεπον,
1318 3368 1414 3422 καὶ
1435 3368 1759 3424 διδάσκοντα
1789 3369 1858 3423 τὰ
1883 3387 1976 3441 μυ-

383 3457 591 3528 στήρια
617 3458 716 3529 τῆς
745 3457 1016 3528 βασιλείας
1043 3461 1104 3513 οὑ
1135 3462 1395 3533 συνῆκαν.

467 3567 486 3599 ‹
518 3549 626 3602 Kal
675 3545 826 3604 εἶπα·
878 3550 1024 3615 Ἕως
1050 3552 1204 3617 πότε,
1238 3553 1446 3625 Κύριε;
1487 3554 1598 3607 Kal
1623 3549 1793 3610 εἶπεν·
1831 3556 1976 3620 Ἕως

391 3640 460 3696 ἂν
483 3642 810 3714 ἐρημωθῶσι
829 3643 1031 3712 πόλεις,
1058 3664 1075 3697 ι
1114 3647 1209 3700 καὶ
1234 3645 1303 3700 τὰ
1327 3645 1475 3718 ἑξῆς.
1508 3649 1620 3702 Kal
1646 3646 1809 3720 μέχρι
1833 3647 1976 3712 τίνος

389 3733 696 3807 παρατείνῃ
722 3735 783 3788 τὸ
809 3735 1182 3808 ἀρρὡτημας
1220 3737 1330 3790 Kal
1358 3739 1536 3810 ἐρωτᾷ
1554 3737 1746 3808 λέγων·
1781 3757 1800 3790 ι
1831 3739 1976 3802 Ἕως

393 3826 546 3890 πότε,
567 3826 771 3899 Κύριε;
797 3847 814 3879 ι
834 3829 886 3882 τί
919 3829 1026 3902 γὰρ
1042 3829 1196 3883 ἔσται
1223 3830 1375 3895 τέλος
1398 3832 1501 3903 τῆς
1526 3831 1784 3903 τοιαύτης
1801 3831 1976 3885 αὑτῶν

393 3917 655 3988 ἀϐλεψίας
685 3919 796 3989 (15)
819 3936 833 3984 ;
873 3920 1133 3992 Σημαίνει
1159 3918 1252 3976 οὖν
1271 3922 1359 3977 διὰ
1385 3923 1590 3977 τούτων
1616 3923 1714 3995 τὴν
1729 3923 1980 3978 ἐπελθοῦ-

395 4026 493 4062 σαν
510 4008 732 4080 πρώτην
760 4009 864 4063 ὑπὸ
901 4009 1184 4082 Ῥωμαίων
1207 4013 1284 4084 τῷ
1299 4013 1449 4084 τόπῳ
1475 4013 1810 4086 πολιορκίαν,
1840 4012 1978 4084 μετά

392 4105 465 4158 τὰ
486 4103 630 4159 κατὰ
650 4105 744 4158 τοὺ
767 4105 1018 4178 Σωτῆρος
1046 4106 1230 4170 αὑτοῖς
1249 4107 1611 4179 τολμηθέντα,
1639 4107 1761 4161 καθ’
1781 4109 1846 4180 ἢν
1868 4107 1977 4161 τῶν

407 4197 673 4251 Ἰουδαίων
697 4196 942 4250 πλεῖσται
969 4197 1152 4261 πόλεις
1175 4198 1267 4251 ἐπὶ
1295 4198 1694 4270 αὐτοκράτορος
1723 4200 1974 4252 Οὐεσπα-

397 4289 580 4342 σιανοῦ
623 4288 910 4363 δῃωθεῖσαι
938 4290 1164 4360 ἀφανεῖς
1190 4289 1469 4355 παντελῶς
1495 4291 1854 4363 κατέστησαν·
1901 4291 1977 4356 ὼς

398 4382 530 4454 μηδέ
561 4384 781 4454 μνήμην
805 4381 983 4436 αὑτῶν
1015 4382 1152 4455 μηδέ
1175 4383 1344 4454 ὄνομα
1369 4382 1795 4456 περιλείπεσθαι.
1821 4381 1978 4437 Οὕτω

2077 3275 2381 3330 Salvatoris
2407 3274 2608 3340 nostri,
2636 3291 2767 3345 quo,
2804 3277 2932 3330 dum
2955 3287 3278 3346 praesentem
3306 3277 3454 3332 illum
3484 3279 3660 3334 oculis

2075 3375 2386 3432 cernerent,
2435 3383 2544 3423 non
2596 3367 2886 3434 videbant,
2943 3377 2998 3424 et
3058 3369 3350 3425 docentem
3399 3373 3659 3442 mysteria

2078 3461 2252 3529 regni,
2282 3473 2386 3515 non
2415 3459 2809 3531 intelligebant.

2149 3554 2316 3610 Vens.
2373 3555 2465 3609 ll.
2530 3553 2646 3609 «Et
2705 3554 2838 3619 dixi,
2897 3553 3213 3626 Usquequo,
3271 3556 3534 3612 Domine?
3591 3558 3661 3616 Et

2076 3643 2236 3710 dixit,
2266 3643 2448 3700 Donec
2490 3641 2808 3698 desolentur
2839 3643 3116 3708 civitates,
3147 3662 3166 3695 ›
3198 3655 3308 3700 etc.
3343 3645 3409 3698 Et
3460 3661 3661 3715 usque-

2077 3754 2183 3808 quo
2213 3737 2428 3791 durabit
2453 3734 2786 3790 inﬁrmitas?
2812 3733 3121 3806 lnterrogat
3145 3736 3354 3802 dicens,
3391 3755 3410 3788 ι
3439 3735 3628 3808 Usque

2079 3843 2211 3898 quo.
2241 3828 2514 3884 Domine?
2547 3846 2566 3878 ι
2599 3827 2722 3896 quis
2756 3827 2899 3882 enim
2920 3826 3043 3881 linis
3069 3829 3174 3881 erit
3207 3826 3515 3897 liujusmodi
3541 3831 3660 3884 illo-

2081 3936 2198 3973 rum
2241 3920 2547 3975 csecitatis?
2592 3918 2691 3975 His
2741 3919 2888 3972 enim
2952 3917 3224 3986 signiﬁcat
3278 3922 3511 3990 primam
3558 3923 3660 3978 sub

2079 4011 2340 4066 Romanis
2375 4010 2616 4066 futuram
2666 4009 2769 4065 loci
2821 4010 3186 4079 obsidionem,
3232 4021 3357 4082 post
3397 4012 3542 4068 edita
3591 4016 3660 4068 ab

2079 4102 2213 4174 ipsis
2245 4113 2433 4158 contra
2465 4102 2807 4180 Salvatorem
2841 4102 3090 4158 facinora
3121 4123 3136 4159 :
3163 4119 3271 4174 qua
3321 4104 3505 4160 multa:
3555 4105 3657 4161 Ju-

2079 4195 2319 4250 daaorum
2344 4195 2596 4251 civitates
2625 4197 2727 4252 sub
2760 4194 3097 4265 Vespasiano
3122 4197 3456 4266 imperatore
3480 4205 3661 4251 vasta-

2083 4299 2170 4353 ιω,
2201 4288 2316 4344 solo
2360 4289 2583 4359 penitus
2621 4298 2852 4358 arquatae
2884 4297 3046 4355 sunt,
3103 4289 3175 4343 ita
3220 4297 3279 4343 ut
3324 4304 3512 4344 earum
3560 4303 3661 4342 nec

2082 4381 2344 4436 memoria
2397 4395 2500 4437 nec
2547 4395 2746 4437 nomen
2811 4379 3229 4450 relinqueretur.
3287 4379 3420 4435 Cum
3476 4390 3658 4435 autem

396 4488 513 4538 πως
547 4473 780 4545 ἐρημίαν
809 4474 1045 4545 παντελῆ
1106 4475 1567 4546 προαγορεύοντος
1628 4473 1720 4528 τοῦ
1777 4474 1937 4543 λόγου
1960 4511 1975 4539 ,

2082 4473 2452 4528 omnimodam
2498 4471 2894 4528 desolationem
2933 4487 3115 4528 sermo
3147 4472 3441 4543 signiticet,
3478 4474 3658 4526 conti‘

396 4565 700 4638 ἐπληροῦτο
722 4567 778 4620 δὲ
803 4567 895 4620 καὶ
919 4565 1056 4638 αὕτη
1085 4567 1226 4620 κατά
1256 4569 1382 4630 τοὺς
1422 4567 1700 4640 Ἀδριανοῦ
1735 4567 1976 4639 χρόνους,

398 4660 516 4713 καθ’
544 4659 636 4723 οὓς
663 4659 922 4730 δευτέραν
952 4659 1346 4731 ὑπομείναντες
1383 4658 1622 4712 Ἰουδαῖοι
1643 4656 1976 4729 πολιορκίαν,

396 4753 478 4815 είς
507 4751 664 4804 τοῦτο
692 4751 753 4804 τὸ
797 4749 966 4805 κακὸν
993 4742 1378 4823 πέριέστησαν,
1420 4751 1496 4814 ὡς
1535 4750 1719 4822 νόμοις
1749 4749 1843 4803 καὶ
1867 4749 1983 4802 δια-

395 4845 668 4917 τάγμασιν
697 4845 1178 4917 αὑτοκρατορικοῖς
1209 4844 1341 4915 μηδὲ
1372 4843 1432 4908 ἐξ
1458 4843 1702 4898 ἀπόπτου
1730 4841 1828 4913 τὴν
1856 4843 1982 4913 ἐρη-

399 4933 528 5001 μίαν
553 4931 651 5002 τῆς
677 4930 886 4985 ἑαυτῶν
910 4931 1290 5006 μητροπόλεως
1321 4932 1543 5004 θεωρεῖν
1564 4931 1974 5004 ἐπιτρέπεσθαι.

473 5045 492 5078 ‹
540 5028 649 5080 Kal
680 5026 816 5098 μετά
846 5027 1018 5083 ταῦτα
1070 5031 1337 5100 μακρυνεῖ
1363 5030 1390 5081 ὁ
1423 5027 1555 5092 Θεὸς
1585 5029 1714 5091 τοὺς
1762 5025 1974 5098 ἀνθρώ-

401 5137 556 5184 πους,
588 5119 682 5171 καὶ
706 5120 754 5173 οἰ
785 5119 1232 5190 καταλειφθέντες
1258 5119 1722 5191 πληθυνθήσονται
1753 5120 1846 5172 ἐπὶ
1875 5123 1974 5194 τῆς

393 5212 519 5283 γῆς.
554 5212 666 5265 Kal
698 5211 772 5265 ἔτ’
805 5213 890 5265 ἐπ’
930 5213 1098 5284 αὑτῆς
1147 5215 1260 5266 ἐστι
1294 5214 1356 5266 τὸ
1393 5212 1730 5267 ἐπιδέκατον.
1776 5233 1793 5265 ι
1829 5213 1975 5283 Σύμ-

400 5321 572 5375 μαχος
609 5303 868 5370 ἐξέδωκε·
911 5325 930 5356 ι
976 5306 1209 5376 Maxin
1240 5307 1458 5377 ποιήσει
1493 5305 1695 5376 Κύριος
1723 5305 1849 5369 τοὺς
1881 5305 1974 5358 ἀν-

397 5394 670 5466 θρώπους.
727 5414 746 5446 ι
784 5397 1044 5467 Σημαίνει
1083 5395 1193 5468 γὰρ
1228 5395 1256 5446 ὁ
1288 5394 1442 5464 λόγος
1486 5394 1572 5447 διὰ
1613 5394 1713 5465 τῆς
1763 5393 1975 5446 τοιᾶσδε

395 5489 512 5550 τοῦ,
537 5508 554 5540 ο
579 5491 864 5560 μακρυνεῖ,
893 5510 910 5540 ›
933 5489 1246 5560 ἑρμηνείας,
1262 5489 1430 5559 ῆγουν
1443 5485 1558 5551 τοῦ,
1581 5504 1599 5537 ί
1623 5483 1842 5557 μακράν
1856 5502 1977 5539 ποι-

397 5579 544 5650 ήσει,
580 5600 597 5631 ι
623 5579 689 5652 ἢν
733 5579 874 5634 κατά
901 5580 990 5632 τὸν
1029 5581 1188 5634 αὑτὸν
1223 5580 1416 5650 χρόνον
1454 5577 1753 5648 ὑπέμειναν
1774 5580 1977 5648 αἰχμα-

2081 4566 2160 4635 git
2186 4575 2241 4618 et
2266 4564 2354 4618 illa
2385 4561 2610 4618 Adriani
2672 4571 2940 4636 tempore,
2977 4579 3102 4619 cum
3135 4561 3331 4630 Judaei,
3365 4567 3658 4622 secumlam

2080 4657 2221 4727 passi
2271 4655 2630 4720 obsidionem,
2694 4656 2749 4711 in
2798 4665 3008 4711 tantum
3049 4655 3380 4712 calamitatis
3426 4654 3661 4710 devene-

2080 4758 2227 4815 runt,
2253 4759 2310 4802 ut
2341 4747 2552 4818 legibus
2593 4759 2648 4802 et
2683 4746 2856 4817 jussis
2895 4748 3300 4816 imperatoriis,
3334 4760 3401 4800 ne
3436 4747 3661 4818 quidem

2081 4840 2269 4911 procul
2304 4838 2623 4910 metropolis
2665 4854 2778 4895 suae
2815 4839 3130 4894 vastitatem
3162 4839 3480 4908 conspicere
3529 4855 3657 4910 per-

2087 4931 2456 5012 mitterentur.

2159 5023 2322 5079 Vens.
2366 5025 2452 5078 12.
2500 5043 2520 5077 ι
2554 5024 2618 5078 Ει
2665 5031 2850 5092 postea
2897 5021 3178 5093 elongabit
3209 5022 3356 5083 Deus
3387 5025 3655 5091 homines,

2084 5125 2139 5170 et
2172 5118 2266 5185 qui
2308 5116 2481 5171 relicti
2527 5115 2732 5170 l‘uerint
2777 5113 3288 5183 multiplicabuntur
3341 5130 3504 5185 super
3551 5125 3661 5172 fcr-

2087 5223 2222 5262 ram.
2257 5209 2322 5263 Et
2350 5210 2529 5264 adhuc
2561 5224 2725 5278 super
2755 5225 2876 5264 eam
2908 5219 2992 5264 est
3024 5210 3333 5264 deciinatio.
3359 5229 3378 5262 ι
3413 5210 3664 5281 Symma-

2083 5301 2220 5357 chus
2261 5303 2465 5367 edidit,
2526 5319 2545 5354 ι
2575 5301 2762 5373 Longe
2811 5302 2977 5357 faciet
3021 5303 3282 5357 Dominus
3336 5302 3606 5360 homines.
3638 5325 3658 5359 ο

2086 5393 2199 5450 llac
2248 5394 2737 5464 interpretatione,
2801 5414 2819 5446 ς
2851 5394 3166 5466 elongabit,
3203 5415 3221 5448 ι
3287 5394 3402 5450 sive
3462 5414 3481 5448 ι
3510 5395 3668 5466 longe

2084 5485 2267 5550 faciet,
2301 5506 2319 5540 ι
2351 5487 2550 5542 indicat
2583 5488 2862 5559 Scriptura
2899 5488 3273 5559 captivitatem
3304 5487 3473 5554 illam,
3502 5504 3666 5556 quam

2087 5593 2152 5633 eo
2183 5578 2298 5647 ipso
2328 5587 2570 5652 tempore
2600 5581 2884 5638 multitudo
2927 5579 3166 5637 Judaiczr
3191 5581 3369 5650 gentis
3408 5593 3665 5651 perpessa

471 5761 585 5834 (15)
632 5760 756 5817 llarc
790 5761 916 5816 item
961 5764 1012 5816 in
1055 5759 1368 5830 Hieronymi
1409 5759 1834 5826 Commentario,
1884 5758 1975 5815 scd
2016 5755 2282 5828 pluribus.
