4062 6396
550 385 645 438 151

1223 376 1493 433 EUSEBll
1532 369 2020 432 CESABIENSIS
2057 364 2210 423 OPP.
2251 367 2436 425 PARS
2469 368 2561 424 111.
2602 397 2672 407 -
2708 363 3123 420 EXEGETICA.

3708 361 3812 413 432

549 512 656 564 est,
687 514 900 555 necnon
939 496 1329 567 dispersionem
1363 494 1508 547 illam
1544 508 1674 561 qua,
1704 491 1828 545 dum
1857 485 2107 543 instanti-

2221 485 2421 540 λωσίαν
2468 485 2529 538 τδ
2584 481 2788 554 πλῆθος
2836 480 2931 535 τοῦ
3000 480 3268 534 Ἰουδαίων
3323 479 3524 544 ἔθνους,
3571 479 3664 533 καὶ
3723 475 3813 528 τὸν

550 593 655 648 bus
684 589 1091 645 calamitatibus
1131 602 1191 642 se
1229 587 1596 655 proriperent,
1633 581 1930 652 disgregati
1969 585 2116 632 sunt.

552 702 572 736 ι
609 682 828 738 Residui
884 696 1010 735 vero
1064 679 1570 747 multiplicabuntur
1599 688 1768 742 super
1812 683 2013 725 terram
2049 689 2067 722 ι
2101 687 2116 723 :

547 777 638 830 alii
664 775 873 829 scilicet
905 789 932 826 a
967 772 1176 840 primis.
1200 770 1301 824 'l‘ot
1334 780 1512 823 autem
1545 780 1776 820 numero
1803 765 1904 833 ipsi
1935 771 2116 826 erunt,

547 878 629 929 nt,
675 883 795 920 cum
831 866 1019 936 primis
1045 863 1367 933 comparati,
1400 859 1582 915 multis
1619 859 1864 928 partibus
1899 855 2116 911 illorum

546 958 950 1012 multitudinem
981 964 1260 1026 superent.
1314 971 1318 975 ·

509 1161 518 1215 ;
1141 1130 1369 1188 CAPUT
1414 1130 1518 1186 vn.

611 1227 774 1282 Vens.
818 1226 933 1281 1-5.
979 1245 998 1278 ι
1029 1225 1093 1279 Et
1141 1225 1346 1280 factum
1379 1235 1464 1280 est
1491 1224 1544 1278 in
1572 1221 1760 1278 diebus
1794 1222 1978 1278 Achaz
2021 1219 2116 1274 ﬁlii

539 1317 832 1382 Joatham,
891 1316 986 1370 ﬁlii
1026 1315 1175 1371 Oziae
1205 1316 1348 1385 regis
1394 1313 1531 1369 Jnda
1560 1354 1576 1378 ,
1623 1313 1868 1368 ascendit
1914 1311 2116 1367 Raasin

538 1425 635 1464 rex
667 1411 856 1472 Aram,
900 1417 955 1464 et
1007 1407 1222 1462 Phaeee
1269 1406 1412 1462 ﬁlius
1447 1404 1709 1460 Bomelize
1739 1418 1834 1458 rex
1863 1401 2029 1458 israel
2061 1402 2116 1456 in

536 1500 863 1568 Jerusalem,
925 1499 991 1553 ad
1043 1499 1400 1568 praaliandum
1453 1505 1639 1552 contra
1694 1510 1857 1550 eam:
1897 1503 1951 1548 et
2008 1507 2114 1547 non

537 1600 834 1662 patuerunt
884 1591 1138 1646 obsidere
1180 1606 1323 1646 eam.
1379 1589 1448 1646 Et
1494 1587 1889 1644 nuntiaverunt
1931 1583 2116 1640 domui

2220 574 2612 646 διασκεδασμὺν
2641 575 2701 627 ὃν
2732 572 3189 644 διεσκεδάσθησαν
3222 571 3512 642 φεύγοντες
3552 570 3652 634 τὰς
3683 572 3809 624 ἑπι-

2220 669 2478 740 κειμένας
2507 668 2691 730 αὐτοῖς
2722 666 3025 736 συμφοράς.
3063 684 3080 716 ι
3121 667 3230 719 Kal.
3265 667 3314 718 οἱ
3351 662 3810 732 καταλειφθέντες

2217 763 2275 816 δὲ
2309 759 2774 832 πληθυνθήσονται
2804 759 2896 811 ἐπὶ
2925 757 3027 827 τῆς
3058 757 3161 827 γῆς
3180 774 3193 786 ·
3241 776 3259 808 ι
3296 755 3475 827 ἕτεροι
3502 756 3653 818 ὄντες
3697 754 3808 806 τῶν

2219 855 2522 926 προτέρων.
2557 852 2812 906 Τοσοῦτοι
2857 851 2914 904 δὲ
2942 845 3086 904 οὗτοι
3119 850 3352 910 ἔσονται,
3387 847 3485 914 ὡς,
3522 845 3808 917 παραϐαλ-

2217 946 2478 1018 λομένους
2505 946 2700 1008 αὐτοὺς
2728 946 2842 1006 τοῖς
2873 941 3141 1014 πρώτοις,
3175 939 3636 1012 πολλοστημόριον
3666 935 3811 991 εἶναι

2217 1036 2532 1108 νομίζεσθαι
2559 1035 2651 1089 τοῦ
2679 1034 2902 1088 ἐκείνων
2931 1033 3186 1104 πλήθους.

2751 1126 3147 1179 ΚΕΦΑΛΑΙΟΝ
3192 1127 3266 1196 z'.

2293 1240 2312 1272 ι
2345 1221 2455 1274 Καὶ
2483 1221 2699 1290 ἐγένετο
2719 1236 2774 1272 εν
2798 1221 2915 1281 ταῖς
2942 1217 3176 1289 ἡμέραις
3213 1215 3382 1286 Ἀχὰξ
3406 1216 3498 1271 τοῦ
3539 1217 3806 1292 Ἰωάθαμ,

2215 1313 2310 1368 τοῦ
2331 1313 2448 1367 υἱοῦ
2485 1314 2657 1378 Ὀζίου
2686 1311 2950 1382 βασιλέως
2987 1308 3175 1374 Ἰούδα,
3213 1309 3378 1381 ἀνέϐη
3419 1310 3675 1363 Ῥαασσὶν
3705 1309 3811 1380 βαρ-

2220 1408 2400 1471 σιλεὺς
2451 1406 2649 1477 Ἀρὰμ,
2681 1405 2777 1459 καὶ
2823 1402 2999 1458 Φακέε
3044 1403 3157 1466 υίὸς
3217 1401 3510 1473 Ῥωμελίου
3547 1402 3809 1472 βασιλεὺς

2229 1498 2443 1570 Ἰσραὴλ
2473 1497 2564 1550 ἐπὶ
2602 1495 2978 1568 Ἰερουσαλὴμ,
3007 1493 3313 1565 πολεμῆσαι
3343 1493 3514 1564 αὑτήν
3534 1510 3548 1524 ο
3579 1494 3672 1548 καὶ
3699 1495 3810 1549 οὐκ

2212 1590 2554 1661 ἠδυνήθησαν
2598 1588 2956 1660 πολιορκῆσαι
2996 1587 3186 1656 αὑτήν.
3239 1586 3348 1639 Ka‘t
3399 1586 3677 1656 ἀνηγγέλη
3717 1587 3806 1650 εἰς

538 1683 709 1738 David
741 1684 985 1739 dicentes
1012 1701 1028 1737 :
1055 1683 1537 1738 ConsensitAram
1573 1694 1697 1734 cum
1739 1678 2017 1748 Ephraim,
2063 1686 2107 1730 et

2214 1683 2306 1736 τὸν
2333 1678 2479 1736 οἷκον
2508 1681 2691 1744 Δαυῒδ,
2725 1680 2973 1748 λέγοντες
2991 1695 3004 1709 ’
3038 1677 3426 1750 Συνεφώνησεν
3454 1678 3628 1748 Ἀρὰμ
3663 1679 3808 1749 πρὸς

536 1777 840 1845 stupefacta
889 1784 974 1829 est
1023 1775 1206 1830 anima
1251 1775 1392 1845 ejus,
1441 1782 1498 1828 et
1546 1772 1724 1825 anima
1763 1769 1944 1841 populi
1974 1769 2113 1838 ejus,

2215 1774 2305 1827 τὸν
2350 1774 2617 1844 Ἐφραῖμ’
2655 1772 2748 1826 καὶ
2772 1769 2962 1840 ἐξέστη
2991 1773 3024 1841 ἡ
3062 1770 3206 1841 ψυχὴ
3240 1769 3427 1830 αὑτοῦ.
3463 1769 3555 1822 καὶ
3587 1772 3619 1838 ἠ
3650 1767 3805 1839 ψυχὴ

536 1871 680 1925 sicut
713 1869 910 1939 lignum
954 1871 1009 1924 in
1060 1869 1193 1924 silva
1242 1882 1274 1921 a
1321 1874 1487 1920 vento
1536 1871 1804 1918 movetur.
1867 1861 1932 1915 Et
1979 1860 2107 1914 dixit

2214 1864 2307 1918 τοῦ
2339 1863 2469 1918 λαοῦ
2501 1862 2686 1924 αὑτοῦ,
2713 1862 2772 1914 ὃν
2797 1861 2996 1932 τρόπον
3021 1862 3079 1912 ἐν
3101 1859 3290 1931 δρυμῷ
3321 1858 3473 1923 ξύλον
3501 1858 3604 1911 ὑπὸ
3634 1858 3806 1911 πνεύ-

538 1959 799 2016 Dominus
827 1962 894 2016 ad
945 1960 1161 2023 Isaiam,
1192 1958 1467 2028 Egredere
1488 1956 1543 2010 in
1582 1967 1871 2010 occursum
1906 1950 2112 2018 Achaz,

537 2064 597 2110 tu
644 2065 700 2110 et
744 2055 836 2126 qui
896 2053 1188 2108 derelictus
1238 2058 1322 2106 est
1359 2048 1526 2104 Jasub
1568 2047 1709 2101 lilius
1755 2054 1898 2098 tuus.
1930 2063 1950 2096 ι
2008 2042 2114 2097 Par

537 2144 736 2214 quippe
771 2152 889 2200 erat
917 2153 977 2197 ut
1018 2142 1294 2214 prophetae
1335 2139 1514 2204 ﬁlius,
1566 2137 1658 2206 qui
1706 2150 1811 2190 non
1847 2149 1950 2188 una
1988 2149 2111 2187 eum

538 2235 737 2308 populo
768 2244 1083 2305 corruptus,
1112 2236 1205 2289 sed
1248 2241 1489 2302 paternae
1515 2229 1778 2284 doctrina;
1809 2237 1966 2282 tenax
1999 2225 2112 2279 fue-

537 2339 645 2392 rat,
681 2327 809 2382 hinc
841 2341 1078 2396 praesens
1105 2325 1483 2381 institueretur
1505 2336 1533 2376 a
1557 2330 1730 2390 patre,
1762 2335 1885 2376 cum
1915 2317 2109 2374 ﬁducia

535 2417 848 2480 accedente.
877 2431 939 2472 ac
958 2416 1109 2486 jussa
1127 2423 1477 2484 exsequente.

613 2599 775 2654 Vsus.
816 2599 870 2654 ι.
916 2599 1024 2654 «Et
1055 2599 1201 2652 dices
1227 2597 1298 2661 ei,
1337 2595 1482 2650 Cave
1522 2603 1582 2649 ut
1609 2595 1882 2664 quiescas,
1944 2602 1998 2647 et
2045 2606 2110 2646 ne

534 2691 752 2756 timeas,
787 2705 963 2760 neque
990 2690 1294 2743 inﬁrmetnr
1321 2687 1504 2740 anima
1531 2696 1617 2737 tua
1645 2700 1674 2738 a
1711 2685 1920 2738 duobus
1950 2683 2110 2751 lignis

535 2781 817 2836 titionibus
841 2781 1231 2849 fumigantibus
1258 2779 1340 2831 his
1373 2817 1388 2842 ,
1420 2795 1440 2830 ι
1485 2777 1682 2846 quibus
1722 2775 1857 2829 nihil
1891 2775 2109 2830 luminis

535 2871 684 2938 insit,
714 2871 805 2925 sed
833 2870 925 2938 qui
957 2869 1229 2923 exstincto
1273 2866 1452 2920 titioni
1483 2876 1692 2920 tantum
1739 2865 1944 2920 similes
1975 2865 2104 2919 sint.

534 2959 850 3030 Huiusmodi
883 2960 1080 3029 quippe
1110 2967 1235 3014 sunt
1262 2959 1368 3012 duo
1393 2959 1466 3013 illi
1497 2971 1672 3026 reges,
1703 2971 1936 3026 quorum
1962 2963 2106 3009 metu

531 3059 589 3106 et
636 3049 924 3104 formidine
968 3049 1187 3103 teneris.
1233 3047 1458 3103 Etiamsi
1506 3048 1652 3102 enim
1707 3047 1792 3101 vis
1844 3047 1932 3100 illa
1989 3060 2105 3102 mea

2217 1974 2385 2028 ματος
2436 1954 2686 2024 σαλευθῇ.
2740 1955 2848 2006 Kal.
2895 1947 3015 2006 εἷπε
3073 1951 3276 2023 Κύριος
3329 1951 3466 2022 πρὸς
3535 1952 3802 2003 Ἡσαΐανο

2217 2047 2436 2112 Ἔξελθε
2471 2048 2550 2109 είς
2574 2045 2897 2116 συνάντησιν
2933 2043 3118 2113 Ἀχὰζ,
3146 2045 3209 2096 σὺ
3237 2044 3330 2096 καὶ
3359 2043 3388 2094 ὁ
3419 2037 3807 2110 καταλειφθεὶς

2225 2137 2436 2192 Ἰασοὺϐ
2469 2139 2497 2190 ὁ
2537 2137 2651 2200 υἱός
2681 2152 2796 2190 σου.
2838 2156 2855 2186 ι
2898 2135 3043 2186 Ἔδει
3076 2134 3131 2186 δὲ
3163 2134 3258 2186 καὶ
3305 2131 3395 2185 τὸν
3438 2131 3553 2184 υἱὸν
3585 2131 3803 2201 προφή-

2210 2248 2326 2294 του,
2377 2230 2450 2301 μὴ
2491 2227 2955 2298 συνδιαφθαρέντα
2998 2224 3076 2296 τῷ
3115 2224 3328 2295 πλήθει,
3365 2223 3802 2294 ὲναπομείναντα

2211 2321 2267 2374 δὲ
2297 2324 2363 2392 τῇ
2409 2323 2641 2392 πατρικῇ
2675 2316 3016 2386 διδασκαλίᾳ,
3066 2315 3464 2387 μαθητεύεσθαι
3496 2313 3557 2378 ἐξ
3586 2314 3800 2366 ἐκείνου

2209 2414 2288 2484 τῷ
2331 2415 2518 2484 πατρὶ,
2560 2412 2648 2466 διὰ
2674 2411 2766 2464 τοῦ
2813 2413 3060 2482 παρεῖναι
3093 2409 3242 2480 αὐτῷ
3285 2407 3592 2478 θαρσαλέως
3627 2423 3802 2478 προσ-

2214 2507 2343 2559 ιόντι
2369 2507 2463 2560 καὶ
2496 2506 2784 2576 πράττοντι
2812 2503 2880 2556 τὰ
2908 2503 3259 2573 κελευόμενα.

2286 2617 2305 2648 ε
2348 2599 2454 2650 Kal.
2484 2598 2629 2667 ἐρεῖς
2656 2595 2832 2666 αὐτῷ’
2865 2595 3102 2662 Φύλαξαι
3140 2594 3230 2648 τοῦ
3266 2596 3556 2666 ἡσυχάσαι,
3596 2593 3688 2646 καὶ
3718 2592 3799 2663 μὴ

2210 2688 2398 2759 φοϐοῦ,
2440 2688 2573 2759 μηδὲ
2612 2688 2907 2741 ἅσθενείτω
2938 2689 2970 2758 ἡ
2999 2687 3144 2757 ψυχή
3181 2704 3272 2739 σου
3304 2687 3411 2738 άπὸ
3443 2685 3552 2738 τῶν
3584 2685 3675 2738 δύο
3704 2684 3804 2748 ξύ⁹

2207 2781 2315 2836 λων
2341 2781 2448 2834 τῶν
2471 2779 2645 2833 δαλῶν
2666 2780 2773 2833 τῶν
2799 2778 3211 2850 καπνιζομένων
3232 2778 3456 2841 τούτων,
3495 2797 3512 2829 ι
3541 2777 3800 2848 οὐδαμῶς

2212 2872 2309 2942 μὲν
2341 2870 2456 2940 φῶς
2491 2871 2756 2942 ἐχόντων,
2791 2870 2932 2941 δαλῷ
2965 2871 3021 2924 δὲ
3075 2870 3235 2940 μόνον
3268 2869 3584 2940 ἐσϐεσμένῳ
3617 2868 3799 2922 ὲοικό-

2207 2983 2333 3018 των.
2366 2963 2610 3018 Τοιοῦτοι
2638 2964 2746 3036 γάρ
2788 2964 2931 3028 τινές
2961 2965 3099 3017 εἰσιν
3127 2965 3175 3016 οἱ
3205 2963 3298 3016 δύο
3342 2963 3600 3033 βασιλεῖς,
3627 2955 3699 3014 ὧν
3737 2961 3799 3012 ἐν

2209 3057 2359 3128 φόϐῳ
2388 3059 2482 3111 καὶ
2513 3056 2682 3126 ἀγῶνι
2712 3056 3073 3127 καθέστηκας.
3107 3055 3168 3108 Ei
3198 3053 3307 3126 γὰρ
3335 3055 3431 3108 καί
3458 3055 3525 3108 τὰ
3560 3053 3800 3123 μάλιστα

534 3143 950 3214 castigationem
1007 3142 1352 3207 immittens,
1431 3157 1594 3211 quam
1649 3141 1783 3194 iram
1835 3139 2106 3210 appellare

2210 3149 2242 3218 ἠ
2277 3147 2592 3220 παιδευτική
2619 3164 2720 3218 μου
2748 3145 2995 3216 δύναμις,
3027 3147 3093 3218 ἣν
3124 3146 3291 3216 ὀργὴν
3317 3145 3608 3198 ἀποκαλεῖν
3634 3144 3798 3198 εἴωθε

531 3235 711 3290 solent
749 3235 927 3289 divina
956 3234 1201 3298 oracula,
1256 3248 1350 3288 vos
1378 3233 1608 3288 antehac
1653 3231 1850 3301 saepius
1891 3233 2104 3285 invase~

533 3329 626 3392 rit,
681 3327 747 3381 ad
804 3324 1232 3381 confutationem
1281 3339 1493 3389 eorum,
1537 3324 1628 3396 qui
1673 3339 1837 3393 penes
1891 3337 1987 3376 vos
2032 3322 2106 3376 dii

530 3418 914 3474 vocabantur:
947 3417 1142 3487 quibus
1174 3431 1273 3473 vos
1317 3417 1537 3486 quidem
1585 3414 1855 3478 ﬁdebatis,
1899 3424 1956 3468 at
1985 3413 2106 3468 illos

531 3511 666 3566 nihil
695 3524 815 3566 esse
835 3510 1246 3578 comprobatum
1275 3516 1379 3573 est,
1423 3523 1548 3563 cum
1573 3521 1668 3561 vos
1701 3506 1904 3561 inimici
1938 3505 2105 3559 vestri

531 3602 777 3658 subditos
817 3616 881 3656 ac
913 3601 1190 3656 dedititios
1222 3608 1517 3668 caperent;
1568 3608 1802 3651 attamen
1853 3596 2104 3664 quoniam

530 3694 612 3749 ira
646 3709 760 3749 mea
813 3693 995 3763 iniqua
1036 3709 1142 3748 non
1179 3701 1300 3756 est,
1344 3700 1532 3758 utpote
1578 3691 1751 3744 bonus
1798 3689 1960 3756 Deus,
2013 3687 2106 3757 qui

531 3801 628 3842 vos
661 3794 818 3840 antea
867 3785 932 3839 ad
982 3785 1276 3838 utilitatem
1325 3793 1570 3837 vestram
1627 3781 1905 3851 corripui;
1964 3795 2109 3835 nunc

530 3878 727 3934 iterum
762 3877 1131 3930 inﬁrmitatem
1191 3885 1431 3928 vestram
1489 3883 1656 3928 totam
1708 3874 1934 3935 curabo,
1983 3873 2107 3938 si,a

529 3969 760 4041 pristino
785 3982 973 4023 errore
1005 3977 1188 4022 vestro
1213 3965 1597 4035 resipiscentes
1618 4003 1633 4028 ,
1679 3965 1765 4035 pie
1794 3979 1954 4034 agere
1983 3978 2110 4019 vere

529 4061 810 4117 ediscatis.

604 4152 768 4207 Vens.
809 4149 864 4214 8,
889 4151 942 4206 9.
967 4167 986 4201 ι
1009 4148 1116 4204 Sed
1148 4149 1326 4203 adhuc
1350 4147 1633 4218 sexaginta
1657 4147 1896 4217 quinque
1927 4147 2106 4210 annis,

529 4245 747 4300 deﬁciet
789 4256 1016 4312 regnum
1068 4241 1324 4309 Ephraim
1358 4256 1386 4294 a
1421 4240 1638 4310 populo.
1670 4257 1689 4292 ι
1754 4238 1866 4294 Hoc
1903 4239 2033 4293 item
2077 4255 2107 4293 a

530 4335 791 4408 propheta
817 4334 1000 4389 Acha:
1031 4333 1248 4398 ediscit,
1302 4347 1408 4386 non
1459 4332 1549 4386 diu
1607 4339 1797 4402 postea
1847 4330 2110 4386 Samaria:

529 4439 754 4497 regnum
783 4423 1097 4480 solvendum
1141 4437 1298 4489 esse,
1331 4421 1548 4478 subdito
1574 4421 1772 4490 populo
1814 4435 1922 4475 una
1979 4435 2104 4475 cum

2207 3236 2279 3290 τὰ
2325 3238 2498 3306 λὸγια,
2547 3237 2810 3308 μετῆλθεν
2863 3238 3006 3307 ὑμᾶς
3039 3236 3098 3289 τὸ
3134 3237 3417 3306 πρότερον,
3452 3236 3533 3298 είς
3572 3233 3800 3304 ἔλεγχον

2205 3329 2313 3382 τῶν
2338 3327 2751 3400 ὀνομαζομένων
2779 3327 2931 3398 ὑμῶν
2961 3326 3119 3389 θεων,
3143 3321 3224 3390 οἷς
3257 3325 3536 3395 ἐθαρσεῖτε
3568 3325 3666 3394 μὲν
3695 3324 3799 3379 αὖ·

2205 3422 2309 3483 τοὶ,
2338 3421 2385 3474 οἳ
2413 3420 2468 3474 δὲ
2499 3420 2560 3472 τὸ
2591 3420 2756 3491 μηδὲν
2785 3421 2936 3482 ὄντες
2967 3417 3369 3488 ἀπηλέγχοντο,
3404 3411 3639 3486 ὁπηνίκα
3668 3416 3798 3469 ὑπο-

2206 3511 2441 3582 χειρίους
2466 3512 2610 3580 ὑμᾶς
2641 3505 2780 3564 εἷλον
2808 3511 2857 3562 οἱ
2890 3508 3156 3579 πολέμιοι·
3189 3509 3356 3578 ὅμως,
3389 3505 3512 3559 ἐπεὶ
3544 3507 3616 3576 μή
3645 3507 3794 3558 ἐστιν

2207 3605 2242 3674 ἡ
2273 3603 2380 3674 ἐμὴ
2409 3602 2546 3673 ὀργὴ
2573 3602 2907 3672 παράνομος,
2934 3601 3007 3664 ὡς
3037 3600 3238 3668 ἀγαθὸς
3261 3598 3391 3661 Θεὸς
3418 3597 3577 3662 αὐτὸς
3610 3597 3704 3649 καὶ
3731 3598 3794 3649 τὸ

2209 3690 2422 3762 πρῶτον
2476 3693 2620 3762 ὑμᾶς
2663 3691 2755 3742 ὲπί
2789 3689 2866 3760 τῷ
2910 3691 3242 3761 συμφέροντι
3285 3689 3519 3752 παίσας’
3558 3687 3655 3740 καὶ
3693 3687 3792 3740 νῦν

2208 3779 2362 3847 αὖθις
2413 3785 2520 3837 πᾶν
2553 3783 2614 3836 τὸ
2641 3783 2854 3853 νόσημα
2880 3781 3032 3852 ὑμῶν
3080 3783 3318 3852 ἰάσομαι,
3365 3781 3495 3843 ἐὰν,
3527 3782 3790 3850 ἐπιστρα-

2209 3875 2398 3944 φέντες
2431 3876 2529 3946 τῆς
2565 3874 2834 3946 προτέρας
2866 3873 3094 3945 πλάνης,
3131 3873 3350 3944 μάθοιτε
3381 3872 3624 3926 εὐσεϐεῖν
3657 3871 3790 3942 ἀλη-

2209 3967 2336 4029 θῶς.

2285 4169 2304 4202 ι
2357 4149 2493 4204 Ἀλλ’
2528 4150 2609 4204 ἔτι
2656 4149 2920 4220 ἑξήκοντα
2959 4147 3119 4201 πέντε
3162 4146 3297 4200 ἑτῶν
3342 4145 3581 4215 ἐκλείψει
3617 4149 3651 4218 ἡ
3694 4146 3790 4216 βα-

2211 4242 2382 4296 σιλεία
2425 4240 2665 4312 Ἐφραῒμ
2704 4241 2814 4293 άπὸ
2863 4239 3012 4293 λαοῦ.
3076 4259 3093 4288 ι
3145 4238 3422 4293 Μανθάνει
3469 4237 3648 4290 τοίνυν
3695 4239 3788 4291 καὶ

2207 4336 2364 4389 τοῦτο
2394 4333 2542 4407 παρὰ
2575 4333 2668 4387 τοῦ
2701 4334 2978 4404 προφήτου
3008 4335 3036 4386 ὁ
3079 4331 3244 4402 ’Ᾱχάζ
3262 4349 3274 4361 ·
3312 4332 3387 4395 ὡς
3420 4332 3541 4384 ὅσον
3571 4330 3725 4384 οὔπω
3755 4333 3786 4401 ἡ

2208 4427 2309 4498 τῆς
2335 4423 2645 4496 Σαμαρείας
2675 4423 2919 4494 βασιλεία
2955 4423 3414 4490 καταλυθήσεται,
3441 4422 3534 4476 τοῦ
3565 4424 3623 4476 ὲν
3647 4423 3782 4493 αὐτῇ

530 4517 747 4587 regibus
772 4515 825 4571 in
855 4515 1228 4586 captivitatem
1275 4514 1527 4580 abducto,
1571 4522 1736 4584 atque
1773 4513 1844 4570 ob
1891 4512 2099 4568 nefaria

2211 4518 2626 4591 βασιλευομένου
2672 4515 2802 4570 λαοῦ
2849 4516 3031 4579 αὐτοῖς
3087 4514 3395 4568 ϐασιλεῦσιν
3438 4511 3780 4584 αἰχμαλώτου

528 4620 681 4682 gesta
715 4608 769 4664 in
809 4607 1062 4680 Assyrios
1100 4606 1387 4662 translato.
1439 4606 1598 4674 Quod
1649 4607 1716 4673 si,
1761 4607 1859 4673 ait,
1893 4616 2106 4676 tempus

529 4715 690 4757 nosse
720 4709 995 4770 peroptes,
1021 4700 1160 4754 scito
1202 4699 1362 4754 annis
1396 4699 1592 4755 abhinc
1630 4698 1913 4768 sexaginta
1940 4699 2103 4768 quin-

525 4809 635 4865 que
677 4804 960 4848 venturum
992 4791 1345 4861 Assyriorum
1376 4805 1558 4861 regem
1587 4829 1604 4858 ,
1641 4791 1892 4859 ipsosque
1919 4803 2102 4844 omnes

527 4887 771 4956 captivos
796 4887 1177 4951 abducturum,
1211 4883 1265 4938 in
1297 4898 1558 4952 suamque
1613 4882 1887 4951 regionem
1931 4891 2104 4936 trans-

527 4986 871 5049 portaturum
897 4992 1035 5033 esse.
1076 4976 1379 5046 llaecjussit
1409 4976 1550 5030 Deus
1573 4975 1895 5044 prophetam
1925 4989 2098 5029 enun-

531 5070 690 5131 tiare,
727 5077 837 5121 tum
878 5068 979 5136 ipsi
1019 5070 1238 5132 Achaz,
1283 5078 1394 5122 tum
1449 5065 1665 5120 subdito
1714 5065 1910 5134 populo
1943 5082 1957 5119 :
1992 5081 2098 5134 quo

531 5161 638 5216 illis
666 5170 857 5214 auctor
890 5168 1054 5221 esset,
1103 5169 1160 5213 ut
1197 5159 1264 5212 ad
1287 5174 1345 5212 se
1372 5166 1843 5220 converterentur,
1890 5171 1954 5209 ac
1981 5171 2100 5210 ere-

528 5253 739 5314 derent,
800 5264 977 5318 neque
1022 5250 1184 5303 dictis
1219 5250 1376 5304 ﬁdem
1431 5258 1707 5320 negarent.
1763 5245 1889 5300 Illos
1939 5260 2099 5314 porro

526 5343 806 5410 sexaginta
833 5341 1074 5409 quinque
1115 5354 1306 5403 annos,
1343 5341 1494 5394 aiunt
1522 5339 1870 5394 llcbrzeorum
1902 5337 1992 5391 ﬁlii
2032 5337 2098 5389 ad

526 5450 694 5489 unum
745 5433 990 5502 expletos
1048 5431 1402 5498 deprehendi,
1455 5432 1501 5486 si
1551 5434 1672 5502 quis
1713 5445 1743 5485 a
1792 5446 1895 5484 xxv
1955 5429 2101 5484 Otia:

529 5523 681 5595 regni
708 5539 850 5578 anno
873 5533 1187 5593 computum
1215 5523 1479 5576 ordiatur.

604 5791 768 5852 Vsus.
809 5791 1022 5866 10,“.
1068 5813 1087 5850 t
1117 5794 1184 5852 Et
1236 5793 1434 5866 adjecit
1487 5793 1745 5852 Dominus
1809 5795 1954 5866 loqui
2022 5796 2088 5851 ad

2204 4609 2590 4682 γενησομένου,
2632 4607 2726 4662 καὶ
2783 4609 2863 4671 είς
2902 4608 3219 4680 ’Δσσυρίους
3257 4607 3784 4677 άποικισθησομένου

2201 4703 2290 4756 διὰ
2316 4703 2414 4766 τὰς
2445 4699 2884 4772 ὑπερϐαλλούσας
2913 4700 3092 4753 αὐτῶν
3123 4699 3415 4770 ἀθεμίτους
3449 4700 3696 4771 πράξεις.
3723 4701 3786 4754 El

2201 4794 2257 4847 δὲ
2300 4793 2506 4846 καὶτὸν
2542 4791 2730 4863 χρόνον
2758 4788 2964 4853 ποθεῖς,
3001 4793 3155 4859 φησι,
3191 4789 3404 4859 μαθεῖν,
3431 4789 3687 4856 γίνωσκε,
3709 4789 3787 4852 ὡς

2201 4885 2331 4938 εἴσω
2359 4885 2620 4956 ἑξήκοντα
2652 4885 2745 4938 καὶ
2775 4884 2933 4936 πέντε
2964 4883 3100 4934 ἐτῶν
3119 4924 3133 4942 ,
3163 4882 3358 4944 ἐπιϐὰς
3390 4885 3418 4936 ὁ
3449 4881 3557 4934 τῶν
3604 4882 3785 4934 Ἀσσυ-

2205 4976 2334 5048 ρίων
2371 4975 2642 5045 βασιλεὺς,
2671 4974 2880 5035 πάντας
2917 4974 3114 5037 αὐτοὺς
3138 4973 3366 5044 λήψεται
3396 4975 3489 5025 καὶ
3515 4970 3785 5042 αίχμαλιῖ»

2201 5083 2324 5128 τους
2351 5067 2430 5128 είς
2459 5066 2558 5137 τὴν
2585 5063 2777 5117 ἑαυτοῦ
2814 5065 3078 5133 μετοικιεῖ
3106 5061 3308 5134 χώραν.
3341 5060 3526 5114 Ταῦτα
3553 5059 3631 5129 τῷ
3660 5076 3786 5131 προ-

2201 5160 2348 5230 φήτῃ
2377 5157 2555 5224 λέγειν
2582 5158 2610 5208 ὁ
2636 5155 2767 5220 Θεὸς
2800 5155 3163 5227 προσέταττεν
3192 5154 3338 5224 αὐτῷ
3382 5171 3440 5206 τε
3480 5152 3557 5223 τῷ
3594 5152 3781 5222 Ἀχάξ,

2199 5251 2292 5302 καὶ
2320 5249 2396 5319 τῷ
2425 5249 2514 5300 ὑπ’
2562 5249 2724 5301 αὑτὸν
2753 5249 2900 5318 λαῷο
2939 5247 3241 5318 παρορμῶν
3292 5248 3489 5310 αὐτοὺς
3529 5246 3665 5317 πρὸς
3698 5247 3789 5298 αὖ-

2208 5339 2298 5391 ’ὸν
2333 5339 2696 5408 ἐπιστρέφειν,
2742 5338 3014 5392 πιστεύειν
3043 5355 3100 5390 τε
3135 5338 3226 5390 καὶ
3277 5338 3348 5406 μὴ
3391 5337 3638 5388 άπιστεῖν
3672 5339 3786 5396 τοῖς

2208 5431 2547 5501 είρημένοις’
2592 5431 2660 5483 τά
2703 5447 2766 5498 γε
2821 5429 2924 5499 μὴν
2971 5429 3229 5498 ἐξήκοντα
3279 5429 3439 5480 πέντε
3478 5427 3570 5496 ἕτη
3623 5427 3786 5493 φασὶν

2218 5521 2481 5592 Ἐϐραίων
2545 5522 2728 5584 παῖδες
2778 5522 2857 5584 είς
2915 5521 2976 5572 τὸ
3023 5519 3249 5589 ἀκριϐὲς
3309 5516 3781 5588 συμπληροῦσθαι,

2204 5613 2351 5674 εἴτις
2375 5612 2623 5685 ἀριθμεῖν
2650 5613 3012 5683 ἄρξηταιτοὺς
3037 5611 3258 5681 χρόνους
3283 5611 3389 5663 άπὸ
3413 5609 3505 5662 τοῦ
3531 5609 3784 5679 πέμπτου

2203 5705 2296 5758 καὶ
2323 5704 2566 5757 εἰκοστοῦ
2597 5703 2747 5766 ἔτους
2775 5703 2873 5772 τῆς
2924 5702 3100 5766 Ὁζίου
3133 5701 3428 5770 βασιλείας.

2279 5817 2294 5848 ι
2344 5797 2452 5849 Καὶ
2503 5795 2800 5863 προσέθετο
2844 5794 3045 5860 Κύριος
3092 5793 3321 5861 λαλῆσαι
3374 5794 3508 5859 πρὸς
3574 5787 3779 5859 Ἀχάζ·
