4062 6400
348 315 448 370 1'53

1299 312 1803 372 COMMENTARIA
1839 314 1910 372 IN
1951 314 2210 371 lSAlAM.
2253 348 2316 358 --
2358 315 2511 371 CAP.
2554 315 2674 373 VII.

3522 320 3622 376 154

347 431 573 503 Αἴτησαι
615 428 829 504 σεαυτῷ
857 435 1082 505 σημεῖον
1114 433 1262 506 παρὰ
1296 435 1504 508 Κυρίου
1535 435 1629 491 τοῦ
1661 435 1798 491 Θεοῦ
1836 453 1923 493 σου

2037 436 2222 492 Achaz
2263 436 2470 504 dicens,
2507 437 2639 494 Pete
2666 436 2764 493 tibi
2789 436 3002 507 signum
3039 451 3069 492 a
3102 437 3333 495 Domino
3360 439 3471 496 Deo
3506 447 3622 503 tuo,

346 523 425 587 είς
465 519 647 592 βάθος,
689 521 722 593 ἢ
764 524 845 586 είς
885 522 1036 593 ὕψος.
1076 543 1095 576 ι
1148 524 1294 578 Ἀντὶ
1321 525 1379 580 δὲ
1407 525 1523 594 τοῦ,
1560 546 1578 579 ι
1618 529 1698 592 εἰς
1746 528 1927 598 βάθος,

346 615 374 685 ἢ
437 614 519 678 είς
554 612 707 684 ὕψος,
748 632 769 666 ι
800 615 829 667 6
864 615 962 686 μὲν
997 614 1311 687 Σύμμαχος,
1345 634 1365 668 ι
1406 617 1639 690 Αίτησαι
1697 619 1927 692 σεαυτῷ,

344 707 499 778 φησὶ,
541 708 765 778 σημεῖον
797 705 950 778 παρὰ
979 707 1186 777 Κυρίου
1219 704 1356 760 Θεοῦ
1415 724 1537 762 σου·
1591 707 1819 778 βάθυνον
1848 711 1930 773 είς

343 800 498 872 ᾅδην,
526 800 666 870 ἢέἰς
690 798 826 871 ’ὕψος
851 798 996 854 ἄνω*
1041 818 1061 852 ι
1100 800 1128 852 6
1166 799 1222 853 δὲ
1263 799 1514 866 Ἀκύλας,
1547 820 1566 854 ‹
1614 801 1928 874 Ἐπερώτη-

344 910 437 946 σον
465 891 677 964 σεαυτῷ
708 893 935 965 σημεῖον
961 891 1114 964 παρὰ
1149 893 1356 964 Κυρίου
1385 893 1479 947 τοῦ
1518 893 1652 947 Θεοῦ
1684 912 1797 947 σουο
1837 894 1932 964 βά-

344 983 502 1037 Θυνον
527 984 607 1047 εἰς
643 981 799 1054 ᾅδην,
845 980 1176 1056 μετεώρισον
1212 983 1292 1045 είς
1321 981 1487 1053 ὕψος·
1534 1002 1553 1034 ι
1602 985 1630 1037 6
1661 985 1718 1037 δὲ
1744 984 1932 1038 Θεοδο-
1965 1001 1975 1008 ·

342 1077 501 1142 τίων,
543 1094 564 1128 ι
600 1074 830 1146 Αἵτησαι
858 1075 1065 1147 σεαυτῷ
1093 1077 1244 1148 παρά
1269 1075 1474 1149 Κυρίου
1504 1076 1598 1130 τοῦ
1625 1076 1761 1131 Θεοῦ
1793 1094 1886 1131 σου
1911 1095 1924 1108 ·

343 1168 573 1241 βάθυνον
597 1170 676 1232 εἰς
703 1168 856 1241 ᾅδην,
891 1167 1104 1238 ὕψωσον
1143 1168 1275 1222 ἀνω.
1315 1188 1335 1222 ›
1370 1168 1663 1223 Κελεύεται
1696 1169 1875 1224 τοίνυν
1901 1173 1929 1226 6

355 1260 523 1332 Ἀχάζ
556 1263 780 1332 σημεῖον
814 1263 1068 1333 αἰτήσαι,
1112 1260 1182 1315 δι’
1211 1254 1272 1316 οῦ
1313 1260 1653 1333 σωθήσεσθαι
1707 1262 1929 1334 ἔμελλεν

342 1351 505 1416 αὑτός
531 1369 588 1406 τε
629 1353 722 1408 καὶ
746 1355 773 1408 6
815 1355 913 1408 σὺν
938 1353 1088 1425 αὐτῷ
1124 1353 1269 1416 λαός.
1312 1353 1590 1418 Ἐξουσίαν
1627 1353 1685 1408 δὲ
1715 1355 1928 1410 δίδωσιν

342 1443 494 1514 αὐτῷ
534 1447 563 1499 6
596 1445 728 1508 Θεὸς
770 1445 1035 1517 αἱρέσεως
1064 1445 1159 1498 τοῦ
1197 1445 1446 1517 σημείου,
1477 1445 1588 1500 εἴτε
1632 1448 1697 1501 ὲκ
1732 1448 1928 1518 βάθους

343 1539 638 1609 αἰτήσειεν,
671 1537 821 1604 αὐτῷ
847 1537 1065 1608 δοθῆναι
1103 1537 1282 1602 τοῦτο,
1328 1539 1394 1592 ὲκ
1439 1538 1634 1609 βάθους
1674 1541 1773 1611 οὑχ
1812 1543 1928 1596 ἐτέ-

345 1650 440 1704 ρου
484 1632 517 1704 ἢ
549 1630 642 1686 τοῦ
668 1631 811 1686 κατά
840 1633 931 1687 τὸν
966 1632 1098 1704 ᾅδην
1118 1649 1132 1661 ο
1158 1633 1267 1685 εἴτε
1300 1631 1360 1697 ἐξ
1398 1632 1587 1703 ὕψους,
1617 1634 1712 1688 καὶ
1745 1634 1928 1688 αὐτῶν

338 1725 450 1779 τῶν
480 1725 593 1780 ἄνω
629 1724 938 1797 μετεώρων.

2035 527 2090 582 in
2121 528 2471 599 profundum,
2507 539 2602 585 aut
2637 530 2691 584 in
2715 529 2946 586 altum.»
2980 529 3086 586 Pro
3113 531 3227 600 illo,
3263 551 3283 585 ι
3309 533 3365 588 in
3395 531 3623 603 profun-

2033 621 2186 687 dum,
2237 631 2332 677 aut
2397 623 2452 677 in
2501 621 2712 687 altum,
2746 641 2765 674 ι
2821 622 3186 694 Symmachus
3238 623 3459 696 quidem
3524 625 3623 688 ait,

2040 731 2059 764 ι
2087 713 2219 768 Pete
2248 711 2343 768 tibi
2370 713 2586 783 signum
2615 729 2645 767 a
2680 711 2911 770 Domino
2959 713 3070 770 Deo
3111 723 3230 783 tuo,
3283 715 3528 785 deprime
3563 715 3620 770 in

2033 803 2331 868 infernum.
2357 815 2454 860 aut
2495 806 2552 860 in
2592 803 2869 861 excelsum
2915 821 3115 876 supra;
3148 825 3166 860 ι
3224 808 3422 877 Aquila
3466 823 3621 871 vero,

2039 914 2057 948 ‹
2080 895 2231 968 Roga
2273 898 2371 954 tibi
2397 899 2612 969 signum
2646 912 2676 952 a
2709 897 2939 954 Domino
2968 899 3080 954 Deo
3126 909 3239 964 tuo,
3287 899 3536 969 deprime
3567 900 3620 954 in

2032 987 2331 1054 infernum,
2360 989 2509 1045 eleva
2547 991 2600 1045 in
2640 989 2892 1055 altump
2941 989 3266 1058 Theodotio,
3300 1011 3319 1044 ι
3349 992 3482 1047 Pete
3524 991 3617 1047 tibi

2032 1082 2248 1153 signum
2286 1097 2314 1137 a
2365 1082 2598 1137 Domino
2627 1083 2736 1137 Deo
2795 1091 2910 1147 tuo,
2943 1082 3186 1152 deprime
3217 1085 3269 1139 in
3323 1084 3616 1150 infernum.

2031 1173 2186 1230 eleva
2217 1174 2270 1229 in
2298 1173 2519 1229 altum.»
2548 1171 2776 1228 Jubetur
2799 1189 2930 1244 ergo
2958 1175 3140 1229 Achaz
3165 1175 3380 1247 signum
3405 1185 3616 1247 petere,

2031 1282 2138 1338 quo
2172 1277 2287 1322 tum
2335 1268 2470 1337 ipse.
2523 1276 2634 1322 tum
2668 1267 2894 1337 populus
2933 1266 3051 1336 ejus
3082 1267 3310 1324 salutem
3350 1285 3617 1326 consecu-

2030 1370 2185 1415 turus
2232 1369 2372 1414 erat.
2432 1357 2775 1414 Facultatem
2815 1369 2998 1414 autem
3056 1360 3157 1432 ipsi
3209 1361 3416 1430 praebet
3470 1361 3616 1420 Deus

2030 1450 2260 1522 eligendi
2291 1449 2456 1519 signi,
2506 1465 2571 1504 ac
2601 1451 2646 1505 si
2694 1465 2762 1505 ex
2802 1449 3080 1520 profundo
3122 1459 3310 1522 petat;
3367 1467 3434 1508 ex
3480 1466 3610 1522 pro-

2032 1540 2222 1605 fundo,
2264 1556 2372 1595 non
2399 1542 2505 1596 alio
2534 1541 2747 1596 scilicet
2788 1557 2950 1611 quam
2993 1541 3238 1608 inferno,
3283 1558 3344 1598 se
3382 1559 3615 1600 conces-

2031 1650 2254 1702 surum;
2292 1637 2338 1688 sl
2362 1649 2494 1689 vero
2519 1648 2586 1689 ex
2625 1633 2756 1700 alto,
2790 1642 2885 1689 aut
2918 1649 2985 1689 ex
3012 1635 3425 1694 sublimioribus
3451 1637 3613 1708 locis,

2031 1741 2090 1781 se
2118 1728 2369 1780 daturum
2397 1725 2686 1795 pollicetur

419 1837 439 1870 ι
478 1818 585 1871 Καὶ
614 1813 767 1872 εἶπεν
801 1814 988 1886 Ἀχάζ,
1013 1815 1088 1868 Οὐ
1129 1816 1203 1888 μὴ
1227 1816 1455 1889 αἰτήσω,
1491 1817 1601 1870 οὐδ’
1623 1817 1684 1871 οὐ
1719 1817 1792 1890 μή
1817 1835 1923 1871 πει-

2112 1813 2271 1869 Vens.
2316 1814 2405 1871 12.
2453 1834 2472 1867 ‹
2498 1815 2566 1869 Ει
2595 1815 2736 1870 dixit
2765 1815 2972 1882 Acnaz,
3004 1815 3121 1872 Non
3149 1826 3366 1887 petam,
3413 1827 3470 1875 et
3503 1833 3613 1874 non

345 1911 497 1983 ράσω
533 1910 755 1982 Κύριον.
802 1929 820 1962 ι
866 1909 1166 1962 Ἄναίνεται
1213 1909 1277 1980 δὴ
1319 1905 1432 1975 οὖν,
1480 1909 1576 1963 ἆτε
1611 1909 1676 1981 δὴ
1724 1910 1927 1981 ἀσεϐὴς

340 2003 438 2067 ὒν,
465 2003 558 2057 καὶ
586 2002 661 2075 μὴ
681 2001 992 2074 πειθαρχῶν
1020 2001 1099 2072 τῷ
1113 2001 1231 2073 Θεῷ
1255 2002 1550 2066 κελεύοντι,
1581 2002 1655 2074 μὴ
1680 2002 1736 2056 δὲ
1758 2002 1927 2056 Θέλων

339 2092 649 2167 ἀπόπειραν
675 2094 859 2148 λαϐεῖν
896 2097 997 2164 τῆς
1022 2093 1114 2148 τοῦ
1147 2093 1282 2148 Θεοῦ
1317 2092 1748 2166 παραδοξοποιοῦ
1778 2093 1930 2149 δυνά·

346 2203 516 2258 μεως.

336 2368 478 2441 κρὸν
509 2370 637 2438 ὑμῖν
683 2368 868 2437 ἀγῶνα
910 2367 1170 2440 παρέχειν
1210 2367 1540 2440 ἀνθρώποις,
1581 2366 1700 2431 πῶς
1736 2366 1927 2439 Κυρίῳ

343 2461 613 2534 παρέχετε
641 2460 862 2530 ἀγῶνα;
900 2479 920 2512 ι
960 2460 1084 2514 Ἐπὶ
1109 2463 1173 2532 τῇ
1198 2459 1292 2513 τοῦ
1321 2460 1515 2531 ἀνδρὸς
1539 2458 1767 2531 ἀπονοίᾳ
1798 2476 1925 2529 σχε-

339 2551 568 2615 τλιάσας
603 2553 632 2605 6
673 2552 990 2624 προφήτης,
1026 2549 1084 2617 ἐξ
1121 2550 1321 2604 οἰκείου
1365 2549 1658 2622 προσώπου
1683 2548 1749 2602 τά
1794 2547 1926 2618 ἑξῆς

339 2643 601 2713 ἐπιλέγει.
631 2642 818 2698 Ταῦτα
844 2642 900 2696 δὲ
936 2644 964 2695 6
1006 2643 1105 2714 μὲν
1147 2642 1379 2706 Ἀκύλας
1403 2641 1593 2696 τοῦτον
1614 2642 1926 2714 ἡρμήνευσε

337 2736 430 2791 τὸν
457 2736 657 2810 τρόπον
676 2754 689 2768 ο
744 2756 764 2789 ι
815 2735 1110 2791 Ἀκούσατε
1142 2735 1228 2808 δὴ,
1257 2732 1404 2800 οἷκος
1431 2735 1623 2789 Δαυῖδ·
1655 2736 1802 2807 Μήτι
1827 2734 1930 2787 ὀλί-

331 2848 436 2900 γον
478 2831 712 2902 μοχθοῦν
753 2829 982 2902 ἄνδρας,
1025 2829 1107 2882 ὅτι
1160 2828 1409 2900 μοχθεῖτε
1442 2827 1536 2882 καί
1569 2845 1633 2896 γε
1669 2826 1761 2880 τὸν
1794 2826 1927 2879 Θεόν

341 2938 477 2993 μου;
537 2941 555 2974 ι
598 2923 656 2975 '0
703 2921 760 2976 δὲ
817 2920 1142 2974 Θεοδοτίων·
1206 2939 1224 2973 ι
1285 2917 1579 2973 Ἀκούσατε
1625 2918 1722 2989 δὴ,
1778 2913 1927 2982 οἶκος

338 3015 534 3069 Δαυῖδ·
582 3013 673 3086 Μὴ
725 3014 919 3087 μικρὸν
970 3011 1156 3081 ἀγῶνα
1215 3013 1477 3084 παρέχειν
1511 3010 1790 3082 ἀνδράσιν,
1843 3011 1926 3063 ὅτι

339 3107 526 3177 ἀγῶνα
574 3106 844 3178 παρέχετε
889 3105 983 3159 καί
1017 3122 1082 3174 γε
1113 3103 1192 3175 τῷ
1224 3103 1344 3176 Θεῷ
1381 3119 1514 3175 μου;
1551 3122 1570 3155 ι
1605 3104 1662 3155 '0
1683 3103 1739 3156 δὲ
1776 3101 1926 3173 Σύμ-

343 3217 546 3274 μαχος·
601 3219 621 3253 ι
690 3199 981 3254 Ἀκούσατε
1017 3197 1103 3271 δὴ,
1133 3193 1281 3261 οἶκος
1319 3197 1513 3251 Δαυῖδο
1547 3196 1639 3269 Μὴ
1690 3196 1790 3249 οὐκ
1831 3193 1923 3249 αῦ-

335 3311 540 3367 ταρκες
569 3293 696 3364 ὑμῖν
730 3291 932 3346 κοποῦν
958 3289 1300 3363 ἀνθρώπους,
1326 3291 1407 3343 ὅτι
1442 3289 1676 3343 κοποῦτε
1703 3289 1783 3343 ἔτι
1827 3290 1922 3346 καὶ

334 3385 428 3439 τὸν
475 3383 608 3437 Θεόν
643 3399 780 3456 μου;
827 3401 846 3434 ι
887 3382 1044 3435 Ἐστι
1075 3381 1133 3434 δὲ
1171 3384 1200 3436 6
1227 3379 1354 3445 νοῦς
1386 3380 1496 3434 τῷν
1540 3380 1920 3453 προκειμένων

338 3479 599 3543 τοιοῦτος’
632 3478 706 3531 Οὐ
732 3476 1006 3530 παύσεσθέ
1034 3493 1165 3530 ποτε
1188 3477 1301 3538 τοῖς
1321 3473 1416 3528 τοῦ
1439 3474 1573 3528 Θεοῦ
1593 3474 1689 3528 ἀνθ
1697 3474 1922 3546 ρώποις,

337 3569 485 3640 λέγω
512 3570 576 3642 δὴ
622 3572 736 3633 τοῖς
778 3569 1106 3641 προφήταις,
1151 3568 1351 3632 κόπους
1392 3568 1484 3622 καὶ
1535 3567 1785 3638 μόχθους,
1829 3569 1923 3621 καὶ

336 3662 558 3733 ἀγῶνας
625 3662 752 3725 τοὺς
804 3661 944 3734 ὑπὲρ
989 3661 1090 3732 τῆς
1140 3661 1410 3733 ὑμετέρας
1459 3661 1732 3732 σωτηρίας
1784 3677 1924 3732 παρ-

336 3752 588 3824 έχοντες;
627 3751 787 3805 Ἀλλά
829 3751 894 3822 δὴ
929 3751 1024 3804 καὶ
1057 3749 1205 3821 αὐτῷ
1247 3748 1326 3820 τῷ
1348 3748 1466 3820 ὲμῷ
1496 3748 1636 3819 Θεῷ,
1677 3749 1734 3802 ὃν
1766 3749 1923 3820 ὑμεῖς

333 3847 582 3915 ἀγνοεῖτε
635 3844 731 3898 καὶ
784 3844 1066 3917 ἀρνεῖσθε,
1124 3846 1192 3913 τῇ
1250 3841 1499 3909 πολυθέῳ
1561 3843 1922 3914 προσέχοντες

337 3937 536 4008 πλάνῃ,
553 3935 825 4008 σκυλμοὺς
844 3936 937 3988 καὶ
953 3934 1175 3998 κόπους,
1200 3933 1294 3987 καὶ
1319 3933 1537 4002 ἀγῶνας
1559 3931 1918 4003 παρέχοντες,

332 4028 416 4100 τῷ
454 4029 528 4101 μὴ
570 4027 851 4099 βούλεσθαι
886 4025 1160 4080 πιστεύειν
1207 4024 1370 4079 αὑτοῦ
1400 4027 1520 4089 ταῖς
1539 4023 1917 4093 ἐπαγγελίαις,

332 4121 474 4193 μηδὲ
507 4120 576 4175 τὰ
606 4118 1009 4190 κεκελευσμένα
1044 4118 1338 4190 πράττειν;

414 4232 433 4264 ι
487 4211 586 4266 Διά
623 4210 780 4264 τοῦτο
815 4208 975 4264 δώσει
1024 4209 1226 4283 Κύριος
1277 4209 1439 4275 αὐτὸς
1484 4209 1614 4281 ύμῖν
1659 4212 1915 4282 σημεῖονσ

339 4304 482 4358 Ἶδοὺ
510 4302 781 4375 παρθένος
810 4304 867 4355 ἐν
894 4301 1094 4374 γαστρὶ
1122 4301 1371 4374 λήψεται,
1411 4301 1506 4356 καὶ
1539 4299 1751 4368 τέξεται
1783 4302 1917 4368 υἱὸν,

335 4395 432 4448 καὶ
482 4392 734 4456 καλέσεις
773 4390 833 4445 τὸ
888 4391 1060 4462 ὄνομα
1109 4390 1272 4444 αὐτοῦ
1331 4391 1698 4463 Ἐμμανουήλ.
1760 4410 1780 4444 ι
1830 4392 1917 4456 Τί,

423 2295 442 2329 t
473 2277 582 2330 Καὶ
614 2255 765 2329 εἶπεν
786 2294 799 2306 ο
845 2273 1140 2329 Ἀκούσατε
1170 2276 1256 2345 δὴ,
1286 2268 1435 2339 οἶκος
1471 2274 1661 2329 Δαυῖδ’
1709 2274 1801 2345 Μὴ
1840 2292 1928 2345 μι-

2033 1906 2258 1961 tentabo
2305 1906 2616 1961 Dominum.
2650 1925 2669 1959 ι
2722 1905 2963 1962 Recusat
3016 1908 3273 1966 videlicet
3315 1919 3375 1965 ut
3413 1911 3616 1980 impius

2030 2015 2094 2054 ac
2129 1999 2222 2054 Dei
2257 2008 2529 2068 praecepto
2555 2014 2664 2054 non
2685 1993 3018 2068 Obsequens,
3051 2015 3151 2054 nec
3173 2001 3363 2058 volens
3385 2012 3614 2074 stupen-

2030 2091 2111 2145 dae
2134 2089 2349 2146 virtutis
2386 2090 2485 2146 Dei
2511 2091 2944 2162 experimentum
2975 2106 3195 2163 capere.

2101 2275 2269 2331 Vens.
2312 2275 2403 2330 15.
2451 2293 2471 2328 t
2498 2275 2568 2331 Et
2609 2277 2766 2344 dixit,
2790 2277 2990 2333 Audite
3016 2292 3171 2349 ergo,
3203 2278 3395 2335 domus
3417 2280 3608 2349 David,

2027 2363 2297 2436 Numquid
2322 2381 2514 2437 parum
2545 2368 2702 2423 vobis
2724 2377 2807 2424 est
2831 2368 3140 2424 molestiam
3166 2371 3406 2439 praebere
3435 2372 3614 2426 homi-

2028 2459 2207 2525 nibus,
2246 2474 2344 2514 cur
2383 2459 2615 2516 Domino
2665 2461 2972 2515 molestiam
3037 2462 3327 2529 pmbetis?
3354 2482 3374 2516 ι
3420 2467 3611 2519 ﬂomi-

2029 2551 2114 2606 nis
2148 2550 2442 2606 stultitiam
2463 2551 2755 2607 miseratus
2780 2553 3071 2622 propheta,
3119 2567 3185 2608 ex
3231 2554 3449 2624 propria
3481 2570 3608 2624 per-

2027 2657 2162 2698 sona
2187 2657 2306 2713 qua:
2337 2654 2638 2714 sequuntur
2669 2644 3009 2713 pronuntiat.
3044 2643 3170 2700 Haec
3212 2660 3378 2716 porro
3410 2645 3607 2714 Aquila

2027 2736 2133 2792 hoc
2183 2736 2344 2790 modo
2406 2737 2798 2806 interpretatur
2836 2754 2850 2790 :
2897 2753 2917 2787 ι
2960 2737 3158 2792 Audite
3205 2753 3357 2808 ergo,
3415 2740 3612 2795 domus

2027 2827 2221 2894 David,
2265 2825 2538 2904 Numquid
2570 2843 2762 2898 parum
2797 2827 3036 2900 amigere
3059 2831 3225 2897 viros,
3252 2832 3379 2900 quia
3412 2831 3610 2903 alliigi-

2031 2920 2099 2975 tis
2133 2920 2298 2974 etiam
2341 2919 2512 2974 Deum
2545 2922 2766 2975 meum?
2795 2939 2812 2973 ι
2848 2920 3151 2978 Theodotio
3197 2932 3399 2990 autem,
3448 2944 3468 2978 ι
3494 2927 3610 2980 Au-

2028 3009 2140 3066 dite
2171 3025 2326 3082 ergo,
2353 3011 2546 3067 domus
2578 3011 2768 3077 David,
2800 3011 3071 3082 Numquid
3094 3027 3283 3082 parum
3309 3013 3608 3070 molestiam

2029 3101 2276 3171 praebere
2309 3102 2464 3169 viris,
2507 3103 2636 3172 quia
2670 3103 2979 3158 molestiam
3012 3104 3266 3172 praebetis
3303 3105 3466 3160 etiam
3500 3106 3611 3161 Deo

2031 3194 2240 3248 meo?)
2301 3192 2662 3265 Symmachus
2714 3208 2867 3258 vero,
2929 3195 3172 3249 «Audite
3226 3210 3381 3266 ergo,
3415 3197 3610 3252 domus

2032 3284 2237 3352 David,
2278 3285 2474 3342 Annon
2513 3283 2745 3341 sulliciet
2785 3286 2944 3341 vobis
2982 3284 3282 3356 defatigare
3326 3288 3608 3354 homines,

2030 3383 2156 3453 quia
2206 3381 2516 3454 defatigatis
2563 3382 2727 3438 etiam
2778 3381 2951 3436 Deum
2992 3381 3266 3437 meumh
3320 3381 3610 3440 Praesentis

2028 3488 2190 3542 porro
2231 3473 2359 3528 dicti
2394 3486 2547 3528 mens
2594 3472 2708 3529 haec
2763 3483 2866 3537 est,
2919 3470 3282 3541 Nunquamne
3321 3473 3610 3529 cessabitis

2031 3565 2123 3619 Dei
2149 3564 2482 3632 hominibus,
2515 3563 2769 3619 videlicet
2799 3564 3078 3634 prophetis
3103 3579 3202 3634 pro
3223 3574 3407 3619 vestra
3434 3564 3609 3620 salute

2029 3655 2429 3722 laborantibus,
2467 3654 2908 3725 defatigationes,
2957 3653 3177 3710 labores
3221 3663 3277 3710 et
3327 3655 3608 3711 molestias

2029 3747 2302 3816 praebere?
2358 3746 2467 3802 Sed
2524 3747 2761 3802 etiamne
2808 3745 2908 3813 ipsi
2959 3745 3069 3800 Deo
3121 3759 3262 3809 meo,
3316 3761 3477 3816 quem
3508 3760 3608 3800 vos

2030 3839 2290 3910 ignoratis
2341 3847 2396 3893 et
2453 3838 2689 3909 negatis,
2737 3837 3036 3892 multorum
3088 3837 3372 3892 numinum
3430 3839 3606 3894 errori

2029 3931 2221 3999 dediti,
2259 3929 2557 3995 molestias,
2594 3929 3008 4000 defatigationes
3051 3939 3107 3983 et
3146 3929 3364 3984 labores
3393 3928 3606 3998 praebe-

2027 4023 2176 4089 bitis,
2227 4023 2473 4079 nolentes
2521 4022 2641 4094 ejus
2687 4019 2974 4092 promissis
3013 4020 3175 4077 ﬁdem
3207 4020 3437 4089 habere,
3501 4034 3605 4076 nec

2028 4114 2144 4185 ejus
2164 4123 2434 4184 praecepta
2458 4113 2720 4184 exsequi?
3433 4115 3436 4117 λ

2098 4205 2265 4263 Vens.
2302 4206 2392 4263 M.
2425 4223 2444 4259 ι
2481 4205 2711 4276 Propter
2737 4205 2844 4262 hoc
2870 4205 3024 4261 dabit
3065 4203 3328 4262 Dominus
3369 4205 3488 4279 ipse
3508 4221 3606 4263 vo-

2026 4301 2111 4357 bis
2161 4302 2371 4372 signum
2397 4319 2412 4355 :
2438 4298 2580 4355 Ecce
2610 4299 2764 4369 virgo
2797 4297 2851 4354 in
2885 4309 3042 4355 utero
3070 4299 3379 4370 concipiet,
3424 4307 3480 4357 et
3508 4315 3605 4369 pa-

2027 4395 2134 4449 riet
2182 4392 2372 4460 lilium,
2422 4400 2480 4448 et
2520 4391 2741 4447 vocabis
2791 4405 2990 4448 nomen
3038 4393 3156 4464 ejus
3204 4391 3542 4449 Emmanuel.
3575 4411 3596 4445 ι

337 4488 522 4557 φησιν,
552 4486 667 4540 ἐστὶ
690 4485 752 4539 τὸ
780 4487 1044 4558 σωτήριον
1088 4488 1331 4556 σημεῖον,
1357 4485 1386 4539 ὂ
1417 4486 1512 4540 καὶ
1549 4483 1624 4557 μὴ
1669 4483 1921 4556 βουλομέ-

2028 4485 2178 4554 Quod
2203 4491 2304 4540 est
2328 4525 2346 4554 ,
2370 4484 2545 4554 inquit
2571 4523 2587 4549 ,
2619 4484 2832 4556 signum
2858 4484 3125 4552 salutare,
3157 4483 3300 4554 quod
3324 4483 3478 4539 vobis
3514 4484 3600 4540 vel

335 4598 448 4646 νοις
479 4582 608 4652 ύμῖν
645 4577 904 4651 stupeﬁat;
943 4577 1243 4650 παράδοξόν
1285 4595 1337 4632 τι
1375 4576 1558 4636 θαῦμα
1599 4575 1752 4630 ἔσται
1782 4575 1915 4629 ποτὲ

334 4675 396 4727 ὲν
434 4671 761 4744 ἀνθρώποις,
806 4670 900 4724 καὶ
947 4671 1171 4741 σημεῖον
1227 4669 1493 4741 μηδέποτε
1538 4668 1801 4723 άκουσθὲν
1850 4669 1915 4720 ὲκ

333 4763 431 4818 τοῦ
470 4763 669 4825 παντὸς
698 4761 912 4826 αἰῶνος.
944 4762 1220 4833 Παρθένος
1246 4762 1436 4831 κυήσει
1473 4759 1596 4829 δίχα
1633 4759 1732 4830 τῆς
1777 4759 1916 4830 πρὸς

335 4856 508 4926 ἄνδρα
531 4853 833 4918 κοινωνίας,
866 4855 958 4908 καὶ
985 4853 1117 4907 Θεὸν
1139 4854 1406 4923 γεννήσει,
1436 4852 1664 4923 Σωτῆρα
1685 4851 1775 4904 τοῦ
1806 4851 1917 4905 τῶν

337 4946 642 5018 ἀνθρώπων
669 4945 878 5015 γένους.
902 4945 1103 5000 Τοῦτον
1129 4944 1290 4999 αὐτὸν
1311 4945 1400 4998 τὸν
1430 4944 1689 5014 μέλλοντα
1721 4943 1920 5015 λαγχά-

336 5057 451 5093 νειν
486 5037 738 5107 τοιαύτης
759 5038 1062 5108 γεννήσεως
1090 5037 1222 5090 Θεὸν
1248 5038 1469 5107 σημεῖον
1493 5036 1621 5106 ύμῖν
1654 5039 1919 5108 σωτήριον

337 5128 588 5184 ἐντεῦθεν
632 5128 779 5200 ήδηὸ
822 5128 954 5193 Θεὸς
1002 5128 1263 5201 παρέχει·
1315 5128 1344 5181 ὃ
1384 5128 1447 5200 δὴ
1487 5128 1582 5180 καὶ
1618 5129 1702 5190 εἰς
1755 5127 1918 5198 βάθος

343 5221 443 5292 μὲν
483 5219 548 5273 δι’
591 5221 657 5288 ἦν
710 5220 996 5290 ποιήσεται
1045 5219 1236 5289 μέχρις
1286 5218 1411 5290 ᾇδου
1457 5218 1781 5285 κατάϐασιν,
1836 5221 1919 5282 εἰς

337 5313 473 5384 ’ύψος
499 5313 557 5366 δὲ
599 5311 685 5365 διὰ
719 5311 816 5384 τὴν
854 5313 934 5375 είς
967 5313 1229 5383 οὐρανοὺς
1260 5311 1540 5366 ἐπάνοδον.
1577 5313 1649 5365 Σὺ
1679 5307 1794 5375 οῦν,
1845 5307 1920 5366 οἴ-

338 5422 436 5470 κος
468 5403 649 5467 Δαυῒδ,
685 5403 931 5458 ἐντεῦθεν
965 5403 1064 5475 ήδη
1112 5403 1252 5458 κατά
1290 5403 1380 5456 τὸν
1422 5403 1608 5475 καιρὸν
1640 5403 1739 5473 τῆς
1783 5404 1918 5473 πρὸς

338 5499 464 5559 τοὺς
494 5495 766 5567 παρόντας
798 5495 1086 5565 πολεμίους
1121 5493 1396 5565 συμϐολῆς
1425 5493 1694 5548 άνακαλοῦ
1728 5494 1909 5558 αὐτὸν,

347 5588 700 5659 Ἐμμανουήλ
731 5585 1102 5657 ἐπονομάζων,
1129 5587 1267 5657 ὅπερ
1291 5589 1354 5639 ὲκ
1376 5586 1474 5658 τῆς
1499 5587 1794 5659 ἑρμηνείας
1813 5588 1914 5658 ’τήν

343 5679 440 5733 τοῦ
473 5679 630 5748 λόγου
665 5678 960 5750 παρίστησι
999 5677 1258 5749 δύναμινο
1297 5695 1316 5729 ‹
1375 5678 1493 5749 μεθ’
1542 5679 1698 5751 ήμῶν
1739 5699 1758 5731 ι
1807 5679 1915 5752 γὰρ

356 5791 373 5827 ι
414 5775 442 5827 6
464 5773 595 5835 Θεὸς
625 5793 642 5826 ι
677 5771 824 5837 δηλοῖ
847 5770 1104 5838 τοῦνομα.
1138 5771 1413 5827 Πιστεύων
1435 5767 1527 5828 οὗν
1555 5771 1692 5844 δῇτα
1712 5771 1788 5842 τῷ
1819 5788 1916 5842 ση-

2028 4576 2335 4632 nolentibus
2364 4575 2671 4646 praebebit?
2712 4577 3034 4646 stupendum
3067 4575 3337 4646 quoddam
3365 4574 3600 4630 miracu-

2027 4667 2135 4721 lum
2180 4665 2470 4736 aliquando
2507 4665 2560 4720 in
2590 4665 2903 4721 hominibus
2933 4666 3077 4732 erit,
3106 4679 3171 4719 ac
3208 4665 3424 4734 signum
3463 4680 3602 4720 nun-

2027 4772 2188 4828 quam
2217 4757 2368 4812 omni
2398 4757 2595 4812 saeculo
2628 4756 2898 4811 auditum.
2927 4755 3091 4826 Virgo
3123 4764 3336 4810 uterum
3365 4756 3602 4826 gestabit

2027 4850 2145 4904 sine
2176 4847 2283 4903 ulla
2315 4863 2436 4904 cum
2477 4849 2598 4903 viro
2621 4846 3010 4903 consuetudine
3031 4887 3048 4915 ,
3085 4857 3138 4902 et
3173 4848 3340 4903 Deum
3377 4848 3596 4920 signet,

2025 4939 2249 4995 humani
2278 4939 2493 5009 generis
2527 4938 2885 4994 Salvatorem.
2911 4938 3064 4993 Hunc
3093 4939 3291 5010 ipsum,
3315 4941 3406 5011 qui
3436 4940 3598 4994 talem

2023 5043 2204 5089 ortum
2227 5033 2491 5088 ducturus
2534 5041 2622 5088 est
2646 5074 2660 5098 ,
2693 5032 2867 5087 Deum
2894 5071 2910 5098 ,
2939 5036 2992 5087 in
3025 5033 3242 5102 signum
3268 5033 3424 5088 vobis
3452 5034 3598 5088 salu-

2025 5135 2141 5181 tare
2165 5125 2275 5195 jam
2305 5127 2506 5182 exhinc
2550 5124 2692 5180 Deus
2728 5127 2952 5181 exhibet
2985 5143 2999 5193 ;
3037 5126 3180 5195 quod
3203 5135 3256 5180 et
3287 5126 3339 5179 in
3378 5124 3600 5195 profun-

2023 5217 2149 5273 dum
2174 5221 2304 5273 etin
2335 5219 2499 5272 altum
2525 5219 2883 5282 extendetur;
2913 5219 2966 5272 in
3005 5217 3328 5287 profundum
3358 5216 3596 5284 quidem,

2025 5324 2121 5379 per
2148 5311 2470 5366 descensum
2504 5325 2662 5365 suum
2693 5324 2863 5381 usque
2899 5309 2971 5364 ad
3004 5309 3312 5372 infernum;
3347 5307 3398 5360 in
3427 5307 3598 5360 altum

2023 5417 2177 5468 vero,
2218 5417 2313 5472 per
2344 5417 2499 5458 suum
2526 5403 2591 5458 ad
2615 5403 2784 5458 caelos
2815 5401 3074 5458 reditum.
3111 5397 3192 5455 Tu
3219 5415 3371 5470 ergo,
3403 5401 3598 5454 domus

2020 5493 2192 5550 David
2220 5535 2236 5562 ,
2273 5493 2388 5565 jam
2436 5495 2490 5550 in
2541 5505 2783 5566 tempore
2830 5493 2989 5562 hujus
3033 5508 3154 5549 cum
3204 5491 3442 5548 inimicis
3491 5490 3597 5544 tuis

2023 5601 2387 5656 congressus,
2436 5603 2601 5644 evoca
2647 5589 2797 5644 illum
2826 5627 2841 5652 ,
2889 5585 3208 5642 Emmanuel
3240 5598 3594 5653 nuncupatis,

2023 5679 2165 5750 quod
2202 5693 2269 5735 ex
2315 5679 2626 5751 signiﬁcatu
2674 5680 2824 5735 verbi
2865 5679 3118 5735 virtutem
3170 5675 3412 5732 declarat
3443 5695 3458 5730 ;
3492 5673 3596 5728 hoc

2023 5771 2221 5843 quippe
2239 5787 2455 5844 nomen,
2482 5793 2501 5828 ι
2539 5772 2826 5832 nobiscum
2855 5771 3017 5842 Deus,
3052 5789 3071 5824 ι
3107 5761 3595 5842 signiﬁcat.‘$igno
