4062 6400
527 347 632 409 153

1231 347 1502 410 EUSEBII
1535 345 2022 411 CESARIENSIS
2059 349 2210 410 OPP.
2251 346 2434 414 PARS
2475 353 2565 416 Ill.
2591 390 2653 400 ——
2676 351 3089 419 EXEGETICA.

3698 367 3800 428 136

522 475 710 544 itaque
738 473 897 535 ﬁdem
940 475 1146 530 habens
1172 475 1388 530 conlide
1418 493 1432 530 :
1459 490 1634 545 neque
1682 475 1825 531 ultra
1858 477 2102 532 Damasci

2216 481 2354 551 μείῳ
2382 480 2594 552 θάρσει,
2630 482 2726 536 καὶ
2763 482 2961 553 μηκέτι
2994 483 3094 555 μὲν
3123 483 3280 548 θεοὺς
3309 483 3580 540 ἀνακαλοῦ
3615 491 3800 561 Δαμα-

523 563 657 618 deos
696 563 919 620 invoces
943 605 960 629 ,
985 578 1165 634 neque
1189 579 1287 621 eos
1308 605 1324 628 ,
1355 565 1451 635 qui
1486 581 1592 620 non
1625 574 1774 632 sunt,
1813 567 2112 622 auxiliares

525 653 622 708 tibi
657 656 908 720 ascribe;
941 657 1038 711 sed
1066 655 1506 725 Emmanuelem,
1543 668 1733 728 utpote
1773 659 1943 714 Deum
1985 673 2110 714 cum

520 746 836 804 hominibus
870 749 1164 814 aliquando
1195 759 1561 816 versaturum,
1584 751 1804 817 invoca,
1839 767 1963 808 cmn
1988 766 2112 822 per-

520 836 664 892 fecta
701 839 898 894 liducia
937 855 1187 911 sperans,
1220 855 1286 897 ac
1311 841 1547 896 nominis
1573 842 1765 896 virtuti
1806 843 1967 898 fidem
2013 844 2111 898 ba-

522 928 682 982 hens.

589 1020 698 1075 Sed
738 1035 838 1076 nos
873 1031 1163 1092 postquam
1197 1021 1302 1077 huc
1349 1021 1708 1088 devenimus,
1757 1023 2109 1080 animadver-

518 1119 636 1166 tere
667 1124 765 1180 par
791 1121 899 1177 est,
939 1127 1048 1182 quo
1072 1123 1234 1183 pacto
1257 1113 1547 1183 praphetia
1598 1115 1782 1169 domui
1831 1115 2002 1170 David
2031 1115 2110 1171 di-

516 1211 666 1258 serte
695 1204 982 1274 praecipiat
1005 1247 1020 1270 ,
1066 1215 1128 1259 ut
1164 1219 1289 1259 eum
1327 1204 1420 1275 qui
1451 1221 1520 1261 ex
1545 1205 1769 1277 Virgine
1796 1206 2108 1262 nasciturus

515 1307 603 1349 est
627 1335 641 1358 ,
674 1295 1089 1351 Emmanuelem
1121 1307 1418 1368 nuncupct.
1450 1295 1587 1352 Nam
1626 1309 1680 1352 tu
1710 1299 1826 1368 ipsa
1852 1337 1870 1365 ,
1914 1300 2107 1354 domus

517 1389 711 1454 David,
743 1402 866 1458 quae
892 1387 1005 1456 jam
1034 1388 1316 1458 propheta:
1345 1389 1478 1444 ades
1501 1428 1518 1454 ,
1562 1389 1791 1460 ejusque
1822 1402 2107 1444 sermones

512 1479 673 1534 audis
701 1519 717 1545 ,
747 1495 872 1534 eum
906 1480 999 1549 qui
1026 1481 1080 1535 in
1113 1479 1378 1536 vaticinio
1406 1481 1605 1546 fertur,
1634 1481 1856 1537 vocabis
1887 1481 2107 1536 Emma-

511 1571 638 1626 nuel
665 1587 680 1637 ;
711 1587 778 1625 ac
802 1571 848 1645 si
877 1571 1083 1627 clarius
1107 1572 1339 1638 diceret,
1371 1571 1509 1626 Eum
1548 1572 1646 1627 tibi
1671 1572 2102 1641 adjutoreml‘re~

512 1664 771 1732 quentius
791 1677 982 1730 evoca,
1008 1663 1328 1734 plerumque
1359 1663 1771 1720 Emmanuelem
1801 1663 2104 1734 appellans,

516 1767 580 1806 ac
607 1761 664 1806 ut
693 1762 1019 1822 praesentem
1069 1754 1161 1808 tibi
1198 1756 1366 1809 Deum
1397 1754 1730 1811 vociferans.
1757 1753 1913 1812 Licet
1953 1756 2102 1811 enim

514 1841 850 1912 longissimis
886 1844 1086 1900 abhinc
1120 1845 1458 1915 temporibus
1487 1844 1732 1900 futurum
1757 1846 1851 1911 sit,
1876 1855 1935 1900 ut
1975 1863 2100 1902 eum
2135 1829 2178 1888 Β

515 1932 686 2002 Virgo
727 1933 780 1989 in
822 1945 979 1990 utero
1005 1945 1186 2005 gestet
1209 1945 1267 1990 et
1304 1937 1523 2006 pariat;
1549 1940 1772 2006 quando
1809 1939 2105 2008 prophetiae

517 2026 978 2095 complementum
1005 2017 1280 2095 adveniet,
1319 2030 1539 2099 quando
1575 2029 1666 2084 ille
1693 2030 1861 2086 totius
1889 2033 2106 2104 generis

515 2117 741 2173 humani
795 2119 1049 2176 Salvator
1075 2121 1469 2186 declarabitur,
1517 2121 1630 2177 alio
1663 2130 1850 2178 utetur
1883 2125 2106 2180 nomine

515 2229 544 2264 a
586 2212 757 2267 salute
782 2213 1058 2279 derivato;
1092 2215 1187 2269 sed
1211 2213 1325 2282 jam
1349 2215 1452 2270 hoc
1491 2223 1740 2286 tempore
1779 2225 1835 2271 tu
1860 2257 1878 2284 ,
1909 2217 2106 2274 domus

513 2303 686 2359 David
711 2344 727 2370 ,
774 2319 896 2375 quae
927 2305 1126 2359 bonum
1176 2321 1205 2358 a
1243 2304 1353 2360 Deo
1399 2305 1599 2376 pignus
1630 2306 1891 2374 accepisti
1921 2347 1939 2373 ,
1975 2321 2104 2363 eum

513 2395 705 2451 invoca
731 2436 749 2463 ,
792 2395 1206 2452 Emmanuelem
1251 2397 1580 2468 appellans:
1623 2396 1856 2454 salutem
1903 2399 2105 2470 quippe

510 2480 610 2540 tibi
654 2485 903 2542 credenti
949 2495 1005 2540 et
1050 2486 1212 2542 dictis
1259 2486 1665 2560 ubtemperanti
1715 2504 1912 2545 nomen
1971 2489 2104 2545 illud

507 2577 846 2634 conciliabit.
887 2577 945 2634 Si
986 2579 1134 2634 enim
1167 2579 1376 2636 dictum
1414 2581 1650 2649 fuisset,
1679 2598 1702 2633 ‹
1738 2581 1807 2636 Ει
1833 2583 2104 2639 vocabunt

507 2685 709 2726 nomen
745 2672 863 2739 ejus
892 2671 1252 2737 Emmanuel,
1293 2690 1313 2724 ι
1352 2673 1532 2729 visum
1557 2673 1752 2729 fuisset
1775 2674 1830 2728 in
1857 2673 2101 2732 futurum

505 2770 721 2833 ιοωρυε
749 2772 917 2818 totam
950 2763 1293 2832 prophetiam
1327 2765 1646 2831 remittere;
1697 2764 1800 2821 hoc
1831 2766 1975 2820 enim
2004 2782 2100 2836 ps-

506 2862 600 2911 cto
624 2853 912 2909 dubitandi
941 2868 1108 2908 causa
1133 2855 1538 2927 amphibologia
1572 2857 1627 2912 in
1668 2870 1926 2914 sermone
1964 2858 2101 2916 fuis-

508 2955 630 3011 set;
669 2945 1108 3014 quandoquidem
1143 2945 1188 3001 is
1211 2947 1304 3014 qui
1346 2961 1413 3002 ex
1455 2959 1644 3005 sancta
1687 2949 1912 3023 Virgine
1939 2962 2100 3009 natus

505 3044 594 3089 est
639 3033 888 3090 Salvator
931 3045 1135 3102 noster,
1175 3053 1280 3092 non
1304 3037 1632 3096 Emmanuel
1657 3083 1673 3107 ,
1696 3043 1792 3098 sed
1818 3039 1978 3098 Jesus
2006 3059 2100 3097 vu-

505 3137 666 3181 catus
687 3137 816 3190 est,
856 3128 1155 3182 secundum
1185 3129 1362 3198 angeli
1401 3131 1684 3186 oraculum
1716 3129 1953 3202 Josepho
1984 3135 2098 3191 edi-

508 3228 623 3272 tum
652 3219 740 3274 bis
769 3219 970 3287 verbis,
1004 3238 1025 3274 ι
1065 3219 1144 3277 Ne
1180 3221 1374 3278 timeas
1411 3223 1665 3291 accipere
1697 3223 1924 3279 Mariam
1958 3241 2090 3281 con-

503 3309 686 3382 jugem
722 3320 870 3366 tuam
901 3329 916 3366 :
945 3311 1091 3381 quod
1133 3311 1283 3366 enim
1320 3313 1372 3368 in
1405 3329 1469 3370 ea
1501 3325 1688 3370 natum
1717 3325 1802 3372 est
1824 3358 1840 3384 ,
1870 3333 1935 3372 ex
1968 3317 2094 3389 Spi-

505 3402 614 3457 ritu
645 3412 834 3458 sancto
857 3413 963 3458 est.
996 3403 1181 3459 Pariet
1205 3413 1387 3460 autem
1427 3403 1597 3460 ﬁlium
1623 3448 1639 3474 ,
1662 3418 1719 3464 et
1747 3410 1967 3468 vocabis
1999 3428 2097 3468 no-

504 3511 631 3552 men
660 3495 779 3566 ejus
807 3493 994 3552 Jesmn
1026 3514 1040 3551 :
1072 3497 1188 3568 ipse
1216 3499 1362 3552 enim
1395 3499 1606 3554 salvum
1641 3501 1808 3557 faciet
1839 3504 2094 3575 populum

503 3604 666 3646 suum
697 3605 727 3643 a
763 3589 1010 3659 peccatis
1035 3591 1153 3660 ejus
1179 3590 1248 3644 ⁸⁸.
1289 3609 1309 3643 ι
1349 3591 1405 3647 Si
1439 3592 1622 3661 itaque
1649 3592 1828 3662 Iesus,
1862 3612 1968 3651 non
1998 3613 2095 3652 au-

505 3693 614 3739 tem
646 3681 986 3748 Emmanuel,
1017 3697 1214 3738 nomen
1253 3684 1468 3754 accepit
1511 3683 1774 3742 Dominus
1819 3698 2008 3743 noster
2038 3699 2094 3745 et

504 3777 760 3833 Salvator
800 3793 869 3832 ex
919 3777 1139 3845 Virgine
1173 3787 1335 3832 natus
1361 3778 1661 3834 secundum
1706 3781 2045 3852 prophetiam
2075 3801 2090 3850 ;

503 3869 777 3939 quomodo
808 3883 998 3924 verum
1021 3869 1189 3924 fuerit
1213 3871 1498 3926 oraculum
1528 3871 1745 3940 dicens,
1775 3893 1795 3928 ι
1830 3876 1896 3930 Et
1926 3891 2094 3932 voca-

505 3963 644 4015 bunt
694 3975 890 4016 nomen
932 3959 1054 4027 ejus
1101 3961 1465 4018 Emmanuel!
1503 3983 1522 4017 ι
1563 3963 1930 4032 Quamobrem
1983 3985 2091 4024 non

504 4053 600 4108 illo
651 4053 812 4106 modo
841 4051 1042 4106 dictum
1088 4063 1218 4118 est,
1260 4070 1370 4110 non
1415 4057 1561 4111 enim
1603 4058 1670 4114 ab
1705 4062 1960 4117 omnibus
1992 4064 2094 4120 hoc

505 4141 727 4195 nomine
762 4140 1119 4210 appellandus
1145 4152 1266 4197 erat
1291 4161 1305 4209 ;
1337 4146 1433 4200 sed
1462 4158 1715 4203 accurate
1742 4151 2093 4220 propheticus

503 4246 685 4287 sermo
729 4231 808 4286 sic
849 4231 1050 4296 habet,
1086 4251 1107 4287 ι
1149 4233 1219 4289 Ει
1277 4237 1524 4292 vocabis.
1571 4257 1591 4291 ι
1630 4238 1709 4293 Tu
1755 4241 1901 4297 enim
1930 4244 2088 4312 ipsa,

502 4324 698 4379 domus
735 4323 928 4392 David,
957 4325 1116 4394 cujus
1143 4342 1308 4382 causa
1347 4330 1449 4386 hoc
1475 4331 1791 4386 vaticinium
1835 4335 2092 4391 enuntia-

501 4427 616 4485 tur,
648 4427 874 4488 accepto
903 4418 1098 4475 salutis
1125 4421 1349 4491 pignore
1376 4463 1391 4489 ,
1421 4439 1531 4493 quo
1565 4434 1809 4498 tempore
1832 4443 1956 4484 cum
1989 4431 2090 4483 ini-

2215 569 2369 634 σκοῦ,
2408 572 2542 642 μηδὲ
2569 572 2695 636 τοὺς
2737 573 2812 644 μὴ
2844 572 3004 636 ὄντας
3034 573 3262 646 βοηθοὺς
3292 577 3599 650 ὲπιγράφου
3635 599 3800 635 σεαυ-

2211 660 2306 716 τοῦ
2330 679 2345 692 °
2381 662 2472 716 τὸν
2499 663 2557 718 δὲ
2587 663 2955 736 Ἐμμανουὴλ,
2985 665 3062 730 ὡς
3085 667 3152 721 ἂν
3180 667 3312 723 Θεὸν
3339 669 3649 744 ἀνθρώποις
3678 692 3800 730 συνδ

2211 749 2472 827 εσόμενόν
2516 774 2682 826 ποτε,
2739 760 2916 826 κάλει,
2954 761 3173 834 θαρσῶν
3214 762 3312 816 σὺν
3345 762 3670 838 πεποιθήσει
3707 785 3800 822 τε·-

2209 845 2351 920 λείᾳ,
2384 849 2658 906 πιστεύων
2688 854 2754 924 τῇ
2779 853 2882 925 τῆς
2918 853 3291 927 προσηγορίας
3318 855 3564 928 δυνάμει.
3820 925 3830 976 ι

2293 1031 2431 1086 Ἀλλ’
2460 1033 2693 1090 ἐνταῦθα
2725 1036 3050 1108 γενομένους
3079 1035 3230 1110 ἡμᾶς
3277 1040 3572 1112 ἐπιστῆσαι
3625 1059 3797 1115 προσ-

2209 1120 2354 1195 ἣκει,
2385 1125 2462 1190 ὡς
2489 1125 2733 1198 ἀκριϐῶς
2763 1131 2797 1200 ἡ
2842 1131 3150 1201 προφητεία
3179 1131 3259 1204 τῷ
3285 1132 3418 1204 οἴκῳ
3439 1132 3603 1187 Δαυῖδ
3625 1153 3799 1207 προσ-

2207 1217 2413 1285 τάττει,
2457 1219 2684 1273 καλέσαι
2729 1220 2822 1275 τὸν
2863 1223 2927 1276 ὲκ
2971 1226 3070 1295 τῆς
3114 1223 3390 1296 Παρθένου
3434 1226 3799 1297 γενησόμενον

2220 1309 2589 1383 Ἐμμανουήλ.
2636 1306 2709 1367 Σὺ
2739 1313 2848 1385 γὰρ
2874 1313 3056 1379 αὐτὸς,
3089 1317 3118 1369 6
3146 1311 3292 1380 οἶκος
3328 1315 3509 1379 Δαυῒδ,
3540 1319 3569 1370 6
3599 1318 3693 1372 νῦν
3717 1318 3798 1389 τῷ

2207 1404 2466 1477 προφήτῃ
2523 1405 2851 1477 συμπαρὼν,
2901 1407 2997 1461 καὶ
3047 1407 3239 1462 τούτου
3296 1408 3647 1482 ἀκροώμενος
3685 1413 3796 1466 τῶν

2205 1493 2380 1563 λόγων
2428 1495 2519 1548 τὸν
2558 1495 2954 1568 θεσπιζόμενον
2999 1499 3252 1564 καλέσεις
3304 1495 3682 1575 Ἐμμανουήλ⁸
3719 1506 3797 1568 ὡς

2205 1587 2255 1638 εί
2321 1587 2653 1660 σαφέστερον
2711 1587 2918 1658 ἔλεγεν,
2995 1589 3288 1644 Ἐπικαλοῦ
3347 1591 3543 1663 βοηθὸν
3612 1592 3796 1664 ἑαυτῷ

2207 1678 2468 1748 συνεχῶς,
2525 1678 2788 1744 πολλάκις
2842 1681 3192 1754 Ἐμμανουὴλ
3233 1681 3536 1754 ὀνομάζων,
3583 1685 3677 1737 καὶ
3717 1685 3797 1751 ὡς

2206 1772 2434 1824 συνόντα
2465 1789 2546 1825 σοι
2574 1772 2727 1840 Θεδν,
2759 1772 2949 1827 τοῦτον
2973 1773 3411 1847 ἀνακαλούμενος
3431 1793 3444 1806 ·
3489 1779 3537 1829 εἰ
3562 1777 3671 1850 γὰρ
3697 1776 3796 1834 καὶ

2204 1862 2274 1916 τά
2299 1863 2534 1934 μάλιστα
2561 1867 2794 1938 μακροῖς
2823 1865 3049 1938 ὕστερον
3075 1866 3342 1940 χρόνοιςή
3375 1864 3649 1941 Παρθένος
3673 1869 3796 1924 τοῦ-

2203 1967 2297 2010 τον
2328 1956 2520 2027 κυήσει
2557 1957 2652 2012 καὶ
2683 1957 2897 2023 τέξεται
2917 1976 2930 1990 ο
2971 1959 3059 2012 ὅτε
3100 1959 3194 2012 καὶ
3224 1960 3284 2014 τὸ
3317 1962 3667 2034 ἀποτέλεσμα
3699 1979 3794 2032 γε-

2203 2047 2426 2118 νήσεται
2456 2049 2558 2118 τῆς
2589 2049 2947 2120 προφητείας,
2981 2049 3070 2103 ὅτε
3103 2049 3198 2103 καὶ
3231 2050 3422 2123 Σωτὴρ
3449 2052 3793 2124 ἀναφανήσε-

2203 2153 2294 2191 ται
2321 2135 2416 2191 τοῦ⁹
2443 2137 2645 2203 παντὸς
2669 2139 2976 2211 ἀνθρώπων
2995 2141 3208 2211 γένους,
3236 2142 3316 2213 τῷ
3338 2137 3509 2215 ἑτέρω
3530 2146 3791 2220 χρήσεται

2201 2231 2427 2302 ὀνόματι
2463 2234 2563 2304 τῆς
2592 2232 2865 2304 σωτηρίας
2897 2233 3170 2306 ἐπωνύμῳ
3189 2253 3202 2264 ·
3233 2235 3349 2288 ἀλλ’
3377 2234 3624 2290 ἐντεῦθεν
3665 2232 3788 2309 ἥδη,

2206 2323 2294 2388 σὺ,
2321 2324 2350 2376 6
2368 2319 2517 2388 οἶκος
2536 2323 2719 2388 Δαυῒδ,
2740 2324 2946 2396 ἀγαθὸν
2972 2324 3223 2399 σύνθημα
3243 2327 3394 2400 παρὰ
3415 2326 3549 2380 Θεοῦ
3586 2326 3787 2393 λαϐὼν,

2201 2413 2502 2480 ἀνακαλοῢ,
2527 2411 2618 2469 τὸν
2658 2417 3007 2490 Ἐμμανουὴλ
3031 2418 3314 2490 ὀνομάζων
3331 2436 3345 2450 ο
3379 2420 3660 2491 σωτηρίαν.
3680 2420 3790 2491 γάρ

2206 2523 2288 2560 σοι
2325 2507 2638 2562 πιστεύοντι
2686 2509 2780 2563 καὶ
2825 2510 3212 2583 πειθαρχοῦντι
3241 2515 3352 2576 τοῖς
3397 2512 3710 2582 λεγομένοις
3754 2513 3788 2584 η

2201 2595 2427 2668 τοιαύτη
2453 2593 2774 2670 προξενήσει
2805 2598 3015 2671 κλῆσις.
3043 2598 3106 2653 El
3139 2600 3239 2670 μὲν
3263 2597 3356 2655 οὖν
3385 2602 3589 2673 εἴρητο,
3625 2620 3644 2652 ι
3677 2602 3790 2656 Καὶ

2204 2687 2491 2742 καλέσουσι
2527 2688 2589 2743 τὸ
2625 2689 2799 2761 ὄνομα
2826 2690 2989 2744 αὑτοῦ
3043 2692 3409 2764 Ἐμμανουὴλ,
3450 2714 3469 2744 ι
3512 2691 3688 2759 ἔδοξεν
3721 2694 3790 2748 ἄν

2202 2781 2283 2843 είς
2335 2779 2597 2850 μέλλοντα
2640 2782 2830 2854 χρόνον
2865 2783 2963 2854 τὴν
3007 2785 3187 2838 πᾶσαν
3226 2786 3618 2856 παραπέμπειν
3656 2803 3788 2860 προ·

2203 2869 2432 2941 φητείαν
2454 2887 2468 2900 ο
2500 2870 2644 2925 οὕτω
2685 2871 2798 2943 γὰρ
2831 2870 3159 2943 ἀμφιϐολίαν
3205 2867 3350 2943 εἶχεν
3381 2875 3410 2927 6
3442 2873 3598 2941 λόγος
3617 2890 3630 2902 ·
3667 2871 3792 2926 ἐπεὶ

2204 2961 2280 3033 μὴ
2322 2961 2689 3034 Ἐμμανουήλ,
2717 2963 2854 3017 ἀλλά
2889 2963 3096 3036 Ἰησοῦς
3119 2964 3383 3035 κέκληται
3407 2965 3469 3018 τὸ
3493 2965 3664 3035 ὄνομα
3689 2960 3788 3018 τοῦ

2201 3059 2267 3112 ὲκ
2295 3058 2394 3129 τῆς
2423 3059 2586 3128 ἁγίας
2626 3058 2902 3132 Παρθένου
2935 3060 3284 3132 γεννηθέντος
3323 3061 3574 3132 Σωτῆρος
3607 3061 3786 3132 ἡμῶν,

2201 3149 2345 3204 κατὰ
2376 3150 2467 3204 τὸν
2493 3151 2588 3205 τοῦ
2615 3150 2850 3222 ἀγγέλου
2879 3153 3264 3224 χρηματισμὸν
3289 3155 3537 3226 φήσαντα
3569 3154 3647 3224 τῲ
3683 3155 3790 3207 Ἰω-

2199 3244 2310 3314 σήφ
2330 3260 2344 3274 ·
2376 3261 2396 3294 t
2434 3241 2526 3315 Μὴ
2553 3243 2796 3315 φοϐηθῇς
2824 3243 3157 3315 παραλαϐεῖν
3187 3246 3406 3317 Μαρίαν
3430 3245 3526 3317 τὴν
3553 3247 3790 3315 γυναῖκά

2199 3348 2294 3390 σου
2315 3352 2330 3367 ’
2373 3337 2435 3390 τὸ
2471 3337 2580 3408 γάρ
2619 3337 2677 3389 ὲν
2707 3338 2844 3408 αὐτῇ
2895 3337 3154 3410 γεννηθὲν
3195 3339 3262 3393 ὲκ
3293 3339 3608 3409 Πνεύματός
3638 3342 3788 3393 ἐστιν

2195 3428 2374 3499 ἀγίου.
2403 3428 2628 3494 Τέξεται
2661 3429 2720 3483 δὲ
2752 3428 2890 3497 υἱὸν,
2921 3429 3016 3484 καὶ
3044 3427 3298 3495 καλέσεις
3337 3431 3398 3484 τὸ
3424 3431 3594 3502 ὄνομα
3621 3432 3787 3486 αὑτοῦ

2209 3520 2449 3591 Ἰησοῦν·
2493 3520 2656 3585 αὐτὸς
2695 3520 2804 3592 γὰρ
2849 3520 3013 3575 σώσει
3055 3521 3148 3576 τὸν
3175 3522 3302 3577 λαὸν
3331 3522 3498 3577 αὐτοῦ
3540 3523 3646 3576 ἀπὸ
3677 3525 3789 3580 τῶν

2193 3612 2478 3683 ἁμαρτιῶν
2517 3611 2703 3667 αὑτοῦ.
2755 3631 2773 3664 ι
2820 3613 2884 3666 El
2927 3609 3022 3667 οὖν
3063 3613 3307 3686 Ἰησοῦς,
3351 3614 3464 3668 ἀλλ’
3497 3615 3616 3684 οὐχὶ
3658 3616 3790 3685 Ἐμε-

2197 3703 2438 3776 μανουὴλ
2475 3704 2535 3757 τὸ
2568 3703 2856 3776 ἐπώνυμον
2902 3705 3124 3776 εἴληφεν
3157 3707 3186 3758 6
3235 3706 3440 3778 Κύριος
3494 3706 3648 3778 ἡμῶν
3695 3707 3789 3761 καὶ

2194 3797 2406 3868 Σωτὴρ,
2432 3797 2496 3850 ὲκ
2521 3795 2620 3866 τῆς
2647 3795 2921 3868 Παρθένου
2961 3797 3241 3870 γεννηθεὶς
3270 3799 3412 3853 κατά
3445 3798 3544 3870 τὴν
3579 3817 3788 3872 προφηο

2193 3887 2370 3941 τείαν·
2407 3887 2526 3951 πῶς
2559 3887 2624 3941 ἂν
2660 3887 2742 3941 ἔτι
2773 3887 3042 3959 ἠλήθευσε
3068 3887 3130 3942 τὸ
3157 3889 3338 3959 λόγιον
3369 3890 3572 3961 φῆσαν,
3615 3911 3632 3942 ι
3674 3893 3788 3946 Καὶ

2193 3981 2482 4034 καλέσουσι
2505 3979 2567 4034 τὸ
2585 3980 2756 4051 ὄνομα
2782 3981 2947 4035 αὑτοῦ
2987 3982 3369 4052 Ἐμμανουήλς
3410 4003 3428 4034 ι
3457 3984 3654 4055 Διόπερ
3682 3987 3787 4039 οὐκ

2192 4072 2407 4144 εἴρηται
2452 4071 2550 4143 μὲν
2597 4072 2800 4136 οὕτως·
2853 4074 2915 4126 ού
2969 4073 3079 4146 γὰρ
3131 4072 3354 4144 ἔμελλεν
3405 4075 3510 4128 ὑπὸ
3564 4077 3785 4130 πάντων

2190 4164 2363 4236 τούτῳ
2391 4165 2671 4218 καλεῖσθαι
2700 4164 2778 4237 τῷ
2808 4168 3193 4238 προσρήματι·
3230 4166 3472 4238 ἀκριϐῶς
3505 4168 3563 4222 δὲ
3590 4168 3618 4222 6
3648 4185 3789 4240 προ-

2190 4257 2416 4328 φητικδς
2457 4257 2634 4326 λόγος,
2673 4276 2692 4308 ι
2735 4258 2845 4310 Καὶ
2879 4257 3147 4322 καλέσεις,
3195 4278 3213 4310 ι
3255 4259 3519 4330 περιέχει.
3564 4261 3636 4314 Σὺ
3670 4260 3782 4331 γὰρ

2189 4343 2372 4408 αὐτὸς,
2407 4344 2436 4396 6
2462 4340 2608 4408 οἶκος
2640 4345 2823 4407 Δαυῒδ,
2857 4346 2924 4398 δι’
2954 4347 3012 4400 ὃν
3055 4347 3235 4415 ταῦτα,
3269 4347 3605 4414 θεσπίζεται,
3653 4350 3782 4404 σύν-

2195 4435 2346 4507 θημα
2393 4437 2666 4509 σωτηρίας
2717 4435 2898 4491 λαϐὼν
2944 4439 3083 4492 κατὰ
3124 4439 3213 4492 τὸν
3257 4440 3448 4512 καιρὸν
3489 4445 3588 4514 τῆς
3639 4441 3778 4515 πρὸς

501 4508 662 4566 micis
706 4511 1056 4583 congrederis
1078 4551 1096 4578 ,
1130 4514 1306 4583 ipsum
1361 4516 1772 4575 Emman‘uelem
1803 4536 1935 4576 voca
1962 4562 1978 4588 ,
2029 4532 2085 4578 et

2202 4529 2314 4591 τοὺς
2350 4508 2638 4598 πολεμίους
2690 4529 2986 4602 συμϐολῆς,
3054 4508 3404 4603 Ἐμμανουηλ
3453 4508 3628 4595 κάλει.
3681 4508 3778 4588 καὶ

499 4601 746 4657 victoria
790 4603 859 4658 de
890 4602 1132 4658 inimicis
1168 4615 1338 4675 partae
1381 4617 1664 4666 auctorem
1705 4611 1916 4667 ascribe
1948 4630 1960 4666 :
1993 4614 2087 4682 qui

2202 4621 2291 4692 τῆς
2321 4621 2429 4674 τῶν
2464 4620 2738 4693 πολεμίων
2769 4622 2936 4694 ἥττης
2986 4625 3293 4697 ἐπιγράφου
3332 4623 3518 4678 τοῦτον
3564 4625 3732 4678 αἴτιον
3754 4642 3770 4656 ·

497 4691 793 4762 aliquando
822 4693 1040 4763 quidem
1078 4709 1147 4750 ex
1201 4696 1422 4766 Virgine
1466 4701 1808 4770 nasciturus,
1851 4705 1946 4759 sed
1971 4703 2084 4774 jam

2202 4717 2254 4768 ὲκ
2297 4713 2576 4787 Παρθένου
2605 4691 2716 4786 μὲν
2749 4691 3145 4787 γεννησόμενόν
3189 4691 3340 4783 ποτε,
3387 4720 3486 4790 ἤδη
3531 4720 3589 4773 δὲ
3639 4720 3773 4774 Θεὸν

500 4784 644 4840 Deus
671 4796 728 4842 et
751 4787 1026 4842 nobiscum
1046 4797 1150 4852 est,
1179 4789 1362 4859 etjatn
1393 4789 1492 4848 tibi
1521 4809 1717 4864 magna
1750 4797 1817 4852 ad
1852 4797 2084 4854 salutem

2202 4804 2336 4868 5ντα,
2382 4784 2475 4858 καὶ
2525 4784 2642 4876 μεθ’
2678 4804 2835 4875 ἡμῶν
2875 4784 3024 4868 ὄντα,
3071 4806 3318 4859 ἐντεῦθεν
3357 4784 3419 4860 δὲ’
3446 4784 3546 4880 ἧίδη
3580 4809 3647 4862 τὰ
3676 4826 3776 4879 με·

501 4877 712 4932 tribuit.
743 4878 934 4933 Divino
971 4880 1156 4948 itaque
1181 4891 1452 4952 praecepto
1485 4883 1646 4939 (idem
1687 4886 1896 4944 habens
1920 4929 1936 4954 ,
1968 4889 2084 4946 fre-

2202 4895 2330 4965 γάλα
2365 4896 2500 4968 πρὸς
2528 4895 2803 4967 σωτηρίαν
2834 4896 3226 4969 χαριτούμενόν
3256 4915 3356 4952 σοι.
3376 4877 3654 4953 Πιστεύων
3676 4877 3773 4954 οὖν

495 4979 732 5041 quenter
757 4971 930 5038 ipsum
961 4972 1153 5030 invoca
1178 4974 1514 5043 adiutorem,
1539 4977 1946 5037 Emmanuelem
1981 4999 2082 5055 ap-

2202 4986 2265 5058 τῷ
2326 4987 2454 5058 θείῳ
2508 4989 2925 5060 προστάγματι,
2987 4990 3225 5060 συνεχῶς
3297 4991 3458 5044 αὐτὸν
3508 4992 3771 5047 ὲπικαλοῦ

497 5061 726 5132 pellans.
755 5061 996 5128 Quadam
1034 5067 1183 5121 enim
1213 5067 1526 5136 hujusmodi
1576 5086 1673 5125 ceu
1705 5073 2081 5133 incantatione

2202 5076 2402 5148 Βοηθὸν,
2453 5079 2800 5150 Ἐμμανουήλ
2841 5079 3142 5150 ὀνομάζων.
3181 5082 3449 5152 Τοιαύτης
3496 5085 3602 5156 γάρ
3627 5103 3772 5149 τινος

499 5169 637 5224 opus
663 5161 746 5207 est
771 5192 787 5216 ,
815 5163 874 5208 ιιι
908 5171 974 5210 ne
1019 5156 1357 5214 daemonibus
1395 5161 1750 5219 auxiliaribus
1790 5169 2040 5222 attendas
2064 5207 2082 5232 ,

2202 5171 2373 5243 ὒσπερ
2422 5171 2635 5242 ἐπῳδῆς
2669 5173 2845 5244 χρεία,
2892 5174 3029 5246 πρὸς
3066 5175 3128 5228 τὸ
3175 5175 3249 5247 μὴ
3292 5176 3509 5248 δαίμοσι
3553 5179 3768 5252 βοηθοῖς

498 5249 595 5302 sed
625 5247 797 5302 solum
825 5247 1235 5306 Emmanuelem
1263 5254 1482 5309 invoces
1505 5293 1522 5320 ,
1555 5270 1620 5310 ac
1650 5271 1746 5326 per
1775 5257 1946 5327 ipsum
1991 5276 2082 5316 sa-

2202 5263 2471 5334 τροσέχειν
2492 5280 2504 5292 ·
2553 5263 2712 5333 μόνον
2743 5263 2799 5316 δὲ
2830 5265 2921 5318 τὸν
2981 5267 3324 5338 Ἐμμανουὴλ
3365 5247 3761 5340 ἐπικαλεῖσθαι,

499 5340 664 5394 lutem
693 5341 1050 5398 nanciscaris.
1078 5343 1333 5400 Nonnulli
1368 5361 1500 5402 vero
1526 5349 1638 5404 ha’c
1680 5350 1904 5408 minime
1931 5356 2079 5423 cogi-

2202 5355 2277 5405 ιαὶ
2311 5353 2378 5406 δι’
2412 5352 2578 5405 αὑτοῦ
2610 5351 2900 5416 σώζεσθαι.
2928 5355 3114 5409 Ταῦτα
3157 5357 3230 5428 μὴ
3260 5361 3552 5430 νοήσαντές
3599 5381 3762 5427 τινες,

499 5441 676 5487 tantes
695 5472 713 5500 ,
741 5433 793 5487 in
825 5432 1114 5504 Evangelio
1143 5437 1438 5498 secundum
1469 5438 1783 5496 Matthazum
1813 5485 1828 5507 ,
1859 5459 1957 5513 pro
1982 5445 2072 5499 illo

2209 5461 2235 5494 ν
2265 5441 2344 5513 τῷ
2368 5442 2510 5498 κατά
2536 5443 2811 5497 Ματθαίον
2843 5447 3178 5519 Εὐαγγελίῳ,
3203 5450 3323 5502 ἀντὶ
3347 5450 3462 5513 τοῦ,
3497 5471 3514 5502 ι
3550 5457 3641 5505 καὶ
3665 5473 3766 5507 κα·-

500 5541 522 5576 ‹
560 5532 616 5577 et
642 5525 887 5590 vocabis,
924 5545 944 5578 ι
987 5545 1007 5578 ι
1039 5535 1094 5581 et
1118 5528 1410 5597 vocabunt,
1445 5548 1465 5582 ι
1496 5533 1764 5603 scripsere
1801 5555 1815 5591 :
1846 5544 1902 5591 at
1943 5551 2073 5608 pro-

2202 5535 2373 5601 ηέσεις,
2395 5555 2516 5587 ι--ι
2537 5537 2630 5589 καὶ
2644 5536 2949 5603 καλέσουσι,
2988 5557 3004 5591 ι
3045 5543 3404 5613 πεποιήκασιν
3424 5562 3438 5574 ·
3465 5544 3561 5614 οὐχ
3590 5543 3764 5609 οὕτως

493 5615 715 5684 phetica
769 5617 930 5672 lectio
973 5633 1077 5672 non
1105 5618 1189 5675 sic
1216 5618 1416 5689 habet;
1445 5625 1542 5681 sed
1583 5623 1855 5685 Hebratca
1911 5629 2072 5687 lectio

2204 5629 2402 5703 χούσης
2429 5631 2528 5702 τῆς
2553 5631 2899 5704 προφητικῆς
2920 5631 3118 5700 λέξεως
3142 5652 3154 5664 ·
3187 5635 3220 5706 ἦ
3254 5653 3312 5689 τε
3348 5636 3454 5710 γὰρ
3498 5636 3762 5710 Ἑϐραῐκὴ

565 5795 612 5828 ⁸⁸
635 5794 825 5852 Matth.
863 5813 900 5858 ι,
929 5797 1017 5856 20.
1059 5796 1149 5855 21.

452 5913 840 6291 Χ
