4062 6400
326 299 424 354 157

1237 293 1744 350 COMMENTARIA
1781 293 1848 348 1N
1889 292 2146 348 ISAIAM.
2185 325 2254 334 —
2289 291 2442 348 CAP.
2486 287 2594 343 V'll.

3473 285 3571 338 l58

323 413 496 485 φωνὴ,
526 412 694 485 ταύτῃ
728 415 1184 487 τεςκαταλληλως,
1230 415 1323 469 καὶ
1364 416 1600 480 ἅπαντες
1639 416 1688 469 0i.
1727 417 1898 487 ἑρμη-

2007 429 2120 469 cum
2145 415 2245 468 hac
2277 421 2456 466 nostra
2488 407 2742 477 congruit
2769 428 2782 462 ;
2814 414 2866 460 et
2903 419 3095 460 omnes
3130 404 3452 472 interpretes
3487 419 3574 454 ro-

322 509 528 571 νευταὶ,
562 506 863 574 καλέσεις,
891 508 1269 562 ὲκδεδώκασιν.

401 619 421 652 ί
459 599 850 670 Βούτυρονκαί
881 600 1001 670 μέλι
1029 600 1280 669 φάγεται,
1317 603 1445 673 πρὶν
1478 601 1510 672 ἢ
1557 600 1758 669 γνῶναι
1799 599 1900 653 αὐ-

323 691 435 756 τὸν,
466 690 498 762 ἦ
531 689 851 761 προελέσθαι
887 689 1118 762 πονηρὰ,
1147 692 1466 757 ἐκλέξασθαι
1499 692 1560 746 τὸ
1601 691 1826 761 ἀγαθόν.
1877 711 1894 742 ι

324 783 388 836 Εἰ
406 781 535 852 γοῦν
562 781 858 852 θαυμάζεις
883 782 1014 835 Θεὸν
1046 783 1383 855 γεννώμενον
1412 783 1646 847 ἁκούων,
1684 783 1902 836 πίστευ-

325 892 441 938 σον,
481 876 563 928 ὄτι
597 875 690 928 καὶ
726 877 897 946 τροφῇ
945 875 1152 946 νηπίων
1197 879 1480 948 χρήσεται.
1513 877 1587 930 Ού
1616 878 1727 949 γὰρ
1763 877 1902 931 κατά

322 985 444 1021 τινα
498 968 798 1037 φαντασίαν
831 967 1122 1040 ὀφθήσεται
1154 969 1468 1041 ἄνθρωπος,
1507 970 1619 1042 (Η)
1669 968 1792 1022 οὔτε
1824 969 1902 1040 τῷ

323 1059 501 1114 δοκεῖν
547 1058 698 1112 ἔσται
747 1059 808 1112 τὸ
855 1060 1172 1130 γινόμενον·
1223 1061 1336 1114 ἀλλ’
1385 1061 1600 1130 ἀληθῶς
1647 1063 1902 1132 τοιαύτην

286 1186 289 1190 -
325 1151 590 1222 ὑπομενεῖ
633 1151 918 1220 γέννησιν,
965 1150 1038 1216 ὡς
1087 1154 1408 1224 κοινωνῆσαι
1441 1153 1649 1222 νηπίων
1695 1154 1897 1223 τροφῇ*

327 1243 573 1315 βουτύρῳ
592 1243 734 1312 λέγω
758 1245 853 1297 καὶ
875 1244 1049 1315 μέλιτι
1072 1245 1272 1316 ὁμοίως
1296 1248 1406 1309 τοῖς
1429 1245 1632 1308 λοιποῖς
1658 1245 1898 1317 βρέφεσι.

325 1334 495 1404 Τοῦτο
525 1335 623 1406 μὲν
647 1330 738 1388 οὖν
763 1335 1128 1407 ἀνθρώπινον⁸
1166 1337 1225 1389 τὸ
1251 1337 1309 1390 δὲ
1336 1339 1434 1408 τῆς
1461 1339 1711 1410 θεότητος
1737 1337 1900 1391 αὑτοῦ

324 1427 728 1497 παραστατικὸν
749 1428 920 1480 ἐκεῖνο
946 1427 1010 1481 ἂν
1037 1429 1146 1498 εἴη,
1173 1429 1254 1482 ὅτι
1277 1431 1405 1500 πρὶν
1436 1429 1469 1501 ἦ
1493 1430 1692 1499 γνῶναι
1717 1430 1898 1494 αὐτὸν,

323 1517 358 1587 ἢ
393 1517 710 1588 προελέσθαι
744 1519 974 1590 πονηρά,
1023 1519 1298 1586 ὲκλέξεται
1340 1522 1400 1574 τὸ
1431 1521 1667 1590 ἀγαθὸν,
1700 1525 1794 1576 καὶ
1834 1523 1902 1576 τά

325 1609 472 1680 ἑξῆς.
508 1611 769 1682 Σημαίνει
811 1611 868 1664 δὲ
899 1615 928 1665 ὁ
959 1612 1135 1680 λόγος,
1171 1614 1252 1666 ὃτι
1297 1617 1391 1668 καὶ
1431 1616 1558 1687 παρ’
1603 1615 1771 1686 αὐτὴν
1803 1617 1901 1688 τὴν

325 1703 575 1773 γέννησιν
602 1703 930 1777 διακριτικός
959 1721 1043 1768 τις
1085 1701 1170 1776 ἦν,
1205 1707 1296 1758 καί
1331 1706 1553 1775 ἀγαθῶν
1595 1707 1896 1779 ποιητικὸς,

2005 506 2150 561 cabis
2174 504 2479 559 ediderunt.

2086 597 2247 652 Vens.
2285 595 2370 649 l5.
2403 613 2421 646 ‹
2461 594 2719 660 Butyrum
2753 599 2806 646 et
2835 588 2939 645 mel
2965 588 3248 650 comedet,
3278 594 3570 654 antequam

2003 691 2139 746 sciat
2162 690 2296 760 ipse,
2330 696 2419 741 aut
2444 685 2725 756 praeligat
2771 684 2934 748 mala,
2969 681 3173 750 eligere
3203 679 3426 734 bonum.
3459 696 3478 729 ι
3511 678 3568 730 Si
3617 725 3620 730 .

2003 796 2134 850 ergo
2173 778 2391 834 miraris
2416 818 2431 842 ,
2463 792 2584 833 cum
2610 775 2799 830 audias
2841 783 3027 827 natum
3059 771 3227 826 Deum
3255 809 3271 835 ,
3303 777 3357 823 at
3383 769 3572 830 crede.

2003 873 2259 944 quoniam
2301 871 2586 927 infantium
2629 868 2751 922 cibo
2789 881 2987 920 usurus
3015 875 3116 918 est.
3157 863 3272 918 Non
3314 861 3455 916 enim
3489 877 3575 915 sc-

2003 966 2240 1022 cuudum
2295 962 2582 1034 quamdam
2637 958 2980 1031 phantasiam
3034 958 3197 1012 homo
3247 954 3572 1025 apparebit,

2004 1073 2179 1127 neque
2236 1056 2446 1127 species
2486 1053 2659 1108 solum
2707 1052 2814 1105 erit
2869 1049 2922 1104 id
2972 1049 3114 1119 quod
3144 1049 3426 1119 gignctur;
3479 1047 3572 1100 sed

2003 1152 2247 1206 eumdem
2287 1164 2474 1205 revera
2522 1158 2705 1202 ortum
2763 1143 2997 1208 subibit,
3051 1145 3124 1197 ita
3178 1153 3237 1196 ut
3283 1141 3570 1197 infantium

2005 1243 2263 1298 alimento
2303 1251 2513 1306 utatur,
2546 1241 2742 1311 butyro
2769 1238 3019 1293 videlicet
3046 1247 3099 1292 et
3126 1235 3282 1291 melle
3305 1274 3322 1301 ,
3351 1235 3577 1304 perinde

2003 1346 2168 1406 atque
2201 1335 2290 1388 alii
2327 1333 2584 1390 infantes.
2613 1335 2675 1388 Et
2711 1335 2812 1389 hoc
2857 1332 3072 1402 quidem
3118 1331 3410 1383 humanum
3449 1335 3570 1380 est:

2003 1431 2142 1499 quod
2166 1437 2343 1483 autem
2392 1429 2645 1483 deitatem
2692 1427 2807 1497 ejus
2831 1427 3069 1481 declarat
3105 1423 3233 1478 illud
3273 1432 3356 1478 est
3380 1466 3396 1488 ,
3430 1424 3574 1492 quod

2004 1521 2314 1591 priusquam
2346 1520 2436 1574 ille
2467 1520 2607 1573 mala
2641 1521 2725 1574 vel
2757 1519 2965 1573 noverit
2999 1517 3081 1570 Vel
3121 1515 3437 1585 prmtulerit,
3485 1515 3578 1568 eli-

2004 1623 2092 1682 get
2129 1601 2328 1666 bonum
2354 1653 2369 1678 ,
2404 1623 2511 1666 etc.
2551 1610 2648 1667 His
2687 1627 2850 1682 porro
2881 1610 3219 1680 signiﬁcatur
3250 1609 3334 1662 vel
3373 1607 3426 1661 in
3461 1607 3579 1675 ipso

2002 1714 2126 1756 ortu
2154 1701 2501 1756 discernendi
2529 1703 2580 1755 vi
2610 1702 2893 1772 praeditum
2921 1741 2938 1765 ,
2962 1715 3025 1755 ac
3052 1701 3314 1755 honorum
3340 1705 3577 1768 patrato-

324 1797 354 1846 ὁ
399 1795 779 1866 Ἐμμανουήλ,
813 1795 872 1848 τὸ
912 1795 1154 1867 κριτικὸν
1197 1798 1256 1863 ἐξ
1302 1799 1512 1852 ἐκείνου
1549 1799 1899 1869 κεκτημένος,

2008 1809 2118 1848 rem
2161 1793 2562 1848 Emmanuelem
2590 1794 2778 1859 fuisse,
2802 1793 2914 1861 jam
2940 1803 3066 1847 tunc
3105 1791 3292 1863 judicii
3320 1790 3577 1846 facultate

327 1889 420 1940 καὶ
448 1888 837 1959 ἀποσειόμενος
880 1889 978 1960 μὲν
1011 1889 1072 1942 τὸ
1101 1891 1297 1944 κακόν’
1334 1891 1491 1962 μόνον
1519 1891 1576 1944 δὲ
1603 1891 1665 1944 τὸ
1702 1891 1902 1959 ἀγαθὸν

325 1978 744 2050 ἀποδεχόμενος.
786 1978 1054 2050 Τοιαύτης
1084 1979 1193 2051 γὰρ
1240 1980 1428 2049 ἔσται,
1480 1981 1648 2053 φησὶ,
1690 1980 1903 2051 φύσεως

327 2072 420 2124 καὶ
443 2072 502 2137 ἐξ
535 2071 704 2143 αὐτῆς
729 2071 826 2143 τῆς
866 2072 1193 2142 γεννήσεως.

405 2183 422 2214 ι
466 2163 575 2216 Καὶ
613 2163 763 2216 ἐσται
813 2164 870 2215 ὲν
912 2165 979 2233 τῇ
1012 2161 1198 2235 ἡμέρᾳ
1232 2162 1436 2234 ἐκείνῃ,
1491 2165 1665 2234 συριεῖ
1702 2162 1905 2234 Κύριος

331 2255 538 2325 μυίαις,
590 2255 649 2308 αἳ
702 2254 1051 2326 κυριεύσουσι
1099 2255 1263 2326 μέρος
1311 2253 1558 2325 ποταμοῦ
1603 2254 1902 2322 Αἰγύπτου,

329 2346 426 2399 καὶ
456 2348 520 2416 τῇ
566 2345 818 2419 μελίσσῃ,
847 2346 881 2416 ἦ
910 2348 1056 2398 ἐστιν
1084 2348 1142 2400 ὲν
1164 2345 1319 2417 χώρᾳ
1363 2347 1683 2418 Ἀσσυρίων.
1724 2367 1743 2400 ι
1795 2349 1904 2418 Ση-

333 2435 512 2506 μαίνει
539 2436 629 2489 διὰ
653 2436 856 2489 τούτων
883 2438 911 2489 ὀ
935 2435 1092 2504 λόγος
1115 2436 1431 2504 Αἰγυπτίων
1460 2436 1670 2508 ἀνδρῶν
1695 2437 1902 2506 ἔφοδον,

328 2526 424 2591 οὓς
468 2545 634 2597 φησιν
671 2526 820 2598 ἥξειν
859 2527 952 2579 ἐπὶ
993 2528 1093 2598 τὴν
1129 2526 1388 2580 Ἰουδαίαν
1412 2527 1596 2598 χώραν
1630 2528 1730 2582 οὐκ
1778 2529 1905 2584 ἄνευ

329 2619 466 2673 Θεοῦ
488 2662 504 2685 ,
538 2620 765 2690 νεύματι
795 2621 994 2683 αὐτοὺς
1019 2619 1114 2672 τοῦ
1149 2619 1355 2689 Κυρίου
1383 2619 1762 2692 διεγείροντος,
1808 2621 1904 2675 κοιλ¹

327 2713 518 2784 ὥσπερ
593 2711 889 2784 συρίγματι
951 2711 1344 2784 παρορμῶντος
1398 2713 1594 2775 αὐτοὺς
1651 2711 1760 2766 ἀπὸ
1809 2715 1907 2784 τῆς

330 2803 608 2872 Αἰγύπτου
643 2821 657 2835 ο
691 2805 785 2857 καὶ
816 2805 918 2857 ούκ
949 2802 1057 2857 ἀπὸ
1089 2803 1272 2874 πάσης
1303 2803 1528 2872 ταύτης,
1561 2803 1677 2857 ἀλλ’
1709 2805 1775 2858 ὲκ
1809 2805 1904 2876 μέ-

333 2911 460 2965 ρους
506 2895 702 2967 αὐτῆς.
741 2897 810 2948 Ἦ
841 2896 936 2949 καὶ
967 2895 1056 2948 διὰ
1085 2895 1148 2948 τὸ
1173 2894 1392 2966 λύθροις
1423 2895 1520 2949 καλ⁵
1567 2895 1762 2966 αἵμασι
1794 2899 1906 2960 τοῖς

331 2984 473 3038 κατὰ
518 2986 616 3057 τὴν
663 2985 969 3058 ἀκάθαρτον
1020 2985 1460 3058 εἰδωλολατρείαν
1518 2986 1728 3057 χαίρειν
1781 2989 1906 3051 τοὺς

331 3077 682 3145 Αἰγυπτίους,
730 3078 1066 3151 παραϐάλλει
1112 3079 1298 3148 μυίαις
1330 3077 1522 3141 αὐτούς
1546 3095 1560 3107 ·
1599 3078 1698 3149 τὴν
1719 3078 1775 3132 δὲ
1799 3079 1904 3132 τῶν

343 3169 646 3240 Ἀσσυρίων
683 3169 983 3242 πολεμικὴν
1008 3171 1236 3242 δύναμιν
1267 3170 1356 3224 διὰ
1382 3168 1442 3224 τὸ
1471 3169 1748 3240 πολεμικῷ
1780 3172 1903 3224 κέν-

325 3277 446 3334 τρῳ
468 3261 790 3332 κεχρῆσθαι,
821 3263 917 3316 καὶ
946 3263 1052 3316 τῶν
1085 3262 1286 3315 λοιπῶν
1312 3261 1482 3316 ἐθνῶν
1506 3262 1627 3315 τότε
1659 3265 1900 3334 κρατεῖν,

335 3351 566 3422 μελίσσῃ
601 3352 891 3406 ἀπείκασε.
945 3353 1129 3406 Ταῦτα
1173 3352 1229 3405 δὲ
1273 3351 1574 3424 ἐπληροῦτο
1602 3352 1743 3406 κατὰ
1777 3353 1902 3416 τοὺς

328 3442 556 3512 χρόνους
601 3443 701 3512 τῆς
753 3441 974 3514 πρώτης
1020 3443 1334 3515 πολιορκίας
1373 3442 1741 3515 Ἰερουσαλὴμ,
1779 3442 1902 3496 καθ’

327 3533 423 3598 οὓς
440 3535 723 3603 Αἰγύπτιοι
743 3536 840 3606 μὲν
854 3537 902 3588 οἱ
920 3535 1241 3607 καλούμενοι
1270 3539 1421 3608 μυῖαι
1437 3537 1482 3606 (l
1494 3535 1570 3607 5),
1595 3537 1682 3590 ὅτε
1698 3535 1902 3590 τούτων

333 3626 585 3698 βασιλεὺς
613 3627 812 3699 Φαραὼ
845 3628 1087 3682 ἐπελθὼν
1122 3633 1185 3701 τῇ
1233 3629 1520 3691 Ἰουδαίων,
1549 3629 1640 3683 τὸν
1695 3629 1900 3682 Ἰωσίαν

329 3713 420 3769 τὸν
472 3715 694 3785 βασιλέα
735 3716 838 3787 τῆς
878 3718 1263 3789 Ἰερουσαλὴμ,
1313 3717 1423 3772 τῶν
1476 3717 1758 3789 ἐπιφανῶν
1809 3719 1903 3770 καὶ

331 3805 592 3876 θεοφιλῶν
619 3809 824 3880 ἀνδρῶν
853 3809 1066 3874 οὐδενὸς
1091 3809 1362 3883 δεύτερον,
1402 3812 1635 3884 ἀναιρεῖ.
1671 3806 1780 3862 Εἶτ’
1803 3809 1902 3862 οὑκ

329 3901 410 3961 εἰς
449 3899 667 3970 μακρὰν
692 3901 721 3953 ὁ
745 3899 852 3953 τῶν
886 3901 1242 3954 Βαϐυλωνίων
1279 3901 1527 3972 βασιλεὺς
1569 3900 1903 3971 Ναϐουχοδο-

2004 1887 2330 1942 instructum
2367 1901 2381 1940 :
2407 1901 2471 1940 ac
2496 1886 2694 1940 malum
2717 1887 2934 1956 quidem
2964 1887 3347 1948 excutientem,
3377 1884 3576 1938 bonum

2004 1994 2134 2034 vero
2169 1981 2431 2033 duntaxat
2463 1979 2903 2048 amplectentem.
2925 1977 3074 2032 Talis
3102 1977 3302 2049 quippe
3349 1988 3575 2039 naturze,

2005 2069 2198 2138 inquit,
2225 2069 2309 2124 vel
2344 2070 2412 2124 ab
2445 2070 2560 2138 ipso
2587 2079 2710 2124 ortu
2749 2068 2964 2125 futurus
2990 2080 3098 2125 est.

2075 2160 2238 2216 Vnus.
2281 2161 2368 2216 18.
2411 2182 2429 2212 ι
2464 2161 2530 2216 Et
2553 2162 2660 2216 erit
2689 2162 2740 2215 in
2768 2161 2856 2215 die
2881 2162 2990 2226 illa,
3031 2163 3271 2217 sibilabit
3321 2161 3579 2220 Dominus

2007 2256 2228 2317 muscis,
2260 2266 2380 2319 quae
2400 2251 2831 2306 dominabuntur
2857 2253 2997 2322 parti
3029 2253 3268 2307 ﬂuminis
3312 2253 3536 2325 [Egypti
3559 2293 3575 2318 ,

2003 2353 2058 2396 et
2081 2343 2168 2412 api
2191 2381 2206 2406 ,
2248 2358 2370 2412 quae
2397 2345 2559 2399 estin
2590 2343 2812 2413 regione
2856 2345 3225 2414 Assyriorum.
3271 2363 3288 2394 ι
3323 2345 3417 2401 llis
3445 2361 3577 2400 vero

2004 2436 2274 2501 signilicat
2308 2434 2689 2504 IEgyptiorum
2724 2435 2965 2489 virorum
3009 2436 3366 2506 irruptionem
3393 2455 3408 2491 :
3439 2453 3578 2508 quos

2006 2527 2081 2580 ait
2104 2542 2208 2581 non
2240 2527 2360 2581 sine
2385 2526 2493 2580 Deo
2519 2536 2778 2581 venturos
2820 2541 2943 2582 esse
2980 2529 3032 2582 iu
3059 2528 3366 2583 Judzeorum
3395 2531 3578 2600 regio-

2008 2633 2171 2682 nem,
2207 2618 2432 2672 Domino
2476 2633 2573 2687 per
2619 2619 2794 2672 solum
2833 2631 3022 2675 nutum
3063 2631 3473 2685 commovente,
3526 2635 3582 2676 et

2006 2711 2158 2778 quasi
2191 2711 2349 2765 sibilo
2379 2713 2650 2766 excitante
2675 2711 2796 2766 illos
2837 2729 2903 2767 ex
2933 2713 3166 2784 Egypto
3194 2729 3209 2766 :
3242 2729 3342 2768 nec
3365 2731 3431 2768 ex
3463 2723 3578 2768 tota

2008 2801 2095 2855 illa
2117 2841 2132 2866 ,
2163 2802 2258 2856 sed
2288 2817 2352 2855 ex
2401 2813 2552 2871 parte
2579 2804 2810 2873 quadam
2851 2805 3115 2873 ejusdem.
3147 2804 3239 2859 Vel
3261 2805 3386 2874 quia
3417 2805 3584 2876 Egy-

2008 2894 2103 2961 ptii
2133 2937 2148 2959 ,
2179 2908 2379 2949 cruore
2408 2903 2463 2949 et
2510 2897 2778 2966 sanguine
2811 2897 2877 2950 ah
2923 2898 3130 2967 impura
3168 2897 3474 2952 idololatria
3503 2900 3588 2952 ef-

2009 2986 2127 3040 fuso
2155 2986 2591 3054 delectabantur,
2626 2989 2772 3058 ipsos
2798 2989 2999 3044 muscis
3044 3000 3324 3059 comparat
3356 3007 3372 3044 :
3410 2992 3581 3060 Assy-

1955 3139 1970 3154 ἱ
2011 3081 2215 3132 riorum
2248 3089 2430 3133 autem
2472 3079 2720 3134 bellicam
2760 3081 3015 3135 virtutem
3043 3121 3058 3142 .
3121 3082 3267 3149 quod
3297 3080 3370 3136 illi
3397 3082 3579 3136 hostili

2009 3172 2217 3242 SpiCIIIO
2241 3181 2544 3238 uterentur,
2577 3187 2642 3226 ac
2675 3173 2886 3226 caeteris
2917 3181 3041 3226 tunc
3060 3173 3312 3242 gentibus
3344 3174 3580 3243 impera—

2012 3273 2168 3326 rent,
2212 3263 2298 3333 api
2330 3262 2560 3318 similem
2591 3263 2740 3318 dicit.
2784 3262 2908 3317 lla-c
2936 3279 3098 3333 porro
3136 3264 3405 3334 completa
3454 3273 3584 3320 sunt

2015 3366 2258 3426 tempore
2312 3356 2500 3425 prima:
2547 3355 3044 3426 Hierosolymorum
3107 3357 3440 3421 obsidionis,
3476 3375 3583 3428 qun

2010 3447 2246 3518 δείξῃ)ιῆ
2272 3449 2488 3516 quidem
2518 3489 2532 3509 ,
2570 3465 2768 3502 musca:
2795 3451 2923 3503 lllt'll
2951 3489 2966 3512 ,
3009 3465 3130 3504 cum
3160 3464 3285 3518 rege
3311 3465 3408 3503 suo
3439 3449 3575 3502 Pha-

2011 3555 2176 3593 raone
2203 3541 2585 3607 irrumpentcs,
2619 3538 2821 3593 Josiam
2863 3540 3582 3611 llierosolymorumregew.

2010 3630 2152 3684 inter
2179 3631 2504 3697 conspicuos
2539 3631 2930 3700 religiososque
2977 3631 3121 3687 viros
3155 3633 3352 3687 nemini
3385 3649 3580 3688 εεουιι.

2010 3719 2132 3772 dum
2164 3718 2570 3773 interfecerunt.
2621 3719 2736 3774 Non
2794 3721 2881 3775 diu
2943 3737 3066 3775 vero
3119 3732 3303 3790 postea
3355 3723 3581 3795 Babylo.

2011 3808 2219 3862 niorum
2272 3824 2366 3862 rex
2427 3807 2940 3875 Nabuchodonosor,
2987 3826 3109 3866 cum
3165 3814 3408 3869 exercitu
3470 3831 3586 3869 ma-

2010 3913 2113 3969 guo
2171 3901 2600 3969 superveniens,
2666 3902 2853 3956 urbem
2912 3905 3083 3972 ipsam
3140 3903 3384 3961 funditus
3433 3906 3581 3960 delc-

330 3991 491 4062 νόσορ
523 3993 620 4045 σὺν
673 3993 891 4066 μεγάλῃ
926 3997 1185 4066 στρατιᾶς
1226 3993 1448 4066 δυνάμει
1498 3992 1759 4057 ἐπελθὼν,
1808 3993 1905 4064 τὴν

2007 3991 2126 4054 vit,
2178 3991 2543 4062 templumque
2588 3994 2866 4056 incendit.
2913 4006 3132 4067 totaque
3183 4009 3341 4069 gente
3388 3999 3439 4052 in
3488 4015 3580 4055 ca-

333 4080 434 4149 μὲν
468 4081 622 4134 πόλιν
653 4082 821 4153 αὐτὴν
860 4085 924 4136 ἐκ
959 4083 1173 4154 βάθρων
1207 4079 1317 4136 εἷλε
1343 4125 1359 4150 ,
1391 4084 1483 4137 τὸν
1524 4081 1660 4135 νεὼν
1693 4100 1908 4153 πυρπο-

332 4167 502 4241 λήσας
527 4189 540 4202 ⁸
569 4173 629 4225 τὸ
662 4173 720 4225 δὲ
751 4175 858 4227 πᾶν
884 4173 1034 4238 ἔθνος
1059 4173 1659 4246 ἐξανδραποδισάμενος
1689 4174 1780 4226 καὶ
1808 4173 1909 4236 τάς

2007 4082 2309 4151 ptivilatem
2363 4086 2595 4140 abducta
2625 4126 2641 4150 ,
2692 4088 3025 4156 vastatisque
3071 4091 3305 4160 Cameris,
3332 4091 3579 4156 urbibus,

2008 4173 2320 4230 Judaeorum
2351 4177 2582 4246 regionis
2606 4178 2860 4249 Assyrios
2885 4179 3216 4237 habitatores
3244 4183 3546 4238 constituit.

335 4265 521 4329 λοιπάς
561 4265 774 4340 δῃώσας
821 4265 1035 4330 πόλεις,
1096 4267 1410 4339 Ἀσσυρίους
1463 4269 1753 4340 οἰκήτορας
1795 4268 1895 4338 τῆς
1939 4269 2202 4322 Ἰουδαίων
2228 4269 2530 4340 κατέστησε
2563 4269 2765 4342 χώρας.

410 4381 429 4413 ‹
482 4361 570 4412 Ἐν
596 4363 662 4431 τῇ
690 4360 872 4432 ἡμέρα
904 4361 1085 4431 ἐκείνῃ
1115 4359 1287 4432 ξυριεῖ
1321 4360 1522 4431 Κύριος
1549 4359 1627 4431 τῷ
1656 4359 1801 4432 ξυρῴ
1827 4359 1904 4431 τῷ

2081 4360 2242 4415 Vens.
2275 4360 2366 4418 20.
2404 4379 2423 4413 ι
2465 4362 2520 4415 In
2559 4362 2646 4416 die
2691 4361 2778 4416 illa
2812 4365 2963 4417 radet
3009 4363 3270 4418 Dominus
3319 4365 3578 4419 novacula

335 4453 558 4526 μεγάλῳ
592 4453 686 4506 καί⁵
723 4451 1149 4524 μεμεθυσμένῳ,
1199 4453 1227 4505 ὅ
1251 4455 1366 4506 ἐστι
1407 4451 1582 4524 πέραν
1609 4451 1704 4505 τοῦ
1740 4468 1905 4504 ποτα-

336 4547 436 4618 μοῦ
485 4543 580 4598 τοῦ
634 4544 897 4615 βασιλέως
960 4545 1283 4616 Ἀσσυρίων.
1334 4564 1350 4595 ι
1404 4545 1478 4597 Οὐ
1513 4544 1613 4614 τὴν
1661 4543 1904 4615 κεφαλὴν

335 4635 425 4692 οὖν
478 4638 644 4709 μόνην
698 4635 942 4708 ξυρήσει,
993 4636 1092 4706 τὴν
1135 4637 1300 4691 πάλαι
1349 4636 1628 4706 κομῶσαν,
1674 4637 1762 4688 ὅτε
1803 4635 1906 4706 τῆς

335 4731 658 4802 οἰκουμένης
687 4729 949 4800 ἐκράτουν
985 4728 1280 4799 Ἀσσύριοι,
1311 4726 1448 4781 ἀλλὰ
1470 4728 1564 4780 καὶ
1593 4727 1692 4790 τὰς
1713 4727 1905 4799 τρίχας

335 4823 440 4877 τῶν
477 4822 671 4885 ποδῶν,
703 4821 903 4893 δηλαδὴ
928 4821 988 4874 τὸ
1015 4821 1258 4892 ἀνδρεῖον
1293 4820 1498 4891 σχῆμα,
1539 4820 1632 4872 καὶ
1663 4822 1754 4872 τὸν
1786 4816 1902 4871 πώ-

336 4933 485 4983 γωνα
511 4933 524 4946 ·
563 4917 810 4969 τουτέστι
855 4915 945 4968 τὸν
985 4914 1127 4969 κατά
1168 4913 1328 4983 φύσιν
1362 4912 1584 4984 ἀνδράσι
1632 4911 1906 4984 πρέποντα

336 5006 558 5077 κόσμον.
612 5008 781 5078 Ξυρὸν
827 5006 883 5060 δὲ
931 5005 1342 5078 μεμεθυσμένον
1373 5005 1478 5058 ὑπὸ
1518 5003 1610 5058 τοῦ
1642 5003 1846 5075 Κυρίου
1878 5004 1906 5055 ό

339 5099 675 5170 προφητικὸς
701 5099 924 5152 ἐκάλεσε
944 5098 1101 5168 λόγος
1130 5097 1314 5169 ἔτερόν
1333 5114 1388 5149 τι
1412 5096 1684 5167 πολεμίων
1707 5094 1863 5163 γένος
1890 5109 1904 5124 ⁸

338 5189 405 5242 δι’
435 5183 495 5241 οὗ
523 5190 612 5242 τὸν
649 5189 871 5260 βασιλέα
893 5190 999 5241 τῶν
1040 5187 1360 5259 Ἀσσυρίων,
1384 5187 1581 5258 δηλαδὴ
1606 5185 1705 5258 τὴν
1729 5187 1908 5240 πᾶσαν

339 5280 516 5337 αὐτῶν
552 5279 826 5351 βασιλείαν
854 5297 913 5332 τε
941 5279 1035 5333 καὶ
1064 5280 1381 5332 δυναστείαν
1411 5277 1662 5349 ξυρήσειν
1689 5275 1791 5347 ἔφη
1818 5276 1908 5328 τὸν

339 5373 491 5436 Θεὸν,
522 5373 598 5437 ὡς
623 5372 882 5444 ταπεινὴν
922 5373 1116 5443 αὐτὴν,
1162 5372 1256 5425 καὶ
1315 5370 1593 5440 ἄνανδρον,
1644 5368 1739 5422 καὶ
1781 5367 1911 5421 άκο-

340 5481 477 5536 σμον
525 5466 616 5518 καὶ
644 5465 927 5536 ἀσχήμονα
961 5462 1256 5533 δειχθῆναι.
1286 5462 1420 5531 Παρ’
1455 5459 1624 5529 ἑτέρῳ
1666 5457 1756 5515 δὲ.
1789 5459 1911 5513 ἀντὶ

2014 4467 2208 4522 magna
2258 4462 2314 4507 et
2365 4453 2630 4507 inebriata
2661 4493 2676 4516 ,
2732 4455 2876 4522 quod
2901 4465 2984 4510 est
3018 4455 3157 4510 ultra
3188 4454 3407 4512 ﬂuvium
3444 4459 3586 4528 regis

2010 4544 2380 4612 Assyriorum.
2422 4564 2441 4597 ι
2484 4543 2599 4598 Non
2645 4556 2804 4614 caput
2833 4546 3008 4600 solum
3049 4549 3203 4602 radet
3240 4548 3369 4602 olim
3401 4563 3587 4602 coma-

2014 4645 2123 4689 tum
2143 4675 2158 4701 ,
2183 4651 2306 4690 cum
2350 4637 2560 4707 Assyrii
2589 4637 2708 4691 orbi
2743 4639 3110 4708 imperarent;
3142 4639 3233 4693 sed
3263 4639 3423 4693 etiam
3450 4641 3586 4708 pilos

2013 4726 2230 4794 pedum,
2268 4727 2476 4783 scilicet
2502 4729 2713 4783 virilem
2746 4731 3000 4795 formam,
3021 4739 3076 4784 et
3107 4731 3368 4795 barbam;
3402 4731 3452 4784 id
3477 4740 3585 4796 est,

2011 4828 2262 4872 ornatum
2299 4819 2443 4887 .viris
2496 4825 2795 4877 secundum
2848 4829 3098 4875 naturam
3139 4831 3585 4878 consentaneum.

2012 4908 2339 4964 Novaculam
2370 4927 2499 4966 vero
2547 4928 2573 4966 a
2620 4912 2727 4965 Deo
2762 4911 3081 4966 inebriatam
3110 4912 3253 4966 aliud
3285 4927 3455 4981 genus
3486 4913 3590 4968 ini-

2012 5002 2274 5058 micorum
2301 5015 2577 5074 nuncupat
2608 5005 2954 5075 propheticus
2978 5019 3160 5059 sermo
3195 5046 3207 5059 .
3241 5007 3398 5075 cujus
3423 5021 3585 5075 opera

2017 5106 2194 5162 regem
2229 5095 2590 5165 Assyriorum,
2621 5111 2716 5150 seu
2743 5106 2911 5149 totum
2940 5110 3127 5150 eorum
3156 5111 3380 5167 regnum
3411 5107 3465 5152 et
3489 5113 3586 5166 po-

2018 5185 2242 5238 tentiam
2286 5190 2610 5242 abrasurum
2664 5189 2829 5242 Deum
2870 5204 2992 5245 esse
3022 5190 3378 5260 pra-nuntiat;
3428 5190 3501 5244 ita
3531 5201 3588 5244 ut

2016 5274 2239 5332 humilis
2258 5319 2273 5342 ,
2299 5279 2554 5346 imbellis,
2592 5281 2864 5352 incompta
2890 5323 2904 5348 ,
2937 5291 2991 5336 et
3020 5281 3276 5337 deformis
3306 5295 3583 5353 appareat.

2017 5367 2123 5423 Pro
2178 5369 2270 5426 illo
2302 5381 2478 5427 autem
2508 5412 2524 5439 ,
2566 5391 2585 5425 ι
2628 5374 2895 5430 inebriata
2934 5374 3236 5440 novacula,
3279 5393 3299 5427 ι
3333 5375 3473 5429 alius
3507 5376 3590 5429 iu-

2018 5469 2250 5532 terpres,
2285 5484 2304 5516 ι
2343 5467 2592 5522 mercede
2617 5467 2908 5536 conducta,
2952 5488 2971 5522 ι
3001 5469 3182 5525 habet.

337 5557 432 5610 τοῦ
459 5556 888 5626 μεμεθυσμένῳ
910 5554 1089 5624 ξυρῷ,
1113 5554 1537 5624 μεμισθωμένῳ
1558 5550 1786 5622 εὕρηται
1813 5550 1987 5617 οὕτως
2009 5555 2235 5610 εἰπόντι.

411 5673 524 5744 (14)
559 5673 756 5729 Eadem
791 5671 949 5742 plane
982 5670 1341 5744 Hieronymus
1369 5671 1532 5726 habet
1564 5670 1632 5725 ad
1659 5668 1802 5726 hunc
1827 5670 2024 5728 locum.

418 5740 530 5816 (l5)
558 5745 678 5799 Haec
711 5740 839 5797 item
869 5744 1008 5810 apud
1044 5740 1454 5811 Hieronymum.

741 5841 1013 5918 Prrnop.
1062 5838 1180 5898 Gn.
1227 5839 1460 5901 XXIV.
