4062 6400
550 308 654 363 159

1222 308 1487 365 EUSEBH
1527 308 2010 367 CESARIENSIS
2048 310 2200 366 ΟΡΡ.
2239 309 2418 367 PARS
2456 311 2542 369 ill.
2583 342 2657 354 —
2691 309 3102 384 EXEGETICA.

3699 319 3716 371 I
3729 318 3794 372 40

624 426 786 479 Vsus.
821 425 884 478 21
907 467 922 489 ,
958 425 1046 481 22.
1087 443 1104 477 ι
1141 425 1204 480 Et
1233 428 1338 482 erit
1373 428 1427 482 in
1457 427 1545 483 die
1572 429 1684 495 illa,
1714 429 1919 485 nutriet
1963 431 2113 485 homo

2300 448 2318 481 ι
2359 430 2468 484 Καὶ
2496 428 2648 483 ἔσται
2679 431 2736 483 ὲν
2763 430 2831 500 τῆ
2863 429 3047 502 ἡμέρᾳ
3075 429 3256 500 ἐκείνῃ
3289 425 3480 500 θρέιατι
3512 430 3796 503 ἄνθρωπος

548 532 772 570 vaccam
813 517 971 571 boum
998 557 1012 580 ,
1037 529 1092 570 et
1119 519 1251 572 duas
1287 532 1439 573 oves.
1480 519 1549 574 Et
1577 521 1683 576 erit
1725 537 1754 576 a
1783 522 1937 592 copia
1964 521 2122 578 Iactis

546 625 712 679 quan.
743 607 978 674 facient,
1009 621 1065 663 ut
1098 612 1346 682 butyrum
1385 620 1442 666 et
1469 613 1574 668 mel
1625 613 1872 670 comedat
1904 616 2080 670 omnis
2103 654 2119 680 ,

546 701 640 770 qui
668 701 955 756 derelictus
990 700 1152 755 fuerit
1197 701 1250 755 in
1282 711 1450 758 terra.
1488 722 1508 756 ι
1548 703 1860 760 Extremam
1893 721 2123 776 pauper-

550 802 717 847 tatem
745 801 799 846 et
827 792 1055 862 inopiam
1086 794 1170 848 bis
1197 793 1546 863 subindicat;
1580 800 1687 852 imo
1715 797 1876 853 etiam
1898 809 1952 853 et
1983 799 2121 853 rari-

551 894 712 938 tatem
743 882 991 938 frumenti
1037 883 1103 939 ad
1137 885 1318 940 cibum
1352 888 1744 956 praestandum.
1793 887 1927 942 Nam
1977 889 2121 959 quod

543 989 651 1029 non
690 974 849 1030 boum
884 989 1096 1044 greges,
1154 975 1250 1031 sed
1275 992 1436 1030 unam
1473 984 1676 1032 tantum
1711 994 1932 1033 vaccam
1962 980 2122 1034 homo

545 1066 839 1134 possideat,
869 1075 925 1120 et
951 1067 1097 1136 quod
1131 1082 1241 1122 non
1266 1068 1429 1134 ovile,
1481 1071 1575 1124 sed
1602 1069 1738 1124 duas
1765 1081 1972 1127 tantum
1994 1087 2124 1128 oves

542 1158 690 1223 alat,
738 1167 995 1213 extrema:
1044 1159 1210 1214 fuerit
1279 1159 1473 1229 in0pia:
1523 1174 1943 1232 argumentum;
1993 1165 2122 1232 quin

542 1251 703 1305 etiam
732 1253 875 1319 quod
905 1252 1151 1307 residuus
1177 1252 1229 1305 in
1260 1260 1402 1308 terra
1423 1253 1652 1323 populus
1683 1257 1876 1326 butyro
1915 1264 2122 1310 tantum

540 1353 597 1397 et
624 1342 783 1398 melle
815 1343 992 1397 alatur
1011 1387 1024 1410 ,
1054 1344 1104 1398 id
1138 1342 1333 1399 famem
1363 1344 1518 1416 panis
1545 1345 1810 1401 declarat.
1837 1347 1932 1402 Hic
1961 1362 2122 1418 porro

530 1444 659 1492 erat
708 1434 934 1506 populus
967 1439 1065 1491 sub
1099 1436 1322 1493 Gotlolia
1348 1477 1364 1502 ,
1399 1454 1562 1508 quem
1611 1441 1681 1494 ob
1716 1439 1973 1494 frumenti
2031 1456 2124 1510 pe-

533 1527 752 1582 nuriam
779 1566 796 1594 ,
846 1528 1038 1598 exiguo
1084 1543 1341 1598 pecorum
1379 1528 1521 1585 lacte
1567 1538 1622 1586 et
1667 1529 1864 1602 butyro
1912 1531 1963 1584 in
2016 1531 2119 1585 ali-

541 1626 784 1672 mentum
835 1632 1058 1672 usurum
1104 1618 1434 1688 prmnuntiat
1487 1636 1500 1673 :
1557 1619 1810 1674 universa
1859 1619 2118 1691 regione,

531 1710 612 1764 ob
640 1710 876 1764 virorum
898 1711 1226 1778 paucitatem
1253 1710 1306 1764 in
1325 1711 1599 1766 desertum
1624 1720 1680 1766 et
1711 1711 1761 1764 in
1785 1708 1972 1780 spinas
1994 1725 2120 1764 con-

543 1815 720 1856 versa.

615 2009 777 2066 Vsus.
809 2009 906 2064 25.
952 2026 973 2061 ι
1023 2009 1090 2064 Et
1114 2020 1220 2064 erit
1245 2011 1302 2064 in
1335 2010 1422 2066 die
1452 2011 1542 2066 illa
1570 2051 1586 2078 ,
1614 2013 1794 2066 omnis
1839 2011 1996 2066 locus
2026 2010 2114 2065 ubi

536 2103 743 2159 fuerint
789 2101 936 2158 mille
963 2103 1132 2158 vineae
1159 2140 1176 2168 ,
1232 2103 1378 2157 mille
1421 2103 1714 2170 siclorum,
1750 2104 1802 2158 in
1846 2105 2115 2159 desertum

541 2198 651 2251 erit
676 2206 733 2252 et
773 2197 826 2251 in
875 2196 1109 2265 spinam.
1158 2213 1177 2246 ι
1219 2193 1371 2260 Quod
1412 2195 1575 2266 igitur
1626 2204 1772 2250 terra
1822 2195 2022 2251 inculta
2059 2205 2113 2250 et

539 2289 712 2360 spinis
741 2287 939 2343 referta
989 2288 1062 2343 sit
1083 2326 1104 2351 ,
1139 2286 1414 2342 frumento
1443 2288 1695 2354 carebit;
1745 2302 1920 2358 neque
1952 2288 2116 2343 homo

537 2381 628 2451 qui
660 2380 907 2436 residuus
932 2381 1040 2436 erit
1066 2419 1081 2445 ,
1111 2388 1317 2433 naturae
1341 2379 1668 2448 congruenti
1697 2380 1843 2442 cibo,
1874 2389 1967 2434 aut
1990 2380 2117 2436 vino

537 2475 830 2539 rmtrietur,
889 2471 998 2526 imo
1023 2470 1202 2540 potius
1239 2469 1385 2525 lacte
1411 2510 1426 2535 ,
1453 2473 1670 2543 butyro,
1694 2483 1749 2526 et
1786 2471 1983 2540 melle;
2017 2473 2115 2528 iis-

527 2581 640 2633 quo
671 2579 776 2619 non
809 2578 841 2619 a
873 2577 1166 2618 numeroso
1216 2560 1380 2618 boum
1413 2577 1576 2633 grege
1601 2601 1617 2629 ,
1652 2577 1830 2631 neque
1861 2563 1930 2618 ab
1959 2564 2118 2618 ovili-

527 2657 634 2710 bus
664 2656 1038 2725 congregatis,
1089 2653 1184 2708 sed
1212 2667 1278 2708 ex
1308 2653 1502 2706 ovibus
1533 2656 1857 2724 quibusdam
1898 2663 1954 2710 et
1996 2656 2116 2710 ani-

534 2746 766 2801 malibns
795 2743 1026 2799 miseris.
1056 2741 1189 2798 Nam
1217 2743 1355 2798 alius
1386 2757 1454 2798 ex
1485 2759 1588 2798 una
1619 2743 1811 2798 bucula
1833 2783 1852 2808 ,
1881 2743 2020 2800 alius
2049 2761 2114 2800 ex

534 2837 746 2893 duabus
772 2837 964 2892 ovibus
990 2838 1041 2891 id
1079 2835 1432 2890 mutuabitur.

610 3044 772 3100 Vsus.
801 3044 892 3100 25.
943 3062 963 3096 ι
1024 3043 1091 3098 Et
1118 3041 1299 3097 omnis
1339 3056 1494 3096 mons
1539 3051 1724 3097 aratus
1749 3043 2017 3110 arabitur,
2058 3054 2114 3098 et

2221 522 2450 594 δάμαλιν
2477 521 2615 592 βοῶν
2657 523 2753 576 καὶ
2797 523 2890 576 δύο
2937 522 3207 595 πρόϐατα.
3242 524 3352 577 Καὶ
3380 524 3532 578 ἔσται
3565 525 3674 579 ἀπὸ
3701 526 3794 580 τοῦ

2224 615 2472 669 πλεῖστον
2502 618 2675 670 ποιεῖν
2708 614 2869 684 γάλα,
2907 614 3166 685 βούτυρον
3194 615 3290 669 καὶ
3325 616 3451 686 μέλι
3471 621 3660 686 φαγεῖν
3687 621 3794 682 πᾶς

2222 707 2251 758 ό
2279 706 2658 774 καταλειφθεὶς
2683 706 2774 759 ἐπὶ
2803 705 2900 778 τὴν
2930 699 3055 777 γῆν.
3104 726 3122 758 ι
3178 707 3460 777 Πτωχείαν
3482 725 3541 760 τε
3574 709 3669 762 καὶ
3695 727 3794 763 πεο

2223 798 2343 852 νίαν
2371 797 2817 869 ὑπερϐάλλουσαν
2845 797 3142 852 αἰνίττεται
3161 797 3250 851 διὰ
3268 797 3475 852 τούτων
3499 817 3512 830 ·
3543 801 3680 854 ἀλλὰ
3700 802 3793 855 καὶ

2224 887 2427 942 ἔνδειαν
2461 888 2555 942 καὶ
2583 886 2777 941 σπάνιν
2801 887 2900 958 τῆς
2916 887 3022 941 ἀπὸ
3047 886 3141 942 τοῦ
3173 888 3319 942 σίτου
3347 890 3576 961 τροφῆς⁶
3604 892 3666 946 τὸ
3686 894 3792 966 γὰρ

2227 980 2302 1051 μὴ
2333 979 2468 1050 βοῶν
2493 980 2715 1048 ἀγέλας,
2765 979 2895 1050 μίαν
2923 979 2981 1033 δὲ
3021 980 3189 1052 μόνην
3227 980 3455 1051 δάμαλιν
3497 984 3792 1055 κεκτῆσθαι

2224 1069 2530 1142 ἄνθρωπον,
2584 1070 2679 1124 καὶ
2720 1069 2782 1122 τὸ
2831 1069 2907 1142 μὴ
2952 1070 3202 1140 ποίμνιον
3253 1068 3563 1141 προϐάτων,
3611 1072 3705 1125 δύο
3735 1073 3794 1126 δὲ

2225 1161 2471 1234 πρόϐατα
2503 1162 2643 1232 μόνα
2667 1160 2912 1232 τρέφειν,
2939 1159 3039 1230 τῆς
3063 1161 3298 1232 ἐσχάτης
3327 1161 3392 1214 ἂν
3421 1162 3628 1230 γένοιτο
3655 1165 3793 1218 ἀπο-

2227 1254 2344 1324 ρίας
2373 1251 2639 1324 σύμϐολον
2668 1269 2681 1282 ⁸
2718 1251 2855 1306 ἀλλά
2881 1251 2979 1305 καὶ
3003 1251 3064 1304 τὸ
3093 1251 3338 1324 βουτύρῳ
3367 1253 3662 1324 τρέφεσθαι
3699 1255 3793 1308 καὶ

2226 1341 2400 1413 μέλιτι
2429 1341 2604 1394 πάντα
2644 1341 2736 1394 τὸν
2785 1339 3214 1410 καταλειφθέντα
3248 1341 3343 1393 ἐπὶ
3375 1342 3474 1412 τῆς
3503 1342 3605 1412 γῆς
3642 1342 3791 1407 λαὸν,

2223 1431 2378 1502 λιμὸν
2411 1431 2574 1502 ἄρτου
2608 1430 2957 1502 παρίστησιν.
3006 1425 3173 1494 Οὗτος
3194 1429 3252 1483 δὲ
3276 1425 3344 1502 ἦν
3385 1433 3414 1484 ὁ
3446 1433 3540 1485 ἐπὶ
3563 1426 3664 1486 ’τοῦ
3699 1434 3796 1487 Γο-

2222 1521 2392 1576 δολίου
2415 1522 2564 1586 λαὸς,
2593 1521 2652 1576 ὃν
2678 1522 2767 1576 διά
2794 1520 3026 1593 ἀπορίαν
3048 1521 3148 1591 τῆς
3167 1521 3274 1575 ἀπὸ
3302 1523 3452 1575 σίτου
3484 1525 3693 1595 τροφῆς
3731 1528 3791 1579 ὲν

2225 1613 2547 1686 βραχυτάτῳ
2592 1613 2923 1685 θρεμμάτων
2970 1612 3201 1682 γάλακτι
3251 1613 3346 1667 καὶ
3387 1613 3628 1687 βουτύρῳ
3657 1633 3794 1688 τρα-

2225 1706 2492 1777 φήσεσθαι
2569 1703 2977 1776 προαγορεύει,
3033 1706 3131 1776 τῆς
3187 1703 3369 1780 χώρας
3428 1709 3644 1779 ἀπάσης
3711 1712 3794 1774 είς

2147 1789 2188 1842 Β
2219 1797 2411 1868 χέρσον
2445 1797 2539 1850 καὶ
2577 1796 2818 1851 ἄκανθαν
2855 1796 2945 1850 διὰ
2990 1797 3199 1868 ἀνδρῶν
3243 1797 3482 1870 ἐρημίαν
3523 1800 3795 1872 μεταϐλη-

2220 1889 2427 1960 θείσης.

2291 2023 2310 2056 ι
2350 2003 2461 2058 Καὶ
2482 2002 2633 2056 ἔσται
2656 2003 2714 2058 ἐν
2741 2003 2807 2074 τῇ
2836 2000 3020 2073 ἡμέρᾳ
3045 2001 3249 2074 ἐκείνῃ,
3277 2003 3385 2067 πᾶς
3409 2003 3573 2068 τόπος
3601 1997 3664 2059 οὗ
3695 2005 3794 2058 ἐὰν

2217 2089 2317 2149 ὦσι
2345 2095 2514 2166 χίλιαι
2543 2094 2800 2165 ἄμπελοι,
2842 2093 3028 2164 χιλίων
3056 2094 3278 2160 σίκλων,
3311 2097 3390 2160 είς
3426 2096 3618 2166 χέρσον
3643 2097 3796 2151 ἔσον-

2215 2205 2306 2242 ται
2338 2188 2432 2240 καὶ
2460 2188 2540 2251 είς
2581 2187 2842 2242 ἄκανθαν.
2901 2204 2920 2237 ι
2976 2186 3182 2240 Οὐκοῦν
3210 2187 3297 2241 διὰ
3341 2189 3402 2242 τὸ
3436 2190 3629 2261 χέρσον
3653 2186 3794 2246 εἶναι

2216 2279 2314 2349 τὴν
2341 2279 2446 2349 γῆν
2489 2279 2580 2332 καὶ
2605 2277 2857 2331 ἀκανθῶν
2913 2275 3118 2349 πλήρη,
3161 2281 3306 2333 σῖτον
3331 2280 3430 2350 οὐχ
3459 2280 3571 2344 ἕξει
3599 2297 3615 2311 ο
3667 2281 3793 2336 οὐδὲ

2217 2371 2555 2444 τραφήσεται
2588 2371 2653 2440 τῇ
2704 2368 2846 2423 κατὰ
2875 2369 3037 2439 φύσιν
3075 2370 3358 2443 ἄνθρωπος
3403 2374 3578 2443 τροφῇ
3631 2391 3796 2446 περι-

2216 2464 2480 2534 λειφθεὶς,
2533 2463 2648 2517 ἀλλ’
2678 2462 2798 2516 οὐδὲ
2832 2463 2960 2534 οἴνῳ
3003 2465 3262 2534 χρήσεται
3289 2504 3304 2529 ,
3350 2463 3581 2532 γάλακτι
3607 2465 3664 2518 δὲ
3698 2467 3798 2520 καὶ

2218 2556 2487 2628 βουτύρῳ,
2521 2557 2616 2610 καὶ
2648 2554 2864 2626 μέλιτι·
2901 2555 2996 2608 καὶ
3031 2553 3262 2620 τούτοις,
3293 2556 3391 2609 οὑκ
3418 2557 3526 2610 ἀπὸ
3551 2557 3796 2629 πλήθους

2216 2649 2416 2720 ἀγέλης
2447 2647 2604 2718 βοῶν,
2651 2647 2758 2701 οὐδ’
2784 2647 2892 2701 ἀπὸ
2938 2645 3202 2717 ποιμνίων
3238 2646 3522 2719 προϐάτων
3562 2666 3800 2717 συναγο-

2218 2742 2422 2813 μένοις,
2466 2740 2582 2794 ἀλλ’
2605 2739 2664 2804 ἐξ
2695 2737 2929 2792 εὐτελῶν
2968 2739 3063 2792 καὶ
3098 2737 3332 2811 οἰκτρῶν
3367 2738 3543 2804 ζώων.
3597 2742 3658 2794 '0
3691 2742 3798 2812 μὲν

2215 2835 2325 2907 γάρ
2355 2851 2438 2898 τις
2470 2833 2577 2886 ἀπὸ
2607 2833 2736 2903 μιᾶς
2767 2829 3072 2902 δαμάλεως,
3099 2833 3128 2884 ὀ
3163 2831 3220 2884 δὲ
3247 2831 3354 2886 ἀπὸ
3379 2832 3472 2887 δύο
3501 2832 3796 2904 προϐάτων

2218 2929 2500 2998 ποιήσεται
2527 2923 2721 2978 ταῦτα.

2296 3059 2314 3092 ι
2355 3038 2469 3092 Καὶ
2517 3038 2623 3092 πᾶν
2674 3037 2800 3109 ὅρος
2847 3035 3249 3109 ὴροτριωμένον
3299 3037 3794 3110 ἀροτριωθήσεται,

536 3154 646 3192 non
677 3137 854 3192 veniet
882 3136 1009 3191 illuc
1043 3135 1246 3190 timor:
1279 3136 1386 3192 erit
1427 3135 1571 3189 enim
1618 3149 1649 3188 a
1683 3133 1898 3191 deserto
1925 3145 1980 3191 et
2005 3137 2113 3206 spi-

2216 3134 2311 3188 xa‘t
2358 3133 2418 3184 οὑ
2485 3131 2559 3203 μὴ
2617 3129 2822 3202 ἐπέλθῃ
2878 3131 2996 3186 ἐκεῖ
3044 3129 3207 3200 φόϐος
3247 3147 3261 3160 ο
3321 3131 3475 3186 ἔσται
3523 3130 3633 3204 γὰρ
3683 3131 3798 3185 ἀπὸ

538 3228 624 3283 nis
656 3227 708 3282 in
739 3241 937 3297 pascua
971 3225 1106 3282 ovis.
1146 3245 1164 3277 ι

1124 3332 1353 3391 CAPUT
1387 3331 1521 3387 Vill.

605 3453 774 3508 Vsus.
810 3455 860 3521 1,.
897 3470 914 3505 ι
957 3451 1025 3506 Et
1047 3451 1183 3505 dixit
1213 3449 1473 3506 Dominus
1512 3451 1580 3504 ad
1626 3464 1747 3515 me,
1797 3446 1962 3506 Sume
2012 3447 2108 3504 tibi

533 3546 730 3601 librum
763 3560 961 3600 novum
987 3543 1250 3612 grandeur
1285 3551 1378 3598 :et
1427 3543 1606 3597 scribe
1635 3543 1688 3596 in
1733 3541 1822 3596 illo
1849 3541 1986 3612 Stylo
2012 3541 2107 3595 ho-

533 3639 713 3693 minis.
753 3655 770 3688 ι
801 3635 1095 3705 Postquam
1129 3632 1287 3686 linem
1338 3631 1595 3685 narrandi
1638 3629 1766 3684 fecit
1808 3644 1870 3684 ea
1910 3644 2027 3698 qua:
2053 3627 2105 3682 in

531 3728 844 3786 memoratis
866 3729 1056 3783 diebus
1083 3726 1264 3780 futura
1296 3733 1447 3788 sunt,
1483 3723 1859 3778 narrationem
1895 3722 1962 3776 de
1984 3734 2105 3775 ortu

531 3817 904 3876 Emmanuelis
936 3816 1179 3871 resumit.
1205 3816 1379 3885 Super
1401 3828 1507 3882 quo
1545 3812 1728 3868 domui
1761 3810 1930 3865 David
1968 3825 2106 3879 prae-

533 3926 746 3981 ceptum
780 3920 897 3965 erat
923 3951 938 3974 ,
966 3918 1026 3963 ut
1060 3907 1443 3962 iucantationis
1480 3905 1596 3960 loco
1620 3902 1982 3959 Emmanuelis
2011 3916 2106 3956 no-

535 4021 656 4058 men
707 4004 1021 4066 invocaret;
1065 4000 1226 4067 idque
1267 4013 1390 4052 cum
1443 4012 1536 4066 spe
1585 4013 1648 4051 ac
1698 3995 1890 4050 fiducia
1918 4032 1933 4059 ,
1964 3994 2107 4064 quod

534 4097 651 4166 ejus
679 4108 780 4164 ope
817 4093 882 4148 ab
916 4091 1326 4146 imminentibus
1360 4091 1570 4146 duobus
1603 4088 1824 4158 regibus
1863 4086 2104 4141 liberan-

534 4189 601 4242 da
631 4186 722 4241 sit.
751 4184 885 4252 Quia
927 4199 1054 4238 vero
1097 4182 1279 4238 docuit
1309 4181 1715 4236 Emmanueletn
1762 4179 1914 4233 illum
1942 4218 1958 4243 ,
1990 4189 2107 4232 stn-

533 4279 766 4350 pendam
789 4285 842 4330 et
870 4274 937 4330 ab
960 4276 1195 4329 humana
1222 4284 1415 4328 natura
1447 4273 1675 4328 alienam
1703 4272 2104 4343 generationem

2211 3229 2308 3299 τῆς
2347 3225 2544 3298 χέρσου
2575 3225 2668 3278 καὶ
2700 3223 3051 3296 ἀκάνθηςιείς
3085 3222 3335 3296 βόσκημα
3362 3222 3655 3295 προϐάτου.
3697 3243 3715 3275 ι

2734 3337 3126 3393 ΚΕΦΑΛΑῘΟΝ
3178 3341 3262 3394 Η’.

2286 3472 2304 3502 ι
2340 3453 2448 3505 Καὶ
2499 3447 2620 3504 εἷπε
2654 3449 2857 3522 Κύριος
2889 3451 3024 3522 πρὸς
3058 3451 3148 3523 μὲ,
3195 3452 3343 3506 Λάϐε
3385 3451 3594 3524 σεαυτῷ
3627 3454 3799 3525 τόμον

2209 3545 2392 3598 καινὸν
2423 3544 2616 3614 μέγαν,
2646 3543 2740 3596 καὶ
2761 3542 2968 3612 γράψον
3007 3545 3088 3608 εἰς
3131 3543 3290 3596 αὐτὸν
3320 3543 3545 3614 γραφίδι
3579 3543 3800 3615 ἀνθρώ.

2209 3655 2332 3691 που.
2365 3657 2384 3688 ι
2412 3634 2740 3699 Συντελέσας
2763 3635 2792 3688 ό
2817 3634 2972 3704 λόγος
3005 3635 3072 3688 τὰ
3096 3635 3433 3706 γενησόμενα
3459 3638 3516 3690 ὲν
3551 3635 3673 3700 ταῖς
3695 3655 3798 3691 κα-

2207 3725 2579 3796 ταλεχθείσαις
2617 3725 2883 3796 ἡμέραις,
2928 3725 3371 3797 ὲπαναλαμϐάνει
3400 3726 3499 3798 τὴν
3538 3727 3801 3799 διήγησιν

2207 3817 2304 3890 τὴν
2334 3817 2460 3887 περὶ
2483 3815 2584 3886 τῆς
2611 3815 2914 3885 γεννήσεως
2941 3814 3035 3868 τοῦ
3077 3813 3441 3886 Ἐμμανουήλ·
3467 3817 3595 3888 περὶ
3624 3809 3686 3870 οὗ
3710 3817 3802 3888 τῷ

2208 3910 2341 3980 οἴκῳ
2392 3907 2555 3961 Δαυῒδ
2599 3905 2994 3978 παρεκελεύετο
3022 3907 3144 3960 ἀντὶ
3182 3906 3396 3977 ἐπῳδῆς
3425 3907 3487 3959 τὸ
3523 3907 3618 3961 τοῦ
3665 3908 3800 3980 Ἑμ-

2212 4001 2449 4073 μανουὴλ
2502 3999 2876 4054 ἐπικαλεῖσθαι
2920 3999 3090 4070 ὄνομα
3112 4039 3126 4059 ,
3173 3997 3502 4070 θαρσοῦντος
3546 3999 3644 4052 καὶ
3699 4017 3799 4053 πι-

2211 4092 2486 4156 στεύοντος
2510 4091 2576 4145 δι’
2602 4089 2766 4144 αὐτοῦ
2797 4090 3137 4161 σωθήσεσθαι
3166 4090 3273 4144 ἀπὸ
3296 4090 3404 4143 τῶν
3429 4091 3799 4162 ἐπικειμένων

2209 4187 2390 4250 αὐτοῖς
2413 4185 2508 4239 δύο
2548 4183 2828 4255 βασιλέων.
2886 4183 3102 4255 Ἐπειδὴ
3129 4183 3187 4237 δὲ
3211 4183 3416 4249 ἐδίδαξε
3452 4184 3542 4237 τὸν
3581 4185 3802 4255 Ἐμμα-

2208 4277 2370 4349 νουήλ
2399 4276 2557 4346 ξένην
2589 4277 2712 4331 τινὰ
2743 4276 2838 4330 καὶ
2886 4275 3170 4347 ἀλλοτρίαν
3214 4276 3313 4346 τῆς
3345 4275 3542 4347 θνητῆς
3574 4276 3798 4345 φύσεως

536 4371 844 4426 habiturum
883 4381 1002 4423 esse
1033 4383 1047 4420 :
1082 4381 1205 4420 nam
1235 4381 1299 4421 ex
1327 4367 1639 4434 incorrupta
1666 4363 1842 4434 puella
1874 4403 1888 4428 ,
1918 4373 1975 4417 et
1998 4363 2102 4416 vir-

2214 4369 2349 4434 ἕξειν
2374 4369 2646 4441 γέννησιν’
2696 4368 2757 4434 ἐξ
2793 4369 3122 4441 ἀδιαφθόρου
3168 4367 3277 4440 γὰρ
3320 4367 3557 4432 νεάνιδος
3601 4369 3698 4422 καὶ
3731 4367 3800 4434 ἐξ

535 4461 661 4527 gine
687 4455 890 4526 nuptiis
916 4466 1136 4526 experte
1165 4457 1476 4510 nasciturus
1516 4462 1628 4510 erat
1651 4471 1666 4520 ;
1690 4453 1979 4507 admodum
2013 4467 2107 4507 ne-

2214 4461 2580 4533 ἀπειρογάμου
2630 4459 2898 4531 παρθένου
2943 4458 3318 4532 τεχθήσεσθαι,
3361 4459 3563 4530 σφόδρα
3621 4461 3798 4528 ἀναγ-

533 4552 775 4607 res~ario
805 4549 1066 4604 Dominus
1088 4589 1103 4614 ,
1147 4549 1238 4603 hic
1263 4589 1278 4616 ,
1322 4564 1428 4604 non
1460 4550 1639 4603 Achaz
1664 4589 1680 4615 ,
1718 4561 1892 4618 neque
1921 4547 2102 4600 domui

2214 4515 2382 4620 καίως
2415 4515 2917 4618 έίτούτοιςάύτοῖς
2943 4553 2971 4605 ὁ
2997 4515 3220 4624 ι’ξύριος,
3245 4553 3345 4605 οὐκ
3377 4515 3455 4604 ἔτι
3597 4515 3794 4622 Ἀχάὲ,

530 4643 702 4710 ιυιιω,
726 4644 822 4698 sed
860 4641 960 4710 ipsi
989 4640 1087 4695 soli
1119 4641 1413 4710 prophetze,
1448 4638 1766 4709 mysterium
1803 4637 1983 4690 arcani
2011 4651 2105 4690 or-

2214 4646 2333 4699 οὐδὲ
2367 4645 2444 4716 τῷ
2471 4645 2605 4713 οἴκῳ
2660 4644 2850 4707 Ἰούδα,
2909 4643 3023 4698 ἀλλ’
3064 4642 3214 4715 αὑτῷ
3239 4643 3384 4714 μόνῳ
3410 4643 3487 4712 τῷ
3533 4644 3798 4718 προφήτῃ

531 4747 616 4790 tus
641 4733 1008 4789 Emmanuelis
1037 4733 1239 4788 revelat
1277 4748 1292 4785 :
1329 4730 1596 4799 quomodo
1624 4727 1830 4783 scilicet
1864 4727 2101 4781 futurum

2214 4739 2269 4792 τὸ
2294 4739 2586 4810 μυστήριον
2613 4737 2985 4792 ἀποκαλύπτει
3012 4737 3110 4808 τῆς
3143 4737 3452 4809 ἀπορρήτου
3481 4736 3798 4805 γεννήσεως

533 4829 605 4881 sit
639 4836 698 4880 ut
726 4827 876 4897 virgo
934 4826 989 4880 in
1028 4835 1184 4879 utero
1227 4823 1502 4892 concipiat
1532 4830 1585 4876 et
1615 4820 1789 4892 pariat
1816 4819 2000 4872 filium.
2039 4819 2102 4874 Ut

2214 4829 2299 4882 τοῦ
2333 4828 2694 4900 Ἐμμανουήλο
2717 4829 2864 4891 ὅπως
2888 4829 2920 4898 ή
2945 4827 3212 4898 παρθένος
3235 4829 3292 4880 ὲν
3317 4827 3512 4899 γαστρὶ
3538 4826 3796 4897 λήψεται,

534 4916 712 4985 itaque
743 4933 802 4970 ea
833 4931 951 4986 qua:
984 4916 1050 4970 ad
1083 4913 1488 4968 Emtnanuclem
1521 4912 1863 4980 spectabant,
1895 4926 2000 4964 non
2032 4910 2098 4962 ad

2214 4921 2300 4974 καὶ
2327 4921 2536 4988 τέξεται
2559 4922 2695 4974 υίόν.
2729 4919 2823 4974 "lv‘
2855 4916 2947 4974 οὖν
2970 4920 3040 4973 τὰ
3067 4920 3195 4990 περὶ
3223 4918 3316 4972 τοῦ
3335 4918 3678 4990 Ἐμμανουήλ
3711 4921 3796 4989 μὴ

532 5008 772 5062 omnium
807 5023 966 5062 aures
1012 5014 1416 5078 spargerentur,
1467 5004 1559 5058 sed
1598 5001 1777 5070 potius
1817 5003 1868 5055 in
1905 5017 2103 5057 arcana

2214 5012 2283 5074 εἰς
2315 5010 2413 5074 τὰς
2448 5010 2664 5065 πάντων
2705 5009 2873 5074 ἀκοὰς
2909 5009 3017 5063 τῶν
3049 5026 3181 5063 ποτε
3214 5009 3457 5081 χωρήσῃ,
3488 5006 3794 5078 φυλαχθείη

535 5099 768 5170 quadam
819 5100 1083 5170 scriptura
1135 5107 1526 5161 servarentur,
1581 5096 1737 5164 jubet
1787 5095 2101 5165 prOphetam

2214 5102 2260 5156 Ξὲ
2298 5103 2497 5174 μᾶλλον
2541 5103 2600 5158 ἐν
2644 5104 2939 5176 ἀπορρήτῳ
2987 5103 3192 5175 γραφῇο
3243 5099 3672 5171 παρακελεύεται
3705 5099 3798 5169 τῷ

536 5193 637 5247 sibi
669 5205 883 5247 sumere
912 5201 1114 5246 tomum
1148 5207 1346 5246 novum
1386 5197 1442 5244 et
1471 5203 1723 5259 magnum
1754 5227 1769 5251 ,
1803 5187 1914 5240 sive
1936 5226 1950 5252 ,
1995 5204 2012 5238 ι
2051 5186 2104 5239 li-

535 5285 733 5349 brum,
794 5303 813 5338 ι
847 5299 940 5339 seu
968 5325 982 5351 ,
1020 5302 1038 5336 ι
1092 5284 1502 5347 membranam,
1545 5301 1563 5334 ι
1599 5296 1694 5336 seu
1731 5298 1751 5333 ι
1794 5280 2040 5333 volumen
2081 5297 2098 5330 ι

536 5377 832 5432 secundum
882 5376 1166 5445 reliquos,
1216 5393 1236 5427 ι
1295 5374 1439 5446 stylo
1476 5374 1754 5439 hominis,
1807 5392 1827 5426 ι
1883 5372 1933 5426 id
1979 5381 2101 5435 est,

535 5479 790 5524 consueta
839 5477 891 5522 et
943 5476 1066 5522 nota
1119 5467 1426 5522 hominibus
1472 5467 1737 5535 scriptura
1770 5482 1784 5518 :
1817 5474 1898 5519 est
1943 5464 2101 5532 quip-

536 5576 602 5629 pe
633 5559 735 5614 alia
771 5559 864 5614 Dci
910 5560 1189 5630 Scriptura
1237 5575 1342 5615 non
1393 5560 1534 5630 stylo
1557 5558 1794 5614 hominis
1838 5566 2059 5611 exarata
2085 5595 2100 5619 ,

536 5653 633 5708 sed
663 5653 862 5710 virtute
892 5654 981 5710 Dei
1014 5654 1200 5719 Verbi,
1235 5669 1338 5724 qua
1373 5653 1565 5724 dignos
1597 5651 1652 5709 in
1691 5652 1830 5708 libro
1858 5653 1980 5706 vitae
2012 5651 2103 5704 de-

539 5745 746 5800 scribit.

2208 5196 2460 5267 προφήτῃ
2489 5193 2672 5248 λαϐεῖν
2699 5193 2876 5264 ἑαυτῷ
2916 5194 3079 5264 τόμον
3123 5191 3327 5252 καινὸν,
3367 5189 3610 5261 μέγαν,ῆ
3634 5189 3800 5242 «τεῦ-

2209 5301 2320 5354 χος,
2335 5283 2394 5355 »ἢ
2417 5283 2781 5356 ιδιφθέρωμα,
2795 5304 2813 5336 ι
2832 5285 2864 5355 ἢ
2885 5283 3196 5354 «κεφαλίδα,
3212 5302 3229 5332 ι
3250 5281 3524 5344 κατάτοὺς
3541 5279 3794 5343 λοιπούς·

2214 5397 2231 5427 ι
2262 5377 2484 5448 γραφίδι
2509 5377 2816 5448 ἀνθρώπου,
2843 5396 2861 5427 ι
2888 5375 3153 5437 τουτέστι,
3185 5377 3250 5445 τῇ
3282 5371 3498 5444 συνήθει
3530 5371 3623 5423 καὶ
3643 5389 3801 5441 -γνω-

2211 5467 2465 5542 ριζομένῃ
2514 5467 2819 5539 ἀνθρώποις
2861 5470 3065 5541 γραφῇσ
3095 5461 3234 5520 εἶναι
3284 5465 3390 5538 γάρ
3441 5463 3606 5536 ἄλλην
3647 5463 3801 5518 Θεσῦ

2208 5560 2447 5632 Γραφὴν,
2503 5562 2566 5615 ού
2609 5562 2829 5632 γραφίδι
2883 5557 3171 5634 ἀνθρώπου
3227 5557 3596 5628 γραφομένην,
3646 5557 3808 5616 ἀλλὰ

2207 5653 2432 5725 δυνάμει
2460 5651 2595 5707 Θεοῦ
2623 5653 2812 5722 Λόγου,
2855 5655 2978 5716 τοὺς
3021 5652 3202 5721 ἀξίους
3241 5649 3695 5723 ἀπογραφομένην
3729 5653 3799 5701 ἐν

2213 5746 2377 5810 ϐίϐλῳ
2405 5745 2634 5810 ζώντων.
