4062 6400
329 356 354 408 1
369 355 424 408 Η

1233 347 1731 402 (ῘΟΜΜΕΝΤΑΙΗΑ
1769 347 1834 402 IN
1863 348 2127 404 1SAIAM.
2163 383 2232 391 —
2269 351 2420 407 CAP.
2465 352 2597 407 VIII.

3456 355 3560 409 142

404 485 422 516 ι
463 463 571 518 Καὶ
599 460 901 534 προσῆλθον
949 460 1085 534 πρὸς
1127 461 1224 526 τὴν
1258 461 1547 532 προφῆτιν,
1581 461 1672 514 καὶ
1714 459 1887 513 ἔτεκεν

2072 460 2233 516 Vens.
2262 463 2313 516 5.
2365 483 2382 514 ι
2422 463 2487 517 Ει
2512 464 2715 519 accessi
2757 466 2824 518 ad
2855 465 3248 535 prophetissam
3277 504 3294 528 ,
3325 473 3378 519 ct
3402 481 3561 536 prpe-

325 555 459 610 υίόν.
493 555 600 607 Καὶ
633 549 751 607 εἶπέ
799 571 888 624 μοι
926 552 1160 622 Κύριος·
1191 551 1434 606 Κάλεσον
1481 551 1542 604 τὸ
1591 551 1764 622 ὄνομα
1803 552 1900 606 αὐ-

322 649 440 713 τοῦ,
471 647 683 718 ταχέως
706 645 1018 707 σκῦλευσον,
1045 644 1208 709 ὀξέως
1232 644 1618 716 προνὸμευσον.
1658 662 1675 694 ι
1722 645 1899 697 Ἐπεί-

323 759 432 814 περ
459 741 672 811 εἴρηται
703 737 987 809 ἀνωτέρω,
1033 755 1050 788 ι
1100 737 1231 790 Ἰδοὺ
1261 739 1293 808 ἡ
1331 736 1596 806 παρθένος
1618 738 1676 788 ὲν
1701 736 1898 807 γαστρὶ

321 836 570 907 λήψεται,
589 833 680 886 καὶ
705 830 917 895 τέξεται
941 830 1076 892 υίδν,
1105 848 1124 882 ι
1165 829 1474 898 ἀναγκαίως
1506 829 1599 881 ἐπὶ
1622 828 1716 881 τοῦ
1753 847 1896 901 παρ-

321 928 495 990 όντος,
553 924 670 988 πῶς
717 924 782 976 ἂν
820 922 1030 991 γένοιτο
1074 920 1232 975 τοῦτο
1261 921 1511 989 διασαφεῖ
1537 920 1700 983 αὐτὸς
1733 923 1762 973 ό
1792 920 1898 972 Κῦ-

324 1036 439 1090 ριος
467 1017 638 1085 λέγων
659 1031 675 1047 ο
711 1035 729 1067 ι
767 1015 876 1067 Καὶ
908 1012 1210 1085 προσῆλθον
1253 1012 1389 1083 πρὸς
1422 1011 1520 1082 τὴν
1550 1011 1840 1082 προφῆτιν·
1869 1029 1888 1062 ›

320 1109 444 1164 ἀντὶ
474 1108 601 1172 τοῦ,
642 1105 782 1176 Ἐγὼ
803 1105 962 1168 αὐτὸς
1005 1103 1434 1177 προσελεύσομαι
1472 1106 1538 1174 τῇ
1585 1102 1889 1176 προφήτιδι.

322 1202 598 1273 Προφῆτιν
629 1198 738 1271 γὰρ
768 1197 1023 1268 ὀνομάζει
1073 1195 1170 1267 τὴν
1209 1195 1300 1249 τὸν
1351 1193 1700 1265 Ἐμμανουὴλ
1746 1196 1893 1260 τεξο⁶

325 1295 514 1364 μένην,
553 1291 643 1344 διά
668 1291 730 1345 τὸ
763 1290 1081 1360 Πνεύματος
1117 1288 1270 1356 ἁγίου
1321 1289 1606 1358 μετασχεῖν
1632 1286 1771 1340 κατά
1801 1286 1890 1339 τὸν

321 1385 569 1452 φήσαντα
595 1382 730 1453 πρὸς
775 1381 946 1452 αὑτήν
979 1397 994 1410 ·
1030 1400 1047 1431 ι
1095 1379 1319 1450 Πνεῦμα
1358 1379 1511 1448 ἅγιον
1545 1378 1890 1431 ἐπελεύσεται

321 1475 412 1527 ἐπὶ
451 1475 532 1536 σὲ,
564 1474 655 1526 καὶ
681 1471 907 1544 δύναμις
945 1473 1199 1542 Ὑψίστου
1224 1471 1535 1524 ἐπισκιάσει
1561 1486 1662 1523 σοι.
1693 1489 1712 1521 ι
1741 1471 1887 1542 Αῦτη

317 1566 492 1619 τοίνυν
541 1568 573 1637 ή
623 1565 848 1636 δύναμις
887 1564 982 1617 τοῦ
1029 1563 1305 1632 Ὑψίστου,
1349 1563 1382 1631 ἡ
1425 1561 1513 1613 διὰ
1553 1562 1651 1630 τῆς
1680 1578 1890 1632 προφη-

317 1657 463 1720 τείας
483 1658 738 1726 λέγουσα,
767 1676 785 1708 ‹
812 1656 907 1710 καὶ
933 1654 1238 1726 προσῆλθον
1259 1653 1394 1724 πρὸς
1419 1653 1516 1723 τὴν
1545 1655 1831 1723 προφῆτιν,
1862 1674 1882 1704 ι

315 1751 386 1804 τὰ
416 1750 678 1822 μέλλοντα
707 1750 783 1814 ὡς
814 1749 915 1822 ἤδη
950 1748 1210 1818 γεγονότα
1237 1745 1570 1817 διεξέρχεται
1603 1745 1743 1798 κατά
1769 1763 1887 1799 τινα

2001 553 2074 606 rit
2095 554 2283 608 lilium.
2309 555 2376 609 Et
2409 557 2544 610 dixit
2567 558 2696 611 mihi
2727 558 3006 621 Dominus,
3031 558 3168 612 Voca
3200 575 3394 616 nomen
3419 561 3559 631 ejus,

1999 646 2104 706 cito
2134 645 2299 715 spolia
2333 646 2560 703 detrahe
2583 688 2600 712 ,
2631 631 3200 716 pmdare,'velociter
3233 651 3492 718 prmdare.
3536 671 3554 703 ι

1998 734 2133 801 Quia
2180 738 2380 792 dictum
2434 748 2516 794 est
2563 741 2810 807 superius
2838 783 2854 807 ,
2889 759 2910 793 ι
2947 742 3087 797 Ecce
3129 743 3278 798 virco
3318 743 3370 796 iu
3404 754 3564 798 utero

1997 825 2270 894 concipiet
2294 837 2346 880 et
2373 827 2548 895 pariet
2581 829 2770 890 lilium,
2811 849 2830 880 ι
2865 831 3176 887 necessario
3201 833 3252 884 in
3281 833 3560 900 praesenti,

1997 916 2264 984 quomodo
2295 917 2345 970 id
2396 917 2594 973 factum
2645 920 2715 974 sit
2759 921 2994 977 declarat
3037 923 3151 992 ipse
3185 923 3439 978 Dominus
3477 924 3562 981 his

1997 1009 2177 1062 verbis
2200 1047 2215 1072 ,
2254 1028 2273 1060 ι
2301 1009 2368 1063 Ει
2394 1011 2598 1065 accessi
2630 1012 2694 1066 ad
2723 1015 3154 1082 prophetissam;
3198 1035 3216 1068 ι
3251 1031 3314 1070 ac
3340 1017 3385 1071 si
3413 1018 3562 1073 dice-

1997 1108 2098 1164 ret,
2127 1113 2227 1168 ego
2257 1100 2371 1170 ipse
2401 1102 2455 1155 in
2481 1105 2880 1172 praphetissam
2910 1108 3304 1176 superveniam.
3330 1108 3564 1179 Prophe-

1999 1191 2180 1244 Iissaui
2209 1192 2404 1262 quippe
2440 1204 2597 1249 vocat
2625 1211 2741 1250 eam
2768 1237 2782 1262 ,
2819 1213 2939 1267 quae
2971 1198 3377 1255 Emmauuclem
3412 1202 3562 1272 pari-

1998 1291 2114 1338 tura
2140 1295 2243 1348 est,
2269 1286 2394 1354 quia
2432 1286 2665 1355 Spiritus
2695 1291 2867 1344 sancti
2897 1290 3166 1360 particeps
3192 1294 3297 1348 erit
3318 1333 3335 1359 ,
3365 1309 3563 1348 secun-

1994 1377 2120 1430 dum
2155 1376 2363 1430 dictum
2396 1377 2522 1432 illud
2554 1419 2569 1443 ,
2621 1399 2641 1431 ι
2691 1380 2928 1451 Spiritus
2953 1393 3172 1439 sanctus
3217 1388 3562 1454 superveniet

1994 1465 2045 1518 in
2082 1476 2152 1530 te,
2181 1475 2235 1521 et
2259 1467 2434 1523 virtus
2473 1469 2738 1526 Altissimi
2771 1472 3118 1528 obumbrahit
3147 1475 3242 1530 tibi
3275 1476 3340 1531 “.
3377 1495 3396 1529 ι
3437 1477 3561 1533 Haec

1994 1556 2157 1627 igitur
2187 1558 2354 1614 virtus
2377 1559 2663 1628 Altissimi,
2692 1579 2813 1634 quin
2838 1579 2934 1634 per
2960 1567 3297 1636 prophetiam
3327 1569 3425 1630 ait,
3444 1589 3462 1621 ι
3497 1569 3562 1625 Et

1991 1649 2196 1703 accessi
2218 1651 2283 1703 ad
2301 1651 2718 1720 prophetissam,
2744 1674 2762 1706 ι
2791 1657 2970 1711 futura
2993 1659 3144 1728 quasi
3156 1661 3268 1729 jam
3290 1664 3560 1730 praterita

1992 1749 2238 1794 recenset
2291 1742 2584 1796 secundum
2618 1745 2901 1813 quamdam
2935 1749 3302 1818 propheticam
3332 1767 3561 1807 consue-

316 1802 659 1914 πρόφητικὴν
691 1802 990 1914 συνήθειαν.
1077 1841 1296 1911 Ταχέως
1328 1802 1640 1890 σκύῑλευσον.
1677 1854 1695 1887 ι
1718 1837 1887 1900 Αὐτὸς

1992 1831 2256 1886 tudinem.
2293 1851 2312 1884 ι
2355 1833 2476 1888 Cito
2500 1802 2676 1905 spolia
2709 1802 2953 1894 detrahe:
2993 1859 3014 1893 ι
3035 1802 3556 1911 'Ipse,

313 1932 421 2003 ἄρα
468 1928 558 2003 ἦν,
593 1933 621 1984 ὁ
654 1931 750 1985 καὶ
787 1930 878 1983 τὸν
920 1929 1084 1983 πάλαι
1125 1926 1341 1997 ἰσχυρὸν
1388 1925 1478 1976 τὸν
1522 1921 1764 1975 διάϐολον
1795 1939 1891 1975 κα·-

311 2025 569 2095 ταδησας,
606 2024 700 2075 καὶ
727 2021 794 2075 τὰ
834 2020 1005 2074 σκῦλα
1032 2017 1198 2072 αὐτοῦ
1229 2017 1557 2088 διαρπάσας.

389 2133 406 2164 ι
435 2116 544 2168 Καὶ
586 2113 879 2185 προσέθετο
919 2110 1124 2182 Κύριος
1169 2108 1403 2178 λαλῆσαί
1451 2125 1541 2179 μοι
1573 2107 1653 2161 ἔτι
1695 2106 1886 2177 λέγων,

311 2203 401 2257 διὰ
421 2204 480 2256 τὸ
503 2203 578 2275 μὴ
614 2200 895 2274 βούλεσθαι
930 2199 1021 2252 τὸν
1061 2197 1185 2250 λαὸν
1216 2195 1404 2248 τοῦτον
1433 2195 1493 2248 τὸ
1518 2193 1663 2265 ὓδωρ
1681 2193 1774 2247 τοῦ
1803 2194 1889 2246 Σι-

312 2294 490 2365 λωὰμ,
521 2294 580 2348 τὸ
631 2293 990 2364 πορευόμενον
1023 2288 1228 2360 ἡσυχῆ·
1273 2286 1406 2340 ἀλλὰ
1440 2285 1722 2357 βούλεσθαι
1748 2285 1888 2355 ἔχειν

312 2387 404 2440 τὸν
439 2385 711 2450 Ῥαασσὶν,
752 2386 843 2437 καὶ
861 2383 951 2436 τὸν
985 2380 1096 2434 υἱὸν
1135 2377 1432 2449 Ῥωμελίου
1463 2377 1684 2447 βασιλέα
1713 2379 1796 2444 ἐφ’
1829 2378 1888 2430 ὑ·

315 2479 454 2549 μῶν.
483 2497 500 2529 ι
539 2477 602 2530 Τί
625 2477 682 2530 δὲ
707 2475 860 2529 τοῦτο
899 2471 966 2546 ἦν
992 2474 1054 2527 τὸ
1082 2472 1226 2544 ὕδωρ
1243 2470 1336 2524 τοῦ
1354 2469 1608 2540 Σιλωάμ;
1643 2470 1699 2522 Ὀ
1721 2471 1888 2538 ἐπηγ-

310 2570 569 2641 γελμένος
599 2569 781 2630 αὐτοῖς
823 2564 1184 2636 Ἐμμανουὴλ,
1225 2583 1243 2615 ι
1268 2561 1424 2633 Πηγὴ
1455 2560 1736 2631 τυγχάνων
1763 2559 1888 2614 ῦδα-

308 2681 400 2726 τος
425 2660 716 2732 ἁλλομένου
753 2660 831 2722 εἰς
859 2657 1014 2728 ζωὴν
1035 2655 1272 2718 αἰώνιον,
1300 2674 1320 2707 ι
1377 2655 1470 2708 καὶ
1497 2653 1648 2725 πηγὴ
1699 2651 1886 2715 ὓδατος

308 2755 674 2828 πορευομένου
725 2755 805 2815 εἰς
838 2751 982 2822 ζωὴν
1023 2749 1222 2821 ἡσυχῆ.
1260 2748 1380 2801 Ἔτι
1413 2747 1518 2818 γὰρ
1542 2746 1663 2798 τότε
1691 2743 1884 2799 λανθα-

308 2848 504 2910 νόντως
545 2845 638 2898 καὶ
672 2841 889 2914 ἡσύχως
928 2837 1314 2910 συνεπορεύετο
1339 2835 1418 2907 τῷ
1464 2835 1598 2906 λαῷ,
1638 2832 1884 2908 ἀρδεύειν

307 2937 468 2989 αὑτὸν
495 2935 586 2989 καὶ
619 2934 934 2987 ἐπισκοπεῖν
959 2929 1276 3001 βουλόμενος
1303 2926 1403 2989 τὰς
1437 2925 1634 2996 ψυχὰς,
1663 2925 1753 2979 καὶ
1784 2942 1886 2996 μη-

304 3029 452 3082 δέπω
483 3027 879 3099 κηρυττόμενος
911 3025 989 3086 εἰς
1013 3021 1188 3075 πάντα
1223 3020 1291 3072 τὰ
1325 3018 1471 3088 ἔθνη.
1507 3017 1598 3070 Διὸ
1623 3016 1882 3088 κέκληται

307 3119 599 3194 προσφυῶς
625 3118 684 3171 τὸ
728 3116 894 3188 ὕδωρ,
928 3113 1289 3186 πορευόμενον
1345 3109 1544 3181 ἡσυχῆ,
1580 3109 1675 3162 καὶ
1909 3137 1956 3200 c

303 3213 394 3267 τοῦ
423 3212 658 3284 Σιλωὰμ,
687 3211 714 3264 ὅ
770 3213 914 3263 ἐστιν
959 3226 977 3257 ι
1003 3202 1426 3274 ἀπεσταλμένος.
1455 3220 1473 3252 ι
1519 3201 1576 3254 '0
1609 3201 1664 3254 δὲ
1690 3199 1879 3254 ὲνταῦ-

301 3305 370 3357 θα
395 3299 862 3374 κατηγορούμενος
897 3297 1002 3350 ὑπὸ
1045 3294 1139 3349 τοῦ
1171 3294 1375 3364 Κυρίου
1398 3292 1544 3356 λαὸς,
1578 3292 1637 3344 οὺ
1692 3290 1881 3361 βουλη-

301 3395 413 3458 θεὶς
438 3393 725 3447 πιστεῦσαι
751 3390 828 3460 τῷ
861 3387 1259 3460 προστάγματι,
1290 3386 1386 3439 καὶ
1407 3384 1498 3437 τὸν
1533 3382 1880 3454 Ἐμμανουὴλ

298 3485 502 3548 καλεῖν,
533 3484 590 3547 ὃς
609 3479 675 3554 ἦν
709 3481 851 3551 ὕδωρ
876 3479 938 3531 τὸ
959 3476 1316 3550 πορευόμενον
1340 3473 1535 3544 ἡσυχῆ,
1562 3471 1764 3543 ἔρημος
1788 3471 1878 3523 αὐ-

295 3576 391 3632 τοῦ
413 3577 636 3645 γίνεται.
682 3573 832 3626 Ἐπεῄ⁵
857 3570 1034 3624 τοίνυν
1063 3569 1280 3623 ἄπιστοι
1305 3565 1476 3630 ὄντες,
1506 3563 1734 3634 ἠγάπων
1753 3561 1877 3633 μᾶλ-

295 3669 385 3722 λον
415 3666 735 3721 ὑποτάττειν
765 3663 988 3725 ἑαυτοὺς
1018 3660 1096 3731 τῷ
1127 3657 1336 3730 βασιλεῖ
1379 3655 1690 3728 Δαμασκοῦ,
1718 3655 1750 3726 ἢ
1784 3653 1877 3723 βα-

297 3760 434 3816 σιλεῖ
463 3761 561 3831 τῆς
587 3757 920 3830 Σαμαρείας,
947 3753 1223 3824 πολεμίοις
1243 3747 1412 3813 οὖσιν,
1444 3748 1478 3820 ἦ
1521 3748 1778 3819 πράττειν
1811 3746 1874 3798 τὰ

1989 1923 2082 1990 qui
2112 1922 2262 1978 illum
2295 1925 2427 1980 olim
2465 1935 2734 1996 potentem
2769 1929 3039 1985 diabolqu
3069 1931 3328 2003 alligavit,
3354 1948 3416 1987 ac
3436 1949 3559 2004 spo-

1990 2013 2060 2066 lia
2090 2014 2207 2082 ejus
2233 2016 2477 2086 diripuit.

2061 2103 2224 2160 Vens.
2274 2106 2327 2173 ὅ,
2378 2106 2433 2162 6.
2468 2126 2486 2158 ι
2528 2107 2596 2163 Et
2643 2109 2838 2180 adjecit
2889 2111 3141 2169 Dominus
3203 2113 3347 2183 loqui
3376 2117 3443 2170 ad
3476 2131 3560 2172 me

1989 2195 2184 2262 adhuc,
2232 2197 2417 2253 dicens
2449 2215 2464 2254 :
2499 2200 2634 2266 Quia
2675 2215 2780 2255 non
2835 2203 2947 2257 vult
2972 2205 3206 2272 papulus
3253 2205 3340 2261 hic
3361 2222 3557 2276 aquam

1991 2285 2214 2356 Siloam,
2243 2305 2362 2360 quae
2396 2291 2581 2361 quiete
2609 2291 2760 2358 ﬂuit;
2794 2295 2889 2349 sed
2936 2298 3049 2350 vult
3098 2297 3300 2354 habere
3330 2299 3557 2356 Raassiu

1988 2389 2044 2434 et
2072 2379 2239 2434 ﬁlium
2267 2380 2524 2436 BOIIICIIiB
2561 2383 2613 2436 in
2658 2398 2836 2453 regem
2883 2400 3049 2456 super
3086 2401 3202 2442 vos.
3244 2406 3264 2441 ι
3300 2388 3557 2455 Quaenam

1990 2469 2078 2524 illa
2124 2481 2265 2548 erat.
2286 2489 2425 2541 aqua
2461 2473 2706 2528 Siloam?
2750 2475 3068 2531 Emmanuel
3122 2478 3213 2534 ille
3262 2482 3560 2551 promissus

1988 2560 2142 2631 ipsis,
2170 2563 2264 2633 qui
2293 2573 2377 2618 est
2429 2582 2446 2617 I
2485 2567 2606 2620 fons
2643 2581 2798 2636 aqum
2829 2567 3069 2624 salientis
3101 2568 3154 2623 in
3193 2571 3358 2624 vitam
3409 2581 3562 2626 mter-

1991 2666 2137 2716 nam,
2177 2671 2196 2705 ›
2231 2661 2285 2707 et
2311 2653 2433 2708 fons
2463 2670 2618 2724 aquae
2647 2654 2860 2712 llueiitis
2885 2659 2951 2712 ad
2983 2659 3146 2713 vitam
3185 2661 3392 2730 quiete.
3409 2659 3559 2716 Tunc

1987 2743 2127 2795 enim
2153 2744 2318 2798 etiam
2343 2745 2575 2801 latenter
2596 2755 2651 2802 et
2675 2750 2855 2818 quiete
2885 2749 3163 2806 incedebat
3184 2767 3305 2807 cum
3338 2754 3559 2823 populo,

1987 2843 2045 2888 ut
2078 2834 2225 2890 illum
2253 2836 2526 2908 irrigaret,
2568 2849 2621 2894 et
2653 2840 2939 2897 animabus
2981 2858 3167 2898 eorum
3200 2847 3559 2916 prospiceret,

1986 2941 2110 2980 cum
2141 2928 2379 2984 nondum
2428 2931 2752 3000 praedicatus
2799 2933 2992 2990 luisset
3025 2935 3078 2994 in
3121 2951 3309 2992 omnes
3347 2947 3557 3008 gentes.

1987 3015 2347 3084 Quamobrem
2391 3019 2635 3090 apposite
2663 3035 2886 3077 vocatur
2914 3039 3050 3093 aqua
3096 3025 3281 3094 quiete
3307 3043 3560 3085 manans.

1985 3116 2038 3162 et
2063 3107 2182 3162 fons
2217 3109 2442 3176 Siloam,
2466 3112 2608 3180 quod
2643 3113 2928 3186 significat,
2962 3133 2980 3166 ι
3013 3118 3230 3172 missus.
3273 3138 3292 3172 ο
3324 3117 3558 3190 Populus

1985 3208 2167 3253 autem
2197 3199 2285 3255 hic
2317 3216 2345 3254 a
2385 3203 2612 3259 Domino
2652 3215 2959 3271 accusatus,
3000 3222 3120 3262 cum
3167 3209 3338 3278 jussui
3367 3225 3560 3279 parcre

1986 3296 2039 3342 et
2068 3288 2475 3347 Emmanuelem
2528 3307 2723 3350 vocare
2752 3296 2934 3360 nollet,
2985 3297 3076 3366 qui
3128 3309 3247 3354 erat
3291 3315 3432 3369 aqua
3465 3301 3560 3357 illa

1986 3379 2168 3448 quiete
2203 3396 2449 3448 manans,
2477 3383 2547 3438 ab
2574 3400 2640 3440 eo
2665 3387 2914 3442 desertus
2940 3397 3046 3444 est.
3079 3390 3217 3456 Quia
3255 3392 3436 3460 igitur,
3469 3392 3555 3446 iu-

1991 3471 2174 3529 ﬁdeles
2219 3488 2340 3529 cum
2374 3487 2574 3541 essent,
2608 3478 2718 3548 regi
2767 3477 3014 3535 Damasci
3044 3490 3098 3536 et
3147 3482 3258 3552 regi
3291 3482 3556 3539 Samaria)

1987 3563 2220 3619 inimicis
2251 3565 2364 3620 suis
2394 3581 2515 3622 sese
2562 3568 2834 3638 subjicere
2871 3570 3179 3635 malebant,
3213 3588 3372 3642 quam
3400 3588 3552 3641 jussa

1983 3657 2238 3725 exsequi;
2287 3658 2408 3713 ideo
2436 3661 2796 3716 comminatur
2835 3660 3142 3732 Scriptura,
3174 3664 3446 3733 ipsosuon
3488 3666 3554 3720 iis

1983 3746 2222 3800 subditos
2249 3747 2387 3814 fore,
2420 3750 2512 3804 sed
2543 3750 2656 3821 regi
2681 3750 3047 3821 Assyriorum.

290 3857 692 3927 κεκελευσμένα
711 3871 725 3885 ο
753 3853 940 3908 τούτου
972 3851 1131 3923 χάριν
1157 3847 1422 3903 ἀπειλεῖὸ
1469 3845 1625 3914 λόγος
1686 3842 1761 3915 μὴ
1798 3842 2026 3904 ἐκείνοις
2078 3843 2273 3908 αὐτοὺς
2325 3846 2664 3918 ὑποχειρίους
2689 3845 2929 3912 ἔσεσθαι,
2963 3847 3098 3902 ἀλλά
3120 3847 3198 3920 τῷ
3224 3848 3330 3904 τῶν
3361 3850 3551 3906 Ἀσσυ-

290 3952 424 4026 ρίων
457 3952 681 4023 βασιλεῖ.

365 4068 385 4101 ε
408 4049 505 4103 Διά
535 4049 693 4102 τοῦτο
728 4047 836 4100 ἰδοὺ
862 4045 1052 4114 ἀνάγει
1098 4041 1303 4112 Κύριος
1331 4039 1414 4110 ἐφ’
1449 4037 1595 4108 ὑμᾶς
1629 4035 1689 4088 τὸ
1721 4033 1864 4106 ῦδωρ

2044 4031 2207 4088 Vens.
2239 4034 2291 4097 7,
2322 4034 2377 4089 8.
2408 4033 2530 4089 Ideo
2551 4047 2677 4089 ecce
2706 4035 2928 4092 reducet
2964 4036 3224 4093 Dontinus
3250 4052 3415 4108 super
3452 4054 3549 4092 vos

285 4140 381 4194 τοῦ
413 4139 676 4212 ποταμοῦ,
708 4139 769 4192 τὸ
805 4137 1021 4209 ἰσχυρὸν
1069 4136 1164 4190 καὶ
1213 4133 1274 4186 τὸ
1304 4131 1459 4195 πολὺ,
1506 4128 1595 4182 τὸν
1641 4128 1862 4200 βασιλέα

1991 4141 2165 4195 nquam
2219 4124 2478 4192 ﬂuminis,
2528 4125 2724 4182 fortem
2766 4137 2823 4182 et
2861 4129 3109 4194 multam,
3165 4145 3347 4199 regem
3382 4133 3545 4199 Assy-

284 4233 394 4286 τῶν
435 4233 751 4304 Ἀσσυρίων,
796 4232 889 4285 καὶ
915 4229 1012 4300 τὴν
1041 4226 1198 4294 δόξαν
1226 4223 1390 4280 αὐτοῦ
1409 4239 1422 4252 ο
1475 4222 1566 4274 καὶ
1593 4219 1860 4291 ἀναϐήσε-

1991 4217 2173 4272 'iorum
2203 4228 2260 4272 et
2292 4216 2518 4285 gloriam
2550 4220 2670 4290 ejus
2699 4237 2712 4275 :
2743 4230 2800 4274 et
2825 4220 3082 4276 ascendet
3125 4237 3288 4292 super
3320 4237 3541 4276 omnem

283 4345 376 4382 ται
404 4327 496 4380 ἐπὶ
527 4327 705 4379 πᾶσαν
740 4321 995 4393 φάραγγα
1023 4318 1197 4390 ὑμῶν,
1236 4316 1328 4370 καὶ
1362 4312 1722 4413 περιπατήσει
1769 4309 1863 4413 επὶ

1991 4311 2159 4366 rallem
2191 4322 2448 4377 vestram,
2483 4322 2538 4367 et
2565 4312 2866 4368 ambulabit
2887 4328 3050 4382 super
3075 4329 3288 4368 onmem
3327 4329 3540 4368 murum

285 4421 395 4474 πᾶν
423 4423 600 4489 τεῖχος
623 4417 797 4488 ὑμῶν,
835 4416 930 4469 καὶ¹
962 4413 1150 4482 ἀφελεῖ
1181 4410 1288 4463 ἀπὸ
1331 4404 1756 4505 της-Ἰουδαίας.
1767 4402 1861 4505 ﬁ:-

1991 4411 2229 4467 restrum,
2258 4411 2313 4456 et
2341 4400 2551 4456 auferet
2584 4418 2612 4456 a
2639 4401 2824 4457 Iudaea
2857 4403 3153 4458 hominem.
3184 4422 3205 4456 ι
3238 4404 3320 4459 Ad
3347 4403 3539 4458 discri-

282 4512 518 4583 θρωπον.
544 4528 562 4559 ι
592 4507 735 4578 Πρὸς
763 4502 1166 4572 ἀντιδιαστολὴν
1185 4498 1292 4570 γὰρ
1316 4496 1408 4550 τοῦ
1446 4493 1637 4557 ὓδατος
1667 4492 1759 4547 τοῦ
1787 4493 1867 4546 Σι-

1991 4508 2089 4548 nen
2121 4507 2277 4562 aqua:
2315 4491 2542 4557 Siloam,
2576 4494 2760 4564 quiete
2786 4495 3080 4560 manantis,
3118 4509 3316 4563 aquam
3355 4492 3534 4548 ﬂumi-

279 4601 439 4671 λωάμ
466 4597 560 4654 τοῦ
591 4597 956 4670 πορευομένου
992 4592 1187 4665 ἡσυχῆ,
1221 4590 1282 4643 τὸ
1309 4589 1452 4660 ὓδωρ
1483 4584 1745 4655 ἀντέθηκε
1769 4583 1862 4637 τοῦ

1991 4586 2050 4642 IIS
2077 4584 2268 4641 fortem
2303 4597 2360 4640 et
2404 4588 2624 4641 multant
2654 4586 2904 4657 opposuit
2937 4602 2951 4638 :
2985 4601 3107 4657 quae
3156 4595 3275 4640 erat
3314 4599 3411 4640 rex
3435 4585 3537 4640 As-

281 4694 548 4765 ποταμοῦ,
580 4693 641 4746 τὸ
667 4690 880 4763 ἰσχυρὸν
908 4687 1002 4742 καὶ
1020 4686 1081 4740 τὸ
1110 4682 1243 4736 πολύ
1260 4699 1272 4711 ·
1300 4677 1368 4753 ἦν
1395 4680 1454 4734 δὲ
1479 4673 1642 4778 οὗτος
1656 4678 1685 4730 ὁ
1719 4675 1864 4778 βασι-

1992 4678 2255 4750 yriorum.
2283 4676 2512 4731 Tantam
2537 4675 2683 4732 enim
2713 4677 2946 4732 hostium
2973 4677 3373 4731 multitudinem
3399 4691 3531 4730 ven-

276 4789 402 4851 λεὺς
430 4787 536 4840 τῶν
579 4783 897 4854 Ἀσσυρίων.
928 4778 1190 4833 Τοσοῦτον
1219 4775 1326 4846 γὰρ
1350 4771 1551 4843 πλῆθος
1576 4769 1724 4841 ἥξειν
1753 4768 1861 4872 τίὲν

1991 4785 2138 4825 uram
2169 4769 2522 4833 vaticinatur,
2562 4779 2618 4822 ut
2645 4782 2863 4823 omnem
2898 4767 3139 4829 Iudaicae
3168 4767 3405 4838 regionis
3454 4766 3532 4820 Ia-

276 4881 551 4952 πολεμίων
582 4874 952 4940 θεσπίζει,ἰῖ›ς
988 4874 1094 4926 πᾶν
1110 4871 1171 4923 τὸ
1201 4867 1400 4930 πλάτος
1430 4865 1531 4935 τῆς
1550 4862 1860 4963 ξιουδαῑκῆς

1991 4864 2243 4918 itudiuem
2296 4862 2538 4934 impleat,
2587 4873 2642 4918 et
2681 4863 2749 4918 ab
2801 4878 2864 4918 ea
2909 4860 3189 4916 auferatur
3219 4861 3402 4927 homo,
3438 4862 3529 4931 qui

272 4974 458 5050 χώρας
488 4972 814 5046 πληρώσειν,
840 4963 1202 5037 ἀφαιρεθῆναι
1229 4961 1285 5014 δὲ
1427 4956 1613 5052 ςαὺτῆς
1646 4952 1856 5052 ἄνθρω-

1991 4955 2130 5009 ωείι
2154 4962 2317 5025 caput
2341 4954 2627 5019 extollere,
2665 4963 2759 5010 aut
2784 4952 3061 5024 quidpiam
3109 4952 3374 5022 perlicere
3409 4970 3423 5004 :
3457 4953 3527 5006 ita

275 5015 456 5050 κυεην-ν
495 5015 814 5046 ’ν’νησνα-ὐνι
841 5015 1035 5037 -τντν
1056 5015 1064 5017 -
1085 5015 1133 5034 ~r
1154 5015 1164 5018 τ
1192 5015 1195 5016 ν
1571 5015 1607 5026 .-
1748 5015 1782 5058 ,ἢ

275 5085 399 5130 πον,
433 5065 492 5129 ὃς
520 5065 803 5136 δυνήσεται
847 5057 1084 5129 κεφαλὴν
1117 5051 1266 5125 ἆραι,
1295 5051 1328 5123 ἦ
1361 5047 1583 5102 δυνατὸν
1610 5044 1854 5136 συντελέ-

1999 5055 2016 5096 ι
2053 5015 2306 5112 deinceps
2335 5043 2409 5096 illi
2445 5015 2738 5113 caput'non
2767 5015 3022 5106 habeant,
3054 5015 3127 5096 id—
3141 5052 3228 5096 est
3255 5041 3529 5113 principes

274 5107 582 5214 σασθαίτι·
626 5107 700 5218 ἐῢς
732 5107 1194 5225 μηκὲτῖκεφαλὴν
1229 5143 1424 5204 αὐτοὺς
1446 5140 1587 5210 ἔχειν
1622 5135 1715 5190 τοῦ
1748 5135 1855 5188 λοι-

1992 5142 2210 5220 treges.
2243 5107 2376 5201 Qua
2414 5107 2590 5205 reipsa
2627 5142 2924 5190 evenerunt
2955 5133 3200 5192 Jeremia:
3253 5107 3527 5204 propheta:

272 5248 402 5310 ποῦ,
435 5223 744 5307 τουτέστιν,
759 5223 1021 5314 ἄρχοντας
1043 5238 1136 5290 καὶ
1166 5233 1437 5326 βασιλέας.
1466 5231 1643 5326 ’ἶΑπερ
1672 5227 1737 5326 δι’
1759 5225 1848 5296 ἐρ-

1991 5240 2218 5296 ειηροτθ,
2249 5241 2357 5296 quo
2397 5227 2710 5296 irrumpens
2740 5223 3241 5282 Nabuchodonosor
3290 5240 3383 5288 rex
3429 5225 3528 5278 As-

263 5355 385 5409 γων
410 5335 605 5408 ἐχώρει
636 5336 729 5388 ἐπὶ
758 5332 868 5386 τῶν
905 5329 1165 5401 Ἱερεμίου
1197 5324 1289 5379 τοῦ
1317 5322 1594 5395 προφήτου
1617 5318 1842 5391 χρόνων,

1991 5317 2248 5387 yriorum,
2282 5316 2660 5388 prmnuutiatis
2690 5317 2852 5370 linem
2887 5316 3164 5385 imposuit.

262 5430 394 5485 καθ’
431 5428 525 5492 οὓς
555 5427 780 5490 ἐπιστὰς
817 5419 1284 5492 Ναὸουχοδονόσορ
1325 5419 1355 5469 ὁ
1393 5414 1499 5468 τῶν
1548 5411 1848 5482 Ἀσσυρίων

260 5524 545 5600 βασιλεὺς,
568 5521 718 5584 τέλος
951 5508 1523 5620 τοῖςιῗτροῗιρῖιιμέἴοις.
1599 5599 1618 5620 \
1713 5597 1739 5610 η
2031 5610 2048 5620 ,
2087 5592 2146 5620 Ife
2179 5592 2278 5620 ,ιι-ει
2329 5592 2599 5620 nun—Ah..-
2632 5593 2746 5620 -:....
2821 5601 2871 5620 ..ί
2918 5590 3134 5620 ἷηησιιιυιο
3185 5589 3388 5620 Iulia...“

343 5639 362 5669 ‹
391 5617 497 5671 Καὶ
546 5615 696 5670 ἔσται
730 5617 764 5688 ἡ
813 5607 1130 5687 παρεμϐολὴ
1161 5605 1346 5672 αὐτοῦ,
1388 5602 1526 5656 ὥστε
1559 5597 1846 5670 πληρῶσαι

2030 5610 2048 5643 ε
2085 5592 2149 5649 Et
2177 5592 2284 5650 erit
2326 5592 2602 5650 exercitus
2630 5593 2774 5663 ejus,
2821 5601 2877 5648 ut
2918 5590 3139 5661 impleat
3182 5589 3522 5645 latitudinem

249 5811 310 5844 "
338 5807 465 5862 Luc.
499 5821 538 5875 t,
566 5806 649 5860 55.
