4062 6396
643 351 747 411 145

1311 348 1575 406 EUSEBll
1610 348 2089 407 CESARIENSIS
2127 349 2279 406 (lPP.
2322 349 2504 407 PARS
2541 349 2631 406 Ill.
2671 380 2738 393 —
2779 349 3196 407 EXEGETICA.
3744 356 3826 409 lu

641 469 880 538 regionis
928 477 1064 531 tum,
1117 468 1406 524 Nobiscum
1475 471 1637 526 Deus.
1678 491 1696 524 ι
1751 472 1874 526 llzec
1915 489 2130 544 quoque
2164 474 2205 528 ir

2320 474 2380 527 τὸ
2407 473 2608 538 πλάτος
2638 473 2738 544 τῆς
2764 471 2946 546 χώρας
2993 490 3109 533 σου,
3144 470 3278 525 Μεθ’
3299 471 3444 542 ἡμῶν
3482 471 3509 523 6
3537 469 3673 531 Θεός.
3695 491 3710 522 ι
3741 474 3827 525 Καὶ

639 562 828 616 eodem
863 559 1228 615 Emmanuelis
1258 573 1578 632 argumento
1616 564 1910 618 insistunt:
1945 564 2210 632 incipiunt

638 653 784 706 enim
833 652 902 706 ab
950 651 1334 718 Emmanuele,
1405 655 1548 723 quod
1590 655 1889 724 signiﬁcat,
1939 655 2208 708 nobiscum

643 746 800 810 Deus,
843 748 1132 815 cognoscite
1157 755 1366 816 gentes;
1413 761 1477 800 ac
1526 762 1738 801 rursum
1772 747 1824 802 in
1857 747 1961 802 fine
1987 757 2208 803 senten-

638 835 760 889 tiaz‘:
794 853 812 886 ι
857 835 922 888 Ει
969 849 1148 889 sermo
1193 852 1349 906 quem
1400 836 1691 908 loquemini
1750 854 1857 894 non
1895 849 2111 895 maneat
2153 840 2206 895 in

636 927 810 992 vobis,
865 927 990 996 quia
1032 928 1310 982 nobiscum
1357 928 1543 986 Deus:
1585 950 1605 983 ι
1642 931 1838 987 iterum
1895 932 2208 986 Emmanuel

638 1020 814 1074 dictus
840 1030 945 1078 est.
979 1020 1270 1090 Postquam
1311 1036 1444 1092 ergo
1471 1023 1729 1092 propheta
1762 1033 2089 1078 memoratos
2112 1025 2206 1079 ho.

639 1115 810 1168 mines
853 1125 1187 1184 coarguerat,
1231 1119 1372 1187 quod
1409 1118 1729 1181 noluissent,
1779 1118 2029 1173 invocato
2075 1115 2206 1171 Em-

638 1209 902 1270 manuele.
943 1211 1176 1266 inimicis
1210 1214 1519 1282 superiores
1560 1213 1814 1279 evadere,
1858 1213 1973 1284 ipse
2013 1227 2080 1267 ex
2108 1227 2204 1266 sna

634 1311 690 1356 et
719 1303 798 1355 sui
832 1302 1086 1358 similium
1142 1320 1369 1375 persona
1426 1306 1826 1361 Emmanuelem
1877 1306 2097 1360 invocat
2127 1305 2205 1360 di-

633 1402 762 1442 cens
782 1409 795 1443 ε

702 1478 869 1532 Vens.
901 1480 954 1544 9,
992 1479 1078 1534 lO.
1112 1500 1130 1533 ι
1154 1481 1445 1538 Nobiscum
1473 1483 1632 1538 Deus.
1664 1483 1988 1555 Cognoscite
2017 1497 2205 1556 gentes

632 1576 683 1621 et
715 1567 1013 1634 vincimini,
1059 1579 1112 1623 et
1162 1569 1345 1625 audite
1383 1587 1554 1642 usque
1581 1573 1645 1626 ad
1669 1581 1970 1628 extremum
2003 1583 2159 1628 terrae
2188 1591 2201 1628 :

633 1659 721 1728 qui
754 1657 927 1714 fortes
957 1659 1158 1724 fuistis,
1183 1662 1458 1717 vincimini
1495 1680 1509 1715 :
1546 1679 1669 1717 nam
1713 1666 1756 1720 si
1796 1665 1992 1721 iterum
2039 1665 2206 1722 fortes

633 1751 774 1814 sitis,
801 1751 994 1804 iterum
1023 1752 1310 1807 vincemini
1340 1768 1354 1804 :
1410 1766 1463 1808 et
1498 1758 1541 1809 si
1579 1755 1866 1811 consilium
1897 1757 2115 1822 ineatis,
2152 1758 2202 1812 id

633 1842 916 1912 dissipabit
965 1842 1220 1897 Dominus
1269 1864 1286 1900 :

631 1949 739 1989 non
769 1935 1006 1990 manebit
1036 1935 1087 1989 in
1120 1935 1292 2001 vobis,
1322 1938 1445 2007 quia
1483 1938 1760 1994 nobiscum
1791 1939 1954 1997 Deus.
1986 1961 2004 1994 ι
2027 1942 2197 2009 Quem

630 2042 762 2083 vero
799 2029 1174 2099 cognoscetis?
1217 2029 1393 2098 Ipsum
1438 2029 1846 2087 Emmanuelem
1883 2051 1898 2090 :
1932 2048 2055 2087 nam
2105 2051 2200 2104 po-

630 2120 790 2189 pulus
816 2134 881 2174 ex
921 2121 1340 2176 circumcisione
1378 2136 1552 2192 neque
1583 2123 1840 2193 cognovit
1878 2125 2074 2193 ipsum.
2106 2140 2200 2178 ne-

619 2225 734 2280 que
785 2211 1083 2274 intellexit,
1133 2225 1305 2278 neque
1359 2213 1657 2282 prophetire
1705 2212 1929 2268 credere
1981 2213 2196 2268 voluit:

618 2305 728 2355 'sed
760 2317 857 2357 nec
901 2303 1068 2356 victus
1098 2313 1202 2367 est,
1231 2319 1330 2357 nec
1359 2313 1627 2374 prmcepto
1672 2320 1732 2358 se
1780 2305 2043 2360 subdidit.
2094 2304 2200 2361 Vos

629 2404 810 2448 autem
837 2403 1042 2464 gentes,
1085 2396 1335 2449 notitiam
1373 2396 1510 2464 ejus,
1552 2396 1640 2464 qui
1679 2397 1731 2450 in
1774 2396 2056 2465 prophetia
2093 2397 2202 2451 fer-

614 2493 740 2546 'tnr,
779 2485 1038 2554 accipite,
1067 2493 1229 2556 atque
1271 2487 1385 2542 haec
1432 2487 1812 2558 intelligentes,
1857 2489 2021 2543 nolite
2061 2489 2203 2542 reln-

627 2579 800 2643 ctari;
850 2577 945 2633 sed
999 2578 1275 2632 vincimini
1320 2580 1582 2647 superati.
1626 2579 1824 2634 Audite
1875 2590 2200 2649 prmceptum

619 2687 725 2726 'vos
761 2684 971 2734 omnes,
1022 2671 1110 2739 qui
1157 2685 1328 2740 usque
1359 2670 1424 2723 ad
1457 2680 1759 2725 extremum
1794 2680 1952 2726 terra;
1991 2672 2204 2726 habita-

630 2763 698 2818 ιίε
729 2778 829 2817 :ac
855 2762 898 2816 si
931 2761 1019 2829 qui
1050 2762 1102 2815 in
1132 2762 1283 2816 vobis
1312 2762 1481 2816 fortes
1507 2777 1573 2815 ac
1613 2768 1882 2830 potentes,
1915 2761 2082 2817 verbo
2115 2779 2204 2817 ce-

620 2855 742 2908 dite
774 2853 903 2906 victi
938 2860 992 2905 et
1025 2851 1298 2920 superati;
1350 2850 1516 2920 idque
1544 2851 1802 2906 alacriter
1849 2853 2014 2924 agite,
2049 2854 2202 2923 gnari

623 2945 729 2998 etsi
754 2943 1053 3008 nolueritis,
1089 2941 1172 2995 vel
1205 2941 1404 2996 invitos
1431 2943 1760 3011 superandos
1790 2959 1948 2999 esse.-
1975 2945 2125 3011 Quod
2159 2949 2204 3002 si

630 3035 724 3090 Dei
754 3035 981 3090 consilio
1007 3045 1385 3105 repugnantes,
1425 3038 1702 3090 machinas
1735 3037 1992 3106 quasdam
2021 3049 2074 3093 et
2124 3039 2206 3093 in-

627 3128 796 3182 sidias
825 3125 1133 3181 struxeritis
1153 3134 1343 3180 contra
1373 3127 1594 3180 verbum
1619 3141 1648 3179 a
1679 3142 1786 3196 quo
1814 3129 2076 3183 vocamini
2100 3145 2113 3193 ;
2147 3137 2208 3182 ut

629 3217 814 3271 inania
850 3217 1086 3285 aggressi
1111 3216 1428 3286 arguemini.
1459 3214 1583 3270 llaec
1623 3232 1782 3286 porro
1803 3216 2054 3283 dicimus,
2079 3219 2204 3289 quia

633 3309 911 3361 nobiscum
937 3307 1280 3360 Emmanuel.

703 3397 868 3452 Vens.
892 3397 987 3452 -ll.
1026 3415 1044 3448 ι
1079 3397 1178 3451 Sic
1209 3397 1342 3451 dicit
1366 3396 1630 3450 Dominus
1663 3397 1840 3451 manui
1879 3396 2002 3452 forti
2038 3415 2051 3450 :
2092 3396 2204 3454 Non

629 3494 1003 3561 obsequuntur
1029 3490 1264 3545 incessui
1306 3491 1356 3542 in
1400 3489 1481 3542 via
1515 3489 1692 3557 pepuli
1728 3489 1906 3558 hujus.
1947 3509 1966 3541 ι
1991 3489 2208 3544 Transit

630 3599 759 3656 ergo
793 3585 860 3638 ad
887 3581 1164 3638 Iudaicum
1194 3581 1444 3653 p0pulum
1467 3623 1483 3648 ,
1523 3581 1804 3652 ipsumque
1836 3593 1900 3636 'ut
1925 3582 2046 3637 forti
2093 3598 2207 3636 ma-

632 3678 724 3732 nui
748 3675 1160 3746 immorigerum
1187 3674 1451 3745 coarguit.
1488 3671 1621 3727 Nam
1650 3673 1716 3727 ab
1748 3673 1833 3728 illa
1861 3675 2054 3740 vocati,
2082 3690 2204 3729 cum

631 3767 855 3838 obsequi
887 3765 1237 3836 oportuisset,
1274 3765 1346 3818 illi
1377 3772 1568 3819 contra
1620 3780 1725 3818 non
1759 3764 2208 3834 obtemperabant

633 3857 1190 3916 ac'contradicebant.
1235 3855 1312 3911 Ne
1352 3857 1565 3920 dicatis,
1616 3856 1810 3925 inquit,
1863 3856 2052 3911 durum
2087 3871 2207 3911 esse

633 3963 960 4026 sermonem,
1011 3947 1154 4016 quod
1201 3956 1445 4016 oporteat
1488 3945 1783 4001 abscedere
1827 3962 1858 4001 a
1910 3947 1993 4000 via
2027 3946 2203 4017 populi

635 4043 831 4112 hujus:
873 4057 995 4094 nam
1025 4039 1111 4093 hic
1137 4037 1349 4107 quidem
1381 4037 1604 4107 populus
1640 4039 1830 4092 durqu
1878 4037 2024 4091 illum
2055 4039 2205 4091 aesti-

636 4146 783 4202 mat;
813 4150 909 4189 vos
953 4149 1083 4188 vero
1124 4132 1215 4203 qui
1251 4131 1588 4185 abscessistis
1638 4149 1666 4184 a
1700 4132 1786 4184 via
1817 4131 1995 4201 populi
2027 4129 2202 4196 hujus,

635 4244 703 4284 ne
735 4226 929 4282 dicatis
958 4225 1099 4278 hunc
1133 4236 1252 4277 esse
1283 4221 1476 4276 durum
1509 4237 1522 4272 :
1564 4221 1706 4290 quod
1737 4220 1780 4275 si
1819 4221 1852 4274 ii
1885 4237 1949 4275 ex
1984 4221 2084 4275 isto
2114 4236 2206 4286 po-

635 4318 762 4390 pulo
805 4317 895 4387 qui
935 4312 1198 4371 increduli
1240 4322 1391 4376 sunt,
1427 4313 1649 4366 insidias
1694 4310 1845 4367 vobis
1885 4314 2201 4375 struxerint,

635 4417 818 4480 utpote
861 4406 953 4478 qui
988 4404 1315 4470 defeceritis,
1364 4415 1418 4460 at
1469 4417 1564 4457 vos
1614 4403 1858 4457 timorem
1908 4417 2090 4458 eorum
2139 4417 2204 4456 ne

639 4500 894 4564 tiineatis,
929 4513 1027 4553 nec
1063 4497 1132 4553 ab
1163 4495 1266 4550 illis
1292 4493 1428 4566 pulsi
1449 4494 1845 4550 conturbemini
1878 4510 1893 4546 :
1925 4491 2203 4560 solumque
2241 4533 2280 4586 ι)

637 4597 921 4651 Dominum
953 4593 1209 4646 virtutum
1239 4595 1424 4642 sancte
1466 4586 1725 4652 colentes,
1752 4600 1871 4640 eum
1908 4584 2200 4639 timendum

637 4691 790 4742 vobis
838 4685 1093 4741 ascribite
1153 4698 1167 4734 :
1212 4696 1335 4735 nam
1390 4699 1408 4731 ‹
1455 4680 1666 4734 initium
1720 4676 1996 4747 sapientia:
2045 4677 2206 4730 timor

639 4780 847 4835 Domini
878 4779 954 4844 ⁸³,
994 4797 1013 4830 ›
1048 4791 1143 4845 per
1174 4790 1331 4844 quem
1381 4772 1657 4829 hominum
1688 4779 1860 4826 metus
1889 4770 2063 4825 omnis
2109 4772 2206 4823 eli-

639 4872 892 4925 minatur.

707 4961 872 5017 νεεδ.
908 4960 993 5014 12.
1029 4979 1048 5011 ι
1093 4958 1376 5013 Dominum
1408 4959 1582 5028 ipsum
1616 4954 1971 5016 sanctilicate.
2017 4961 2071 5008 et
2093 4951 2208 5022 ipse

635 5049 742 5103 erit
787 5049 950 5100 timor
999 5055 1121 5102 tuus
1159 5061 1173 5098 :
1224 5055 1279 5102 et
1329 5045 1374 5100 si
1411 5046 1465 5100 in
1502 5047 1616 5115 ipso
1648 5043 1910 5108 confidas,
1959 5043 2063 5098 erit
2114 5044 2206 5098 tibi

636 5140 1018 5196 sanctificatio.
1057 5159 1076 5192 ι
1107 5139 1162 5195 Si
1199 5155 1349 5210 ergo.
1398 5138 1492 5203 ait,
1539 5137 1591 5192 in
1651 5137 1767 5206 ipso
1803 5135 2068 5200 confidas,
2105 5136 2208 5189 erit

639 5236 735 5292 tibi
765 5236 816 5288 in
870 5233 1378 5298 sanctiﬁcationeni,
1411 5234 1480 5287 ita
1527 5241 1584 5285 ut
1616 5244 1879 5300 corporeo
1908 5231 2205 5285 sanctilicio

641 5346 744 5384 non
781 5329 920 5383 ultra
947 5344 1128 5400 egeas.
1159 5328 1530 5383 Sanctificium
1566 5335 1744 5382 autem
1780 5327 1921 5397 apud
1952 5324 2204 5380 Ilebrznos

638 5423 928 5476 vocabatur
966 5421 1219 5489 templum
1251 5420 1376 5474 olim
1404 5420 1546 5489 apud
1573 5419 1693 5474 illos
1723 5416 2204 5485 consistens,ejns—

634 5526 738 5581 que
770 5513 1046 5567 interiora.
1080 5512 1198 5567 Tibi
1228 5513 1406 5582 itaque
1441 5513 1508 5568 ab
1533 5509 1643 5568 illis
1668 5512 1841 5584 pulso,
1875 5509 1967 5566 sed
2011 5510 2062 5565 in
2096 5509 2202 5565 Do-

635 5603 780 5659 mino
813 5603 1127 5665 confidenti,
1176 5603 1528 5657 sanctiﬁcium
1562 5604 1684 5662 erit.
1731 5619 1837 5661 non
1872 5618 2193 5674 corporeum

705 5803 750 5836 ³³
779 5801 917 5856 l’sal.
949 5816 1038 5865 cx,
1077 5802 1160 5855 l0.

1339 1854 1390 1899 et
1449 1850 1669 1900 verbum
1719 1848 1859 1918 quod
1907 1849 2199 1918 loquemini
2238 1824 2275 1876 Β

2310 564 2482 618 ταῦτα
2513 563 2612 634 τῆς
2667 563 2794 636 περὶ
2822 563 2914 617 τοῦ
2961 562 3303 635 Ἐμμανουήλ
3339 561 3508 632 ἔχεται
3535 561 3823 626 ὑποθέσεως·

2309 658 2535 728 ἄρχεται
2559 656 2688 726 γοῦν
2722 657 2830 710 ἀπὸ
2859 655 2951 710 τοῦ
2995 655 3354 728 Ἑμμανουὴλ,
3388 656 3516 727 ὅπερ
3544 656 3666 719 ἐστὶ,
3698 675 3714 707 ι
3733 656 3826 726 μεθ’

2309 747 2464 818 ἡμῶν
2484 749 2512 801 6
2544 747 2676 811 Θεός
2698 763 2711 775 ·
2735 747 2907 816 γνῶτε
2940 747 3067 817 ἔθνη
3087 766 3098 779 ·
3127 766 3144 798 ι
3178 745 3270 799 καὶ
3293 742 3442 809 αὖθις
3465 746 3590 816 πρὸς
3619 746 3687 816 τῷ
3715 746 3827 799 τέλει

2307 840 2386 908 τῷ
2413 837 2664 907 λέγεσθαι
2687 854 2701 870 ·
2743 856 2761 889 ‹
2786 839 2895 892 Καὶ
2915 839 3070 907 λόγον
3091 839 3148 890 ὃν
3185 838 3250 892 ἂν
3283 836 3559 908 λαλήσητε,
3588 837 3640 890 ού
3669 837 3732 908 μή
3753 839 3832 908 ἐμ-

2311 930 2467 1002 μείνῃ
2501 932 2558 983 ἐν
2589 931 2737 1001 ὑμῖν,
2773 932 2855 984 ὅτι
2905 931 3025 1000 μεθ’
3048 929 3202 1002 ήμῶν
3234 932 3262 984 ό
3293 929 3453 993 Θεός’
3477 949 3494 981 ι
3536 929 3832 1000 Ἐμμανουὴλ

2309 1018 2467 1072 πάλιν
2489 1019 2720 1091 εἴρηται.
2758 1019 3045 1088 Διελὲγξας
3065 1019 3240 1072 τοίνυν
3279 1021 3306 1072 6
3331 1020 3602 1090 προφήτης
3628 1021 3737 1082 τοὺς
3758 1019 3830 1088 δη-

2307 1110 2596 1177 λωθέντας,
2640 1111 2722 1164 ὅτι
2765 1111 2838 1183 μὴ
2875 1111 3260 1182 ἐϐουλήθησαν,
3294 1110 3718 1180 ἐπικαλεσάμενοι
3759 1111 3832 1164 τὸν

2319 1204 2682 1276 Ἐμμανουήλ,
2719 1205 3000 1274 κρείττους
3040 1204 3288 1273 γενέσθαι
3332 1203 3435 1256 τῶν
3467 1202 3730 1273 πολεμίων,
3757 1203 3833 1256 αὺ-

2307 1295 2396 1358 τὸς
2428 1295 2765 1349 ἐπικαλεῖται
2797 1297 2888 1349 τὸν
2924 1294 3266 1368 Ἐμμανουήλ
3319 1295 3377 1360 ἐξ
3427 1295 3548 1348 ἰδίου
3585 1293 3830 1366 προσώπου

2308 1385 2400 1438 καὶ
2421 1384 2530 1438 τῶν
2555 1385 2704 1456 αὑτῷ
2731 1386 3146 1458 παραπλησίων,
3181 1387 3382 1454 λέγων·

2383 1496 2404 1527 ‹
2426 1476 2561 1529 Μεθ’
2595 1475 2751 1548 ήμῶν
2780 1479 2808 1530 ό
2850 1477 3002 1540 Θεός.
3033 1478 3211 1532 Γνῶτε
3239 1478 3366 1548 ἔθνη
3399 1477 3488 1530 καὶ
3511 1473 3734 1547 ἡττᾶσθε,
3760 1475 3833 1528 καὶ

2307 1569 2646 1621 ἐπακούσατε
2679 1569 2784 1633 ἐως
2816 1571 3044 1641 ἐσχάτου
3060 1574 3159 1639 τῆς
3188 1571 3310 1640 γῆς,
3333 1569 3599 1639 ίσχυκότες
3621 1566 3830 1638 ἡττᾶσθε,

2307 1656 2402 1709 ἐὰν
2433 1657 2541 1728 γὰρ
2563 1657 2722 1711 πάλιν
2760 1659 3034 1730 ίσχύσητε.
3071 1660 3232 1713 πάλιν
3261 1656 3616 1730 ἡττηθήσεσθε
3634 1674 3646 1687 ο
3679 1656 3756 1708 καὶ
3782 1656 3834 1725 ἣν

2307 1749 2373 1802 ἂν
2403 1749 2760 1820 βουλεύσησθε
2795 1751 3006 1823 βουλὴν,
3036 1752 3377 1805 διασκεδάσει
3411 1749 3633 1821 Κύριος·
3661 1749 3739 1800 καὶ
3764 1746 3833 1798 λό-

2305 1856 2398 1905 γον
2429 1839 2488 1894 ὃν
2509 1839 2603 1893 ἐὰν
2634 1841 2925 1912 λαλήσητε,
2954 1843 3014 1894 οὑ
3046 1843 3120 1913 μὴ
3149 1841 3382 1913 ἐμμείνῃ
3408 1842 3462 1893 ἐν
3484 1840 3622 1910 ὑμῖν,
3650 1839 3719 1890 ὅτι
3743 1834 3833 1906 μεθ’

2305 1931 2460 2003 ήμῶν
2493 1933 2520 1984 6
2566 1931 2718 1995 Θεός.
2751 1952 2768 1984 ι
2814 1934 2946 1987 Τίνα
2993 1933 3050 1986 65
3093 1933 3308 2002 γνῶτε;
3343 1932 3509 1986 Αὑτὸν
3545 1929 3630 1983 τὸν
3662 1928 3834 1997 Ἐμμα-

2304 2023 2494 2095 νουήλ·
2527 2024 2554 2074 6
2587 2025 2694 2096 γάρ
2746 2023 2809 2078 ἐκ
2856 2025 3157 2096 περιτομῆς
3211 2023 3339 2088 λαὸς
3365 2023 3484 2077 οὕτε
3521 2021 3650 2090 ἔγνω
3690 2017 3836 2077 αὑτὸν,

2303 2114 2426 2168 οὒτε
2475 2115 2728 2186 συνῆκεν,
2763 2115 2886 2169 οὔτε
2919 2115 3205 2170 πιστεῦσαι
3245 2114 3516 2186 ἠϐουλήθη
3568 2117 3628 2186 τῇ
3667 2129 3838 2186 προφη-

2300 2208 2452 2278 τείᾳ·
2477 2205 2590 2261 ἀλλ’
2628 2207 2748 2261 οὑδὲ
2781 2207 2986 2279 ἡττήθη
3015 2207 3134 2260 οὑδὲ
3164 2207 3411 2278 ὑπετάγη
3433 2207 3508 2277 τῷ
3537 2207 3838 2280 προστάγμα-

2305 2315 2376 2352 τι.
2417 2298 2603 2369 Ὑμεῖς
2634 2298 2690 2356 65
2741 2299 2806 2352 τὰ
2830 2298 2978 2370 ἔθνη,
3003 2299 3202 2367 γνῶσιν
3225 2299 3519 2354 ἀναλάϐετε
3549 2299 3634 2352 τοῦ
3665 2315 3838 2370 προφη·

2305 2392 2617 2463 τευομένου,
2650 2392 2743 2444 καὶ
2797 2391 3041 2455 συνέντες
3075 2390 3234 2458 αὑτά,
3269 2393 3347 2464 μὴ
3383 2393 3606 2462 τολμᾶτε
3633 2391 3837 2445 ἀνθίσταο

2310 2484 2429 2537 σθαι
2448 2500 2461 2513 ο
2491 2483 2711 2536 νικᾶσθε
2744 2483 2800 2536 65
2838 2482 3154 2555 ἡττώμενοι.
3193 2485 3558 2538 Ἐπακούσατε
3585 2483 3741 2536 δὲκαὶ
3765 2479 3839 2532 τοῦ

2309 2576 2729 2648 προστάγματος
2778 2576 2935 2646 ὑμεῖς
2993 2576 3189 2639 πάντες
3215 2577 3265 2629 οἱ
3303 2576 3493 2649 μέχρις
3536 2575 3738 2647 ἐσχάτου
3761 2571 3840 2640 τῆς

2307 2666 2410 2736 γῆς
2462 2666 2736 2730 οἰκοῦντες
2759 2683 2771 2696 ·
2814 2667 2955 2719 οἵτε
2989 2669 3046 2720 ἐν
3092 2667 3219 2738 ὑμῖν
3259 2668 3470 2739 ἰσχυροὶ
3517 2669 3605 2721 καὶ
3645 2663 3838 2723 δυνατοὶ.

2309 2765 2688 2834 παραχωρεῖτε
2710 2762 2788 2834 τῷ
2813 2762 2975 2836 λόγῳ,
3007 2763 3298 2836 νικώμενοι
3329 2766 3422 2821 καὶ
3443 2764 3738 2837 ἡττώμενοι,
3769 2762 3842 2814 καὶ

2308 2851 2466 2905 τοῦτο
2495 2853 2727 2924 πράξετε
2756 2854 3070 2926 προθύμως,
3105 2856 3328 2920 εἰδότες,
3361 2859 3461 2921 ὅτι,
3497 2858 3592 2911 κᾶν
3623 2856 3688 2927 μή
3715 2854 3841 2923 θέλη-

2310 2960 2391 3007 τε,
2417 2944 2643 3008 ἇκοντες
2689 2945 3077 3019 ἡττηθήσεσθε.
3109 2949 3171 3001 El
3199 2949 3256 3002 65
3289 2949 3659 3020 άνθιστάμενοι
3686 2949 3743 3018 τῇ
3768 2943 3841 2998 τοῦ

2311 3032 2443 3086 Θεοῦ
2471 3033 2738 3106 βουλήσει,
2771 3036 3020 3106 μηχανάς
3047 3055 3220 3102 τινας,
3256 3039 3355 3092 καὶ
3380 3038 3660 3101 ἐπιϐουλὰς
3684 3034 3843 3106 τυρεύ-

2313 3141 2399 3178 ετε
2441 3127 2581 3179 κατὰ
2611 3126 2704 3179 τοῦ
2740 3125 3031 3190 καλοῦντος
3069 3128 3212 3199 ὑμᾶς
3254 3130 3439 3199 λόγου,
3479 3125 3845 3202 ματαιοπονοῦν·

2307 3235 2399 3281 τες
2437 3218 2842 3291 ἐλεγχθήσεσθε.
2889 3221 3073 3275 Ταῦτα
3104 3222 3160 3276 δὲ
3193 3239 3395 3294 φαμεν,
3431 3226 3551 3278 ἐπεὶ
3582 3223 3690 3296 μεθ’
3719 3219 3845 3292 ἡμῶν

2308 3309 2453 3362 ἐστιν
2495 3312 2523 3363 6
2566 3311 2912 3382 Ἐμμανουήλ

2383 3419 2401 3451 ι
2427 3399 2582 3453 Οῦτω
2605 3401 2751 3469 λέγει
2778 3403 2982 3473 Κύριος
3006 3407 3068 3474 τῇ
3095 3405 3289 3476 ἰσχυρᾷ
3318 3407 3484 3478 χειρὶ,
3517 3401 3845 3472 ἀπειθοῦσι

2307 3493 2503 3564 πορείᾳ
2538 3494 2635 3563 τῆς
2664 3493 2784 3547 ὁδοῦ
2829 3493 2923 3546 τοῦ
2955 3494 3083 3548 λαοῦ
3133 3494 3325 3549 τούτου
3375 3517 3394 3550 δ
3435 3497 3746 3552 Μεταϐαίνει
3773 3488 3847 3547 οῦν

2306 3584 2397 3636 ἐπὶ
2423 3585 2513 3637 τὸν
2537 3585 2645 3637 τῶν
2683 3585 2948 3639 Ἰουδαίων
2992 3586 3140 3650 λαὸν,
3180 3585 3418 3658 ἐλέγχων
3451 3590 3604 3643 αὑτὸν
3628 3587 3696 3651 ὡς
3722 3587 3850 3638 ἀπει-

2307 3674 2502 3729 θοῦντα
2533 3679 2596 3747 τῇ
2634 3678 2827 3748 ίσχυρᾷ
2853 3677 2993 3748 χειρί
3017 3695 3030 3708 ο
3078 3679 3402 3751 καλούμενοι
3436 3682 3544 3753 γὰρ
3578 3681 3664 3733 ὑπ’
3690 3678 3847 3746 αὑτῆςν

2305 3767 2422 3820 δέον
2443 3769 2754 3833 ὑπακούειν,
2780 3771 2827 3821 οί
2862 3769 2919 3822 65
2945 3769 3200 3840 ἠπείθουν
3233 3772 3329 3823 καὶ
3354 3773 3658 3841 ἀντέλεγον.
3690 3769 3771 3838 Μή
3795 3765 3853 3818 εἴ·

2307 3875 2467 3930 πητε,
2497 3859 2650 3931 φησὶ,
2697 3859 2929 3930 σκληρὸν
2978 3857 3116 3914 εῖναι
3166 3860 3256 3913 τὸν
3287 3860 3472 3930 λόγον,
3523 3862 3611 3916 τὸν
3640 3859 3751 3929 περὶ
3775 3853 3850 3908 τοῦ

2308 3950 2608 4021 ἀποστῆναι
2637 3951 2748 4004 δεῖν
2789 3952 2888 4021 τῆς
2915 3953 3136 4024 πορείας
3167 3952 3260 4005 τοῦ
3301 3952 3435 4007 λαοῦ
3466 3955 3679 4008 τούτου⁹
3707 3953 3731 4003 6
3764 3947 3850 4018 γὰρ

2305 4041 2432 4105 λαὸς
2465 4036 2616 4107 οὗτος
2645 4042 2877 4114 σκληρόν
2902 4045 3060 4097 αὑτὸν
3103 4043 3309 4114 νομίζει
3333 4061 3346 4074 ·
3382 4046 3542 4118 ὑμεῖς
3569 4046 3642 4109 δέ,
3671 4045 3717 4097 οἱ
3742 4043 3854 4094 ἀπο·

2309 4135 2530 4197 στάντες
2557 4135 2654 4205 τῆς
2687 4135 2911 4206 πορείας
2939 4135 3030 4188 τοῦ
3053 4134 3182 4189 λαοῦ
3208 4134 3421 4202 τούτου,
3454 4139 3528 4209 μὴ
3559 4137 3739 4207 λέγητε
3762 4129 3852 4184 τοῦδ

2305 4241 2394 4276 τον
2429 4220 2565 4278 εἶναι
2598 4224 2831 4296 σκληρόν
2850 4242 2863 4254 ·
2898 4229 2944 4279 εἰ
2975 4225 3030 4279 65
3057 4225 3460 4280 ἐπιϐουλεύοιεν
3487 4229 3615 4299 ὑμῖν
3642 4227 3712 4290 ὡς
3739 4226 3851 4277 ἀπο·

2308 4317 2516 4379 στᾶσιν,
2547 4317 2595 4368 oi
2628 4316 2722 4370 τοῦ
2749 4317 2876 4370 λαοῦ
2905 4317 3065 4370 αὑτοῦ
3087 4317 3324 4381 ἄπιστοι,
3355 4319 3472 4372 ἀλλ’
3492 4321 3645 4390 ὑμεῖς
3667 4319 3748 4370 τὸν
3778 4313 3854 4382 φό-

2307 4405 2398 4459 ϐον
2421 4405 2598 4461 αὑτῶν
2632 4406 2706 4478 μὴ
2737 4406 3030 4477 φοϐηθῆτε,
3049 4408 3182 4478 μηδέ
3216 4408 3559 4479 ταράσσεσθε
3588 4409 3674 4462 ὑπ’
3706 4402 3854 4460 αὑτῶν

2307 4498 2668 4569 ἐλαυνόμενοι,
2698 4499 2853 4569 μόνον
2880 4499 2936 4551 65
2964 4501 3055 4552 τὸν
3078 4499 3281 4571 Κύριον
3302 4501 3411 4553 τῶν
3437 4502 3711 4572 δυνάμεων
3727 4493 3857 4565 άγιά·

2308 4586 2491 4652 ζοντες
2514 4589 2880 4661 ἐπιγράφεσθε
2910 4592 3118 4654 ἑαυτοῖς
3141 4591 3301 4660 φόϐον
3319 4607 3334 4623 '
3374 4611 3392 4643 ‹
3415 4592 3557 4665 ἀρχή
3584 4611 3601 4643 ι
3634 4590 3735 4659 γὰρ
3757 4607 3772 4635 ι
3791 4600 3859 4637 σο·

2310 4679 2438 4747 φίας
2468 4678 2628 4748 φόϐος
2657 4680 2862 4750 Κυρίου
2884 4696 2897 4709 ο
2924 4699 2941 4730 ›
2999 4681 3094 4732 καὶ
3125 4679 3213 4733 διὰ
3266 4680 3452 4734 τούτου
3491 4683 3599 4753 πᾶς
3640 4681 3668 4733 6
3699 4677 3754 4740 ἐξ
3777 4676 3856 4727 ἁν-

2312 4771 2543 4842 θρὼπων
2575 4771 2932 4825 ἀπελαύνεται
2969 4772 3150 4841 φόϐος.

2390 4971 2408 5004 ι
2429 4953 2631 5025 Κύριον
2661 4954 2822 5007 αὑτὸν
2855 4953 3136 5022 ἁγιάσατε,
3164 4954 3258 5008 καὶ
3289 4953 3452 5017 αὑτὸς
3484 4953 3635 5006 ἐσται
3668 4966 3754 5003 σου
3781 4943 3862 5014 φό-

2315 5045 2407 5109 ϐος
2429 5063 2442 5075 ·
2474 5046 2566 5098 καὶ
2590 5045 2683 5098 ἐὰν
2717 5046 2803 5099 ἐπ’
2833 5045 2979 5117 αὑτῷ
3013 5044 3285 5110 πεποιθὼς
3307 5041 3392 5118 ᾖς,
3432 5045 3584 5100 ἐσται
3613 5061 3692 5096 σοι
3718 5042 3791 5103 είς
3811 5039 3863 5090 ἀ-

2312 5138 2541 5208 γνίασμα.
2575 5157 2594 5190 υ
2652 5137 2776 5191 Ἐὰν
2807 5133 2899 5192 οὖν
2932 5138 3018 5191 ἐπ’
3066 5138 3235 5208 αὑτῷ,
3285 5139 3436 5209 φησὶ,
3479 5133 3747 5196 πεποιθὼς
3785 5125 3861 5204 ᾖς.

2305 5230 2466 5293 αὐτὸς
2507 5230 2658 5285 ἔσται
2701 5248 2780 5284 σοι
2822 5232 2902 5294 εἰς
2925 5231 3175 5301 άγίασμα
3203 5231 3276 5295 ὼς
3307 5231 3504 5302 μηκέτι
3555 5226 3758 5282 δεῖσθαι
3779 5221 3862 5276 τεῦ

2306 5322 2618 5394 σωματικοῦ
2676 5323 3032 5394 άγιάσματος.
3081 5323 3349 5394 Ἀγίασμα
3387 5322 3443 5376 65
3479 5321 3722 5376 ἐκαλεῖτο
3747 5312 3861 5384 παρ’

2315 5415 2585 5487 Ἑϐραίοις
2624 5416 2652 5468 ό
2687 5415 2852 5468 πάλαι
2889 5413 3161 5478 συνεστὼς
3211 5416 3336 5486 παρ’
3363 5415 3544 5476 αὑτοῖς
3599 5410 3750 5473 νεὼς,
3782 5404 3866 5459 καὶ

2300 5507 2489 5561 τούτου
2519 5508 2587 5562 τὰ
2608 5507 2891 5562 ἐνδοτάτω.
2939 5507 3131 5561 Ἔσται
3169 5525 3252 5562 σοι
3285 5509 3464 5562 τοίνυν
3487 5505 3565 5576 τῷ
3593 5495 3865 5568 ἐλαυνομέ-

2299 5619 2373 5656 νω
2398 5601 2488 5654 ὑπ’
2517 5601 2757 5668 ἐκείνων,
2795 5601 3074 5656 πεποιθότι
3115 5601 3172 5655 65
3217 5601 3309 5654 ἐπὶ
3338 5599 3559 5672 Κύριον,
3613 5593 3864 5664 άγίασξωι,
