4062 6400
217 395 325 453 “5

1087 374 1598 459 'C‘b’iinsmsms
1636 377 1704 434 IN
1736 373 1992 433 ISAIAM.
2030 404 2074 416 -
2133 370 2285 427 CAP.
2322 366 2455 428 vnt.

3378 370 3477 427 με»
3552 340 3562 387 έ

218 485 329 581 οὐί
339 512 369 563 6
398 508 705 580 σωματικδς
743 506 901 572 νεὼς,
926 504 1042 560 ἀλλ’
1074 503 1235 567 αὐτὸς
1266 503 1295 555 ὁ
1328 498 1532 569 Κύριος
1564 494 1805 564 ἁγιάζων

1931 486 2201 559 emplum;
2256 500 2443 539 verum
2492 485 2608 553 ipse
2652 480 2948 550 Dominus,
2979 485 3070 555 qui
3119 494 3173 540 te
3226 498 3477 543 sanctum

223 620 304 666 σε,
334 601 429 656 ἐὰν
457 599 734 664 πεποιθὼς
768 596 835 672 ᾗς
860 600 948 652 ἐπ’
977 596 1157 651 αὐτόν.
1199 594 1293 648 Διὸ
1337 590 1503 664 μηδὲν
1537 585 1802 657 φοδούμε-

219 712 312 758 νος
338 694 428 748 τὸν
455 693 582 747 ναὸν
604 690 812 756 τοῦτον,
841 688 1111 760 άναχώρει
1135 683 1303 741 αὑτοῦ
1323 700 1336 713 ·
1374 681 1593 734 πίστευε
1624 677 1681 731 δὲ
1709 681 1803 733 καὶ¹

221 786 414 859 Θάρσει
443 784 523 857 τῷ
553 783 632 855 σῷ
654 781 803 853 φόϐῳ
821 797 835 812 ·
875 780 1018 847 ἔξεις
1037 777 1145 849 γὰρ
1163 774 1325 830 αὑτὸν
1353 771 1620 842 ἁγίασμα.
1654 785 1671 818 t
1690 767 1803 820 Kal.

220 884 323 954 οὐχ
347 882 425 945 ὡς
459 879 608 934 λίθου
634 877 1022 950 προσκόμματι
1059 866 1453 942 συναντήσεσθε
1486 862 1654 934 αὐτῷ,
1683 859 1804 914 ούδέ

221 978 300 1041 ὡς
326 975 532 1046 πέτρας
557 972 865 1043 πτώματος.
893 989 910 1020 ι
955 968 1113 1039 Ὁρᾷς
1139 966 1287 1027 ὅπως
1305 960 1465 1017 αὐτὸν
1483 957 1574 1013 τὸν
1600 954 1804 1027 Κύριον

224 1068 371 1122 λίθον
398 1065 822 1139 προσκόμματος
850 1062 941 1115 καὶ
969 1061 1173 1132 πέτραν
1202 1054 1498 1111 σκανδάλου
1521 1049 1801 1123 ὀνομάζεις

226 1161 322 1214 καὶ
352 1156 590 1211 τοιοῦτον
624 1155 723 1228 μὲν
750 1153 966 1209 ἔσεσθαι
998 1151 1159 1206 αὐτόν
1193 1167 1326 1221 φησι
1345 1150 1456 1212 τοῖς
1477 1142 1821 1215 καθημένοις

227 1253 286 1305 ὲν
330 1247 703 1321 Ἰερουσαλὴμ,
742 1246 836 1300 καὶ
892 1247 1005 1308 τοῖς
1023 1244 1174 1297 δυσὶν
1211 1242 1381 1305 οίκοις
1411 1238 1626 1310 Ἰσραήλ
1645 1254 1667 1269 ι
1693 1238 1811 1300 τοῖς

225 1342 286 1395 δὲ
318 1342 397 1405 είς
421 1340 581 1394 αὐτὸν
607 1337 1023 1393 πεπιστευκόσιν
1046 1335 1292 1406 άγίασμα
1318 1328 1803 1385 ἔσεσθαιδιδάσκει.

229 1432 356 1496 Πῶς
377 1427 470 1486 οὖν
490 1430 706 1500 ἐγένετο
728 1428 873 1492 λίθος
895 1426 1314 1500 προσκόμματος
1338 1422 1431 1476 καὶ
1453 1420 1632 1493 πέτρα
1655 1436 1808 1473 σκαν-

227 1524 390 1580 δάλου
414 1525 528 1586 τοῖς
556 1521 863 1595 εἰρημένοις
905 1516 1248 1590 Ἐμμανουήλ
1273 1532 1288 1583 ;
1316 1512 1405 1568 διὰ
1436 1513 1534 1585 τῆς
1566 1513 1629 1565 ὲκ
1663 1511 1811 1582 Παρ-

233 1615 389 1669 θένου
420 1615 685 1686 κυήσεως.
719 1611 875 1666 Ὅθεν
919 1611 1013 1665 καὶ
1042 1612 1072 1664 6
1103 1609 1243 1671 θεῖος
1278 1604 1599 1668 ’Δπόστολος
1640 1602 1812 1656 ταῦτα

230 1707 499 1761 διδάσκων
521 1706 725 1774 ἔλεγεν,
762 1724 781 1755 ι
804 1702 1074 1767 Ἰουδαίοις
1108 1702 1203 1773 μὲν
1234 1699 1548 1760 σκάνδαλον,
1587 1695 1812 1765 Ἕλλησι

232 1798 293 1850 δὲ
320 1797 519 1868 μωρία.
552 1817 571 1848 ι
629 1798 693 1850 Οἱ
722 1794 900 1849 τοίνυν
944 1793 1297 1855 ἀπειθοῦντες
1326 1793 1393 1862 τῇ
1427 1789 1623 1860 ἰσχυρᾷ
1668 1786 1812 1857 χειρὶ

1907 579 2086 642 eﬁieit,
2152 576 2194 633 si
2248 584 2427 630 tamen
2469 575 2544 629 illi
2575 574 2838 630 conﬁdas.
2898 574 3022 632 Ideo
3066 575 3171 632 hoc
3221 577 3486 648 templum

1909 670 2044 727 nihil
2088 667 2500 741 pertimescens,
2541 666 2773 723 abscede
2803 668 2870 724 ab
2918 668 3009 725 illo
3045 688 3058 724 :
3105 669 3297 737 crede,
3346 677 3400 724 et
3426 660 3503 749 in;
3546 657 3569 688 ·⁴

1910 764 2104 818 timore
2136 771 2227 816 tuo
2260 759 2471 815 conﬁde
2516 774 2532 812 :
2575 758 2751 829 ipsum
2795 759 2996 831 quippe
3034 759 3087 815 in
3120 759 3482 814 sanctiﬁcium

1910 853 2156 909 habebis.
2199 870 2221 907 ι-
2256 850 2442 921 Neque
2468 851 2535 905 ad
2563 866 2687 905 eum
2719 850 2873 921 quasi
2907 852 2971 905 ad
3004 862 3211 921 petram
3243 850 3482 906 scandali

1909 947 2218 1012 accedetis,
2265 962 2439 1019 neque
2461 945 2614 1017 quasi
2639 945 2707 999 ad
2754 955 2959 1014 petram
2987 947 3175 1000 ruinae.
3216 963 3235 997 ι
3272 942 3481 1009 Viden‘,

1908 1043 2178 1112 quomodo
2208 1044 2380 1111 ipsum
2415 1039 2700 1096 Dominum
2737 1037 2969 1107 lapidem
3019 1039 3260 1094 scandali
3304 1048 3357 1091 et
3388 1052 3483 1105 pe—

1914 1145 2052 1189 tram
2080 1133 2323 1190 scandali
2370 1131 2681 1201 nuncupet?
2725 1130 2888 1200 Atqui
2942 1130 3097 1185 illum
3138 1130 3303 1186 talem
3341 1131 3486 1184 futu-

1914 1243 2031 1282 rum
2063 1227 2386 1298 prmruuntiat
2419 1227 2505 1292 iis,
2538 1225 2630 1296 qui
2665 1224 2718 1280 in
2747 1222 3070 1292 Jerusalem,
3115 1235 3169 1281 et
3196 1225 3247 1279 in
3280 1222 3488 1280 duabus

1914 1320 2130 1376 Israelis
2167 1319 2421 1375 domibus
2475 1318 2807 1386 considunt;
2855 1326 2911 1372 at
2958 1327 3151 1373 contra
3188 1318 3241 1372 in
3286 1331 3344 1375 se
3375 1332 3492 1375 crc-

1914 1414 2167 1470 dentibus
2201 1411 2557 1466 sanctiﬁcium
2610 1409 2724 1465 fore
2771 1410 2948 1466 docet.
2996 1408 3278 1477 Quomodo
3323 1410 3495 1480 igitur.

1917 1502 2235 1559 Emmanuel
2263 1501 2352 1556 ille
2383 1499 2702 1555 memoratis
2744 1499 3063 1555 hominibus
3096 1498 3272 1555 factus
3299 1510 3382 1556 est
3416 1502 3492 1555 la-

1915 1598 1998 1666 pis
2021 1593 2263 1652 scandali
2291 1604 2346 1649 et
2369 1604 2523 1665 petra
2558 1592 2795 1647 scandali
2818 1593 2843 1648 l
2868 1609 2965 1662 per
2994 1592 3231 1664 Virginis
3255 1604 3509 1664 paruum-

1917 1688 2099 1756 Quare
2135 1687 2351 1742 divinus
2376 1685 2669 1758 Apostolus
2706 1684 2824 1741 haec
2858 1685 3065 1741 docens
3099 1686 3301 1751 aiebat,
3354 1704 3374 1737 ι
3402 1684 3497 1741 .Iu-

1920 1782 2050 1837 daeis
2105 1781 2327 1853 quidem
2375 1780 2717 1846 scandalum,
2778 1779 3036 1850 gentibus
3081 1791 3264 1835 autem
3318 1780 3499 1837 stulti—

236 1867 442 1962 Κυρίου
468 1889 624 1961 ἔσχον
654 1888 816 1944 αὑτὸν
852 1887 1000 1941 λίθον
1032 1885 1459 1959 προσκόμματος
1487 1882 1581 1936 καὶ
1610 1879 1816 1951 πέτραν

1928 1875 1995 1928 lia
2030 1874 2097 1927 “.
2130 1893 2150 1925 ι
2194 1872 2293 1940 Qui
2341 1888 2469 1942 ergo
2501 1872 2628 1929 forti
2680 1875 2862 1930 manui
2907 1874 3119 1929 Domini
3163 1873 3515 1945 immorigeri-

235 1983 515 2049 πτώσεως,
554 1985 628 2056 μὴ
663 1984 790 2037 ὄντα
819 1985 885 2053 τῇ
937 1979 1097 2050 φύσει
1128 1978 1366 2033 τοιοῦτον
1388 1993 1402 2007 ·
1433 1978 1546 2039 τοῖς
1572 1975 1680 2045 γὰρ
1725 1990 1815 2025 πι-

239 2075 520 2131 στεύουσιν
549 2077 628 2139 είς
658 2074 818 2129 αὐτὸν
843 2073 1089 2142 ἁγίασμα
1120 2070 1398 2140 τυγχάνει.
1445 2068 1603 2130 Τίνες
1627 2065 1717 2132 δέ;
1754 2067 1814 2118 Οί

236 2162 398 2231 οἶκοι,
440 2161 611 2230 εἶπεν,
653 2163 867 2227 Ἰακὼϐ,
894 2162 990 2216 καὶ
1015 2161 1136 2231 οὐχὶ
1167 2161 1196 2213 6
1223 2156 1388 2222 οἶκος.
1422 2156 1527 2210 Δύο
1544 2157 1651 2228 γὰρ
1681 2151 1817 2226 ἦσαν

237 2252 380 2311 οἶκοι
416 2255 653 2328 Ἰσραὴλ,
700 2251 781 2318 εἷς
811 2255 907 2325 μὲν
936 2255 964 2307 6
1000 2252 1109 2306 τῶν
1139 2253 1197 2305 ἐν
1220 2252 1404 2315 αὐτοῖς
1436 2249 1731 2322 ἀρχόντων,
1764 2246 1819 2297 ἒ-

239 2367 401 2419 τερος
420 2349 477 2403 δὲ
523 2352 552 2403 6
584 2348 693 2402 τῶν
727 2347 1063 2419 ἀρχομένων.
1090 2346 1311 2407 Τούτοις
1342 2343 1400 2396 δὲ
1421 2346 1535 2406 τοῖς
1568 2341 1718 2393 δυσὶν
1744 2339 1820 2392 0E-

243 2459 381 2506 κοις,
407 2440 604 2513 δηλαδὴ
628 2439 837 2513 ἀθρόως
861 2438 937 2510 τῷ
957 2438 1062 2509 ὅλῳ
1091 2437 1233 2491 ἔθνει
1258 2435 1483 2508 ἄρχουσί
1514 2451 1576 2487 τε
1608 2433 1702 2487 καὶ
1729 2432 1830 2504 ἀρ·-

243 2534 514 2605 χομένοις,
560 2533 650 2586 τὸν
703 2533 907 2604 Κύριον
936 2535 1016 2596 εἰς
1062 2530 1266 2601 παγίδα
1299 2529 1394 2584 καὶ
1420 2530 1500 2592 είς
1531 2525 1821 2581 σκάνδαλον

241 2626 459 2680 ἔσεσθαί
487 2639 671 2699 φησιν.

320 2830 341 2864 ι
365 2812 496 2865 Τότε
523 2812 744 2883 φανεροὶ
772 2810 984 2865 ἔσονται
1010 2811 1059 2863 οί
1091 2808 1512 2881 σφραγιζόμενοι
1546 2807 1638 2861 τὸν
1661 2808 1823 2879 νόμον

242 2902 342 2958 τοῦ
379 2905 453 2976 μὴ
485 2903 694 2975 μαθεῖν.
726 2924 745 2956 ι
776 2905 839 2958 Οἱ
860 2904 970 2975 γὰρ
1004 2903 1066 2956 τὸ
1090 2901 1419 2971 Εὐαγγέλιον
1448 2899 1825 2973 παραδεξάμε-

244 3010 349 3057 νοι,
372 2993 465 3047 καὶ
498 2993 596 3065 ζῇν
623 2992 989 3064 δεδιδαγμένοι
1012 2992 1153 3046 κατὰ
1183 2992 1282 3063 τὴν
1307 2993 1499 3063 καινὴν
1530 2990 1823 3064 Διαθήκην,

246 3085 438 3157 ὥσπερ
468 3086 734 3156 σφραγῖδα
757 3085 1035 3149 ἐπιθέντες
1054 3085 1133 3157 τῷ
1160 3085 1329 3157 νόμῳ,
1358 3084 1701 3139 ἀποτίθενται
1731 3086 1828 3139 αύ-

247 3176 361 3241 τδν,
389 3176 486 3230 ἆτε
508 3176 689 3229 οὐκέτι
715 3175 842 3229 ὄντα
868 3176 1134 3248 χρήσιμον
1164 3176 1252 3229 διὰ
1274 3175 1372 3248 τὴν
1398 3176 1496 3230 τοῦΔ
1522 3177 1826 3247 κρείττονος

247 3268 548 3340 παράθεσιν
567 3284 583 3299 ’
615 3269 663 3322 οί
691 3268 863 3332 αύτοὶ,
892 3268 1132 3339 δηλονότι
1154 3270 1201 3321 οἱ
1227 3268 1288 3320 τὸ
1316 3268 1640 3338 Εύαγγέλιον
1657 3285 1833 3340 παρα-

248 3359 550 3430 δεξάμενοι,
580 3359 678 3431 τὴν
718 3359 807 3413 διὰ
854 3359 1089 3431 Χριστοῦ
1139 3360 1524 3432 περιμένοντες
1571 3363 1751 3434 χάριν,
1780 3365 1833 3415 ὲ-

254 3465 429 3523 ρουσι·

328 3560 348 3593 ι
375 3543 536 3597 Μενῶ
558 3542 762 3616 Κύριον
779 3544 870 3599 τὸν
898 3544 1314 3617 ἀποστρέψαντα
1341 3545 1402 3598 τὸ
1424 3545 1715 3617 πρόσωπον
1746 3547 1835 3601 αύ-

251 3632 348 3687 τοῦ
392 3634 501 3689 άπὸ
540 3634 637 3689 τοῦ
664 3635 814 3691 οίκου
856 3635 1072 3705 Ἰακὼϐ,
1102 3639 1195 3691 καὶ
1227 3636 1500 3702 πεποιθὼς
1527 3639 1720 3710 ἔσομαι
1746 3640 1843 3692 ἐπ”

254 3724 425 3796 αὐτῷ.
452 3745 472 3778 ι

330 3835 349 3867 ι
374 3816 504 3870 Ἰδοὺ
538 3816 647 3886 ἐγὼ
672 3818 766 3872 καὶ
807 3819 876 3873 τά
906 3818 1114 3882 παιδία,
1147 3820 1183 3875 ὅ.
1215 3838 1303 3892 μοι
1330 3820 1528 3876 ἔδωκεν
1567 3824 1596 3875 6
1633 3824 1783 3888 Θεὸς.
1810 3841 1833 3875 ι

256 3906 339 3961 Τὰ
363 3907 460 3978 μὲν
487 3903 580 3962 οὖν
620 3909 884 3963 Ἰουδαϊκὰ
914 3911 1101 3964 παιδία
1136 3911 1423 3982 σωματικὰ
1444 3910 1503 3976 ἐξ
1528 3912 1719 3983 ἀνδρὸς
1743 3912 1837 3966 καὶ

257 3998 515 4067 γυναικός
532 4015 552 4031 ι
570 3998 638 4053 τὰ
664 3999 721 4052 δὲ
743 4000 882 4054 αὐτὰ
926 4000 1020 4053 τοῦ
1051 4000 1221 4054 ταῦτα
1263 4000 1692 4071 χρηματίζοντος
1725 4003 1837 4055 Κυ-

260 4089 383 4159 ρίου.
411 4108 436 4141 ι
451 4090 553 4143 ούκ
575 4089 633 4155 ἐξ
660 4091 891 4161 αἵματος
909 4091 1029 4144 οὐδὲ
1058 4095 1122 4145 ἐκ
1144 4091 1445 4163 θελήματος
1469 4094 1687 4165 σαρκὸς,
1722 4093 1836 4148 ἀλλ’

257 4180 324 4234 ἑκ
347 4179 482 4233 Θεοῦ
514 4182 898 4254 ἐγεννήθησαν,
925 4202 944 4235 ι
974 4183 1068 4237 τοῦ
1095 4184 1307 4258 Πατρὺς
1337 4185 1563 4240 τοιαῦτα
1585 4186 1731 4257 αὑτῷ
1752 4186 1838 4241 δε-

256 4270 570 4343 δωρημένου
597 4274 761 4328 τέκνα
779 4291 794 4305 ³
829 4275 1023 4347 μηκέτι
1042 4275 1122 4347 τῷ
1139 4275 1225 4329 διά
1252 4277 1529 4342 Μωῦσέως
1549 4279 1840 4353 προσέχον-

1924 1965 2163 2033 fuerunt,
2199 1965 2350 2018 illum
2384 1965 2436 2019 in
2464 1965 2693 2036 lapidem
2724 1967 2969 2022 scandali
2997 1975 3052 2021 et
3085 1975 3292 2036 petram
3329 1966 3499 2021 ruinte

1924 2058 2251 2121 habuerunt,
2305 2072 2428 2112 cum
2480 2069 2676 2118 natura
2720 2059 2847 2115 talis
2900 2049 3125 2114 minﬁne
3155 2070 3339 2114 esset:
3374 2075 3498 2114 nam

1924 2148 1977 2202 in
2027 2162 2088 2203 se
2135 2148 2485 2205 credentibus
2529 2148 2896 2204 sanetiﬁcium
2933 2158 3035 2205 est.
3079 2149 3311 2216 Quinam
3371 2163 3501 2205 vero

1926 2240 2291 2303 illi?Domus,
2338 2239 2538 2311 inquit,
2588 2240 2692 2296 illae
2720 2238 2920 2306 J’acub,
2974 2256 3083 2294 non
3135 2238 3330 2294 domus
3387 2238 3499 2296 illa.

1929 2332 2056 2384 Duae
2087 2330 2289 2401 quippe
2319 2333 2512 2400 domus
2541 2330 2761 2387 lsraelis
2807 2341 2999 2398 erant;
3037 2331 3138 2387 alia
3173 2331 3525 2403 principum,

1927 2421 2267 2477 subditorum
2297 2421 2424 2476 alia.
2478 2421 2694 2478 Duabus
2737 2438 2901 2492 porro
2938 2423 3088 2478 hisce
3132 2423 3406 2490 domibus,
3451 2424 3508 2478 id

1927 2524 2033 2580 est,
2064 2514 2334 2569 universa
2368 2514 2531 2569 simul
2557 2514 2726 2584 genti,
2765 2524 2872 2568 tam
2914 2515 3251 2584 principibus
3269 2554 3295 2581 ,,
3337 2530 3503 2584 quam

1928 2605 2184 2671 subditis,
2214 2605 2500 2661 Dominum
2526 2607 2578 2661 in
2605 2606 2857 2676 laqueum
2887 2616 2940 2661 et
2965 2607 3016 2661 in
3045 2606 3364 2662 scandalum
3389 2606 3505 2661 fore

1930 2697 2223 2767 signiﬁcat.

2003 2808 2166 2868 Vsss.
2207 2810 2296 2868 16.
2344 2830 2363 2862 ι
2385 2811 2538 2867 Tunc
2576 2812 2847 2868 manifesti
2882 2821 3046 2866 erunt
3072 2812 3186 2882 qui
3219 2812 3523 2882 obsignant.

1931 2901 2131 2970 legem,
2159 2916 2229 2955 ne
2267 2901 2497 2957 discant.
2523 2919 2543 2954 ι
2600 2900 2735 2956 Nam
2778 2902 2869 2971 qui
2915 2899 3274 2969 Evangelium
3323 2916 3527 2956 εοεαε-ι

1933 2999 2150 3060 perunt,
2181 3000 2234 3046 et
2258 2991 2349 3061 qui
2397 2991 2697 3047 secundum
2734 2990 2942 3047 Novum
2978 2990 3387 3047 Testamentum
3427 2992 3509 3044 vi-

1936 3097 2063 3138 vere
2095 3082 2440 3147 didicerunt,
2486 3084 2641 3154 quasi
2698 3084 2935 3155 sigillum
2984 3084 3325 3154 imponentes
3377 3082 3527 3152 legi,,

1938 3175 2111 3243 ipsam
2154 3175 2454 3245 deponunt,
2479 3176 2603 3246 quia
2645 3176 2716 3231 ob
2748 3177 3028 3233 meliorem
3063 3177 3356 3240 invectam,
3398 3191 3507 3230 non

1935 3265 2169 3335 amplius
2223 3267 2374 3321 utilis
2412 3277 2497 3322 est
2550 3286 2563 3322 :
2604 3268 2764 3322 iidem
2815 3269 2939 3339 ipsi,
2990 3268 3242 3323 videlicet
3301 3268 3363 3331 ii,
3416 3268 3527 3338 qui.

1938 3356 2289 3425 Evangelium
2346 3366 2743 3428 susceperunt,
2794 3360 3024 3430 gratiam
3073 3374 3171 3427 per
3230 3358 3525 3414 Christum.

1937 3447 2215 3504 ferendam
2244 3457 2624 3519 exspectantes
2652 3450 2864 3507 dicent:

2008 3539 2176 3598 Vsss.
2217 3542 2310 3596 l7.
2374 3562 2391 3594 ι
2420 3540 2763 3612 Exspectabo
2792 3542 3079 3598 Dominum
3104 3583 3121 3608 ,
3164 3543 3258 3612 qui
3313 3543 3514 3598 avertit

1937 3631 2134 3687 faciem
2166 3647 2322 3689 suam
2358 3650 2388 3689 a
2415 3636 2575 3690 domo
2599 3634 2789 3702 Iacob,
2823 3646 2882 3690 et
2908 3635 3174 3691 conﬁdam
3200 3634 3252 3689 iu
3280 3650 3368 3691 eo.
3394 3655 3423 3688 ι

2008 3817 2173 3874 Vens.
2217 3817 2307 3873 l8.
2353 3836 2373 3870 ι
2402 3816 2543 3874 Ecce
2592 3834 2695 3888 ego
2718 3828 2774 3875 et
2816 3818 2966 3889 pueri
3014 3818 3142 3887 mei,
3181 3834 3325 3889 quos
3365 3818 3513 3875 dedit

1940 3911 2067 3966 mihi
2119 3911 2286 3967 Deus.
2316 3928 2334 3963 ι
2388 3908 2595 3967 Iudaici
2631 3911 2849 3982 quidem
2886 3909 3040 3981 pueri
3074 3910 3324 3980 corporei
3358 3921 3508 3978 sunt,

1937 4018 2015 4068 ex_
2035 4004 2153 4057 viro
2175 4013 2230 4058 et
2254 4002 2483 4058 muliere
2506 4020 2525 4069 ;
2547 4005 2698 4072 pueri
2735 4017 2867 4059 vero
2893 4002 3104 4057 Domini
3127 4003 3218 4073 qui
3245 4005 3361 4059 lucc
3387 4018 3513 4058 ora-

1939 4097 2058 4152 cula
2088 4097 2284 4163 liatidit,
2315 4112 2466 4151 (non
2509 4112 2587 4152 ex.
2612 4097 2989 4166 sanguinibus,
3024 4110 3201 4165 neque
3229 4113 3295 4152 ex
3322 4096 3513 4151 volun-

1942 4198 2051 4242 tate
2079 4190 2283 4255 carnis,
2324 4189 2419 4245 sed
2465 4203 2532 4244 ex
2579 4188 2688 4243 Deo
2737 4188 2847 4242 nati
2890 4197 3016 4244 sunt
3047 4188 3095 4220 ³⁸
3123 4204 3138 4242 :
3168 4206 3186 4241 ι
3222 4185 3384 4244 Patre
3411 4187 3514 4258 ipsi

1942 4282 2077 4337 tales
2110 4284 2273 4338 dante
2297 4281 2457 4349 ﬁlios,
2485 4282 2578 4352 qui
2603 4297 2710 4337 non
2741 4281 2884 4336 ultra
2925 4281 3123 4353 Moysis
3172 4282 3279 4351 legi
3331 4290 3514 4339 allen:

257 4379 326 4416 τα
350 4362 520 4435 νόμῳ,
567 4364 681 4419 ἀλλ’
708 4365 883 4420 εἰδότα
915 4367 1227 4440 περιμένειν
1258 4368 1349 4424 τὸν
1379 4370 1582 4442 Κύριον
1612 4372 1705 4425 καὶ
1761 4373 1823 4436 είς

1942 4375 2097 4441 dant,
2145 4374 2242 4429 sed
2290 4372 2471 4429 sciant
2514 4381 2838 4443 exspectare
2881 4370 3169 4428 Dominum
3209 4383 3267 4428 et
3298 4373 3351 4427 in
3395 4375 3535 4442 ipso.

260 4455 423 4509 αὐτὸν
454 4457 787 4512 πεποιθέναι.
825 4478 843 4511 ι
862 4460 972 4513 Καὶ
998 4459 1149 4514 ἔσται
1177 4463 1255 4527 είς
1286 4467 1482 4534 σημεῖα
1514 4465 1613 4518 καὶ
1638 4466 1823 4538 τέρατα

1941 4466 2240 4521 conﬁdere.
2306 4483 2325 4516 ι
2352 4463 2419 4520 Et
2455 4473 2617 4520 erunt
2661 4464 2713 4518 in
2750 4464 2900 4535 signa
2951 4473 3008 4519 et
3054 4464 3297 4536 prodigia
3346 4463 3514 4518 multa

260 4547 430 4602 πολλὰ
461 4552 519 4603 ὲν
542 4549 619 4620 τῷ
641 4550 775 4622 οίκῳ
813 4551 1027 4623 Ἰσραὴλ
1060 4552 1211 4623 παρὰ
1253 4554 1459 4626 Κυρίου
1487 4555 1735 4621 Σασαὼθ,
1781 4557 1823 4620 ὃς

1948 4559 2000 4612 in
2030 4558 2193 4612 domo
2218 4555 2387 4612 lsrael
2435 4572 2475 4611 a.
2514 4556 2743 4612 Domino
2785 4555 3045 4621 Sabaom,
3091 4556 3184 4625 qui
3211 4556 3419 4610 babitat
3460 4556 3514 4609 in

261 4643 509 4695 κατοικεῖ
536 4642 594 4695 ὲν
620 4642 698 4714 τῷ
720 4642 836 4714 ὄρει
864 4643 1022 4697 Σιών.
1050 4663 1068 4696 ι
1107 4646 1178 4698 Ἦ
1211 4646 1305 4699 καὶ
1341 4646 1549 4711 ἄλλωςτ
1573 4648 1646 4700 Οὐ
1680 4648 1823 4718 μόνοι

1946 4659 2129 4703 monte
2158 4644 2310 4703 Sion.
2343 4668 2359 4698 ι
2406 4647 2537 4703 Sive
2562 4648 2668 4704 alio
2694 4648 2874 4712 modo,
2902 4662 3005 4703 non
3039 4647 3091 4702 hi
3123 4655 3329 4700 tantum
3361 4646 3515 4716 pueri

260 4731 332 4785 τὰ
359 4733 542 4787 παιδία
567 4733 759 4801 ταῦτα,
786 4736 938 4807 φησὶ,
969 4738 1033 4790 ὲκ
1057 4735 1190 4789 Θεοῦ
1221 4754 1311 4809 μοι
1344 4738 1659 4810 παραδόξως
1698 4739 1823 4792 δέδο

1943 4757 1973 4795 a
2006 4742 2114 4795 Deo
2150 4740 2281 4795 mihi
2323 4741 2653 4796 mirabiliter
2693 4740 2801 4795 dati
2845 4749 3003 4806 sunt;
3055 4739 3149 4794 sed
3197 4738 3363 4793 etiam
3407 4736 3518 4792 alia

259 4842 373 4887 ται,
404 4824 541 4880 ἀλλὰ
563 4826 657 4880 ml.
684 4827 817 4882 ἄλλα
848 4828 1069 4883 πλεῖστα
1099 4831 1302 4900 σημεῖα
1338 4829 1432 4883 καὶ
1460 4830 1661 4901 τέρατα
1682 4834 1841 4904 γενή-

263 4932 414 4969 σεται
460 4919 519 4971 ὲν
560 4916 639 4989 τῷ
664 4918 801 4990 οἴκῳ
849 4920 1062 4992 Ἰσραὴλ
1106 4920 1247 4976 κατὰ
1275 4923 1401 4986 τοὺς
1430 4923 1839 4996 προφητευομέ-

262 5024 387 5072 νους
410 5009 651 5079 χρόνους.

339 5114 360 5149 ι
388 5097 498 5152 Καὶ
532 5098 627 5152 ἐὰν
654 5101 847 5154 εῐπωσι
877 5101 1012 5174 πρὸς
1040 5104 1205 5173 ὑμᾶς,
1238 5103 1523 5174 Φωνήσατε
1576 5102 1701 5165 τοὺς
1732 5103 1839 5156 ἀπὸ

261 5188 366 5261 τῆς
388 5190 494 5261 γῆς
522 5190 850 5261 φωνοῦντας,
897 5194 990 5248 καὶ
1016 5196 1143 5258 τοὺς
1182 5194 1651 5267 ἐγγαστριμύθους
1695 5195 1744 5249 οἳ
1774 5198 1839 5250 ἑκ

262 5280 363 5352 τῆς
396 5281 602 5347 κοιλίας
630 5284 885 5354 φωνοῦσι,
926 5286 1026 5339 οὐκ
1052 5284 1201 5349 ἔθνος
1228 5285 1365 5357 πρὸς
1399 5286 1531 5341 Θεὸν
1559 5285 1725 5341 αὑτοῦ
1746 5289 1841 5341 ὲκ-

265 5371 561 5445 ζητήσουσι
590 5376 718 5447 περὶ
741 5374 849 5428 τῶν
880 5374 1094 5441 ζώντων
1122 5376 1248 5441 τοὺς
1266 5377 1490 5448 νεκρούς
1508 5394 1523 5409 ο
1552 5378 1715 5449 νόμον
1732 5379 1841 5452 γὰρ

265 5464 347 5526 εἰς
369 5462 618 5535 βοήθειαν
650 5464 867 5531 ἔδωκεν,
895 5466 980 5519 ἴνα
1021 5467 1265 5533 εἴπωσιν,
1294 5469 1405 5539 Οὐχ
1436 5469 1511 5534 ὡς
1534 5469 1686 5542 ῥῆμα
1715 5471 1841 5525 τοῦ-

267 5570 347 5613 το.
383 5556 510 5627 περὶ
539 5548 602 5609 οὗ
629 5557 729 5611 οὐκ
756 5557 869 5611 ἐστι
893 5557 1040 5629 δῶρα
1062 5558 1241 5613 δοῦναι
1277 5562 1403 5632 περὶ
1431 5562 1617 5619 αὐτοῦ.
1645 5583 1663 5616 ι
1698 5564 1842 5637 Προ-

264 5644 440 5701 ειπὼν
457 5642 550 5702 ὦν
579 5650 608 5702 6
636 5648 792 5717 λόγος
821 5649 888 5704 τὰ
911 5650 1039 5721 περὶ
1078 5649 1188 5705 τῶν
1213 5653 1439 5709 παιδίων
1465 5654 1559 5710 τοῦ
1585 5658 1838 5729 Χριστοῦ,

274 5818 321 5861 ³³⁸
361 5825 379 5880 Ι
411 5827 718 5893 Cor.t,9."i.
789 5830 835 5870 ὐ
868 5827 1024 5885 Joan.
1062 5846 1102 5895 ι,
1132 5831 1220 5889 13.

1943 4838 2174 4906 plurima
2198 4837 2352 4907 signa
2385 4846 2440 4891 et
2474 4837 2721 4908 prodigia
2764 4839 2893 4891 lienl
2930 4836 2982 4890 in
3022 4833 3370 4891 domolsrael
3406 4849 3521 4904 quo

1951 4939 2195 5001 tempore
2223 4929 2276 4984 in
2309 4931 2592 5000 prophetia
2627 4929 2944 4983 enuntiatur

2016 5111 2185 5168 Vens.
2219 5113 2309 5180 l9,
2350 5112 2441 5169 20.
2491 5131 2510 5165 ι
2540 5113 2605 5167 Et
2635 5128 2757 5167 cum
2787 5112 3024 5167 dixerint
3056 5111 3123 5166 ad
3149 5127 3246 5167 vos
3276 5131 3290 5168 :
3321 5111 3519 5168 Vocate

1947 5219 2062 5273 eos,
2090 5194 2182 5277 qui
2215 5221 2283 5261 ex
2327 5216 2473 5261 terra
2515 5205 2911 5272 vociferantur,
2964 5216 3019 5261 et
3058 5206 3522 5277 engastrimythos

1948 5297 2039 5366 qui
2086 5312 2156 5352 ex
2196 5304 2386 5352 ventre
2426 5296 2722 5365 loquuntur
2755 5313 2771 5352 :
2800 5309 2905 5351 non
2956 5295 3188 5367 pupulus
3230 5298 3297 5353 ad
3348 5296 3517 5351 Deum

1947 5404 2105 5443 suum
2141 5388 2434 5458 exquirant
2467 5390 2535 5443 de
2568 5387 2707 5443 vivis
2746 5403 2775 5441 a
2822 5388 3052 5443 mortuis
3080 5408 3095 5444 :
3120 5388 3292 5459 legem
3323 5390 3521 5459 quippe

1951 5476 2005 5531 in
2060 5476 2320 5532 auxilium
2362 5476 2531 5544 dedit,
2571 5487 2630 5532 ut
2669 5477 2889 5542 dicant,
2927 5476 3040 5532 Non
3085 5479 3229 5533 sicut
3268 5478 3369 5533 boc
3399 5492 3525 5534 ver-

1950 5570 2107 5634 bum,
2168 5567 2236 5623 de
2292 5582 2400 5639 quo
2464 5585 2571 5624 non
2623 5569 2752 5626 licet
2795 5569 2935 5625 dona
2976 5571 3174 5644 daren
3228 5568 3520 5642 Postquam

1949 5659 2116 5731 igitur
2155 5659 2221 5717 de
2268 5659 2452 5732 pueris
2483 5659 2686 5721 Christi
2722 5662 2932 5721 locutus
2976 5661 3189 5730 fuerat,
3232 5676 3425 5735 nempe
3456 5660 3541 5721 de.
