4062 6400
520 400 621 454 M7

1193 394 1462 451 EUSEBlI
1499 395 1977 452 CAESARIENSIS
2013 397 2165 453 OPP.
2205 397 2385 453 PARS
2425 395 2512 451 lll.
2554 424 2622 434 ——
2661 394 3075 450 EXEGETICA.

3686 399 3790 453 ΗΒ

521 517 780 592 apostolis
823 525 879 572 et
918 515 1198 584 discipulis
1254 515 1391 586 ejus,
1449 529 1662 570 necnon
1718 521 1784 571 de
1830 518 1998 586 signis
2037 528 2093 570 ct

2221 515 2340 584 ,έγω
2359 515 2423 586 δὴ
2454 513 2562 568 τῶν
2593 513 2908 567 ἀποστόλων
2937 514 3032 567 καὶ
3063 513 3320 584 μαθητῶν
3354 514 3539 578 αὑτοῦ,
3575 517 3702 587 περί
3730 537 3787 571 τε

522 609 807 682 prodigiis,
842 623 961 676 qua:
1001 622 1096 677 per
1123 619 1218 660 eus
1249 605 1394 660 edita
1442 615 1591 668 sunt,
1643 607 1799 677 queis
1851 608 2094 678 gentium

520 704 738 758 vocatio
761 701 902 755 facta
936 709 1051 761 est;
1087 700 1202 754 haec
1237 708 1638 766 consequenter
1661 701 1820 756 docet
1845 701 2096 769 populum

525 811 724 848 novum
744 805 796 848 et
831 803 1100 848 recentem
1137 808 1203 847 ex
1233 792 1488 861 gentibus
1517 809 1544 847 a
1584 792 1802 848 Christo
1831 793 2097 849 constitu-

523 896 839 956 tum,quem
860 885 930 938 ita
961 883 1077 939 fere
1101 883 1428 952 alloquitur:
1462 883 1586 938 Ilaec
1613 885 1820 948 audite,
1854 885 2097 955 discipuli

525 979 670 1041 mei,
731 979 821 1048 qui
894 991 925 1030 a
983 975 1266 1047 gentilium
1349 975 1635 1045 multiplici
1717 977 2102 1046 superstitione

531 1070 776 1125 translati
815 1069 974 1125 estis.
1032 1068 1088 1122 Si
1133 1069 1224 1137 qui
1256 1083 1323 1122 ex
1353 1067 1418 1122 iis
1451 1067 1542 1137 qui
1574 1067 1728 1122 vobis
1753 1068 1879 1122 olim
1909 1067 2023 1122 noti
2049 1078 2104 1122 et

525 1162 826 1217 familiares
856 1169 1015 1216 erant
1039 1200 1055 1226 ,
1090 1159 1212 1214 sive
1237 1168 1442 1229 patres,
1471 1160 1588 1215 sive
1615 1160 1831 1230 cognati
1857 1199 1871 1223 ,
1912 1175 2007 1213 vos
2035 1161 2102 1213 atl

523 1254 812 1325 pristinum
840 1253 1196 1321 repetendum
1224 1265 1481 1305 errorem
1506 1252 1754 1313 invitent,
1806 1262 1864 1306 ut
1897 1251 1965 1305 ab
2001 1250 2106 1306 illis

524 1346 798 1401 adhibitos
836 1344 1224 1409 divinationes,
1271 1343 1489 1400 oracula
1524 1359 1587 1398 ac
1618 1344 1816 1398 similia
1848 1345 1899 1398 in
1934 1345 2106 1400 admi-

525 1437 741 1492 ratione
765 1435 1015 1491 habeatis
1037 1475 1054 1501 ,
1095 1450 1163 1490 ne
1201 1450 1388 1490 eorum
1417 1434 1643 1490 consilio
1670 1435 2059 1505 obtemperetis
2090 1457 2103 1491 :

527 1545 595 1586 ne
625 1528 896 1584 miremini
931 1529 1208 1582 (lartnonas
1241 1543 1308 1583 ex
1340 1537 1533 1584 ventre
1569 1527 1846 1582 hominum
1880 1525 2106 1596 loquen-

529 1634 630 1686 tes,
661 1636 801 1692 quos
835 1629 1031 1675 vocant
1061 1619 1362 1692 Pythonas,
1388 1635 1564 1692 neque
1587 1635 1682 1674 eos
1698 1619 1873 1690 quiex
1903 1619 2108 1688 praesti-

528 1716 630 1783 giis
684 1712 1002 1784 quibusdam
1050 1715 1116 1768 de
1161 1723 1305 1769 terra
1349 1713 1648 1769 ascendere
1696 1722 1983 1783 putantur;
2014 1713 2107 1766 sed

454 1846 462 1855 .
529 1810 701 1863 solum
738 1808 1024 1861 Dominum
1054 1815 1292 1861 vestrum
1316 1805 1502 1860 colite.
1532 1804 1666 1860 Nam
1693 1806 1738 1858 si
1776 1815 1968 1873 gentes
1998 1805 2112 1858 siu-

2201 607 2310 660 τῶν
2337 605 2578 678 σημείων
2605 605 2829 659 καὶτῶν
2857 607 3100 676 τεράτων
3119 606 3226 660 τῶν
3248 607 3698 663 ἐπιτελεσθέντων
3722 611 3788 664 δι’

2204 699 2409 752 αὐτῶν·
2435 699 2502 752 δι’
2526 691 2602 750 ὧν
2625 699 2719 752 καὶ
2761 701 2793 768 ἡ
2830 699 3023 769 κλῆσις
3048 699 3340 768 γεγένηται
3373 700 3481 753 τῶν
3505 700 3696 766 ἐθνῶν,
3729 703 3788 754 ἀ-

2206 791 2477 854 κολούθως
2505 790 2598 844 τὸν
2625 789 2744 844 νέον
2776 790 2871 844 καὶ
2899 791 3083 844 καινὸν
3115 791 3260 853 λαὸν,
3286 793 3377 847 τὸν
3412 793 3471 860 ἐξ
3510 794 3678 860 ἐθνῶν
3704 797 3792 850 διά

2206 883 2442 957 Χριστοῦ
2476 883 2744 937 συστάντα
2785 882 3024 937 διδάσκει
3049 884 3119 938 τὰ
3159 885 3513 956 προκείμενα,
3549 887 3625 950 ὡς
3656 887 3793 959 πρὸς

2207 977 2406 1039 αὐτοὺς
2433 975 2639 1044 λέγων·
2680 975 2970 1029 Ἀκούσατε
3003 975 3196 1040 ταῦτα,
3227 979 3274 1029 oi
3305 976 3428 1046 ἐμοὶ
3456 977 3715 1041 διδακτοὶ,
3742 981 3790 1032 οἱ

2207 1070 2304 1141 τῆς
2332 1069 2441 1122 τῶν
2480 1067 2649 1121 ἐθνῶν
2681 1066 2943 1120 πολυθέου
2978 1068 3186 1138 πλάνης
3219 1069 3575 1139 μεταθέμενοι
3597 1088 3610 1100 ·
3639 1070 3692 1122 εί
3709 1089 3792 1124 τι-

2209 1178 2297 1225 νες
2329 1161 2436 1214 τῶν
2467 1159 2636 1214 πάλαι
2668 1159 2960 1230 γνωρίμων
2996 1160 3122 1229 ὑμῖν
3149 1161 3240 1213 καὶ
3272 1161 3534 1230 συνήθων,
3566 1161 3600 1230 ἢ
3625 1163 3792 1215 πατέ-

2212 1271 2324 1325 ρες,
2359 1251 2393 1322 ἢ
2438 1253 2741 1320 συγγενεῖς,
2791 1250 3158 1323 παρακαλοῖεν
3187 1253 3328 1322 ὑμᾶς
3365 1254 3655 1307 ιὲπανιέναι
3701 1256 3794 1308 ἐπὶ

2211 1347 2310 1418 τὴν
2344 1346 2613 1419 προτέραν
2658 1344 2888 1416 πλάνην,
2931 1343 3231 1415 θαυμάζειν
3258 1363 3316 1398 τε
3343 1346 3442 1408 τὰς
3466 1347 3574 1399 άπὸ
3608 1346 3796 1417 δαιμό⁴

2212 1458 2316 1494 νων
2352 1439 2482 1511 παρ’
2524 1439 2707 1501 αὐτοῖς
2740 1437 3167 1508 ἐπιτελουμένας
3219 1438 3476 1509 μαντείας
3521 1439 3616 1491 καὶ
3659 1456 3794 1510 χρη-

2216 1531 2404 1602 σμοὺς,
2433 1530 2528 1584 καὶ
2559 1530 2626 1583 τά
2658 1529 2911 1583 τοιαῦτα’
2947 1528 3023 1600 μὴ
3057 1529 3306 1584 πείθεσθε
3335 1535 3399 1603 τῇ
3433 1530 3636 1585 τούτων
3660 1550 3797 1600 συμ-

2214 1622 2378 1694 ϐουλῇ
2403 1638 2416 1651 '
2453 1621 2526 1693 μὴ
2559 1621 2872 1691 θαυμάζετε
2912 1620 3173 1691 δαίμονας
3212 1621 3320 1674 ἀπὺ
3359 1621 3564 1684 κοιλίας
3592 1622 3798 1694 ἀνθρώ-

2217 1731 2333 1768 πων
2362 1714 2694 1782 φωνοῦντας,
2725 1713 2852 1775 τοὺς
2888 1711 3316 1783 ὀνομαζομένους
3342 1712 3621 1777 Πύθωνας,
3664 1713 3799 1785 μηδὲ

2216 1807 2341 1870 τοὺς
2360 1807 2469 1861 ἀπὸ
2493 1806 2596 1876 γῆς
2619 1805 2763 1859 κατά
2787 1823 2936 1869 τινας
2961 1805 3225 1876 γοητικάς
3253 1805 3445 1876 τέχνας
3473 1806 3678 1859 ἀνιέναι
3713 1824 3799 1860 νο-

530 1897 689 1968 gulae,
739 1897 840 1951 etsi
875 1895 1286 1974 errorelductre,
1315 1910 1412 1950 suo
1443 1906 1627 1949 tamen
1660 1896 1768 1949 Deo
1793 1894 2106 1956 adhaerent,

2221 1901 2541 1973 μιζομένους
2564 1917 2578 1930 ο
2611 1899 2702 1953 τὸν
2731 1899 2788 1952 δὲ
2831 1897 3013 1954 αὐτῶν
3044 1897 3249 1970 Κύριον
3285 1899 3444 1969 μόνον
3486 1899 3795 1969 περιέπετε.

531 1991 660 2062 quid
699 1991 843 2046 aliud
875 1992 941 2046 iis
965 1992 1251 2060 agendum,
1303 1990 1392 2060 qui
1437 2004 1620 2044 veram
1650 1990 1902 2045 notitiam
1932 2002 2098 2043 acce—

531 2089 748 2151 perunt,
800 2095 963 2151 quant
1008 2091 1077 2150 ιιι
1120 2080 1288 2135 Deum
1321 2097 1476 2134 suum
1529 2089 1802 2149 qumrant,
1855 2094 2032 2148 neque
2080 2095 2108 2130 a

534 2175 787 2237 mortuis,
823 2175 931 2228 vita
965 2173 1181 2243 penitus
1209 2174 1379 2238 orbis,
1411 2175 1680 2230 curiosius
1713 2173 2015 2242 inquirant,
2058 2187 2114 2229 et

532 2267 880 2322 sciscitcntur
924 2267 992 2322 de
1037 2266 1205 2321 rebus
1249 2267 1316 2320 ad
1361 2266 1515 2320 vivos
1557 2264 1966 2334 spectantibus?
2015 2265 2108 2320 Dei

539 2361 724 2429 itaque
767 2362 994 2415 verbum
1026 2369 1082 2414 et
1118 2359 1290 2430 legem
1321 2358 1690 2429 evangelicum
1739 2360 1917 2412 datam
1959 2361 2113 2413 vobis

531 2453 587 2506 in
620 2451 880 2506 auxilium
913 2452 1080 2514 nacti,
1115 2466 1181 2506 ex
1230 2451 1341 2520 ipsa
1386 2451 1584 2505 discite
1628 2465 1966 2520 qua-cunque
1997 2451 2112 2502 vnl-

535 2545 625 2608 tis,
667 2553 723 2598 et
770 2544 910 2599 hanc
958 2544 1243 2599 sectamini
1277 2562 1292 2598 :
1324 2543 1450 2613 quia
1493 2543 1608 2596 ﬁeri
1660 2544 1869 2614 nequit,
1913 2554 1970 2598 ut
2025 2543 2113 2598 ille

533 2636 690 2692 donis
712 2653 740 2690 a
768 2652 898 2693 vero
932 2637 1294 2691 dimoveatur.

2210 1995 2273 2047 Ei
2299 1995 2406 2064 γάρ
2431 1992 2660 2046 ἕκαστον
2687 1992 2858 2056 ἔθνος,
2885 1990 3062 2045 καίτοι
3100 1991 3551 2061 πεπλανημένως,
3574 1992 3723 2060 ὅμως
3745 1991 3792 2044 δ’

2210 2080 2302 2138 οὖν
2331 2084 2425 2138 τοῦ
2451 2083 2584 2136 ἰδίου
2615 2081 2749 2134 Θεοῦ
2774 2080 3088 2153 περιέχεται
3107 2096 3122 2113 ο
3153 2081 3278 2144 τοὺς
3301 2081 3398 2150 τὴν
3426 2081 3638 2151 ἀπλανῆ
3667 2080 3800 2149 γνῶ-

2214 2199 2297 2236 σιν
2330 2180 2636 2252 εἰληφότας,
2671 2179 2725 2231 τί
2757 2179 2861 2249 χρὴ
2895 2178 3173 2248 πράττειν,
3207 2177 3240 2247 ἢ
3298 2177 3387 2230 τὸν
3432 2176 3638 2229 ἑαυτῶν
3666 2176 3798 2229 Θεὸν

2211 2272 2512 2344 ἐπιζητεῖν,
2548 2272 2640 2324 καὶ
2678 2269 2752 2342 μὴ
2783 2271 2910 2333 τοὺς
2941 2269 3167 2340 νεκροὺς
3187 2269 3675 2338 πολυπραγμονεῖν,
3704 2279 3801 2337 μη’

2216 2365 2273 2419 δὲ
2327 2365 2538 2435 ἐρωτᾷν
2592 2361 2720 2433 περὶ
2776 2361 3116 2433 πραγμάτων
3167 2359 3404 2424 ζώντων,
3447 2359 3575 2422 τοὺς
3619 2359 3800 2430 πάσης

2219 2456 2367 2525 ζωῆς
2395 2453 2824 2525 ὲστερημένουςς
2861 2453 3114 2522 Ἔχοντες
3138 2448 3230 2506 οὖν
3254 2452 3344 2504 τὸν
3369 2452 3462 2505 τοῦ
3491 2452 3623 2505 Θεοῦ
3644 2452 3801 2520 λόγον

2217 2551 2314 2603 καὶ
2345 2550 2508 2620 νόμον
2527 2548 2617 2601 τὸν
2642 2546 3015 2614 εὐαγγελικὺν,
3046 2547 3126 2610 εἰς
3154 2545 3398 2616 βοήθειαν
3431 2547 3556 2615 ὑμῖν
3589 2545 3805 2615 δεδομέ-

2218 2654 2328 2700 νον,
2363 2635 2424 2702 ἐξ
2442 2636 2604 2690 αὐτοῦ
2632 2635 2927 2707 μανθάνετε
2951 2635 3078 2706 περὶ
3103 2629 3178 2688 ὧν
3197 2635 3262 2689 ἂν
3284 2635 3536 2699 ἐθέλοιτε,
3560 2637 3653 2688 καὶ
3681 2634 3804 2686 τού·-

529 2746 610 2801 τῳ
640 2736 922 2803 στοιχεῖτε,
954 2733 1074 2784 ἐπεὶ
1101 2731 1178 2803 μὴ
1218 2726 1329 2784 οἶόν
1353 2732 1411 2784 τέ
1436 2731 1583 2785 ἐστιν
1631 2729 1786 2785 αὐτὸν
1814 2729 2005 2803 δώροις
2033 2730 2290 2801 ἐκστῆναι
2315 2730 2410 2784 τοῦ
2445 2729 2697 2802 ἀληθοῦς.

607 2825 770 2880 Vens.
811 2825 902 2879 2|.
951 2843 969 2875 ι
1000 2825 1064 2877 Et
1109 2824 1285 2878 veniet
1315 2839 1478 2894 super
1515 2839 1612 2878 vos
1643 2824 1763 2878 dira
1810 2825 1986 2878 fatues
2013 2844 2026 2879 :
2057 2839 2115 2879 et

535 2917 644 2972 erit
678 2926 736 2969 ιιι
762 2916 1054 2980 esurietis,
1097 2915 1371 2977 dolebitis,
1410 2925 1466 2970 et
1507 2915 1845 2972 maledicetis
1883 2916 2114 2987 principi

535 3018 590 3061 et
623 3006 812 3076 patriis
843 3006 1048 3075 legibus
1081 3023 1096 3059 :
1131 3016 1184 3060 et
1225 3007 1509 3075 respicient
1555 3007 1607 3060 in
1647 3007 1845 3062 coelum
1872 3020 2059 3077 supra.
2093 3024 2113 3060 ι

537 3098 674 3152 Cum
734 3111 865 3166 ergo
909 3095 1030 3166 quis
1054 3095 1251 3149 divina:
1291 3093 1425 3164 legis
1452 3105 1822 3164 transgressor
1850 3111 1913 3151 ac
1941 3098 2121 3152 deser—

542 3202 625 3244 tor
689 3188 914 3244 eﬂ'ectus
982 3188 1119 3253 erit,
1180 3188 1232 3242 in
1281 3185 1664 3242 oll‘endiculum
1721 3188 1986 3244 deductus
2051 3189 2118 3243 ab

543 3285 610 3338 iis
642 3285 733 3352 qui
759 3281 981 3338 oracula
1011 3290 1070 3337 et
1093 3280 1458 3336 tlzemoniacas
1480 3281 1849 3338 divinationes
1877 3292 2116 3352 praeten-

542 3377 694 3438 dtmt,
721 3375 865 3429 hunc
896 3374 1065 3428 fatues
1101 3373 1502 3430 rationabiliqu
1527 3373 1771 3428 ciborum
1805 3375 2116 3442 occupabit,

542 3481 752 3522 necnon
806 3481 1064 3523 excessus
1122 3465 1322 3520 mentis
1372 3473 1428 3520 et
1480 3464 1766 3518 iracundia
1802 3481 1812 3514 :
1848 3476 2012 3534 atque
2067 3466 2118 3518 in

543 3560 889 3630 blasphemas
933 3557 1295 3629 cogitationes
1363 3555 1609 3619 incidet,
1664 3554 1993 3611 malediceus
2042 3555 2117 3609 illi

547 3653 675 3707 olim
717 3652 827 3721 regi
887 3661 1028 3713 suo,
1065 3662 1227 3718 quem
1284 3647 1442 3701 deum
1493 3661 1652 3700 suum
1699 3648 1946 3701 vocabat.
2006 3665 2025 3698 ι
2056 3645 2122 3700 Et

544 3762 648 3800 non
691 3743 976 3816 perplexas
1025 3743 1130 3796 erit
1174 3742 1264 3813 qui
1315 3743 1369 3796 in
1412 3740 1658 3810 angustia
1707 3748 1789 3795 est
1833 3755 2028 3810 usque
2054 3743 2120 3794 ad

546 3849 778 3905 tempus.
811 3855 829 3886 ι

1147 3921 1378 3979 CAPUT
1429 3921 1520 3977 IX.

617 4019 780 4073 Vens.
828 4021 879 4072 -l.
937 4039 954 4070 ι
983 4017 1098 4071 Hoc
1147 4018 1378 4083 priutttut
1437 4015 1604 4070 bibe:
1643 4016 1750 4070 cito
1801 4013 1925 4080 lac,
1976 4015 2124 4086 regio

544 4112 787 4167 Zaltulon
805 4121 859 4165 et
886 4121 1028 4164 terra
1054 4107 1418 4179 Nephthalim,
1437 4118 1490 4160 et
1520 4107 1698 4162 caeteri
1729 4107 1820 4174 qui
1854 4107 2121 4160 maritima

545 4213 602 4260 et
637 4213 787 4258 trans
819 4201 1132 4264 Iordanem,
1159 4199 1378 4254 Galilma
1403 4199 1663 4269 gentium.
1695 4218 1715 4250 ι
1757 4198 2037 4253 Vulteuim
2071 4209 2127 4252 ut

549 4301 605 4360 ii.
641 4299 733 4369 qui
769 4312 966 4367 magna
1008 4294 1265 4348 salutaris
1312 4294 1404 4347 Dei
1455 4293 1723 4346 adventus
1762 4292 1880 4346 luce
1919 4295 2123 4362 dignati

548 4401 696 4460 sunt,
722 4393 960 4448 fructum
993 4387 1332 4444 rationabilis
1380 4398 1537 4459 potus
1567 4388 1822 4456 operibus
1878 4387 2122 4444 reddant.

547 4488 731 4544 Primo
790 4487 972 4555 itaque
1024 4481 1264 4538 Galilaeis
1312 4481 1512 4536 bonum
1557 4479 1806 4534 nuutiqu
1857 4479 2122 4535 declarat.

2299 2845 2315 2874 ι
2339 2825 2451 2878 Καὶ
2477 2823 2598 2894 ἥξει
2653 2825 2738 2892 ἐφ’
2763 2822 2906 2893 ὑμᾶς
2939 2819 3152 2892 σκληρά
3199 2818 3382 2890 λιμός
3424 2822 3517 2872 καὶ
3549 2818 3701 2872 ἔσται
3725 2818 3804 2883 ὡς

2224 2916 2289 2971 ἂν
2321 2916 2638 2987 πεινάσητε,
2691 2913 3067 2985 λυπηθήσεσθε
3109 2913 3229 2975 καὶ,
3276 2911 3460 2975 κακῶς
3489 2911 3660 2981 ὲρεῖτε
3713 2909 3806 2964 τδν

2224 3010 2480 3081 ἄρχοντα,
2521 3007 2616 3061 καὶ
2654 3006 2722 3060 τά
2755 3007 2961 3077 πάτρια
2985 3022 2997 3034 ·
3031 3005 3126 3058 καὶ
3179 3003 3563 3072 ἀναϐλέψονται
3596 3004 3677 3064 είς
3711 3001 3807 3056 τὸν

2225 3101 2452 3174 οὐρανὸν
2483 3101 2614 3154 ἀνω.
2647 3119 2665 3150 ι
2699 3101 2868 3152 Ὅταν
2895 3094 2987 3152 οῦν
3010 3096 3331 3168 παραϐάτης
3362 3096 3568 3165 γένοιτό
3595 3112 3679 3156 τις
3709 3095 3807 3147 τοῦ

2229 3190 2371 3244 θείου
2414 3189 2600 3261 νόμου,
2656 3191 2750 3242 καὶ
2797 3189 3110 3258 ἀποστάτης
3159 3186 3344 3249 αὑτοῦ,
3403 3186 3810 3248 σκανδαλισθεὶς

2224 3283 2330 3337 ὑπὸ
2355 3282 2463 3336 τῶν
2497 3284 2622 3346 τοὺς
2655 3282 2938 3353 χρησμοὺς
2964 3281 3058 3335 καὶ
3085 3280 3184 3344 τὰς
3218 3279 3472 3351 μαντείας
3496 3277 3594 3341 τὰς
3619 3278 3810 3347 δαιμο-

2221 3373 2380 3438 νικὰς
2418 3372 2851 3449 προϊσχομένων,
2900 3371 3057 3442 λιμὸς
3083 3371 3300 3440 τροφῶν
3347 3367 3577 3437 λογικῶν
3615 3366 3808 3420 τοῦτον

2220 3465 2544 3531 διαδέξεται,
2584 3466 2679 3519 καὶ
2727 3464 3006 3528 ἔκστασις,
3053 3463 3147 3516 καὶ
3178 3460 3551 3534 παροξυσμὸς⁸
3600 3459 3693 3513 καὶ
3724 3458 3812 3521 είς

2225 3559 2575 3630 βλασφήμους
2602 3559 2923 3629 ἐμπεσεῖται
2959 3555 3271 3626 λογισμοὺς,
3302 3551 3687 3625 καταρώμενος
3712 3549 3810 3604 τδν

2224 3649 2389 3703 πάλαι
2420 3647 2642 3719 βασιλέα
2690 3646 2875 3710 αὐτοῦ,
2914 3647 2974 3699 ὃν
3019 3647 3112 3699 καὶ
3142 3645 3262 3698 θεὸν
3297 3643 3490 3697 ἑαυτοῦ
3534 3641 3806 3713 ὠνόμαζε.

2227 3764 2246 3794 ι
2275 3745 2384 3797 Καὶ
2417 3742 2517 3796 οὐκ
2544 3741 2951 3813 ἀπορηθήσεται
2972 3741 3001 3791 ὁ
3027 3740 3085 3792 ὲν
3119 3737 3446 3809 στενοχωρίᾳ
3468 3736 3542 3790 ὣν
3562 3736 3667 3798 ἓως
3688 3753 3811 3788 και-

2227 3834 2341 3907 ροῦ.
2370 3853 2389 3886 ι

2762 3922 2943 3975 ΚΕΦΑ
2951 3919 3161 3974 ΛΑῘΟΝ
3191 3916 3268 3971 ϐ’.

2302 4038 2318 4068 ι
2341 4015 2512 4070 Τοῦτο
2536 4014 2751 4087 πρῶτον
2787 4013 2876 4066 πίε
2896 4030 2910 4042 °
2940 4013 3076 4082 ταχὺ
3104 4011 3266 4075 ποίει,
3318 4008 3470 4081 χώρα
3500 4003 3810 4068 Ζαϐουλὼν,

2227 4113 2260 4182 ἠ
2309 4111 2381 4181 γῆ
2415 4106 2757 4178 Νεφθαλείμ,
2793 4105 2888 4158 καὶ
2914 4107 2961 4157 οἱ
2991 4103 3166 4157 λοιποὶ
3209 4103 3260 4156 οἱ
3283 4102 3380 4173 τὴν
3413 4100 3680 4171 παραλίαν
3713 4099 3814 4152 καὶ

2228 4203 2403 4274 πέραν
2451 4200 2544 4254 τοῦ
2585 4199 2870 4270 Ἰορδάνου,
2902 4196 3159 4250 Γαλιλαία
3201 4194 3308 4248 τῶν
3340 4193 3526 4246 ἐθνῶν.
3555 4211 3574 4240 ι
3615 4189 3814 4243 Βούλε-

2228 4310 2317 4346 ται
2337 4290 2446 4363 γὰρ
2476 4290 2541 4343 δι’
2585 4288 2762 4360 ἔργων
2795 4288 2884 4341 τὸν
2940 4286 3148 4358 καρπὸν
3175 4283 3267 4338 τοῦ
3302 4280 3519 4352 λογικοῦ
3570 4280 3814 4349 πόματος

2230 4383 2536 4438 ἀποδιδόναι
2569 4384 2694 4446 τοὺς
2727 4379 3164 4446 καταξιωθέντας
3214 4375 3308 4430 τοῦ
3346 4373 3580 4446 μεγάλου
3634 4369 3816 4438 φωτὸς

2228 4478 2327 4548 τῆς
2359 4475 2625 4546 σωτηρίου
2673 4471 3009 4542 θεοφανείας.
3043 4469 3264 4541 Πρῶτον
3313 4465 3404 4521 οῦν
3435 4469 3546 4527 τοῖς
3578 4463 3668 4516 ἐπὶ
3711 4462 3816 4532 τῆς

550 4582 651 4638 Par
690 4579 890 4650 quippe
925 4587 1045 4631 erat
1078 4574 1354 4645 regionem
1393 4574 1538 4628 illam
1571 4589 1679 4628 non
1724 4573 1938 4628 silentio
1985 4591 2115 4643 prze

2234 4568 2520 4632 Γαλιλαίας
2553 4565 2983 4635 εὐαγγελίζεται.
3016 4561 3164 4615 Ἔδει
3192 4561 3300 4632 γὰρ
3347 4559 3480 4630 μηδὲ
3501 4557 3598 4627 τὴν
3625 4553 3818 4626 χώραν

549 4671 734 4737 tcrire,
801 4669 854 4724 in
919 4681 1026 4737 qua
1094 4663 1416 4719 Emmanuel
1478 4664 1530 4718 iu
1597 4679 1696 4717 suo
1758 4663 1823 4717 ad
1881 4664 2126 4719 homines

549 4763 780 4818 adventu
835 4776 1018 4814 moras
1071 4758 1316 4812 facturus
1374 4767 1518 4810 erat.
1572 4755 1738 4827 Regio
1782 4766 1962 4810 autem
2011 4767 2128 4810 erat

548 4855 773 4909 Galilaaa
798 4894 815 4917 ,
849 4855 956 4908 imo
984 4852 1150 4906 etiam
1186 4861 1332 4905 trans
1366 4848 1658 4904 Jordanem
1689 4859 1807 4902 erat
1835 4849 1950 4902 lucc
1979 4848 2128 4902 Gali-

553 4948 673 5013 Ima,
725 4947 777 5000 in
832 4961 939 5019 qua
984 4945 1329 5014 frequentius
1383 4953 1633 4997 versatus
1689 4943 1938 4996 Christus
1993 4952 2122 4994 est:

551 5054 724 5110 quare
753 5038 1044 5094 salutarem
1078 5048 1261 5109 potum
1291 5048 1347 5091 et
1377 5037 1548 5090 lucem
1576 5036 1691 5103 ejus
1726 5034 1919 5088 incolis
1955 5033 2130 5102 primo

553 5130 861 5186 annuntiat.
923 5127 1093 5199 Hujus
1143 5145 1307 5200 porro
1367 5127 1568 5184 vivifici
1616 5139 1777 5195 potus
1837 5124 2126 5195 imaginem

552 5223 884 5281 scnsibiliter
929 5223 1178 5279 exhibuit
1221 5222 1504 5285 Servator,
1549 5221 1787 5288 quando,
1841 5217 2044 5288 nuptiis
2077 5217 2130 5270 in

552 5319 696 5374 Cana
729 5316 966 5373 Galilaea:
1001 5315 1312 5375 celebratis,
1335 5315 1567 5384 primum
1593 5311 1910 5366 miraculum
1941 5307 2130 5374 edidit,

552 5428 703 5483 aqua:
729 5412 938 5469 scilicet
966 5411 1020 5466 in
1054 5410 1235 5464 vinutn
1262 5408 1636 5464 mutationem.

625 5596 790 5653 Vens.
825 5596 882 5651 2.
926 5615 945 5648 ι
983 5591 1252 5663 Populus,
1289 5591 1381 5661 qui
1413 5587 1727 5643 ambulabat
1774 5586 1828 5641 in
1875 5582 2132 5650 tenebris,

555 5693 690 5747 vidit
749 5693 924 5746 lucem
969 5685 1273 5758 magnam:
1333 5684 1646 5740 habitantes
1705 5681 1758 5735 in
1815 5678 2036 5748 regione
2082 5685 2137 5730 et

555 5787 749 5838 umbra
820 5783 1033 5844 mortis,
1091 5781 1180 5834 lux
1235 5776 1538 5848 splendebit
1599 5789 1759 5843 super
1814 5787 1928 5825 vos.
1992 5787 2010 5819 ι
2070 5768 2136 5821 Ει

556 5879 691 5932 alias
737 5875 956 5947 quidem
1008 5875 1063 5930 in
1109 5871 1347 5929 tenebris
1393 5870 1646 5940 agebant,
1698 5866 1788 5936 qui
1845 5873 2132 5930 antequam

2233 4660 2642 4730 ἀποσιωπῆσαι,
2679 4656 2798 4710 καθ’
2820 4657 2886 4726 ἣν
2908 4656 3006 4718 τὰς
3046 4652 3325 4723 διατριϐὰς
3355 4648 3616 4702 ποιεῖσθαι
3641 4645 3820 4715 ἠμελ-

2234 4753 2324 4805 λεν
2349 4749 2657 4822 ἀνθρώποις
2695 4747 2979 4817 ἐπιφανεὶς
3006 4749 3034 4799 ὁ
3075 4741 3437 4816 Ἐμμανουήλ.
3486 4740 3548 4792 Ἦ
3574 4738 3629 4791 δὲ
3659 4735 3820 4807 χώρα

2232 4841 2300 4916 ἦν
2327 4841 2580 4897 Γαλιλαία
2600 4857 2613 4872 ’
2643 4839 2777 4893 ἀλλά
2807 4839 2900 4892 καὶ
2932 4837 3102 4909 πέραν
3129 4836 3221 4889 τοῦ
3263 4832 3524 4905 Ἰορδάνου
3555 4826 3820 4898 τυγχάνει

2236 4939 2268 5008 ἡ
2307 4935 2561 4990 Γαλιλαία
2595 4931 2754 5002 αὕτη,
2790 4934 2847 4985 ὲν
2878 4926 3036 5005 ᾖτάς
3078 4928 3332 4989 πλείστας
3365 4923 3653 4994 ἐποιήσατο
3695 4917 3818 4971 δια-

2232 5027 2423 5101 τριϐὰς
2456 5029 2484 5081 ὁ
2515 5024 2748 5096 Χριστός
2771 5042 2783 5054 ·
2810 5024 2890 5076 διὸ
2913 5024 3073 5076 ποτὸν
3115 5021 3401 5092 σωτήριον,
3446 5016 3536 5070 καὶ
3566 5013 3679 5084 φῶς
3715 5010 3821 5082 μὲ-

2232 5138 2302 5188 γα
2336 5123 2447 5182 τοῖς
2476 5119 2533 5171 ἐν
2562 5117 2696 5186 αὐτῇ
2731 5111 3138 5182 εὐαγγελίζεται
3170 5110 3424 5181 πρώτοις.
3453 5104 3560 5158 Τοῦ
3581 5102 3639 5156 δὲ
3674 5102 3821 5165 ζωο-

2231 5211 2385 5264 ποιοῦ
2412 5209 2603 5263 τούτου
2636 5205 2801 5260 ποτοῦ
2835 5204 3020 5258 εἰκόνα
3051 5203 3307 5273 παρεῖχεν
3335 5201 3364 5251 ὁ
3401 5197 3592 5266 Σωτὴρ
3624 5193 3819 5263 αἰσθηο

2230 5302 2356 5366 τῶς,
2385 5301 2621 5372 ὁπηνίκα
2653 5298 2832 5369 γάμου
2866 5292 3286 5363 συντελουμένου
3315 5293 3372 5342 ἐν
3410 5289 3560 5342 Κανᾶ
3582 5287 3680 5354 τῆς
3708 5286 3818 5336 Γα-

2231 5396 2462 5459 λιλαίας,
2511 5393 2736 5464 πρῶτον,
2753 5389 3053 5462 παράδοξον
3086 5385 3399 5458 εἰργάσατο,
3435 5381 3534 5452 τὴν
3562 5378 3655 5432 τοῦ
3690 5377 3824 5430 ὓδα-

2233 5505 2322 5551 τος
2346 5489 2424 5548 εἰς
2443 5481 2584 5538 οἶνον
2617 5481 2934 5553 μεταϐολήν.

2319 5598 2337 5628 ‹
2361 5578 2417 5632 ’0
2432 5576 2757 5647 λαδςὸκαθή
2767 5591 2924 5646 μενος
2964 5575 3021 5625 ἐν
3051 5571 3232 5623 σκότει
3265 5563 3370 5621 εἶδε
3399 5564 3512 5635 φῶς
3561 5561 3705 5634 μέγα
3725 5576 3738 5590 ·
3767 5560 3827 5611 οἱ

2243 5667 2620 5730 κατοικοῦντες
2651 5667 2709 5718 ἐν
2739 5664 2892 5736 χώρᾳ
2911 5663 3005 5716 καὶ
3040 5664 3170 5732 σκιᾷ
3187 5660 3435 5720 θανάτου,
3467 5654 3582 5724 φῶς
3613 5650 3828 5720 λάμψει.

2241 5765 2329 5833 ἐφ’
2362 5763 2524 5833 ὑμᾶς.
2560 5780 2578 5812 ι
2618 5757 2726 5812 Καὶ
2755 5757 2929 5818 ἄλλως
2954 5755 3011 5807 δὲ
3031 5756 3088 5806 ἐν
3118 5752 3298 5806 σκότει
3327 5749 3614 5817 ἐτύγχανον
3645 5747 3694 5798 οἱ
3714 5744 3830 5813 πρὸ

2240 5858 2337 5930 τῆς
2371 5853 2718 5926 animalem:
2758 5848 2850 5904 τοῦ
2885 5845 3120 5919 Χριστθὖ
3162 5847 3219 5898 έν
3246 5842 3488 5913 ἀγνωσίᾳ
3517 5839 3667 5899 δΫτες
3725 5836 3829 5888 ’⁵θῦ
