4062 6400
327 428 427 482 M9

1245 417 1753 473 COMIIENTARIA
1796 416 1862 470 IN
1901 415 2156 471 ISAIAM.
2197 449 2254 458 —
2305 417 2457 472 CAP.
2498 415 2591 472 IX.

3467 413 3569 470 150

325 549 503 608 φωτὸς
526 534 620 590 τοῦ
649 534 901 606 ἀληθινοῦ
931 550 944 563 ·
975 535 1034 586 ἐν
1065 534 1196 604 σκιᾷ
1226 533 1282 586 δὲ
1310 534 1541 588 Θανάτου
1574 533 1714 607 ἦσαν
1741 538 1790 590 οἱ
1833 536 1901 589 τά

2009 538 2256 594 Christus
2327 537 2704 602 illucesceret,
2761 537 2812 591 in
2878 552 3018 591 verte
3077 535 3212 590 lucis
3265 535 3566 606 ignorantia

325 627 460 698 πρὸς
489 626 714 680 θάνατον
743 625 1166 695 ἁμαρτάνοντες,
1193 625 1333 678 κατὰ
1360 625 1638 698 τὸ,ιΨυχὴ
1659 630 1692 698 ἡ
1720 629 1900 700 ἀμαρ-

323 721 577 782 τάνουσα,
605 716 742 788 αὐτὴ
770 716 1138 770 ἀποθανεῖται.
1177 733 1196 766 ι
1254 716 1391 770 Ἀλλ’
1419 718 1522 782 ἕως
1557 719 1654 788 μὲν
1707 721 1764 772 ὲν
1822 719 1899 790 τῷ

324 810 551 881 παρόντι
583 808 682 879 βίῳ
711 806 964 876 τυγχάνει
1001 807 1026 858 ό
1089 805 1225 878 πρὸς
1275 807 1501 861 θάνατον
1549 809 1895 880 ἁμαρτάνων,

325 903 423 972 ούχ
455 899 595 953 οὕτω
626 899 800 967 πάντη
835 899 1210 951 καταπέποται
1245 899 1348 951 ὑπὸ
1397 898 1491 952 τοῦ
1542 899 1792 961 θανάτου,
1824 901 1898 965 ὡς

329 995 404 1066 μὴ
437 991 696 1047 δύνασθαι
733 989 1050 1060 μεταϐαλὼν
1101 990 1355 1061 σωθῆναι,
1413 991 1527 1044 ἀλλ’
1567 993 1687 1045 οὐδὲ
1728 992 1901 1064 ἀπήλ-

325 1086 520 1139 λακται
545 1081 708 1136 αύτοῦ
741 1080 1038 1143 παντελῶς,
1072 1080 1151 1132 διὸ
1185 1081 1398 1149 λέγεται
1452 1078 1590 1136 εἶναι
1655 1083 1712 1135 ἐν
1773 1083 1900 1154 σκιᾷ

327 1173 756 1247 θανάτου,.Π-λὴν
789 1173 1099 1244 ἐπιλάμψας
1149 1174 1355 1239 τούτοις
1389 1175 1643 1247 πρώτοις,
1677 1176 1774 1247 τὴν
1801 1177 1899 1246 χά-

332 1284 414 1339 ριν
440 1265 534 1320 τοῦ
572 1265 810 1337 μεγάλου
845 1265 1020 1334 φωτὸς
1042 1265 1350 1338 ἐδωρήσατο
1375 1269 1403 1320 ὁ
1457 1267 1545 1320 διὰ
1599 1267 1708 1320 τῶν
1768 1284 1901 1339 προ-

328 1359 590 1430 κειμένων
625 1357 1026 1428 θεσπιξόμενος.
1070 1357 1158 1411 Ἐν
1187 1358 1359 1432 ταύτῃ
1388 1375 1447 1411 τε
1479 1362 1544 1430 τῇ
1573 1357 1725 1429 χώρα
1757 1357 1902 1430 πρώ-

329 1468 398 1524 τῃ
439 1452 685 1506 πλεῖστον
729 1451 855 1504 λαὸν
893 1450 1158 1522 ἐκτήσατο
1187 1491 1202 1516 ,
1257 1450 1332 1514 ὡς
1357 1451 1452 1505 καὶ
1479 1452 1568 1504 τὸν
1617 1450 1902 1504 ἀποστολι-

328 1544 422 1600 κδν
446 1543 604 1616 χορὸν
637 1543 696 1608 ἐξ
724 1543 901 1597 αὐτῶν
927 1543 1267 1608 ἐκλέξασθαι.
1294 1544 1450 1604 Τίνες
1478 1539 1571 1596 οὖν
1598 1538 1735 1614 ἦσαν
1768 1545 1816 1595 οἱ
1844 1544 1903 1596 ἐν

332 1636 511 1690 σκότει
539 1636 630 1690 καὶ
656 1637 783 1706 σκιᾷ
806 1635 1036 1689 Θανάτου
1067 1635 1100 1706 ἢ
1152 1635 1201 1688 οἱ
1242 1637 1298 1688 ἐν
1325 1633 1566 1706 ἀγνωσία
1614 1633 1706 1687 τοῦ
1767 1633 1902 1688 Θεοῦ

328 1727 388 1780 τὸ
416 1726 544 1797 πρὶν
576 1724 990 1796 κατεσχημένοι,
1024 1725 1118 1778 καὶ
1149 1727 1196 1777 οἱ
1226 1725 1302 1795 τῷ
1331 1724 1545 1794 Θανάτῳ
1593 1724 1692 1794 τῆς
1725 1723 1901 1794 ψυχῆς

327 1818 709 1889 δεδουλωμένοι
730 1834 745 1882 ;

402 2019 421 2054 ι
454 1999 528 2056 Τὸ
553 2000 799 2054 πλεῖστον
827 2000 916 2054 τοῦ
947 2000 1077 2054 λαοῦ
1105 2001 1133 2053 δ
1154 2001 1475 2070 ,κατήγαγες
1502 2002 1557 2053 ἐν
1591 2001 1902 2073 εὐφροσύνῃ

331 2111 444 2156 σου,
479 2093 572 2148 καὶ
593 2093 1056 2166 εὐφρανθήσονται
1083 2092 1310 2146 ἐνώπιόν
1343 2110 1456 2159 σου,
1489 2093 1566 2154 ῶς
1598 2095 1647 2146 οί
1677 2094 1903 2164 εὐφραι-

329 2185 542 2256 νόμενοι
570 2187 628 2239 ἐν
667 2187 858 2256 ἀμήτῳ
881 2225 895 2248 ,
925 2185 1019 2238 κα)⁵
1049 2185 1107 2238 ὃν
1138 2185 1336 2257 τρόπον
1364 2185 1821 2256 εὐφρανθήσονται
1853 2186 1902 2237 οἱ

329 2277 690 2349 διαιρούμενοι
727 2278 928 2332 σκῦλα*
964 2279 1097 2332 διότι
1126 2279 1550 2350 ἀφαιρεθήσεται
1577 2281 1605 2332 ὁ
1638 2278 1800 2347 ζυγὸς
1818 2279 1902 2331 ἐπ’

333 2369 511 2424 αὐτῶν
531 2371 797 2441 κείμενος.
825 2391 844 2423 ι
886 2373 956 2424 Ἢ
999 2371 1182 2444 ἐπειδὴ
1213 2373 1451 2426 πλεῖστοι
1506 2373 1603 2443 μὲν
1653 2373 1902 2426 trtiost-:1»

334 2480 458 2526 σαν,
493 2462 708 2527 πλείους
734 2463 790 2517 δὲ
818 2467 882 2536 τῇ
924 2465 1152 2536 ἀπιστίᾳ
1181 2467 1562 2537 ἐναπέμειναν,
1595 2466 1821 2529 εἰκότως
1845 2467 1906 2519 τὸ

333 2554 583 2608 πλεῖστον
634 2554 726 2609 τοῦ
754 2555 882 2609 λαοῦ
918 2556 1165 2611 λέλεκται
1202 2558 1300 2628 τῆς
1330 2558 1599 2629 σωτηρίου
1659 2557 1908 2629 μετειλη-

332 2646 489 2716 φέναι
516 2648 871 2720 εὐφροσύνης.
908 2649 1169 2721 Σημαίνει
1190 2650 1244 2703 δὲ
1272 2649 1360 2704 διά
1378 2651 1601 2713 τούτοιν,
1637 2650 1774 2722 πρὸς
1809 2651 1906 2720 τὴν

332 2739 622 2812 πρόχειρον
647 2740 820 2807 λέξιν·
867 2743 955 2795 Ἐν
1059 2743 1187 2795 ποτέ
1221 2742 1319 2812 μὲν
1363 2743 1470 2796 ἀπὸ
1509 2743 1672 2796 πέντε
1727 2745 1907 2814 ἄρτιον

336 2830 534 2901 πλῆθος
550 2831 756 2902 ἀνδρῶν
781 2831 1225 2902 πεντακισχιλίων
1253 2833 1516 2904 ἐθρέψατο
1547 2836 1604 2886 ἐν
1633 2836 1698 2905 τῇ
1720 2833 1907 2903 δηλου-

337 2923 468 2994 μένῃ
499 2921 669 2994 χώρᾳ,
722 2923 850 2976 ποτὲ
883 2923 944 2988 ἐξ
1005 2924 1143 2977 ἐπτά
1194 2924 1657 2996 τετρακισχιλίους
1711 2923 1908 2996 ἄνδρας

334 3019 501 3087 χωρὶς
534 3017 807 3085 γυναικῶν
839 3017 934 3071 καὶ
961 3016 1202 3070 παιδίων.
1239 3017 1328 3070 Διὸ
1359 3016 1604 3071 λέλεκται
1639 3017 1780 3070 κατά
1816 3015 1908 3069 τὸν

336 3107 629 3178 Σύμμαχον
667 3128 684 3160 ι
735 3107 1054 3180 Εὐφροσύνῃ
1086 3108 1466 3180 εύφράνθησαν
1498 3107 1724 3162 ἐνώπιόν
1789 3125 1904 3172 σου,

2001 640 2196 685 erant:
2244 630 2297 683 in
2354 629 2547 682 umbra
2604 640 2780 684 autem
2831 628 3022 683 mortis
3065 636 3249 693 erant,
3307 635 3572 696 quotquot

2002 719 2306 775 ntortaltter
2354 729 2751 786 peccaverant,
2801 719 3098 774 secundum
3131 717 3290 773 illud:
3324 735 3343 768 ι
3379 717 3570 770 Anima

2001 830 2119 883 qua:
2153 811 2490 883 peccaverit,
2538 810 2655 882 ipsa
2707 813 2968 865 morietur
3000 811 3067 866 ".
3104 829 3122 863 ι
3173 811 3278 865 Sed
3327 810 3567 880 quandiu

2001 903 2046 957 is
2089 903 2178 972 qui
2229 911 2418 972 peccat
2469 901 2537 956 ad
2570 911 2820 963 mortem,
2854 901 2907 955 in
2951 902 3204 969 prmaeuti
3241 901 3343 954 vita
3383 901 3566 969 degit,

2002 1012 2106 1049 non
2143 996 2216 1049 ita
2263 1010 2485 1062 prorsus
2527 995 2854 1049 absorbetur
2887 1009 2916 1048 a
2958 1007 3150 1060 morte,
3189 1004 3247 1048 ιιι
3291 1010 3396 1048 non
3443 1010 3574 1062 pos-

2001 1087 2073 1141 sit
2107 1084 2473 1155 rcsipiscendo
2507 1085 2740 1140 salutem
2779 1086 3016 1140 nancisci
3046 1103 3061 1152 ;
3101 1087 3195 1142 sed
3244 1100 3341 1140 nec
3381 1100 3447 1138 ex
3482 1085 3580 1138 il‘a~

2000 1181 2215 1248 penitus
2267 1179 2566 1242 liberatur,
2619 1193 2794 1248 quare
2850 1179 3054 1232 dicitur
3101 1193 3223 1234 esse
3276 1179 3329 1232 in
3377 1178 3570 1231 umbra

2005 1272 2216 1326 mortis.
2251 1272 2523 1326 Caeterum
2575 1271 2660 1326 his
2687 1271 2962 1340 prioribus
2994 1271 3347 1334 illucescens,
3389 1269 3570 1337 magni

2003 1362 2225 1417 luminis
2263 1363 2496 1432 gratiam
2526 1362 2797 1432 elargitus
2820 1371 2902 1416 est
2933 1362 3000 1425 is,
3038 1363 3127 1430 qui
3163 1361 3214 1414 in
3246 1360 3347 1414 hoc
3378 1360 3571 1413 vatici-

2003 1453 2095 1508 nio
2132 1453 2325 1508 fertur.
2385 1454 2440 1508 In
2479 1455 2581 1510 hac
2623 1469 2786 1524 porro
2840 1455 3059 1524 regione
3105 1453 3279 1522 primo
3322 1467 3568 1520 magnam

2003 1543 2188 1613 populi
2224 1543 2623 1600 multitudinem
2660 1546 2971 1614 acquisivit,
3026 1545 3098 1598 ita
3136 1553 3195 1597 ut
3237 1544 3400 1596 etiam
3443 1557 3576 1612 apo-

2003 1637 2258 1692 stolicum
2305 1638 2536 1692 chorum
2586 1653 2653 1693 cx
2697 1654 2764 1692 ea
2828 1637 3110 1708 deligeret.
3160 1633 3390 1702 Quinam
3443 1648 3584 1703 ergo,

2004 1737 2164 1783 erant
2196 1728 2268 1782 illi
2320 1728 2371 1782 iu
2420 1729 2661 1783 tenebris
2697 1739 2753 1783 et
2792 1731 2982 1782 umbra
3035 1729 3225 1783 mortis
3253 1735 3532 1781 versantes
3555 1767 3570 1790 ,

2007 1820 2114 1874 nisi
2141 1821 2230 1889 qui
2263 1820 2416 1890 prius
2447 1821 2755 1889 ignorantia
2789 1820 2881 1874 Dei
2918 1821 3321 1882 detinebantur,
3347 1829 3403 1872 et
3430 1835 3576 1872 mor-

2009 1915 2077 1968 tis
2107 1913 2302 1967 anima:
2335 1912 2587 1967 servituti
2641 1913 2847 1968 addicti
2893 1913 3085 1968 erant?

2078 2005 2246 2060 Vsus.
2273 2006 2394 2060 3-4.
2448 2023 2466 2057 ι
2515 2003 2799 2060 Multitudo
2844 2007 3064 2076 populi,
3105 2022 3267 2076 quam
3301 2004 3585 2059 deduxisti-

2004 2099 2058 2152 in
2100 2097 2288 2153 laetitia
2337 2107 2452 2162 tua,
2504 2105 2560 2151 et
2601 2097 2928 2152 lmtabuntur
2963 2112 3149 2152 coram
3191 2107 3262 2161 te,
3310 2097 3450 2152 sicut
3483 2097 3574 2166 qui

2007 2189 2257 2244 lzetantur
2304 2189 2358 2244 in
2393 2204 2593 2254 messe,
2637 2199 2689 2244 et
2734 2189 3193 2258 quemadmodum
3249 2188 3578 2242 laetabuntur

2005 2280 2096 2349 qui
2129 2280 2373 2335 dividunt
2413 2281 2634 2352 spolia:
2687 2280 2813 2350 quia
2871 2279 3150 2335 auferetur
3196 2278 3386 2351 jugum
3442 2278 3578 2345 ipsis

2007 2373 2342 2443 impositum.
2397 2391 2416 2425 ι
2476 2374 2642 2435 Sive,
2696 2372 2822 2441 quia
2871 2373 3026 2428 multi
3070 2372 3290 2444 quidem
3337 2372 3581 2428 credide-

2009 2472 2176 2524 runt.
2227 2462 2321 2518 sed
2374 2462 2544 2518 multo
2598 2462 2783 2533 plures
2830 2464 2884 2516 in
2934 2463 3313 2518 incredulitate
3364 2479 3582 2517 manse—

2010 2565 2155 2621 runt,
2199 2555 2322 2622 iure
2346 2556 2548 2611 dicitur
2595 2555 2790 2608 multos
2821 2571 2884 2608 cx
2921 2555 3116 2626 populo
3150 2555 3412 2610 salutaris
3445 2557 3582 2608 laeti-

2010 2649 2098 2703 tia:
2130 2658 2413 2702 consortes
2465 2647 2652 2702 fuisse.
2711 2645 2804 2702 llis
2845 2662 3012 2714 porro
3057 2647 3350 2717 significat,
3401 2647 3578 2715 quoad

2007 2741 2226 2794 obvium
2269 2740 2464 2795 littera:
2513 2753 2774 2805 sensum,
2813 2740 3087 2809 regionem
3141 2737 3310 2803 illam,
3357 2738 3445 2792 ubi
3481 2738 3591 2792 ali--

2007 2833 2226 2904 quando
2257 2847 2324 2888 ex
2356 2833 2597 2902 quinque
2627 2833 2856 2901 panibus
2901 2832 3114 2884 turbam
3147 2831 3386 2884 virorum
3418 2831 3578 2898 quin-

2009 2942 2114 2996 que
2148 2925 2374 2980 millium
2409 2927 2702 2992 euutrivit;
2729 2923 3021 2992 aliquando
3059 2933 3238 2978 autem
3269 2935 3335 2976 ex
3369 2931 3576 2990 septem

2009 3013 2256 3084 panibus,
2302 3023 2538 3081 quatuor
2584 3012 2750 3068 millia
2796 3012 3068 3077 virorum,
3091 3020 3288 3082 praeter
3323 3011 3579 3065 mulieres

2010 3115 2066 3160 et
2125 3105 2403 3174 parvulos.
2449 3105 2816 3172 Quamobrem
2877 3104 3080 3159 dictum
3141 3111 3226 3158 est
3276 3103 3578 3158 secundum

336 3200 412 3264 ὡς
441 3200 777 3272 εὐφροσύνην
824 3203 882 3254 ἐν
910 3199 1171 3270 θερισμῷ.
1218 3219 1236 3250 ι
1288 3200 1441 3254 Οὕτω
1478 3199 1609 3268 γοῦν
1641 3200 1692 3254 οί
1731 3201 1788 3252 ἐν
1818 3199 1906 3253 θε-

2014 3198 2424 3270 Symmachum,
2460 3214 2479 3249 ι
2532 3196 2743 3252 Laetitia
2788 3195 2952 3250 lzetati
3008 3205 3134 3250 sunt
3186 3197 3238 3251 in
3287 3207 3589 3266 conspectu

342 3290 521 3362 ρισμῷ
543 3291 864 3363 τρεφόμενοι
896 3290 1270 3362 ἠθροισμένοις
1293 3290 1432 3344 κατὰ
1459 3291 1520 3344 τὸ
1547 3290 1678 3344 αὐτὸ
1709 3307 1912 3362 συμπο-

339 3382 543 3446 σιάζειν
595 3382 835 3437 εἰώθασι.
869 3381 1024 3436 Κατά
1074 3382 1307 3436 διάνοιαν
1341 3383 1396 3436 δὲ
1417 3385 1465 3436 οἱ
1504 3383 1788 3437 ἀπόστολοι
1814 3382 1908 3436 τοῦ

337 3475 586 3545 Σωτῆρος
616 3474 769 3545 ἡμῶν
804 3476 966 3528 κα.ὶοί
996 3473 1196 3527 τούτων
1223 3474 1490 3544 διάδοχοι,
1522 3474 1652 3527 οἵτε
1689 3476 1768 3538 εἰς
1793 3474 1911 3528 δεῦ-

341 3583 402 3638 ρο
433 3567 539 3620 τῶν
561 3567 863 3639 ἐκκλησιῶν
909 3566 1070 3621 αὑτοῦ
1099 3566 1458 3640 προεστῶτες,
1483 3568 1580 3638 τῆς
1603 3567 1787 3626 ἐνθέου
1818 3569 1909 3622 εὐ-

338 3659 608 3731 φροσύνης
638 3658 1039 3730 μετελάμϐανον
1071 3656 1300 3712 ἐνώπιον
1331 3657 1426 3712 τοῦ
1460 3659 1708 3730 Σωτῆρος
1729 3659 1908 3730 ἡμῶν,

336 3751 491 3822 δίκην
519 3750 783 3822 ἀμώντων
807 3751 1194 3822 ἐργαζόμενον
1239 3751 1466 3822 ἐπείπερ
1500 3752 1727 3822 ἐργάται
1771 3747 1910 3822 ἦσαν

337 3843 432 3898 τοῦ
461 3844 725 3917 θερισμοῦ
746 3847 853 3900 τῶν
890 3847 1080 3911 ἐθνῶν,
1137 3849 1542 3920 ἐμπιπλάμενοι
1574 3848 1912 3922 εὐφροσύνης

340 3938 435 3991 ἐπὶ
469 3938 546 4009 τῷ
576 3939 768 4011 πλήθει
802 3939 909 3992 τῶν
941 3939 1060 3992 καθ’
1102 3941 1339 4012 ἑκάστην
1373 3941 1669 4013 ἐκκλησίαν
1721 3940 1908 4011 ληΐων.

347 4049 366 4080 ι
395 4029 538 4083 Διότι
560 4031 833 4103 ἀφῄρηται
861 4032 889 4084 ὁ
929 4029 1088 4099 ζυγὸς
1115 4033 1144 4084 ὁ
1171 4033 1258 4085 ἐπ’
1280 4032 1459 4086 αὐτῶν
1483 4033 1762 4102 κείμενος,
1817 4031 1912 4084 καὶ

340 4121 374 4191 ἡ
408 4119 600 4191 ῥάϐδος
629 4123 720 4174 ἐπὶ
750 4121 844 4174 τοῦ
890 4121 1158 4192 τραχήλου
1218 4122 1418 4176 αὐτῶν.
1458 4141 1477 4174 ι
1531 4122 1913 4175 Ἀπεσείσαντο

341 4211 430 4264 τὸν
458 4213 626 4284 βαρὺν
657 4211 818 4281 ζυγὸν
843 4211 937 4265 τοῦ
969 4215 1034 4283 τῇ
1079 4211 1290 4284 δουλεία
1343 4212 1440 4284 τῆς
1493 4211 1766 4284 ἁμαρτίας
1813 4210 1912 4264 αύ-

343 4305 469 4369 τοὺς
503 4297 914 4372 ὑποζεγύξαντος,
949 4307 1044 4360 καὶ⁵
1083 4305 1260 4377 ῥάϐδῳ
1299 4305 1390 4358 τὸν
1417 4303 1683 4376 τράχηλον
1735 4300 1912 4356 αὐτῶν

343 4396 857 4466 κατακάμπτοντος·
892 4396 978 4449 ἵνα
1014 4396 1073 4450 τὸ
1121 4395 1472 4449 ἀποστολικδν
1515 4395 1774 4466 κήρυγμα
1814 4393 1912 4463 τῆς

341 4487 519 4557 ψυχῆς
546 4487 969 4551 καταϐάλλοντες
999 4489 1073 4560 μὴ
1104 4488 1419 4558 ὑποκύψωσι
1466 4491 1531 4559 τῇ
1567 4487 1778 4560 δουλείᾳ
1812 4486 1912 4558 τῆς

2015 3305 2127 3358 ιιιο,
2175 3295 2315 3346 sicut
2354 3291 2539 3346 lzetitia
2596 3291 2648 3344 in
2709 3305 2910 3346 messe.
2945 3308 2965 3342 ι
3023 3289 3116 3346 Sic
3161 3289 3342 3359 itaque
3385 3292 3476 3358 qui
3529 3291 3578 3343 in

2014 3402 2192 3442 messe
2231 3387 2568 3452 nutriuntur,
2614 3384 2904 3440 confertim
2945 3392 2999 3438 et
3046 3383 3204 3438 simul
3241 3384 3448 3454 epulari
3490 3401 3582 3438 ευ-

2013 3478 2144 3532 lent.
2189 3477 2502 3532 Secundum
2539 3475 2876 3545 intelligendi
2926 3477 3194 3531 rationem
3241 3492 3408 3542 vero,
3454 3491 3584 3544 apo-

2011 3569 2132 3622 stoli
2165 3569 2464 3623 Salvatoris
2510 3568 2705 3632 nostri,
2740 3583 2952 3623 necnon
2985 3582 3173 3622 eorum
3211 3581 3578 3626 successores.

2011 3659 2167 3725 acii,
2199 3660 2289 3730 qui
2336 3661 2403 3713 ad
2446 3660 2550 3714 hoc
2593 3674 2764 3728 usque
2807 3668 3017 3726 tempus
3067 3657 3422 3714 ecclesiarum
3466 3658 3584 3722 ejus

2011 3751 2268 3820 prazsules
2297 3751 2544 3813 fuerunt,
2591 3751 2786 3804 divinae
2813 3750 3012 3804 laetitiae
3042 3750 3095 3804 in
3130 3760 3424 3818 conspectu
3461 3749 3583 3804 Sal-

2014 3842 2219 3896 vatoris
2258 3843 2432 3897 nostri
2489 3844 2782 3914 participes
2815 3853 2996 3909 erant,
3042 3843 3357 3898 metentium
3411 3843 3584 3898 instar

2011 3944 2319 4006 operanles,
2360 3935 2489 4005 quia
2543 3937 2738 3992 messis
2785 3938 3064 4009 gentilium
3125 3937 3362 4006 operarii
3399 3946 3582 3995 erant.

2012 4029 2216 4099 perfusi
2256 4029 2452 4095 gaudio
2499 4031 2568 4085 ob
2619 4031 2893 4086 fructuum
2946 4031 3002 4085 in
3057 4029 3286 4100 singulis
3335 4029 3586 4084 ecclesiis

2011 4113 2413 4176 abundantiam.
2449 4139 2470 4173 ι
2496 4121 2631 4187 Quia
2655 4121 2894 4176 ablatum
2923 4130 3007 4176 est
3029 4122 3219 4192 jugum
3251 4122 3383 4189 ipsis
3407 4123 3583 4190 impo-

2011 4213 2196 4277 situm,
2237 4221 2292 4268 et
2325 4213 2476 4282 virga
2514 4229 2676 4282 supra
2717 4213 2915 4268 collum
2961 4229 3172 4268 eorum.
3225 4232 3245 4266 ι
3280 4213 3459 4270 Grave
3493 4214 3580 4284 ju-

2013 4320 2137 4375 gum
2166 4304 2294 4360 illud
2346 4317 2731 4369 excusserunt,
2781 4306 2899 4376 ejus
2946 4304 3038 4375 qui
3083 4306 3291 4376 peccati
3330 4306 3582 4360 servituti

2013 4411 2072 4451 se
2124 4397 2438 4468 colligabat,
2490 4397 2692 4466 quique
2722 4398 2872 4466 virga
2922 4407 3086 4470 caput
3133 4399 3371 4466 ipsorum
3404 4398 3587 4467 depri-

2019 4485 2230 4550 mebat;
2283 4495 2344 4540 ut
2396 4485 2750 4555 apostolicam
2804 4487 3248 4554 praedicationem
3298 4487 3352 4541 in
3401 4486 3586 4540 anima

342 4581 638 4652 ἁμαρτιας.
663 4583 732 4634 Ἦ
748 4584 884 4652 τάχα
903 4584 932 4635 ό
955 4583 1123 4638 πάλαι
1149 4585 1261 4646 τοῖς
1310 4581 1524 4643 σκύλοις
1546 4580 1907 4650 ἐπικείμενος.

2015 4576 2345 4641 fundantes,
2399 4591 2459 4631 se
2504 4577 2710 4645 peccati
2769 4578 3018 4631 servituti
3061 4593 3165 4632 non
3223 4575 3584 4630 innectereut.

345 4673 528 4743 φησιν,
559 4673 836 4744 ἀφῄρηται
861 4672 1039 4744 ζυγὸς,
1062 4675 1158 4728 καὶ
1188 4675 1222 4744 ἡ
1243 4671 1434 4744 ῥάϐδος
1459 4672 1494 4742 ἡ
1527 4672 1618 4724 ἐπὶ
1649 4670 1740 4724 τοῦ
1784 4687 1916 4742 τρα-

344 4764 506 4836 χήλου
539 4764 646 4817 τῶν
678 4765 853 4820 αὐτῶν
884 4765 1111 4821 σκύλων.
1145 4766 1313 4833 Ζυγὸς
1342 4763 1452 4834 γὰρ
1473 4759 1542 4835 ἦν
1582 4761 1751 4833 βαρὺς
1795 4765 1916 4826 ταῖς

2013 4668 2140 4724 Sive
2178 4667 2438 4734 fortasse,
2472 4668 2687 4738 jugum,
2717 4668 2813 4731 ait,
2861 4669 3049 4738 spoliis
3089 4668 3218 4722 olim
3251 4668 3585 4736 impositum,

2015 4761 2255 4814 ablatum
2301 4769 2422 4825 est,
2466 4776 2674 4815 necnon
2721 4761 2868 4832 virga
2918 4759 3232 4814 eorumdem
3290 4758 3586 4828 spoliorum

343 4857 422 4928 τῷ
445 4857 672 4930 διαϐόλῳ
699 4859 895 4928 ψυχαῖς
923 4857 1343 4929 δεδουλωμέναις
1393 4855 1739 4926 ἐπικείμενος
1759 4869 1774 4886 ⁶
1824 4857 1907 4908 καῖ

2017 4852 2154 4907 collo
2189 4852 2460 4923 imposita.
2492 4851 2670 4908 Grave
2700 4855 2900 4922 quippe
2923 4852 3112 4921 jugum
3157 4859 3272 4904 erat
3304 4850 3590 4904 animabus

347 4947 538 5020 ῥάϐδος
558 4948 818 5020 θανατικὴ
843 4950 934 5003 τὸν
959 4950 1227 5021 τράχηλον
1257 4946 1434 5002 αὐτῶν
1456 4946 1907 5017 κατακάμπτουσσ

2020 4944 2220 4998 diaboli
2263 4944 2515 4999 servituti
2561 4943 2822 5011 subjectis
2859 4944 3200 5012 impositum,
3241 4959 3306 4997 ac
3344 4945 3590 4997 mortalis

344 5043 443 5095 καὶ
471 5043 619 5098 κάτω
646 5042 817 5097 νεύειν
862 5043 1088 5096 ποιοῦσα
1108 5059 1123 5072 ⁶
1157 5034 1230 5094 ῶν
1259 5038 1626 5111 ἀφῃρημένων
1650 5091 1659 5102 ,
1695 5037 1915 5100 εἰκότως

347 5132 565 5204 ἔχαιρον.
585 5133 635 5186 οἱ
661 5132 1026 5204 διαιρούμενοι,
1051 5132 1117 5186 τὰ
1147 5131 1315 5186 σκῦλα
1343 5129 1532 5186 ταῦτα.

424 5332 442 5364 ι
481 5313 591 5385 Τὴν
632 5315 742 5387 γάρ
789 5315 979 5386 ῥάϐδον
1034 5315 1140 5369 τῶν
1187 5314 1562 5369 ἀπαιτούντων
1605 5309 1914 5365 διεσκέδασε

350 5405 572 5478 Κύριος,
619 5408 694 5470 ὡς
723 5410 789 5478 τῇ
824 5408 1006 5479 ἡμέρᾳ.
1035 5410 1101 5479 τῇ
1157 5409 1247 5460 ὲπί
1274 5407 1518 5478 Μαδιάμ.
1563 5425 1581 5456 ι
1624 5403 1914 5456 Θεοδοτίων

352 5497 554 5568 μέντοι,
579 5497 673 5552 τοῦ
727 5499 1157 5564 ιάπαιτοῦντος,›
1199 5501 1561 5572 ήρμήνευσεν,
1599 5495 1790 5560 ἑνικῶς
1824 5495 1916 5548 τὸν

348 5585 679 5640 ἀπαιτοῦντα
726 5588 821 5640 καὶ
850 5589 1226 5659 ἐκπράσσοντα
1264 5588 1536 5659 σημήνας’
1567 5584 1806 5655 δηλονότι
1827 5585 1915 5640 τὸν

349 5675 610 5739 διάϐολον,
639 5676 698 5740 ὃς
717 5676 1039 5748 ἐκπράσσων
1064 5676 1284 5731 διετέλει
1312 5677 1409 5742 τάς
1459 5675 1564 5728 τῶν
1617 5671 1915 5744 ἀνθρώπων

432 5880 477 5910 ⁸⁸
515 5877 710 5932 Εῑιιειι.
745 5892 898 5941 mn,
929 5876 982 5930 «ί.

2023 5035 2194 5103 virga,
2236 5048 2360 5104 qtne
2405 5034 2602 5089 collum
2631 5035 2984 5101 tleprimeret,
3019 5049 3086 5087 ac
3137 5035 3389 5088 deorsum
3432 5033 3588 5086 incli-

2024 5125 2139 5180 nari
2187 5134 2450 5196 cogeret:
2482 5126 2680 5197 quibus
2717 5125 2912 5179 ablatis
2958 5125 3151 5181 merito
3176 5127 3483 5197 gaudebant
3531 5127 3591 5191 ii,

2023 5215 2112 5286 qui
2143 5216 2258 5271 bsic
2289 5216 2462 5286 spolia
2495 5216 2829 5271 dividebant.

2098 5306 2262 5361 Vsus.
2401 5323 2418 5356 ι
2479 5305 2692 5377 Virgam
2742 5307 2886 5359 enim
2929 5317 3246 5362 exactorum
3301 5306 3590 5376 dissipavit

2025 5400 2282 5454 Dominus
2333 5397 2475 5453 sicut
2527 5398 2578 5451 in
2626 5397 2990 5466 dicdladian.
3035 5419 3054 5452 ι
3108 5399 3408 5454 Tlieodotio
3456 5415 3586 5454 sane

2023 5491 2283 5545 exactoris
2321 5489 2704 5559 interpretatus
2738 5500 2840 5552 est,
2890 5502 3234 5562 expetentem
3269 5500 3325 5546 et
3367 5501 3587 5545 exacto-

2024 5596 2136 5634 rem
2175 5577 2521 5649 singulariter
2569 5581 2922 5648 exprimens,
2978 5581 3230 5637 videlicet
3273 5581 3588 5645 diabolum,

2023 5673 2115 5743 qui
2147 5671 2420 5729 cxactoris
2453 5673 2810 5733 humanarum
2844 5675 3146 5731 animarum
3175 5675 3346 5733 vicem
3377 5675 3580 5745 agebat
