4062 6400
467 385 568 445 151

1151 385 1418 445 EUSEBll
1458 387 1934 445 CESARIENSIS
1971 390 2123 448 OPP.
2164 390 2344 446 PARS
2379 388 2467 446 Ιίἰ.
2507 422 2576 434 —
2613 388 3024 448 EXEGETICA.

3622 390 3728 446 {52

469 514 525 559 et
569 505 726 576 quasi
780 507 1063 577 vectigalia
1116 508 1474 576 exposcebat,
1527 510 1781 564 nimirum
1829 522 2046 579 peccata

2151 512 2356 583 ψυχάςξ
2383 513 2477 568 καὶ
2503 512 2700 582 φόρους
2733 512 2920 584 ὥσπερ
2943 511 3208 574 ἀπαιτῶν,
3245 511 3345 576 τάς
3394 529 3625 584 χορηγοε
3637 517 3732 584 μέ-

471 585 608 664 utne
653 598 724 652 illi
779 599 1156 654 admittebant.
1209 599 1443 654 Historia
1495 617 1622 656 vero
1675 600 1884 657 Madian
1928 619 2050 672 spe-

473 698 632 744 ctans
662 698 841 743 exstat
873 689 924 742 in
971 688 1107 742 libro
1137 687 1389 744 Judicum
1423 707 1437 742 :
1482 704 1773 764 narratque
1809 708 2052 764 tempore

472 776 764 838 Gedeonis.
797 780 1042 834 inimicos
1067 795 1174 836 non
1207 781 1473 836 instructa
1514 799 1783 840 armorum
1812 787 1929 842 acie
1967 803 2052 840 su-

472 881 692 938 peratos
741 870 946 936 fuisse,
996 873 1092 926 sed
1169 873 1377 928 occulta
1407 913 1424 937 ,
1473 876 1726 931 invisibili
1775 887 1829 932 et
1871 879 2049 932 divina

473 960 696 1016 virtute.
743 961 834 1016 Sic
867 962 1070 1030 itaque,
1108 963 1335 1031 perinde
1367 972 1532 1032 atque
1565 963 1873 1019 Madianitis
1902 965 2048 1018 acci-

470 1055 572 1117 dit,
604 1053 792 1109 hostes
823 1055 1037 1108 occulta
1071 1069 1234 1109 manu
1263 1058 1500 1125 superati
1533 1068 1689 1116 sunt;
1723 1069 1885 1126 atque
1911 1073 2053 1113 nunc

470 1148 547 1201 ait
573 1146 890 1217 dissipatam
923 1147 1093 1204 fuisse
1120 1150 1330 1218 virgam
1361 1152 1638 1207 exactoris
1681 1151 1915 1218 diaboli,
1954 1167 2052 1208 nec

471 1256 579 1296 non
617 1241 850 1296 aliorum
887 1241 980 1310 qui
1020 1257 1143 1296 cum
1180 1257 1246 1297 eo
1292 1245 1500 1299 animas
1547 1244 1828 1298 hominum
1864 1244 2050 1314 exige-

473 1334 627 1385 bant.
657 1331 810 1386 Alius
839 1346 967 1386 vero
1002 1348 1109 1386 non
1139 1335 1494 1404 exigentium,
1542 1335 1658 1399 sed,
1706 1335 2052 1406 inobsequen-

472 1424 626 1483 lium,
677 1423 836 1478 dixit.

548 1534 566 1566 ι
603 1515 736 1581 Quia
798 1529 1012 1570 omnem
1062 1515 1318 1570 amictum
1356 1516 1481 1572 dolo
1512 1517 1822 1582 collectum,
1857 1525 1914 1572 et
1960 1532 2053 1572 ve-

472 1609 788 1662 stimentum
832 1623 956 1662 cum
1015 1610 1443 1663 commutatione
1497 1611 1790 1664 restituent
1839 1618 1894 1664 et
1958 1625 2052 1663 cu-

471 1701 654 1768 pient,
691 1702 734 1757 si
773 1701 907 1754 liant
955 1701 1081 1769 igne
1121 1703 1410 1756 combusti.
1454 1721 1473 1753 ›
1510 1700 1646 1768 Quia
1689 1717 1810 1758 cum
1859 1702 2050 1756 diabo-

472 1793 557 1846 lus
588 1803 838 1848 ornatmn
879 1799 1075 1852 anima:
1108 1806 1164 1851 et
1209 1796 1466 1849 amictum
1517 1795 1664 1864 ejus,
1710 1806 1874 1861 atque
1907 1795 2051 1849 tuni-

2153 621 2246 668 νας
2273 603 2449 657 αὐτῶν
2474 604 2764 675 ἁμαρτίας.
2798 607 2991 659 Κείται
3013 604 3124 676 δὲή
3174 606 3301 676 περὶ
3354 605 3456 675 τῆς
3505 607 3731 674 Μαδιάμ

2155 696 2364 767 ἱστορία
2391 697 2447 748 ἐν
2478 699 2591 760 τοῖς
2626 698 2874 769 Κριταῖς,
2905 701 3233 773 περιέχουσα
3263 699 3339 764 ὡς
3367 698 3461 752 ἐπὶ
3495 696 3590 751 τοῦ
3633 697 3732 749 Γε-

2150 785 2287 838 δεὼν
2309 786 2406 856 ούχ
2431 785 2612 839 ὃπλων
2662 789 2964 860 παρατάξει
3011 791 3318 861 νενίκηνται
3359 792 3406 843 οἱ
3459 788 3728 859 πολέμιοι,

2152 875 2268 930 ἀλλ’
2299 878 2495 946 ἀφανεῖ
2508 879 2600 931 καὶ
2631 879 2867 952 ἀοράτῳ,
2901 883 2996 935 καὶ
3047 882 3197 955 θεῖκῇ
3237 885 3483 954 δυνάμει.
3543 878 3733 945 Οὕτως

2151 959 2244 1017 οὖν
2269 963 2344 1028 ὡς
2365 965 2460 1019 ἐπὶ
2491 969 2602 1030 τοῖς
2635 969 2858 1040 Μαδιάμ
2883 972 3210 1042 ἐνικήθησαν
3235 973 3284 1025 οἰ
3317 971 3560 1042 πολέμιοι
3585 971 3730 1042 χειρὶ

2151 1053 2418 1124 κρυφαία,
2451 1056 2543 1108 καὶ
2575 1056 2670 1110 νύν
2703 1076 2834 1128 φησι
2863 1060 3234 1125 διεσκεδάσθαι
3264 1061 3361 1132 τὴν
3405 1062 3596 1133 ῥάϐδον
3633 1059 3729 1115 τοῦ

2152 1145 2510 1210 ἀπαιτοῦντος
2534 1147 2800 1216 διαϐόλου,
2840 1153 3061 1206 καὶτῶν
3091 1155 3187 1208 σὺν
3218 1153 3364 1225 αὐτῷ
3393 1153 3493 1216 τάς
3549 1153 3764 1224 ψυχάς.

2150 1235 2258 1288 τῶν
2283 1237 2585 1310 ἀνθρώπων
2633 1244 3073 1314 ἐκπρασσόντων.
3123 1247 3345 1320 Ἕτερος
3370 1245 3427 1299 δὲ
3451 1246 3512 1299 ού
3565 1266 3582 1296 ι
3621 1245 3734 1300 τῶν

2152 1329 2523 1385 ἀπαιτούντων
2553 1353 2570 1385 ι
2620 1333 2746 1407 ἔφη,
2795 1337 2932 1390 ἀλλά
2993 1358 3011 1390 ι
3050 1339 3157 1392 τῶν
3211 1339 3576 1396 ἀπειθούντων
3601 1360 3620 1393 ι
3651 1335 3736 1395 εἷ·-

2151 1439 2274 1476 πεν.

2227 1515 2381 1568 «Ὅτι
2406 1519 2586 1571 πᾶσαν
2619 1520 2810 1588 στολὴν
2842 1523 3276 1594 ἐπισυνηγμένην
3302 1524 3453 1596 δόλῳ,
3479 1525 3572 1578 xui.
3604 1525 3735 1596 ίμάο

2149 1624 2261 1660 τιον
2293 1609 2429 1679 μετὰ
2457 1612 2800 1684 καταλλαγῆς
2829 1615 3162 1678 ἀποτίσουσι,
3193 1619 3284 1670 καὶ
3316 1617 3650 1688 θελήσουσιν,
3677 1620 3728 1671 εἰ

2151 1698 2398 1766 ἐγένοντο
2463 1703 2843 1773 πυρίκαυστοι.
2889 1725 2906 1756 ι
2984 1707 3201 1778 Ἐπειδὴ
3252 1708 3343 1762 τὸν
3401 1708 3601 1778 κόσμον
3627 1708 3730 1778 τῆς

2151 1790 2326 1862 ψυχῆς
2385 1795 2480 1846 καὶ
2543 1795 2641 1867 τὴν
2686 1797 2877 1869 στολὴν
2935 1800 3127 1870 αὐτῆς,
3169 1800 3259 1852 τόν
3314 1817 3372 1852 τε
3409 1801 3507 1872 τῆς
3555 1800 3731 1872 ἀρχῆς

469 1900 589 1938 cam
618 1887 990 1956 principatus,
1038 1904 1144 1958 qua
1193 1889 1539 1952 induebatur,
1581 1887 1726 1940 illam
1775 1889 2044 1956 captivam

2152 1883 2374 1953 χιτῶνα,
2398 1886 2458 1939 δν
2489 1888 2861 1959 περιεϐάλετο,
2913 1892 3149 1964 συλήσας
3178 1894 3206 1945 ὁ
3230 1893 3493 1956 διάὀολος,
3520 1894 3608 1946 ὅτε
3634 1895 3732 1945 αύ-

473 1975 698 2039 ducens,
734 1976 1072 2046 diripuisset,
1118 1979 1315 2032 nudam
1365 1977 1512 2030 illam
1564 1991 1628 2030 ac
1674 1976 1873 2030 foedam
1919 1977 2046 2030 reli-

469 2069 621 2138 quit:
659 2068 776 2136 ejus
815 2071 941 2124 item
991 2071 1255 2136 comites,
1297 2070 1622 2125 adversariae
1649 2078 1942 2136 potestates
1979 2067 2048 2123 ab

469 2174 536 2214 ea
585 2161 845 2216 tributum
880 2162 1191 2231 exigebant,
1233 2161 1359 2216 dolo
1410 2171 1463 2215 et
1495 2159 1708 2214 fallacia
1753 2169 1941 2214 contra
1985 2160 2048 2213 il-

469 2255 578 2310 lam
610 2265 863 2318 utentes;
903 2257 1027 2324 jure
1074 2267 1355 2311 exactores
1405 2255 1524 2309 illos
1573 2253 1753 2308 omnia
1804 2256 2046 2323 persolu-

471 2358 626 2402 tnros
654 2363 774 2404 esse
803 2349 936 2403 dicit
986 2349 1225 2417 Spiritus
1282 2349 1658 2418 propheticus,
1715 2346 1798 2400 his
1841 2347 2043 2409 verbis,

476 2459 494 2492 ι
536 2439 762 2496 Omnem
809 2442 1066 2496 amictum
1121 2441 1242 2495 dolo
1292 2441 1603 2503 collectum,
1650 2453 1704 2496 et
1746 2441 2045 2494 vestimen-

473 2543 581 2586 tum
631 2530 752 2588 éum
805 2535 1239 2588 commutatione
1287 2534 1591 2588 restituent.
1642 2553 1662 2586 ι
1713 2533 1878 2587 Iidem
1915 2547 2046 2587 vero

473 2623 570 2693 ipsi
605 2626 696 2695 qui
731 2626 860 2680 olim
894 2627 963 2680 ab
997 2627 1284 2680 animabus
1312 2625 1592 2678 hominum
1624 2624 1908 2696 vectigalia
1948 2640 2047 2680 ex-

471 2729 778 2786 poscerent,
822 2719 1006 2772 omnia
1058 2718 1110 2771 in
1171 2728 1472 2774 memorato
1517 2729 1761 2787 tempore
1815 2717 2044 2772 soluturi

469 2823 590 2864 esse
617 2810 894 2864 dicuntur.

543 2898 705 2956 Vens.
735 2901 789 2955 6.
829 2919 846 2951 ι
888 2901 1024 2969 Quia
1063 2901 1320 2971 parvulus
1365 2912 1526 2956 natus
1557 2911 1636 2957 est
1671 2901 1853 2965 nobis,
1897 2910 1953 2955 et
1984 2901 2047 2954 ﬂ-

473 2992 576 3047 lius
605 2993 764 3046 datus
800 3003 883 3047 est
927 2994 1124 3048 nobis:
1173 2993 1327 3060 cujus
1370 2994 1708 3063 principatus
1747 2993 1924 3048 factus
1964 3003 2047 3048 est

471 3099 632 3154 super
683 3089 967 3139 humerum
1019 3086 1154 3154 ejus.
1217 3086 1281 3140 Et
1335 3087 1620 3140 vocabitur
1657 3101 1852 3142 nomen
1906 3087 2043 3157 ejus,

473 3177 652 3245 magni
697 3177 912 3232 consilii
954 3179 1200 3249 angelus.
1235 3180 1511 3234 Adducam
1542 3179 1684 3233 enim
1721 3194 1908 3248 pacem
1954 3195 2047 3232 su-

473 3289 574 3343 per
608 3273 903 3343 principes,
933 3289 1118 3342 pacem
1147 3284 1203 3327 et
1231 3275 1516 3330 sanitatem
1550 3274 1670 3343 ipsi.
1708 3292 1728 3326 ι
1770 3273 2043 3340 Quasnam

472 3366 749 3435 principes
788 3375 1073 3426 memorat.
1116 3367 1220 3420 nisi
1265 3381 1359 3421 eos
1403 3367 1496 3436 qui
1530 3367 1598 3420 ab
1633 3367 1748 3435 ipso
1792 3367 1858 3418 ad
1902 3368 2047 3435 prin-

473 3460 710 3528 cipatmn
762 3460 816 3513 in
869 3459 1112 3515 Ecclesia
1183 3461 1480 3529 gerendum
1539 3460 1819 3515 constituti
1879 3459 2048 3512 sunt?

474 3549 778 3619 Discipulos
808 3551 930 3606 dico
955 3562 1007 3605 et
1037 3552 1321 3620 apostolos
1354 3552 1546 3619 ipsius,
1597 3566 1808 3605 necnon
1859 3565 2046 3604 eorum

473 3657 569 3712 per
619 3652 790 3696 totum
824 3644 1014 3699 orbem
1069 3659 1437 3708 successores,
1489 3643 1690 3711 quibus
1733 3641 1914 3694 datum
1965 3650 2048 3694 est

470 3743 531 3786 ut
570 3748 701 3788 sana
735 3745 914 3787 tuente
957 3743 1164 3795 essent,
1213 3744 1266 3786 et
1320 3749 1506 3803 pacem
1555 3741 1742 3784 mutuo
1782 3731 2042 3792 colerent,

470 3842 592 3882 cum
645 3826 777 3895 ipsis
808 3827 1034 3890 diceret,
1075 3845 1094 3878 ι
1130 3826 1326 3880 Pacem
1377 3840 1550 3880 meam
1603 3829 1674 3880 do
1717 3827 1895 3890 vobis,
1946 3839 2044 3894 pa-

470 3934 587 3972 cem
643 3933 818 3972 meam
879 3918 1127 3988 relinquo
1185 3917 1359 3970 vobis.
1432 3915 1657 3985 bIagnus
1710 3916 2046 3984 principatus

470 4004 611 4072 ejus,
643 4015 699 4058 et
737 4005 888 4072 pacis
919 4005 1038 4074 ejus
1090 4020 1197 4058 non
1249 4007 1356 4058 erit
1406 4005 1528 4058 ﬁnis
1557 4006 1622 4058 9".
1658 4023 1677 4058 ι
1733 4003 2043 4060 Secundum

472 4095 902 4153 Theodotionem
951 4113 1113 4162 vero,
1150 4117 1168 4148 ι
1201 4098 1357 4153 Pacis
1387 4098 1505 4167 ejus
1557 4114 1665 4153 non
1709 4099 1817 4153 erit
1856 4098 2044 4153 termi-

473 4206 595 4244 nus.
647 4209 665 4241 ι
702 4187 951 4255 Quantus
982 4203 1149 4257 porro
1195 4188 1358 4244 fuerit
1390 4188 1533 4259 ejus,
1577 4189 1667 4258 qui
1711 4189 1762 4243 in
1808 4190 2045 4258 prophe-

474 4281 551 4334 tia
588 4277 784 4343 fertur,
815 4279 1155 4349 principatus
1189 4279 1478 4350 intelligas,
1520 4281 1565 4335 si
1606 4279 1898 4334 Ecclesiam
1930 4281 2046 4348 ejus

473 4373 530 4428 in
578 4380 698 4427 toto
748 4371 885 4426 orbe
936 4371 1291 4425 constitutam
1347 4373 1696 4438 consideres;
1745 4373 1838 4428 sed
1877 4373 2047 4428 multo

472 4462 646 4531 magis
683 4459 728 4516 si
779 4460 864 4514 his
902 4462 968 4514 de
1019 4461 1110 4514 illo
1135 4459 1382 4528 Apostoli
1429 4461 1754 4516 testimoniis
1802 4463 2044 4515 animum

472 4649 728 4716 potentia:
761 4645 982 4700 virtutis
1019 4645 1163 4716 ejus,
1194 4661 1356 4715 quam
1388 4657 1644 4716 Operatus
1685 4656 1768 4700 est
1799 4646 1851 4700 in
1879 4647 2043 4701 Chri-

470 4749 576 4801 sto,
608 4737 882 4794 suscitans
911 4737 1062 4791 illum
1093 4753 1120 4791 a
1160 4738 1411 4802 mortuis,
1443 4749 1497 4792 et
1529 4739 1865 4793 constituens
1897 4739 2044 4793 illum

471 4830 524 4882 in
555 4829 778 4884 dextera
825 4845 920 4883 sua
959 4830 1014 4884 in
1053 4829 1394 4892 caelestibus,
1437 4845 1598 4899 supra
1644 4845 1858 4884 omnem
1894 4829 2046 4900 prin-

469 4923 705 4989 cipatum
748 4930 803 4976 et
841 4931 1170 4990 potestatem
1219 4933 1274 4978 et
1316 4923 1573 4976 virtutem
1623 4932 1680 4975 et
1721 4923 2046 4977 dominatio-

471 5030 616 5078 nem,
661 5023 714 5069 et
754 5029 916 5082 supra
954 5029 1114 5069 omne
1151 5031 1346 5071 nomen
1391 5016 1533 5079 quod
1576 5015 1889 5068 nominatur
1912 5014 1978 5067 ⁸⁸.
2019 5033 2038 5065 ι

470 5105 547 5158 lta
597 5119 828 5174 magnus
877 5115 961 5160 est
1008 5086 1311 5160 salvatoris
1359 5105 1528 5159 nostri
1575 5103 1946 5174 principatus,
1989 5112 2045 5158 et

469 5197 619 5266 pacis
656 5197 773 5266 ejus
821 5213 926 5251 non
963 5209 1047 5251 est
1099 5198 1258 5258 linis;
1300 5213 1421 5251 nam
1468 5195 1910 5261 interminabilis,
1954 5211 2043 5250 se-

470 5290 706 5345 nectutis
733 5305 929 5360 expers
960 5299 1014 5344 et
1045 5291 1551 5359 incircumscriptus
1589 5289 1678 5344 ille
1717 5298 1842 5343 est:
1871 5304 2040 5356 quare

467 5385 671 5436 dictum
708 5392 813 5447 est,
858 5401 877 5435 ι
927 5383 1148 5439 Orietur
1186 5385 1240 5438 in
1295 5385 1483 5440 diebus
1531 5383 1702 5453 ipsius
1743 5382 1951 5450 justitia
1988 5394 2044 5436 et

465 5476 801 5530 abundantia
839 5477 991 5545 pacis
1026 5477 1093 5531 ⁸⁸.
1127 5496 1146 5528 ι

543 5568 704 5621 Vsus.
738 5569 790 5620 7.
823 5587 842 5618 ι
876 5569 1054 5638 Super
1081 5569 1332 5623 thronum
1364 5570 1531 5625 David
1560 5578 1614 5624 et
1641 5585 1866 5641 regnum
1898 5570 2038 5640 ejus,

461 5663 529 5718 ad
572 5662 915 5732 dirigendum
953 5661 1118 5728 illud,
1173 5671 1228 5715 et
1270 5661 1720 5732 patrocinandum
1769 5663 1817 5716 ei
1865 5662 1917 5716 in
1952 5660 2041 5730 ju-

526 5870 567 5900 ³⁷
607 5863 762 5921 Joan.
799 5864 1016 5931 3mm.
1094 5865 1139 5896 ⁵⁸
1168 5852 1622 5936 Εριῖρε.ἷζ’19-21.
1651 5865 1694 5897 ³⁸
1726 5863 1864 5920 Psal.
1906 5881 2054 5927 Lnt,
2089 5866 2140 5922 7.

2154 1973 2250 2043 τὴν
2285 1975 2592 2047 ὑποχείριον
2632 1977 2826 2045 ἔλασε,
2873 1983 3086 2052 γυμνὴν
3141 1983 3308 2055 αὐτὴν
3355 1984 3448 2037 καὶ
3498 1983 3735 2054 αἰσχρὰν

2155 2065 2520 2137 κατέστησενο
2557 2070 2700 2122 αἵτε
2736 2073 2833 2125 σὺν
2879 2071 3028 2142 αὐτῷ
3060 2072 3315 2143 δυνάμεις
3357 2075 3734 2145 ἀντικείμεναι

2154 2155 2482 2229 ἐξέπραττον
2507 2161 2696 2233 αὐτὴν,
2729 2162 2864 2235 δόλῳ
2896 2165 2987 2216 καὶ
3019 2167 3200 2240 ἀπάτῃ
3235 2170 3355 2222 κατ’
3381 2167 3545 2236 αὐτῆς
3586 2166 3735 2238 χρώ-

2157 2270 2313 2324 μεναι
2341 2272 2353 2285 ο
2409 2253 2585 2307 πάντα
2627 2254 2850 2320 εἰκότως
2909 2257 3186 2311 ἀποτίσειν
3235 2258 3450 2326 λέγεται
3486 2257 3592 2310 ὑπὸ
3635 2256 3735 2308 τοῦ

2155 2345 2491 2416 προφητικοῦ
2541 2345 2870 2416 πνεύματος,
2905 2350 3196 2420 φήσαντος,
3247 2349 3328 2402 ὅτι
3377 2348 3440 2418 δὴ
3499 2367 3518 2398 ι
3543 2349 3736 2400 Πᾶσαν

2157 2435 2343 2506 στολὴν
2368 2437 2807 2511 ἐπισυνηγμένην
2832 2439 2986 2510 δόλῳ,
3010 2441 3103 2494 καὶ
3138 2441 3350 2511 ἰμάτιον
3375 2439 3508 2510 μετά
3533 2438 3735 2492 καταλο

2153 2529 2322 2601 λαγῆς
2345 2531 2709 2585 ἀποτίσουσιν.
2743 2552 2761 2584 ι
2801 2535 2862 2586 Οί
2896 2535 3049 2588 αύτοὶ
3074 2535 3130 2587 δὲ
3153 2529 3298 2588 οὗτοι
3329 2537 3378 2588 οἱ
3428 2536 3592 2589 πάλαι
3630 2536 3735 2599 τάς

2153 2621 2262 2674 τῶν
2340 2622 2640 2694 ἀνθρώπιον
2707 2625 2887 2695 ψυχὰς
2942 2627 3342 2698 ἐκπράσσοντες
3392 2627 3734 2682 ἀποτιννύειν

2153 2712 2396 2782 λέγονται
2419 2715 2594 2768 πάντα
2627 2717 2685 2769 ἐν
2717 2716 3127 2792 τῷδηλουμένῳ
3158 2718 3353 2790 καιρῷ.

2229 2918 2248 2951 t
2281 2901 2402 2954 Ὅτι
2431 2901 2640 2954 παιδίον
2674 2901 2933 2974 ἐγεννήθη
2967 2903 3117 2972 ἡμῖν,
3145 2903 3261 2966 υἱὸς
3279 2903 3372 2956 καὶ
3399 2903 3550 2975 ἐδόθη
3574 2904 3732 2974 ἡμῖν,

2154 2988 2214 3046 οὗ
2241 2995 2274 3062 ἡ
2308 2993 2450 3064 ἀρχὴ
2481 2992 2712 3065 ἐγενήθη
2744 2994 2836 3047 ἐπὶ¹
2866 2992 2959 3047 τοῦ
2978 2994 3128 3065 ὤμου
3158 2995 3344 3048 αὑτοῦ·
3373 2996 3466 3050 καὶ
3484 2995 3733 3050 καλεῖται

2153 3086 2215 3138 τὸ
2239 3086 2408 3156 δνομα
2438 3085 2603 3139 αὑτοῦ
2642 3087 2882 3158 μεγάλης
2912 3087 3106 3159 βουλῆς
3143 3087 3393 3158 ἄγγελος.
3440 3086 3586 3153 Ἀξω
3617 3088 3734 3160 τάρ

2154 3181 2378 3251 εἰρήνην
2404 3181 2494 3232 ἐπὶ
2533 3181 2657 3243 τοὺς
2679 3181 2962 3250 ἄρχοντας,
2996 3181 3218 3251 εἰρήνην
3252 3183 3346 3234 καὶ
3371 3181 3578 3249 ὑγίειαν
3631 3182 3733 3234 αύ-

2149 3270 2245 3342 τῷ.
2291 3291 2310 3322 ι
2350 3271 2538 3334 Ποίους
2564 3270 2618 3324 δέ
2645 3288 2808 3341 φησιν
2846 3272 3131 3342 ἄρχοντας,
3173 3273 3205 3343 ἢ
3259 3275 3383 3337 τοὺς
3424 3274 3514 3326 ὑπ’
3561 3273 3734 3328 αύτοῦ

2149 3363 2336 3432 ἄρχειν
2365 3362 2464 3430 τῆς
2507 3361 2832 3432 Ἐκκλησίας
2863 3361 3024 3413 αὑτοῦ
3061 3361 3531 3432 καθεσταμένους;
3570 3365 3736 3433 Λέγω

2147 3453 2209 3523 δὴ
2241 3451 2485 3522 μαθητάς
2534 3451 2698 3505 αὐτοῦ
2733 3453 2827 3504 καὶ
2860 3451 3207 3516 ἀποστόλους,
3245 3453 3368 3516 τούς
3387 3471 3446 3506 τε
3484 3454 3579 3526 τήν
3608 3453 3738 3506 τού⁹

2147 3559 2254 3594 των
2279 3541 2523 3612 διαδοχὴν
2549 3541 2980 3612 ὑποδεξαμένους
3009 3543 3130 3596 καθ’
3163 3544 3291 3615 ὅλης
3333 3547 3432 3617 τῆς
3473 3546 3736 3615 οἰκουμέ-

2149 3651 2264 3704 νης,
2301 3629 2381 3696 οἷς
2413 3632 2590 3704 ψυχῆς
2616 3635 2826 3703 ὑγίειαν
2856 3636 2949 3688 καὶ
2977 3635 3198 3706 εἰρήνην
3231 3635 3372 3706 ἔχειν
3400 3637 3534 3707 πρὸς
3559 3635 3732 3706 ἀλλή-

2147 3725 2269 3789 λους
2297 3725 2569 3796 ἐδωρεῖτο,
2607 3727 2665 3779 ἐν
2696 3724 2777 3789 οἷς
2810 3727 2944 3798 πρὸς
2975 3729 3170 3792 αὐτοὺς
3191 3728 3404 3797 ἔλεγεν·
3444 3747 3461 3780 ι
3488 3729 3735 3799 Εἰρήνην

2147 3815 2244 3887 τὴν
2272 3814 2410 3886 ἐμὴν
2467 3815 2659 3887 δίδωμι
2712 3817 2875 3885 ὑμῖν,
2922 3819 3144 3890 εἰρήνην
3189 3819 3286 3890 τὴν
3341 3820 3478 3890 ἐμὴν
3524 3819 3731 3889 ἀφίημι

2148 3907 2294 3977 ὑμῖν.
2323 3907 2546 3979 Μεγάλη
2583 3911 2615 3978 ή
2645 3909 2786 3980 ἀρχὴ
2822 3908 3010 3973 αὑτοῦ,
3043 3910 3137 3963 καὶ
3157 3910 3258 3980 τῆς
3304 3912 3526 3982 εἰρήνης
3559 3911 3732 3964 αὑτοῦ

2147 3999 2245 4052 οὐκ
2282 3998 2431 4052 ἔσται
2459 3998 2630 4062 τέλος.
2658 4019 2676 4052 ι
2712 4000 2869 4053 Κατὰ
2900 3999 3031 4069 γοῦν
3054 4001 3146 4054 τὸν
3173 4001 3525 4066 Θεοδοτίωνα,
3557 4021 3575 4052 ι
3613 4002 3730 4073 Τῆς

2147 4091 2369 4162 εἰρήνης
2397 4090 2560 4144 αὐτοῦ
2591 4092 2691 4144 οὐκ
2716 4091 2867 4145 ἐσται
2898 4093 3089 4163 πέρας.
3128 4112 3146 4145 ι
3205 4093 3438 4163 Νοήσεις
3463 4093 3521 4148 δέ
3577 4095 3734 4156 ὅπως

2151 4184 2360 4254 μεγάλη
2385 4184 2574 4252 γέγονε
2607 4183 2702 4237 τοῦ
2735 4185 3210 4256 προφητευομένου
3243 4187 3274 4256 ἡ
3301 4186 3462 4257 ἀρχὴ,
3481 4187 3578 4256 τὴν
3603 4185 3733 4240 καθ’

2145 4275 2274 4346 ὅλης
2299 4276 2396 4346 τῆς
2423 4275 2745 4347 οἰκουμένης
2788 4278 3112 4347 Ἐκκλησίαν
3148 4277 3312 4330 αὑτοῦ
3343 4278 3561 4351 θεωρῶν
3584 4295 3598 4309 ·
3631 4281 3729 4332 καὶ

2147 4365 2228 4418 ἔτι
2260 4366 2457 4436 μᾶλλον
2489 4368 2790 4439 ἐπιστήσας
2817 4371 2936 4432 ταῖς
2963 4368 3059 4421 τοῦ
3105 4369 3425 4423 Ἀποστὸλου
3453 4371 3579 4443 περὶ
3626 4372 3728 4425 αύ-

2103 4477 2110 4482 '
2147 4458 2240 4510 τοῦ
2269 4459 2614 4530 μαρτυρίαις,
2643 4461 2707 4514 δι’
2736 4455 2808 4513 ὦν
2839 4477 2991 4530 φησι,
3048 4480 3063 4510 ι
3119 4460 3277 4513 Κατὰ
3307 4460 3404 4532 τὴν
3451 4462 3734 4534 ἐνέργειαν

473 4553 766 4619 adhibeas,
811 4551 1010 4623 quibus
1062 4551 1173 4616 ait,
1232 4570 1252 4603 ι
1314 4551 1622 4606 Secundum
1668 4555 2041 4622 operationem
2075 4581 2120 4638 ι)

2149 4550 2244 4604 τοῦ
2270 4553 2506 4623 κράτους
2536 4554 2635 4624 τῆς
2671 4553 2851 4624 ἰσχύος
2881 4553 3079 4616 αὑτοῦ,
3108 4555 3173 4626 ήν
3205 4555 3504 4626 ἐνήργησεν
3535 4557 3591 4608 ἐν
3650 4556 3733 4626 τῷ

2147 4643 2386 4714 Χριστῷ,
2421 4645 2638 4716 ἐγείρας
2656 4645 2820 4698 αὑτὸν
2852 4647 2916 4699 ἐκ
2944 4647 3152 4717 νεκρῶν
3181 4649 3275 4702 καὶ
3299 4648 3525 4712 καθίσας
3565 4649 3732 4702 αὐτὸν

2147 4735 2206 4785 ἐν
2233 4732 2382 4804 δεξιᾷ
2411 4733 2573 4787 αὐτοῦ
2605 4735 2662 4786 ἐν
2687 4737 2799 4798 τοῖς
2821 4736 3183 4807 ἐπουρανίοις,
3239 4737 3492 4809 ὑπεράνω
3547 4738 3731 4807 πάσης

2147 4827 2321 4898 ἀρχῆς
2354 4827 2448 4880 καὶ
2491 4825 2736 4891 ἐξουσίας
2763 4867 2778 4890 ,
2815 4829 2906 4881 καὶ
2943 4828 3222 4898 δυνάμεως
3251 4829 3344 4882 καὶ
3387 4829 3728 4901 κυριότητος,

2150 4920 2243 4971 καλ¹
2276 4919 2476 4982 παντὸς
2498 4919 2756 4989 ὀνόματος
2791 4920 3215 4990 ὀνομαζομένου.
3258 4941 3275 4971 ι
3315 4920 3471 4975 Οὕτω
3516 4922 3725 4993 μεγίάη

2151 5009 2305 5080 ήτοῦ
2344 5011 2594 5081 Σωτῆρος
2623 5012 2780 5082 ἡμῶν
2805 5013 2967 5085 ἀρχὴ,
3004 5014 3096 5068 καὶ
3136 5015 3238 5086 τῆς
3291 5016 3510 5087 εἰρήνης
3564 5017 3727 5070 αὑτοῦ

2145 5106 2245 5158 ούκ
2277 5105 2390 5159 ἐστι
2420 5105 2604 5170 τέλος·
2641 5105 2995 5176 ἀτελεύτητος
3042 5106 3151 5177 γὰρ
3203 5107 3298 5160 καὶ
3350 5109 3574 5179 ἀγήρως
3635 5111 3730 5163 καὶ

2147 5199 2523 5272 ἀπερίγραφος
2554 5199 2692 5271 αὕτη
2721 5200 2976 5271 τυγχάνει
2996 5218 3008 5230 ο
3034 5201 3116 5253 διὸ
3144 5200 3420 5254 λέλεκται·
3461 5221 3480 5252 ι
3519 5202 3732 5254 Ἀνατε-

2145 5293 2228 5346 λεῖ
2259 5294 2316 5345 ἐν
2353 5296 2471 5356 ταῖς
2494 5292 2729 5366 ἡμέραις
2789 5291 2954 5346 αὐτοῦ
3010 5293 3320 5364 δικαιοσύνη
3374 5293 3470 5347 καὶ
3525 5293 3729 5364 πλῆθος

2148 5387 2390 5457 εἰρήνης.
2427 5405 2445 5437 ι

2215 5493 2234 5525 ‹
2289 5475 2411 5528 Ἐπὶ
2437 5475 2528 5528 τὸν
2563 5475 2750 5547 Θρόνον
2778 5476 2943 5531 Δαυῒδ
2969 5476 3062 5557 κα).
3098 5475 3194 5548 τήν
3236 5479 3507 5548 βασιλείαν
3537 5479 3726 5544 αὐτοῦ,

2151 5570 2493 5642 κατορθῶσαι
2516 5570 2704 5642 αὐτὴν,
2739 5571 2832 5624 καὶ
2864 5571 3248 5626 ἀντιλαϐέσθαι
3277 5575 3335 5626 ἐν
3373 5572 3598 5644 κρίματι
3635 5573 3729 5626 καὶ

2147 5665 2206 5717 ἐν
2233 5662 2564 5737 δικαιοσύνῃ.
2616 5663 2747 5716 Ἀπὸ
2786 5663 2879 5717 τοῦ
2925 5663 3022 5719 νῦν
3079 5664 3173 5718 καὶ
3215 5665 3294 5728 εἰς
3341 5663 3434 5719 τὸν
3486 5665 3654 5721 αἰῶνα
3696 5665 3728 5716 6
