4062 6400
383 381 488 439 155

1323 384 1830 444 COMMENTARIA
1870 388 1937 444 IN
1977 389 2236 447 lSAlAM.
2276 359 2344 433 ᾄ-
2381 386 2536 445 CAP.
2579 387 2668 444 IX.

3533 391 3640 446 154

381 499 543 570 ζῆλος
573 499 779 571 Κυρίου
813 498 1038 553 Σαϐαὼθ
1090 501 1302 572 ποιήσει
1367 502 1562 558 ταῦτα.
1601 522 1619 556 ι
1686 504 1854 576 Τήρει
1908 504 1958 560 δὲ

2069 506 2214 562 dicio
2264 513 2319 560 et
2362 503 2416 559 in
2447 501 2683 573 iustitia.
2731 501 2943 557 Amndo
2971 509 3027 557 et
3084 501 3137 556 in
3179 499 3437 557 saaculum
3490 503 3639 558 zelus

384 590 629 662 ἀκριϐῶς
659 591 806 655 ὅπως
844 593 944 644 οὐκ
993 592 1204 666 εἴρηται
1251 593 1683 666 καθεσθήσεσθαι
1726 595 1819 649 ιει
1867 596 1960 651 τὸν

386 683 573 755 θρόνον
605 682 768 737 Δαυῖδ
799 684 1155 748 ἁπλῶς,ἁλλὰ
1181 686 1274 739 καὶ
1301 687 1394 739 ἐπὶ
1427 688 1526 759 τὴν
1559 688 1832 759 βασιλείαν
1863 691 1962 743 αὐ-

383 769 504 831 τοῦ,
533 769 874 842 κατορθῶσαι
900 772 1066 843 αὑτήν
1085 790 1098 803 ·
1135 773 1290 845 ήμῶν
1325 778 1851 847 προσυπακουόντων
1897 779 1960 833 τὸ

387 863 540 932 ῆξειν
565 863 726 917 αὐτὸν
755 865 847 916 ἐπὶ
874 864 950 936 τῷ
983 865 1324 938 κατορθῶσαι
1352 867 1444 921 τὸν
1465 867 1651 939 θρόνον
1679 870 1842 923 Δαυῒδ
1865 872 1959 924 καὶ

389 955 488 1028 τὴν
501 957 703 1028 σκηνὴν
722 961 1088 1012 πεπτωκυῖαν.
1105 959 1322 1030 Ἐπειδὴ
1342 960 1452 1032 γὰρ
1472 961 1844 1033 κατέστραπτο
1867 963 1960 1016 καὶ

391 1046 667 1119 καθῄρητο
696 1050 729 1119 ἠ
757 1047 1001 1118 βασιλεία
1029 1049 1192 1103 Δαυῒδ
1215 1050 1324 1107 ἀπὸ
1355 1051 1464 1104 τῶν
1497 1051 1702 1123 χρόνων
1745 1052 1848 1122 τῆς
1879 1054 1960 1116 εἰς

390 1140 683 1194 Βαϐυλῶνα
723 1143 1093 1213 αἰχμαλωσίας
1124 1143 1216 1198 τοῦ
1248 1143 1378 1198 λαοῦ
1405 1162 1418 1175 ο
1463 1141 1600 1216 ἦσαν
1644 1146 1699 1198 δὲ
1745 1163 1958 1219 προφη-

389 1233 530 1306 τεῖαι
561 1231 910 1297 θεσπίζουσαν.
933 1233 1023 1286 τὸν
1059 1233 1247 1305 θρόνον
1286 1234 1448 1290 Δαυῒδ
1477 1236 1797 1308 διαλάμψειν
1843 1256 1958 1308 φω-

389 1322 481 1386 τὸς
511 1321 736 1393 ἡλιακοῦ
763 1322 917 1392 δίκην
946 1322 1065 1377 καθ’
1097 1322 1225 1394 ὅλης
1268 1323 1369 1393 τῆς
1417 1326 1739 1395 οἰκουμένης
1764 1342 1778 1356 ο
1828 1325 1961 1379 ταύο

388 1432 490 1485 την
512 1414 681 1486 αὐτὴν
715 1414 937 1486 ἐλήλυθε
992 1414 1087 1486 τὴν
1144 1417 1474 1485 ἐπαγγελίαν
1529 1417 1846 1489 πληρῶσαν
1893 1420 1958 1470 ὲκ

392 1506 702 1578 σπέρματος
732 1507 830 1578 μὲν
851 1505 1012 1560 Δαυῖδ
1038 1507 1176 1562 κατὰ
1203 1510 1380 1580 σάρκα
1404 1509 1757 1580 γεννώμενος,
1787 1528 1957 1564 κατα-

390 1596 618 1668 λάμπων
638 1598 694 1651 δὲ
724 1600 820 1662 τὰς
841 1598 950 1652 τῶν
983 1600 1484 1676 ἀνθρώπωνψυχάς
1503 1619 1515 1631 °
1563 1603 1656 1656 καὶ
1683 1601 1780 1673 τὴν
1809 1602 1960 1672 βασι-

388 1688 537 1744 λείαν
559 1689 721 1744 αὐτοῦ
753 1692 1032 1763 κρατύνων
1065 1692 1153 1747 διὰ
1177 1693 1393 1747 πάντων
1421 1693 1528 1747 τῶν
1561 1693 1682 1747 καθ’
1709 1695 1836 1765 ὅλην
1859 1693 1957 1766 τὴν

387 1784 712 1855 οἰκουμένην
738 1783 925 1838 ἐθνῶν.
974 1786 1062 1838 Ἐν
1081 1784 1289 1850 τούτοις
1316 1787 1424 1857 γὰρ
1454 1787 1544 1839 τὸν
1583 1786 1770 1858 θρόνον
1794 1785 1958 1840 Δαυῒδ

387 1874 732 1947 διωρθώσατο
764 1915 779 1941 ,
850 1876 1000 1948 παρὰ
1067 1877 1335 1942 Ἰουδαίοις
1393 1856 1796 1949 καθῃρημένον.
1849 1877 1958 1929 Καὶ
1989 1856 2030 1910 Β

385 1967 542 2023 τοῦτο
578 1967 811 2040 ἔπραξεν
833 1969 939 2021 ἀπὸ
966 1967 1058 2022 τοῦ
1089 1969 1184 2023 νῦν
1213 1970 1306 2023 καὶ
1365 1971 1444 2032 είς
1491 1969 1578 2022 τὸν
1600 1968 1772 2022 αἰῶνα
1798 1985 1811 1998 ο
1863 1967 1957 2020 τοῦ

389 2059 508 2130 μὲν,
542 2057 677 2112 «ἀπὸ
695 2058 787 2112 τοῦ
819 2059 966 2123 vim,»
998 2060 1353 2130 σημαίνοντος
1381 2061 1552 2130 ἀρχὴν
1581 2060 1775 2132 χρόνου
1830 2060 1960 2131 ὼριο

386 2151 693 2222 σμένην,δι’
725 2147 792 2222 ἧς
814 2153 842 2204 ό
869 2152 1054 2223 καιρὸς
1086 2151 1337 2224 ἐδηλοῦτο
1360 2153 1458 2224 τῆς
1515 2154 1595 2216 είς
1640 2150 1960 2224 ἀνθρώπους

386 2242 679 2313 ἐπιδημίας
717 2243 879 2297 αὑτοῦ
911 2262 925 2275 ·
981 2244 1076 2297 τοῦ
1123 2245 1200 2307 δὲ,
1260 2265 1278 2296 ι
1322 2245 1402 2307 είς
1454 2243 1545 2297 τὸν
1587 2243 1776 2307 αἰῶνα,
1806 2262 1825 2295 ι
1863 2243 1960 2315 τὴν

387 2335 612 2398 ἄπειρον
639 2336 732 2389 καὶ
781 2336 977 2406 διαρκῆ
1019 2336 1293 2406 βασιλείαν
1341 2335 1504 2391 αὐτοῦ
1558 2335 1957 2408 παριστῶντος.

389 2425 666 2496 Τηρητὲον
706 2427 782 2488 δὲ,
846 2427 988 2497 ὼςή
1053 2427 1150 2497 μὲν
1200 2426 1391 2498 πρώτη
1440 2427 1569 2497 περὶ
1625 2426 1719 2479 τοῦ
1749 2443 1963 2498 προφη-

384 2518 676 2588 τευομένου
701 2517 1003 2590 πρόρρησις
1038 2519 1100 2570 ἐκ
1135 2517 1410 2589 Παρθένου
1453 2516 1811 2588 τεχθήσεσθαι
1865 2517 1962 2569 αὐ-

384 2610 478 2664 τὸν
505 2609 723 2682 ἐδήλου·
775 2613 807 2682 η
850 2610 906 2663 δὲ
940 2610 1187 2682 δευτέρα,
1226 2610 1424 2663 ὡσανεὶ
1459 2609 1810 2680 ζητουμένου,
1845 2608 1962 2672 πῶς

387 2703 539 2755 ἔσται
571 2702 746 2764 τοῦτο,
777 2703 867 2756 τὸν
890 2701 1092 2773 Κύριον
1113 2702 1297 2773 εἰσῆγε
1319 2701 1562 2769 λέγοντα,
1599 2720 1616 2752 ι
1647 2701 1756 2753 Kal.
1794 2717 1963 2772 προσ-

383 2792 551 2864 ῆλθον
612 2793 753 2864 πρὸς
785 2793 884 2864 τὴν
925 2792 1193 2864 προφῆτιν
1220 2809 1233 2822 ·
1289 2793 1383 2845 καὶ
1433 2793 1491 2846 ἐν
1539 2793 1739 2863 γαστρὶ
1783 2791 1961 2856 ἔλαϐε,

384 2886 478 2938 καὶ
505 2885 689 2939 ἔτεκεν
711 2885 843 2937 υίόνο
879 2903 897 2936 ι
923 2887 954 2955 ή
980 2885 1037 2938 δὲ
1075 2885 1232 2955 τρίτη
1269 2883 1454 2938 οὐκέτι
1482 2885 1809 2956 μνημονεύει
1831 2885 1966 2956 κυή-

385 2995 524 3042 σεως
569 2977 924 3049 παρθενικῆς,
959 2976 1080 3029 οὐδὲ
1121 2975 1215 3029 τοῦ
1253 2975 1454 3047 τρόπου
1510 2974 1612 3044 τῆς
1651 2975 1792 3028 κατὰ
1833 2975 1965 3029 Θεὸν

384 3069 684 3140 παραδόξου
747 3068 1063 3138 συλλήψεως
1091 3083 1104 3098 ⁸
1163 3066 1258 3121 ἆτε
1324 3067 1387 3138 δὴ
1462 3066 1966 3138 προμεμαθηκότων

384 3158 540 3228 ἡμῶν
586 3156 790 3220 ταῦτα,
823 3158 949 3228 περὶ
1000 3155 1096 3209 τοῦ
1151 3155 1338 3220 παιδὸς
1390 3154 1558 3209 αὐτοῦ
1611 3154 1962 3228 διεξέρχεται,

2063 597 2276 654 Domini
2317 595 2560 652 Sabaoth
2615 594 2782 651 faciet
2828 595 2962 649 haec.
2999 614 3018 647 ι
3052 594 3319 650 Observes
3362 605 3639 656 accurate,

2064 707 2170 746 nou
2203 687 2527 758 simpliciter
2559 687 2766 742 dictum
2805 685 2970 742 fuisse
3011 688 3185 756 ipsum
3220 688 3272 741 in
3304 686 3501 740 throno
3536 683 3641 739 Da-

2060 787 2150 840 vid
2180 796 2455 840 sessurum
2496 793 2658 845 esse,
2701 779 2794 834 sed
2826 779 2988 834 etiam
3041 793 3204 848 super
3252 793 3475 848 regnum
3521 779 3638 847 ejus

2062 877 2128 931 ad
2167 873 2466 946 regendum
2495 870 2660 935 illud;
2695 871 2852 927 nobis
2878 871 3325 926 subaudientilius
3351 879 3636 924 venturum

2060 968 2212 1022 illum
2247 981 2370 1022 esse
2421 965 2488 1019 ad
2525 965 2941 1019 restaurandum
2988 962 3240 1017 thronum
3294 961 3541 1026 Davidis,
3583 971 3638 1014 et

2062 1059 2474 1114 tabernaculum
2513 1058 2649 1126 ejus,
2675 1059 2818 1126 quod
2856 1057 3061 1127 lapsum
3101 1055 3297 1109 fuerat.
3328 1053 3462 1120 Quia
3491 1055 3636 1108 enim

2059 1169 2092 1208 a
2128 1153 2464 1224 temporibus
2511 1149 2855 1221 Babylonica:
2908 1147 3244 1217 captivitatis
3279 1160 3528 1201 eversum
3583 1152 3640 1196 et

2060 1245 2331 1300 sublatum
2384 1243 2562 1298 fuerat
2614 1257 2842 1313 regnum
2901 1239 3162 1303 Davidis,
3226 1254 3289 1293 ac
3342 1237 3640 1306 prophetiae

2059 1338 2311 1400 aderant,
2343 1352 2463 1406 qua:
2512 1336 2953 1390 vaticinabantur
2991 1333 3246 1385 thronum
3295 1329 3512 1384 Davidis
3552 1342 3642 1382 so-

2059 1428 2188 1482 laris
2224 1426 2442 1482 luminis
2489 1427 2664 1481 instar
2714 1405 3110 1478 illustraturum
3157 1435 3280 1476 esse
3331 1429 3501 1474 totum
3547 1433 3641 1472 or-

2060 1519 2220 1583 hem;
2255 1519 2397 1573 hanc
2446 1517 2536 1574 ille
2578 1517 2994 1586 promissionem
3030 1512 3310 1584 impletum
3355 1511 3535 1578 venit,
3571 1525 3639 1564 ex

2059 1612 2270 1666 semine
2315 1611 2534 1682 quidem
2595 1611 2762 1664 David
2815 1608 3110 1664 secundum
3173 1618 3395 1659 carnem
3439 1615 3637 1665 natus,

2060 1703 2268 1756 animas
2309 1709 2485 1755 autem
2539 1701 2819 1754 hominum
2881 1696 3234 1758 illuminans,
3301 1709 3367 1748 ac
3415 1708 3637 1759 regnum

2060 1793 2177 1861 ejus
2211 1791 2349 1860 apud
2405 1804 2597 1844 omnes
2653 1791 2820 1844 totius
2855 1789 3006 1843 orbis
3055 1796 3241 1858 gentes
3286 1785 3636 1839 conﬁrmans.

2059 1883 2115 1936 In
2170 1884 2252 1936 his
2305 1882 2507 1951 quippe
2557 1896 2784 1950 regnum
2847 1877 3064 1932 Davidis
3106 1876 3315 1938 erexit,
3367 1890 3396 1926 a
3436 1871 3640 1928 Iudaeis

2057 1974 2350 2030 sublatum.
2398 1973 2462 2026 Et
2489 1973 2591 2028 hoc
2626 1971 2880 2041 prmstitit
2910 1971 2979 2025 ab
3030 1970 3133 2023 hoc
3179 1978 3421 2037 tempore
3463 1978 3636 2033 usque

2059 2068 2113 2120 in
2152 2065 2441 2128 saeculum;
2476 2064 2548 2117 ita
2583 2074 2640 2116 ut
2672 2063 2824 2127 illud,
2862 2079 2882 2112 ι
2915 2060 3144 2122 amodo,
3192 2077 3210 2110 ι
3246 2057 3458 2110 initium
3500 2065 3640 2108 tem-

2059 2157 2206 2226 poris
2235 2157 2515 2212 definitum
2556 2154 2848 2224 signiticet,
2892 2166 3000 2220 quo
3031 2159 3246 2220 tempus
3273 2150 3388 2217 ejus
3434 2149 3500 2202 ad
3543 2147 3642 2200 ho-

2060 2253 2232 2305 mines
2265 2253 2530 2304 adventus
2565 2247 2912 2311 declaratur;
2942 2244 3071 2298 illud
3107 2254 3312 2306 autem,
3355 2260 3375 2294 ι
3409 2243 3462 2295 in
3493 2256 3640 2294 sem-

2061 2346 2362 2414 piternum,
2412 2359 2431 2392 ι
2464 2338 2734 2394 inﬁnitum
2776 2353 2840 2392 ac
2891 2346 3213 2408 perpetuum
3263 2349 3488 2402 regnum
3525 2331 3642 2400 ejus

2061 2436 2324 2492 declarat.
2365 2417 2775 2488 Observandum
2816 2439 2994 2483 autem
3034 2437 3142 2491 est,
3192 2427 3422 2496 primam
3465 2425 3533 2478 de
3576 2439 3641 2477 eo

2061 2527 2151 2594 qui
2197 2527 2248 2580 in
2299 2525 2582 2596 pr0phetia
2630 2522 2832 2586 fertur,
2883 2519 3326 2590 praedictionem,
3375 2517 3522 2569 illum
3574 2531 3640 2568 ex

2063 2617 2283 2688 Virgine
2333 2615 2661 2670 nasciturum
2706 2627 2828 2668 esse
2869 2611 3185 2678 declarare;
3217 2606 3510 2663 secundam
3551 2621 3644 2659 ve-

2065 2726 2144 2771 ro,
2194 2724 2256 2763 ac
2296 2709 2340 2764 si
2394 2716 2704 2778 quaeratur,
2759 2720 2868 2775 quo
2912 2714 3073 2772 pacto
3128 2701 3178 2756 id
3229 2701 3470 2754 futurum
3533 2699 3639 2762 sit,

2064 2805 2239 2874 ipsum
2283 2801 2567 2855 Dominum
2639 2799 2722 2852 sic
2773 2798 3083 2866 loquentem
3161 2795 3439 2856 inducere,
3511 2808 3529 2841 ι
3575 2787 3643 2842 Et

2066 2893 2270 2948 accessi
2307 2891 2374 2945 ad
2427 2891 2868 2961 prophetissam:
2911 2893 2966 2944 'et
2997 2889 3048 2940 in
3090 2898 3243 2941 utero
3292 2881 3536 2951 accepit,
3589 2890 3645 2934 et

2065 2981 2528 3055 peperitFilium;
2573 2999 2591 3032 ι
2639 2981 2855 3034 tertiam
2901 2988 3115 3042 autem,
3160 2977 3460 3046 virgineum
3513 2987 3642 3042 par-

2069 3087 2182 3130 tum
2220 3092 2324 3130 non
2362 3075 2506 3128 ultra
2543 3087 2869 3138 memorare,
2901 3083 3078 3139 neque
3109 3069 3326 3124 modum
3363 3069 3646 3136 stupenda

2069 3166 2216 3220 illius
2249 3165 2543 3220 secundum
2593 3161 2763 3217 Deum
2820 3159 3214 3228 conceptionis,
3251 3167 3435 3227 utpote
3488 3157 3644 3211 nobis

387 3226 710 3304 παιδεύουσα
739 3226 991 3320 ήμᾶςντὰ
1011 3249 1296 3323 ἀπόρρητα
1328 3251 1426 3320 τῆς
1458 3248 1588 3320 περὶ
1639 3226 1804 3302 αὐτοῦ
1839 3249 1958 3302 θεο-

2063 3259 2204 3313 hanc
2253 3272 2365 3312 rem
2411 3255 2521 3324 jam
2553 3255 2797 3320 eductis;
2851 3254 2945 3307 sed
2979 3254 3044 3305 de
3097 3249 3237 3305 Filio
3278 3249 3445 3317 ipsius
3478 3247 3642 3300 verba

385 3343 589 3413 λογίαςο
617 3343 786 3396 ταῦτα
836 3342 894 3395 δὲ
923 3342 1100 3396 πάντα
1139 3342 1265 3413 περὶ
1303 3341 1398 3394 τοῦ
1441 3342 1694 3412 τυχόντος
1745 3341 1955 3396 παιδίου

382 3435 653 3503 λέγεσθαι,
683 3435 782 3488 οὐκ
819 3428 935 3488 οἴδα
967 3435 1086 3498 πῶς
1116 3435 1437 3506 συστήσαιεν
1464 3436 1513 3487 οἱ
1537 3435 1602 3489 ἐκ
1635 3437 1955 3506 περιτομῆς,

386 3526 460 3598 μὴ
492 3525 800 3597 βουλόμενοι
836 3525 1238 3597 παραδέξασθαι
1265 3527 1354 3580 τὸν
1398 3527 1662 3599 ἡμέτερον
1707 3527 1954 3599 Σωτῆρα,

381 3612 427 3688 ᾧ
455 3621 524 3673 τὰ
546 3619 681 3690 ἔργα
709 3621 992 3691 μαρτυρεῖ,
1027 3621 1120 3673 καὶ
1151 3620 1259 3674 τῶν
1301 3621 1693 3693 πραγμάτωνή
1737 3620 1957 3684 ἔκϐασις

383 3713 506 3774 τοὺς
535 3711 726 3778 λόγους
759 3711 1232 3784 ἐπισφραγίζεται.
1288 3732 1306 3764 ι
1371 3714 1539 3784 Ζῆλος
1587 3713 1792 3784 Κυρίου
1851 3714 1957 3766 Σα-

382 3802 531 3856 ϐαὼο
562 3804 775 3874 ποιήσει
809 3802 1004 3856 ταῦτα.
1047 3823 1064 3854 ι
1098 3805 1254 3867 Ποίος
1283 3803 1474 3876 ζῆλος,
1511 3804 1542 3876 ἦ
1575 3805 1635 3858 ὂν
1686 3805 1957 3875 ἐζήλωσεν

381 3893 585 3962 ἀγαθόν
619 3895 712 3948 καί
762 3894 909 3964 αὐτῷ
949 3894 1248 3966 πρέποντα,
1287 3897 1368 3958 εἰς
1409 3895 1469 3948 τὸ
1525 3896 1693 3949 σῶσαι
1750 3896 1957 3961 πάντας

381 3987 508 4049 τοὺς
541 3985 645 4038 ὑπὸ
695 3985 788 4039 τοῦ
820 3986 1067 4040 διαϐόλου
1111 3987 1708 4053 καταδυναστευθέντας
1727 4028 1742 4054 ,
1764 3989 1858 4043 καὶ
1879 3991 1958 4052 εἰς

382 4076 648 4146 ἀθεότητα
677 4094 879 4131 κατασυ
889 4079 1080 4149 ρέντας
1098 4096 1110 4142 ;

458 4375 477 4408 ι
507 4356 745 4410 Θάνατον
804 4355 1089 4410 ἀπέστειλε
1160 4355 1364 4426 Κύριος
1417 4357 1507 4412 ἐπὶ
1583 4357 1808 4420 Ἰακὼϐ,
1863 4358 1957 4410 καὶ

380 4446 542 4520 ἦλθεν
571 4450 665 4503 ἐπὶ
701 4451 951 4520 Ἰσραήλ·
1003 4451 1097 4504 καὶ
1144 4450 1442 4520 γνώσονται
1481 4451 1589 4514 πᾶς
1617 4453 1645 4503 ὁ
1691 4449 1818 4513 λαός
1861 4450 1954 4503 τοῦ

395 4540 650 4613 Ἐφραῒμ,
710 4542 801 4595 καὶ
838 4543 886 4594 οἰ
920 4542 1214 4613 καθήμενοι
1249 4545 1305 4596 ὲν
1353 4543 1634 4615 Σαμαρείᾳ
1664 4544 1746 4611 ἐφ’
1803 4542 1954 4615 ’ύϐρει

384 4636 476 4688 καὶ
507 4635 681 4708 ὑψηλῇ
708 4635 925 4707 καρδία,
979 4636 1253 4704 λέγοντες·
1291 4637 1507 4690 Πλίνθοι
1565 4637 1948 4690 πεπτώκασιν·

380 4726 515 4781 ἀλλὰ
537 4727 690 4781 δεῦτε
720 4727 1062 4798 λαξεύσωμεν
1095 4728 1274 4792 λίθους
1307 4769 1322 4790 ,
1353 4730 1448 4781 καὶ
1480 4728 1733 4799 κόψωμεν
1783 4746 1951 4782 συκα-

385 4820 591 4889 μίνους.
629 4821 721 4873 καὶ
741 4820 984 4891 κέδρους,
1015 4819 1111 4871 καὶ
1129 4819 1569 4890 οἰκοδομήσωμεν
1595 4820 1802 4882 ἑαυτοῖς
1819 4819 1955 4891 πύρ-

379 4929 538 4980 γον.»
585 4912 740 4965 Ἤτοι
780 4915 829 4964 οἰ
879 4912 975 4983 τὴν
1034 4912 1345 4986 Σαμάρειαν
1403 4913 1695 4976 οἰκοῦντες,
1743 4913 1956 4984 Ἰσραὴλ

378 5002 824 5074 χρηματίζοντες,
848 5004 943 5057 καὶ
977 5003 1104 5067 λαός
1141 5004 1234 5057 τοῦ
1272 5003 1512 5076 Ἐφραῒμ
1544 5005 1952 5075 ὀνομαζόμενοι,

378 5095 464 5148 διὰ
488 5093 549 5147 τὸ
577 5094 955 5167 βασιλευθῆναι
983 5095 1089 5149 ὑπὸ
1107 5096 1216 5149 τῶν
1241 5098 1304 5149 ἐκ
1331 5095 1505 5165 φυλῆς
1553 5096 1646 5149 τοῦ
1692 5096 1952 5168 Ἐφραῒμ,

359 5185 728 5257 -χλευάζοντες
777 5189 868 5240 καὶ
929 5187 1350 5252 ἐξευτελίζοντες
1405 5188 1504 5258 τὴν
1569 5187 1953 5259 Ἰερουσαλὴμ,

379 5277 616 5342 πλίνθοις
674 5279 876 5348 ταύτην
927 5279 1162 5347 ἔφασκον
1217 5280 1653 5351 οἰκοδομεῖσθαι,
1710 5280 1804 5334 καὶ
1854 5279 1952 5344 τὰς

381 5371 576 5439 στέγας
624 5373 766 5441 ἔχειν
815 5391 834 5422 ι
876 5373 982 5425 ἀπὸ
1014 5373 1326 5444 συκαμίνων
1360 5393 1378 5424 ι
1435 5373 1466 5444 ἢ
1533 5392 1550 5423 ι
1578 5373 1895 5442 συκομόρων
1928 5391 1947 5424 ι

379 5465 523 5521 κατὰ
549 5466 673 5529 τοὺς
693 5466 911 5529 λοιποὺς
939 5467 1300 5536 ἐρμηνευτὰς.
1328 5463 1440 5519 Εἶθ’
1472 5465 1545 5530 ὡς
1579 5465 1733 5518 αὐτοὶ
1753 5463 1956 5534 βελτίο-

379 5575 446 5612 να
478 5557 628 5610 πόλιν
659 5557 1160 5621 κατασκευάσοντες
1184 5600 1198 5622 ,
1232 5556 1631 5628 ἐπηγγέλλοντο
1668 5555 1756 5609 διὰ
1793 5555 1955 5609 λίθων

382 5650 587 5716 ξυστῶν
624 5650 718 5703 καὶ
748 5649 952 5720 κέδρων
988 5651 1378 5722 οἰκοδομήσειν,
1419 5650 1514 5703 καὶ
1535 5649 1656 5703 ἀντὶ
1696 5647 1793 5702 τοῦ
1825 5647 1954 5702 ναοῦ

377 5741 473 5794 τοῦ
521 5742 580 5794 ὲν
631 5740 985 5812 Ἰερουσαλὴμ
1033 5741 1238 5813 πύργον
1284 5742 1496 5805 ἐαυτοῖς
1529 5741 1852 5813 ἀναστήσειν
1896 5742 1956 5792 ἐν

380 5833 699 5900 Σαμαρείαο
758 5833 836 5887 διὸ
887 5835 975 5888 καί
1043 5834 1223 5898 ἐπειδὴ
1283 5835 1502 5888 τοιαῦτα
1559 5834 1954 5901 τετολμήκασιν

2065 3352 2286 3411 facere,
2344 3361 2550 3416 nosque
2603 3345 2652 3398 in
2714 3343 2997 3412 tlieologim
3053 3342 3169 3408 ejus
3219 3341 3438 3394 arcanis
3487 3338 3643 3392 insti-

2064 3451 2237 3493 tuere.
2289 3438 2560 3492 Caiterum
2606 3438 2794 3489 nescio
2837 3448 2948 3503 quo
2995 3443 3156 3502 pacto
3198 3432 3231 3485 ii
3282 3431 3372 3500 qui
3422 3445 3487 3484 ex
3538 3430 3644 3483 cir-

2059 3531 2399 3588 cumcisione
2430 3539 2572 3594 sunt,
2622 3528 2735 3582 haec
2787 3527 2852 3581 de
2904 3525 3111 3594 vulgari
3159 3537 3327 3592 puero
3380 3521 3483 3576 dici
3533 3530 3646 3576 sta-

2062 3634 2244 3687 tuant,
2277 3623 2525 3678 uolentes
2553 3620 2846 3676 admittere
2877 3618 3220 3671 Salvatorem
3251 3624 3524 3676 nostrum,
3553 3611 3642 3667 cui

2062 3721 2177 3788 ipsa
2201 3731 2367 3787 opera
2407 3713 2780 3768 testimonium
2817 3711 3082 3771 alierum,
3132 3723 3252 3761 cum
3292 3717 3521 3760 eventus
3555 3720 3645 3758 rc-

2062 3825 2181 3863 rum
2229 3820 2511 3862 sermones
2576 3804 2843 3869 obsiguet.
2889 3819 2907 3851 ι
2945 3800 3104 3855 Zelus
3147 3798 3358 3853 Domini
3403 3796 3642 3852 Sabaoth

2061 3903 2223 3958 faciet
2258 3902 2393 3955 bzec.
2441 3917 2459 3948 ι
2505 3897 2637 3964 Quis
2670 3896 2819 3951 zelus
2862 3895 2962 3973 nisi
3001 3893 3089 3949 ille
3129 3893 3303 3947 bonus
3342 3900 3397 3945 et
3445 3889 3644 3946 conde-

2059 4010 2210 4060 cens,
2255 4007 2365 4062 quo
2400 3992 2491 4047 ille
2530 3992 2789 4046 incensus
2822 3997 2926 4052 est,
2967 3987 3033 4041 ad
3083 3985 3313 4038 salutem
3361 3983 3428 4036 iis
3469 3980 3646 4035 ontui—

2061 4089 2162 4144 bus
2192 4087 2514 4158 parandam,
2563 4086 2654 4154 qui
2692 4083 2793 4137 sub
2841 4081 3080 4135 dominio
3129 4077 3329 4133 diaboli
3369 4083 3558 4139 erant,
3588 4083 3645 4128 et

2063 4181 2116 4236 in
2150 4179 2485 4249 impietatem
2540 4174 2804 4247 pertracti
2852 4171 3114 4228 fuerant?

2135 4363 2296 4420 Vens.
2345 4361 2503 4419 8-10.
2534 4379 2553 4414 ι
2591 4360 2818 4416 Mortem
2853 4359 3003 4413 misit
3030 4356 3291 4412 Dominus
3333 4365 3494 4423 super
3547 4347 3642 4407 Ja-

2061 4456 2187 4524 cob,
2233 4465 2289 4510 et
2341 4456 2494 4510 venit
2548 4467 2714 4520 super
2758 4451 2969 4506 lsrael:
3019 4458 3074 4504 et
3124 4455 3414 4517 cognoscet
3466 4442 3640 4497 omnis

2061 4549 2293 4621 populus
2341 4546 2599 4617 Ephraim
2628 4584 2643 4608 ,
2707 4553 2763 4597 et
2815 4541 2906 4612 qui
2961 4541 3150 4595 sedent
3193 4539 3248 4592 in
3294 4537 3540 4590 Samaria
3587 4533 3640 4586 in

2062 4637 2391 4694 contumelia
2423 4645 2478 4690 et
2522 4635 2633 4689 alto
2667 4632 2850 4695 corde,
2901 4632 3184 4686 dicentes:
3231 4627 3454 4681 Lateres
3500 4624 3644 4678 ceci-

2063 4734 2296 4795 derunt;
2340 4731 2434 4785 sed
2479 4728 2686 4793 venite,
2718 4727 2963 4782 dolemus
2992 4722 3216 4792 lapides,
3270 4729 3324 4774 et
3369 4717 3641 4771 czedamus

2064 4825 2374 4897 sycaminos
2404 4833 2459 4878 et
2492 4823 2706 4883 cedros,
2737 4829 2791 4874 et
2817 4818 3150 4874 :edilicemus
3179 4813 3334 4868 nobis
3366 4809 3580 4865 turrim.
3615 4827 3634 4861 ι

2064 4920 2118 4974 Id
2158 4929 2263 4984 est,
2305 4917 2340 4971 ii
2392 4916 2483 4985 qui
2538 4914 2840 4970 Samariam
2903 4908 3172 4970 incolunt,
3225 4903 3388 4959 Israel
3428 4917 3639 4956 nuncu-

2061 5013 2194 5082 pati,
2237 5021 2292 5065 et
2319 5009 2551 5081 pupulas
2583 5005 2840 5076 Ephraim
2871 4999 3075 5062 vocati,
3116 4998 3241 5068 quia
3289 4996 3509 5066 regibus
3539 4995 3638 5048 tri-

2059 5107 2160 5161 bus
2210 5102 2466 5174 Ephraim
2511 5101 2713 5156 subditi
2756 5106 2944 5160 erant,
2987 5095 3274 5148 irridentes
3307 5099 3362 5144 et
3407 5087 3638 5156 vilipen-

2060 5199 2252 5252 dentes
2279 5193 2606 5254 Jerusalem,
2641 5192 2810 5260 ipsam
2848 5203 2914 5241 ex
2949 5185 3210 5241 lateribus
3251 5188 3520 5235 structam
3556 5175 3639 5229 di-

2056 5287 2287 5348 cebant,
2338 5297 2402 5336 ac
2445 5281 2650 5350 tegulas
2703 5277 2902 5333 habere
2945 5292 3010 5330 ex
3047 5273 3354 5345 sycaminis,
3393 5270 3509 5324 sive
3550 5281 3637 5321 se-

2055 5374 2293 5428 cundum
2331 5373 2566 5441 reliquos
2601 5372 2944 5437 interpretes,
2981 5379 3045 5420 ea:
3079 5361 3405 5435 sycomoris,
3442 5357 3634 5412 factas.

2060 5466 2260 5521 Deinde
2288 5479 2444 5527 vero,
2479 5477 2544 5518 ac
2589 5464 2632 5518 si
2677 5462 2751 5516 illi
2799 5458 3232 5531 prrestantioreiu
3270 5453 3458 5507 urbem
3491 5460 3637 5505 stru-

2061 5557 2202 5612 cturi
2234 5564 2451 5620 essent,
2494 5569 2614 5609 eam
2647 5569 2714 5609 ex
2745 5553 2934 5608 incisis
2963 5548 3234 5618 lapidibus
3260 5554 3316 5600 et
3349 5559 3416 5598 ex
3457 5541 3637 5597 cedria

2061 5663 2123 5705 se
2167 5647 2532 5702 :ediflcaturos
2582 5660 2704 5702 esse
2755 5643 3191 5715 pollicebantur:
3237 5648 3292 5693 et
3347 5633 3531 5702 templi
3580 5633 3633 5684 in

2059 5737 2358 5793 Jerusalem
2394 5738 2589 5793 stantis
2625 5737 2774 5802 loco,
2827 5738 3021 5788 turrim
3071 5732 3175 5787 sibi
3209 5729 3547 5784 excitatums
3581 5725 3632 5774 iu

2062 5828 2342 5896 Samaria;
2383 5829 2506 5886 ideo
2537 5828 2665 5900 quia
2698 5826 2771 5882 illi
2815 5827 2867 5882 in
2905 5833 3109 5881 tantam
3147 5818 3515 5888 arrogantiam
3545 5828 3637 5868 re.
