4062 6396
475 349 584 406 156

1185 337 1460 398 EUSEBII
1497 337 1978 396 CESARIENSIS
2013 337 2165 396 OPP.
2205 337 2388 394 PARS
2425 337 2514 394 Ill.
2551 366 2623 380 —-
2657 333 3070 392 EXEGETICA.

3623 332 3721 388 156

477 466 598 518 nire
646 457 764 516 ausi
827 457 1082 521 fuerant,
1125 455 1384 526 deinceps
1430 456 1797 510 comminatur
1839 455 1920 511 eis
1967 456 2053 510 his

2170 452 2684 514 ὶπαυθοδιάσασθαι.
2710 450 2921 506 ἀπειλεῖ
2958 449 3140 510 αὐτοῖς
3191 444 3314 517 ἑξῆς
3358 447 3388 500 6
3421 443 3575 514 λόγος
3622 447 3728 515 cpti—

408 563 410 566 '
477 553 661 610 verbis
687 571 701 608 :

553 645 714 700 Vnus.
745 645 800 698 2.
847 660 867 694 ι
902 641 966 696 Ει
1011 641 1223 712 franget
1262 641 1401 696 Deus
1449 655 1567 706 eos,
1625 641 1718 710 qui
1755 641 2050 712 insurgunt

477 751 641 806 super
685 743 924 788 montem
969 731 1124 796 Sion,
1155 741 1212 786 et
1255 731 1507 786 inimicos
1550 731 1852 802 dissipabit.
1903 750 1924 785 ι
1957 731 2056 784 Se-

478 829 715 884 cundum
761 826 1046 881 historiam
1081 824 1260 890 enim,
1292 824 1438 894 quia,
1479 824 1690 893 inquit,
1733 824 1770 878 ii
1823 822 1916 893 qui
1955 823 2056 878 Sa—

479 921 706 976 mariam
765 917 1076 972 incolebant
1125 917 1254 971 talia
1293 915 1412 972 ausi
1468 925 1616 978 sunt.
1661 927 1714 971 et
1751 916 2058 985 petulanter

477 1013 716 1083 agebant
743 1019 933 1065 contra
975 1020 1212 1064 montem
1244 1007 1400 1075 Sion,
1441 1017 1498 1062 et
1535 1021 1726 1064 contra
1767 1009 1928 1062 Deum
1959 1009 2057 1062 ῑιιῑ-

477 1115 602 1168 dem
642 1111 882 1172 cultum:
929 1125 1024 1166 eos
1083 1123 1178 1174 se,
1228 1108 1384 1178 quasi
1431 1124 1500 1164 ex
1553 1124 1750 1180 magna
1789 1111 2060 1180 superbia:

477 1202 802 1258 celsitudine
859 1200 1244 1268 depressurum
1299 1208 1355 1254 et
1405 1199 1708 1256 fractarum
1755 1202 2059 1258 commina-

481 1305 590 1351 tur.
637 1293 674 1347 Ii
717 1292 917 1364 quippe
963 1292 1056 1361 qui
1099 1301 1290 1346 contra
1347 1301 1588 1346 montem
1639 1293 1770 1350 Sion
1824 1296 2061 1352 insurre-

479 1399 706 1456 xerunt,
751 1390 917 1445 etiam
972 1387 1026 1442 in
1089 1389 1266 1457 ipsum
1331 1387 1502 1442 Deum
1565 1389 1729 1458 impie
1783 1392 2059 1462 agebant:

479 1497 620 1551 quos
655 1497 716 1537 se
745 1480 1158 1536 humiliatarum
1201 1489 1260 1534 et
1297 1477 1704 1535 confracturum
1743 1493 1864 1536 esse
1894 1482 2060 1549 dicit;

481 1587 584 1626 nec
615 1571 764 1642 ipsos
807 1570 986 1634 solos,
1033 1571 1128 1626 sed
1177 1569 1344 1625 etiam
1396 1569 1648 1626 inimicos
1683 1569 1801 1639 ejus
1831 1572 2065 1644 dissipa-

483 1675 662 1716 turum
701 1675 857 1718 esse:
888 1661 1206 1732 signiﬁcans
1231 1674 1327 1715 eos
1352 1675 1418 1716 ex
1455 1660 1741 1725 Damasco,
1775 1663 1864 1731 qui
1893 1664 2064 1719 Israe-

2153 562 2323 600 σκων*
2451 583 2456 588 -

2231 661 2250 692 ι
2281 639 2390 694 Καὶ
2427 638 2578 711 ράξει
2601 639 2630 690 6
2661 637 2795 702 Θεδς
2825 637 2950 700 τοὺς
2996 631 3464 704 ἐπανισταμένους
3518 632 3612 685 ἐπὶ
3667 633 3730 686 τὸ

2155 735 2281 806 ὄρος
2307 734 2466 796 Σιὼν,
2498 733 2594 784 καὶ
2645 731 2772 793 τοὺς
2823 729 3050 802 ἐχθροὺς
3097 725 3454 780 διασκεδάσει.
3503 743 3522 776 ι
3573 724 3731 778 Κατά

2155 827 2285 896 γοῦν
2313 825 2410 896 τὴν
2437 824 2696 896 ἱστορίαν,
2721 821 2928 894 ἐπειδὴ,
2959 821 3144 892 φησὶν,
3180 820 3229 872 οἰ
3271 819 3371 889 τὴν
3421 818 3736 888 Σαμάρειαν

2157 917 2432 980 οἰκοῦντες
2463 915 2686 972 τοιαῦτα
2707 913 3094 985 τετολμήκασι,
3122 911 3215 966 καὶ
3267 909 3738 982 κατεθρασύνοντο

2158 1011 2300 1066 κατά
2329 1010 2422 1064 τοῦ
2457 1009 2614 1082 ὅρους
2640 1007 2799 1070 Σιὼν,
2833 1006 2928 1060 καὶ
2960 1005 3100 1060 κατά
3147 1001 3240 1056 τοῦ
3289 1005 3348 1056 ὲν
3391 1003 3540 1074 αὐτῷ
3568 1021 3740 1074 τιμω-

2162 1100 2322 1172 μένου
2349 1097 2510 1161 Θεοῦ,
2543 1097 2619 1161 ὼς
2659 1097 2768 1150 ἀπὸ
2803 1096 3038 1168 μεγάλου
3095 1094 3262 1164 ὕψους
3315 1093 3414 1162 τῆς
3455 1093 3744 1163 ὑπερηφα-

2159 1193 2306 1257 νείας
2340 1191 2518 1247 αὐτῶν
2567 1189 2920 1244 ταπεινώσειν
2986 1188 3076 1242 καὶ
3123 1185 3485 1257 καταρράξειν
3541 1186 3743 1248 αὐτοὺς

2159 1285 2394 1340 ἀπειλεῖ.
2425 1285 2563 1348 Τοὺς
2595 1281 2704 1355 γάρ
2731 1282 2824 1335 ἐπὶ
2855 1280 2916 1333 τὸ
2941 1280 3065 1352 ὅρος
3091 1278 3228 1331 Σιὼν
3277 1277 3744 1346 ἐπανισταμένους

2160 1380 2246 1432 ἐπ’
2280 1378 2444 1432 αὐτὸν
2475 1377 2565 1430 τὸν
2599 1376 2730 1429 Θεὸν
2762 1373 2979 1430 ἀσεϐεῖν
3031 1372 3342 1425 συνέϐαινεν
3363 1388 3374 1400 ·
3408 1369 3495 1433 οὓς
3548 1387 3746 1424 ταπει-

2162 1470 2354 1524 νώσειν
2376 1469 2468 1523 καὶ
2496 1467 2680 1539 ρἀειν
2707 1466 2893 1538 φησὶν,
2919 1463 2980 1516 οὐ
3015 1463 3228 1534 μόνους,
3255 1459 3388 1514 ἀλλά
3415 1461 3509 1512 καὶ
3537 1458 3748 1520 πάντας

2159 1563 2287 1628 τοὺς
2315 1562 2541 1633 ἐχθροὺς
2569 1557 2734 1614 αὐτοῦ
2767 1554 3168 1633 διασκεδάσειν
3205 1553 3482 1623 σημαίνων
3532 1551 3660 1616 τοὺς
3685 1553 3750 1603 ὲν

2163 1632 2440 1727 Δαμασκῷ
2509 1649 2934 1723 συμμαχοῦντας
3003 1632 3081 1716 τῷ
3146 1644 3360 1718 Ἰσραὴλ
3396 1683 3412 1708 ,
3467 1643 3610 1698 κατά
3675 1641 3754 1696 τὰ

479 1760 546 1814 lis
583 1759 982 1814 commilitones
1023 1765 1178 1814 erant
1201 1795 1217 1822 ,
1273 1765 1334 1810 ut
1371 1756 1520 1826 prius
1555 1757 1812 1812 traditqu
1847 1769 1950 1812 est.
1988 1760 2066 1813 Ac

2170 1746 2477 1818 ἔμπροσθεν
2511 1741 2898 1812 ἀποδεδομένα.
2920 1739 3030 1792 Kal
3061 1738 3267 1802 πάντας
3287 1739 3344 1792 δὲ
3373 1740 3498 1802 τοὺς
3531 1740 3596 1791 ὲκ
3637 1737 3758 1790 τῶν

481 1850 724 1913 reliquos
753 1864 945 1906 omnes
975 1851 1067 1918 qui
1103 1859 1290 1904 contra
1339 1855 1577 1902 montem
1619 1847 1752 1904 Sion
1791 1859 1846 1904 et
1877 1860 2066 1904 coetra

2170 1836 2375 1890 λοιπῶν
2395 1831 2859 1902 ἐπανισταμένους
2889 1830 2969 1900 τῷ
3013 1830 3128 1902 ὄρει
3155 1828 3314 1893 Σιὼν,
3373 1828 3568 1899 καὶτῷ
3627 1827 3758 1898 Θεῷ

481 1934 650 1990 Deum
696 1937 894 1991 ibidem
938 1938 1144 1990 cultum
1195 1935 1629 2000 insurrexerunt,
1687 1951 1746 1992 se
1775 1937 2068 2007 dissipatu-

483 2043 601 2081 rum
647 2041 770 2082 esse
816 2027 1138 2096 pollicetur:
1191 2041 1258 2080 es
1297 2041 1528 2096 quorum
1579 2043 1810 2084 numero
1846 2029 1938 2082 alii
2003 2045 2068 2084 ex

479 2121 693 2175 oriente
737 2131 915 2186 erant,
944 2119 1034 2175 alii
1071 2135 1135 2175 ex
1163 2135 1359 2176 occasu
1389 2121 1543 2186 solis,
1573 2121 1736 2177 medii
1769 2133 1950 2176 autem
1977 2138 2068 2176 eo-

485 2227 603 2266 rum
638 2211 813 2268 Graeci
859 2221 1039 2267 erant.
1095 2209 1158 2266 lli
1209 2213 1410 2267 etenim
1465 2227 1656 2269 omnes
1707 2224 2066 2269 memoratum

485 2305 741 2360 Israelem
777 2303 937 2375 pleno
965 2319 1062 2360 ore
1103 2307 1450 2370 devorantes.
1483 2315 1646 2375 atque
1673 2305 1725 2359 in
1757 2321 1912 2360 suum
1955 2306 2070 2360 ido-

487 2397 716 2453 lolatria!
739 2411 983 2453 errorem
1002 2398 1342 2467 deﬁcientes,
1374 2415 1434 2456 se
1455 2401 1541 2468 iis,
1573 2400 1664 2470 qui
1695 2409 1883 2456 contra
1912 2417 2068 2455 mon-

487 2502 594 2545 tetu
651 2489 782 2544 Sion
822 2490 1197 2561 insurgebant,
1250 2491 1607 2546 auxiliaturos
1635 2506 1700 2546 ac
1747 2493 2069 2548 commilito-

485 2597 583 2637 nes
612 2595 800 2636 eorum
831 2581 1046 2638 futuros
1071 2597 1196 2639 esse
1223 2584 1634 2654 promittebant.

559 2675 723 2731 Vens.
757 2675 944 2732 16-15.
985 2693 1003 2726 ι
1044 2673 1110 2728 Et
1139 2675 1359 2730 abstulit
1399 2676 1660 2730 Dominus
1685 2676 1752 2730 ab
1779 2675 1946 2738 Israel
1979 2693 2068 2730 ca-

487 2777 582 2834 put
618 2776 673 2820 et
727 2767 984 2829 caudam,
1035 2781 1288 2836 magnum
1337 2775 1394 2822 et
1429 2782 1653 2836 parvum
1706 2768 1758 2820 in
1795 2783 1902 2820 una
1947 2769 2070 2830 die,

485 2873 645 2913 senes
671 2867 726 2912 et
757 2873 850 2912 eos
879 2857 970 2928 qui
1006 2859 1216 2912 vultum
1259 2859 1622 2924 admirantur,
1669 2859 1772 2912 hoc
1797 2868 1883 2913 est
1930 2861 2074 2928 prin-

485 2949 726 3018 cipium;
763 2959 817 3003 et
872 2949 1192 3018 prepltetam
1247 2951 1529 3004 docentem
1585 2951 1797 3020 iniqua,
1855 2951 1947 3006 hic
1991 2964 2070 3006 est

487 3041 682 3096 cauda.
729 3059 748 3092 ι
785 3041 890 3094 Pro
922 3039 1050 3105 illo,
1092 3058 1112 3091 ι
1145 3040 1382 3095 Abstulit
1419 3042 1679 3098 Dominus
1715 3044 1782 3096 ab
1813 3040 2008 3109 Israel,
2049 3064 2068 3097 ι

489 3133 706 3203 Aquila,
745 3151 766 3184 ‹
808 3133 874 3186 Ει
904 3133 1094 3203 perdet
1133 3133 1428 3200 Dominus;
1466 3152 1484 3184 ι
1523 3132 1885 3204 Symmachus
1916 3151 2068 3194 vero.
2099 3165 2141 3220 ρ

495 3243 514 3275 ι
557 3221 622 3277 Et
657 3221 932 3292 tlisperdet
974 3221 1268 3289 Dominus;
1317 3241 1336 3274 ι
1376 3222 1713 3290 Theodotio,
1761 3244 1780 3277 ε
1821 3225 1886 3279 Ει
1921 3226 2073 3278 aufe-

492 3326 612 3381 ret,
667 3331 688 3367 ι
749 3315 803 3370 in
849 3312 1031 3368 futuro
1085 3311 1370 3379 dixerunt;
1429 3317 1584 3386 quasi
1635 3317 1774 3372 Deus
1823 3318 1936 3371 haec
1987 3317 2070 3371 fa-

487 3416 677 3458 cturus
715 3405 818 3458 sit:
869 3419 990 3473 quae
1029 3415 1153 3458 ante
1199 3416 1454 3460 eventum
1501 3407 1789 3475 praedicit,
1827 3417 1887 3460 ut
1919 3406 2074 3460 audi-

495 3507 640 3550 tores
669 3496 735 3550 ad
775 3496 1154 3566 pa-uiteutiam
1189 3507 1466 3566 provocet,
1513 3513 1580 3552 ne
1627 3514 1748 3568 quae
1778 3498 2074 3552 commina-

491 3597 580 3643 tur
621 3587 752 3658 ipsis
783 3589 1057 3644 eveniant.
1087 3589 1208 3646 Una
1255 3606 1418 3660 porro
1448 3589 1534 3646 die
1573 3606 1633 3646 se
1673 3591 1930 3661 pradicta
1958 3605 2073 3644 om-

495 3677 604 3744 uia,
643 3693 764 3747 quae
795 3679 1012 3748 quidem
1064 3678 1352 3749 perspicua
1411 3690 1580 3747 sunt,
1631 3681 1904 3736 facturum
1955 3697 2076 3736 esse

489 3767 644 3834 dicit,
693 3769 744 3822 id
801 3779 904 3834 est,
937 3783 1044 3823 uno
1081 3771 1388 3840 eodemque
1427 3779 1688 3841 tempore.
1732 3771 1868 3827 Cum
1896 3782 2072 3826 autem

491 3859 622 3914 dicit
665 3869 824 3929 caput
871 3871 927 3916 et
965 3861 1236 3928 caudam,
1285 3862 1505 3916 brutum
1539 3863 1744 3917 animal
1775 3864 2071 3934 signiﬁcat;

493 3950 546 4002 itl
575 3951 774 4022 quippe
813 3967 918 4007 non
961 3953 1245 4007 hominum
1277 3955 1558 4022 propriqu
1607 3963 1712 4022 est,
1762 3957 1904 4024 quod
1947 3973 2075 4010 cau-

493 4043 618 4096 dam
675 4043 933 4108 habeant,
983 4045 1078 4099 sed
1131 4045 1416 4098 brutorum
1466 4045 1824 4100 animalium:
1875 4047 2076 4116 quibus

495 4133 749 4204 populum
799 4135 1033 4190 similem
1087 4150 1209 4190 esse
1253 4135 1426 4188 dicit:
1489 4137 1573 4191 vel
1633 4148 1799 4207 caput
1845 4149 1899 4193 et
1945 4155 2075 4192 catt-

496 4227 648 4290 dam,
687 4225 1070 4281 rationabilem
1112 4235 1167 4280 et
1223 4225 1692 4292 lrratiouabilem;
1743 4227 2073 4298 principem,

491 4318 770 4372 subditum
819 4325 874 4372 et
909 4316 1156 4371 ultimum
1197 4327 1393 4372 vocat:
1437 4319 1584 4388 quod
1632 4319 1796 4374 etiam
1853 4320 1936 4374 sic
1979 4319 2076 4375 de-

495 4408 732 4462 rlaravit
769 4409 977 4472 dicens,
1021 4425 1040 4459 ι
1079 4422 1336 4477 maguum
1383 4419 1438 4464 et
1477 4425 1726 4480 parvum.
1763 4429 1782 4464 ι
1821 4410 1927 4466 Pro
1961 4413 2074 4476 illo,

2167 1925 2248 1996 τῷ
2280 1923 2514 1980 ἐνταῦθα
2547 1921 2844 1995 τιμωμένῳ
2869 1961 2882 1984 ,
2910 1920 3285 1974 διασκεδάσειν
3317 1919 3716 1990 ἐπαγγέλλεται
3739 1937 3768 1950 ’-

2169 2013 2244 2072 ὧν
2298 2018 2349 2070 οἰ
2410 2016 2510 2087 μὲν
2556 2011 2696 2086 ἦσαν
2749 2011 3056 2067 ἀνατολικοί
3085 2030 3250 2076 τινες,
3285 2015 3332 2066 oi
3367 2012 3424 2066 δὲ
3476 2012 3566 2081 ἀφ’
3601 2011 3760 2082 ἡλίου

2171 2111 2416 2182 δυσμῶν,
2452 2109 2610 2180 μέσοι
2635 2107 2692 2160 δὲ
2717 2105 2924 2159 τούτων
2963 2106 3012 2158 οἰ
3049 2105 3329 2176 Ἕλληνες.
3394 2105 3602 2168 Πάντες
3643 2105 3776 2173 γὰρ-

2169 2198 2334 2266 οῦτοι,
2351 2202 2444 2256 τὸν
2477 2199 2842 2271 προλεχθέντα
2870 2197 3088 2270 Ἰσραὴλ
3115 2197 3222 2268 ὅλῳ
3265 2195 3344 2268 τῷ
3369 2197 3598 2267 στόματι
3624 2215 3762 2250 κατ-

2173 2295 2448 2358 εσθίοντες
2481 2294 2576 2348 καὶ
2607 2292 3038 2355 καταϐάλλοντες
3065 2291 3158 2344 ἐπὶ
3191 2290 3288 2360 τὴν
3342 2290 3440 2359 τῆς
3469 2289 3764 2344 εἰδωλολα-

2169 2390 2358 2462 τρείας
2386 2387 2596 2442 ἑαυτῶν
2621 2389 2850 2458 πλάνην.
2886 2387 3100 2456 βοηθεῖν
3130 2384 3225 2438 καὶ
3253 2387 3560 2456 συμμαχεῖν
3583 2385 3764 2454 ὲπηγ-

2170 2479 2420 2548 γέλλοντο
2503 2481 2616 2542 τοῖς
2691 2475 3143 2546 ἐπανισταμένοις
3209 2475 3352 2530 κατὰ
3424 2473 3520 2528 τοῦ
3593 2473 3766 2545 ὅρους

2171 2570 2328 2624 Σιών.

2249 2683 2267 2714 t
2307 2661 2416 2716 Kal
2466 2661 2654 2730 ἀφεῖλε
2685 2659 2890 2732 Κύριος
2933 2659 3040 2712 ἀπὸ
3086 2657 3302 2730 Ἰσραὴλ
3357 2658 3596 2730 κεφαλὴν
3657 2658 3768 2712 καὶ

2173 2755 2360 2827 οὐρὰν,
2408 2753 2580 2824 μέγαν
2605 2754 2698 2806 καὶ
2734 2753 2927 2823 μικρὸν
2963 2755 3019 2804 ὲν
3048 2753 3146 2822 μιᾷ
3177 2753 3382 2824 ἡμέρᾳ,
3443 2750 3767 2822 πρεσϐύτην

2173 2848 2420 2908 καὶτοὺς
2473 2845 2544 2898 τὰ
2591 2845 2860 2916 πρόσωπα
2901 2842 3299 2914 θαυμάζοντας,
3347 2842 3484 2914 αῦτη
3523 2844 3766 2914 ήάρχή-

2175 2938 2268 2990 καὶ
2311 2937 2596 3008 προφήτην
2645 2935 2957 2990 διδάσκοντα
3011 2935 3220 3004 ἄνομα,
3257 2929 3412 2998 οὗτος
3459 2937 3492 3006 ή
3535 2935 3692 3006 capti.
3737 2957 3768 2988 ι

2189 3030 2332 3082 Ἀντὶ
2383 3028 2564 3098 μέντοι
2611 3025 2727 3092 τοῦ,
2769 3027 3021 3095 ιἈφεῖλε
3055 3026 3258 3098 Κύριος
3300 3027 3407 3080 ἀπὸ
3453 3027 3696 3098 Ἰσραὴλ,
3739 3045 3760 3078 s

2175 3124 2204 3175 6
2232 3121 2329 3192 μὲν
2374 3120 2626 3184 Ἀκύλας,
2663 3139 2680 3171 ι
2703 3121 2798 3174 καὶ
2823 3119 3131 3192 όλοθρεύσει
3155 3119 3360 3189 Κύριος
3379 3136 3392 3150 ·
3419 3139 3439 3170 ι
3473 3122 3502 3173 6
3532 3120 3586 3172 δὲ
3619 3119 3689 3172 Σύ
3699 3139 3768 3190 μ-

2177 3232 2370 3286 μαχος,
2427 3233 2444 3263 r
2487 3214 2597 3266 Καὶ
2655 3211 3024 3284 ὲξολοθρεύσει
3075 3211 3310 3283 Κύριος⁹
3353 3230 3373 3265 ο
3427 3211 3456 3264 6
3487 3211 3542 3264 δὲ
3565 3211 3770 3266 Θεοδο-

2171 3307 2322 3370 τίων,
2349 3325 2366 3358 ι
2393 3306 2500 3358 Καὶ
2525 3305 2738 3374 ἀφελεῖ,
2766 3325 2784 3358 ι
2824 3303 3158 3376 μελλητικῶς
3175 3307 3458 3376 εἰρήκασιν
3475 3322 3490 3336 ·
3519 3304 3596 3368 ὡς
3633 3303 3768 3374 μέλ-

2172 3397 2357 3461 λοντος
2394 3397 2566 3451 ταῦτα
2617 3399 2864 3468 ποιήσειν
2895 3396 2988 3450 τοῦ
3034 3395 3168 3450 Θεοῦ
3193 3414 3206 3427 ·
3242 3397 3278 3451 ἃ
3329 3398 3458 3469 πρὶν
3503 3396 3768 3465 γενέσθαι

2175 3489 2450 3560 προλέγει,
2477 3490 2826 3557 ἐπιστρέφων
2856 3493 2936 3554 εἰς
2970 3491 3256 3562 μετάνοιαν
3285 3492 3412 3554 τοὺς
3465 3491 3764 3562 ἀκροωμέ-

2173 3601 2315 3648 νους,
2341 3584 2416 3647 ὡς
2444 3583 2510 3637 ἂν
2557 3583 2630 3655 μὴ
2661 3583 2885 3636 πάθοιεν
2907 3584 2975 3637 τὰ
3001 3585 3388 3654 ἀπειλούμενα.
3451 3584 3538 3636 Ἑν
3571 3584 3766 3656 ἡμέρᾳ⁸

2171 3676 2230 3730 δὲ
2263 3677 2362 3746 μιᾷ
2395 3692 2526 3747 φησι
2576 3676 2754 3728 πάντα
2813 3677 3062 3746 ποιήσειν
3103 3676 3172 3730 τὰ
3207 3675 3576 3748 προλεχθέντα
3607 3678 3764 3748 σαφῆ

2173 3765 2508 3834 τυγχάνοντα
2529 3783 2541 3794 ·
2573 3765 2846 3820 τουτέστιν
2873 3767 2962 3835 ὑφ’
2993 3766 3088 3820 ἕνα
3115 3768 3206 3819 καὶ
3234 3768 3324 3822 τὸν
3345 3765 3508 3822 αὐτὸν
3543 3767 3763 3836 καιρόν.

2173 3859 2432 3928 Κεφαλήν
2459 3858 2514 3911 δὲ
2541 3860 2634 3912 καὶ
2673 3860 2839 3931 οὐρὰν
2873 3861 3040 3914 εἰπὼν
3063 3899 3076 3923 ,
3106 3860 3323 3931 ᾐνίξατο
3357 3861 3494 3925 ζῶον
3523 3862 3718 3929 ἄλογον
3745 3877 3760 3891 ·

2173 3952 2236 4004 οὐ
2267 3951 2374 4019 γὰρ
2399 3951 2700 4024 ἀνθρώπων
2733 3952 2882 4015 ἴδιον,
2913 3952 3049 4006 ἀλλά
3077 3952 3230 4018 ζώων
3257 3953 3465 4022 ἀλόγων
3497 3955 3557 4006 τὸ
3587 3954 3762 4024 οὐρὰν

2173 4042 2316 4112 ἔχειν
2342 4061 2355 4073 ·
2386 4039 2467 4107 οἷς
2515 4044 2604 4097 τὸν
2656 4044 2782 4098 λαὸν
2831 4045 3190 4114 ἀφωμοίωσεν
3212 4063 3224 4076 ⁸
3281 4045 3312 4115 ἢ
3371 4045 3611 4118 κεφαλήν
3661 4047 3770 4099 καὶ.

2173 4137 2362 4206 οὐρὰν,
2385 4137 2476 4190 τὸν
2506 4137 2720 4206 λογικὸν
2758 4139 2852 4190 καὶ
2875 4137 2935 4190 τὸ
2962 4137 3175 4206 ἄλογον,
3205 4137 3238 4210 ἢ
3275 4139 3364 4192 τὸν
3389 4139 3624 4210 ἄρχοντα
3660 4140 3770 4192 καὶ

2172 4227 2264 4281 τὸν
2312 4229 2631 4299 ἀρχόμενον,
2663 4230 2757 4282 καὶ
2791 4229 3050 4297 ἔσχατον·
3077 4229 3104 4282 ὃ
3163 4229 3228 4301 δὴ
3289 4231 3380 4284 καὶ
3430 4230 3770 4302 διεσάφησεν

2173 4317 2364 4382 εἰπὼν,
2406 4338 2422 4368 ι
2464 4319 2636 4390 μέγαν
2685 4322 2779 4373 καὶ
2817 4321 3031 4392 μικρόν.
3066 4341 3086 4372 ι
3139 4323 3282 4374 Ἀντὶ
3313 4321 3368 4374 δὲ
3397 4321 3514 4385 τοῦ,
3579 4341 3598 4372 t
3625 4323 3766 4386 τοὺς

2173 4411 2240 4466 τὰ
2260 4411 2526 4484 πρόσωπα
2559 4411 2960 4483 θαυμάζοντας,
2997 4433 3014 4466 ι
3058 4415 3086 4467 ό
3119 4413 3434 4486 Σύμμαχος,
3473 4434 3492 4466 ‹
3525 4415 3619 4468 καὶ
3663 4415 3762 4467 αἰο-

499 4520 520 4552 t
565 4501 654 4568 qui
697 4500 878 4554 vultus
934 4500 1302 4566 admirantur,
1343 4520 1362 4552 ι
1399 4502 1781 4573 Symmachus,
1829 4521 1850 4554 ι
1891 4511 1946 4557 et
1986 4519 2071 4558 ve-

2171 4503 2412 4574 δέσιμον,
2441 4523 2459 4556 t
2490 4505 2818 4576 ἡρμήνευσε.
2845 4507 2956 4558 Καὶ
2983 4499 3136 4569 οὗτος
3161 4501 3254 4560 οὖν
3283 4509 3312 4560 6
3351 4505 3629 4578 αἰδέσιμος
3659 4507 3758 4560 καὶ

500 4593 833 4656 uerabiletu,
881 4609 901 4644 ι
943 4591 1340 4663 interpretatus
1375 4605 1479 4648 est.
1535 4594 1634 4648 Hic
1673 4609 1804 4665 ergo
1851 4610 2076 4652 venera-

498 4681 625 4738 bilis
653 4691 707 4736 et
736 4697 926 4749 senex,
959 4695 1120 4752 caput
1157 4699 1282 4738 esse
1323 4693 1532 4752 potest;
1567 4686 1737 4738 cauda
1793 4701 1922 4740 vero
1953 4701 2077 4756 pro-

2169 4597 2198 4648 6
2221 4595 2532 4666 πρεσϐύτης
2559 4595 2783 4650 δύναται
2811 4593 2948 4650 εἶναι
2987 4600 3020 4668 ή
3065 4598 3308 4667 κεφαλή·
3358 4601 3390 4668 ἠ
3447 4599 3503 4652 δὲ
3541 4599 3676 4670 οὐρὰ
3723 4599 3760 4654 ὁ.

2169 4689 2435 4744 διδάσκων
2464 4690 2640 4760 ἄνομα
2671 4691 2976 4762 προφήτης,
3017 4691 3180 4744 οἱονεὶ
3214 4691 3407 4759 ἀλόγου
3431 4689 3570 4754 ζώου
3593 4691 3760 4762 ἐσχα-

499 4772 656 4844 pbeta
693 4773 787 4843 qui
839 4773 1028 4846 iniqua
1077 4775 1260 4840 docet,
1303 4775 1397 4844 qui
1432 4775 1586 4843 quasi
1646 4777 1788 4830 bruti
1827 4777 2071 4833 animalis

2173 4795 2264 4832 τον
2297 4778 2454 4849 μέλος
2485 4779 2763 4852 ὑπάρχων.
2800 4780 3284 4852 ’Δςραιρεθήσεσθαι
3304 4783 3482 4834 τοίνυν
3510 4784 3756 4847 τούτους,

499 4869 746 4923 ultimum
785 4872 1089 4926 membrum
1141 4880 1240 4927 est.
1282 4869 1392 4925 llos
1436 4871 1604 4937 igitur
1641 4873 1709 4926 de
1765 4875 1940 4928 medio
1987 4875 2082 4928 tol-

499 4957 718 5022 lendos,
774 4969 940 5029 atque
1009 4973 1116 5014 uno
1183 4967 1426 5025 tempore
1471 4961 1917 5016 externtinaudos
1959 4978 2079 5018 esse

499 5049 898 5104 intermittatur.

572 5138 736 5198 Vens.
765 5141 848 5198 18.
888 5161 906 5193 ι
948 5143 1013 5197 Et
1042 5147 1401 5202 succendetur
1427 5145 1582 5220 quasi
1605 5145 1746 5214 ignis
1771 5146 2030 5215 iniquitas
2059 5166 2072 5202 :

497 5243 552 5288 ct
581 5235 736 5303 quasi
785 5250 1008 5305 gramen
1057 5235 1262 5292 siccum
1319 5239 1671 5294 devorabitur
1713 5239 1782 5294 ab
1835 5239 1976 5307 igne.
2011 5238 2077 5292 Et

497 5325 858 5380 succendetur
875 5327 926 5380 in
947 5325 1094 5380 densi
1105 5328 1300 5384 tatibus
1323 5330 1514 5395 saltus,
1527 5339 1584 5384 et
1598 5328 1877 5384 devorabit
1893 5329 2073 5384 omnia

499 5432 624 5472 ante
655 5417 862 5472 circqu
885 5417 1048 5474 colles
1075 5429 1222 5474 sunt.
1265 5439 1285 5473 ι
1323 5422 1394 5476 Se
1437 5431 1496 5475 ut
1527 5423 1730 5477 bonum
1764 5422 2070 5476 animarum

501 5509 817 5579 agricolam,
841 5511 958 5566 haec
985 5510 1126 5566 factu
1137 5528 1252 5568 rum
1271 5527 1392 5570 esse
1410 5516 1770 5571 comminatur
1792 5515 2072 5580 Dominus;

506 5618 564 5656 ut
590 5603 847 5670 Eniquitas
879 5618 1073 5660 corum
1107 5604 1350 5660 deleatur
1388 5607 1561 5662 instar
1588 5607 1771 5663 herbae
1808 5607 2076 5662 silvestris

503 5696 569 5748 ab
595 5695 715 5762 igne
741 5694 1054 5766 absumpta.

583 5784 746 5844 Vsus.
787 5787 974 5846 19-91.
1014 5807 1033 5842 t
1059 5787 1283 5858 Propter
1309 5789 1543 5846 furorem
1571 5791 1662 5847 ira:
1691 5791 1898 5847 Domini
1929 5807 2077 5848 com-

2171 4872 2268 4924 καὶ
2301 4871 2846 4944 ὲξολοθρευθήσεσθαι
2875 4875 2963 4944 ὑφ’
3000 4875 3094 4927 ἕνα
3129 4875 3318 4946 καιρὸν
3349 4877 3378 4928 6
3401 4875 3558 4944 λόγος
3591 4876 3756 4929 ἀπει-

2175 4962 2276 5016 λεῖ.

2259 5167 2276 5198 r
2319 5148 2428 5200 Kal
2447 5147 2782 5216 καυθήσεται
2812 5147 2886 5210 ὡς
2917 5146 3028 5217 πῦρ
3053 5149 3084 5217 ή
3107 5147 3329 5218 ἀνομία,
3359 5148 3452 5200 καῖ¹
3475 5147 3550 5210 ὡς
3577 5147 3754 5218 ἄγρω-

2183 5257 2300 5302 στις
2338 5239 2476 5311 ξηρά
2516 5239 2854 5310 βρωθήσεται
2893 5239 2999 5292 ὑπὸ
3037 5241 3228 5311 πυρός.
3265 5242 3375 5294 Καὶ
3417 5241 3750 5310 καυθήσεται

2179 5335 2239 5386 ὲν
2271 5337 2381 5396 τοῖς
2409 5333 2595 5386 δάσεσι
2622 5332 2716 5386 τοῦ
2745 5333 2974 5405 δρυμοῦ,
3013 5335 3108 5387 xal
3153 5333 3636 5404 συγκαταφάγεται
3681 5335 3752 5388 τὰ
3785 5325 3842 5404 εχ

2181 5425 2365 5494 κύκλῳ
2394 5424 2500 5478 τῶν
2539 5424 2739 5494 βουνῶν
2770 5427 2966 5480 πάντα.
3007 5446 3026 5478 ›
3059 5427 3312 5498 Ποιήσειν
3343 5427 3402 5480 δὲ
3449 5426 3640 5488 ταῦτα,
3675 5425 3754 5490 ὡς

2179 5517 2382 5585 ἀγαθὸς
2409 5515 2594 5587 ψυχῶν
2631 5519 2894 5587 γεωργὸς,
2930 5520 2958 5570 ό
2991 5519 3193 5590 Κύριος
3225 5517 3467 5572 ἀπειλεῖ·
3509 5519 3594 5572 ἵνα
3623 5521 3655 5588 ἠ
3691 5519 3752 5572 ὲν

2179 5612 2362 5674 αὐτοῖς
2411 5610 2608 5680 ἀνομία
2651 5611 2923 5682 ἀφανισθῇ
2971 5611 3126 5684 δίκην
3175 5610 3472 5683 ὑλομανοῦς
3523 5611 3750 5683 βοτάνης

2181 5699 2286 5753 ὑπὸ
2319 5698 2488 5769 πυρὸς
2522 5699 2974 5770 ἀναλισκομὲνης.

2259 5807 2276 5838 t
2319 5786 2416 5840 Διὰ
2445 5786 2612 5857 θυμὸν
2643 5788 2810 5858 ὀργῆς
2841 5789 3042 5860 Κυρίου
3073 5791 3438 5859 συγκέκαυται
3461 5792 3494 5860 ἡ
3527 5789 3602 5858 τῆ
3629 5788 3752 5856 ὅλη,

3141 5945 3170 5970 ο
