4062 6400
387 410 488 466 157

1349 401 1855 461 COMMENTARIA
1893 397 1961 455 IN
1999 393 2258 452 lSAlAM.
2298 421 2368 435 -—
2404 385 2557 444 CAP.
2597 380 2643 438 Χ

3502 369 3607 426 158

377 528 472 581 καὶ
523 524 676 579 ἔσται
719 527 748 579 ὁ
795 525 923 587 λαὸς
961 523 1038 587 ὡς
1085 523 1566 593 κατακεκαυμένος
1613 522 1720 575 ὑπὸ
1762 520 1954 593 πυρός.

2075 520 2217 567 insta
2253 517 2337 564 est
2365 500 2869 559 universaterra,et
2895 491 3003 545 erit
3041 485 3271 559 populus
3298 484 3452 554 quasi
3485 496 3610 539 suc-

381 618 702 691 ’Δνθρωπος
734 618 825 671 τὸν
856 616 1081 686 ἀδελφὸν
1113 615 1278 670 αὐτοῦ
1310 616 1410 668 οὐκ
1436 615 1666 686 ὲλεήσει’
1700 612 1836 668 ἀλλά
1862 614 1956 665 ὲκ-

380 711 553 765 κλινεῐ
580 710 662 773 είς
688 708 758 763 τά
785 708 955 773 δεξιά,
983 708 1067 761 ὅτι
1100 707 1345 762 πεινάσει
1369 708 1463 761 καὶ
1492 705 1724 776 φάγεται
1757 706 1822 758 ὲκ
1848 703 1957 757 τῶν

2059 617 2253 659 census
2275 601 2342 653 ab
2371 598 2513 667 igne.
2549 590 2693 645 Hnno
2716 586 2904 641 fratris
2929 582 3012 638 sui
3055 595 3163 636 non
3214 575 3562 632 miserebitur
3593 591 3609 628 :

2058 696 2154 751 sed
2189 687 2486 747 declinabit
2511 684 2579 739 ad
2607 682 2885 741 dateram,
2921 674 3047 746 quia
3079 672 3303 735 esuriet,
3337 678 3394 723 et
3422 680 3607 723 come-

2075 785 2201 839 leta
2239 776 2498 841 sinistris,
2531 781 2587 827 et
2609 786 2689 825 nu
2726 766 3065 824 saturabitur
3108 763 3270 817 homo
3314 757 3608 814 comedens

2329 870 2342 875 -
2459 866 2475 875 .
2502 864 2534 875 ..
2655 863 2663 874 .
2761 854 3053 875 ,μμ-4,,
3115 854 3257 875 “,m
3329 847 3606 875 “unum

380 894 480 957 τὰς
510 893 716 966 σάρκας
746 891 843 945 τοῦ
887 891 1169 964 βραχίονος
1198 890 1390 944 αὐτοῦ.
1424 891 1662 959 Φάγεται
1693 889 1805 962 γάρ
1835 889 1959 944 Μα-

381 979 587 1050 νασσῆς
616 980 711 1033 τοῦ
757 979 1017 1052 Ἔφραῖμ,
1044 980 1140 1033 καὶ
1173 978 1413 1051 Ἐφραίμ
1438 980 1531 1033 τοῦ
1559 980 1848 1051 Μανασσῆ,
1878 982 1960 1035 ὅτι

385 1071 501 1142 ἀμα
527 1070 949 1142 πολιορκήσουσι
976 1070 1067 1124 τὸν
1100 1069 1324 1147 Ἰούδαν.
1373 1072 1498 1125 Ἐπὶ
1535 1070 1746 1135 τούτοις
1796 1073 1962 1127 πᾶσιν

383 1165 484 1217 οὐκ
514 1164 839 1235 ἀπεστράφη
883 1165 912 1217 ὁ
957 1162 1148 1235 θυμὸς,
1182 1163 1296 1217 ἀλλ’
1332 1163 1412 1217 ἔτι
1459 1166 1492 1234 ή
1532 1164 1652 1236 χεὶρ
1691 1163 1892 1236 ὑψηλή.
1938 1183 1957 1216 ι

394 1257 486 1319 Ὧς
517 1255 885 1326 ἑπαναστῆναι
925 1253 1151 1323 ἀδελφὸν
1197 1253 1440 1325 ἀδελφῷ,
1474 1255 1568 1308 καὶ
1615 1253 1821 1325 μηδένα
1866 1254 1962 1308 τοῦ

385 1347 557 1411 πέλας
586 1346 879 1416 φείσασθαι
904 1363 918 1378 ’
954 1346 1162 1409 πάντας
1193 1345 1249 1399 δὲ
1278 1345 1527 1418 ἀλλήλοις
1561 1345 1868 1419 χρήσασθαι
1890 1346 1965 1411 ὡς

386 1440 667 1512 πολεμίοις
687 1457 702 1468 ·
744 1439 822 1503 ὡς
853 1439 932 1503 είς
970 1436 1225 1492 τοσοῦτον
1271 1438 1486 1492 ἐλάσειν
1523 1439 1965 1511 ἀναφλεγομένην

387 1530 572 1597 αὐτοῖς
614 1532 713 1605 τὴν
751 1531 888 1603 πρὸς
919 1531 1171 1601 ἀλλήλοις
1203 1532 1414 1598 στάσιν,
1447 1533 1541 1587 καὶ
1570 1532 1664 1586 τὸν
1701 1532 1966 1605 ἐμφύλιον

385 1625 645 1696 πόλεμον,
671 1623 748 1689 ὡς
774 1624 867 1678 καὶ
897 1623 995 1687 τάς
1016 1622 1110 1677 δύο
1136 1623 1328 1693 φυλάς,
1350 1624 1450 1696 τὴν
1474 1623 1569 1678 τοῦ
1606 1623 1844 1697 Ἐφραίμ
1872 1623 1969 1680 καὶ

385 1714 486 1787 τὴν
505 1713 598 1769 τοῦ
621 1714 911 1786 Μανασσῆ,
939 1712 998 1779 ἐξ
1031 1713 1148 1778 ἑνὸς
1178 1715 1383 1787 πατρὸς
1407 1717 1701 1788 γενομένας
1722 1716 1819 1770 τοῦ
1858 1718 1970 1772 Ἰω-

2060 888 2255 933 carnes
2329 864 2535 925 brachii
2612 863 2687 915 sti.
2761 854 3057 912 Devorabit
3109 854 3258 906 enim
3329 847 3609 903 Manasses

2062 963 2340 1038 prraim,
2375 971 2432 1016 et
2459 954 2690 1028 Ephrain
2741 951 3051 1013 Manassen,
3089 943 3218 1015 quia
3251 937 3413 996 simul
3463 936 3611 992 obsi-

2063 1031 2263 1116 debuut
2286 1053 2505 1109 ludam.
2547 1050 2606 1102 In
2637 1046 2694 1100 bs
2723 1040 2975 1099 omnibus
3005 1053 3114 1092 non
3146 1049 3341 1090 aversa
3377 1040 3463 1087 est
3488 1031 3568 1085 ira
3590 1068 3608 1093 ,

2064 1152 2157 1207 sed
2188 1148 2366 1204 adhuc
2402 1155 2595 1197 manus
2623 1137 2836 1193 ezcelsa.
2881 1151 2901 1187 ι
2935 1133 3014 1187 Ita
3053 1140 3113 1185 ut
3143 1129 3390 1197 insurgat
3440 1124 3611 1178 frater

2066 1244 2119 1298 in
2143 1242 2388 1301 fratrem,
2424 1250 2490 1289 ac
2526 1245 2668 1286 nemt
2688 1228 2937 1298 proximo
2967 1237 3067 1278 suo
3114 1230 3304 1291 parcat
3336 1235 3351 1272 :
3385 1228 3611 1271 omnes-

2064 1349 2173 1405 que
2202 1338 2386 1387 mutuo
2417 1332 2585 1396 agant
2606 1320 2907 1384 utinintici,
2934 1318 3008 1371 ita
3036 1324 3094 1368 ut
3118 1321 3306 1368 coorta
3334 1319 3390 1365 et
3415 1309 3614 1363 ardens

2069 1403 2213 1480 inter
2263 1429 2523 1488 utrosque
2580 1413 2772 1476 sedtio,
2812 1419 2867 1463 et
2899 1406 3061 1462 civile
3121 1403 3321 1460 bellum
3348 1415 3414 1455 eo
3443 1411 3615 1468 usque

2066 1515 2265 1582 veniat,
2293 1520 2353 1566 ut
2372 1511 2491 1566 dure
2519 1506 2622 1561 illa:
2660 1504 2804 1558 tibus
2830 1492 3083 1570 prraitn
3114 1505 3170 1549 et
3200 1491 3506 1554 Manasses,
3545 1501 3614 1541 ex

2069 1621 2177 1664 uno
2203 1615 2356 1677 patre
2374 1599 2579 1670 Joseph
2597 1606 2729 1660 orte,
2758 1609 2825 1649 ac
2872 1590 2973 1647 sub
2997 1588 3188 1645 eodem
3216 1595 3383 1677 regno
3411 1582 3615 1677 degen-

2071 1711 2173 1762 tes,
2201 1668 2364 1766 atque
2393 1668 2558 1748 unam
2583 1689 2918 1756 eandemque
2945 1681 3135 1736 urbem
3193 1674 3494 1731 incolentes
3515 1668 3618 1725 Sa-

390 1761 520 1879 σήφ,
563 1808 668 1861 ὑπὸ
701 1804 799 1877 τὴν
838 1761 1011 1878 aii-ch;
1058 1761 1219 1872 ὄντας
1254 1761 1825 1880 βάσῖλέίανῗᾯίάνέ
1875 1761 1970 1864 ξιῖιι

2075 1761 2325 1851 mat-iam,
2348 1794 2538 1840 contra
2575 1795 2635 1837 se
2666 1788 2826 1834 nutuo
2863 1776 3170 1845 insurgant,
3197 1783 3262 1823 ac
3292 1764 3514 1822 brachia
3535 1761 3617 1817 iu-

2288 1878 2299 1880 -
2587 1874 2597 1880 -
2656 1872 2687 1880 --
2835 1878 2842 1880 μ
2946 1865 2969 1880 .
3031 1866 3044 1880 .
3195 1859 3470 1880 ,μμ-η-.-
3553 1866 3617 1880 ,,

386 1902 488 1970 τὴν
514 1900 683 1970 αὐτὴν
729 1898 885 1952 πόλιν
919 1899 1201 1963 οἰκοῦντας
1223 1900 1558 1973 Σαμάρειαν,
1584 1900 1841 1973 ἀλλήλαις
1875 1902 1971 1955 s1:-

388 1990 708 2063 avao'cﬁvat,
736 1992 830 2045 καὶ
852 1991 980 2055 τοὺς
1013 1990 1255 2059 ἀλλήλων
1285 1991 1572 2062 βραχίονας
1600 1995 1966 2062 καταφαγεῖν·

394 2084 593 2157 μηκέτι
642 2084 738 2156 μὲν
790 2082 1148 2163 σχολάζοντας
1186 2082 1265 2153 τῷ
1309 2084 1447 2137 κατὰ
1516 2083 1677 2138 ’ἰούδα
1729 2084 1969 2156 πολέμῳ,

396 2176 531 2246 μηδὲ
560 2177 629 2247 τῇ
658 2174 944 2246 πολιορκίᾳ
973 2174 1074 2245 τῆς
1111 2174 1487 2255 Ἰερουσαλὴμ,
1522 2174 1644 2228 καθ’
1679 2174 1886 2229 ἑαυτῶν
1915 2174 1973 2227 δὲ

392 2268 764 2339 ἀκονήσαντας
781 2265 849 2319 τὰ
872 2264 1078 2320 ἑαυτῶν
1094 2264 1245 2337 ξίφη,
1269 2268 1493 2330 ἑαυτοὺς
1513 2266 1970 2338 διαχειρίσασθαι,

397 2359 492 2413 καὶ
519 2358 581 2424 ἐξ
608 2357 908 2430 ἀνθρώπων
933 2358 1213 2427 ἀφανίσαι.

937 2452 1335 2505 ΚΕΦΑΛΑΙΟΝ
1373 2453 1429 2507 1⁸.

472 2564 491 2597 ι
531 2542 669 2598 Οὐαὶ
704 2546 821 2607 τοῖς
871 2543 1143 2614 γράφουσι
1184 2543 1467 2614 πονηρίαν·
1516 2543 1820 2614 γράφοντες
1866 2541 1975 2616 γάρ

397 2636 662 2707 πονηρίαν
722 2633 1045 2706 γράφουσιν·
1096 2634 1436 2697 ἐκκλίνοντες
1482 2634 1663 2706 κρίσιν
1720 2634 1971 2705 πτωχῶν.

398 2723 735 2798 ἁρπάζοντες
766 2726 940 2795 κρῖμα
964 2725 1212 2794 πενήτων
1232 2722 1327 2776 τοῦ
1357 2722 1487 2778 λαοῦ
1520 2740 1642 2796 μου·
1669 2722 1809 2778 ὥστε
1834 2721 1975 2779 εἶναι

397 2815 584 2880 αὐτοῖς
614 2815 789 2886 χήραν
815 2814 896 2877 είς
923 2811 1253 2886 διαρπαγὴν,
1288 2815 1383 2868 καὶ
1409 2815 1644 2887 ὀρφανὸν
1674 2817 1755 2880 είς
1783 2834 1977 2889 προνο-

400 2908 528 2981 μήν.
572 2925 592 2959 ι
637 2905 745 2959 Τοῦ
791 2904 1124 2976 καλουμένου
1155 2901 1249 2959 οὖν
1303 2907 1539 2981 Ἰσραὴλ,
1572 2908 1717 2978 λέγω
1762 2909 1828 2983 δή
1880 2910 1975 2964 τοῦ

401 2999 531 3054 λαοῦ
553 2998 663 3052 τῶν
707 2997 971 3051 Ἰουδαίων
1003 2999 1063 3051 εν
1097 2998 1382 3071 Σαμαρείᾳ
1409 2998 1848 3072 βασιλευομένου,
1882 3005 1978 3058 καὶ

396 3090 570 3144 ταῦτα
593 3089 730 3163 πρὸς
754 3092 867 3153 τοῖς
890 3089 1178 3161 προτέροις
1206 3091 1235 3143 ό
1256 3089 1448 3162 παρὼν
1468 3091 1626 3160 λόγος
1657 3096 1974 3166 κατηγορεῖ,

402 3184 624 3244 φάσκων
661 3180 857 3244 αὐτοὺς
886 3179 1026 3251 πρὸς
1057 3178 1174 3251 ἔριν
1203 3181 1299 3234 καὶ
1345 3179 1679 3250 φιλονεικίαν
1718 3181 1828 3236 τῶν
1877 3183 1976 3247 τάς

402 3273 621 3346 ἀληθεῖς
659 3272 754 3326 τοῦ
799 3272 935 3326 Θεοῦ
981 3270 1320 3342 προφητείας
1366 3273 1833 3343 παραγραφόντων
1879 3271 1978 3337 τὰς

402 3362 903 3436 ψευδοπροφητείας
922 3360 1255 3415 συντάττειν.
1279 3356 1461 3416 Ἦσαν
1487 3362 1638 3432 γοῦν,
1669 3359 1812 3435 ἦσαν
1844 3364 1978 3435 ψευ-

401 3457 737 3530 δοπροφῆται
783 3455 1043 3522 πλεῖστοι,
1091 3456 1205 3510 ὅσοι
1252 3456 1311 3509 ὲν
1362 3454 1442 3527 τῷ
1503 3456 1720 3529 Ἰσραὴλ
1761 3458 1979 3513 ἐναντία

403 3548 784 3621 φθεγγόμενοι,
815 3548 909 3603 καὶ
931 3548 1151 3603 ἐναντία
1179 3548 1482 3620 γράφοντες
1507 3551 1618 3611 τοῖς
1641 3550 1865 3622 ἀληθέσι
1884 3549 1980 3605 τοῦ

402 3640 538 3695 Θεοῦ
558 3640 885 3713 προφήταις.
915 3638 980 3693 Οί
999 3638 1056 3693 δὲ
1071 3639 1226 3693 αὐτοὶ
1238 3640 1338 3693 καὶ
1356 3640 1679 3712 συγγραφὰς
1703 3641 1983 3700 ἐποιοῦντο

404 3733 771 3806 παρανόμους,
812 3733 908 3788 καὶ
949 3733 1131 3805 πάσης
1175 3733 1440 3804 πονηρίας
1476 3735 1707 3805 μεστάς·
1745 3734 1983 3808 πένητας

402 3825 654 3897 οἰκτροὺς
677 3824 1155 3888 κατεδυνάστευον,
1180 3823 1487 3896 βιαζόμενοί
1512 3843 1570 3879 τε
1599 3826 1983 3882 ἐπλεονέκτουν

404 3917 802 3988 άπεριστάτους
842 3917 1112 3988 ὀρφανοὺς
1140 3917 1235 3969 καὶ
1278 3916 1474 3987 χήρας.
1518 3916 1806 3980 Τοιούτους
1843 3916 1889 3970 δ’
1917 3916 1982 3972 ἂν

406 4008 582 4072 εἴποις
605 4008 701 4062 καὶ
730 4008 857 4070 τοὺς
882 4006 971 4061 διὰ
1013 4005 1303 4078 μοχθηρῶν
1337 4006 1787 4078 συγγραμμάτων
1817 4007 1983 4061 εἰσέτι

410 4100 502 4155 καὶ
526 4099 624 4155 νῦν
645 4098 1066 4170 διαστρέφοντας
1093 4096 1203 4151 τῶν
1230 4097 1631 4170 άκεραιοτέρων
1652 4097 1751 4161 τὰς
1782 4098 1981 4169 ψυχάς.

485 4211 504 4245 ι
548 4191 659 4245 Καὶ
683 4190 736 4244 τί
764 4192 1082 4262 ποιήσουσιν
1106 4191 1164 4245 έν
1203 4192 1269 4261 τῇ
1303 4189 1487 4262 ἡμέρα
1514 4190 1613 4261 τῆς
1644 4191 1981 4263 ἐπισκοπῆςς

409 4286 445 4356 ή
472 4283 581 4357 γὰρ
612 4283 790 4354 θλίψις
817 4284 945 4355 ὑμῖν
975 4282 1255 4355 πόρρωθεν
1279 4281 1419 4354 ἥξει.
1452 4283 1562 4337 Καὶ
1585 4284 1722 4356 πρὸς
1743 4284 1861 4339 τίνα
1893 4300 1988 4339 και

405 4375 741 4446 ταφεύξεσθε
758 4376 852 4430 τοῦ
878 4374 1240 4448 βοηθηθῆναι;
1270 4376 1366 4429 καὶ
1389 4373 1491 4430 ποῦ
1515 4375 1867 4446 καταλείψετε
1887 4374 1985 4448 τήν

405 4468 564 4535 δόξαν
582 4469 611 4523 ὑ
619 4468 756 4540 μῶν,
776 4467 872 4522 τοῦ
896 4468 970 4539 μή
986 4470 1248 4540 ἐμπεσεῖν
1272 4470 1353 4532 είς
1376 4468 1677 4542 ἀπαγωγήν
1696 4484 1712 4536 ;
1745 4488 1765 4521 ι
1806 4469 1986 4523 Ἀπει-

2004 1869 2044 1925 Β
2072 1883 2244 1937 vicem
2271 1878 2552 1941 devorent,
2586 1872 2699 1928 bella
2721 1878 2912 1927 contra
2940 1865 3137 1922 ludam
3195 1859 3496 1922 inferendo,
3553 1866 3620 1909 ac

2068 1971 2337 2029 obsidioni
2364 1964 2743 2034 Hierosolyma,
2761 1976 2867 2016 non
2895 1959 3032 2014 ultra
3051 1963 3331 2016 vacantes,
3359 1949 3455 2005 sed
3480 1961 3620 2003 con-

2073 2078 2157 2121 tra
2187 2080 2247 2120 se
2277 2072 2464 2118 mutuo
2484 2052 2693 2131 gladios
2722 2065 2969 2119 cuentes,
2991 2060 3053 2108 ut
3070 2066 3132 2108 se
3155 2047 3465 2104 vulneribus
3489 2059 3621 2100 con-

2073 2159 2258 2213 ficiant
2279 2169 2343 2210 ac
2359 2152 2594 2209 deleant.

2687 2440 2888 2498 ΟΡοΤ
2923 2439 2996 2497 Χ.

2150 2555 2313 2611 sts.
2352 2549 2472 2607 1-2.
2530 2566 2551 2602 ι
2591 2548 2684 2603 Va:
2734 2543 3072 2601 cribentibus
3122 2539 3435 2595 malitiam:
3493 2549 3619 2591 nam

2075 2648 2398 2709 scribentes,
2432 2640 2694 2697 malitiam
2715 2638 2930 2693 sribuut
2956 2653 2969 2689 :
3000 2619 3332 2689 declinantes
3358 2630 3620 2700 judicium

2078 2752 2398 2809 pauperum,
2435 2733 2709 2804 rapientes
2736 2729 2966 2796 ,tdicium
3004 2725 3224 2795 inopum
3259 2721 3442 2793 populi
3468 2718 3574 2775 mei
3602 2737 3619 2785 ;

2077 2828 2152 2884 ita
2184 2838 2244 2882 ut
2269 2827 2340 2883 sit
2376 2825 2483 2881 illis
2522 2824 2686 2879 vidua
2711 2822 2746 2876 it
2776 2819 3042 2890 rapinam,
3066 2824 3122 2869 et
3142 2814 3421 2883 orphanus
3452 2812 3505 2867 in
3535 2811 3621 2866 di-

2080 2919 2404 2988 reptionem.
2438 2936 2459 2970 »
2495 2915 2650 2971 Illum
2682 2913 2907 2969 lsaelem
2941 2910 3174 2972 dictum,
3219 2904 3473 2959 videlicet
3524 2899 3623 2958 Ju-

2079 3012 2292 3067 daicum
2320 3008 2575 3080 populum
2623 3019 2757 3076 rego
2799 2999 3069 3059 Samarite
3105 2998 3403 3061 subditum,
3433 2997 3501 3052 de
3538 2995 3625 3065 bis

2080 3105 2231 3168 item,
2270 3111 2466 3173 praster
2494 3113 2559 3153 ea
2586 3112 2706 3169 quae
2734 3087 2950 3166 aperius
3003 3100 3300 3148 memorata
3325 3098 3473 3152 sunt,
3527 3101 3624 3142 ac-

2080 3203 2234 3251 cusat
2263 3193 2571 3262 Scriptura,
2601 3189 2778 3252 dices,
2804 3202 2899 3241 eos
2921 3188 2990 3241 ob
3007 3183 3403 3240 contentionem
3421 3190 3479 3235 et
3505 3178 3623 3233 dis-

2078 3284 2441 3357 ceptationem
2490 3295 2702 3344 eorum,
2730 3278 2790 3346 ui
2819 3292 2978 3333 veras
3008 3276 3101 3331 Dei
3126 3272 3439 3346 proplietias
3472 3269 3626 3325 adul-

2083 3376 2354 3440 terabant,
2391 3370 2528 3427 falsa
2563 3368 2788 3425 'vaticita
2819 3366 3185 3424 comminisci.
3222 3363 3390 3418 Erant
3417 3363 3621 3430 itaque,

2081 3476 2241 3525 erant
2284 3463 2758 3536 pseudoproplieta
2789 3460 2964 3526 multi,
3016 3459 3068 3513 in
3103 3457 3301 3513 lsraele
3348 3454 3623 3510 contra-ria

2081 3559 2364 3630 loquentes
2395 3565 2448 3632 et
2470 3554 2745 3610 contraria
2766 3552 3069 3607 scribentes
3118 3549 3206 3613 iis,
3241 3563 3359 3616 qua:
3388 3545 3498 3600 veri
3529 3544 3625 3599 Dei

2083 3649 2357 3721 prophetae
2395 3646 2699 3701 tradebant.
2728 3641 2861 3697 lietn
2893 3655 3024 3694 vero
3056 3639 3156 3708 ipsi
3182 3638 3382 3706 scripta
3415 3632 3625 3689 nefaria

2082 3741 2336 3804 edebant,
2365 3747 2419 3793 et
2442 3734 2593 3791 omni
2638 3734 2960 3803 impnbitate
3000 3730 3202 3786 referta
3241 3744 3255 3783 :
3291 3728 3343 3780 in
3393 3721 3641 3780 miseros

2082 3845 2349 3903 pauperes
2384 3827 2717 3883 dominatqu
2753 3825 3072 3888 ecrcebant,
3124 3836 3189 3877 ac
3236 3818 3507 3876 violenter
3529 3833 3625 3873 ευ-

2085 3922 2360 3989 perbeque
2389 3919 2622 3988 agebant
2649 3916 2701 3969 in
2730 3917 2973 3970 oobauos
3000 3921 3055 3967 et
3082 3911 3277 3966 viduas
3325 3908 3627 3980 patrocinio

2084 4022 2355 4070 carentes.
2392 4009 2552 4067 Tales
2574 4011 2701 4065 item
2733 4010 2908 4066 dieris
2930 4025 3044 4075 eos,
3085 4007 3177 4078 qui
3210 4007 3373 4062 botlie
3408 4019 3630 4077 perver-

2084 4106 2160 4162 sis
2188 4104 2407 4175 scriptis
2439 4100 2795 4172 sitnpliciorur
2827 4099 3038 4158 animas
3070 4110 3340 4153 evertunt.

2156 4195 2319 4249 Vsus.
2353 4192 2473 4248 5-4.
2513 4208 2536 4244 ι
2572 4190 2638 4246 Et
2657 4191 2980 4261 quid'acieut
3011 4189 3064 4244 iu
3119 4190 3206 4243 die
3249 4185 3624 4243 visitationis?

2084 4304 2210 4344 nam
2235 4286 2507 4342 tribulatio
2546 4285 2697 4339 vobis
2727 4298 2758 4337 e
2782 4283 3040 4354 luginquo
3071 4282 3268 4337 veniet.
3296 4281 3360 4337 Et
3382 4282 3447 4336 ad
3474 4280 3626 4352 cujus

2086 4380 2343 4434 auxilium
2395 4373 2816 4445 confugiens?!
2874 4374 2965 4429 ubi
3026 4373 3345 4443 relinquetis
3392 4370 3621 4443 gloriam

2085 4484 2341 4536 vestram,
2377 4486 2443 4526 ne
2464 4469 2672 4524 cadatis
2702 4468 2753 4522 in
2779 4466 3162 4524 adactionem?
3192 4485 3210 4518 ι
3248 4464 3626 4519 Cnrnmiuatur

410 4559 494 4614 λεῖ
513 4559 690 4615 τοίνυν
716 4559 944 4623 ἐκείνοις
967 4561 994 4613 ό
1017 4560 1355 4632 προφητικὸς
1376 4560 1532 4629 λόγος
1557 4561 1799 4631 φάσκων⁸
1827 4580 1847 4613 ι
1871 4562 1976 4615 Kal

2086 4580 2216 4636 ergo
2251 4564 2320 4618 iis
2346 4561 2693 4633 propheticus
2739 4573 2886 4615 senio
2934 4559 3164 4613 dicens:
3205 4575 3223 4607 ι
3265 4554 3330 4608 Ει
3357 4554 3486 4623 quid
3540 4552 3623 4606 fa-

407 4652 462 4706 τί
491 4653 804 4723 ποιήσουσιν
834 4652 895 4705 ὲν
919 4653 986 4723 τῇ
1017 4652 1201 4726 ήμέρᾳ
1214 4652 1314 4722 τῆς
1332 4651 1689 4722 amazon-71;,»
1710 4651 1832 4707 καθ’
1859 4654 1925 4725 ήν
1954 4656 1988 4727 ή

412 4743 591 4815 θλίψις
618 4745 712 4798 xal.
739 4745 773 4813 ή
805 4743 947 4798 κατά
971 4743 1178 4797 τούτοιν
1207 4744 1344 4815 ὀργὴ
1370 4743 1653 4818 πόρρωθεν
1678 4744 1832 4817 ήξει;
1865 4748 1989 4802 Μα-

416 4835 556 4909 κράν
581 4835 692 4909 γάρ
722 4831 888 4890 οὖσαν
906 4836 1092 4907 ἀὐτήν
1113 4852 1267 4907 φησι,
1295 4835 1385 4890 διὰ
1416 4836 1478 4888 τὸ
1506 4836 1903 4892 ἀπελαύνεσθαι
1930 4837 1989 4906 ἐξ

412 4927 547 5000 ἐμοῦ
565 4927 657 4982 τοῦ
675 4927 831 4982 Θεοῦο
845 4927 1018 5000 ὑμεῖς,
1036 4922 1082 4982 ὦ
1111 4923 1277 4990 οὗτοι,
1294 4928 1428 5000 πρὸς
1444 4927 1538 4991 οὒς
1553 4930 1723 4983 ταῦτα
1754 4929 1988 4999 λέγεται,

413 5020 602 5092 ῶσπερ
636 5019 942 5093 βιαζόμενοι
983 5020 1105 5075 καθ’
1139 5020 1346 5074 ἑαυτῶν
1376 5021 1546 5092 αὐτὴν
1579 5022 1982 5076 ὲπεσπάσασθεο

412 5108 482 5185 ἧς
510 5110 860 5185 ἐπελθούσης,
889 5112 980 5167 ἐπὶ
1007 5113 1129 5167 τίνα
1159 5111 1564 5182 καταφεύξεσθε
1583 5112 1680 5168 τοῦ
1712 5112 1984 5187 βοηθηθῆ-

414 5221 562 5271 ναι;.
587 5221 608 5256 ι
649 5205 772 5258 Ἐπὶ
800 5206 935 5259 πᾶσι
974 5204 1191 5269 τούτοίς
1227 5207 1327 5260 οὐκ
1374 5206 1701 5276 ἀπεστράφη
1734 5208 1769 5278 ἡ
1812 5207 1980 5279 ὀργή’

414 5297 528 5351 ἀλλ’
556 5296 639 5350 έτι
669 5298 702 5367 ή
728 5296 848 5369 χεὶρ
879 5297 1081 5370 ὑψηλή.
1115 5317 1135 5351 ι
1178 5298 1576 5369 Ἐπιμενόντων
1599 5297 1710 5370 γάρ
1739 5301 1850 5364 τοῖς
1883 5300 1983 5354 αὐ-

413 5391 528 5452 τοῖς
562 5389 737 5460 ἀτοπή
746 5404 877 5459 μασι
901 5388 1010 5442 τῶν
1040 5389 1130 5443 διά
1159 5388 1254 5443 τοῦ
1283 5389 1443 5459 λόγου
1472 5391 1983 5462 κατηγορουμένων,

417 5476 708 5531 ἀκόλουθον
730 5473 801 5549 ἦν
828 5478 923 5533 καὶ
940 5478 1040 5550 τήν
1060 5481 1180 5535 κατ’
1204 5480 1385 5536 αὐτῶν
1410 5479 1725 5553 παράμονον
1741 5481 1987 5549 γίνεσθαι

419 5571 610 5629 ὀργήν.

559 5590 610 5629 ν.

451 5572 685 5721 ρῖήούαὶ
723 5668 1044 5741 Ἀσσυρίοις.
1078 5671 1112 5741 ή
1150 5669 1343 5741 ῥάϐδος
1382 5668 1477 5723 τοῦ
1526 5667 1699 5740 θυμοῦ
1732 5684 1853 5740 μου’
1889 5668 1984 5723 καὶ

421 5761 559 5834 ὀργή
593 5763 741 5816 ἐστιν
764 5763 824 5816 εν
847 5765 965 5826 ταῖς
992 5763 1179 5834 χερσὶν
1203 5760 1402 5817 αὐτῶν.
1434 5762 1545 5834 Τὴν
1574 5763 1743 5835 ὀργήν
1772 5779 1872 5833 μου
1905 5764 1986 5826 είς

421 5852 572 5918 ἔθνος
617 5853 817 5925 ἄνομον
859 5852 1159 5928 ἀποστελῶ,
1202 5855 1294 5910 καὶ
1333 5853 1412 5925 τῷ
1452 5852 1568 5925 λαῷ
1599 5851 1718 5924 ἐμῷ
1746 5849 1987 5918 συντάξω

2085 4659 2230 4714 cient
2268 4656 2320 4711 in
2353 4656 2441 4710 die
2464 4653 2837 4718 visitati0nis,»
2866 4668 2973 4722 qua
3005 4650 3281 4705 tribulatio
3311 4658 3364 4701 et
3400 4648 3478 4700 ira
3509 4662 3627 4717 pro-

2087 4748 2171 4804 cul
2206 4748 2336 4818 ipsis
2356 4746 2575 4801 veniet?
2603 4744 2735 4800 Nam
2762 4760 2851 4798 cui
2880 4758 2943 4798 ea
2987 4741 3175 4811 procul
3207 4740 3456 4804 exsistat,
3500 4738 3623 4807 quia
3725 4736 3729 4740 ’

2088 4843 2203 4908 ipsa
2238 4854 2268 4894 a
2299 4856 2383 4893 me
2411 4839 2522 4894 Deo
2549 4838 2945 4901 eliminataest;
2973 4850 3070 4889 vos
3102 4848 3253 4900 sane,
3287 4831 3487 4902 quibus
3510 4831 3627 4886 haec

2088 4934 2364 4999 dicuntur,
2392 4932 2547 5003 quasi
2583 4931 2633 4984 vi
2675 4937 2859 4984 uteuts
2899 4936 3092 4982 contra
3124 4940 3219 4979 vos
3277 4926 3445 4993 ipsos,
3502 4938 3622 4975 eam

2089 5024 2428 5080 attraxistis:
2467 5039 2573 5094 qua
2607 5019 3012 5092 supervoiente,
3056 5017 3125 5072 ad
3171 5017 3328 5088 cujus
3365 5015 3624 5070 auxilium

2089 5116 2458 5190 confugietis?
2492 5135 2510 5169 ι
2544 5115 2720 5186 Super
2770 5113 2821 5167 lii
2865 5110 3116 5166 omnibus
3151 5125 3255 5165 non
3292 5122 3488 5164 aversa
3540 5113 3627 5161 est

2090 5210 2169 5264 ira
2193 5225 2209 5275 ;
2238 5211 2331 5265 sed
2358 5209 2536 5264 adhuc
2561 5222 2749 5262 manus
2776 5204 2977 5261 eselsa.
3004 5224 3022 5256 ι
3042 5204 3175 5259 Nam
3205 5201 3378 5271 iisqui
3404 5202 3454 5254 iu
3485 5215 3626 5269 pne-

2091 5302 2229 5357 senti
2259 5310 2607 5362 accusantur,
2639 5298 2868 5353 eadeuin
2900 5297 3236 5352 absurditate
3265 5291 3627 5365 permanenti«

2096 5393 2216 5458 bus,
2237 5406 2578 5462 consequens
2601 5399 2740 5454 erat,
2777 5405 2807 5443 υ
2831 5388 2909 5445 ira
2935 5402 3150 5460 quoque
3187 5395 3551 5457 permaneret.

2162 5663 2327 5720 Vsus.
2352 5662 2469 5721 5-6.
2499 5683 2519 5717 ι
2554 5664 2645 5721 Vae
2669 5663 2897 5738 Assyiis,
2934 5661 3098 5733 virga:
3150 5660 3351 5717 furoris
3384 5660 3486 5715 mei
3521 5677 3535 5714 :
3567 5669 3623 5715 et

2094 5759 2177 5814 ira
2210 5768 2298 5813 est
2331 5759 2384 5814 in
2417 5758 2663 5814 manibus
2695 5772 2867 5813 eorm.
2901 5754 3038 5809 iram
3094 5768 3268 5808 meam
3304 5753 3357 5809 in
3405 5762 3619 5823 gentem

2098 5848 2337 5922 iniquam
2363 5848 2594 5916 mittam,
2621 5856 2674 5906 et
2700 5846 2856 5918 poplo
2893 5860 3011 5902 meo
3038 5845 3348 5913 praecipiam
3378 5852 3436 5899 ut
3457 5840 3619 5898 faciat
