4082 6398
423 293 524 350 159

1088 285 1357 346 EUSEB“
1369 285 1853 346 CJESARIENSIS
1887 288 1974 346 ΟΡ

2081 290 2264 348 PARS
2299 289 2390 346 Ill.
2431 321 2500 332 —
2537 281 2952 342 EXEGETICA.

3555 275 3659 332 160

419 415 590 484 spolia
624 424 680 468 et
703 412 1200 484 depopulationem,
1229 424 1286 470 et
1313 414 1576 470 cmcnlcet
1614 415 1884 480 civitates,
1915 424 1970 472 et

2077 415 2301 487 ποιῆσαι
2344 413 2516 470 σκῦλα
2558 413 2652 466 καὶ
2689 407 2992 482 προνομὴν,
3039 403 3136 458 καὶ
3175 401 3512 456 καταπατεῖν
3557 400 3660 464 τὰς

417 515 694 574 ponateas
720 505 774 560 in
801 508 1099 574 pulverem.
1132 523 1150 555 ι
1184 505 1260 558 Ad
1288 505 1376 558 hac
1401 519 1568 572 usque
1601 505 1973 574 perseveravit

419 596 699 652 accusatio
721 596 903 666 populi
929 614 942 658 ;
981 605 1102 666 post
1127 611 1316 664 quam,
1345 606 1731 664 :onseqnenter
1763 598 1830 652 ad
1871 597 1973 652 mi-

419 702 518 740 nas
551 702 580 740 a
613 688 900 758 prophetia
936 689 1266 754 enuntialas,
1302 703 1378 742 n-n
1411 687 1506 741 diu
1533 689 1738 759 Assyrii
1767 689 1970 742 irrum-

421 787 612 847 pentes
643 777 946 834 Samariam
971 779 1242 842 obsident,
1265 789 1318 833 et
1345 787 1489 832 otam
1525 779 1762 848 ipsorum
1795 783 1973 852 regio-

423 884 546 924 nem
573 871 996 940 depopulantur,
1033 869 1568 940 novemqueludaicat
1591 873 1770 942 gentis
1799 874 1974 928 tribus

423 963 480 1016 in
511 961 858 1034 Assyriorum
878 971 1077 1016 terram
1103 963 1634 1030 captivambducunt.
1663 964 1792 1018 Post
1814 980 1974 1018 enar-

425 1065 594 1112 ratam
626 1072 754 1125 ergo
781 1056 964 1125 populi
995 1055 1158 1110 Israel
1196 1055 1324 1110 dicti
1341 1056 1732 1126 captivitatem,
1778 1058 1844 1111 ad
1879 1073 1972 1112 eos

423 1147 516 1216 qui
540 1147 594 1202 in
617 1147 982 1216 captivitatem
999 1147 1506 1202 abduxeranlsermo
1531 1147 1880 1204 transfertur.
1907 1150 1971 1204 Hi

425 1255 592 1308 porro
616 1251 773 1294 erant
801 1239 1030 1310 Assyrii,
1074 1239 1271 1308 quibus
1303 1239 1392 1294 hac
1428 1243 1714 1310 praesentia
1741 1244 1974 1298 commi-

425 1339 606 1386 natur.
633 1331 784 1397 Quod
815 1343 1018 1394 autem,
1053 1345 1176 1384 cum
1217 1331 1331 1386 hare
1359 1331 1697 1397 dicerentur,
1725 1333 1838 1404 jam
1884 1349 1977 1404 po-

423 1423 582 1492 pulus
609 1423 677 1478 ab
699 1423 942 1494 Assyriis
964 1423 1258 1478 translatus
1273 1423 1575 1480 etSamaria
1599 1426 1822 1482 obsessa
1843 1425 1974 1481 fuis-

425 1524 529 1576 set,
577 1514 703 1568 hinc
745 1513 923 1584 palam
971 1520 1076 1576 est,
1125 1513 1268 1584 quoti
1297 1514 1466 1570 iidem
1499 1531 1564 1570 ex
1621 1517 1970 1588 Assyriorum

423 1608 568 1676 regis
597 1620 830 1674 persona
879 1605 1110 1671 dicatur,
1157 1624 1177 1658 ‹
1207 1605 1318 1677 Cep
1346 1607 1634 1670 Arabiam,
1673 1619 1730 1662 et
1778 1609 1974 1663 Dama-

432 1711 586 1750 scum
639 1705 692 1750 et
747 1695 1548 1766 Samariamzqnemamodum
1603 1699 1744 1766 illas,
1795 1700 1874 1755 sic
1919 1711 1974 1756 et

2075 509 2284 574 πόλεις,
2311 508 2406 562 καὶ
2434 506 2606 560 θεῖναι
2639 503 2809 564 αὐτὰς
2841 501 2921 562 εἰς
2954 497 3248 566 κονιορτόν.
3285 516 3301 546 ι
3341 494 3517 564 Μέχρι
3549 493 3661 564 γὰρ

2073 597 2182 652 τῶν
2211 598 2624 671 προειρημένων
2653 594 2782 663 ἔστη
2803 592 2872 646 τὰ
2901 591 3000 660 τῆς
3019 588 3114 640 τοῦ
3138 585 3268 639 λαοῦ
3289 584 3624 662 κατηγορίας
3639 623 3660 652 ,

2077 688 2197 758 μεθ’
2237 690 2302 761 ἢν
2333 685 2644 750 ἀκολούθως
2669 687 2782 748 τοῖς
2813 682 2904 736 διὰ
2929 682 3028 751 τῆς
3061 677 3401 750 προφητείας
3427 675 3659 746 ἠπειλη-

2077 781 2280 852 μένοις,
2315 783 2416 836 οὐκ
2443 782 2523 846 εἰς
2552 777 2770 851 μακρὰν
2799 773 3081 848 πόρρωθεν
3102 771 3422 832 ἐπιστάντες
3467 769 3662 822 Ἀσσύ-

2079 887 2204 942 ριοι,
2241 871 2588 942 πολιορκοῦσι
2613 870 2714 942 τὴν
2741 868 3074 938 Σαμάρειαν,
3103 863 3199 917 καὶ
3229 863 3410 916 πᾶσαν
3437 861 3537 930 τὴν
3559 858 3664 930 χὼ-

2079 979 2176 1034 ραν
2219 961 2399 1016 αὐτῶν
2431 961 2670 1036 δῃοῦσιν,
2711 959 2838 1021 ὅλας
2873 975 2931 1011 τε
2975 955 3133 1010 ἐννέα
3177 955 3350 1024 φυλὰς
3385 953 3479 1007 τοῦ
3524 955 3660 1006 Ἰου-

2073 1053 2236 1107 δαίων
2283 1053 2467 1116 ἔθνους
2517 1049 2894 1122 αἰχμαλώτους
2941 1047 3022 1110 εἰς
3059 1045 3160 1118 τὴν
3217 1044 3516 1115 Ἀσσυρίων
3553 1047 3662 1098 ἁπ-

2075 1145 2288 1214 ἁγουσι.
2313 1144 2467 1198 Μετὰ
2489 1141 2580 1198 οὖν
2605 1143 2704 1214 τὴν
2723 1140 2817 1196 τοῦ
2833 1139 2963 1194 λαοῦ
2983 1137 3078 1192 τοῦ
3095 1137 3430 1208 καλουμένου
3447 1135 3661 1210 Ἰσραὴλ

2075 1235 2450 1308 αἰχμαλωσίαν
2495 1235 2524 1287 ὁ
2555 1234 2712 1303 λόγος
2747 1230 3058 1303 μεταϐαίνει
3101 1229 3194 1282 ἐπὶ
3225 1229 3353 1290 τοὺς
3381 1228 3664 1298 αἰχμαλω-

2074 1330 2392 1394 τεύσαντας.
2423 1324 2604 1382 Ἦσαν
2625 1327 2684 1382 δὲ
2707 1321 2852 1381 οὗτοι
2897 1324 3194 1394 Ἀσσύριοι,
3235 1317 3317 1385 οἷς
3336 1319 3406 1374 τὰ
3435 1319 3664 1392 προκεί-

2077 1438 2214 1492 μενα
2245 1419 2476 1474 ἀπειλεῖ.
2508 1422 2632 1473 ’Ὁτι
2660 1418 2718 1472 δὲ
2745 1419 2960 1488 ἁπῆκτο
2983 1415 3088 1470 ὑπὸ
3129 1413 3432 1485 Ἀσσυρίων
3459 1415 3488 1465 ὁ
3509 1410 3658 1475 λαὸς.

2075 1514 2168 1567 καὶ
2201 1513 2603 1585 πεπολίορκητο
2635 1513 2668 1583 ή
2713 1509 3019 1581 Σαμάρεια,
3051 1509 3142 1560 ὅτε
3171 1505 3242 1558 τὰ
3285 1504 3424 1578 μετὰ
3469 1505 3662 1574 χεῖρας

2075 1605 2311 1675 ἐλέγετο,
2340 1606 2497 1677 δῆλον
2535 1604 2792 1676 τυγχάνει
2837 1605 2902 1656 ὲκ
2943 1599 3040 1654 τοῦ
3082 1598 3338 1668 λέγεσθαι
3369 1599 3428 1650 ὲν
3474 1597 3660 1659 αὐτοῖς

2073 1697 2140 1750 ὲκ
2175 1695 2465 1770 προσώπου
2503 1696 2597 1750 τοῦ
2629 1695 2736 1750 τῶν
2780 1692 3078 1763 Ἀσσυρίων
3109 1689 3370 1760 βασιλέως
3389 1706 3404 1719 ·
3439 1705 3457 1740 t
3495 1687 3662 1741 Ἔλα-

421 1801 614 1842 mnues
665 1789 999 1858 principatus
1045 1789 1289 1857 capiam;
1355 1803 1417 1846 ac
1453 1805 1686 1856 rursum,
1717 1810 1736 1843 ι
1776 1791 1974 1858 Quem-

2077 1789 2169 1844 ϐον
2209 1789 2468 1862 Ἀραϐίαν
2499 1791 2592 1844 καὶ
2629 1786 2918 1860 Δαμασκὸν
2947 1785 3042 1838 καὶ
3065 1785 3376 1860 Σαμάρειαν
3400 1799 3413 1812 ·
3443 1782 3502 1835 ὃν
3533 1781 3664 1852 τρό-

422 1877 714 1931 admodum
781 1876 883 1932 feci
943 1877 1226 1940 Samaria,
1271 1889 1318 1934 et
1343 1879 1596 1936 omnibus
1645 1883 1972 1940 manufactis

422 1968 566 2038 ejus,
594 1969 672 2024 sic
696 1969 888 2024 faciam
923 1969 1330 2041 Jerosolymtea
1365 1970 1535 2026 Docet
1559 1981 1743 2028 autem
1801 1975 1972 2030 histo-

425 2060 504 2112 ria
540 2060 592 2113 in
625 2061 814 2115 diebus
843 2061 1025 2115 Acltaz
1057 2063 1342 2116 ascendise
1395 2077 1578 2133 regem
1623 2063 1968 2134 Assyriorum

424 2151 753 2215 Samariam,
782 2164 836 2207 et
863 2153 1142 2208 obsedisse
1175 2155 1326 2209 illan:
1354 2169 1418 2209 ac
1443 2165 1575 2210 tunc
1603 2157 1822 2224 quidem
1846 2173 1972 2228 par-

421 2251 530 2297 tem
571 2243 752 2314 populi
779 2245 1047 2315 captivam
1079 2246 1307 2302 duxisse
1356 2248 1456 2302 sub
1503 2247 1734 2303 Ezecbia
1787 2259 1971 2304 autem

421 2333 624 2392 Achati
649 2351 970 2392 successore
1005 2337 1298 2392 universun
1323 2337 1580 2408 populum
1625 2340 1973 2396 transtulisse

423 2426 478 2483 in
509 2427 783 2500 Assyrios.

491 2701 662 2760 Vens.
705 2703 822 2759 7—9.
860 2719 878 2754 ι
913 2702 1032 2772 lpse
1057 2710 1238 2756 autem
1286 2713 1357 2756 on
1409 2701 1488 2754 sic
1517 2703 1806 2772 cogitavit,
1835 2712 1888 2758 et
1917 2703 1970 2757 in

423 2797 602 2854 anima
633 2810 738 2850 non
774 2795 854 2850 sic
879 2793 1174 2846 arbitratus
1207 2799 1295 2848 est
1319 2791 1412 2845 sed
1441 2801 1650 2847 avertet
1671 2808 1826 2850 mens
1855 2793 1973 2862 ejus

430 2888 498 2942 ad
531 2895 720 2958 gentes
752 2883 1200 2940 exterminandas
1253 2897 1324 2936 nu
1377 2898 1602 2953 paucas.
1632 2885 1696 2940 Et
1726 2886 1770 2942 si
1813 2887 1970 2941 dixe-

423 2980 538 3034 rint
571 2979 643 3042 ei,
680 2976 759 3031 Tu
803 2977 953 3032 solus
986 2991 1045 3030 es
1075 2978 1298 3050 princcp
1336 2999 1350 3034 :
1381 2977 1751 3050 respondebit,
1779 2980 1970 3035 Annon

421 3075 538 3144 cepi
565 3073 841 3144 regionem
877 3087 1038 3143 supra
1063 3072 1356 3144 Babylonm
1390 3083 1445 3130 et
1466 3073 1787 3142 Chalanem,
1821 3075 1973 3144 cujus

426 3166 591 3221 turris
619 3143 882 3219 aedificata
905 3172 989 3218 est
1015 3183 1029 3218 :
1055 3174 1108 3218 et
1129 3143 1246 3234 cepi
1272 3167 1519 3231 A-abiam,
1550 3176 1606 3220 et
1629 3143 1972 3234 Damascum,
2003 3143 2046 3200 ο

423 3265 480 3312 et
507 3255 849 3312 Samariam?
871 3273 889 3306 ι
921 3253 1057 3309 Cum
1089 3259 1498 3329 meam,iuquit,
1531 3269 1854 3329 potestatem
1883 3275 1975 3316 ae-

426 3348 650 3418 ceperit,
680 3360 786 3401 non
811 3347 890 3400 sic
918 3345 1004 3400 ille
1033 3347 1297 3403 arbitratu
1320 3358 1434 3414 est,
1466 3349 1561 3404 sed
1596 3350 1772 3404 elatus
1795 3361 1976 3408 mente

427 3441 550 3506 fuit,
582 3455 648 3494 ac
679 3439 722 3494 si
761 3439 1015 3509 populum
1049 3455 1229 3494 meum
1259 3443 1441 3510 popria
1483 3443 1684 3497 virtute
1712 3442 1976 3498 debellas-

426 3544 529 3592 set.
559 3532 669 3588 Nec
697 3531 790 3587 illo
815 3540 1108 3586 contentus
1156 3533 1358 3598 exciio,
1397 3534 1640 3589 infinitas
1679 3535 1816 3590 alias
1844 3550 1977 3604 geu-

427 3635 510 3682 tes
534 3641 593 3682 se
645 3626 957 3680 invasurum
997 3626 1236 3681 minatur
1263 3628 1409 3696 :quia
1455 3627 1600 3682 illam
1631 3628 1975 3698 praestantio-

427 3733 542 3772 rem
571 3731 634 3770 ac
670 3717 770 3771 sub
801 3715 894 3770 Dei
931 3717 1094 3771 tutela
1119 3716 1320 3784 positan
1357 3717 1748 3774 debellaverat.
1775 3718 1976 3784 Quam-

425 3809 614 3863 obrem
639 3808 705 3862 iis
737 3809 826 3877 qui
859 3806 1090 3876 subjecti
1119 3807 1340 3872 fuerat,
1377 3810 1704 3866 mirantibus
1729 3827 1876 3878 ellttt,
1911 3825 1977 3868 ac

425 3897 756 3962 dicentibus,
791 3917 808 3950 ‹
843 3897 923 3951 Tu
949 3899 1101 3952 solus
1135 3914 1193 3954 es
1223 3914 1470 3969 pmceps,
1503 3919 1522 3951 ι
1559 3902 1855 3970 respondet
1887 3901 1976 3957 ille

425 3993 514 4046 his
543 3991 727 4045 verbis
755 4008 768 4043 :
805 3989 886 4044 Me
937 3990 1238 4061 principem
1261 3993 1494 4046 nondum
1528 3995 1736 4048 vocetis
1797 4007 1975 4063 neque

427 4083 732 4146 dominum,
766 4081 1210 4152 quandoquidem
1246 4096 1406 4138 tuues
1443 4083 1680 4153 undique
1725 4084 1975 4154 regiones

427 4177 664 4234 nondum
692 4177 807 4246 cepi
839 4193 851 4227 :
879 4185 1157 4242 caeterum,

505 4269 668 4326 Vsus.
715 4267 806 4324 10.
851 4285 870 4318 ι
925 4265 1360 4334 Quemadmdum
1413 4267 1515 4324 has
1564 4269 1724 4338 cepi,
1785 4269 1866 4324 sic
1920 4279 1978 4326 et

428 4376 622 4418 omnes
665 4359 1005 4431 principatus
1063 4359 1260 4428 capiatt
1319 4358 1556 4428 Ululate,
1589 4359 1860 4431 sculptilia
1919 4363 1973 4416 in

427 4452 728 4512 Jerusalem
761 4461 814 4507 et
849 4449 1126 4506 Samaria.
1166 4469 1184 4503 ι
1213 4451 1262 4506 ΑΙ
1287 4449 1432 4520 ipsos
1455 4451 1713 4524 Assyrios
1750 4467 1968 4508 eorum-

429 4561 536 4618 que
561 4545 879 4617 principem.
911 4541 1001 4613 qui
1041 4543 1156 4596 haec
1188 4555 1264 4594 tat
1288 4552 1607 4612 arroganter
1633 4545 1966 4615 proferebat,

429 4650 737 4696 sermonem
791 4633 993 4704 dirigit.
1021 4630 1114 4686 Vae
1165 4631 1393 4702 Asyriis,
1438 4634 1538 4698 ait,
1565 4636 1692 4703 quia
1743 4651 1846 4690 nou
1889 4637 1972 4690 in-

429 4729 756 4784 tellexerunt
777 4725 912 4780 iram
945 4739 1143 4788 meam,
1171 4732 1326 4778 cotra
1365 4725 1702 4781 facinorosos
1729 4726 1849 4783 illos
1871 4742 1966 4782 ex«

428 4823 678 4885 citatam,
715 4818 876 4872 talem
911 4817 1046 4886 ipsis
1090 4814 1352 4870 iufernda:
1376 4815 1600 4872 ultionis
1645 4826 1970 4886 potestatem

431 4913 697 4968 indidisse
726 4928 738 4962 :
778 4912 870 4964 sed
904 4908 1240 4978 opinabantu
1267 4922 1324 4963 se
1379 4918 1568 4980 suapte
1613 4909 1812 4965 virtute
1835 4926 1972 4980 gen-

431 5013 512 5060 tes
539 5000 857 5057 debellasse.

503 5095 668 5151 Vsus.
699 5091 785 5148 ll.
816 5110 835 5144 ι
865 5089 1300 5158 Quemadmodm
1323 5091 1468 5146 enim
1509 5089 1610 5146 feci
1639 5089 1900 5148 Samaria:
1919 5101 1974 5148 et

432 5188 766 5248 manufactis
787 5186 936 5256 ejus:
972 5185 1052 5241 sic
1103 5185 1262 5241 faciat
1289 5187 1677 5259 Hierosolyma:
1705 5199 1762 5244 et
1817 5188 1972 5244 idolis

432 5285 570 5353 ejus.
598 5301 616 5335 ι
642 5280 1072 5350 Hierosolymam
1109 5279 1258 5349 itaqu
1287 5279 1546 5336 Samaria:
1577 5281 1722 5348 paria
1747 5295 1974 5351 perpes-

431 5391 616 5431 suram
643 5371 1044 5430 interminatur.
1077 5369 1204 5426 Haec
1235 5385 1365 5440 prro
1389 5372 1664 5442 prredicit,
1692 5372 1973 5428 auditores

435 5470 502 5524 ad
527 5466 942 5523 conversionem
977 5472 1032 5520 et
1065 5463 1409 5534 ptenitetiam
1451 5479 1778 5534 provocans,
1810 5473 1974 5534 atque

434 5557 666 5630 exempli
697 5555 988 5612 formidine
1013 5556 1079 5610 ad
1109 5552 1507 5622 resipieentiam
1547 5556 1802 5611 invitans.
1854 5555 1972 5612 Non

436 5651 579 5705 enim
603 5649 882 5720 Assyrius,
914 5647 1110 5716 inquit,
1133 5645 1248 5699 haec
1274 5655 1426 5700 ontra
1462 5643 1766 5702 Samariam
1789 5660 1974 5718 patra-

437 5745 553 5814 vit;
582 5743 674 5800 sed
703 5759 802 5816 ego
847 5744 1010 5809 Deus,
1047 5741 1211 5812 idque
1237 5739 1605 5798 obiucolarum
1635 5741 1752 5814 ejus
1779 5742 1970 5816 impie-

2079 1899 2178 1937 πον
2203 1881 2407 1947 ταύτας
2441 1882 2652 1945 ἔλαϐον,
2671 1881 2765 1934 καὶ
2800 1882 2977 1944 πάσας
3007 1879 3106 1942 τὰς
3133 1877 3306 1950 ἀρχὰς
3338 1875 3602 1946 λήψομαι·
3637 1893 3658 1928 r

2077 1976 2172 2029 atat
2207 1973 2388 2028 πάλιν·
2419 1992 2438 2025 ι
2471 1974 2566 2026 Ὃν
2593 1973 2794 2044 τρόπον
2827 1973 3062 2042 ἐποίησα
3095 1969 3380 2041 Σαμαρείᾳ
3409 1969 3503 2022 καὶ
3527 1969 3672 2022 πᾶσι,

2075 2070 2188 2131 τοῖς
2207 2068 2608 2138 χειροποιήτοις
2627 2066 2818 2136 αὐτῆς,
2837 2063 2980 2117 οὓτω
2999 2064 3210 2134 ποιήσω
3234 2061 3614 2132 Ἰερουσαλήμ.
3636 2078 3658 2112 ι

2076 2157 2188 2210 Καὶ
2210 2161 2242 2230 ή
2279 2157 2490 2230 ἱστορία
2513 2156 2572 2210 δὲ
2596 2156 2862 2218 διδάσκει,
2887 2155 2969 2207 ὅτι
2995 2156 3054 2207 ὲν
3073 2157 3196 2216 ταῖς
3223 2152 3460 2223 ἡμέραις
3496 2149 3663 2220 Ἀχὰζ

2076 2251 2244 2321 ἀνέϐη
2266 2251 2295 2304 ό
2330 2250 2582 2321 βασιλεὺς
2620 2249 2920 2320 Ἀσσυρίων
2943 2250 3022 2310 εἰς
3055 2246 3386 2317 Σαμάρειαν,
3420 2246 3514 2298 καὶ
3535 2247 3665 2297 ἐπο-

2076 2341 2362 2415 λιόρκησεν
2393 2341 2564 2412 αὑτήν
2589 2358 2602 2371 ·
2647 2342 2738 2394 καὶ
2779 2341 2920 2404 τέως
2953 2340 3051 2409 μὲν
3089 2339 3210 2392 τότε
3261 2339 3428 2410 μέρος
3463 2355 3518 2390 τι
3565 2335 3662 2392 τοῦ

2077 2435 2206 2488 λαοῦ
2230 2433 2686 2506 ᾐχμαλώτευσεν·
2722 2433 2814 2486 ἐπὶ
2848 2433 2906 2486 δὲ
2956 2430 3198 2494 Ἐζεκίου
3241 2431 3336 2484 τοῦ
3361 2431 3450 2484 τὸν
3493 2430 3670 2500 Ἀχὰζ

2075 2527 2490 2597 διαδεδεγμένον
2523 2526 2704 2580 πάντα
2745 2525 2834 2578 τὸν
2859 2523 2986 2578 λαὸν
3013 2522 3292 2594 ἀπῴκισεν
3341 2525 3418 2587 εἰς
3467 2524 3662 2576 Ἀσσυ-

2079 2617 2249 2688 ρίους.

2153 2727 2172 2758 ι
2205 2707 2375 2771 Αὐτὸς
2399 2707 2456 2760 δὲ
2483 2709 2582 2780 οὐχ
2611 2708 2783 2771 οὕτως
2813 2705 3142 2778 ἐνεθυμήθη,
3171 2707 3266 2760 καὶ
3297 2708 3362 2778 τῇ
3563 2705 3670 2776 οὐχ,

2077 2802 2250 2866 οὕτως
2276 2801 2604 2867 λελόγισται,
2635 2801 2770 2854 ἀλλὰ
2813 2799 3110 2864 ἀπαλλάξει
3143 2802 3171 2853 ὁ
3211 2799 3334 2863 νοῦς
3373 2799 3540 2852 αὑτοῦ
3567 2799 3666 2852 καὶ

2077 2892 2172 2948 τοῦ
2207 2891 2333 2962 ἔθνη
2376 2891 2758 2961 ὲξολοθρεῦσαι
2786 2892 2886 2944 οὐκ
2913 2891 3092 2958 ὀλίγα.
3139 2891 3252 2945 Καὶ
3294 2889 3388 2944 ἐὰν
3437 2889 3666 2943 εἴπωσιν

2078 2983 2230 3054 αὐτῷ
2249 3000 2261 3014 ·
2297 2984 2368 3036 Σὺ
2399 2981 2558 3053 μόνος
2587 2977 2638 3033 εἴ
2659 2981 2840 3052 ἄρχων
2861 2998 2874 3007 ·
2909 2981 3004 3034 καὶ
3024 2984 3166 3052 ὲρεί·
3203 2983 3318 3034 Οὐκ
3347 2980 3534 3036 ἔλαϐον
3561 2981 3666 3054 τήν

2079 3075 2264 3148 χώραν
2285 3077 2387 3148 ,τὴν
2413 3075 2598 3130 ἐπάνω
2629 3073 2948 3138 Βαϐυλῶνος
2972 3074 3064 3128 καὶ
3093 3073 3368 3144 Χαλάνης,
3389 3068 3450 3128 οὗ
3475 3059 3505 3128 ό
3531 3073 3666 3145 πύρ-

2079 3183 2175 3236 γος
2209 3163 2558 3236 ᾠκοδομήθη,
2587 3165 2682 3219 καὶ
2713 3163 2902 3218 ἔλαϐον
2949 3164 3230 3237 Ἀραϐίαν,
3255 3166 3348 3218 καὶ
3375 3164 3664 3236 Δαμασκὸν

2080 3259 2176 3313 καὶ
2219 3259 2576 3330 Σαμάρειαν;
2626 3277 2644 3310 ι
2695 3257 2804 3330 Τήν
2848 3259 2988 3330 ἐμὴν
3030 3258 3228 3320 τοίνυν,
3279 3261 3433 3330 φησὶ,
3473 3256 3668 3314 λαϐὼν

2079 3348 2348 3414 ἐξουσίαν,
2385 3349 2485 3420 οὐχ
2513 3347 2686 3412 οὕτως
2729 3347 3060 3419 ἐνεθυμήθη,
3103 3347 3218 3402 ἀλλ’
3263 3347 3548 3420 ὑπερήρθη
3581 3347 3666 3420 τῷ

2079 3440 2346 3512 λογισμῷ,
2379 3441 2454 3504 ὡς
2481 3441 2662 3510 οἰκείᾳ
2686 3439 2918 3510 δυνάμει
2953 3438 3048 3492 τοῦ
3079 3440 3212 3510 ἐμοῦ
3243 3441 3666 3511 περιγενόμενος

2078 3531 2231 3590 λαοῦ.
2266 3531 2420 3598 Εἶτα,
2459 3531 2534 3604 μὴ
2575 3531 2865 3604 ἀρκεσθεὶς
2901 3535 2968 3602 τῇ
2999 3531 3204 3584 τούτων
3232 3531 3534 3604 πολιορκίᾳ,
3561 3550 3666 3603 μυ-

2083 3625 2174 3698 ρία
2215 3623 2348 3678 ἄλλα
2377 3623 2504 3694 ἔθνη
2543 3621 2905 3693 μετέρχεσθαι
2929 3622 3161 3686 ἀπειλεῖ,
3192 3623 3268 3686 ὡς
3294 3623 3386 3676 τοῦ
3418 3625 3666 3694 κρείττο-

2077 3733 2170 3781 τος
2200 3716 2292 3770 καὶ
2316 3713 2435 3786 Θεῷ
2459 3713 2819 3784 ἀνακειμένου
2851 3715 3154 3785 κρατήσας.
3183 3715 3274 3768 Διὸ
3295 3715 3357 3786 δὴ
3393 3715 3501 3770 τῶν
3529 3717 3668 3770 ὑπο-

2079 3810 2300 3881 χειρίων
2347 3805 2496 3878 αὐτῷ
2541 3807 2848 3878 γενομένων
2897 3805 3289 3877 θαυμαζόντων
3335 3808 3520 3867 αὐτὸν.
3567 3811 3668 3864 καὶ

2078 3901 2370 3970 λεγόντων,
2397 3919 2416 3952 ι
2451 3900 2524 3952 Σὺ
2561 3899 2722 3970 μόνος
2755 3894 2804 3952 εἷ
2847 3899 3052 3971 ἄρχων,
3089 3917 3108 3948 ι
3143 3899 3496 3970 ἀποκρίνεται
3527 3901 3665 3974 πρὸς

2079 3995 2278 4057 αὐτοὺς
2327 3993 2422 4048 καὶ
2465 3991 2642 4060 λέγει·
2693 3993 2920 4062 Μήποτε
2963 3989 3178 4044 καλεῖτε
3221 3991 3477 4062 ἄρχοντα,
3527 3995 3666 4064 μηδὲ

2083 4085 2292 4156 κύριον⁶
2319 4085 2444 4136 ἐπεὶ
2475 4083 2700 4154 μηδέπω
2739 4082 2918 4146 πάσας
2947 4081 3188 4154 εἰλήφειν
3225 4083 3321 4148 τὰς
3349 4086 3664 4158 ἅπανταχοῦ

2079 4175 2261 4248 χώρας
2282 4193 2295 4205 ·
2333 4173 2494 4246 πλὴν,

2155 4287 2174 4318 ι
2209 4267 2304 4320 Ὃν
2333 4266 2533 4338 τρόπον
2557 4263 2762 4328 ταύτας
2792 4265 3006 4330 ἔλαϐον,
3033 4265 3176 4320 οὕτω
3215 4269 3310 4322 καὶ
3359 4269 3536 4332 πάσας
3563 4269 3664 4334 τὰς

2077 4358 2252 4432 ἀρχὰς
2283 4356 2547 4429 λήψομαι,
2594 4355 2914 4421 Ὀλολύξατε
2953 4357 3023 4411 τὰ
3053 4361 3265 4428 γλυπτὰ
3293 4363 3350 4414 ὲν
3389 4363 3663 4434 Ἰερουσα-

2079 4451 2194 4523 λὴμ
2219 4450 2315 4504 καὶ⁹
2339 4451 2396 4502 ἐν
2426 4448 2730 4520 Σαμαρείᾳ.
2770 4468 2788 4501 ι
2819 4450 2962 4522 Πρὸς
2985 4451 3184 4516 αὐτούς
3217 4470 3278 4506 τε
3309 4455 3435 4518 τοὺς
3477 4453 3666 4508 Ἀσσυ·

2084 4543 2228 4618 ρίους
2255 4542 2349 4596 καὶ
2371 4541 2460 4594 τὸν
2487 4541 2722 4611 ἄρχοντα
2747 4541 2946 4602 αὐτῶν,
2973 4543 3196 4598 τοιαῦτα
3235 4545 3664 4610 καταλαζονευοο-

2082 4635 2276 4707 μένους
2302 4633 2651 4688 ἀποτείνεται
2688 4631 2890 4700 λέγων·
2933 4633 3070 4688 Οὐαὶ
3112 4635 3434 4706 Ἀσσυρίοις,
3473 4637 3557 4690 ὃτι
3586 4637 3670 4710 μὴ

2080 4729 2321 4798 συνῆκαν
2357 4725 2434 4790 ὡς
2474 4725 2582 4793 ἄρα
2610 4728 2642 4796 ή
2673 4725 2781 4796 ἐμὴ
2811 4726 2948 4798 ὀργὴ
2996 4729 3030 4799 ή
3073 4729 3214 4782 κατὰ
3257 4729 3366 4782 τῶν
3407 4729 3666 4801 πλημμε-

2081 4817 2315 4871 λούντων
2343 4816 2442 4887 τὴν
2471 4815 2718 4882 ἐξουσίαν
2741 4816 2924 4881 αὐτοῖς
2953 4819 3051 4888 τῆς
3076 4819 3340 4892 τοσαύτης
3377 4821 3546 4894 ὀργῆς
3573 4823 3666 4876 δέ»-

2081 4911 2282 4964 δωκεν·
2319 4908 2456 4962 ἀλλὰ
2497 4911 2564 4980 τῇ
2595 4908 2805 4963 ἑαυτῶν
2837 4909 3066 4981 δυνάμει
3111 4914 3510 4984 κεκρατηκέναι
3553 4915 3676 4968 τῶν-

2081 5000 2254 5054 ἐθνῶν
2283 4999 2570 5054 ὑπέλαϐον.

2155 5111 2174 5144 ι
2218 5094 2312 5146 Ὃν
2339 5095 2538 5163 τρόπον
2565 5091 2674 5163 γὰρ
2703 5091 2936 5163 ἐποίησα
2971 5093 3256 5166 Σαμαρείᾳ
3293 5097 3386 5150 καὶ
3409 5100 3521 5161 τοῖς
3549 5115 3670 5168 χει..

2087 5188 2391 5258 ροποιήτοις
2413 5183 2604 5254 αὐτῆς,
2639 5183 2782 5238 οὕτω
2813 5187 3024 5256 ποιήσω
3057 5187 3151 5240 καὶ
3189 5187 3542 5262 Ἰερουσαλὴμ
3567 5193 3664 5244 καὶ

2082 5280 2194 5342 τοῖς
2219 5276 2456 5340 εἰδώλοις
2489 5276 2677 5347 αὐτῆς.
2727 5295 2746 5330 ι
2791 5277 2870 5330 Τὰ
2915 5279 3005 5331 ἴσα
3034 5278 3214 5334 τοίνυν
3259 5283 3324 5352 τῇ
3377 5281 3668 5353 Σαμαρείᾳ

2082 5371 2174 5424 καὶ
2219 5369 2315 5442 τήν
2353 5367 2710 5441 Ἰερουσαλὴμ
2737 5367 3021 5424 πείσεσθαι
3052 5370 3282 5425 ἀπειλεῖ.
3317 5373 3576 5446 Προλέγει
3599 5374 3660 5428 δὲ

2079 5461 2252 5516 ταῦτα
2282 5458 2722 5532 προκαλούμενος
2755 5461 2836 5524 εἰς
2865 5461 3202 5534 ἐπιστροφὴν
3235 5465 3331 5518 καὶ
3369 5464 3672 5535 μετάνοιαν,

2074 5559 2201 5618 τοὺς
2233 5553 2552 5618 ἀκούοντας,
2581 5552 2730 5624 φόϐῳ
2753 5569 2811 5606 τε
2851 5551 2946 5606 τοῦ
2977 5555 3413 5626 παραδείγματος
3441 5573 3658 5630 σωφρο-

2077 5645 2238 5711 νίζων
2273 5645 2487 5710 αὐτούς.
2517 5645 2593 5699 Οὐ
2624 5644 2732 5717 γὰρ
2773 5647 2801 5700 ὁ
2855 5645 3156 5718 Ἀσσύριος,
3203 5648 3388 5720 φησὶν,
3431 5651 3660 5722 ἐποίησε

2079 5739 2146 5795 τὰ
2173 5739 2314 5796 κατὰ
2337 5741 2436 5813 τῆς
2467 5739 2798 5812 Σαμαρείας,
2823 5738 2938 5796 ἀλλ’
2965 5739 3078 5810 ἐγὼ
3098 5741 3126 5796 ὁ
3149 5741 3280 5806 Θεὸς
3303 5742 3392 5798 διὰ
3419 5744 3517 5808 τὰς
3545 5744 3664 5800 τῶν»
