  <div class='ocr_page' id='page_1' title='image "/cluster/home/n/w/nwhite01/storage/ocr_20150623/24/hvd.32044073501108/088.png"; bbox 0 0 4062 6400; ppageno 0'>
   <div class='ocr_carea' id='block_1_1' title="bbox 420 378 518 439">
    <p class='ocr_par' dir='ltr' id='par_1_1' title="bbox 420 378 518 439">
     <span class='ocr_line' id='line_1_1' title="bbox 420 378 518 439; baseline -0.061 1"><span class='ocrx_word' id='word_1_1' title='bbox 420 378 518 439; x_wconf 69' lang='lat' dir='ltr'><strong>l6!</strong></span> 
     </span>
    </p>
   </div>
   <div class='ocr_carea' id='block_1_2' title="bbox 1373 364 2679 428">
    <p class='ocr_par' dir='ltr' id='par_1_2' title="bbox 1373 364 2679 428">
     <span class='ocr_line' id='line_1_2' title="bbox 1373 364 2679 428; baseline -0.003 -1"><span class='ocrx_word' id='word_1_2' title='bbox 1373 366 1873 428; x_wconf 74' lang='lat' dir='ltr'><strong>COMMENTARIA</strong></span> <span class='ocrx_word' id='word_1_3' title='bbox 1916 367 1984 423; x_wconf 79' lang='lat' dir='ltr'><strong>1N</strong></span> <span class='ocrx_word' id='word_1_4' title='bbox 2022 365 2275 423; x_wconf 78' lang='lat' dir='ltr'><strong>ISAIAM.</strong></span> <span class='ocrx_word' id='word_1_5' title='bbox 2315 396 2385 409; x_wconf 91' lang='lat'><strong>-—</strong></span> <span class='ocrx_word' id='word_1_6' title='bbox 2418 364 2575 422; x_wconf 80' lang='lat' dir='ltr'><strong>CAP.</strong></span> <span class='ocrx_word' id='word_1_7' title='bbox 2613 364 2679 423; x_wconf 79' lang='grc' dir='ltr'><strong>Χ.</strong></span> 
     </span>
    </p>
   </div>
   <div class='ocr_carea' id='block_1_3' title="bbox 3560 355 3665 411">
    <p class='ocr_par' dir='ltr' id='par_1_3' title="bbox 3560 355 3665 411">
     <span class='ocr_line' id='line_1_3' title="bbox 3560 355 3665 411; baseline 0 -1"><span class='ocrx_word' id='word_1_8' title='bbox 3560 355 3665 411; x_wconf 57' lang='lat' dir='ltr'><strong>lli!</strong></span> 
     </span>
    </p>
   </div>
   <div class='ocr_carea' id='block_1_4' title="bbox 417 479 2027 571">
    <p class='ocr_par' dir='ltr' id='par_1_4' title="bbox 417 488 2008 571">
     <span class='ocr_line' id='line_1_4' title="bbox 417 488 2008 571; baseline -0.007 -17"><span class='ocrx_word' id='word_1_9' title='bbox 417 497 720 571; x_wconf 74' lang='grc' dir='ltr'><strong>οἰκητόρων</strong></span> <span class='ocrx_word' id='word_1_10' title='bbox 746 494 1023 559; x_wconf 89' lang='grc' dir='ltr'>ἀσεϐείας.</span> <span class='ocrx_word' id='word_1_11' title='bbox 1049 492 1258 547; x_wconf 82' lang='grc' dir='ltr'>Οὐκοῦν</span> <span class='ocrx_word' id='word_1_12' title='bbox 1285 491 1429 546; x_wconf 82' lang='grc' dir='ltr'>κατὰ</span> <span class='ocrx_word' id='word_1_13' title='bbox 1451 492 1544 545; x_wconf 80' lang='grc' dir='ltr'><strong>τὸν</strong></span> <span class='ocrx_word' id='word_1_14' title='bbox 1565 489 1659 544; x_wconf 86' lang='grc' dir='ltr'><strong>τοῦ</strong></span> <span class='ocrx_word' id='word_1_15' title='bbox 1680 491 1891 544; x_wconf 83' lang='grc' dir='ltr'><strong>δικαίου</strong></span> <span class='ocrx_word' id='word_1_16' title='bbox 1922 488 2008 543; x_wconf 80' lang='grc' dir='ltr'><strong>λό-</strong></span> 
     </span>
    </p>
   </div>
   <div class='ocr_carea' id='block_1_5' title="bbox 2130 479 3667 571">
    <p class='ocr_par' dir='ltr' id='par_1_5' title="bbox 2130 479 3667 555">
     <span class='ocr_line' id='line_1_5' title="bbox 2130 479 3667 555; baseline -0.005 -14"><span class='ocrx_word' id='word_1_17' title='bbox 2130 497 2272 541; x_wconf 87' lang='lat' dir='ltr'><strong>ates.</strong></span> <span class='ocrx_word' id='word_1_18' title='bbox 2298 485 2467 555; x_wconf 82' lang='lat' dir='ltr'><strong>Igitur</strong></span> <span class='ocrx_word' id='word_1_19' title='bbox 2490 487 2767 542; x_wconf 76' lang='lat' dir='ltr'><strong>secundm</strong></span> <span class='ocrx_word' id='word_1_20' title='bbox 2799 481 3074 551; x_wconf 70' lang='lat' dir='ltr'><strong>aequitatis</strong></span> <span class='ocrx_word' id='word_1_21' title='bbox 3112 479 3280 549; x_wconf 84' lang='lat' dir='ltr'><strong>leges,</strong></span> <span class='ocrx_word' id='word_1_22' title='bbox 3321 492 3422 549; x_wconf 88' lang='lat' dir='ltr'><strong>par</strong></span> <span class='ocrx_word' id='word_1_23' title='bbox 3443 487 3528 531; x_wconf 90' lang='lat' dir='ltr'><strong>est</strong></span> <span class='ocrx_word' id='word_1_24' title='bbox 3568 490 3667 533; x_wconf 67' lang='lat' dir='ltr'><strong>eos</strong></span> 
     </span>
    </p>
   </div>
   <div class='ocr_carea' id='block_1_6' title="bbox 418 587 2005 667">
    <p class='ocr_par' dir='ltr' id='par_1_6' title="bbox 418 587 2005 667">
     <span class='ocr_line' id='line_1_6' title="bbox 418 587 2005 667; baseline -0.005 -18"><span class='ocrx_word' id='word_1_25' title='bbox 418 614 514 667; x_wconf 92' lang='grc' dir='ltr'><strong>γον</strong></span> <span class='ocrx_word' id='word_1_26' title='bbox 549 595 644 649; x_wconf 79' lang='grc' dir='ltr'><strong>καὶ</strong></span> <span class='ocrx_word' id='word_1_27' title='bbox 681 596 808 657; x_wconf 74' lang='grc' dir='ltr'>τοὺς</span> <span class='ocrx_word' id='word_1_28' title='bbox 856 594 913 646; x_wconf 86' lang='grc' dir='ltr'><strong>ἐν</strong></span> <span class='ocrx_word' id='word_1_29' title='bbox 943 596 1010 664; x_wconf 85' lang='grc' dir='ltr'>τῇ</span> <span class='ocrx_word' id='word_1_30' title='bbox 1052 589 1405 665; x_wconf 75' lang='grc' dir='ltr'>Ἰερουσαλὴμ</span> <span class='ocrx_word' id='word_1_31' title='bbox 1439 589 1585 654; x_wconf 84' lang='grc' dir='ltr'>είκὸς</span> <span class='ocrx_word' id='word_1_32' title='bbox 1634 587 2005 660; x_wconf 87' lang='grc' dir='ltr'>παραδοθήσε-</span> 
     </span>
    </p>
   </div>
   <div class='ocr_carea' id='block_1_7' title="bbox 424 675 2006 757">
    <p class='ocr_par' dir='ltr' id='par_1_7' title="bbox 424 675 2006 757">
     <span class='ocr_line' id='line_1_7' title="bbox 424 675 2006 757; baseline -0.007 -16"><span class='ocrx_word' id='word_1_33' title='bbox 424 687 547 741; x_wconf 89' lang='grc' dir='ltr'>σθαι</span> <span class='ocrx_word' id='word_1_34' title='bbox 570 688 639 757; x_wconf 77' lang='grc' dir='ltr'>τῇ</span> <span class='ocrx_word' id='word_1_35' title='bbox 667 685 756 756; x_wconf 70' lang='grc' dir='ltr'>ἴση</span> <span class='ocrx_word' id='word_1_36' title='bbox 785 683 1095 756; x_wconf 71' lang='grc' dir='ltr'><strong>πολιορκίᾳ,</strong></span> <span class='ocrx_word' id='word_1_37' title='bbox 1126 682 1201 746; x_wconf 85' lang='grc' dir='ltr'><strong>ὡς</strong></span> <span class='ocrx_word' id='word_1_38' title='bbox 1224 680 1293 735; x_wconf 81' lang='grc' dir='ltr'><strong>τὰ</strong></span> <span class='ocrx_word' id='word_1_39' title='bbox 1330 679 1535 750; x_wconf 87' lang='grc' dir='ltr'>ἀδελφά</span> <span class='ocrx_word' id='word_1_40' title='bbox 1560 675 2006 751; x_wconf 75' lang='grc' dir='ltr'>μεταχειριζομέ-</span> 
     </span>
    </p>
   </div>
   <div class='ocr_carea' id='block_1_8' title="bbox 421 772 1522 848">
    <p class='ocr_par' dir='ltr' id='par_1_8' title="bbox 421 772 1522 848">
     <span class='ocr_line' id='line_1_8' title="bbox 421 772 1522 848; baseline -0.007 -16"><span class='ocrx_word' id='word_1_41' title='bbox 421 796 545 843; x_wconf 87' lang='grc' dir='ltr'>νους</span> <span class='ocrx_word' id='word_1_42' title='bbox 571 778 685 841; x_wconf 83' lang='grc' dir='ltr'>τοῖς</span> <span class='ocrx_word' id='word_1_43' title='bbox 711 776 781 830; x_wconf 83' lang='grc' dir='ltr'>τὰ</span> <span class='ocrx_word' id='word_1_44' title='bbox 817 775 1182 848; x_wconf 84' lang='grc' dir='ltr'>προλεχθέντα</span> <span class='ocrx_word' id='word_1_45' title='bbox 1210 772 1522 827; x_wconf 77' lang='grc' dir='ltr'><strong>πεπονθόσι.</strong></span> 
     </span>
    </p>
   </div>
   <div class='ocr_carea' id='block_1_9' title="bbox 501 861 2007 938">
    <p class='ocr_par' dir='ltr' id='par_1_9' title="bbox 501 861 2007 938">
     <span class='ocr_line' id='line_1_9' title="bbox 501 861 2007 938; baseline -0.003 -18"><span class='ocrx_word' id='word_1_46' title='bbox 501 889 520 920; x_wconf 79' lang='grc' dir='ltr'><strong>ι</strong></span> <span class='ocrx_word' id='word_1_47' title='bbox 557 868 667 924; x_wconf 75' lang='grc' dir='ltr'>Καὶ</span> <span class='ocrx_word' id='word_1_48' title='bbox 695 868 868 932; x_wconf 70' lang='grc' dir='ltr'>ἔσται,</span> <span class='ocrx_word' id='word_1_49' title='bbox 903 867 1031 921; x_wconf 85' lang='grc' dir='ltr'>ὅταν</span> <span class='ocrx_word' id='word_1_50' title='bbox 1065 865 1355 937; x_wconf 78' lang='grc' dir='ltr'><strong>συντελέσῃ</strong></span> <span class='ocrx_word' id='word_1_51' title='bbox 1389 865 1595 938; x_wconf 81' lang='grc' dir='ltr'>Κύριος</span> <span class='ocrx_word' id='word_1_52' title='bbox 1635 864 1812 918; x_wconf 88' lang='grc' dir='ltr'>πάντα</span> <span class='ocrx_word' id='word_1_53' title='bbox 1838 861 2007 916; x_wconf 87' lang='grc' dir='ltr'>ποιῶν</span> 
     </span>
    </p>
   </div>
   <div class='ocr_carea' id='block_1_10' title="bbox 428 952 2010 1030">
    <p class='ocr_par' dir='ltr' id='par_1_10' title="bbox 428 952 2010 1030">
     <span class='ocr_line' id='line_1_10' title="bbox 428 952 2010 1030; baseline -0.006 -15"><span class='ocrx_word' id='word_1_54' title='bbox 428 963 486 1016; x_wconf 85' lang='grc' dir='ltr'><strong>ἐν</strong></span> <span class='ocrx_word' id='word_1_55' title='bbox 524 957 601 1030; x_wconf 77' lang='grc' dir='ltr'>τῷ</span> <span class='ocrx_word' id='word_1_56' title='bbox 642 959 757 1030; x_wconf 72' lang='lat' dir='ltr'><strong>lipsi.</strong></span> <span class='ocrx_word' id='word_1_57' title='bbox 785 955 923 1011; x_wconf 87' lang='grc' dir='ltr'>Σιὼν</span> <span class='ocrx_word' id='word_1_58' title='bbox 953 957 1045 1012; x_wconf 74' lang='grc' dir='ltr'><strong>καὶ</strong></span> <span class='ocrx_word' id='word_1_59' title='bbox 1086 955 1463 1030; x_wconf 75' lang='grc' dir='ltr'>Ἰερουσαλὴμ,</span> <span class='ocrx_word' id='word_1_60' title='bbox 1502 954 1870 1030; x_wconf 74' lang='grc' dir='ltr'><strong>ἐπισκέψομαι</strong></span> <span class='ocrx_word' id='word_1_61' title='bbox 1916 952 2010 1006; x_wconf 72' lang='grc' dir='ltr'>ἐπὶ</span> 
     </span>
    </p>
   </div>
   <div class='ocr_carea' id='block_1_11' title="bbox 426 1029 2008 1121">
    <p class='ocr_par' dir='ltr' id='par_1_11' title="bbox 426 1029 2008 1121">
     <span class='ocr_line' id='line_1_11' title="bbox 426 1029 2008 1121; baseline -0.005 -15"><span class='ocrx_word' id='word_1_62' title='bbox 426 1053 518 1106; x_wconf 81' lang='grc' dir='ltr'><strong>τὸν</strong></span> <span class='ocrx_word' id='word_1_63' title='bbox 539 1029 662 1105; x_wconf 87' lang='grc' dir='ltr'>νοῦν</span> <span class='ocrx_word' id='word_1_64' title='bbox 678 1029 774 1104; x_wconf 80' lang='grc' dir='ltr'><strong>τὸν</strong></span> <span class='ocrx_word' id='word_1_65' title='bbox 804 1050 999 1121; x_wconf 87' lang='grc' dir='ltr'>μέγαν,</span> <span class='ocrx_word' id='word_1_66' title='bbox 1034 1050 1127 1104; x_wconf 77' lang='grc' dir='ltr'><strong>ἐπὶ</strong></span> <span class='ocrx_word' id='word_1_67' title='bbox 1162 1048 1252 1103; x_wconf 80' lang='grc' dir='ltr'><strong>τὸν</strong></span> <span class='ocrx_word' id='word_1_68' title='bbox 1275 1049 1511 1121; x_wconf 79' lang='grc' dir='ltr'>ἄρχοντα</span> <span class='ocrx_word' id='word_1_69' title='bbox 1533 1046 1643 1100; x_wconf 86' lang='grc' dir='ltr'><strong>τῶν</strong></span> <span class='ocrx_word' id='word_1_70' title='bbox 1685 1029 2008 1118; x_wconf 68' lang='grc' dir='ltr'>Ἀσσυρίων,</span> 
     </span>
    </p>
   </div>
   <div class='ocr_carea' id='block_1_12' title="bbox 428 1138 2004 1213">
    <p class='ocr_par' dir='ltr' id='par_1_12' title="bbox 428 1138 2004 1213">
     <span class='ocr_line' id='line_1_12' title="bbox 428 1138 2004 1213; baseline -0.005 -14"><span class='ocrx_word' id='word_1_71' title='bbox 428 1144 525 1199; x_wconf 60' lang='grc' dir='ltr'><strong>καὶ¹</strong></span> <span class='ocrx_word' id='word_1_72' title='bbox 555 1145 647 1197; x_wconf 75' lang='grc' dir='ltr'><strong>ἐπὶ</strong></span> <span class='ocrx_word' id='word_1_73' title='bbox 686 1143 748 1197; x_wconf 85' lang='grc' dir='ltr'><strong>τὸ</strong></span> <span class='ocrx_word' id='word_1_74' title='bbox 787 1141 919 1213; x_wconf 71' lang='grc' dir='ltr'>ὕψος</span> <span class='ocrx_word' id='word_1_75' title='bbox 955 1142 1057 1212; x_wconf 86' lang='grc' dir='ltr'>τῆς</span> <span class='ocrx_word' id='word_1_76' title='bbox 1097 1141 1255 1213; x_wconf 80' lang='grc' dir='ltr'><strong>δόξης</strong></span> <span class='ocrx_word' id='word_1_77' title='bbox 1292 1142 1401 1194; x_wconf 89' lang='grc' dir='ltr'><strong>τῶν</strong></span> <span class='ocrx_word' id='word_1_78' title='bbox 1434 1138 1732 1212; x_wconf 78' lang='grc' dir='ltr'><strong>ὀφθαλμῶν</strong></span> <span class='ocrx_word' id='word_1_79' title='bbox 1760 1138 1946 1193; x_wconf 78' lang='grc' dir='ltr'>αὑτοῦ.</span> <span class='ocrx_word' id='word_1_80' title='bbox 1985 1158 2004 1191; x_wconf 65' lang='grc' dir='ltr'><strong><em>μ</em></strong></span> 
     </span>
    </p>
   </div>
   <div class='ocr_carea' id='block_1_13' title="bbox 440 1230 2011 1305">
    <p class='ocr_par' dir='ltr' id='par_1_13' title="bbox 440 1230 2011 1305">
     <span class='ocr_line' id='line_1_13' title="bbox 440 1230 2011 1305; baseline -0.004 -17"><span class='ocrx_word' id='word_1_81' title='bbox 440 1234 772 1298; x_wconf 73' lang='grc' dir='ltr'>’Δκολούθως</span> <span class='ocrx_word' id='word_1_82' title='bbox 792 1232 881 1287; x_wconf 81' lang='grc' dir='ltr'>διὰ</span> <span class='ocrx_word' id='word_1_83' title='bbox 904 1232 1012 1286; x_wconf 89' lang='grc' dir='ltr'><strong>τῶν</strong></span> <span class='ocrx_word' id='word_1_84' title='bbox 1038 1232 1414 1305; x_wconf 81' lang='grc' dir='ltr'>προκειμένων</span> <span class='ocrx_word' id='word_1_85' title='bbox 1441 1230 1728 1296; x_wconf 84' lang='grc' dir='ltr'>διδάσκων,</span> <span class='ocrx_word' id='word_1_86' title='bbox 1757 1231 1838 1284; x_wconf 87' lang='grc' dir='ltr'>ὅτι</span> <span class='ocrx_word' id='word_1_87' title='bbox 1873 1230 2011 1294; x_wconf 85' lang='grc' dir='ltr'>τέως</span> 
     </span>
    </p>
   </div>
   <div class='ocr_carea' id='block_1_14' title="bbox 431 1322 2013 1400">
    <p class='ocr_par' dir='ltr' id='par_1_14' title="bbox 431 1322 2013 1400">
     <span class='ocr_line' id='line_1_14' title="bbox 431 1322 2013 1400; baseline -0.004 -18"><span class='ocrx_word' id='word_1_88' title='bbox 431 1329 531 1400; x_wconf 85' lang='grc' dir='ltr'><strong>μὲν</strong></span> <span class='ocrx_word' id='word_1_89' title='bbox 588 1325 861 1399; x_wconf 85' lang='grc' dir='ltr'>Ἀσσύριοι</span> <span class='ocrx_word' id='word_1_90' title='bbox 890 1325 986 1379; x_wconf 81' lang='grc' dir='ltr'>καὶ</span> <span class='ocrx_word' id='word_1_91' title='bbox 1010 1327 1038 1379; x_wconf 99' lang='lat'><strong>6</strong></span> <span class='ocrx_word' id='word_1_92' title='bbox 1064 1326 1269 1379; x_wconf 86' lang='grc' dir='ltr'>τούτων</span> <span class='ocrx_word' id='word_1_93' title='bbox 1304 1326 1509 1398; x_wconf 80' lang='grc' dir='ltr'>ἄρχων,</span> <span class='ocrx_word' id='word_1_94' title='bbox 1559 1325 1610 1377; x_wconf 84' lang='grc' dir='ltr'><strong>εί</strong></span> <span class='ocrx_word' id='word_1_95' title='bbox 1648 1325 1744 1379; x_wconf 72' lang='grc' dir='ltr'><strong>καὶ</strong></span> <span class='ocrx_word' id='word_1_96' title='bbox 1785 1322 2013 1377; x_wconf 87' lang='grc' dir='ltr'>τοιαῦτα</span> 
     </span>
    </p>
   </div>
   <div class='ocr_carea' id='block_1_15' title="bbox 429 1415 2014 1490">
    <p class='ocr_par' dir='ltr' id='par_1_15' title="bbox 429 1415 2014 1490">
     <span class='ocr_line' id='line_1_15' title="bbox 429 1415 2014 1490; baseline -0.004 -17"><span class='ocrx_word' id='word_1_97' title='bbox 429 1422 588 1473; x_wconf 86' lang='grc' dir='ltr'>ὁποῖα</span> <span class='ocrx_word' id='word_1_98' title='bbox 631 1417 922 1490; x_wconf 88' lang='grc' dir='ltr'>δεδήλωται</span> <span class='ocrx_word' id='word_1_99' title='bbox 984 1416 1480 1489; x_wconf 86' lang='grc' dir='ltr'>ἀπηυθαδιάσαντο,</span> <span class='ocrx_word' id='word_1_100' title='bbox 1536 1415 1634 1487; x_wconf 78' lang='grc' dir='ltr'>τὴν</span> <span class='ocrx_word' id='word_1_101' title='bbox 1699 1415 2014 1487; x_wconf 86' lang='grc' dir='ltr'>Σαμάρειαν</span> 
     </span>
    </p>
   </div>
   <div class='ocr_carea' id='block_1_16' title="bbox 431 1506 2016 1583">
    <p class='ocr_par' dir='ltr' id='par_1_16' title="bbox 431 1506 2016 1583">
     <span class='ocr_line' id='line_1_16' title="bbox 431 1506 2016 1583; baseline -0.004 -17"><span class='ocrx_word' id='word_1_102' title='bbox 431 1511 743 1583; x_wconf 79' lang='grc' dir='ltr'>ὒποχείριον</span> <span class='ocrx_word' id='word_1_103' title='bbox 799 1509 1156 1581; x_wconf 85' lang='grc' dir='ltr'>πεποιημένοι</span> <span class='ocrx_word' id='word_1_104' title='bbox 1208 1511 1302 1564; x_wconf 77' lang='grc' dir='ltr'>καὶ</span> <span class='ocrx_word' id='word_1_105' title='bbox 1345 1510 1443 1579; x_wconf 84' lang='grc' dir='ltr'>τὴν</span> <span class='ocrx_word' id='word_1_106' title='bbox 1501 1506 1810 1579; x_wconf 80' lang='grc' dir='ltr'>Δαμασκὸν,</span> <span class='ocrx_word' id='word_1_107' title='bbox 1867 1507 2016 1578; x_wconf 85' lang='grc' dir='ltr'>ὅμως</span> 
     </span>
    </p>
   </div>
   <div class='ocr_carea' id='block_1_17' title="bbox 430 1598 2011 1673">
    <p class='ocr_par' dir='ltr' id='par_1_17' title="bbox 430 1598 2011 1673">
     <span class='ocr_line' id='line_1_17' title="bbox 430 1598 2011 1673; baseline -0.003 -17"><span class='ocrx_word' id='word_1_108' title='bbox 430 1603 610 1670; x_wconf 74' lang='grc' dir='ltr'>ἕξουσι</span> <span class='ocrx_word' id='word_1_109' title='bbox 637 1603 698 1656; x_wconf 79' lang='grc' dir='ltr'><strong>τὸ</strong></span> <span class='ocrx_word' id='word_1_110' title='bbox 727 1602 1005 1673; x_wconf 86' lang='grc' dir='ltr'>ἐνδόσιμον</span> <span class='ocrx_word' id='word_1_111' title='bbox 1041 1601 1137 1655; x_wconf 88' lang='grc' dir='ltr'><strong>τοῦ</strong></span> <span class='ocrx_word' id='word_1_112' title='bbox 1170 1601 1363 1673; x_wconf 84' lang='grc' dir='ltr'>χρόνου</span> <span class='ocrx_word' id='word_1_113' title='bbox 1398 1600 1561 1672; x_wconf 88' lang='grc' dir='ltr'>μέχρι</span> <span class='ocrx_word' id='word_1_114' title='bbox 1592 1598 1788 1672; x_wconf 83' lang='grc' dir='ltr'>καιροῦ</span> <span class='ocrx_word' id='word_1_115' title='bbox 1829 1616 1976 1661; x_wconf 85' lang='grc' dir='ltr'>τινος</span> <span class='ocrx_word' id='word_1_116' title='bbox 1997 1615 2011 1629; x_wconf 79' lang='grc'><strong><em>⁸</em></strong></span> 
     </span>
    </p>
   </div>
   <div class='ocr_carea' id='block_1_18' title="bbox 434 1690 2020 1767">
    <p class='ocr_par' dir='ltr' id='par_1_18' title="bbox 434 1690 2020 1767">
     <span class='ocr_line' id='line_1_18' title="bbox 434 1690 2020 1767; baseline -0.004 -19"><span class='ocrx_word' id='word_1_117' title='bbox 434 1695 554 1767; x_wconf 85' lang='grc' dir='ltr'>μεθ’</span> <span class='ocrx_word' id='word_1_118' title='bbox 586 1694 645 1748; x_wconf 80' lang='grc' dir='ltr'>ὃν</span> <span class='ocrx_word' id='word_1_119' title='bbox 672 1694 772 1747; x_wconf 82' lang='grc' dir='ltr'><strong>οὐκ</strong></span> <span class='ocrx_word' id='word_1_120' title='bbox 798 1692 877 1746; x_wconf 73' lang='grc' dir='ltr'>ἔτι</span> <span class='ocrx_word' id='word_1_121' title='bbox 924 1695 1250 1765; x_wconf 79' lang='grc' dir='ltr'>συστήσεται</span> <span class='ocrx_word' id='word_1_122' title='bbox 1288 1691 1465 1746; x_wconf 85' lang='grc' dir='ltr'>αὐτῶν</span> <span class='ocrx_word' id='word_1_123' title='bbox 1503 1693 1537 1764; x_wconf 86' lang='grc' dir='ltr'><strong>ή</strong></span> <span class='ocrx_word' id='word_1_124' title='bbox 1571 1691 1737 1764; x_wconf 80' lang='grc' dir='ltr'>ἀρχὴ,</span> <span class='ocrx_word' id='word_1_125' title='bbox 1784 1690 1884 1761; x_wconf 80' lang='grc' dir='ltr'>τῆς</span> <span class='ocrx_word' id='word_1_126' title='bbox 1917 1707 2020 1761; x_wconf 89' lang='grc' dir='ltr'>μα-</span> 
     </span>
    </p>
   </div>
   <div class='ocr_carea' id='block_1_19' title="bbox 433 1782 2014 1859">
    <p class='ocr_par' dir='ltr' id='par_1_19' title="bbox 433 1782 2014 1859">
     <span class='ocr_line' id='line_1_19' title="bbox 433 1782 2014 1859; baseline -0.004 -18"><span class='ocrx_word' id='word_1_127' title='bbox 433 1788 573 1859; x_wconf 77' lang='grc' dir='ltr'>κρᾶς</span> <span class='ocrx_word' id='word_1_128' title='bbox 601 1787 695 1841; x_wconf 74' lang='grc' dir='ltr'>καὶ</span> <span class='ocrx_word' id='word_1_129' title='bbox 720 1785 1041 1850; x_wconf 82' lang='grc' dir='ltr'>πολυτελοῦς</span> <span class='ocrx_word' id='word_1_130' title='bbox 1083 1784 1358 1858; x_wconf 81' lang='grc' dir='ltr'>βασιλείας</span> <span class='ocrx_word' id='word_1_131' title='bbox 1391 1786 1472 1849; x_wconf 86' lang='grc' dir='ltr'><strong>είς</strong></span> <span class='ocrx_word' id='word_1_132' title='bbox 1514 1785 1577 1838; x_wconf 82' lang='grc' dir='ltr'>τὸ</span> <span class='ocrx_word' id='word_1_133' title='bbox 1609 1782 1872 1845; x_wconf 83' lang='grc' dir='ltr'>παντελὲς</span> <span class='ocrx_word' id='word_1_134' title='bbox 1912 1799 2014 1835; x_wconf 88' lang='grc' dir='ltr'>κα-</span> 
     </span>
    </p>
   </div>
   <div class='ocr_carea' id='block_1_20' title="bbox 432 1878 897 1950">
    <p class='ocr_par' dir='ltr' id='par_1_20' title="bbox 432 1878 897 1950">
     <span class='ocr_line' id='line_1_20' title="bbox 432 1878 897 1950; baseline 0 -17"><span class='ocrx_word' id='word_1_135' title='bbox 432 1878 897 1950; x_wconf 84' lang='grc' dir='ltr'>ταλυθησομένης.</span> 
     </span>
    </p>
   </div>
   <div class='ocr_carea' id='block_1_21' title="bbox 509 1959 2021 2039">
    <p class='ocr_par' dir='ltr' id='par_1_21' title="bbox 509 1959 2021 2039">
     <span class='ocr_line' id='line_1_21' title="bbox 509 1959 2021 2039; baseline -0.006 -17"><span class='ocrx_word' id='word_1_136' title='bbox 509 1987 529 2021; x_wconf 77' lang='grc' dir='ltr'><strong>ι</strong></span> <span class='ocrx_word' id='word_1_137' title='bbox 573 1964 709 2022; x_wconf 83' lang='grc' dir='ltr'>Εἶπε</span> <span class='ocrx_word' id='word_1_138' title='bbox 733 1967 863 2039; x_wconf 85' lang='grc' dir='ltr'>γὰρ,</span> <span class='ocrx_word' id='word_1_139' title='bbox 895 1969 952 2022; x_wconf 85' lang='grc' dir='ltr'><strong>ἐν</strong></span> <span class='ocrx_word' id='word_1_140' title='bbox 993 1969 1060 2039; x_wconf 80' lang='grc' dir='ltr'>τῇ</span> <span class='ocrx_word' id='word_1_141' title='bbox 1091 1964 1235 2036; x_wconf 85' lang='grc' dir='ltr'>ίσχύῖ</span> <span class='ocrx_word' id='word_1_142' title='bbox 1267 1965 1500 2036; x_wconf 84' lang='grc' dir='ltr'>ποιήσω,</span> <span class='ocrx_word' id='word_1_143' title='bbox 1530 1963 1626 2016; x_wconf 78' lang='grc' dir='ltr'><strong>καὶ</strong></span> <span class='ocrx_word' id='word_1_144' title='bbox 1670 1963 1728 2016; x_wconf 86' lang='grc' dir='ltr'><strong>ἐν</strong></span> <span class='ocrx_word' id='word_1_145' title='bbox 1759 1964 1825 2034; x_wconf 79' lang='grc' dir='ltr'>τῇ</span> <span class='ocrx_word' id='word_1_146' title='bbox 1859 1959 2021 2031; x_wconf 66' lang='grc' dir='ltr'>σοφίᾳ</span> 
     </span>
    </p>
   </div>
   <div class='ocr_carea' id='block_1_22' title="bbox 432 2053 2022 2133">
    <p class='ocr_par' dir='ltr' id='par_1_22' title="bbox 432 2053 2022 2133">
     <span class='ocr_line' id='line_1_22' title="bbox 432 2053 2022 2133; baseline -0.007 -17"><span class='ocrx_word' id='word_1_147' title='bbox 432 2060 536 2133; x_wconf 83' lang='grc' dir='ltr'>τῆς</span> <span class='ocrx_word' id='word_1_148' title='bbox 563 2061 828 2125; x_wconf 88' lang='grc' dir='ltr'>συνέσεως</span> <span class='ocrx_word' id='word_1_149' title='bbox 852 2059 1034 2129; x_wconf 84' lang='grc' dir='ltr'>ἀφελῶ</span> <span class='ocrx_word' id='word_1_150' title='bbox 1054 2060 1180 2131; x_wconf 84' lang='grc' dir='ltr'>ὅρια</span> <span class='ocrx_word' id='word_1_151' title='bbox 1205 2056 1397 2121; x_wconf 84' lang='grc' dir='ltr'>ἐθνῶν,</span> <span class='ocrx_word' id='word_1_152' title='bbox 1422 2055 1515 2110; x_wconf 76' lang='grc' dir='ltr'><strong>καὶ</strong></span> <span class='ocrx_word' id='word_1_153' title='bbox 1538 2054 1636 2126; x_wconf 86' lang='grc' dir='ltr'><strong>τὴν</strong></span> <span class='ocrx_word' id='word_1_154' title='bbox 1666 2056 1817 2126; x_wconf 83' lang='grc' dir='ltr'>ἰσχὺν</span> <span class='ocrx_word' id='word_1_155' title='bbox 1845 2053 2022 2107; x_wconf 80' lang='grc' dir='ltr'>αὐτῶν</span> 
     </span>
    </p>
   </div>
   <div class='ocr_carea' id='block_1_23' title="bbox 436 2144 2022 2226">
    <p class='ocr_par' dir='ltr' id='par_1_23' title="bbox 436 2144 2022 2226">
     <span class='ocr_line' id='line_1_23' title="bbox 436 2144 2022 2226; baseline -0.009 -15"><span class='ocrx_word' id='word_1_156' title='bbox 436 2153 813 2226; x_wconf 86' lang='grc' dir='ltr'>προνομεύσω.</span> <span class='ocrx_word' id='word_1_157' title='bbox 850 2172 868 2205; x_wconf 76' lang='grc' dir='ltr'><strong>ι</strong></span> <span class='ocrx_word' id='word_1_158' title='bbox 922 2153 1015 2224; x_wconf 81' lang='grc' dir='ltr'><strong>Μὴ</strong></span> <span class='ocrx_word' id='word_1_159' title='bbox 1060 2151 1183 2215; x_wconf 72' lang='grc' dir='ltr'>δοὺς</span> <span class='ocrx_word' id='word_1_160' title='bbox 1218 2149 1327 2222; x_wconf 82' lang='grc' dir='ltr'>γὰρ</span> <span class='ocrx_word' id='word_1_161' title='bbox 1376 2148 1533 2214; x_wconf 84' lang='grc' dir='ltr'>δόξαν</span> <span class='ocrx_word' id='word_1_162' title='bbox 1577 2146 1657 2218; x_wconf 81' lang='grc' dir='ltr'>τῷ</span> <span class='ocrx_word' id='word_1_163' title='bbox 1702 2145 1842 2217; x_wconf 78' lang='grc' dir='ltr'>Θεῷ,</span> <span class='ocrx_word' id='word_1_164' title='bbox 1886 2144 2022 2216; x_wconf 81' lang='grc' dir='ltr'>μηδὲ</span> 
     </span>
    </p>
   </div>
   <div class='ocr_carea' id='block_1_24' title="bbox 436 2233 2026 2318">
    <p class='ocr_par' dir='ltr' id='par_1_24' title="bbox 436 2233 2026 2318">
     <span class='ocr_line' id='line_1_24' title="bbox 436 2233 2026 2318; baseline -0.008 -17"><span class='ocrx_word' id='word_1_165' title='bbox 436 2247 813 2318; x_wconf 81' lang='grc' dir='ltr'>λογισάμενος,</span> <span class='ocrx_word' id='word_1_166' title='bbox 844 2247 926 2300; x_wconf 83' lang='grc' dir='ltr'>ὅτι</span> <span class='ocrx_word' id='word_1_167' title='bbox 954 2247 982 2299; x_wconf 85' lang='grc'>6</span> <span class='ocrx_word' id='word_1_168' title='bbox 1013 2243 1120 2297; x_wconf 89' lang='grc' dir='ltr'><strong>τῶν</strong></span> <span class='ocrx_word' id='word_1_169' title='bbox 1149 2241 1286 2296; x_wconf 79' lang='grc' dir='ltr'>ὅλων</span> <span class='ocrx_word' id='word_1_170' title='bbox 1329 2240 1460 2304; x_wconf 80' lang='grc' dir='ltr'>Θεὸς</span> <span class='ocrx_word' id='word_1_171' title='bbox 1491 2239 1655 2303; x_wconf 84' lang='grc' dir='ltr'>αὐτὸς</span> <span class='ocrx_word' id='word_1_172' title='bbox 1684 2233 1752 2309; x_wconf 79' lang='grc' dir='ltr'>ἦν</span> <span class='ocrx_word' id='word_1_173' title='bbox 1793 2240 1821 2290; x_wconf 93' lang='lat'><strong>6</strong></span> <span class='ocrx_word' id='word_1_174' title='bbox 1847 2253 2026 2307; x_wconf 89' lang='grc' dir='ltr'>παρα-</span> 
     </span>
    </p>
   </div>
   <div class='ocr_carea' id='block_1_25' title="bbox 438 2327 2023 2410">
    <p class='ocr_par' dir='ltr' id='par_1_25' title="bbox 438 2327 2023 2410">
     <span class='ocr_line' id='line_1_25' title="bbox 438 2327 2023 2410; baseline -0.01 -14"><span class='ocrx_word' id='word_1_175' title='bbox 438 2340 563 2404; x_wconf 86' lang='grc' dir='ltr'>δοὺς</span> <span class='ocrx_word' id='word_1_176' title='bbox 585 2339 732 2410; x_wconf 80' lang='grc' dir='ltr'>αὐτῷ</span> <span class='ocrx_word' id='word_1_177' title='bbox 760 2338 962 2393; x_wconf 77' lang='grc' dir='ltr'>καὶτὸν</span> <span class='ocrx_word' id='word_1_178' title='bbox 999 2333 1217 2406; x_wconf 84' lang='grc' dir='ltr'>Ἰσραὴλ</span> <span class='ocrx_word' id='word_1_179' title='bbox 1246 2334 1341 2387; x_wconf 75' lang='grc' dir='ltr'><strong>καὶ</strong></span> <span class='ocrx_word' id='word_1_180' title='bbox 1372 2332 1465 2386; x_wconf 82' lang='grc' dir='ltr'><strong>τὸν</strong></span> <span class='ocrx_word' id='word_1_181' title='bbox 1501 2330 1727 2394; x_wconf 87' lang='grc' dir='ltr'>Ἰούδαν,</span> <span class='ocrx_word' id='word_1_182' title='bbox 1759 2329 1852 2382; x_wconf 75' lang='grc' dir='ltr'><strong>καὶ</strong></span> <span class='ocrx_word' id='word_1_183' title='bbox 1885 2327 2023 2381; x_wconf 85' lang='grc' dir='ltr'>πάν-</span> 
     </span>
    </p>
   </div>
   <div class='ocr_carea' id='block_1_26' title="bbox 439 2410 2023 2503">
    <p class='ocr_par' dir='ltr' id='par_1_26' title="bbox 439 2410 2023 2503">
     <span class='ocr_line' id='line_1_26' title="bbox 439 2410 2023 2503; baseline -0.009 -16"><span class='ocrx_word' id='word_1_184' title='bbox 439 2451 538 2496; x_wconf 91' lang='grc' dir='ltr'><strong>τας</strong></span> <span class='ocrx_word' id='word_1_185' title='bbox 569 2433 694 2496; x_wconf 81' lang='grc' dir='ltr'>τοὺς</span> <span class='ocrx_word' id='word_1_186' title='bbox 734 2429 1003 2503; x_wconf 80' lang='grc' dir='ltr'>τιμωρίας</span> <span class='ocrx_word' id='word_1_187' title='bbox 1049 2427 1252 2492; x_wconf 83' lang='grc' dir='ltr'>ἀξίους,</span> <span class='ocrx_word' id='word_1_188' title='bbox 1293 2425 1437 2497; x_wconf 91' lang='grc' dir='ltr'>μέγα</span> <span class='ocrx_word' id='word_1_189' title='bbox 1470 2410 1759 2495; x_wconf 81' lang='grc' dir='ltr'>ἐφρόνησε,</span> <span class='ocrx_word' id='word_1_190' title='bbox 1809 2421 2023 2492; x_wconf 89' lang='grc' dir='ltr'>διανοη-</span> 
     </span>
    </p>
   </div>
   <div class='ocr_carea' id='block_1_27' title="bbox 442 2511 2022 2594">
    <p class='ocr_par' dir='ltr' id='par_1_27' title="bbox 442 2511 2022 2594">
     <span class='ocr_line' id='line_1_27' title="bbox 442 2511 2022 2594; baseline -0.009 -17"><span class='ocrx_word' id='word_1_191' title='bbox 442 2522 557 2586; x_wconf 77' lang='grc' dir='ltr'>θεὶς</span> <span class='ocrx_word' id='word_1_192' title='bbox 589 2523 684 2576; x_wconf 77' lang='grc' dir='ltr'>καὶ</span> <span class='ocrx_word' id='word_1_193' title='bbox 727 2521 862 2594; x_wconf 79' lang='grc' dir='ltr'>πρὸς</span> <span class='ocrx_word' id='word_1_194' title='bbox 910 2518 1099 2573; x_wconf 79' lang='grc' dir='ltr'>ἑαυτὸν</span> <span class='ocrx_word' id='word_1_195' title='bbox 1153 2514 1344 2581; x_wconf 72' lang='grc' dir='ltr'>εἰπὼν,</span> <span class='ocrx_word' id='word_1_196' title='bbox 1391 2514 1533 2570; x_wconf 83' lang='grc' dir='ltr'>κατὰ</span> <span class='ocrx_word' id='word_1_197' title='bbox 1572 2513 1662 2568; x_wconf 83' lang='grc' dir='ltr'><strong>τὸν</strong></span> <span class='ocrx_word' id='word_1_198' title='bbox 1706 2511 2022 2584; x_wconf 85' lang='grc' dir='ltr'>Σύμμαχον,</span> 
     </span>
    </p>
   </div>
   <div class='ocr_carea' id='block_1_28' title="bbox 442 2603 2021 2685">
    <p class='ocr_par' dir='ltr' id='par_1_28' title="bbox 442 2603 2021 2685">
     <span class='ocr_line' id='line_1_28' title="bbox 442 2603 2021 2685; baseline -0.008 -18"><span class='ocrx_word' id='word_1_199' title='bbox 442 2632 467 2667; x_wconf 72' lang='grc' dir='ltr'><strong><em>ι</em></strong></span> <span class='ocrx_word' id='word_1_200' title='bbox 516 2614 604 2667; x_wconf 88' lang='grc' dir='ltr'><strong>Ἐν</strong></span> <span class='ocrx_word' id='word_1_201' title='bbox 635 2616 702 2685; x_wconf 79' lang='grc' dir='ltr'>τῇ</span> <span class='ocrx_word' id='word_1_202' title='bbox 728 2612 953 2684; x_wconf 84' lang='grc' dir='ltr'>δυνάμει</span> <span class='ocrx_word' id='word_1_203' title='bbox 983 2611 1081 2682; x_wconf 80' lang='grc' dir='ltr'>τῆς</span> <span class='ocrx_word' id='word_1_204' title='bbox 1112 2610 1293 2682; x_wconf 78' lang='grc' dir='ltr'>χειρὸς</span> <span class='ocrx_word' id='word_1_205' title='bbox 1318 2608 1573 2679; x_wconf 83' lang='grc' dir='ltr'>ἐποίησα,</span> <span class='ocrx_word' id='word_1_206' title='bbox 1605 2625 1624 2659; x_wconf 76' lang='grc' dir='ltr'><strong>ι</strong></span> <span class='ocrx_word' id='word_1_207' title='bbox 1660 2607 1754 2660; x_wconf 78' lang='grc' dir='ltr'>καὶ</span> <span class='ocrx_word' id='word_1_208' title='bbox 1775 2604 1846 2659; x_wconf 88' lang='grc' dir='ltr'>τὰ</span> <span class='ocrx_word' id='word_1_209' title='bbox 1874 2603 2021 2674; x_wconf 77' lang='grc' dir='ltr'>ἑξῆς.</span> 
     </span>
    </p>
   </div>
   <div class='ocr_carea' id='block_1_29' title="bbox 517 2698 2029 2772">
    <p class='ocr_par' dir='ltr' id='par_1_29' title="bbox 517 2698 2029 2772">
     <span class='ocr_line' id='line_1_29' title="bbox 517 2698 2029 2772; baseline -0.005 -15"><span class='ocrx_word' id='word_1_210' title='bbox 517 2723 537 2757; x_wconf 79' lang='grc' dir='ltr'><strong>ι</strong></span> <span class='ocrx_word' id='word_1_211' title='bbox 580 2706 689 2759; x_wconf 74' lang='grc' dir='ltr'>Καὶ</span> <span class='ocrx_word' id='word_1_212' title='bbox 719 2705 884 2758; x_wconf 80' lang='grc' dir='ltr'>σείσω</span> <span class='ocrx_word' id='word_1_213' title='bbox 912 2704 1094 2766; x_wconf 86' lang='grc' dir='ltr'>πόλεις</span> <span class='ocrx_word' id='word_1_214' title='bbox 1121 2699 1569 2772; x_wconf 81' lang='grc' dir='ltr'>κατοικουμένας,</span> <span class='ocrx_word' id='word_1_215' title='bbox 1603 2699 1697 2753; x_wconf 74' lang='grc' dir='ltr'>καὶ</span> <span class='ocrx_word' id='word_1_216' title='bbox 1719 2698 1818 2770; x_wconf 87' lang='grc' dir='ltr'>τὴν</span> <span class='ocrx_word' id='word_1_217' title='bbox 1845 2700 2029 2751; x_wconf 89' lang='grc' dir='ltr'>οίκου-</span> 
     </span>
    </p>
   </div>
   <div class='ocr_carea' id='block_1_30' title="bbox 436 2791 2025 2872">
    <p class='ocr_par' dir='ltr' id='par_1_30' title="bbox 436 2791 2025 2872">
     <span class='ocr_line' id='line_1_30' title="bbox 436 2791 2025 2872; baseline -0.006 -20"><span class='ocrx_word' id='word_1_218' title='bbox 436 2801 611 2872; x_wconf 73' lang='grc' dir='ltr'>μένην</span> <span class='ocrx_word' id='word_1_219' title='bbox 642 2798 770 2869; x_wconf 82' lang='grc' dir='ltr'>ὅλην</span> <span class='ocrx_word' id='word_1_220' title='bbox 799 2796 1184 2867; x_wconf 76' lang='grc' dir='ltr'>καταλήψομαι</span> <span class='ocrx_word' id='word_1_221' title='bbox 1223 2798 1291 2867; x_wconf 79' lang='grc' dir='ltr'>τῇ</span> <span class='ocrx_word' id='word_1_222' title='bbox 1327 2793 1472 2868; x_wconf 77' lang='grc' dir='ltr'>χειρὶ</span> <span class='ocrx_word' id='word_1_223' title='bbox 1511 2792 1586 2857; x_wconf 83' lang='grc' dir='ltr'>ὡς</span> <span class='ocrx_word' id='word_1_224' title='bbox 1638 2791 1880 2855; x_wconf 81' lang='grc' dir='ltr'>νοσσιὰν,</span> <span class='ocrx_word' id='word_1_225' title='bbox 1929 2791 2025 2844; x_wconf 81' lang='grc' dir='ltr'>καὶ</span> 
     </span>
    </p>
   </div>
   <div class='ocr_carea' id='block_1_31' title="bbox 438 2882 2023 2962">
    <p class='ocr_par' dir='ltr' id='par_1_31' title="bbox 438 2882 2023 2962">
     <span class='ocr_line' id='line_1_31' title="bbox 438 2882 2023 2962; baseline -0.006 -17"><span class='ocrx_word' id='word_1_226' title='bbox 438 2892 516 2957; x_wconf 83' lang='grc' dir='ltr'>ὡς</span> <span class='ocrx_word' id='word_1_227' title='bbox 541 2890 1010 2962; x_wconf 82' lang='grc' dir='ltr'>καταλελειμμένα</span> <span class='ocrx_word' id='word_1_228' title='bbox 1040 2889 1122 2942; x_wconf 79' lang='grc' dir='ltr'><strong>ῶά</strong></span> <span class='ocrx_word' id='word_1_229' title='bbox 1152 2887 1302 2958; x_wconf 71' lang='grc' dir='ltr'>ἀρῶ*</span> <span class='ocrx_word' id='word_1_230' title='bbox 1341 2886 1437 2941; x_wconf 72' lang='grc' dir='ltr'><strong>καὶ</strong></span> <span class='ocrx_word' id='word_1_231' title='bbox 1478 2886 1577 2939; x_wconf 83' lang='grc' dir='ltr'><strong>οὐκ</strong></span> <span class='ocrx_word' id='word_1_232' title='bbox 1616 2885 1760 2938; x_wconf 79' lang='grc' dir='ltr'>ἐστιν</span> <span class='ocrx_word' id='word_1_233' title='bbox 1803 2882 1863 2946; x_wconf 83' lang='grc' dir='ltr'>ὃς</span> <span class='ocrx_word' id='word_1_234' title='bbox 1906 2882 2023 2936; x_wconf 88' lang='grc' dir='ltr'>δια-</span> 
     </span>
    </p>
   </div>
   <div class='ocr_carea' id='block_1_32' title="bbox 438 2973 2025 3054">
    <p class='ocr_par' dir='ltr' id='par_1_32' title="bbox 438 2973 2025 3054">
     <span class='ocr_line' id='line_1_32' title="bbox 438 2973 2025 3054; baseline -0.008 -17"><span class='ocrx_word' id='word_1_235' title='bbox 438 2982 697 3053; x_wconf 80' lang='grc' dir='ltr'>φεύξεται</span> <span class='ocrx_word' id='word_1_236' title='bbox 733 3000 822 3054; x_wconf 89' lang='grc' dir='ltr'><strong>με,</strong></span> <span class='ocrx_word' id='word_1_237' title='bbox 855 2981 888 3054; x_wconf 83' lang='grc' dir='ltr'>ἢ</span> <span class='ocrx_word' id='word_1_238' title='bbox 922 2981 1152 3053; x_wconf 75' lang='grc' dir='ltr'>ἀντείπῃ</span> <span class='ocrx_word' id='word_1_239' title='bbox 1187 2996 1297 3051; x_wconf 88' lang='grc' dir='ltr'>μοι.</span> <span class='ocrx_word' id='word_1_240' title='bbox 1330 2977 1421 3049; x_wconf 82' lang='grc' dir='ltr'><strong>Μὴ</strong></span> <span class='ocrx_word' id='word_1_241' title='bbox 1448 2975 1840 3047; x_wconf 77' lang='grc' dir='ltr'>δοξασθήσεται</span> <span class='ocrx_word' id='word_1_242' title='bbox 1870 2973 2025 3047; x_wconf 80' lang='grc' dir='ltr'>ἀξίνη</span> 
     </span>
    </p>
   </div>
   <div class='ocr_carea' id='block_1_33' title="bbox 444 3065 2025 3146">
    <p class='ocr_par' dir='ltr' id='par_1_33' title="bbox 444 3065 2025 3146">
     <span class='ocr_line' id='line_1_33' title="bbox 444 3065 2025 3146; baseline -0.008 -14"><span class='ocrx_word' id='word_1_243' title='bbox 444 3079 569 3133; x_wconf 81' lang='grc' dir='ltr'>ἄνευ</span> <span class='ocrx_word' id='word_1_244' title='bbox 598 3076 693 3131; x_wconf 86' lang='grc' dir='ltr'><strong>τοῦ</strong></span> <span class='ocrx_word' id='word_1_245' title='bbox 738 3077 1063 3139; x_wconf 73' lang='grc' dir='ltr'>κόπτοντος;</span> <span class='ocrx_word' id='word_1_246' title='bbox 1096 3073 1130 3146; x_wconf 79' lang='grc' dir='ltr'><strong>ἢ</strong></span> <span class='ocrx_word' id='word_1_247' title='bbox 1166 3071 1515 3143; x_wconf 72' lang='grc' dir='ltr'>ὑψωθήσεται</span> <span class='ocrx_word' id='word_1_248' title='bbox 1545 3069 1721 3141; x_wconf 86' lang='grc' dir='ltr'>πρίων</span> <span class='ocrx_word' id='word_1_249' title='bbox 1767 3067 1894 3121; x_wconf 82' lang='grc' dir='ltr'>ἄνευ</span> <span class='ocrx_word' id='word_1_250' title='bbox 1929 3065 2025 3120; x_wconf 88' lang='grc' dir='ltr'><strong>τοῦ</strong></span> 
     </span>
    </p>
   </div>
   <div class='ocr_carea' id='block_1_34' title="bbox 2106 560 3669 651">
    <p class='ocr_par' dir='ltr' id='par_1_34' title="bbox 2106 560 3669 651">
     <span class='ocr_line' id='line_1_34' title="bbox 2106 560 3669 651; baseline -0.006 -20"><span class='ocrx_word' id='word_1_251' title='bbox 2106 578 2199 648; x_wconf 89' lang='lat' dir='ltr'><strong>qui</strong></span> <span class='ocrx_word' id='word_1_252' title='bbox 2234 576 2286 631; x_wconf 91' lang='lat' dir='ltr'><strong>in</strong></span> <span class='ocrx_word' id='word_1_253' title='bbox 2311 574 2689 648; x_wconf 56' lang='lat' dir='ltr'><strong>Hierosolymis</strong></span> <span class='ocrx_word' id='word_1_254' title='bbox 2718 577 2917 646; x_wconf 85' lang='lat' dir='ltr'><strong>degunt</strong></span> <span class='ocrx_word' id='word_1_255' title='bbox 2943 573 3058 642; x_wconf 85' lang='lat' dir='ltr'><strong>pari</strong></span> <span class='ocrx_word' id='word_1_256' title='bbox 3081 570 3350 627; x_wconf 83' lang='lat' dir='ltr'><strong>obsidioni</strong></span> <span class='ocrx_word' id='word_1_257' title='bbox 3378 578 3432 625; x_wconf 89' lang='lat' dir='ltr'><strong>et</strong></span> <span class='ocrx_word' id='word_1_258' title='bbox 3457 560 3669 651; x_wconf 77' lang='lat' dir='ltr'><strong>excidio</strong></span> 
     </span>
    </p>
   </div>
   <div class='ocr_carea' id='block_1_35' title="bbox 2110 660 3670 739">
    <p class='ocr_par' dir='ltr' id='par_1_35' title="bbox 2110 660 3670 739">
     <span class='ocr_line' id='line_1_35' title="bbox 2110 660 3670 739; baseline -0.004 -15"><span class='ocrx_word' id='word_1_259' title='bbox 2110 668 2269 734; x_wconf 89' lang='lat' dir='ltr'><strong>tradi,</strong></span> <span class='ocrx_word' id='word_1_260' title='bbox 2298 668 2426 738; x_wconf 82' lang='lat' dir='ltr'><strong>quia</strong></span> <span class='ocrx_word' id='word_1_261' title='bbox 2462 668 2561 739; x_wconf 83' lang='lat' dir='ltr'><strong>ipsi</strong></span> <span class='ocrx_word' id='word_1_262' title='bbox 2598 669 2730 738; x_wconf 81' lang='lat' dir='ltr'><strong>paria</strong></span> <span class='ocrx_word' id='word_1_263' title='bbox 2759 667 2850 736; x_wconf 84' lang='lat' dir='ltr'><strong>iis,</strong></span> <span class='ocrx_word' id='word_1_264' title='bbox 2885 664 2977 735; x_wconf 85' lang='lat' dir='ltr'><strong>qui</strong></span> <span class='ocrx_word' id='word_1_265' title='bbox 3011 663 3127 735; x_wconf 86' lang='lat' dir='ltr'><strong>jam</strong></span> <span class='ocrx_word' id='word_1_266' title='bbox 3173 670 3474 718; x_wconf 86' lang='lat' dir='ltr'><strong>memorata</strong></span> <span class='ocrx_word' id='word_1_267' title='bbox 3524 660 3670 733; x_wconf 82' lang='lat' dir='ltr'><strong>passi</strong></span> 
     </span>
    </p>
   </div>
   <div class='ocr_carea' id='block_1_36' title="bbox 2108 769 2701 829">
    <p class='ocr_par' dir='ltr' id='par_1_36' title="bbox 2108 769 2701 829">
     <span class='ocr_line' id='line_1_36' title="bbox 2108 769 2701 829; baseline -0.003 -16"><span class='ocrx_word' id='word_1_268' title='bbox 2108 770 2256 823; x_wconf 88' lang='lat' dir='ltr'><strong>sunt,</strong></span> <span class='ocrx_word' id='word_1_269' title='bbox 2299 769 2701 829; x_wconf 87' lang='lat' dir='ltr'><strong>perpetrarunt.</strong></span> 
     </span>
    </p>
   </div>
   <div class='ocr_carea' id='block_1_37' title="bbox 2178 845 3670 919">
    <p class='ocr_par' dir='ltr' id='par_1_37' title="bbox 2178 845 3670 919">
     <span class='ocr_line' id='line_1_37' title="bbox 2178 845 3670 919; baseline -0.004 -13"><span class='ocrx_word' id='word_1_270' title='bbox 2178 848 2347 906; x_wconf 74' lang='lat' dir='ltr'><strong>Vens.</strong></span> <span class='ocrx_word' id='word_1_271' title='bbox 2378 850 2465 905; x_wconf 76' lang='grc'><strong>12.</strong></span> <span class='ocrx_word' id='word_1_272' title='bbox 2519 869 2538 903; x_wconf 83' lang='grc' dir='ltr'><strong>ι</strong></span> <span class='ocrx_word' id='word_1_273' title='bbox 2572 850 2640 906; x_wconf 87' lang='lat' dir='ltr'><strong>Et</strong></span> <span class='ocrx_word' id='word_1_274' title='bbox 2677 849 2799 914; x_wconf 77' lang='lat' dir='ltr'><strong>e&#39;it,</strong></span> <span class='ocrx_word' id='word_1_275' title='bbox 2860 864 2985 904; x_wconf 91' lang='lat' dir='ltr'><strong>cum</strong></span> <span class='ocrx_word' id='word_1_276' title='bbox 3041 846 3348 919; x_wconf 84' lang='lat' dir='ltr'><strong>impleverit</strong></span> <span class='ocrx_word' id='word_1_277' title='bbox 3403 845 3670 900; x_wconf 80' lang='lat' dir='ltr'><strong>Dominus</strong></span> 
     </span>
    </p>
   </div>
   <div class='ocr_carea' id='block_1_38' title="bbox 2108 935 3675 1003">
    <p class='ocr_par' dir='ltr' id='par_1_38' title="bbox 2108 935 3675 1003">
     <span class='ocr_line' id='line_1_38' title="bbox 2108 935 3675 1003; baseline -0.006 -4"><span class='ocrx_word' id='word_1_278' title='bbox 2108 943 2291 999; x_wconf 81' lang='lat' dir='ltr'><strong>omnia</strong></span> <span class='ocrx_word' id='word_1_279' title='bbox 2332 943 2512 998; x_wconf 87' lang='lat' dir='ltr'><strong>facere</strong></span> <span class='ocrx_word' id='word_1_280' title='bbox 2539 943 2592 997; x_wconf 91' lang='lat' dir='ltr'><strong>in</strong></span> <span class='ocrx_word' id='word_1_281' title='bbox 2645 951 2811 997; x_wconf 89' lang='lat' dir='ltr'><strong>rronte</strong></span> <span class='ocrx_word' id='word_1_282' title='bbox 2851 941 2980 997; x_wconf 88' lang='lat' dir='ltr'><strong>Sion</strong></span> <span class='ocrx_word' id='word_1_283' title='bbox 3012 951 3067 996; x_wconf 92' lang='lat' dir='ltr'><strong>et</strong></span> <span class='ocrx_word' id='word_1_284' title='bbox 3102 941 3157 995; x_wconf 91' lang='lat' dir='ltr'><strong>in</strong></span> <span class='ocrx_word' id='word_1_285' title='bbox 3190 939 3513 1003; x_wconf 80' lang='lat' dir='ltr'><strong>Jerusalem,</strong></span> <span class='ocrx_word' id='word_1_286' title='bbox 3541 935 3675 992; x_wconf 89' lang='lat' dir='ltr'><strong>visi-</strong></span> 
     </span>
    </p>
   </div>
   <div class='ocr_carea' id='block_1_39' title="bbox 2112 1022 3677 1108">
    <p class='ocr_par' dir='ltr' id='par_1_39' title="bbox 2112 1022 3677 1108">
     <span class='ocr_line' id='line_1_39' title="bbox 2112 1022 3677 1108; baseline -0.004 -16"><span class='ocrx_word' id='word_1_287' title='bbox 2112 1039 2239 1093; x_wconf 86' lang='lat' dir='ltr'><strong>tabo</strong></span> <span class='ocrx_word' id='word_1_288' title='bbox 2262 1045 2501 1093; x_wconf 90' lang='lat' dir='ltr'><strong>mentem</strong></span> <span class='ocrx_word' id='word_1_289' title='bbox 2532 1051 2796 1108; x_wconf 77' lang='lat' dir='ltr'><strong>magiam,</strong></span> <span class='ocrx_word' id='word_1_290' title='bbox 2841 1022 3142 1105; x_wconf 84' lang='lat' dir='ltr'><strong>principem</strong></span> <span class='ocrx_word' id='word_1_291' title='bbox 3193 1033 3564 1104; x_wconf 87' lang='lat' dir='ltr'><strong>Assyriorum,</strong></span> <span class='ocrx_word' id='word_1_292' title='bbox 3619 1039 3677 1086; x_wconf 91' lang='lat' dir='ltr'><strong>et</strong></span> 
     </span>
    </p>
   </div>
   <div class='ocr_carea' id='block_1_40' title="bbox 2113 1123 3677 1199">
    <p class='ocr_par' dir='ltr' id='par_1_40' title="bbox 2113 1123 3677 1199">
     <span class='ocr_line' id='line_1_40' title="bbox 2113 1123 3677 1199; baseline -0.004 -15"><span class='ocrx_word' id='word_1_293' title='bbox 2113 1129 2498 1186; x_wconf 72' lang='lat' dir='ltr'><strong>celsitudinem</strong></span> <span class='ocrx_word' id='word_1_294' title='bbox 2550 1129 2724 1199; x_wconf 75' lang='lat' dir='ltr'><strong>gloria:</strong></span> <span class='ocrx_word' id='word_1_295' title='bbox 2758 1126 3040 1181; x_wconf 85' lang='lat' dir='ltr'><strong>oculorum</strong></span> <span class='ocrx_word' id='word_1_296' title='bbox 3095 1124 3235 1194; x_wconf 83' lang='lat' dir='ltr'><strong>ejus.</strong></span> <span class='ocrx_word' id='word_1_297' title='bbox 3272 1145 3290 1177; x_wconf 75' lang='grc' dir='ltr'><strong>ι</strong></span> <span class='ocrx_word' id='word_1_298' title='bbox 3328 1123 3424 1179; x_wconf 79' lang='lat' dir='ltr'><strong>llis</strong></span> <span class='ocrx_word' id='word_1_299' title='bbox 3477 1137 3677 1179; x_wconf 84' lang='lat' dir='ltr'><strong>conse-</strong></span> 
     </span>
    </p>
   </div>
   <div class='ocr_carea' id='block_1_41' title="bbox 2112 1217 3678 1291">
    <p class='ocr_par' dir='ltr' id='par_1_41' title="bbox 2112 1217 3678 1291">
     <span class='ocr_line' id='line_1_41' title="bbox 2112 1217 3678 1291; baseline -0.004 -15"><span class='ocrx_word' id='word_1_300' title='bbox 2112 1233 2344 1291; x_wconf 75' lang='lat' dir='ltr'><strong>quenter</strong></span> <span class='ocrx_word' id='word_1_301' title='bbox 2366 1222 2545 1288; x_wconf 86' lang='lat' dir='ltr'><strong>docet,</strong></span> <span class='ocrx_word' id='word_1_302' title='bbox 2563 1221 2801 1291; x_wconf 76' lang='lat' dir='ltr'><strong>Ass/rios</strong></span> <span class='ocrx_word' id='word_1_303' title='bbox 2826 1219 3042 1272; x_wconf 84' lang='lat' dir='ltr'><strong>tandem</strong></span> <span class='ocrx_word' id='word_1_304' title='bbox 3065 1228 3119 1272; x_wconf 84' lang='lat' dir='ltr'><strong>et</strong></span> <span class='ocrx_word' id='word_1_305' title='bbox 3139 1233 3325 1274; x_wconf 84' lang='lat' dir='ltr'><strong>eorum</strong></span> <span class='ocrx_word' id='word_1_306' title='bbox 3353 1217 3678 1288; x_wconf 81' lang='lat' dir='ltr'><strong>principem,</strong></span> 
     </span>
    </p>
   </div>
   <div class='ocr_carea' id='block_1_42' title="bbox 2113 1307 3680 1381">
    <p class='ocr_par' dir='ltr' id='par_1_42' title="bbox 2113 1307 3680 1381">
     <span class='ocr_line' id='line_1_42' title="bbox 2113 1307 3680 1381; baseline -0.002 -17"><span class='ocrx_word' id='word_1_307' title='bbox 2113 1312 2212 1366; x_wconf 87' lang='lat' dir='ltr'><strong>etsi</strong></span> <span class='ocrx_word' id='word_1_308' title='bbox 2244 1327 2364 1367; x_wconf 93' lang='lat' dir='ltr'><strong>cum</strong></span> <span class='ocrx_word' id='word_1_309' title='bbox 2405 1312 2517 1376; x_wconf 90' lang='lat' dir='ltr'><strong>tali,</strong></span> <span class='ocrx_word' id='word_1_310' title='bbox 2543 1311 2804 1381; x_wconf 89' lang='lat' dir='ltr'><strong>quaijam</strong></span> <span class='ocrx_word' id='word_1_311' title='bbox 2849 1309 3182 1363; x_wconf 83' lang='lat' dir='ltr'><strong>declaratum</strong></span> <span class='ocrx_word' id='word_1_312' title='bbox 3215 1318 3322 1373; x_wconf 89' lang='lat' dir='ltr'><strong>est,</strong></span> <span class='ocrx_word' id='word_1_313' title='bbox 3370 1307 3680 1378; x_wconf 76' lang='lat' dir='ltr'><strong>arrogantia</strong></span> 
     </span>
    </p>
   </div>
   <div class='ocr_carea' id='block_1_43' title="bbox 2114 1401 3683 1476">
    <p class='ocr_par' dir='ltr' id='par_1_43' title="bbox 2114 1401 3683 1476">
     <span class='ocr_line' id='line_1_43' title="bbox 2114 1401 3683 1476; baseline -0.004 -17"><span class='ocrx_word' id='word_1_314' title='bbox 2114 1405 2344 1476; x_wconf 76' lang='lat' dir='ltr'><strong>egerint,</strong></span> <span class='ocrx_word' id='word_1_315' title='bbox 2383 1402 2680 1461; x_wconf 87' lang='lat' dir='ltr'><strong>Samarian</strong></span> <span class='ocrx_word' id='word_1_316' title='bbox 2713 1411 2767 1458; x_wconf 89' lang='lat' dir='ltr'><strong>et</strong></span> <span class='ocrx_word' id='word_1_317' title='bbox 2812 1403 3139 1456; x_wconf 85' lang='lat' dir='ltr'><strong>Damascum</strong></span> <span class='ocrx_word' id='word_1_318' title='bbox 3194 1401 3548 1472; x_wconf 81' lang='lat' dir='ltr'><strong>subegerint,</strong></span> <span class='ocrx_word' id='word_1_319' title='bbox 3600 1410 3683 1454; x_wconf 86' lang='lat' dir='ltr'><strong>ta-</strong></span> 
     </span>
    </p>
   </div>
   <div class='ocr_carea' id='block_1_44' title="bbox 2117 1491 3683 1565">
    <p class='ocr_par' dir='ltr' id='par_1_44' title="bbox 2117 1491 3683 1565">
     <span class='ocr_line' id='line_1_44' title="bbox 2117 1491 3683 1565; baseline -0.004 -13"><span class='ocrx_word' id='word_1_320' title='bbox 2117 1512 2238 1552; x_wconf 89' lang='lat' dir='ltr'><strong>men</strong></span> <span class='ocrx_word' id='word_1_321' title='bbox 2273 1497 2340 1551; x_wconf 91' lang='lat' dir='ltr'><strong>ad</strong></span> <span class='ocrx_word' id='word_1_322' title='bbox 2371 1506 2583 1551; x_wconf 89' lang='lat' dir='ltr'><strong>certum</strong></span> <span class='ocrx_word' id='word_1_323' title='bbox 2633 1511 2798 1565; x_wconf 74' lang='lat' dir='ltr'><strong>usque</strong></span> <span class='ocrx_word' id='word_1_324' title='bbox 2839 1493 3132 1548; x_wconf 87' lang='lat' dir='ltr'><strong>terminum</strong></span> <span class='ocrx_word' id='word_1_325' title='bbox 3166 1507 3385 1546; x_wconf 90' lang='lat' dir='ltr'><strong>usuram</strong></span> <span class='ocrx_word' id='word_1_326' title='bbox 3420 1491 3683 1562; x_wconf 89' lang='lat' dir='ltr'><strong>temporis</strong></span> 
     </span>
    </p>
   </div>
   <div class='ocr_carea' id='block_1_45' title="bbox 2116 1584 3681 1659">
    <p class='ocr_par' dir='ltr' id='par_1_45' title="bbox 2116 1584 3681 1659">
     <span class='ocr_line' id='line_1_45' title="bbox 2116 1584 3681 1659; baseline -0.006 -12"><span class='ocrx_word' id='word_1_327' title='bbox 2116 1591 2435 1656; x_wconf 85' lang='lat' dir='ltr'><strong>habituros;</strong></span> <span class='ocrx_word' id='word_1_328' title='bbox 2489 1605 2596 1659; x_wconf 92' lang='lat' dir='ltr'><strong>quo</strong></span> <span class='ocrx_word' id='word_1_329' title='bbox 2625 1589 2825 1659; x_wconf 86' lang='lat' dir='ltr'><strong>elapso.</strong></span> <span class='ocrx_word' id='word_1_330' title='bbox 2858 1587 3145 1657; x_wconf 87' lang='lat' dir='ltr'><strong>imperium</strong></span> <span class='ocrx_word' id='word_1_331' title='bbox 3180 1601 3367 1641; x_wconf 87' lang='lat' dir='ltr'><strong>eorum</strong></span> <span class='ocrx_word' id='word_1_332' title='bbox 3403 1600 3507 1640; x_wconf 92' lang='lat' dir='ltr'><strong>non</strong></span> <span class='ocrx_word' id='word_1_333' title='bbox 3541 1584 3681 1639; x_wconf 87' lang='lat' dir='ltr'><strong>ultra</strong></span> 
     </span>
    </p>
   </div>
   <div class='ocr_carea' id='block_1_46' title="bbox 2119 1675 3688 1747">
    <p class='ocr_par' dir='ltr' id='par_1_46' title="bbox 2119 1675 3688 1747">
     <span class='ocr_line' id='line_1_46' title="bbox 2119 1675 3688 1747; baseline -0.001 -13"><span class='ocrx_word' id='word_1_334' title='bbox 2119 1680 2401 1745; x_wconf 89' lang='lat' dir='ltr'><strong>consistet,</strong></span> <span class='ocrx_word' id='word_1_335' title='bbox 2435 1679 2681 1735; x_wconf 87' lang='lat' dir='ltr'><strong>diuturno</strong></span> <span class='ocrx_word' id='word_1_336' title='bbox 2722 1679 2814 1735; x_wconf 89' lang='lat' dir='ltr'><strong>illo</strong></span> <span class='ocrx_word' id='word_1_337' title='bbox 2858 1695 2923 1735; x_wconf 87' lang='lat' dir='ltr'><strong>ac</strong></span> <span class='ocrx_word' id='word_1_338' title='bbox 2949 1677 3165 1733; x_wconf 86' lang='lat' dir='ltr'><strong>ﬂorenti</strong></span> <span class='ocrx_word' id='word_1_339' title='bbox 3192 1676 3418 1747; x_wconf 89' lang='lat' dir='ltr'><strong>imperio</strong></span> <span class='ocrx_word' id='word_1_340' title='bbox 3442 1675 3688 1732; x_wconf 84' lang='lat' dir='ltr'><strong>funditus</strong></span> 
     </span>
    </p>
   </div>
   <div class='ocr_carea' id='block_1_47' title="bbox 2119 1785 2332 1826">
    <p class='ocr_par' dir='ltr' id='par_1_47' title="bbox 2119 1785 2332 1826">
     <span class='ocr_line' id='line_1_47' title="bbox 2119 1785 2332 1826; baseline 0.005 -1"><span class='ocrx_word' id='word_1_341' title='bbox 2119 1785 2332 1826; x_wconf 88' lang='lat' dir='ltr'><strong>everso.</strong></span> 
     </span>
    </p>
   </div>
   <div class='ocr_carea' id='block_1_48' title="bbox 2192 1942 3691 2019">
    <p class='ocr_par' dir='ltr' id='par_1_48' title="bbox 2192 1942 3691 2019">
     <span class='ocr_line' id='line_1_48' title="bbox 2192 1942 3691 2019; baseline -0.001 -12"><span class='ocrx_word' id='word_1_342' title='bbox 2192 1951 2360 2008; x_wconf 77' lang='lat' dir='ltr'><strong>Vens.</strong></span> <span class='ocrx_word' id='word_1_343' title='bbox 2402 1952 2490 2007; x_wconf 76' lang='lat' dir='ltr'><strong>l3.</strong></span> <span class='ocrx_word' id='word_1_344' title='bbox 2529 1971 2548 2005; x_wconf 80' lang='grc' dir='ltr'><strong>ι</strong></span> <span class='ocrx_word' id='word_1_345' title='bbox 2590 1952 2727 2008; x_wconf 79' lang='lat' dir='ltr'><strong>Dixit</strong></span> <span class='ocrx_word' id='word_1_346' title='bbox 2752 1954 2919 2019; x_wconf 82' lang='lat' dir='ltr'><strong>enim,</strong></span> <span class='ocrx_word' id='word_1_347' title='bbox 2950 1953 3006 2009; x_wconf 88' lang='lat' dir='ltr'><strong>in</strong></span> <span class='ocrx_word' id='word_1_348' title='bbox 3041 1953 3365 2010; x_wconf 76' lang='lat' dir='ltr'><strong>fortitudine</strong></span> <span class='ocrx_word' id='word_1_349' title='bbox 3391 1942 3691 2015; x_wconf 78' lang='lat' dir='ltr'><strong>faciam.et</strong></span> 
     </span>
    </p>
   </div>
   <div class='ocr_carea' id='block_1_49' title="bbox 2122 2042 3694 2115">
    <p class='ocr_par' dir='ltr' id='par_1_49' title="bbox 2122 2042 3694 2115">
     <span class='ocr_line' id='line_1_49' title="bbox 2122 2042 3694 2115; baseline 0.001 -17"><span class='ocrx_word' id='word_1_350' title='bbox 2122 2045 2175 2098; x_wconf 90' lang='lat' dir='ltr'><strong>in</strong></span> <span class='ocrx_word' id='word_1_351' title='bbox 2213 2045 2481 2114; x_wconf 86' lang='lat' dir='ltr'><strong>sapientia</strong></span> <span class='ocrx_word' id='word_1_352' title='bbox 2517 2044 2812 2115; x_wconf 69' lang='lat' dir='ltr'><strong>prudentiae</strong></span> <span class='ocrx_word' id='word_1_353' title='bbox 2840 2060 2973 2100; x_wconf 70' lang='lat' dir='ltr'><strong>mea:</strong></span> <span class='ocrx_word' id='word_1_354' title='bbox 3005 2042 3251 2099; x_wconf 84' lang='lat' dir='ltr'><strong>auferam</strong></span> <span class='ocrx_word' id='word_1_355' title='bbox 3283 2048 3544 2099; x_wconf 85' lang='lat' dir='ltr'><strong>terminos</strong></span> <span class='ocrx_word' id='word_1_356' title='bbox 3562 2059 3694 2114; x_wconf 81' lang='lat' dir='ltr'><strong>gen-</strong></span> 
     </span>
    </p>
   </div>
   <div class='ocr_carea' id='block_1_50' title="bbox 2125 2135 3696 2206">
    <p class='ocr_par' dir='ltr' id='par_1_50' title="bbox 2125 2135 3696 2206">
     <span class='ocr_line' id='line_1_50' title="bbox 2125 2135 3696 2206; baseline 0.001 -16"><span class='ocrx_word' id='word_1_357' title='bbox 2125 2136 2279 2200; x_wconf 87' lang='lat' dir='ltr'><strong>tium,</strong></span> <span class='ocrx_word' id='word_1_358' title='bbox 2305 2146 2358 2190; x_wconf 88' lang='lat' dir='ltr'><strong>et</strong></span> <span class='ocrx_word' id='word_1_359' title='bbox 2373 2137 2739 2191; x_wconf 85' lang='lat' dir='ltr'><strong>fortitudinem</strong></span> <span class='ocrx_word' id='word_1_360' title='bbox 2760 2151 2952 2191; x_wconf 92' lang='lat' dir='ltr'><strong>earum</strong></span> <span class='ocrx_word' id='word_1_361' title='bbox 2976 2135 3289 2191; x_wconf 87' lang='lat' dir='ltr'><strong>devastabo.</strong></span> <span class='ocrx_word' id='word_1_362' title='bbox 3315 2155 3335 2189; x_wconf 74' lang='grc' dir='ltr'><strong>ι</strong></span> <span class='ocrx_word' id='word_1_363' title='bbox 3361 2136 3469 2190; x_wconf 91' lang='lat' dir='ltr'><strong>Deo</strong></span> <span class='ocrx_word' id='word_1_364' title='bbox 3494 2136 3696 2206; x_wconf 84' lang='lat' dir='ltr'><strong>quippe</strong></span> 
     </span>
    </p>
   </div>
   <div class='ocr_carea' id='block_1_51' title="bbox 2125 2228 3693 2299">
    <p class='ocr_par' dir='ltr' id='par_1_51' title="bbox 2125 2228 3693 2299">
     <span class='ocr_line' id='line_1_51' title="bbox 2125 2228 3693 2299; baseline 0.001 -19"><span class='ocrx_word' id='word_1_365' title='bbox 2125 2228 2347 2298; x_wconf 82' lang='lat' dir='ltr'><strong>gloriam</strong></span> <span class='ocrx_word' id='word_1_366' title='bbox 2382 2244 2488 2284; x_wconf 90' lang='lat' dir='ltr'><strong>non</strong></span> <span class='ocrx_word' id='word_1_367' title='bbox 2521 2228 2786 2295; x_wconf 87' lang='lat' dir='ltr'><strong>tribuens,</strong></span> <span class='ocrx_word' id='word_1_368' title='bbox 2815 2244 2989 2299; x_wconf 84' lang='lat' dir='ltr'><strong>neque</strong></span> <span class='ocrx_word' id='word_1_369' title='bbox 3033 2242 3218 2284; x_wconf 89' lang='lat' dir='ltr'><strong>secum</strong></span> <span class='ocrx_word' id='word_1_370' title='bbox 3258 2235 3515 2299; x_wconf 80' lang='lat' dir='ltr'><strong>reputans</strong></span> <span class='ocrx_word' id='word_1_371' title='bbox 3567 2228 3693 2282; x_wconf 89' lang='lat' dir='ltr'><strong>uni—</strong></span> 
     </span>
    </p>
   </div>
   <div class='ocr_carea' id='block_1_52' title="bbox 2123 2322 3698 2395">
    <p class='ocr_par' dir='ltr' id='par_1_52' title="bbox 2123 2322 3698 2395">
     <span class='ocr_line' id='line_1_52' title="bbox 2123 2322 3698 2395; baseline -0.001 -17"><span class='ocrx_word' id='word_1_372' title='bbox 2123 2339 2405 2379; x_wconf 90' lang='lat' dir='ltr'><strong>versorum</strong></span> <span class='ocrx_word' id='word_1_373' title='bbox 2431 2323 2599 2379; x_wconf 85' lang='lat' dir='ltr'><strong>Deum</strong></span> <span class='ocrx_word' id='word_1_374' title='bbox 2624 2338 2763 2388; x_wconf 86' lang='lat' dir='ltr'><strong>esse,</strong></span> <span class='ocrx_word' id='word_1_375' title='bbox 2793 2325 2885 2395; x_wconf 91' lang='lat' dir='ltr'><strong>qui</strong></span> <span class='ocrx_word' id='word_1_376' title='bbox 2916 2325 3015 2394; x_wconf 91' lang='lat' dir='ltr'><strong>ipsi</strong></span> <span class='ocrx_word' id='word_1_377' title='bbox 3043 2334 3097 2380; x_wconf 91' lang='lat' dir='ltr'><strong>et</strong></span> <span class='ocrx_word' id='word_1_378' title='bbox 3118 2324 3375 2380; x_wconf 84' lang='lat' dir='ltr'><strong>lsraelem</strong></span> <span class='ocrx_word' id='word_1_379' title='bbox 3404 2333 3461 2380; x_wconf 90' lang='lat' dir='ltr'><strong>et</strong></span> <span class='ocrx_word' id='word_1_380' title='bbox 3480 2322 3698 2389; x_wconf 72' lang='lat' dir='ltr'><strong>ludam,</strong></span> 
     </span>
    </p>
   </div>
   <div class='ocr_carea' id='block_1_53' title="bbox 2125 2413 3700 2486">
    <p class='ocr_par' dir='ltr' id='par_1_53' title="bbox 2125 2413 3700 2486">
     <span class='ocr_line' id='line_1_53' title="bbox 2125 2413 3700 2486; baseline 0 -17"><span class='ocrx_word' id='word_1_381' title='bbox 2125 2424 2179 2469; x_wconf 89' lang='lat' dir='ltr'><strong>et</strong></span> <span class='ocrx_word' id='word_1_382' title='bbox 2208 2430 2398 2469; x_wconf 89' lang='lat' dir='ltr'><strong>omnes</strong></span> <span class='ocrx_word' id='word_1_383' title='bbox 2426 2413 2561 2469; x_wconf 88' lang='lat' dir='ltr'><strong>alios</strong></span> <span class='ocrx_word' id='word_1_384' title='bbox 2605 2415 2869 2485; x_wconf 82' lang='lat' dir='ltr'><strong>supplicio</strong></span> <span class='ocrx_word' id='word_1_385' title='bbox 2920 2416 3111 2486; x_wconf 88' lang='lat' dir='ltr'><strong>dignos</strong></span> <span class='ocrx_word' id='word_1_386' title='bbox 3152 2415 3491 2483; x_wconf 86' lang='lat' dir='ltr'><strong>tradiderat;</strong></span> <span class='ocrx_word' id='word_1_387' title='bbox 3529 2415 3700 2469; x_wconf 73' lang='lat' dir='ltr'><strong>altum</strong></span> 
     </span>
    </p>
   </div>
   <div class='ocr_carea' id='block_1_54' title="bbox 2126 2503 3696 2575">
    <p class='ocr_par' dir='ltr' id='par_1_54' title="bbox 2126 2503 3696 2575">
     <span class='ocr_line' id='line_1_54' title="bbox 2126 2503 3696 2575; baseline 0 -17"><span class='ocrx_word' id='word_1_388' title='bbox 2126 2504 2394 2573; x_wconf 85' lang='lat' dir='ltr'><strong>sapiebat,</strong></span> <span class='ocrx_word' id='word_1_389' title='bbox 2415 2503 2684 2574; x_wconf 80' lang='lat' dir='ltr'><strong>cogitans,</strong></span> <span class='ocrx_word' id='word_1_390' title='bbox 2712 2513 2768 2558; x_wconf 86' lang='lat' dir='ltr'><strong>et</strong></span> <span class='ocrx_word' id='word_1_391' title='bbox 2799 2504 2865 2558; x_wconf 89' lang='lat' dir='ltr'><strong>ad</strong></span> <span class='ocrx_word' id='word_1_392' title='bbox 2902 2505 3143 2575; x_wconf 77' lang='lat' dir='ltr'><strong>seipsuni</strong></span> <span class='ocrx_word' id='word_1_393' title='bbox 3168 2505 3375 2569; x_wconf 90' lang='lat' dir='ltr'><strong>dicens,</strong></span> <span class='ocrx_word' id='word_1_394' title='bbox 3399 2506 3696 2560; x_wconf 84' lang='lat' dir='ltr'><strong>secundum</strong></span> 
     </span>
    </p>
   </div>
   <div class='ocr_carea' id='block_1_55' title="bbox 2127 2590 3498 2663">
    <p class='ocr_par' dir='ltr' id='par_1_55' title="bbox 2127 2590 3498 2663">
     <span class='ocr_line' id='line_1_55' title="bbox 2127 2590 3498 2663; baseline 0.001 -14"><span class='ocrx_word' id='word_1_395' title='bbox 2127 2594 2535 2663; x_wconf 75' lang='lat' dir='ltr'><strong>Symmachum,</strong></span> <span class='ocrx_word' id='word_1_396' title='bbox 2578 2612 2596 2646; x_wconf 84' lang='grc' dir='ltr'><strong>ι</strong></span> <span class='ocrx_word' id='word_1_397' title='bbox 2628 2590 2685 2647; x_wconf 87' lang='lat' dir='ltr'><strong>In</strong></span> <span class='ocrx_word' id='word_1_398' title='bbox 2710 2594 2912 2649; x_wconf 89' lang='lat' dir='ltr'><strong>virtute</strong></span> <span class='ocrx_word' id='word_1_399' title='bbox 2946 2609 3138 2649; x_wconf 91' lang='lat' dir='ltr'><strong>manus</strong></span> <span class='ocrx_word' id='word_1_400' title='bbox 3166 2593 3290 2661; x_wconf 83' lang='lat' dir='ltr'><strong>feci,</strong></span> <span class='ocrx_word' id='word_1_401' title='bbox 3331 2613 3350 2647; x_wconf 76' lang='grc' dir='ltr'><strong>ι</strong></span> <span class='ocrx_word' id='word_1_402' title='bbox 3386 2603 3498 2650; x_wconf 87' lang='lat' dir='ltr'><strong>etc.</strong></span> 
     </span>
    </p>
   </div>
   <div class='ocr_carea' id='block_1_56' title="bbox 2198 2684 3702 2751">
    <p class='ocr_par' dir='ltr' id='par_1_56' title="bbox 2198 2684 3702 2751">
     <span class='ocr_line' id='line_1_56' title="bbox 2198 2684 3702 2751; baseline 0.001 -12"><span class='ocrx_word' id='word_1_403' title='bbox 2198 2684 2360 2741; x_wconf 77' lang='lat' dir='ltr'><strong>Vens.</strong></span> <span class='ocrx_word' id='word_1_404' title='bbox 2392 2685 2579 2740; x_wconf 71' lang='grc' dir='ltr'>ιιι-ιδ.</span> <span class='ocrx_word' id='word_1_405' title='bbox 2627 2703 2645 2737; x_wconf 83' lang='grc' dir='ltr'><strong>ι</strong></span> <span class='ocrx_word' id='word_1_406' title='bbox 2683 2685 2747 2738; x_wconf 87' lang='grc' dir='ltr'>Ει</span> <span class='ocrx_word' id='word_1_407' title='bbox 2796 2686 3152 2740; x_wconf 84' lang='lat' dir='ltr'><strong>commovebo</strong></span> <span class='ocrx_word' id='word_1_408' title='bbox 3185 2686 3348 2741; x_wconf 89' lang='lat' dir='ltr'><strong>urbes</strong></span> <span class='ocrx_word' id='word_1_409' title='bbox 3382 2684 3655 2741; x_wconf 89' lang='lat' dir='ltr'><strong>habitatas</strong></span> <span class='ocrx_word' id='word_1_410' title='bbox 3684 2726 3702 2751; x_wconf 87' lang='lat'><strong>,</strong></span> 
     </span>
    </p>
   </div>
   <div class='ocr_carea' id='block_1_57' title="bbox 2127 2776 3704 2848">
    <p class='ocr_par' dir='ltr' id='par_1_57' title="bbox 2127 2776 3704 2848">
     <span class='ocr_line' id='line_1_57' title="bbox 2127 2776 3704 2848; baseline -0.001 -14"><span class='ocrx_word' id='word_1_411' title='bbox 2127 2789 2181 2834; x_wconf 91' lang='lat' dir='ltr'><strong>et</strong></span> <span class='ocrx_word' id='word_1_412' title='bbox 2207 2779 2527 2833; x_wconf 89' lang='lat' dir='ltr'><strong>universum</strong></span> <span class='ocrx_word' id='word_1_413' title='bbox 2553 2779 2736 2833; x_wconf 89' lang='lat' dir='ltr'><strong>orbem</strong></span> <span class='ocrx_word' id='word_1_414' title='bbox 2756 2776 3218 2847; x_wconf 83' lang='lat' dir='ltr'><strong>comprehendam</strong></span> <span class='ocrx_word' id='word_1_415' title='bbox 3250 2793 3411 2832; x_wconf 87' lang='lat' dir='ltr'><strong>manu</strong></span> <span class='ocrx_word' id='word_1_416' title='bbox 3443 2778 3596 2848; x_wconf 85' lang='lat' dir='ltr'><strong>quasi</strong></span> <span class='ocrx_word' id='word_1_417' title='bbox 3624 2780 3704 2832; x_wconf 84' lang='lat' dir='ltr'><strong>ni-</strong></span> 
     </span>
    </p>
   </div>
   <div class='ocr_carea' id='block_1_58' title="bbox 2129 2866 3705 2938">
    <p class='ocr_par' dir='ltr' id='par_1_58' title="bbox 2129 2866 3705 2938">
     <span class='ocr_line' id='line_1_58' title="bbox 2129 2866 3705 2938; baseline 0.001 -16"><span class='ocrx_word' id='word_1_418' title='bbox 2129 2868 2278 2932; x_wconf 80' lang='lat' dir='ltr'><strong>dum,</strong></span> <span class='ocrx_word' id='word_1_419' title='bbox 2303 2866 2528 2938; x_wconf 88' lang='lat' dir='ltr'><strong>etqnasi</strong></span> <span class='ocrx_word' id='word_1_420' title='bbox 2556 2883 2656 2923; x_wconf 88' lang='lat' dir='ltr'><strong>ova</strong></span> <span class='ocrx_word' id='word_1_421' title='bbox 2685 2866 2944 2922; x_wconf 89' lang='lat' dir='ltr'><strong>derelicta</strong></span> <span class='ocrx_word' id='word_1_422' title='bbox 2968 2866 3208 2921; x_wconf 86' lang='lat' dir='ltr'><strong>auferam</strong></span> <span class='ocrx_word' id='word_1_423' title='bbox 3241 2883 3255 2920; x_wconf 89' lang='lat'><strong>:</strong></span> <span class='ocrx_word' id='word_1_424' title='bbox 3289 2877 3344 2921; x_wconf 90' lang='lat' dir='ltr'><strong>et</strong></span> <span class='ocrx_word' id='word_1_425' title='bbox 3372 2883 3478 2922; x_wconf 91' lang='lat' dir='ltr'><strong>non</strong></span> <span class='ocrx_word' id='word_1_426' title='bbox 3507 2869 3705 2937; x_wconf 87' lang='lat' dir='ltr'><strong>estqui</strong></span> 
     </span>
    </p>
   </div>
   <div class='ocr_carea' id='block_1_59' title="bbox 2130 2958 3710 3031">
    <p class='ocr_par' dir='ltr' id='par_1_59' title="bbox 2130 2958 3710 3031">
     <span class='ocr_line' id='line_1_59' title="bbox 2130 2958 3710 3031; baseline 0 -16"><span class='ocrx_word' id='word_1_427' title='bbox 2130 2960 2353 3031; x_wconf 80' lang='lat' dir='ltr'><strong>cﬂ‘ugiat</strong></span> <span class='ocrx_word' id='word_1_428' title='bbox 2380 2977 2490 3024; x_wconf 91' lang='lat' dir='ltr'><strong>me,</strong></span> <span class='ocrx_word' id='word_1_429' title='bbox 2521 2969 2615 3013; x_wconf 86' lang='lat' dir='ltr'><strong>aut</strong></span> <span class='ocrx_word' id='word_1_430' title='bbox 2637 2960 2977 3014; x_wconf 84' lang='lat' dir='ltr'><strong>contradicat</strong></span> <span class='ocrx_word' id='word_1_431' title='bbox 3032 2959 3185 3014; x_wconf 90' lang='lat' dir='ltr'><strong>mihi.</strong></span> <span class='ocrx_word' id='word_1_432' title='bbox 3220 2958 3473 3030; x_wconf 82' lang='lat' dir='ltr'><strong>Nunquid</strong></span> <span class='ocrx_word' id='word_1_433' title='bbox 3507 2958 3710 3031; x_wconf 85' lang='lat' dir='ltr'><strong>gloria-</strong></span> 
     </span>
    </p>
   </div>
   <div class='ocr_carea' id='block_1_60' title="bbox 2130 3051 3709 3118">
    <p class='ocr_par' dir='ltr' id='par_1_60' title="bbox 2130 3051 3709 3118">
     <span class='ocr_line' id='line_1_60' title="bbox 2130 3051 3709 3118; baseline -0.001 -10"><span class='ocrx_word' id='word_1_434' title='bbox 2130 3054 2273 3108; x_wconf 84' lang='lat' dir='ltr'><strong>bitur</strong></span> <span class='ocrx_word' id='word_1_435' title='bbox 2303 3054 2514 3108; x_wconf 88' lang='lat' dir='ltr'><strong>securis</strong></span> <span class='ocrx_word' id='word_1_436' title='bbox 2553 3053 2672 3108; x_wconf 89' lang='lat' dir='ltr'><strong>sine</strong></span> <span class='ocrx_word' id='word_1_437' title='bbox 2700 3052 2980 3108; x_wconf 65' lang='lat' dir='ltr'><strong>credente?</strong></span> <span class='ocrx_word' id='word_1_438' title='bbox 3021 3062 3115 3107; x_wconf 87' lang='lat' dir='ltr'><strong>aut</strong></span> <span class='ocrx_word' id='word_1_439' title='bbox 3158 3051 3484 3107; x_wconf 80' lang='lat' dir='ltr'><strong>exaltabitur</strong></span> <span class='ocrx_word' id='word_1_440' title='bbox 3532 3068 3709 3118; x_wconf 88' lang='lat' dir='ltr'><strong>serra,</strong></span> 
     </span>
    </p>
   </div>
   <div class='ocr_carea' id='block_1_61' title="bbox 442 3142 2027 3254">
    <p class='ocr_par' dir='ltr' id='par_1_61' title="bbox 442 3142 2027 3237">
     <span class='ocr_line' id='line_1_61' title="bbox 442 3142 2027 3237; baseline -0.008 -13"><span class='ocrx_word' id='word_1_441' title='bbox 442 3170 691 3234; x_wconf 66' lang='grc' dir='ltr'>ἕλκοντος</span> <span class='ocrx_word' id='word_1_442' title='bbox 723 3168 906 3231; x_wconf 75' lang='grc' dir='ltr'>αὑτὸν,</span> <span class='ocrx_word' id='word_1_443' title='bbox 941 3167 1016 3230; x_wconf 87' lang='grc' dir='ltr'><strong>ῶς</strong></span> <span class='ocrx_word' id='word_1_444' title='bbox 1043 3142 1223 3230; x_wconf 65' lang='grc' dir='ltr'>ἀν’τιξ</span> <span class='ocrx_word' id='word_1_445' title='bbox 1253 3142 1362 3237; x_wconf 73' lang='grc' dir='ltr'><strong>ἀρη</strong></span> <span class='ocrx_word' id='word_1_446' title='bbox 1404 3161 1595 3235; x_wconf 79' lang='grc' dir='ltr'>ῥάϐδον</span> <span class='ocrx_word' id='word_1_447' title='bbox 1628 3159 1660 3231; x_wconf 81' lang='grc' dir='ltr'>ἦ</span> <span class='ocrx_word' id='word_1_448' title='bbox 1698 3158 1882 3224; x_wconf 86' lang='grc' dir='ltr'>ξύλον;</span> <span class='ocrx_word' id='word_1_449' title='bbox 1917 3158 2027 3211; x_wconf 78' lang='grc' dir='ltr'><strong>Καὶ</strong></span> 
     </span>
    </p>
   </div>
   <div class='ocr_carea' id='block_1_62' title="bbox 2130 3142 3709 3254">
    <p class='ocr_par' dir='ltr' id='par_1_62' title="bbox 2132 3142 3709 3215">
     <span class='ocr_line' id='line_1_62' title="bbox 2132 3142 3709 3215; baseline -0.001 -14"><span class='ocrx_word' id='word_1_450' title='bbox 2132 3146 2248 3201; x_wconf 79' lang='lat' dir='ltr'><strong>sine</strong></span> <span class='ocrx_word' id='word_1_451' title='bbox 2278 3145 2527 3199; x_wconf 88' lang='lat' dir='ltr'><strong>trahente</strong></span> <span class='ocrx_word' id='word_1_452' title='bbox 2556 3143 2721 3211; x_wconf 88' lang='lat' dir='ltr'><strong>illam,</strong></span> <span class='ocrx_word' id='word_1_453' title='bbox 2757 3152 2816 3197; x_wconf 89' lang='lat' dir='ltr'><strong>ut</strong></span> <span class='ocrx_word' id='word_1_454' title='bbox 2867 3146 2989 3215; x_wconf 91' lang='lat' dir='ltr'><strong>quis</strong></span> <span class='ocrx_word' id='word_1_455' title='bbox 3018 3142 3210 3200; x_wconf 69' lang='lat' dir='ltr'><strong>efferat</strong></span> <span class='ocrx_word' id='word_1_456' title='bbox 3266 3146 3473 3214; x_wconf 79' lang='lat' dir='ltr'><strong>virgam</strong></span> <span class='ocrx_word' id='word_1_457' title='bbox 3506 3154 3600 3198; x_wconf 90' lang='lat' dir='ltr'><strong>aut</strong></span> <span class='ocrx_word' id='word_1_458' title='bbox 3642 3144 3709 3199; x_wconf 86' lang='lat' dir='ltr'><strong>li-</strong></span> 
     </span>
    </p>
   </div>
   <div class='ocr_carea' id='block_1_63' title="bbox 446 3248 2027 3334">
    <p class='ocr_par' dir='ltr' id='par_1_63' title="bbox 446 3248 2027 3334">
     <span class='ocr_line' id='line_1_63' title="bbox 446 3248 2027 3334; baseline -0.009 -18"><span class='ocrx_word' id='word_1_459' title='bbox 446 3263 547 3334; x_wconf 83' lang='grc' dir='ltr'>ούχ</span> <span class='ocrx_word' id='word_1_460' title='bbox 559 3261 748 3327; x_wconf 75' lang='grc' dir='ltr'>οὕτως,</span> <span class='ocrx_word' id='word_1_461' title='bbox 769 3260 883 3314; x_wconf 82' lang='grc' dir='ltr'>ἀλλ’</span> <span class='ocrx_word' id='word_1_462' title='bbox 904 3257 1194 3313; x_wconf 89' lang='grc' dir='ltr'>ἀποστελεί</span> <span class='ocrx_word' id='word_1_463' title='bbox 1219 3255 1422 3326; x_wconf 80' lang='grc' dir='ltr'>Κύριος</span> <span class='ocrx_word' id='word_1_464' title='bbox 1438 3251 1664 3307; x_wconf 85' lang='grc' dir='ltr'>Σαϐαὼθ</span> <span class='ocrx_word' id='word_1_465' title='bbox 1687 3252 1768 3314; x_wconf 80' lang='grc' dir='ltr'><strong>είς</strong></span> <span class='ocrx_word' id='word_1_466' title='bbox 1798 3248 1899 3320; x_wconf 85' lang='grc' dir='ltr'><strong>τὴν</strong></span> <span class='ocrx_word' id='word_1_467' title='bbox 1927 3248 2027 3321; x_wconf 82' lang='grc' dir='ltr'>σὴν</span> 
     </span>
    </p>
   </div>
   <div class='ocr_carea' id='block_1_64' title="bbox 448 3343 2031 3427">
    <p class='ocr_par' dir='ltr' id='par_1_64' title="bbox 448 3343 2031 3427">
     <span class='ocr_line' id='line_1_64' title="bbox 448 3343 2031 3427; baseline -0.009 -17"><span class='ocrx_word' id='word_1_468' title='bbox 448 3356 613 3427; x_wconf 79' lang='grc' dir='ltr'>τιμὴν</span> <span class='ocrx_word' id='word_1_469' title='bbox 657 3355 904 3426; x_wconf 80' lang='grc' dir='ltr'>ἀτιμίαν,</span> <span class='ocrx_word' id='word_1_470' title='bbox 935 3353 1031 3407; x_wconf 74' lang='grc' dir='ltr'><strong>καὶ</strong></span> <span class='ocrx_word' id='word_1_471' title='bbox 1069 3352 1151 3415; x_wconf 84' lang='grc' dir='ltr'><strong>είς</strong></span> <span class='ocrx_word' id='word_1_472' title='bbox 1182 3350 1281 3420; x_wconf 84' lang='grc' dir='ltr'><strong>τὴν</strong></span> <span class='ocrx_word' id='word_1_473' title='bbox 1328 3347 1426 3419; x_wconf 82' lang='grc' dir='ltr'>σὴν</span> <span class='ocrx_word' id='word_1_474' title='bbox 1472 3346 1627 3412; x_wconf 89' lang='grc' dir='ltr'>δόξαν</span> <span class='ocrx_word' id='word_1_475' title='bbox 1661 3343 1773 3416; x_wconf 84' lang='grc' dir='ltr'><strong>πῦρ</strong></span> <span class='ocrx_word' id='word_1_476' title='bbox 1804 3344 2031 3415; x_wconf 83' lang='grc' dir='ltr'>καιόμε-</span> 
     </span>
    </p>
   </div>
   <div class='ocr_carea' id='block_1_65' title="bbox 448 3434 2035 3518">
    <p class='ocr_par' dir='ltr' id='par_1_65' title="bbox 448 3434 2035 3518">
     <span class='ocr_line' id='line_1_65' title="bbox 448 3434 2035 3518; baseline -0.008 -16"><span class='ocrx_word' id='word_1_477' title='bbox 448 3465 537 3502; x_wconf 90' lang='grc' dir='ltr'><strong>νον</strong></span> <span class='ocrx_word' id='word_1_478' title='bbox 569 3446 922 3518; x_wconf 86' lang='grc' dir='ltr'>καυθήσεται.</span> <span class='ocrx_word' id='word_1_479' title='bbox 966 3464 984 3496; x_wconf 73' lang='grc' dir='ltr'><strong>ι</strong></span> <span class='ocrx_word' id='word_1_480' title='bbox 1023 3442 1168 3515; x_wconf 86' lang='grc' dir='ltr'>Πρὸς</span> <span class='ocrx_word' id='word_1_481' title='bbox 1198 3440 1387 3494; x_wconf 80' lang='grc' dir='ltr'>τοῦτον</span> <span class='ocrx_word' id='word_1_482' title='bbox 1437 3437 1529 3492; x_wconf 81' lang='grc' dir='ltr'><strong>τὸν</strong></span> <span class='ocrx_word' id='word_1_483' title='bbox 1570 3435 1919 3507; x_wconf 80' lang='grc' dir='ltr'>ὑπερήφανον</span> <span class='ocrx_word' id='word_1_484' title='bbox 1946 3434 2035 3490; x_wconf 84' lang='grc' dir='ltr'>λο-</span> 
     </span>
    </p>
   </div>
   <div class='ocr_carea' id='block_1_66' title="bbox 445 3524 2031 3608">
    <p class='ocr_par' dir='ltr' id='par_1_66' title="bbox 445 3524 2031 3608">
     <span class='ocr_line' id='line_1_66' title="bbox 445 3524 2031 3608; baseline -0.007 -18"><span class='ocrx_word' id='word_1_485' title='bbox 445 3537 664 3608; x_wconf 85' lang='grc' dir='ltr'>γισμὺν,</span> <span class='ocrx_word' id='word_1_486' title='bbox 720 3536 831 3589; x_wconf 85' lang='grc' dir='ltr'>είτε</span> <span class='ocrx_word' id='word_1_487' title='bbox 885 3552 970 3598; x_wconf 87' lang='grc' dir='ltr'><strong>τις</strong></span> <span class='ocrx_word' id='word_1_488' title='bbox 1037 3529 1389 3601; x_wconf 85' lang='grc' dir='ltr'>ἀντικειμένη</span> <span class='ocrx_word' id='word_1_489' title='bbox 1435 3527 1661 3598; x_wconf 89' lang='grc' dir='ltr'>δύναμις</span> <span class='ocrx_word' id='word_1_490' title='bbox 1715 3524 2031 3596; x_wconf 87' lang='grc' dir='ltr'>ἐτύγχανεν,</span> 
     </span>
    </p>
   </div>
   <div class='ocr_carea' id='block_1_67' title="bbox 445 3617 2033 3703">
    <p class='ocr_par' dir='ltr' id='par_1_67' title="bbox 445 3617 2033 3703">
     <span class='ocr_line' id='line_1_67' title="bbox 445 3617 2033 3703; baseline -0.009 -18"><span class='ocrx_word' id='word_1_491' title='bbox 445 3628 634 3703; x_wconf 80' lang='grc' dir='ltr'>ὥσπερ</span> <span class='ocrx_word' id='word_1_492' title='bbox 663 3631 693 3683; x_wconf 91' lang='lat'><strong>6</strong></span> <span class='ocrx_word' id='word_1_493' title='bbox 718 3627 899 3701; x_wconf 78' lang='grc' dir='ltr'>ἄρχων</span> <span class='ocrx_word' id='word_1_494' title='bbox 930 3623 1209 3696; x_wconf 83' lang='grc' dir='ltr'>βασιλείας</span> <span class='ocrx_word' id='word_1_495' title='bbox 1238 3618 1485 3693; x_wconf 86' lang='grc' dir='ltr'>Περσῶν,</span> <span class='ocrx_word' id='word_1_496' title='bbox 1521 3619 1615 3673; x_wconf 78' lang='grc' dir='ltr'>καὶ</span> <span class='ocrx_word' id='word_1_497' title='bbox 1643 3621 1672 3673; x_wconf 91' lang='lat'><strong>6</strong></span> <span class='ocrx_word' id='word_1_498' title='bbox 1705 3617 1892 3691; x_wconf 77' lang='grc' dir='ltr'>ἄρχων</span> <span class='ocrx_word' id='word_1_499' title='bbox 1933 3617 2033 3689; x_wconf 84' lang='grc' dir='ltr'>βα-</span> 
     </span>
    </p>
   </div>
   <div class='ocr_carea' id='block_1_68' title="bbox 448 3709 2030 3791">
    <p class='ocr_par' dir='ltr' id='par_1_68' title="bbox 448 3709 2030 3791">
     <span class='ocr_line' id='line_1_68' title="bbox 448 3709 2030 3791; baseline -0.008 -17"><span class='ocrx_word' id='word_1_500' title='bbox 448 3719 652 3783; x_wconf 81' lang='grc' dir='ltr'>σιλείας</span> <span class='ocrx_word' id='word_1_501' title='bbox 699 3719 919 3791; x_wconf 86' lang='grc' dir='ltr'>Μήδων,</span> <span class='ocrx_word' id='word_1_502' title='bbox 971 3715 1068 3770; x_wconf 76' lang='grc' dir='ltr'><strong>καὶ</strong></span> <span class='ocrx_word' id='word_1_503' title='bbox 1113 3716 1142 3768; x_wconf 91' lang='lat'><strong>6</strong></span> <span class='ocrx_word' id='word_1_504' title='bbox 1187 3713 1372 3785; x_wconf 83' lang='grc' dir='ltr'>ἄρχων</span> <span class='ocrx_word' id='word_1_505' title='bbox 1404 3710 1681 3782; x_wconf 84' lang='grc' dir='ltr'>βασιλείας</span> <span class='ocrx_word' id='word_1_506' title='bbox 1728 3709 1993 3780; x_wconf 84' lang='grc' dir='ltr'>Ἑλλήνων</span> <span class='ocrx_word' id='word_1_507' title='bbox 2015 3724 2030 3740; x_wconf 78' lang='grc' dir='ltr'>ο</span> 
     </span>
    </p>
   </div>
   <div class='ocr_carea' id='block_1_69' title="bbox 445 3799 2028 3880">
    <p class='ocr_par' dir='ltr' id='par_1_69' title="bbox 445 3799 2028 3880">
     <span class='ocr_line' id='line_1_69' title="bbox 445 3799 2028 3880; baseline -0.008 -14"><span class='ocrx_word' id='word_1_508' title='bbox 445 3809 589 3866; x_wconf 77' lang='grc' dir='ltr'>οὕτω</span> <span class='ocrx_word' id='word_1_509' title='bbox 609 3808 718 3880; x_wconf 77' lang='grc' dir='ltr'><strong>γὰρ</strong></span> <span class='ocrx_word' id='word_1_510' title='bbox 742 3808 883 3861; x_wconf 76' lang='grc' dir='ltr'>εἴποι</span> <span class='ocrx_word' id='word_1_511' title='bbox 913 3805 979 3861; x_wconf 81' lang='grc' dir='ltr'><strong>ἀν</strong></span> <span class='ocrx_word' id='word_1_512' title='bbox 1006 3822 1091 3866; x_wconf 89' lang='grc' dir='ltr'><strong>τις</strong></span> <span class='ocrx_word' id='word_1_513' title='bbox 1119 3805 1212 3857; x_wconf 85' lang='grc' dir='ltr'>καὶ</span> <span class='ocrx_word' id='word_1_514' title='bbox 1237 3802 1477 3874; x_wconf 80' lang='grc' dir='ltr'>ἄρχοντα</span> <span class='ocrx_word' id='word_1_515' title='bbox 1505 3799 1786 3872; x_wconf 86' lang='grc' dir='ltr'>βασιλείας</span> <span class='ocrx_word' id='word_1_516' title='bbox 1832 3800 2028 3855; x_wconf 84' lang='grc' dir='ltr'>Ἀσσυ-</span> 
     </span>
    </p>
   </div>
   <div class='ocr_carea' id='block_1_70' title="bbox 450 3890 2038 3975">
    <p class='ocr_par' dir='ltr' id='par_1_70' title="bbox 450 3890 2038 3975">
     <span class='ocr_line' id='line_1_70' title="bbox 450 3890 2038 3975; baseline -0.008 -19"><span class='ocrx_word' id='word_1_517' title='bbox 450 3902 581 3975; x_wconf 87' lang='grc' dir='ltr'>ρίων</span> <span class='ocrx_word' id='word_1_518' title='bbox 608 3898 887 3969; x_wconf 83' lang='grc' dir='ltr'>γεγονέναι</span> <span class='ocrx_word' id='word_1_519' title='bbox 907 3895 1031 3950; x_wconf 84' lang='grc' dir='ltr'>τινὰ</span> <span class='ocrx_word' id='word_1_520' title='bbox 1050 3895 1139 3948; x_wconf 84' lang='grc' dir='ltr'><strong>τὸν</strong></span> <span class='ocrx_word' id='word_1_521' title='bbox 1166 3892 1621 3962; x_wconf 76' lang='grc' dir='ltr'>ἀλαζονευόμενον</span> <span class='ocrx_word' id='word_1_522' title='bbox 1662 3890 1874 3954; x_wconf 77' lang='grc' dir='ltr'>καὶτὰς</span> <span class='ocrx_word' id='word_1_523' title='bbox 1903 3908 2038 3963; x_wconf 92' lang='grc' dir='ltr'>προ-</span> 
     </span>
    </p>
   </div>
   <div class='ocr_carea' id='block_1_71' title="bbox 450 3976 2034 4064">
    <p class='ocr_par' dir='ltr' id='par_1_71' title="bbox 450 3976 2034 4064">
     <span class='ocr_line' id='line_1_71' title="bbox 450 3976 2034 4064; baseline -0.008 -17"><span class='ocrx_word' id='word_1_524' title='bbox 450 3992 710 4064; x_wconf 75' lang='grc' dir='ltr'>κειμένας</span> <span class='ocrx_word' id='word_1_525' title='bbox 732 3990 916 4061; x_wconf 76' lang='grc' dir='ltr'>φωνάς</span> <span class='ocrx_word' id='word_1_526' title='bbox 942 3987 1315 4058; x_wconf 76' lang='grc' dir='ltr'>φθεγξάμενον</span> <span class='ocrx_word' id='word_1_527' title='bbox 1336 4000 1350 4014; x_wconf 89' lang='grc'><strong>·</strong></span> <span class='ocrx_word' id='word_1_528' title='bbox 1394 3983 1508 4037; x_wconf 71' lang='grc' dir='ltr'>εἴτε</span> <span class='ocrx_word' id='word_1_529' title='bbox 1534 3976 1627 4036; x_wconf 82' lang='grc' dir='ltr'>οὖν</span> <span class='ocrx_word' id='word_1_530' title='bbox 1656 3982 1795 4055; x_wconf 81' lang='grc' dir='ltr'>πρὸς</span> <span class='ocrx_word' id='word_1_531' title='bbox 1824 3981 2034 4048; x_wconf 87' lang='grc' dir='ltr'>τοῦτον,</span> 
     </span>
    </p>
   </div>
   <div class='ocr_carea' id='block_1_72' title="bbox 451 4072 2039 4156">
    <p class='ocr_par' dir='ltr' id='par_1_72' title="bbox 451 4072 2039 4156">
     <span class='ocr_line' id='line_1_72' title="bbox 451 4072 2039 4156; baseline -0.007 -18"><span class='ocrx_word' id='word_1_532' title='bbox 451 4085 562 4138; x_wconf 75' lang='grc' dir='ltr'>εἴτε</span> <span class='ocrx_word' id='word_1_533' title='bbox 580 4083 718 4156; x_wconf 80' lang='grc' dir='ltr'>πρὸς</span> <span class='ocrx_word' id='word_1_534' title='bbox 737 4083 827 4135; x_wconf 83' lang='grc' dir='ltr'><strong>τὸν</strong></span> <span class='ocrx_word' id='word_1_535' title='bbox 854 4079 1213 4134; x_wconf 89' lang='grc' dir='ltr'>Βαϐυλωνίων</span> <span class='ocrx_word' id='word_1_536' title='bbox 1233 4076 1459 4148; x_wconf 88' lang='grc' dir='ltr'>βασιλέα</span> <span class='ocrx_word' id='word_1_537' title='bbox 1480 4075 1570 4128; x_wconf 86' lang='grc' dir='ltr'>τὸν</span> <span class='ocrx_word' id='word_1_538' title='bbox 1596 4072 2039 4147; x_wconf 82' lang='grc' dir='ltr'>πολιορκήσαντα</span> 
     </span>
    </p>
   </div>
   <div class='ocr_carea' id='block_1_73' title="bbox 451 4165 2040 4250">
    <p class='ocr_par' dir='ltr' id='par_1_73' title="bbox 451 4165 2040 4250">
     <span class='ocr_line' id='line_1_73' title="bbox 451 4165 2040 4250; baseline -0.008 -19"><span class='ocrx_word' id='word_1_539' title='bbox 451 4178 549 4250; x_wconf 80' lang='grc' dir='ltr'><strong>τὴν</strong></span> <span class='ocrx_word' id='word_1_540' title='bbox 565 4173 1042 4249; x_wconf 79' lang='grc' dir='ltr'>Ἰερουσαλὴμ,καὶ</span> <span class='ocrx_word' id='word_1_541' title='bbox 1055 4172 1146 4225; x_wconf 84' lang='grc' dir='ltr'><strong>τὸν</strong></span> <span class='ocrx_word' id='word_1_542' title='bbox 1162 4172 1287 4226; x_wconf 84' lang='grc' dir='ltr'>ναὸν</span> <span class='ocrx_word' id='word_1_543' title='bbox 1305 4169 1686 4241; x_wconf 80' lang='grc' dir='ltr'>ἐμπρήσαντα,</span> <span class='ocrx_word' id='word_1_544' title='bbox 1707 4167 1881 4222; x_wconf 87' lang='grc' dir='ltr'>πάντα</span> <span class='ocrx_word' id='word_1_545' title='bbox 1895 4183 1955 4220; x_wconf 91' lang='grc' dir='ltr'><strong>τε</strong></span> <span class='ocrx_word' id='word_1_546' title='bbox 1970 4165 2040 4220; x_wconf 84' lang='grc' dir='ltr'>τὰ</span> 
     </span>
    </p>
   </div>
   <div class='ocr_carea' id='block_1_74' title="bbox 451 4258 2039 4343">
    <p class='ocr_par' dir='ltr' id='par_1_74' title="bbox 451 4258 2039 4343">
     <span class='ocr_line' id='line_1_74' title="bbox 451 4258 2039 4343; baseline -0.009 -18"><span class='ocrx_word' id='word_1_547' title='bbox 451 4270 600 4343; x_wconf 87' lang='grc' dir='ltr'>αύτῷ</span> <span class='ocrx_word' id='word_1_548' title='bbox 649 4268 818 4338; x_wconf 88' lang='grc' dir='ltr'>σκεύη</span> <span class='ocrx_word' id='word_1_549' title='bbox 864 4267 985 4338; x_wconf 79' lang='grc' dir='ltr'><strong>ἱερά</strong></span> <span class='ocrx_word' id='word_1_550' title='bbox 1030 4265 1126 4319; x_wconf 79' lang='grc' dir='ltr'><strong>καὶ</strong></span> <span class='ocrx_word' id='word_1_551' title='bbox 1171 4261 1496 4333; x_wconf 83' lang='grc' dir='ltr'>ἀναθήματα</span> <span class='ocrx_word' id='word_1_552' title='bbox 1535 4259 1746 4322; x_wconf 75' lang='grc' dir='ltr'>ἑλόντα,</span> <span class='ocrx_word' id='word_1_553' title='bbox 1794 4258 1888 4313; x_wconf 68' lang='grc' dir='ltr'><strong>καὶ</strong></span> <span class='ocrx_word' id='word_1_554' title='bbox 1925 4260 2039 4321; x_wconf 82' lang='grc' dir='ltr'>τοῖς</span> 
     </span>
    </p>
   </div>
   <div class='ocr_carea' id='block_1_75' title="bbox 451 4349 2038 4424">
    <p class='ocr_par' dir='ltr' id='par_1_75' title="bbox 451 4349 2038 4424">
     <span class='ocr_line' id='line_1_75' title="bbox 451 4349 2038 4424; baseline -0.009 -7"><span class='ocrx_word' id='word_1_555' title='bbox 451 4361 616 4417; x_wconf 80' lang='grc' dir='ltr'>αὑτοῦ</span> <span class='ocrx_word' id='word_1_556' title='bbox 654 4358 892 4421; x_wconf 75' lang='grc' dir='ltr'>εἰδώλοις</span> <span class='ocrx_word' id='word_1_557' title='bbox 920 4355 1187 4410; x_wconf 87' lang='grc' dir='ltr'>ἀναθέντα</span> <span class='ocrx_word' id='word_1_558' title='bbox 1218 4356 1276 4409; x_wconf 84' lang='grc' dir='ltr'><strong>ἐν</strong></span> <span class='ocrx_word' id='word_1_559' title='bbox 1319 4353 1456 4424; x_wconf 83' lang='grc' dir='ltr'>αύτῇ</span> <span class='ocrx_word' id='word_1_560' title='bbox 1508 4349 1808 4415; x_wconf 87' lang='grc' dir='ltr'>Βαϐυλῶνι,</span> <span class='ocrx_word' id='word_1_561' title='bbox 1847 4350 2038 4421; x_wconf 87' lang='grc' dir='ltr'>ῶσπερ</span> 
     </span>
    </p>
   </div>
   <div class='ocr_carea' id='block_1_76' title="bbox 451 4442 2035 4518">
    <p class='ocr_par' dir='ltr' id='par_1_76' title="bbox 451 4442 2035 4518">
     <span class='ocr_line' id='line_1_76' title="bbox 451 4442 2035 4518; baseline -0.009 -10"><span class='ocrx_word' id='word_1_562' title='bbox 451 4453 598 4508; x_wconf 87' lang='grc' dir='ltr'>δεινά</span> <span class='ocrx_word' id='word_1_563' title='bbox 631 4451 727 4505; x_wconf 75' lang='grc' dir='ltr'><strong>καὶ</strong></span> <span class='ocrx_word' id='word_1_564' title='bbox 759 4445 1166 4518; x_wconf 87' lang='grc' dir='ltr'>ἀπονενοημένα</span> <span class='ocrx_word' id='word_1_565' title='bbox 1195 4444 1541 4516; x_wconf 87' lang='grc' dir='ltr'>τολμήσαντα</span> <span class='ocrx_word' id='word_1_566' title='bbox 1570 4444 1766 4507; x_wconf 73' lang='grc' dir='ltr'>εἰπεῖν,</span> <span class='ocrx_word' id='word_1_567' title='bbox 1800 4442 2035 4514; x_wconf 85' lang='grc' dir='ltr'>ἀποκρί-</span> 
     </span>
    </p>
   </div>
   <div class='ocr_carea' id='block_1_77' title="bbox 2133 3234 3712 3308">
    <p class='ocr_par' dir='ltr' id='par_1_77' title="bbox 2133 3234 3712 3308">
     <span class='ocr_line' id='line_1_77' title="bbox 2133 3234 3712 3308; baseline -0.001 -18"><span class='ocrx_word' id='word_1_568' title='bbox 2133 3236 2343 3308; x_wconf 76' lang='lat' dir='ltr'><strong>gnum?</strong></span> <span class='ocrx_word' id='word_1_569' title='bbox 2381 3237 2451 3289; x_wconf 86' lang='lat' dir='ltr'><strong>At</strong></span> <span class='ocrx_word' id='word_1_570' title='bbox 2481 3251 2587 3291; x_wconf 90' lang='lat' dir='ltr'><strong>non</strong></span> <span class='ocrx_word' id='word_1_571' title='bbox 2625 3236 2724 3303; x_wconf 90' lang='lat' dir='ltr'><strong>sic,</strong></span> <span class='ocrx_word' id='word_1_572' title='bbox 2756 3235 2848 3290; x_wconf 89' lang='lat' dir='ltr'><strong>sed</strong></span> <span class='ocrx_word' id='word_1_573' title='bbox 2879 3236 3058 3289; x_wconf 89' lang='lat' dir='ltr'><strong>mittet</strong></span> <span class='ocrx_word' id='word_1_574' title='bbox 3096 3236 3356 3291; x_wconf 89' lang='lat' dir='ltr'><strong>Dominus</strong></span> <span class='ocrx_word' id='word_1_575' title='bbox 3391 3234 3631 3291; x_wconf 85' lang='lat' dir='ltr'><strong>Sabaoth</strong></span> <span class='ocrx_word' id='word_1_576' title='bbox 3657 3235 3712 3289; x_wconf 91' lang='lat' dir='ltr'><strong>in</strong></span> 
     </span>
    </p>
   </div>
   <div class='ocr_carea' id='block_1_78' title="bbox 2136 3328 3717 3399">
    <p class='ocr_par' dir='ltr' id='par_1_78' title="bbox 2136 3328 3717 3399">
     <span class='ocr_line' id='line_1_78' title="bbox 2136 3328 3717 3399; baseline -0.001 -15"><span class='ocrx_word' id='word_1_577' title='bbox 2136 3332 2395 3386; x_wconf 79' lang='lat' dir='ltr'><strong>honorem</strong></span> <span class='ocrx_word' id='word_1_578' title='bbox 2422 3339 2570 3383; x_wconf 88' lang='lat' dir='ltr'><strong>tnam</strong></span> <span class='ocrx_word' id='word_1_579' title='bbox 2598 3328 2971 3398; x_wconf 75' lang='lat' dir='ltr'><strong>ignominiam,</strong></span> <span class='ocrx_word' id='word_1_580' title='bbox 2995 3337 3051 3383; x_wconf 91' lang='lat' dir='ltr'><strong>et</strong></span> <span class='ocrx_word' id='word_1_581' title='bbox 3073 3328 3125 3382; x_wconf 92' lang='lat' dir='ltr'><strong>in</strong></span> <span class='ocrx_word' id='word_1_582' title='bbox 3149 3328 3376 3399; x_wconf 89' lang='lat' dir='ltr'><strong>gloriam</strong></span> <span class='ocrx_word' id='word_1_583' title='bbox 3398 3337 3545 3382; x_wconf 89' lang='lat' dir='ltr'><strong>tuum</strong></span> <span class='ocrx_word' id='word_1_584' title='bbox 3575 3328 3717 3397; x_wconf 76' lang='lat' dir='ltr'><strong>ignis</strong></span> 
     </span>
    </p>
   </div>
   <div class='ocr_carea' id='block_1_79' title="bbox 2134 3419 3716 3488">
    <p class='ocr_par' dir='ltr' id='par_1_79' title="bbox 2134 3419 3716 3488">
     <span class='ocr_line' id='line_1_79' title="bbox 2134 3419 3716 3488; baseline -0.004 -12"><span class='ocrx_word' id='word_1_585' title='bbox 2134 3422 2458 3476; x_wconf 89' lang='lat' dir='ltr'><strong>comburens</strong></span> <span class='ocrx_word' id='word_1_586' title='bbox 2487 3420 2831 3475; x_wconf 73' lang='lat' dir='ltr'><strong>accendatur.</strong></span> <span class='ocrx_word' id='word_1_587' title='bbox 2869 3438 2887 3471; x_wconf 80' lang='grc' dir='ltr'><strong>ι</strong></span> <span class='ocrx_word' id='word_1_588' title='bbox 2920 3419 2998 3473; x_wconf 84' lang='lat' dir='ltr'><strong>Ad</strong></span> <span class='ocrx_word' id='word_1_589' title='bbox 3034 3419 3174 3474; x_wconf 87' lang='lat' dir='ltr'><strong>hanc</strong></span> <span class='ocrx_word' id='word_1_590' title='bbox 3199 3419 3486 3488; x_wconf 87' lang='lat' dir='ltr'><strong>superbam</strong></span> <span class='ocrx_word' id='word_1_591' title='bbox 3505 3422 3716 3488; x_wconf 77' lang='lat' dir='ltr'><strong>cogita-</strong></span> 
     </span>
    </p>
   </div>
   <div class='ocr_carea' id='block_1_80' title="bbox 2135 3508 3716 3578">
    <p class='ocr_par' dir='ltr' id='par_1_80' title="bbox 2135 3508 3716 3578">
     <span class='ocr_line' id='line_1_80' title="bbox 2135 3508 3716 3578; baseline -0.002 -13"><span class='ocrx_word' id='word_1_592' title='bbox 2135 3511 2372 3577; x_wconf 87' lang='lat' dir='ltr'><strong>tionem;</strong></span> <span class='ocrx_word' id='word_1_593' title='bbox 2426 3512 2540 3566; x_wconf 85' lang='lat' dir='ltr'><strong>sive</strong></span> <span class='ocrx_word' id='word_1_594' title='bbox 2591 3525 2652 3566; x_wconf 91' lang='lat' dir='ltr'><strong>ca</strong></span> <span class='ocrx_word' id='word_1_595' title='bbox 2712 3508 2994 3578; x_wconf 78' lang='lat' dir='ltr'><strong>cujusdam</strong></span> <span class='ocrx_word' id='word_1_596' title='bbox 3041 3510 3370 3563; x_wconf 74' lang='lat' dir='ltr'><strong>adversariae</strong></span> <span class='ocrx_word' id='word_1_597' title='bbox 3430 3510 3716 3577; x_wconf 66' lang='lat' dir='ltr'><strong>potest-itis</strong></span> 
     </span>
    </p>
   </div>
   <div class='ocr_carea' id='block_1_81' title="bbox 2137 3596 3715 3672">
    <p class='ocr_par' dir='ltr' id='par_1_81' title="bbox 2137 3596 3715 3672">
     <span class='ocr_line' id='line_1_81' title="bbox 2137 3596 3715 3672; baseline -0.002 -17"><span class='ocrx_word' id='word_1_598' title='bbox 2137 3601 2321 3668; x_wconf 85' lang='lat' dir='ltr'><strong>fuerit,</strong></span> <span class='ocrx_word' id='word_1_599' title='bbox 2340 3601 2519 3671; x_wconf 86' lang='lat' dir='ltr'><strong>qualis</strong></span> <span class='ocrx_word' id='word_1_600' title='bbox 2543 3608 2660 3657; x_wconf 89' lang='lat' dir='ltr'><strong>erat</strong></span> <span class='ocrx_word' id='word_1_601' title='bbox 2690 3601 2943 3672; x_wconf 90' lang='lat' dir='ltr'><strong>princeps</strong></span> <span class='ocrx_word' id='word_1_602' title='bbox 2966 3601 3115 3671; x_wconf 79' lang='lat' dir='ltr'><strong>regni</strong></span> <span class='ocrx_word' id='word_1_603' title='bbox 3146 3596 3461 3662; x_wconf 83' lang='lat' dir='ltr'><strong>Persarum,</strong></span> <span class='ocrx_word' id='word_1_604' title='bbox 3490 3607 3544 3652; x_wconf 82' lang='lat' dir='ltr'><strong>et</strong></span> <span class='ocrx_word' id='word_1_605' title='bbox 3567 3602 3715 3668; x_wconf 83' lang='lat' dir='ltr'><strong>prin-</strong></span> 
     </span>
    </p>
   </div>
   <div class='ocr_carea' id='block_1_82' title="bbox 2135 3688 3703 3765">
    <p class='ocr_par' dir='ltr' id='par_1_82' title="bbox 2135 3688 3703 3765">
     <span class='ocr_line' id='line_1_82' title="bbox 2135 3688 3703 3765; baseline -0.004 -16"><span class='ocrx_word' id='word_1_606' title='bbox 2135 3708 2267 3765; x_wconf 86' lang='lat' dir='ltr'><strong>ceps</strong></span> <span class='ocrx_word' id='word_1_607' title='bbox 2294 3693 2445 3764; x_wconf 90' lang='lat' dir='ltr'><strong>regni</strong></span> <span class='ocrx_word' id='word_1_608' title='bbox 2476 3693 2781 3760; x_wconf 81' lang='lat' dir='ltr'><strong>Medorum,</strong></span> <span class='ocrx_word' id='word_1_609' title='bbox 2810 3703 2865 3748; x_wconf 90' lang='lat' dir='ltr'><strong>et</strong></span> <span class='ocrx_word' id='word_1_610' title='bbox 2893 3693 3144 3762; x_wconf 85' lang='lat' dir='ltr'><strong>princeps</strong></span> <span class='ocrx_word' id='word_1_611' title='bbox 3169 3689 3320 3760; x_wconf 89' lang='lat' dir='ltr'><strong>regni</strong></span> <span class='ocrx_word' id='word_1_612' title='bbox 3347 3688 3660 3744; x_wconf 70' lang='lat' dir='ltr'><strong>Graecorum</strong></span> <span class='ocrx_word' id='word_1_613' title='bbox 3688 3705 3703 3743; x_wconf 87' lang='lat'><strong>:</strong></span> 
     </span>
    </p>
   </div>
   <div class='ocr_carea' id='block_1_83' title="bbox 2135 3781 3713 3856">
    <p class='ocr_par' dir='ltr' id='par_1_83' title="bbox 2135 3781 3713 3856">
     <span class='ocr_line' id='line_1_83' title="bbox 2135 3781 3713 3856; baseline -0.003 -15"><span class='ocrx_word' id='word_1_614' title='bbox 2135 3785 2215 3841; x_wconf 88' lang='lat' dir='ltr'><strong>sic</strong></span> <span class='ocrx_word' id='word_1_615' title='bbox 2247 3786 2395 3839; x_wconf 89' lang='lat' dir='ltr'><strong>cnim</strong></span> <span class='ocrx_word' id='word_1_616' title='bbox 2453 3785 2726 3856; x_wconf 87' lang='lat' dir='ltr'><strong>quispiam</strong></span> <span class='ocrx_word' id='word_1_617' title='bbox 2787 3784 2989 3840; x_wconf 80' lang='lat' dir='ltr'><strong>dixerit</strong></span> <span class='ocrx_word' id='word_1_618' title='bbox 3053 3796 3177 3838; x_wconf 89' lang='lat' dir='ltr'><strong>esse</strong></span> <span class='ocrx_word' id='word_1_619' title='bbox 3227 3781 3528 3852; x_wconf 82' lang='lat' dir='ltr'><strong>principem</strong></span> <span class='ocrx_word' id='word_1_620' title='bbox 3562 3781 3713 3851; x_wconf 84' lang='lat' dir='ltr'><strong>regni</strong></span> 
     </span>
    </p>
   </div>
   <div class='ocr_carea' id='block_1_84' title="bbox 2135 3871 3711 3947">
    <p class='ocr_par' dir='ltr' id='par_1_84' title="bbox 2135 3871 3711 3947">
     <span class='ocr_line' id='line_1_84' title="bbox 2135 3871 3711 3947; baseline -0.001 -18"><span class='ocrx_word' id='word_1_621' title='bbox 2135 3875 2506 3947; x_wconf 63' lang='lat' dir='ltr'><strong>Assyriorum,</strong></span> <span class='ocrx_word' id='word_1_622' title='bbox 2541 3883 2864 3944; x_wconf 87' lang='lat' dir='ltr'><strong>arroganter</strong></span> <span class='ocrx_word' id='word_1_623' title='bbox 2891 3882 3165 3944; x_wconf 90' lang='lat' dir='ltr'><strong>agentem,</strong></span> <span class='ocrx_word' id='word_1_624' title='bbox 3213 3881 3377 3942; x_wconf 87' lang='lat' dir='ltr'><strong>atque</strong></span> <span class='ocrx_word' id='word_1_625' title='bbox 3421 3871 3520 3928; x_wconf 88' lang='lat' dir='ltr'><strong>has</strong></span> <span class='ocrx_word' id='word_1_626' title='bbox 3548 3886 3711 3928; x_wconf 88' lang='lat' dir='ltr'><strong>voces</strong></span> 
     </span>
    </p>
   </div>
   <div class='ocr_carea' id='block_1_85' title="bbox 2137 3963 3713 4036">
    <p class='ocr_par' dir='ltr' id='par_1_85' title="bbox 2137 3963 3713 4036">
     <span class='ocr_line' id='line_1_85' title="bbox 2137 3963 3713 4036; baseline -0.003 -14"><span class='ocrx_word' id='word_1_627' title='bbox 2137 3969 2473 4023; x_wconf 88' lang='lat' dir='ltr'><strong>emittentem</strong></span> <span class='ocrx_word' id='word_1_628' title='bbox 2504 3983 2519 4033; x_wconf 93' lang='lat'><strong>;</strong></span> <span class='ocrx_word' id='word_1_629' title='bbox 2563 3966 2681 4022; x_wconf 88' lang='lat' dir='ltr'><strong>sive</strong></span> <span class='ocrx_word' id='word_1_630' title='bbox 2712 3966 2778 4020; x_wconf 92' lang='lat' dir='ltr'><strong>ad</strong></span> <span class='ocrx_word' id='word_1_631' title='bbox 2809 3966 2975 4030; x_wconf 90' lang='lat' dir='ltr'><strong>hunc,</strong></span> <span class='ocrx_word' id='word_1_632' title='bbox 3002 3965 3246 4034; x_wconf 85' lang='lat' dir='ltr'><strong>inquam,</strong></span> <span class='ocrx_word' id='word_1_633' title='bbox 3279 3964 3399 4019; x_wconf 82' lang='lat' dir='ltr'><strong>sive</strong></span> <span class='ocrx_word' id='word_1_634' title='bbox 3434 3963 3500 4018; x_wconf 88' lang='lat' dir='ltr'><strong>ad</strong></span> <span class='ocrx_word' id='word_1_635' title='bbox 3531 3978 3713 4036; x_wconf 86' lang='lat' dir='ltr'><strong>regem</strong></span> 
     </span>
    </p>
   </div>
   <div class='ocr_carea' id='block_1_86' title="bbox 2136 4056 3715 4131">
    <p class='ocr_par' dir='ltr' id='par_1_86' title="bbox 2136 4056 3715 4131">
     <span class='ocr_line' id='line_1_86' title="bbox 2136 4056 3715 4131; baseline -0.002 -18"><span class='ocrx_word' id='word_1_636' title='bbox 2136 4058 2579 4131; x_wconf 83' lang='lat' dir='ltr'><strong>Babyloniorum,</strong></span> <span class='ocrx_word' id='word_1_637' title='bbox 2618 4059 2711 4129; x_wconf 91' lang='lat' dir='ltr'><strong>qui</strong></span> <span class='ocrx_word' id='word_1_638' title='bbox 2748 4058 3179 4128; x_wconf 84' lang='lat' dir='ltr'><strong>Hierosolymam</strong></span> <span class='ocrx_word' id='word_1_639' title='bbox 3222 4056 3457 4121; x_wconf 87' lang='lat' dir='ltr'><strong>obsedit,</strong></span> <span class='ocrx_word' id='word_1_640' title='bbox 3487 4066 3542 4112; x_wconf 90' lang='lat' dir='ltr'><strong>et</strong></span> <span class='ocrx_word' id='word_1_641' title='bbox 3583 4067 3715 4112; x_wconf 89' lang='lat' dir='ltr'><strong>tem-</strong></span> 
     </span>
    </p>
   </div>
   <div class='ocr_carea' id='block_1_87' title="bbox 2139 4148 3719 4223">
    <p class='ocr_par' dir='ltr' id='par_1_87' title="bbox 2139 4148 3719 4223">
     <span class='ocr_line' id='line_1_87' title="bbox 2139 4148 3719 4223; baseline -0.001 -17"><span class='ocrx_word' id='word_1_642' title='bbox 2139 4153 2285 4223; x_wconf 89' lang='lat' dir='ltr'><strong>plum</strong></span> <span class='ocrx_word' id='word_1_643' title='bbox 2324 4148 2588 4218; x_wconf 56' lang='lat' dir='ltr'><strong>ince&#39;ndit,</strong></span> <span class='ocrx_word' id='word_1_644' title='bbox 2617 4162 2671 4207; x_wconf 89' lang='lat' dir='ltr'><strong>et</strong></span> <span class='ocrx_word' id='word_1_645' title='bbox 2700 4151 2882 4206; x_wconf 83' lang='lat' dir='ltr'><strong>omnia</strong></span> <span class='ocrx_word' id='word_1_646' title='bbox 2915 4165 3071 4205; x_wconf 88' lang='lat' dir='ltr'><strong>sacra</strong></span> <span class='ocrx_word' id='word_1_647' title='bbox 3099 4164 3224 4205; x_wconf 87' lang='lat' dir='ltr'><strong>vasa</strong></span> <span class='ocrx_word' id='word_1_648' title='bbox 3256 4148 3373 4220; x_wconf 80' lang='lat' dir='ltr'><strong>ejus</strong></span> <span class='ocrx_word' id='word_1_649' title='bbox 3402 4157 3458 4204; x_wconf 87' lang='lat' dir='ltr'><strong>et</strong></span> <span class='ocrx_word' id='word_1_650' title='bbox 3491 4148 3719 4206; x_wconf 84' lang='lat' dir='ltr'><strong>donaria</strong></span> 
     </span>
    </p>
   </div>
   <div class='ocr_carea' id='block_1_88' title="bbox 2140 4241 3721 4315">
    <p class='ocr_par' dir='ltr' id='par_1_88' title="bbox 2140 4241 3721 4315">
     <span class='ocr_line' id='line_1_88' title="bbox 2140 4241 3721 4315; baseline -0.002 -17"><span class='ocrx_word' id='word_1_651' title='bbox 2140 4244 2387 4311; x_wconf 87' lang='lat' dir='ltr'><strong>abstulit,</strong></span> <span class='ocrx_word' id='word_1_652' title='bbox 2419 4261 2484 4301; x_wconf 87' lang='lat' dir='ltr'><strong>ac</strong></span> <span class='ocrx_word' id='word_1_653' title='bbox 2527 4245 2579 4299; x_wconf 92' lang='lat' dir='ltr'><strong>in</strong></span> <span class='ocrx_word' id='word_1_654' title='bbox 2637 4244 2748 4315; x_wconf 86' lang='lat' dir='ltr'><strong>ipsa</strong></span> <span class='ocrx_word' id='word_1_655' title='bbox 2779 4242 3053 4314; x_wconf 88' lang='lat' dir='ltr'><strong>Babylone</strong></span> <span class='ocrx_word' id='word_1_656' title='bbox 3086 4241 3241 4296; x_wconf 87' lang='lat' dir='ltr'><strong>idolis</strong></span> <span class='ocrx_word' id='word_1_657' title='bbox 3280 4242 3393 4297; x_wconf 86' lang='lat' dir='ltr'><strong>suis</strong></span> <span class='ocrx_word' id='word_1_658' title='bbox 3427 4256 3721 4297; x_wconf 79' lang='lat' dir='ltr'><strong>consecra-</strong></span> 
     </span>
    </p>
   </div>
   <div class='ocr_carea' id='block_1_89' title="bbox 2140 4332 3716 4407">
    <p class='ocr_par' dir='ltr' id='par_1_89' title="bbox 2140 4332 3716 4407">
     <span class='ocr_line' id='line_1_89' title="bbox 2140 4332 3716 4407; baseline -0.001 -18"><span class='ocrx_word' id='word_1_659' title='bbox 2140 4337 2254 4402; x_wconf 87' lang='lat' dir='ltr'><strong>vit;</strong></span> <span class='ocrx_word' id='word_1_660' title='bbox 2293 4346 2482 4406; x_wconf 89' lang='lat' dir='ltr'><strong>utpote</strong></span> <span class='ocrx_word' id='word_1_661' title='bbox 2513 4335 2604 4406; x_wconf 89' lang='lat' dir='ltr'><strong>qui</strong></span> <span class='ocrx_word' id='word_1_662' title='bbox 2628 4333 2813 4407; x_wconf 84' lang='lat' dir='ltr'><strong>gravia</strong></span> <span class='ocrx_word' id='word_1_663' title='bbox 2847 4344 2903 4389; x_wconf 91' lang='lat' dir='ltr'><strong>et</strong></span> <span class='ocrx_word' id='word_1_664' title='bbox 2941 4334 3128 4389; x_wconf 88' lang='lat' dir='ltr'><strong>insana</strong></span> <span class='ocrx_word' id='word_1_665' title='bbox 3160 4332 3407 4403; x_wconf 88' lang='lat' dir='ltr'><strong>proferre</strong></span> <span class='ocrx_word' id='word_1_666' title='bbox 3437 4347 3601 4387; x_wconf 87' lang='lat' dir='ltr'><strong>ausus</strong></span> <span class='ocrx_word' id='word_1_667' title='bbox 3623 4347 3716 4387; x_wconf 85' lang='lat' dir='ltr'><strong>es-</strong></span> 
     </span>
    </p>
   </div>
   <div class='ocr_carea' id='block_1_90' title="bbox 2142 4424 3720 4500">
    <p class='ocr_par' dir='ltr' id='par_1_90' title="bbox 2142 4424 3720 4500">
     <span class='ocr_line' id='line_1_90' title="bbox 2142 4424 3720 4500; baseline -0.006 -14"><span class='ocrx_word' id='word_1_668' title='bbox 2142 4442 2245 4495; x_wconf 90' lang='lat' dir='ltr'><strong>set,</strong></span> <span class='ocrx_word' id='word_1_669' title='bbox 2262 4434 2555 4500; x_wconf 87' lang='lat' dir='ltr'><strong>respondet</strong></span> <span class='ocrx_word' id='word_1_670' title='bbox 2575 4427 2927 4500; x_wconf 88' lang='lat' dir='ltr'><strong>propheticus</strong></span> <span class='ocrx_word' id='word_1_671' title='bbox 2943 4441 3122 4482; x_wconf 88' lang='lat' dir='ltr'><strong>sermo</strong></span> <span class='ocrx_word' id='word_1_672' title='bbox 3142 4442 3156 4479; x_wconf 90' lang='lat'>:</span> <span class='ocrx_word' id='word_1_673' title='bbox 3184 4424 3408 4490; x_wconf 88' lang='lat' dir='ltr'><strong>Deinde,</strong></span> <span class='ocrx_word' id='word_1_674' title='bbox 3433 4424 3720 4479; x_wconf 81' lang='lat' dir='ltr'><strong>oomninm</strong></span> 
     </span>
    </p>
   </div>
   <div class='ocr_carea' id='block_1_91' title="bbox 460 4515 2027 4612">
    <p class='ocr_par' dir='ltr' id='par_1_91' title="bbox 460 4515 2027 4612">
     <span class='ocr_line' id='line_1_91' title="bbox 460 4515 2027 4612; baseline -0.009 -13"><span class='ocrx_word' id='word_1_675' title='bbox 460 4562 600 4599; x_wconf 70' lang='grc' dir='ltr'>δεται</span> <span class='ocrx_word' id='word_1_676' title='bbox 631 4540 896 4612; x_wconf 88' lang='grc' dir='ltr'>φάσκωνό</span> <span class='ocrx_word' id='word_1_677' title='bbox 918 4515 1252 4611; x_wconf 78' lang='grc' dir='ltr'>προφητικδς</span> <span class='ocrx_word' id='word_1_678' title='bbox 1273 4515 1451 4604; x_wconf 80' lang='grc' dir='ltr'>λόγος·</span> <span class='ocrx_word' id='word_1_679' title='bbox 1472 4528 1739 4606; x_wconf 79' lang='grc' dir='ltr'><strong>Εἷτα,(16)</strong></span> <span class='ocrx_word' id='word_1_680' title='bbox 1765 4527 1809 4588; x_wconf 82' lang='grc' dir='ltr'><strong>ὦ</strong></span> <span class='ocrx_word' id='word_1_681' title='bbox 1834 4532 2027 4588; x_wconf 64' lang='grc' dir='ltr'>πάντωε</span> 
     </span>
    </p>
   </div>
   <div class='ocr_carea' id='block_1_92' title="bbox 2130 4515 3724 4612">
    <p class='ocr_par' dir='ltr' id='par_1_92' title="bbox 2156 4515 3724 4588">
     <span class='ocr_line' id='line_1_92' title="bbox 2156 4515 3724 4588; baseline -0.006 -9"><span class='ocrx_word' id='word_1_682' title='bbox 2156 4522 2500 4587; x_wconf 78' lang='lat' dir='ltr'><strong>stultissime,</strong></span> <span class='ocrx_word' id='word_1_683' title='bbox 2531 4537 2636 4577; x_wconf 91' lang='lat' dir='ltr'><strong>non</strong></span> <span class='ocrx_word' id='word_1_684' title='bbox 2659 4519 2813 4575; x_wconf 90' lang='lat' dir='ltr'><strong>vides</strong></span> <span class='ocrx_word' id='word_1_685' title='bbox 2831 4534 2937 4574; x_wconf 90' lang='lat' dir='ltr'><strong>non</strong></span> <span class='ocrx_word' id='word_1_686' title='bbox 2951 4532 3113 4588; x_wconf 90' lang='lat' dir='ltr'><strong>posse</strong></span> <span class='ocrx_word' id='word_1_687' title='bbox 3134 4517 3393 4582; x_wconf 89' lang='lat' dir='ltr'><strong>securim,</strong></span> <span class='ocrx_word' id='word_1_688' title='bbox 3426 4515 3576 4571; x_wconf 90' lang='lat' dir='ltr'><strong>nullo</strong></span> <span class='ocrx_word' id='word_1_689' title='bbox 3593 4531 3724 4585; x_wconf 84' lang='lat' dir='ltr'><strong>Ope-</strong></span> 
     </span>
    </p>
   </div>
   <div class='ocr_carea' id='block_1_93' title="bbox 452 4625 2036 4707">
    <p class='ocr_par' dir='ltr' id='par_1_93' title="bbox 452 4625 2036 4707">
     <span class='ocr_line' id='line_1_93' title="bbox 452 4625 2036 4707; baseline -0.008 -17"><span class='ocrx_word' id='word_1_690' title='bbox 452 4635 842 4707; x_wconf 87' lang='grc' dir='ltr'>ἀφρονέστατε,</span> <span class='ocrx_word' id='word_1_691' title='bbox 869 4631 929 4685; x_wconf 88' lang='grc' dir='ltr'><strong>ού</strong></span> <span class='ocrx_word' id='word_1_692' title='bbox 956 4630 1208 4700; x_wconf 67' lang='grc' dir='ltr'>συνορᾷς,</span> <span class='ocrx_word' id='word_1_693' title='bbox 1236 4627 1318 4681; x_wconf 83' lang='grc' dir='ltr'>ὅτι</span> <span class='ocrx_word' id='word_1_694' title='bbox 1346 4625 1473 4680; x_wconf 74' lang='grc' dir='ltr'>οὔτε</span> <span class='ocrx_word' id='word_1_695' title='bbox 1504 4625 1671 4693; x_wconf 87' lang='grc' dir='ltr'>πέλυξ</span> <span class='ocrx_word' id='word_1_696' title='bbox 1692 4626 1884 4679; x_wconf 82' lang='grc' dir='ltr'>ἑαυτόν</span> <span class='ocrx_word' id='word_1_697' title='bbox 1906 4642 2036 4678; x_wconf 90' lang='grc' dir='ltr'>ποτε</span> 
     </span>
    </p>
   </div>
   <div class='ocr_carea' id='block_1_94' title="bbox 455 4716 2037 4799">
    <p class='ocr_par' dir='ltr' id='par_1_94' title="bbox 455 4716 2037 4799">
     <span class='ocr_line' id='line_1_94' title="bbox 455 4716 2037 4799; baseline -0.007 -18"><span class='ocrx_word' id='word_1_698' title='bbox 455 4729 729 4799; x_wconf 87' lang='grc' dir='ltr'>κινήσειεν</span> <span class='ocrx_word' id='word_1_699' title='bbox 762 4726 856 4779; x_wconf 76' lang='grc' dir='ltr'>ἐπὶ</span> <span class='ocrx_word' id='word_1_700' title='bbox 889 4721 1066 4794; x_wconf 76' lang='grc' dir='ltr'>κοπὴν</span> <span class='ocrx_word' id='word_1_701' title='bbox 1104 4719 1283 4786; x_wconf 82' lang='grc' dir='ltr'>ξύλου,</span> <span class='ocrx_word' id='word_1_702' title='bbox 1322 4718 1399 4791; x_wconf 79' lang='grc' dir='ltr'>μὴ</span> <span class='ocrx_word' id='word_1_703' title='bbox 1440 4717 1629 4789; x_wconf 81' lang='grc' dir='ltr'>ἐτέρου</span> <span class='ocrx_word' id='word_1_704' title='bbox 1663 4716 2037 4799; x_wconf 76' lang='grc' dir='ltr'>ἐνεργοῦντος,</span> 
     </span>
    </p>
   </div>
   <div class='ocr_carea' id='block_1_95' title="bbox 456 4794 2037 4890">
    <p class='ocr_par' dir='ltr' id='par_1_95' title="bbox 456 4794 2037 4890">
     <span class='ocr_line' id='line_1_95' title="bbox 456 4794 2037 4890; baseline -0.009 -15"><span class='ocrx_word' id='word_1_705' title='bbox 456 4794 578 4875; x_wconf 74' lang='grc' dir='ltr'>οὔτε</span> <span class='ocrx_word' id='word_1_706' title='bbox 609 4819 786 4890; x_wconf 89' lang='grc' dir='ltr'>πρίων</span> <span class='ocrx_word' id='word_1_707' title='bbox 816 4816 978 4871; x_wconf 87' lang='grc' dir='ltr'>διέλοι</span> <span class='ocrx_word' id='word_1_708' title='bbox 1005 4815 1071 4869; x_wconf 81' lang='grc' dir='ltr'><strong>ἂν</strong></span> <span class='ocrx_word' id='word_1_709' title='bbox 1096 4813 1164 4867; x_wconf 82' lang='grc' dir='ltr'>τὰ</span> <span class='ocrx_word' id='word_1_710' title='bbox 1192 4812 1328 4884; x_wconf 86' lang='grc' dir='ltr'>πρὸς</span> <span class='ocrx_word' id='word_1_711' title='bbox 1358 4809 1523 4865; x_wconf 81' lang='grc' dir='ltr'>αὑτοῦ</span> <span class='ocrx_word' id='word_1_712' title='bbox 1564 4794 1890 4882; x_wconf 79' lang='grc' dir='ltr'>πριζόμενα,</span> <span class='ocrx_word' id='word_1_713' title='bbox 1930 4827 2037 4881; x_wconf 86' lang='grc' dir='ltr'>μη-</span> 
     </span>
    </p>
   </div>
   <div class='ocr_carea' id='block_1_96' title="bbox 455 4900 2037 4978">
    <p class='ocr_par' dir='ltr' id='par_1_96' title="bbox 455 4900 2037 4978">
     <span class='ocr_line' id='line_1_96' title="bbox 455 4900 2037 4978; baseline -0.009 -10"><span class='ocrx_word' id='word_1_714' title='bbox 455 4911 604 4977; x_wconf 80' lang='grc' dir='ltr'>δενὸς</span> <span class='ocrx_word' id='word_1_715' title='bbox 641 4913 909 4975; x_wconf 72' lang='grc' dir='ltr'>ἕλκοντος,</span> <span class='ocrx_word' id='word_1_716' title='bbox 961 4907 1082 4961; x_wconf 81' lang='grc' dir='ltr'>οὐδὲ</span> <span class='ocrx_word' id='word_1_717' title='bbox 1122 4904 1317 4978; x_wconf 82' lang='grc' dir='ltr'>ῥάϐδος</span> <span class='ocrx_word' id='word_1_718' title='bbox 1365 4902 1583 4973; x_wconf 77' lang='grc' dir='ltr'>τύψειεν</span> <span class='ocrx_word' id='word_1_719' title='bbox 1623 4903 1688 4958; x_wconf 83' lang='grc' dir='ltr'><strong>ἀν</strong></span> <span class='ocrx_word' id='word_1_720' title='bbox 1730 4919 1870 4969; x_wconf 87' lang='grc' dir='ltr'>τινα,</span> <span class='ocrx_word' id='word_1_721' title='bbox 1915 4900 2037 4955; x_wconf 84' lang='grc' dir='ltr'><strong>ούδέ</strong></span> 
     </span>
    </p>
   </div>
   <div class='ocr_carea' id='block_1_97' title="bbox 459 4993 2035 5077">
    <p class='ocr_par' dir='ltr' id='par_1_97' title="bbox 459 4993 2035 5077">
     <span class='ocr_line' id='line_1_97' title="bbox 459 4993 2035 5077; baseline -0.009 -17"><span class='ocrx_word' id='word_1_722' title='bbox 459 5007 614 5074; x_wconf 79' lang='grc' dir='ltr'>ξύλον</span> <span class='ocrx_word' id='word_1_723' title='bbox 640 5004 890 5077; x_wconf 80' lang='grc' dir='ltr'>πλήξειεν</span> <span class='ocrx_word' id='word_1_724' title='bbox 919 4999 1239 5072; x_wconf 85' lang='grc' dir='ltr'>αὐτομάτως</span> <span class='ocrx_word' id='word_1_725' title='bbox 1272 4995 1623 5068; x_wconf 88' lang='grc' dir='ltr'>κινούμενον;</span> <span class='ocrx_word' id='word_1_726' title='bbox 1651 4994 1773 5067; x_wconf 84' lang='grc' dir='ltr'>Χρὴ</span> <span class='ocrx_word' id='word_1_727' title='bbox 1802 4994 1857 5048; x_wconf 77' lang='grc' dir='ltr'>δὲ</span> <span class='ocrx_word' id='word_1_728' title='bbox 1887 4993 2035 5063; x_wconf 83' lang='grc' dir='ltr'>λογί-</span> 
     </span>
    </p>
   </div>
   <div class='ocr_carea' id='block_1_98' title="bbox 461 5087 2038 5171">
    <p class='ocr_par' dir='ltr' id='par_1_98' title="bbox 461 5087 2038 5171">
     <span class='ocr_line' id='line_1_98' title="bbox 461 5087 2038 5171; baseline -0.011 -14"><span class='ocrx_word' id='word_1_729' title='bbox 461 5102 677 5167; x_wconf 87' lang='grc' dir='ltr'>σασθαι,</span> <span class='ocrx_word' id='word_1_730' title='bbox 704 5101 788 5154; x_wconf 83' lang='grc' dir='ltr'>ὅτι</span> <span class='ocrx_word' id='word_1_731' title='bbox 811 5098 935 5153; x_wconf 72' lang='grc' dir='ltr'>οὔτε</span> <span class='ocrx_word' id='word_1_732' title='bbox 967 5115 1049 5153; x_wconf 90' lang='grc' dir='ltr'><strong>σοι</strong></span> <span class='ocrx_word' id='word_1_733' title='bbox 1069 5096 1298 5168; x_wconf 80' lang='grc' dir='ltr'>διακόνῳ</span> <span class='ocrx_word' id='word_1_734' title='bbox 1320 5095 1434 5171; x_wconf 72' lang='grc' dir='ltr'>δντι</span> <span class='ocrx_word' id='word_1_735' title='bbox 1458 5092 1559 5164; x_wconf 85' lang='grc' dir='ltr'>τῆς</span> <span class='ocrx_word' id='word_1_736' title='bbox 1583 5089 1679 5144; x_wconf 89' lang='grc' dir='ltr'><strong>τοῦ</strong></span> <span class='ocrx_word' id='word_1_737' title='bbox 1702 5088 1838 5143; x_wconf 87' lang='grc' dir='ltr'>Θεοῦ</span> <span class='ocrx_word' id='word_1_738' title='bbox 1867 5087 2038 5161; x_wconf 81' lang='grc' dir='ltr'>ὀργῆς</span> 
     </span>
    </p>
   </div>
   <div class='ocr_carea' id='block_1_99' title="bbox 458 5180 2041 5264">
    <p class='ocr_par' dir='ltr' id='par_1_99' title="bbox 458 5180 2041 5264">
     <span class='ocr_line' id='line_1_99' title="bbox 458 5180 2041 5264; baseline -0.011 -17"><span class='ocrx_word' id='word_1_739' title='bbox 458 5192 692 5263; x_wconf 87' lang='grc' dir='ltr'>τοσαύτη</span> <span class='ocrx_word' id='word_1_740' title='bbox 721 5192 904 5264; x_wconf 84' lang='grc' dir='ltr'>παρῆν</span> <span class='ocrx_word' id='word_1_741' title='bbox 931 5189 1180 5261; x_wconf 89' lang='grc' dir='ltr'>δύναμις,</span> <span class='ocrx_word' id='word_1_742' title='bbox 1212 5188 1288 5252; x_wconf 87' lang='grc' dir='ltr'>ὼς</span> <span class='ocrx_word' id='word_1_743' title='bbox 1326 5184 1534 5259; x_wconf 87' lang='grc' dir='ltr'>μυρίων</span> <span class='ocrx_word' id='word_1_744' title='bbox 1560 5180 1729 5236; x_wconf 84' lang='grc' dir='ltr'>ἐθνῶν</span> <span class='ocrx_word' id='word_1_745' title='bbox 1760 5194 2041 5247; x_wconf 89' lang='grc' dir='ltr'>κατακρα-</span> 
     </span>
    </p>
   </div>
   <div class='ocr_carea' id='block_1_100' title="bbox 459 5270 2035 5359">
    <p class='ocr_par' dir='ltr' id='par_1_100' title="bbox 459 5270 2035 5359">
     <span class='ocr_line' id='line_1_100' title="bbox 459 5270 2035 5359; baseline -0.014 -17"><span class='ocrx_word' id='word_1_746' title='bbox 459 5287 661 5359; x_wconf 56' lang='grc' dir='ltr'>τῆσαιρ</span> <span class='ocrx_word' id='word_1_747' title='bbox 679 5287 775 5340; x_wconf 76' lang='grc' dir='ltr'><strong>καὶ</strong></span> <span class='ocrx_word' id='word_1_748' title='bbox 819 5283 1008 5339; x_wconf 87' lang='grc' dir='ltr'>τούσδε</span> <span class='ocrx_word' id='word_1_749' title='bbox 1049 5282 1148 5354; x_wconf 88' lang='grc' dir='ltr'><strong>μὲν</strong></span> <span class='ocrx_word' id='word_1_750' title='bbox 1193 5280 1436 5342; x_wconf 86' lang='grc' dir='ltr'>κόπτειν,</span> <span class='ocrx_word' id='word_1_751' title='bbox 1486 5275 1704 5346; x_wconf 86' lang='grc' dir='ltr'>ἐτέρους</span> <span class='ocrx_word' id='word_1_752' title='bbox 1727 5271 1786 5325; x_wconf 83' lang='grc' dir='ltr'>δὲ</span> <span class='ocrx_word' id='word_1_753' title='bbox 1830 5270 2035 5332; x_wconf 88' lang='grc' dir='ltr'>παίειν,</span> 
     </span>
    </p>
   </div>
   <div class='ocr_carea' id='block_1_101' title="bbox 462 5360 2035 5448">
    <p class='ocr_par' dir='ltr' id='par_1_101' title="bbox 462 5360 2035 5448">
     <span class='ocr_line' id='line_1_101' title="bbox 462 5360 2035 5448; baseline -0.014 -14"><span class='ocrx_word' id='word_1_754' title='bbox 462 5380 646 5443; x_wconf 80' lang='grc' dir='ltr'>πόλεις</span> <span class='ocrx_word' id='word_1_755' title='bbox 670 5396 731 5433; x_wconf 84' lang='grc' dir='ltr'><strong>τε</strong></span> <span class='ocrx_word' id='word_1_756' title='bbox 789 5378 914 5441; x_wconf 79' lang='grc' dir='ltr'>ὅλας</span> <span class='ocrx_word' id='word_1_757' title='bbox 943 5369 1507 5448; x_wconf 79' lang='grc' dir='ltr'>ἐξανδραποδίζεσθαι,</span> <span class='ocrx_word' id='word_1_758' title='bbox 1535 5365 1631 5422; x_wconf 79' lang='grc' dir='ltr'>καὶ</span> <span class='ocrx_word' id='word_1_759' title='bbox 1663 5363 1830 5438; x_wconf 86' lang='grc' dir='ltr'>μυρία</span> <span class='ocrx_word' id='word_1_760' title='bbox 1857 5360 2035 5433; x_wconf 84' lang='grc' dir='ltr'>πλήθη</span> 
     </span>
    </p>
   </div>
   <div class='ocr_carea' id='block_1_102' title="bbox 464 5452 2039 5545">
    <p class='ocr_par' dir='ltr' id='par_1_102' title="bbox 464 5452 2039 5545">
     <span class='ocr_line' id='line_1_102' title="bbox 464 5452 2039 5545; baseline -0.015 -19"><span class='ocrx_word' id='word_1_761' title='bbox 464 5469 962 5545; x_wconf 83' lang='grc' dir='ltr'>καταστρωννύναι,</span> <span class='ocrx_word' id='word_1_762' title='bbox 998 5466 1197 5529; x_wconf 84' lang='grc' dir='ltr'>παντὸς</span> <span class='ocrx_word' id='word_1_763' title='bbox 1229 5463 1465 5534; x_wconf 88' lang='grc' dir='ltr'>πρίονος,</span> <span class='ocrx_word' id='word_1_764' title='bbox 1500 5459 1595 5513; x_wconf 73' lang='grc' dir='ltr'><strong>καὶ</strong></span> <span class='ocrx_word' id='word_1_765' title='bbox 1626 5454 1910 5518; x_wconf 86' lang='grc' dir='ltr'>πελέκυος,</span> <span class='ocrx_word' id='word_1_766' title='bbox 1943 5452 2039 5545; x_wconf 60' lang='grc' dir='ltr'><strong>καλ</strong></span> 
     </span>
    </p>
   </div>
   <div class='ocr_carea' id='block_1_103' title="bbox 468 5543 2037 5637">
    <p class='ocr_par' dir='ltr' id='par_1_103' title="bbox 468 5543 2037 5637">
     <span class='ocr_line' id='line_1_103' title="bbox 468 5543 2037 5637; baseline -0.016 -16"><span class='ocrx_word' id='word_1_767' title='bbox 468 5564 664 5637; x_wconf 76' lang='grc' dir='ltr'>ῥάϐδου</span> <span class='ocrx_word' id='word_1_768' title='bbox 682 5543 894 5636; x_wconf 11' lang='grc' dir='ltr'>ἠχείρονι</span> <span class='ocrx_word' id='word_1_769' title='bbox 917 5559 1213 5631; x_wconf 74' lang='grc' dir='ltr'>γενομένῳ,</span> <span class='ocrx_word' id='word_1_770' title='bbox 1240 5558 1288 5610; x_wconf 89' lang='grc' dir='ltr'><strong>εί</strong></span> <span class='ocrx_word' id='word_1_771' title='bbox 1314 5554 1389 5628; x_wconf 80' lang='grc' dir='ltr'>μὴ</span> <span class='ocrx_word' id='word_1_772' title='bbox 1412 5551 1543 5616; x_wconf 83' lang='grc' dir='ltr'>Θεὸς</span> <span class='ocrx_word' id='word_1_773' title='bbox 1570 5545 1637 5623; x_wconf 77' lang='grc' dir='ltr'>ἦν</span> <span class='ocrx_word' id='word_1_774' title='bbox 1659 5550 1688 5603; x_wconf 92' lang='lat'><strong>6</strong></span> <span class='ocrx_word' id='word_1_775' title='bbox 1709 5550 1775 5619; x_wconf 75' lang='grc' dir='ltr'>τῇ</span> <span class='ocrx_word' id='word_1_776' title='bbox 1802 5548 1869 5618; x_wconf 78' lang='grc' dir='ltr'>σῇ</span> <span class='ocrx_word' id='word_1_777' title='bbox 1892 5543 2037 5618; x_wconf 77' lang='grc' dir='ltr'>χειρὶ</span> 
     </span>
    </p>
   </div>
   <div class='ocr_carea' id='block_1_104' title="bbox 541 5689 2039 5823">
    <p class='ocr_par' dir='ltr' id='par_1_104' title="bbox 541 5689 2039 5823">
     <span class='ocr_line' id='line_1_104' title="bbox 541 5689 2039 5823; baseline -0.015 -61"><span class='ocrx_word' id='word_1_778' title='bbox 541 5705 653 5778; x_wconf 86' lang='lat' dir='ltr'><strong>(l6)</strong></span> <span class='ocrx_word' id='word_1_779' title='bbox 694 5703 791 5760; x_wconf 82' lang='lat' dir='ltr'><strong>llic</strong></span> <span class='ocrx_word' id='word_1_780' title='bbox 821 5700 1035 5757; x_wconf 80' lang='lat' dir='ltr'><strong>Eusebii</strong></span> <span class='ocrx_word' id='word_1_781' title='bbox 1072 5700 1421 5823; x_wconf 55' lang='lat' dir='ltr'><strong>intergretem</strong></span> <span class='ocrx_word' id='word_1_782' title='bbox 1460 5693 1573 5750; x_wconf 88' lang='lat' dir='ltr'><strong>fere</strong></span> <span class='ocrx_word' id='word_1_783' title='bbox 1617 5691 1729 5763; x_wconf 88' lang='lat' dir='ltr'><strong>agit</strong></span> <span class='ocrx_word' id='word_1_784' title='bbox 1777 5689 2039 5771; x_wconf 80' lang='lat' dir='ltr'><strong>Hierony-</strong></span> 
     </span>
     <span class='ocr_line' id='line_1_105' title="bbox 541 5761 2035 5823; baseline -0.009 0"><span class='ocrx_word' id='word_1_785' title='bbox 541 5792 592 5823; x_wconf 67' lang='lat' dir='ltr'><strong>us</strong></span> <span class='ocrx_word' id='word_1_786' title='bbox 612 5794 633 5823; x_wconf 86' lang='lat'><strong>-_</strong></span> <span class='ocrx_word' id='word_1_787' title='bbox 671 5790 795 5823; x_wconf 83' lang='lat' dir='ltr'><strong>nam</strong></span> <span class='ocrx_word' id='word_1_788' title='bbox 820 5775 901 5823; x_wconf 83' lang='lat' dir='ltr'><strong>sic</strong></span> <span class='ocrx_word' id='word_1_789' title='bbox 931 5771 1114 5823; x_wconf 86' lang='lat' dir='ltr'><strong>habet.</strong></span> <span class='ocrx_word' id='word_1_790' title='bbox 1146 5786 1165 5821; x_wconf 83' lang='grc' dir='ltr'><strong>ι</strong></span> <span class='ocrx_word' id='word_1_791' title='bbox 1281 5766 1598 5823; x_wconf 85' lang='lat' dir='ltr'><strong>stultissime</strong></span> <span class='ocrx_word' id='word_1_792' title='bbox 1629 5761 2035 5823; x_wconf 64' lang='lat' dir='ltr'><strong>mortalium...</strong></span> 
     </span>
    </p>
   </div>
   <div class='ocr_carea' id='block_1_105' title="bbox 470 5761 2035 5841">
    <p class='ocr_par' dir='ltr' id='par_1_105' title="bbox 470 5761 2035 5841">
     <span class='ocr_line' id='line_1_106' title="bbox 470 5761 2035 5841; baseline -0.015 -7"><span class='ocrx_word' id='word_1_793' title='bbox 470 5761 592 5833; x_wconf 74' lang='lat' dir='ltr'><strong>mus</strong></span> <span class='ocrx_word' id='word_1_794' title='bbox 612 5761 648 5833; x_wconf 72' lang='grc' dir='ltr'>ι’</span> <span class='ocrx_word' id='word_1_795' title='bbox 671 5790 795 5831; x_wconf 81' lang='lat' dir='ltr'><strong>nam</strong></span> <span class='ocrx_word' id='word_1_796' title='bbox 820 5775 901 5828; x_wconf 88' lang='lat' dir='ltr'><strong>sic</strong></span> <span class='ocrx_word' id='word_1_797' title='bbox 931 5771 1165 5841; x_wconf 72' lang='lat' dir='ltr'><strong>habet,_¢</strong></span> <span class='ocrx_word' id='word_1_798' title='bbox 1281 5766 1598 5823; x_wconf 86' lang='lat' dir='ltr'><strong>stultissime</strong></span> <span class='ocrx_word' id='word_1_799' title='bbox 1629 5761 2035 5841; x_wconf 39' lang='lat' dir='ltr'><strong>mortalium...&quot;</strong></span> 
     </span>
    </p>
   </div>
   <div class='ocr_carea' id='block_1_106' title="bbox 470 5839 2042 5915">
    <p class='ocr_par' dir='ltr' id='par_1_106' title="bbox 470 5839 2042 5915">
     <span class='ocr_line' id='line_1_107' title="bbox 470 5839 2042 5915; baseline -0.016 -11"><span class='ocrx_word' id='word_1_800' title='bbox 470 5848 742 5915; x_wconf 79' lang='lat' dir='ltr'><strong>quomodo</strong></span> <span class='ocrx_word' id='word_1_801' title='bbox 773 5845 817 5899; x_wconf 84' lang='lat' dir='ltr'><strong>si</strong></span> <span class='ocrx_word' id='word_1_802' title='bbox 840 5841 1048 5899; x_wconf 77' lang='lat' dir='ltr'><strong>securis</strong></span> <span class='ocrx_word' id='word_1_803' title='bbox 1084 5839 1348 5910; x_wconf 83' lang='lat' dir='ltr'><strong>glorietur</strong></span> <span class='ocrx_word' id='word_1_804' title='bbox 1382 5844 1572 5893; x_wconf 79' lang='lat' dir='ltr'><strong>contra</strong></span> <span class='ocrx_word' id='word_1_805' title='bbox 1598 5848 1721 5890; x_wconf 86' lang='lat' dir='ltr'><strong>eum</strong></span> <span class='ocrx_word' id='word_1_806' title='bbox 1756 5839 1849 5901; x_wconf 82' lang='lat' dir='ltr'><strong>qui</strong></span> <span class='ocrx_word' id='word_1_807' title='bbox 1881 5843 2042 5885; x_wconf 80' lang='lat' dir='ltr'><strong>secu-</strong></span> 
     </span>
    </p>
   </div>
   <div class='ocr_carea' id='block_1_107' title="bbox 2140 4616 3723 4689">
    <p class='ocr_par' dir='ltr' id='par_1_107' title="bbox 2140 4616 3723 4689">
     <span class='ocr_line' id='line_1_108' title="bbox 2140 4616 3723 4689; baseline -0.008 -14"><span class='ocrx_word' id='word_1_808' title='bbox 2140 4628 2314 4683; x_wconf 86' lang='lat' dir='ltr'><strong>rante,</strong></span> <span class='ocrx_word' id='word_1_809' title='bbox 2342 4618 2409 4673; x_wconf 88' lang='lat' dir='ltr'><strong>ad</strong></span> <span class='ocrx_word' id='word_1_810' title='bbox 2445 4617 2650 4689; x_wconf 90' lang='lat' dir='ltr'><strong>lignum</strong></span> <span class='ocrx_word' id='word_1_811' title='bbox 2685 4616 3001 4671; x_wconf 71' lang='lat' dir='ltr'><strong>caedendum</strong></span> <span class='ocrx_word' id='word_1_812' title='bbox 3029 4628 3088 4668; x_wconf 90' lang='lat' dir='ltr'><strong>se</strong></span> <span class='ocrx_word' id='word_1_813' title='bbox 3116 4625 3368 4675; x_wconf 88' lang='lat' dir='ltr'><strong>movere;</strong></span> <span class='ocrx_word' id='word_1_814' title='bbox 3399 4624 3575 4680; x_wconf 92' lang='lat' dir='ltr'><strong>neque</strong></span> <span class='ocrx_word' id='word_1_815' title='bbox 3604 4624 3723 4663; x_wconf 87' lang='lat' dir='ltr'><strong>ser-</strong></span> 
     </span>
    </p>
   </div>
   <div class='ocr_carea' id='block_1_108' title="bbox 2140 4703 3723 4782">
    <p class='ocr_par' dir='ltr' id='par_1_108' title="bbox 2140 4703 3723 4782">
     <span class='ocr_line' id='line_1_109' title="bbox 2140 4703 3723 4782; baseline -0.009 -13"><span class='ocrx_word' id='word_1_816' title='bbox 2140 4729 2255 4769; x_wconf 89' lang='lat' dir='ltr'><strong>ram</strong></span> <span class='ocrx_word' id='word_1_817' title='bbox 2290 4711 2432 4782; x_wconf 88' lang='lat' dir='ltr'><strong>ligna</strong></span> <span class='ocrx_word' id='word_1_818' title='bbox 2487 4709 2667 4780; x_wconf 88' lang='lat' dir='ltr'><strong>posita</strong></span> <span class='ocrx_word' id='word_1_819' title='bbox 2715 4722 2925 4769; x_wconf 86' lang='lat' dir='ltr'><strong>secare,</strong></span> <span class='ocrx_word' id='word_1_820' title='bbox 2956 4705 3170 4761; x_wconf 89' lang='lat' dir='ltr'><strong>nemine</strong></span> <span class='ocrx_word' id='word_1_821' title='bbox 3216 4703 3506 4768; x_wconf 84' lang='lat' dir='ltr'><strong>trahente;</strong></span> <span class='ocrx_word' id='word_1_822' title='bbox 3545 4715 3723 4770; x_wconf 90' lang='lat' dir='ltr'><strong>neque</strong></span> 
     </span>
    </p>
   </div>
   <div class='ocr_carea' id='block_1_109' title="bbox 2142 4790 3718 4874">
    <p class='ocr_par' dir='ltr' id='par_1_109' title="bbox 2142 4790 3718 4874">
     <span class='ocr_line' id='line_1_110' title="bbox 2142 4790 3718 4874; baseline -0.01 -16"><span class='ocrx_word' id='word_1_823' title='bbox 2142 4804 2350 4874; x_wconf 79' lang='lat' dir='ltr'><strong>virgam</strong></span> <span class='ocrx_word' id='word_1_824' title='bbox 2385 4800 2689 4871; x_wconf 85' lang='lat' dir='ltr'><strong>quempiam</strong></span> <span class='ocrx_word' id='word_1_825' title='bbox 2720 4804 3027 4868; x_wconf 86' lang='lat' dir='ltr'><strong>percutere,</strong></span> <span class='ocrx_word' id='word_1_826' title='bbox 3056 4806 3228 4861; x_wconf 88' lang='lat' dir='ltr'><strong>neque</strong></span> <span class='ocrx_word' id='word_1_827' title='bbox 3260 4790 3469 4862; x_wconf 86' lang='lat' dir='ltr'><strong>lignum</strong></span> <span class='ocrx_word' id='word_1_828' title='bbox 3522 4798 3718 4858; x_wconf 84' lang='lat' dir='ltr'><strong>suopte</strong></span> 
     </span>
    </p>
   </div>
   <div class='ocr_carea' id='block_1_110' title="bbox 2145 4886 3724 4964">
    <p class='ocr_par' dir='ltr' id='par_1_110' title="bbox 2145 4886 3724 4964">
     <span class='ocr_line' id='line_1_111' title="bbox 2145 4886 3724 4964; baseline -0.011 -14"><span class='ocrx_word' id='word_1_829' title='bbox 2145 4905 2290 4950; x_wconf 88' lang='lat' dir='ltr'><strong>motu</strong></span> <span class='ocrx_word' id='word_1_830' title='bbox 2315 4893 2562 4964; x_wconf 87' lang='lat' dir='ltr'><strong>quemvis</strong></span> <span class='ocrx_word' id='word_1_831' title='bbox 2595 4888 2843 4946; x_wconf 76' lang='lat' dir='ltr'><strong>caedere?</strong></span> <span class='ocrx_word' id='word_1_832' title='bbox 2864 4886 3220 4957; x_wconf 79' lang='lat' dir='ltr'><strong>Cogitandum</strong></span> <span class='ocrx_word' id='word_1_833' title='bbox 3234 4895 3365 4938; x_wconf 86' lang='lat' dir='ltr'><strong>sane</strong></span> <span class='ocrx_word' id='word_1_834' title='bbox 3384 4889 3524 4945; x_wconf 89' lang='lat' dir='ltr'><strong>erat,</strong></span> <span class='ocrx_word' id='word_1_835' title='bbox 3546 4895 3724 4951; x_wconf 83' lang='lat' dir='ltr'><strong>neque</strong></span> 
     </span>
    </p>
   </div>
   <div class='ocr_carea' id='block_1_111' title="bbox 2145 4975 3716 5051">
    <p class='ocr_par' dir='ltr' id='par_1_111' title="bbox 2145 4975 3716 5051">
     <span class='ocr_line' id='line_1_112' title="bbox 2145 4975 3716 5051; baseline -0.011 -8"><span class='ocrx_word' id='word_1_836' title='bbox 2145 4987 2262 5051; x_wconf 90' lang='lat' dir='ltr'><strong>tibi,</strong></span> <span class='ocrx_word' id='word_1_837' title='bbox 2299 4986 2394 5040; x_wconf 67' lang='lat' dir='ltr'><strong>ira:</strong></span> <span class='ocrx_word' id='word_1_838' title='bbox 2421 4984 2513 5040; x_wconf 87' lang='lat' dir='ltr'><strong>Dei</strong></span> <span class='ocrx_word' id='word_1_839' title='bbox 2546 4983 2816 5045; x_wconf 88' lang='lat' dir='ltr'><strong>ministro,</strong></span> <span class='ocrx_word' id='word_1_840' title='bbox 2862 4980 3020 5032; x_wconf 89' lang='lat' dir='ltr'><strong>talem</strong></span> <span class='ocrx_word' id='word_1_841' title='bbox 3054 4975 3296 5031; x_wconf 84' lang='lat' dir='ltr'><strong>adfuisse</strong></span> <span class='ocrx_word' id='word_1_842' title='bbox 3350 4979 3673 5044; x_wconf 87' lang='lat' dir='ltr'><strong>potestatem</strong></span> <span class='ocrx_word' id='word_1_843' title='bbox 3700 5013 3716 5037; x_wconf 93' lang='lat'><strong>,</strong></span> 
     </span>
    </p>
   </div>
   <div class='ocr_carea' id='block_1_112' title="bbox 2147 5062 3719 5145">
    <p class='ocr_par' dir='ltr' id='par_1_112' title="bbox 2147 5062 3719 5145">
     <span class='ocr_line' id='line_1_113' title="bbox 2147 5062 3719 5145; baseline -0.01 -13"><span class='ocrx_word' id='word_1_844' title='bbox 2147 5087 2205 5132; x_wconf 91' lang='lat' dir='ltr'><strong>ut</strong></span> <span class='ocrx_word' id='word_1_845' title='bbox 2229 5076 2469 5132; x_wconf 80' lang='lat' dir='ltr'><strong>infinitas</strong></span> <span class='ocrx_word' id='word_1_846' title='bbox 2503 5082 2691 5145; x_wconf 89' lang='lat' dir='ltr'><strong>gentes</strong></span> <span class='ocrx_word' id='word_1_847' title='bbox 2720 5073 2992 5132; x_wconf 87' lang='lat' dir='ltr'><strong>domares,</strong></span> <span class='ocrx_word' id='word_1_848' title='bbox 3034 5080 3209 5137; x_wconf 90' lang='lat' dir='ltr'><strong>neque</strong></span> <span class='ocrx_word' id='word_1_849' title='bbox 3251 5073 3309 5119; x_wconf 90' lang='lat' dir='ltr'><strong>ut</strong></span> <span class='ocrx_word' id='word_1_850' title='bbox 3337 5062 3471 5118; x_wconf 86' lang='lat' dir='ltr'><strong>alios</strong></span> <span class='ocrx_word' id='word_1_851' title='bbox 3499 5062 3719 5132; x_wconf 89' lang='lat' dir='ltr'><strong>quidem</strong></span> 
     </span>
    </p>
   </div>
   <div class='ocr_carea' id='block_1_113' title="bbox 2145 5153 3721 5235">
    <p class='ocr_par' dir='ltr' id='par_1_113' title="bbox 2145 5153 3721 5235">
     <span class='ocr_line' id='line_1_114' title="bbox 2145 5153 3721 5235; baseline -0.012 -9"><span class='ocrx_word' id='word_1_852' title='bbox 2145 5170 2404 5231; x_wconf 65' lang='lat' dir='ltr'><strong>caederes,</strong></span> <span class='ocrx_word' id='word_1_853' title='bbox 2429 5164 2565 5220; x_wconf 87' lang='lat' dir='ltr'><strong>alios</strong></span> <span class='ocrx_word' id='word_1_854' title='bbox 2585 5172 2917 5235; x_wconf 85' lang='lat' dir='ltr'><strong>percuteres,</strong></span> <span class='ocrx_word' id='word_1_855' title='bbox 2938 5157 3187 5214; x_wconf 81' lang='lat' dir='ltr'><strong>civitates</strong></span> <span class='ocrx_word' id='word_1_856' title='bbox 3210 5156 3447 5225; x_wconf 85' lang='lat' dir='ltr'><strong>integras</strong></span> <span class='ocrx_word' id='word_1_857' title='bbox 3476 5153 3721 5223; x_wconf 84' lang='lat' dir='ltr'><strong>captivas</strong></span> 
     </span>
    </p>
   </div>
   <div class='ocr_carea' id='block_1_114' title="bbox 2141 5253 3719 5327">
    <p class='ocr_par' dir='ltr' id='par_1_114' title="bbox 2141 5253 3719 5327">
     <span class='ocr_line' id='line_1_115' title="bbox 2141 5253 3719 5327; baseline -0.011 -5"><span class='ocrx_word' id='word_1_858' title='bbox 2141 5266 2389 5327; x_wconf 86' lang='lat' dir='ltr'><strong>duceres,</strong></span> <span class='ocrx_word' id='word_1_859' title='bbox 2423 5276 2487 5317; x_wconf 90' lang='lat' dir='ltr'><strong>ac</strong></span> <span class='ocrx_word' id='word_1_860' title='bbox 2523 5262 2867 5315; x_wconf 88' lang='lat' dir='ltr'><strong>innumeram</strong></span> <span class='ocrx_word' id='word_1_861' title='bbox 2920 5253 3324 5310; x_wconf 81' lang='lat' dir='ltr'><strong>multitudinem</strong></span> <span class='ocrx_word' id='word_1_862' title='bbox 3364 5259 3674 5322; x_wconf 87' lang='lat' dir='ltr'><strong>protereres</strong></span> <span class='ocrx_word' id='word_1_863' title='bbox 3699 5288 3719 5317; x_wconf 93' lang='lat'><strong>,</strong></span> 
     </span>
    </p>
   </div>
   <div class='ocr_carea' id='block_1_115' title="bbox 2142 5341 3723 5430">
    <p class='ocr_par' dir='ltr' id='par_1_115' title="bbox 2142 5341 3723 5430">
     <span class='ocr_line' id='line_1_116' title="bbox 2142 5341 3723 5430; baseline -0.011 -17"><span class='ocrx_word' id='word_1_864' title='bbox 2142 5358 2333 5430; x_wconf 85' lang='lat' dir='ltr'><strong>quavis</strong></span> <span class='ocrx_word' id='word_1_865' title='bbox 2354 5349 2722 5420; x_wconf 87' lang='lat' dir='ltr'><strong>serra,securi</strong></span> <span class='ocrx_word' id='word_1_866' title='bbox 2746 5356 2803 5403; x_wconf 89' lang='lat' dir='ltr'><strong>et</strong></span> <span class='ocrx_word' id='word_1_867' title='bbox 2833 5348 2984 5419; x_wconf 86' lang='lat' dir='ltr'><strong>virga</strong></span> <span class='ocrx_word' id='word_1_868' title='bbox 3016 5345 3300 5402; x_wconf 79' lang='lat' dir='ltr'><strong>acerbior:</strong></span> <span class='ocrx_word' id='word_1_869' title='bbox 3329 5343 3433 5398; x_wconf 90' lang='lat' dir='ltr'><strong>nisi</strong></span> <span class='ocrx_word' id='word_1_870' title='bbox 3459 5341 3604 5396; x_wconf 83' lang='lat' dir='ltr'><strong>Deus</strong></span> <span class='ocrx_word' id='word_1_871' title='bbox 3635 5342 3723 5396; x_wconf 85' lang='lat' dir='ltr'><strong>bis</strong></span> 
     </span>
    </p>
   </div>
   <div class='ocr_carea' id='block_1_116' title="bbox 2144 5427 3721 5518">
    <p class='ocr_par' dir='ltr' id='par_1_116' title="bbox 2144 5427 3721 5518">
     <span class='ocr_line' id='line_1_117' title="bbox 2144 5427 3721 5518; baseline -0.013 -14"><span class='ocrx_word' id='word_1_872' title='bbox 2144 5427 2423 5518; x_wconf 79' lang='lat' dir='ltr'><strong>suppliciis</strong></span> <span class='ocrx_word' id='word_1_873' title='bbox 2448 5443 2642 5513; x_wconf 86' lang='lat' dir='ltr'><strong>dignos</strong></span> <span class='ocrx_word' id='word_1_874' title='bbox 2670 5439 2765 5494; x_wconf 90' lang='lat' dir='ltr'><strong>tibi</strong></span> <span class='ocrx_word' id='word_1_875' title='bbox 2798 5437 3135 5493; x_wconf 88' lang='lat' dir='ltr'><strong>tradidisset.</strong></span> <span class='ocrx_word' id='word_1_876' title='bbox 3167 5432 3323 5488; x_wconf 84' lang='lat' dir='ltr'><strong>Nunc</strong></span> <span class='ocrx_word' id='word_1_877' title='bbox 3376 5445 3540 5503; x_wconf 86' lang='lat' dir='ltr'><strong>porro</strong></span> <span class='ocrx_word' id='word_1_878' title='bbox 3584 5427 3721 5486; x_wconf 81' lang='lat' dir='ltr'><strong>nihil</strong></span> 
     </span>
    </p>
   </div>
   <div class='ocr_carea' id='block_1_117' title="bbox 2143 5522 3723 5605">
    <p class='ocr_par' dir='ltr' id='par_1_117' title="bbox 2143 5522 3723 5605">
     <span class='ocr_line' id='line_1_118' title="bbox 2143 5522 3723 5605; baseline -0.013 -11"><span class='ocrx_word' id='word_1_879' title='bbox 2143 5552 2332 5595; x_wconf 85' lang='lat' dir='ltr'><strong>eorum</strong></span> <span class='ocrx_word' id='word_1_880' title='bbox 2374 5534 2643 5605; x_wconf 86' lang='lat' dir='ltr'><strong>cogitans,</strong></span> <span class='ocrx_word' id='word_1_881' title='bbox 2676 5529 2815 5586; x_wconf 87' lang='lat' dir='ltr'><strong>altos</strong></span> <span class='ocrx_word' id='word_1_882' title='bbox 2841 5527 3066 5600; x_wconf 87' lang='lat' dir='ltr'><strong>spiritus</strong></span> <span class='ocrx_word' id='word_1_883' title='bbox 3096 5524 3318 5595; x_wconf 87' lang='lat' dir='ltr'><strong>cepisti;</strong></span> <span class='ocrx_word' id='word_1_884' title='bbox 3348 5522 3421 5577; x_wconf 81' lang='lat' dir='ltr'><strong>ita</strong></span> <span class='ocrx_word' id='word_1_885' title='bbox 3448 5531 3505 5576; x_wconf 92' lang='lat' dir='ltr'><strong>ut</strong></span> <span class='ocrx_word' id='word_1_886' title='bbox 3533 5529 3584 5575; x_wconf 90' lang='lat' dir='ltr'><strong>te</strong></span> <span class='ocrx_word' id='word_1_887' title='bbox 3612 5535 3723 5574; x_wconf 80' lang='lat' dir='ltr'><strong>nia-</strong></span> 
     </span>
    </p>
   </div>
   <div class='ocr_carea' id='block_1_118' title="bbox 2150 5664 3723 5740">
    <p class='ocr_par' dir='ltr' id='par_1_118' title="bbox 2150 5664 3723 5740">
     <span class='ocr_line' id='line_1_119' title="bbox 2150 5664 3723 5740; baseline -0.013 -4"><span class='ocrx_word' id='word_1_888' title='bbox 2150 5681 2251 5736; x_wconf 91' lang='lat' dir='ltr'><strong>rim</strong></span> <span class='ocrx_word' id='word_1_889' title='bbox 2282 5685 2451 5740; x_wconf 84' lang='lat' dir='ltr'><strong>tenet,</strong></span> <span class='ocrx_word' id='word_1_890' title='bbox 2474 5688 2529 5730; x_wconf 89' lang='lat' dir='ltr'><strong>et</strong></span> <span class='ocrx_word' id='word_1_891' title='bbox 2565 5689 2717 5730; x_wconf 88' lang='lat' dir='ltr'><strong>serra</strong></span> <span class='ocrx_word' id='word_1_892' title='bbox 2752 5681 2938 5730; x_wconf 84' lang='lat' dir='ltr'><strong>contra</strong></span> <span class='ocrx_word' id='word_1_893' title='bbox 2963 5669 3110 5726; x_wconf 90' lang='lat' dir='ltr'><strong>illum</strong></span> <span class='ocrx_word' id='word_1_894' title='bbox 3149 5682 3178 5722; x_wconf 88' lang='lat' dir='ltr'><strong>a</strong></span> <span class='ocrx_word' id='word_1_895' title='bbox 3206 5682 3314 5739; x_wconf 88' lang='lat' dir='ltr'><strong>quo</strong></span> <span class='ocrx_word' id='word_1_896' title='bbox 3346 5664 3580 5721; x_wconf 81' lang='lat' dir='ltr'><strong>trahitur</strong></span> <span class='ocrx_word' id='word_1_897' title='bbox 3610 5677 3625 5716; x_wconf 90' lang='lat'><strong>:</strong></span> <span class='ocrx_word' id='word_1_898' title='bbox 3663 5666 3723 5718; x_wconf 81' lang='lat' dir='ltr'><strong>et</strong></span> 
     </span>
    </p>
   </div>
   <div class='ocr_carea' id='block_1_119' title="bbox 2148 5753 2537 5816">
    <p class='ocr_par' dir='ltr' id='par_1_119' title="bbox 2148 5753 2537 5816">
     <span class='ocr_line' id='line_1_120' title="bbox 2148 5753 2537 5816; baseline -0.005 -10"><span class='ocrx_word' id='word_1_899' title='bbox 2148 5753 2350 5816; x_wconf 83' lang='lat' dir='ltr'><strong>dicant,</strong></span> <span class='ocrx_word' id='word_1_900' title='bbox 2381 5767 2400 5803; x_wconf 74' lang='grc' dir='ltr'><strong>ι</strong></span> <span class='ocrx_word' id='word_1_901' title='bbox 2432 5759 2537 5804; x_wconf 86' lang='lat' dir='ltr'><strong>etc.</strong></span> 
     </span>
    </p>
   </div>
  </div>
