4062 6400
489 315 592 371 165

1135 313 1400 372 EUSEBII
1438 310 1897 370 (ESARIENSIS
1933 309 2087 365 OPP.
2128 307 2307 364 PARS
2345 307 2434 362 Ill.
2473 335 2541 346 ο·-
2579 301 2990 360 EXEGETICA.

3607 300 3710 354 ili-5

485 451 646 504 gnam
677 435 824 490 illam
850 445 1087 498 mentem
1108 449 1236 490 esse
1263 442 1482 504 putares.
1517 431 1632 486 Non
1673 431 1816 485 enim
1853 444 2040 497 pacem

2151 425 2418 497 παραδοὺς
2447 425 2570 486 τοὺς
2601 421 2806 475 τούτων
2833 420 3036 486 ἀξίους.
3066 418 3204 473 Νυνὶ
3225 417 3282 472 δὲ
3312 417 3515 471 τούτων
3547 416 3712 488 μηδὲν

485 525 636 581 illam
669 527 785 592 Dei,
821 541 940 596 qua:
965 535 1200 582 mentem
1224 539 1438 578 onmem
1457 532 1737 592 exsuperat
1763 521 1834 577 ob
1858 519 2042 575 oculos

484 619 765 686 ponebas:
814 617 910 671 sed
938 628 990 670 te
1013 615 1251 669 omnium
1298 613 1574 668 maxinum
1609 627 1730 667 esse
1771 621 1945 675 ratus,
1978 623 2042 664 ac

487 708 738 778 superbis
771 709 945 763 oculis
999 717 1187 761 contra
1223 707 1392 760 Deum
1437 706 1618 770 datus,
1661 703 1900 774 gentium
1934 712 2043 757 ter-

487 800 666 854 minos
691 799 1018 855 confundere
1048 797 1320 866 cogitasti,
1364 812 1484 866 quos
1531 796 1773 850 delinivit
1805 793 1944 850 Deus
1987 802 2042 848 et

487 888 710 958 pulchre
763 887 1056 952 ordinavit,
1096 904 1115 938 ι
1147 888 1375 954 Quando
1409 891 1684 960 stparabat
1731 887 2043 942 Altissimus

484 993 694 1051 gentes,
725 989 780 1034 nt
805 979 1195 1034 disseminabat
1221 979 1362 1035 ﬁlios
1387 980 1580 1047 Adtm;
1616 980 1900 1036 constituit
1931 989 2042 1034 ter-

483 1070 659 1124 minos
717 1071 958 1140 gentium
1019 1069 1316 1123 secundum
1376 1086 1644 1126 nunerum
1725 1070 2040 1138 angelorum

482 1158 577 1214 Dei
611 1161 677 1216 ‘°.
725 1179 744 1213 ι
792 1158 872 1214 Tu
917 1174 1047 1214 vero
1091 1160 1353 1228 sapientia
1412 1170 1467 1214 et
1501 1161 1702 1216 erranti
1762 1161 2043 1232 prudentia

483 1262 572 1307 tua
606 1253 904 1307 arbitratus
943 1267 1004 1308 es
1028 1267 1188 1323 posse
1223 1263 1275 1308 te
1305 1269 1333 1306 a
1372 1254 1481 1307 Deo
1497 1255 1665 1324 probe
1716 1253 2044 1308 constitutos

483 1343 743 1397 terminos
778 1342 883 1398 alio
925 1326 1246 1405 transferre,
1271 1352 1433 1412 atque
1463 1353 1617 1397 ιιιιιιιι
1641 1344 1828 1398 urbem
1851 1343 2042 1399 ditioni

481 1446 586 1490 tua:
617 1435 886 1505 subigere.
927 1433 1061 1488 Nam
1105 1434 1403 1501 aestimasti,
1436 1436 1697 1489 naninetn
1742 1434 1807 1488 iis
1831 1435 2044 1505 prospi-

477 1542 603 1582 cere
630 1526 715 1581 vel
763 1525 1120 1596 patrocinari,
1181 1525 1461 1596 Deumque
1503 1527 1748 1581 homines
1787 1527 1881 1596 qui
1920 1536 2045 1581 sunt

477 1636 644 1690 super
674 1629 871 1674 terram
907 1618 1038 1673 nihil
1073 1632 1265 1671 curare
1295 1635 1309 1671 :
1356 1619 1698 1687 quamobrem
1734 1628 1924 1688 gentes
1953 1633 2044 1672 or-

479 1714 562 1769 bis
594 1711 856 1774 universi.
891 1710 1044 1780 quasi
1073 1709 1244 1779 pullos
1287 1710 1544 1774 desertos.
1598 1722 1690 1765 aut
1719 1727 1819 1766 ova
1850 1711 2042 1766 dereli-

2139 516 2516 587 λογισάμενος,
2552 513 2762 584 ἐπῆρας
2789 510 3036 574 σεαυτὸν,
3080 509 3155 574 ὡς
3196 508 3484 562 ὑπολαϐεῖν
3519 507 3715 561 σαυτὸν

2140 607 2280 664 εἶναι
2310 609 2400 662 τὸν
2449 607 2622 679 μέγαν
2654 605 2800 658 νοῦν.
2851 606 2926 657 Οὑ
2959 603 3069 675 γὰρ
3102 601 3224 656 ἔθου
3268 601 3374 674 πρὸ
3419 600 3714 672 ὀφθαλμῶν

2141 705 2238 776 τὴν
2269 703 2492 776 εἰρήνην
2521 699 2616 754 τοῦ
2645 698 2778 752 Θεοῦ
2811 699 2908 768 τὴν
2939 698 3311 768 ὑπερέχουσαν
3344 695 3524 748 πάντα
3553 694 3677 749 νοῦν
3695 712 3710 726 ο

2143 797 2234 849 xal.
2274 795 2491 848 πάντων
2537 791 2791 863 μέγιστον
2845 788 3073 860 νομίσας
3121 782 3260 864 εἶναι
3297 785 3508 850 ἑαυτὸν,
3541 785 3715 856 ὑπερ-

2142 883 2367 956 ηφάνοις
2383 881 2439 934 δὲ
2467 880 2763 950 ὀφθαλμοῖς
2795 876 3160 950 κατεπαρθεὶς
3190 876 3283 929 τοῦ
3317 874 3476 938 Θεοῦ,
3509 876 3718 948 διενοή-

2143 973 2242 1045 Θης
2284 973 2351 1026 τὰ
2382 974 2508 1044 ὅρια
2542 971 2650 1024 τῶν
2681 970 2850 1023 ἐθνῶν
2886 970 3151 1040 συγχέειν,
3195 969 3230 1021 a
3265 971 3293 1022 6
3325 968 3457 1031 Θεὸς
3499 966 3716 1038 διώρισε

2142 1067 2237 1121 καὶ
2261 1064 2469 1131 διέταξε
2503 1064 2700 1128 καλῶς,
2725 1065 2884 1116 «Ὅτε
2904 1061 3204 1134 διεμέριζεν
3219 1062 3345 1132 ἔθνη
3374 1063 3403 1116 6
3435 1062 3716 1131 ”Υψιστος,

2141 1159 2216 1222 ὡς
2243 1158 2547 1229 διέσπειρεν
2576 1157 2724 1218 υἱοὺς
2761 1155 2949 1226 Ἀδεῑιμ⁹
2983 1155 3208 1226 ἔστησεν
3229 1155 3350 1226 ὅρια
3380 1154 3546 1208 ἐθνῶν
3576 1153 3716 1206 κατὰ

2143 1249 2375 1322 ἀριθμὸν
2405 1248 2649 1317 ἀγγέλων
2678 1246 2833 1299 Θεοῦ.
2858 1267 2875 1297 ι
2907 1249 2978 1300 Σὺ
3002 1246 3058 1299 δὲ
3087 1249 3152 1317 τῇ
3188 1246 3411 1300 σεαυτοῦ
3441 1245 3599 1317 σοφίᾳ
3622 1246 3717 1298 καὶ

2141 1345 2208 1413 τῇ
2236 1340 2623 1412 πεπλανημένη
2659 1339 2869 1392 συνέσει
2903 1339 3084 1410 ᾠήθης
3116 1338 3375 1392 δύνασθαι
3408 1338 3714 1409 μεταθεῖναι

2147 1433 2245 1502 μὲν
2296 1433 2420 1496 τοὺς
2455 1431 2560 1509 ὑπὸ
2609 1429 2702 1483 τοῦ
2750 1430 2883 1483 Θεοῦ
2933 1426 2992 1483 εὖ
3038 1429 3487 1500 διατεταγμένους
3533 1430 3712 1500 ὅρους,

2145 1524 2451 1595 ὑποχείριον
2498 1523 2556 1576 δὲ
2625 1521 2804 1593 σαυτῷ
2851 1521 2948 1593 τὴν
2996 1520 3317 1594 οἰκουμένην
3365 1520 3713 1592 ποιήσασθαι.

2144 1615 2362 1686 Μηδένα
2409 1615 2518 1687 γὰρ
2571 1616 2772 1686 ὲφορᾷν
2825 1614 2959 1686 μηδὲ
3011 1613 3515 1685 ἀντιλαμϐάνεσθαι,
3583 1613 3717 1684 μηδὲ

2145 1705 2264 1776 Θεῷ
2294 1705 2507 1776 μέλλειν
2537 1703 2645 1758 τῶν
2694 1705 2785 1757 ἐπὶ
2825 1705 2927 1775 γῆς
2968 1703 3268 1774 ἀνθρώπων
3319 1703 3596 1774 ἐνόμισας·
3635 1702 3718 1756 διδ

477 1813 587 1866 cta.
614 1814 666 1857 te
690 1814 974 1872 capturum
1005 1803 1257 1871 npinatns
1295 1815 1374 1854 es.
1424 1803 1647 1870 Oportet
1677 1803 1844 1872 igitur
1892 1812 2039 1858 recta

2151 1796 2330 1867 ὥσπερ
2381 1795 2612 1849 νεοττῶν
2663 1797 2903 1867 ἐρήμων,
2952 1796 2985 1866 ἢ
3022 1795 3143 1849 ὠῶν
3186 1795 3713 1866 καταλελειμμένων,

478 1892 808 1963 cogitatione
853 1903 1066 1960 putare,
1129 1901 1181 1944 te
1220 1905 1288 1944 ne
1334 1907 1426 1946 eos
1459 1893 1670 1962 quidem
1719 1908 1856 1964 quos
1917 1894 2042 1948 sub-

476 1985 655 2052 egisti,
688 1985 806 2038 sine
837 1992 963 2038 nutu
1012 1982 1106 2035 Dei
1145 1983 1439 2039 domuisse.
1488 1983 1638 2040 Unde
1666 1999 1900 2053 namque
1947 1985 2042 2039 tibi

478 2077 600 2130 talis
628 2083 867 2144 putestas
913 2074 1196 2138 adfuisset,
1238 2076 1342 2130 nisi
1382 2078 1520 2131 Deus
1569 2077 1622 2130 id
1661 2076 2040 2146 permisisset,

475 2184 651 2238 neque
673 2179 723 2222 te
753 2178 810 2222 ut
839 2169 1201 2225 instrumento
1254 2171 1320 2225 ad
1372 2169 1780 2240 castigationem
1823 2177 1879 2222 et
1916 2183 2044 2238 sup-

473 2259 696 2330 plicinm
723 2275 932 2325 eorum,
968 2261 1059 2329 qui
1082 2262 1424 2330 correptione
1451 2269 1504 2315 et
1527 2259 1881 2316 conversione
1910 2274 2044 2332 opus

474 2349 768 2413 habebant,
789 2365 916 2404 usus
947 2343 1180 2405 fuisset?

548 2440 711 2496 Vsus.
747 2440 835 2507 l7,
882 2441 966 2495 l8.
1002 2459 1021 2492 ι
1055 2441 1119 2495 Ει
1141 2442 1246 2496 erit
1272 2441 1450 2496 lumen
1475 2441 1638 2498 lsrael
1675 2440 1728 2496 in
1760 2442 1959 2514 ignem.
1989 2452 2045 2497 et

473 2531 835 2588 sanctiﬁcabit
858 2531 1008 2586 illum
1029 2533 1081 2588 in
1104 2532 1228 2604 igne
1259 2542 1448 2590 urente
1473 2552 1488 2589 :
1510 2544 1559 2589 et
1587 2535 1866 2590 devorabit
1888 2535 2042 2604 quasi

473 2623 653 2678 fenum
686 2623 897 2678 silvam.
926 2623 982 2678 in
1019 2625 1110 2679 illa
1153 2626 1237 2681 die
1267 2627 1680 2693 exstinguentur
1717 2636 1949 2692 montes,
1991 2633 2046 2677 et

473 2711 640 2767 colles
677 2725 732 2767 et
765 2714 940 2769 silvia.
974 2733 992 2766 ι
1033 2715 1152 2784 lpse
1186 2715 1277 2786 qui
1311 2715 1441 2771 olim
1468 2715 1718 2786 populum
1747 2730 1900 2769 suum
1929 2714 2048 2769 illu-

474 2806 714 2860 minabat
737 2809 875 2862 Deus
902 2847 918 2872 ,
962 2817 1017 2861 et
1062 2807 1442 2861 sanctiﬁcabat
1469 2808 1615 2861 illum
1641 2848 1657 2875 ,
1689 2805 1786 2862 tibi
1816 2807 2048 2875 superbo

475 2897 615 2968 ignis
644 2897 871 2952 ell'cctus
901 2905 1004 2953 est.
1058 2896 1164 2951 Pro
1202 2896 1296 2952 illo
1329 2907 1505 2952 autem
1533 2937 1550 2962 ,
1588 2916 1606 2949 ι
1644 2899 1711 2952 Ει
1739 2896 2047 2952 sanctiﬁca-

473 2988 554 3042 bit
588 2987 733 3041 illum
766 2988 817 3041 in
849 2988 971 3056 igne
1010 2995 1222 3050 urente,
1259 3005 1279 3039 ο
1322 2985 1678 3058 Symmachus
1703 3027 1720 3052 ,
1761 3005 1779 3039 ι
1811 2986 1878 3042 Ει
1923 3003 2048 3042 san-

475 3087 594 3132 ctus
631 3079 746 3148 ejus
774 3079 826 3132 in
861 3078 1153 3138 ﬂammam.
1196 3097 1216 3131 ι
1261 3077 1393 3133 Nam
1425 3080 1547 3144 tibi,
1579 3079 1776 3149 inquit,
1799 3079 2044 3150 Assyrio,

475 3169 568 3239 qui
605 3169 768 3239 impie
796 3177 849 3223 et
891 3169 1098 3228 tumide
1126 3170 1365 3241 cogitare
1397 3185 1564 3224 ausus
1589 3185 1667 3234 es,
1700 3177 1923 3226 sanctus
1969 3168 2049 3224 lso

477 3263 612 3326 rael,
636 3273 686 3316 et
707 3262 797 3332 qni
831 3262 959 3316 olint
988 3261 1102 3331 ejus
1139 3262 1228 3316 lux
1260 3261 1380 3326 fuit,
1419 3263 1470 3316 in
1498 3261 1766 3316 flammam
1797 3269 1852 3316 et
1875 3261 2050 3332 ignem

477 3354 689 3406 evadet.
709 3350 950 3407 Collibus
980 3365 1128 3420 vero,
1161 3352 1438 3406 montibus
1469 3361 1523 3406 et
1559 3351 1733 3415 silvis,
1761 3365 1792 3405 ε
1825 3364 1887 3405 re
1912 3365 2055 3405 com-

477 3451 636 3513 parat
665 3443 806 3496 illam
838 3443 1182 3512 Assyriorum
1220 3440 1657 3508 multitudinem;
1682 3439 1848 3496 duces
1876 3448 2052 3495 autem

477 3552 684 3596 eorum,
710 3545 763 3588 et
791 3535 879 3604 qui
920 3535 1042 3589 aliis
1071 3539 1361 3604 praeerant,
1391 3533 1547 3603 quasi
1565 3533 1731 3588 colles
1758 3542 1813 3589 et
1842 3542 2055 3588 montes

477 3627 627 3680 dicit.
669 3626 774 3681 Sed
830 3626 904 3680 illi
947 3627 1166 3696 quidem
1209 3627 1666 3697 exstinguentnr;
1715 3625 1770 3681 id
1803 3634 1934 3689 est,
1978 3623 2054 3680 illi

479 3718 610 3772 olim
639 3733 832 3787 graves
862 3727 918 3772 et
946 3717 1232 3783 ardentes,
1264 3718 1348 3773 vel
1380 3718 1558 3779 inviti,
1592 3717 1772 3788 frigidi
1798 3718 2050 3773 evadent.

478 3807 623 3864 Mors
651 3810 852 3879 quippe
880 3807 1000 3862 illos
1030 3809 1315 3864 devorabit
1338 3849 1355 3874 ,
1388 3818 1597 3864 tantum
1624 3823 1730 3864 non
1759 3817 1816 3864 et
1842 3810 2054 3864 animas

479 3917 604 3956 cum
631 3902 952 3971 corporibus
982 3887 1296 3956 absumens.
1322 3901 1475 3970 Quod
1511 3911 1689 3957 autem
1726 3903 1922 3957 animm
1943 3916 2052 3957 non

482 4008 590 4046 una
636 4008 761 4046 cum
793 3992 1112 4062 corporibus
1144 3991 1424 4061 tollantur,
1460 3995 1656 4063 cuique
1707 3993 2052 4050 manifestum

478 4093 565 4140 est
600 4086 786 4154 :quod
826 4086 1018 4137 animae
1051 4081 1363 4140 ﬁrmitatem
1400 4085 1727 4142 'subindicat.
1776 4084 1910 4140 Cum
1959 4085 2055 4140 sil-

482 4192 605 4230 vam
644 4176 812 4239 dicit,
865 4176 1260 4230 multitudinem
1307 4191 1428 4246 qua:
1471 4191 1594 4232 cum
1641 4191 1768 4246 rege
1799 4176 2052 4248 Assyrio-

482 4282 602 4320 rum
638 4275 757 4320 erat
781 4265 1002 4320 denotat
1039 4284 1053 4320 :
1087 4268 1392 4322 Carmelum
1421 4283 1588 4332 vero,
1613 4269 1772 4322 utait
1807 4267 2057 4338 Symma-

481 4359 616 4412 chus
639 4399 656 4425 ,
702 4357 817 4426 ejus
851 4358 1066 4413 divitias
1103 4368 1378 4428 nuncupat
1401 4399 1418 4425 ,
1466 4373 1675 4414 necnon
1706 4358 2006 4428 voluptates
2035 4373 2051 4413 :

481 4466 602 4520 qua:
632 4450 961 4506 absumenda
1004 4449 1137 4505 dicit
1169 4450 1238 4504 ab
1269 4450 1461 4506 ultrice
1499 4449 1742 4522 praedicti
1772 4449 1914 4520 ignis
1939 4449 2054 4504 vio-
2085 4482 2130 4537 Β

479 4541 666 4596 lentia.

560 4725 719 4780 \‘sns.
761 4723 847 4781 l9.
886 4745 905 4778 ι
943 4725 1006 4779 Et
1031 4725 1315 4780 devorabit
1345 4726 1414 4779 ab
1441 4726 1618 4780 anima
1647 4740 1816 4795 usque
1846 4726 1913 4781 ad
1941 4740 2057 4780 car-

482 4833 578 4872 nes
611 4837 624 4872 :
663 4830 719 4872 et
744 4819 848 4872 erit
881 4818 969 4886 qui
1000 4816 1165 4888 fugiet
1188 4818 1343 4887 quasi
1371 4818 1589 4887 fugiens
1617 4832 1645 4870 a
1667 4816 1880 4871 ﬂamma
1903 4833 2057 4873 uren-

484 4916 554 4960 te.
601 4907 665 4960 Et
695 4909 785 4976 qui
816 4909 1190 4977 relinquentur
1226 4924 1293 4963 ex
1328 4907 1460 4977 ipsis
1488 4923 1745 4962 numerus
1775 4916 1972 4973 erunt,
2003 4919 2059 4964 et

491 5013 624 5066 puer
645 4997 842 5052 scribet
874 5015 986 5053 eos.
1030 5017 1048 5050 ι
1089 4998 1222 5054 Cum
1260 5000 1405 5063 haec,
1438 4998 1632 5068 inquit,
1669 4998 1893 5071 Assyrio
1922 5013 2055 5054 con-

489 5088 736 5158 tigerint,
771 5087 859 5142 ille
884 5090 1003 5158 fuga
1031 5105 1087 5144 se
1110 5089 1390 5160 proripiet,
1418 5099 1579 5157 atque
1605 5103 1794 5143 omnes
1822 5089 1912 5157 qui
1936 5104 2054 5143 cum

488 5181 582 5234 illo
610 5188 772 5232 erunt
798 5219 813 5240 ,
860 5179 1088 5248 idipsum
1131 5190 1310 5249 agent.
1361 5180 1515 5248 Quod
1563 5179 1609 5234 si
1649 5178 1866 5248 quidam
1902 5180 2057 5248 pauci

491 5269 890 5339 relinquantur,
942 5279 1020 5323 tot
1049 5281 1246 5337 erunt,
1294 5280 1354 5325 ut
1386 5271 1559 5340 possit
1599 5271 1776 5339 quivis
1803 5270 2058 5340 puerulus

491 5362 704 5416 illorum
744 5374 1023 5414 numerum
1062 5362 1319 5432 assequi,
1363 5377 1428 5417 ac
1457 5361 1662 5431 scripto
1697 5362 2018 5433 consignare
2040 5402 2056 5425 ,

491 5453 696 5521 reliqua
745 5451 1088 5506 multitudine
1135 5452 1198 5506 de
1236 5453 1413 5508 medio
1459 5453 1688 5508 sublata.
1727 5451 1851 5509 llzec
1881 5463 1935 5507 et
1973 5467 2061 5508 se-

489 5543 724 5596 Cundum
765 5540 999 5596 litteram
1040 5552 1096 5596 ct
1121 5543 1414 5597 secundum
1448 5553 1684 5600 utentem
1714 5544 1856 5601 dicta
1888 5551 2015 5600 sunt
2041 5561 2055 5609 ;

562 5720 609 5752 ⁸⁸
643 5723 796 5778 Deut.
838 5736 1008 5786 xxxn,
1053 5721 1106 5778 8.

2143 1887 2410 1951 ὑπέλαϐες
2444 1887 2737 1960 κρατήσειν
2767 1887 2874 1940 τῶν
2900 1888 2992 1939 ἐπὶ
3023 1888 3124 1958 τῆς
3164 1888 3488 1959 οἰκουμένης
3521 1887 3710 1941 ἐθνῶν.

2141 1983 2233 2033 Δεῖ
2253 1975 2345 2033 οὖν
2379 1979 2524 2052 ὀρθῷ
2548 1978 2792 2049 λογισμῷ
2822 1978 3188 2049 διανοηθῆναι,
3210 1979 3294 2032 ὅτι
3317 1979 3409 2032 καὶ
3432 1979 3612 2032 αὑτῶν
3640 1971 3718 2033 ὦν

2142 2069 2472 2140 ἐκράτησας,
2523 2069 2622 2122 οὑκ
2678 2069 2805 2123 ἄνευ
2869 2068 3005 2122 Θεοῦ
3057 2068 3323 2140 νεύματος
3377 2072 3713 2142 περιεγένου.

2142 2162 2312 2216 Πόθεν
2341 2163 2449 2234 γάρ
2485 2178 2565 2214 σοι
2600 2161 2782 2232 παρῆν
2809 2160 3033 2230 τοιαύτη
3067 2161 3303 2228 ἐξουσία,
3341 2164 3415 2235 μὴ
3453 2163 3548 2216 τοῦ
3579 2163 3714 2216 Θεοῦ

2145 2251 2649 2322 συγκεχωρηκότος,
2680 2251 2775 2304 καὶ
2805 2250 2994 2323 ὥσπερ
3025 2252 3238 2323 ὀργάνῳ
3264 2253 3611 2327 χρησαμένου
3638 2270 3721 2306 σοι

2143 2341 2236 2395 ἐπὶ
2260 2339 2526 2412 τιμωρίαν
2556 2341 2651 2395 καὶ
2671 2341 2889 2394 κόλασιν
2915 2341 3023 2395 τῶν
3050 2344 3379 2415 ἐπιστροφῆς
3419 2343 3718 2416 δεομένων;

2224 2452 2243 2485 ι
2277 2434 2387 2488 Kal.
2413 2434 2565 2488 ἔσται
2589 2433 2650 2487 τὸ
2675 2433 2789 2502 φῶς
2815 2433 2910 2487 τοῦ
2947 2435 3159 2507 Ἰσραὴλ
3187 2437 3266 2499 είς
3294 2436 3424 2508 πῦρ,
3446 2439 3540 2490 καὶ
3567 2438 3721 2506 ἁγιά-

2146 2543 2229 2580 σει
2255 2526 2415 2579 αὑτὸν
2455 2528 2511 2579 ὲν
2545 2527 2678 2598 πυρὶ
2711 2527 3017 2597 καιομένῳ·
3046 2529 3139 2580 καὶ
3183 2529 3553 2597 κσταφὰγεται
3588 2530 3719 2584 ὡσεὶ

2145 2620 2340 2691 χόρτον
2374 2617 2471 2690 τὴν
2507 2617 2659 2689 ὓλην.
2691 2620 2769 2690 Τῇ
2809 2619 2992 2690 ἡμέρᾳ
3022 2620 3204 2692 ἐκείνῃ
3255 2620 3717 2694 ἀποσϐεσθήσεται

2144 2709 2214 2763 τὰ
2239 2709 2338 2781 ὅρη
2367 2712 2462 2763 καὶ
2479 2710 2529 2762 οἱ
2556 2709 2752 2780 βουνοὶ,
2786 2710 2879 2763 καὶ
2911 2711 2958 2763 οἱ
2985 2710 3198 2781 δρυμοί.
3229 2731 3247 2763 ι
3283 2712 3454 2776 Αὐτὸς
3491 2714 3521 2766 6
3557 2714 3720 2767 πάλαι

2147 2801 2398 2869 φωτίζων
2423 2800 2513 2854 τὸν
2539 2800 2734 2854 ἑαυτοῦ
2767 2800 2892 2856 λαὸν
2919 2803 3070 2869 Θεὸς,
3106 2804 3201 2857 καὶ
3242 2806 3483 2873 ἁγιάζων
3520 2807 3684 2860 αὑτὸν
3705 2848 3722 2871 ,

2149 2892 2233 2945 σοί
2275 2892 2353 2963 τῷ
2396 2894 2728 2964 ὑπερηφάνῳ
2767 2896 3048 2966 γινόμενος
3095 2895 3229 2968 πῦρ.
3300 2899 3443 2951 Ἀντὶ
3489 2900 3546 2952 δὲ
3592 2900 3722 2963 τοῦ,

2155 2996 2174 3032 ι
2209 2979 2320 3034 Καὶ
2349 2981 2568 3051 ἁγιάσει
2598 2982 2761 3035 αὑτὸν
2795 2984 2852 3036 ὲν
2886 2985 3020 3055 πυρὶ
3066 2987 3358 3058 καιομένῳ,
3390 3005 3409 3038 ι
3440 2990 3467 3040 ὁ
3500 2989 3726 3060 Σύμμαι

2155 3089 2281 3142 χος,
2334 3090 2353 3124 t
2395 3074 2506 3127 Καὶ
2548 3076 2577 3127 6
2617 3074 2771 3143 ἅγιος
2815 3075 2976 3129 αὑτοῦ
3029 3079 3107 3140 εἰς
3158 3077 3349 3147 φλόγα.
3395 3098 3414 3131 ι
3449 3079 3540 3132 Σοὶ
3583 3081 3724 3152 γὰρ,

2155 3165 2310 3235 φησὶ,
2343 3165 2421 3238 τῷ
2467 3166 2752 3239 Ἀσσυρίῳ,
2782 3165 2952 3239 ἀσεϐῆ
2982 3170 3076 3222 καὶ
3100 3170 3380 3242 ὑπέρογκα
3405 3171 3726 3240 λογίσασθαι

2154 3257 2529 3330 τετολμηκότι,
2551 3259 2580 3310 6
2601 3259 2754 3327 ἅγιος
2789 3261 3021 3333 Ἰσραὴλ,
3052 3263 3144 3315 καὶ
3171 3264 3199 3315 6
3232 3263 3396 3316 πάλαι
3421 3264 3535 3334 φῶς
3561 3264 3726 3319 αὑτοῦ

2158 3347 2414 3416 γεγονὼς,
2449 3352 2529 3413 εἰς
2559 3350 2732 3420 φλόγα
2777 3352 2869 3405 καὶ
2901 3353 2981 3417 είς
3023 3353 3132 3426 πῦρ
3159 3357 3460 3427 γενήσεται.
3507 3357 3726 3421 Βουνοῖς

2155 3441 2212 3495 δὲ
2243 3443 2336 3496 καὶ
2367 3442 2514 3513 ὄρεσι
2542 3444 2634 3496 καὶ
2658 3445 2879 3516 δρυμοῖς
2908 3445 3227 3518 παρεικάζει
3248 3448 3444 3511 καλῶς,
3477 3449 3645 3520 αὑτήν
3664 3466 3724 3501 τε

2156 3530 2264 3584 τῶν
2307 3532 2608 3604 Ἀσσυρίων
2646 3534 2874 3606 πληθὺν,
2911 3535 3006 3588 καὶ
3035 3537 3160 3599 τοὺς
3186 3537 3516 3610 ἡγουμένους
3555 3539 3725 3609 αὑτῆς

2157 3622 2250 3675 καὶ
2277 3622 2384 3676 τῶν
2415 3623 2587 3678 ἄλλων
2608 3625 2992 3696 ὑπερέχοντας,
3017 3626 3264 3700 καθάπερ
3297 3628 3568 3701 βουνοὺςῆ
3597 3631 3724 3700 ὅρη.

2169 3712 2308 3766 Ἀλλ’
2333 3709 2478 3769 οῦτοι
2503 3716 2601 3787 μὲν
2629 3716 3147 3789 ἀποσϐεσθήσονται,
3173 3723 3465 3786 τουτέστιν,
3487 3723 3535 3775 οἱ
3558 3722 3725 3775 πάλαι

2155 3804 2320 3859 δεινοὶ
2349 3808 2442 3861 καὶ
2478 3808 2690 3880 θερμοὶ,
2735 3811 2829 3863 καὶ
2860 3811 2958 3882 οὑχ
2987 3811 3200 3875 ἑκόντες
3227 3812 3720 3885 καταψυγήσονται.

2157 3898 2547 3969 Καταφάγεται
2583 3899 2692 3972 γὰρ
2725 3903 2920 3966 αὐτοὺς
2943 3885 2980 3956 ’ὁ
3018 3903 3272 3967 θάνατος,
3318 3905 3595 3976 μονονουχὶ
3630 3907 3724 3959 καὶ

2155 3988 2333 4060 ψυχὰς
2364 3990 2616 4046 δαπανῶν
2649 3994 2744 4046 καὶ
2773 3995 2950 4066 σῶμα.
2986 3997 3106 4050 Ὅτι
3143 3996 3238 4067 μὲν
3265 3995 3374 4067 γὰρ
3426 3997 3486 4050 οὑ
3534 4015 3722 4049 συναν-

2157 4080 2388 4152 ᾕρηνται
2416 4085 2527 4146 τοῖς
2551 4083 2795 4154 σώμασιν
2815 4087 3075 4158 αἱψυχαὶ,
3103 4089 3260 4142 παντί
3288 4107 3366 4161 τῳ
3394 4091 3561 4160 σαφές
3585 4091 3718 4144 ἐστι·

2159 4174 2491 4244 ὑπεμφαίνει
2518 4175 2576 4230 δὲ
2601 4175 2771 4248 δήπου
2799 4178 2860 4231 τὺ
2883 4180 2982 4250 τῆς
3004 4179 3182 4250 ψυχῆς
3209 4181 3477 4244 εὑσθενές.
3513 4183 3722 4253 Δρυμὸν

2155 4265 2213 4318 δὲ
2257 4266 2449 4336 λέγων,
2499 4269 2567 4321 τὰ
2610 4269 2786 4343 πλήθη
2818 4272 2885 4325 τὰ
2934 4273 3028 4326 σὺν
3060 4272 3138 4344 τῷ
3187 4273 3394 4344 βασιλεῖ
3429 4275 3723 4349 Ἀσσυρίων

2155 4354 2332 4428 δηλοῖο
2369 4358 2663 4431 Κάρμηλον
2689 4361 2766 4428 δὲ,
2798 4363 2872 4426 ὡς
2894 4365 2923 4417 6
2952 4364 3244 4436 Σύμμαχός
3265 4384 3416 4438 φησι,
3444 4368 3534 4422 τὸν
3565 4369 3723 4423 πλοῦ-

2157 4463 2248 4499 τον
2289 4447 2454 4502 αὑτοῦ
2495 4449 2589 4503 καὶ
2620 4451 2718 4522 τὴν
2769 4453 2995 4524 τρυφὴν,
3040 4455 3182 4528 ἅπερ
3223 4457 3398 4511 πάντα
3443 4460 3723 4526 ἀναλωθή-

2161 4539 2348 4593 σεσθαί
2397 4559 2560 4613 φησιν
2610 4546 2715 4598 ὑπὸ
2773 4547 2871 4617 τῆς
2915 4545 3239 4619 κολαπικῆς
3287 4550 3571 4621 δυνάμεως
3628 4553 3720 4607 τοῦ

2160 4633 2545 4704 προλεχθέντος
2564 4637 2750 4708 πυρός.

2237 4745 2252 4774 ι
2292 4727 2398 4780 Kal.
2438 4728 2810 4796 καταφάγεται
2846 4729 2955 4783 ἀπὸ
2998 4729 3174 4802 ψυχῆς
3201 4730 3305 4795 ἓως
3349 4733 3588 4804 σαρκῶν,
3634 4736 3722 4788 καὶ

2157 4817 2309 4870 ἔσται
2335 4819 2364 4870 6
2390 4818 2623 4888 φεύγων,
2658 4821 2733 4884 ὡς
2753 4823 2780 4873 6
2805 4821 3018 4891 φεύγων
3043 4826 3150 4878 ἀπὸ
3193 4825 3387 4894 φλογὸς
3412 4827 3720 4896 καιομένης.

2159 4909 2270 4962 Καὶ
2319 4911 2366 4962 οἱ
2415 4911 2864 4980 καταλειφθέντες
2890 4916 2984 4968 ἀπ’
3014 4917 3193 4971 αὑτῶν
3218 4918 3446 4990 ἀριθμὸς
3493 4919 3722 4980 ἔσονται,

2162 5003 2255 5054 καὶ
2282 5001 2488 5055 παιδίον
2510 5003 2706 5072 γράψει
2743 5005 2957 5069 αὐτούς.
2991 5027 3009 5058 ι
3053 5009 3321 5072 Ἐπειδὰν,
3365 5011 3515 5081 φησὶ,
3557 5009 3722 5062 ταῦτα

2162 5089 2240 5161 τῷ
2278 5091 2545 5164 Ἀσσυρίῳ
2575 5093 2775 5165 πμόῇ,
2807 5095 3034 5168 δρασμῷ
3075 5099 3416 5170 χρησάμενος
3454 5101 3722 5170 φεύξεται,

2163 5181 2218 5233 οῖ
2239 5198 2296 5235 τε
2339 5182 2436 5234 σὺν
2477 5184 2626 5256 αὑτῷ
2672 5186 2871 5250 πάντες
2901 5189 3059 5242 τοῦτο
3086 5192 3400 5262 πράξουσιν.
3438 5195 3504 5247 El
3538 5194 3594 5246 δέ
3626 5212 3723 5247 που

2169 5269 2389 5341 βραχεῖς
2415 5291 2556 5337 τινες
2578 5276 3008 5348 καταλειφθεῖεν,
3048 5281 3286 5335 τοσοῦτοι
3320 5282 3549 5346 ἔσονται,
3588 5285 3722 5339 ῶστε

2164 5360 2421 5417 δύνασθαι
2448 5367 2541 5418 καὶ
2567 5367 2630 5420 τὸ
2651 5369 2810 5439 τυχὸν
2842 5371 3047 5426 παιδίον
3075 5373 3163 5426 τὸν
3179 5373 3409 5445 ἀριθμὸν
3431 5377 3611 5430 αὐτῶν
3637 5396 3724 5431 πε-

2169 5453 2429 5522 ριλαϐεῖν,
2465 5458 2557 5512 καὶ
2579 5464 2764 5534 γραφῇ
2799 5464 3150 5535 παραδοῦναι,
3174 5465 3267 5520 τοῦ
3287 5466 3473 5522 λοιποῦ
3495 5468 3728 5541 πλήθους

2167 5547 2522 5615 ἀπολωλότος.
2556 5551 2739 5607 Ταῦτα
2769 5557 2862 5610 καὶ
2887 5557 3021 5628 πρὸς
3054 5558 3196 5625 λέξιν
3221 5560 3436 5632 εἴρηται
3474 5562 3569 5616 καὶ
3596 5562 3731 5634 πρὸς
