4062 6400
371 336 478 390 165

1305 328 1804 387 COMMENTARIA
1841 327 1910 382 IN
1945 327 2198 384 ISAIAM.
2237 357 2303 372 --
2335 327 2487 384 CAP.
2527 327 2595 382 Χ.

3507 329 3610 385 166

370 454 638 508 δι’ἇνοιανο
682 449 818 524 πρὸς
867 449 963 520 μὲν
993 449 1159 514 λεςιν,
1201 448 1549 519 ἁνηνεγμένα
1577 447 1668 500 ἐπὶ
1703 446 1795 500 τὸν
1823 446 1938 500 Να-

2060 445 2337 500 ιεοιιιιιιιιιη
2370 444 2604 499 litteram
2643 442 2886 514 quidem,
2932 444 2978 499 si
3018 445 3086 498 ad
3115 443 3610 502 Nabuchodonoso-

371 544 789 615 6ουχοδονόσορ,
841 542 932 594 τὸν
980 541 1337 612 ἐμπρήσαντα
1381 539 1473 592 τὸν
1527 539 1654 591 ναὸν
1700 538 1793 591 καὶ
1841 537 1939 608 τὴν

2060 551 2154 590 -em
2198 534 2525 600 referantur,
2554 535 2646 604 qui
2683 534 2940 603 templum
2990 534 3230 590 incendit
3279 546 3333 591 et
3378 538 3606 602 urbem;

371 637 526 692 πόλιν
552 653 566 667 ⁸
604 634 809 707 πρὸςδὲ
837 633 1094 697 διάνοιαν,
1127 631 1218 685 ἐπὶ
1245 632 1344 702 τὴν
1373 630 1756 702 ἀντικειμένην
1781 629 1941 682 δύνα-

376 748 490 801 μιν,
524 723 591 800 ἦς
630 727 700 781 τὰ
737 726 1034 797 λελεγμένα
1090 727 1147 778 ὲν
1189 727 1254 795 τῇ
1299 723 1605 794 προφητείᾳ
1643 721 1939 792 παθούσης,

371 817 651 894 καθῃρέθη
698 817 894 871 αὐτίκα
926 817 959 887 ἡ
991 814 1098 868 τῶν
1143 814 1400 868 ἐναντίων
1437 811 1737 884 Ἀσσυρίων
1780 811 1943 865 δυνα-

379 911 556 964 στεία.

456 1021 474 1053 ι
505 1002 614 1055 Καὶ
644 999 794 1052 ἔσται
825 1000 882 1050 ὲν
910 999 976 1067 τῇ
1011 995 1196 1068 ἡμέρᾳ
1251 995 1466 1069 ἐκείνη,
1497 993 1678 1048 οὐκέτι
1717 1009 1946 1065 προστε-

371 1095 598 1165 ’θήσεται
625 1092 687 1144 τὸ
739 1087 1101 1155 καταλειφθὲν
1164 1086 1398 1160 Ἰσραὴλ,
1445 1087 1540 1139 καὶ
1587 1087 1637 1139 οί
1685 1085 1946 1148 σωθέντες

375 1183 470 1238 τοῦ
510 1181 703 1236 Ἰακὼό
731 1179 912 1232 οὐκέτι
940 1179 1012 1248 μὴ
1041 1177 1358 1240 πεποιθότες
1389 1171 1521 1230 ὦσιν
1559 1177 1651 1228 ἐπὶ
1674 1178 1797 1239 τοὺς
1830 1175 1946 1229 ἀδι-

376 1278 648 1348 κήσαντας
697 1272 913 1334 αὐτοὺς,
960 1270 1094 1324 ἀλλὰ
1128 1270 1338 1322 ἔσονται
1367 1269 1687 1332 πεποιθότες
1729 1268 1820 1321 ἐπὶ
1857 1267 1947 1321 τὸν

377 1365 508 1419 Θεὸν
529 1365 618 1417 τὸν
652 1363 804 1431 ἅγιον
829 1360 922 1412 τοῦ
955 1359 1168 1430 Ἰσραὴλ
1194 1361 1260 1429 τῇ
1285 1358 1532 1430 ἀληθείᾳ.
1565 1357 1673 1412 Καὶ
1709 1356 1857 1410 ἔσται
1888 1355 1949 1408 τὸ

373 1454 732 1524 καταλειφθὲν
773 1450 866 1505 τοῦ
914 1449 1107 1504 Ἰακὼὸ
1140 1450 1232 1503 ἐπὶ
1265 1450 1396 1503 Θεὸν
1449 1449 1720 1520 ἰσχύοντα.
1759 1468 1776 1499 ι
1813 1449 1950 1518 Φησὶ

375 1537 454 1618 τῷ
488 1545 686 1617 καιρῷ,
717 1544 838 1597 καθ’
871 1543 929 1596 ὃν
961 1543 1138 1596 πάντα
1174 1539 1244 1593 τὰ
1279 1539 1642 1613 προλεχοέντα
1675 1540 1816 1593 κατὰ
1854 1541 1948 1594 τοῦ

369 1637 705 1709 δηλωθέντος
720 1635 978 1706 ἄρχοντος
998 1633 1107 1687 τῶν
1141 1632 1437 1703 Ἀσσυρίων
1469 1631 1535 1683 δι’
1561 1631 1738 1703 ἔργων
1773 1631 1952 1703 χωρὴ-

378 1746 543 1792 σειεν,
593 1729 640 1781 oi
679 1724 1114 1798 περιλειφθέντες
1146 1721 1239 1777 τοῦ
1272 1721 1948 1794 αἰχμαλωτισθέντοςζλαοῦ

2044 626 2337 682 secundum
2379 636 2612 681 mentem
2658 641 2808 691 vero,
2841 628 2885 681 si
2915 626 2980 680 ad
3008 636 3329 696 potestatem
3355 630 3609 684 adversa-

2045 717 2201 781 riam,
2234 732 2355 785 qute
2389 730 2509 770 cum
2541 730 2624 778 ea,
2657 733 2776 787 qua:
2809 719 2860 772 in
2898 718 3176 788 prepbetia
3210 717 3476 783 feruntur,
3495 733 3614 789 per-

2045 823 2202 875 pessa
2253 815 2422 870 esset,
2476 806 2910 862 adversariorum
2960 807 3309 878 Assyriorum
3366 810 3610 878 potentia

2045 898 2332 955 confestim
2356 898 2566 953 sublata
2598 907 2704 952 est.

2115 989 2280 1044 Vsus.
2303 987 2395 1052 ‘20,
2420 987 2510 1042 2|.
2542 1006 2560 1038 ι
2592 986 2658 1041 Ει
2689 987 2794 1042 erit
2825 987 2878 1040 in
2914 987 3000 1042 die
3028 986 3138 1053 illa,
3173 1003 3277 1043 non
3305 988 3444 1043 ultra
3477 990 3615 1058 adji-

2045 1081 2219 1136 cietur
2251 1080 2519 1134 residuum
2546 1076 2728 1140 Israel,
2757 1087 2815 1132 et
2846 1078 2934 1146 qui
2969 1078 3104 1133 salvi
3126 1079 3321 1134 fuerint
3346 1095 3413 1135 ex
3446 1078 3616 1138 Jaeob

2048 1190 2153 1226 non
2186 1173 2326 1228 ultra
2381 1174 2633 1228 fiduciam
2661 1173 2936 1228 habebunt
2966 1173 3017 1227 in
3048 1173 3169 1228 illos
3207 1174 3299 1241 qui
3332 1188 3392 1228 se
3418 1174 3616 1244 injuria

2049 1264 2376 1331 aﬂ‘ecerunt;
2423 1266 2518 1320 sed
2569 1265 2816 1320 liduciam
2856 1265 3130 1320 habebunt
3180 1265 3234 1320 in
3283 1265 3394 1322 Deo
3425 1276 3617 1324 saneto

2049 1358 2213 1413 Israel
2243 1359 2294 1412 in
2325 1358 2578 1416 veritate.
2620 1359 2686 1412 Et
2715 1360 2818 1412 erit
2855 1359 3128 1414 residuum
3157 1357 3322 1414 Jacob
3352 1361 3406 1415 in
3447 1360 3614 1416 Deum

2050 1447 2265 1505 fortem.
2326 1467 2345 1501 ι
2407 1449 2524 1517 Quo
2574 1461 2836 1520 tempore,
2880 1451 3093 1520 inquit,
3137 1451 3394 1521 prmdicta
3437 1453 3617 1507 omnia

2049 1551 2236 1596 contra
2288 1552 2643 1596 memoratum
2692 1543 2990 1613 principem
3031 1544 3376 1616 Assyriorum
3403 1584 3420 1610 ,
3459 1559 3622 1615 opere

2051 1631 2501 1701 complebuutur;
2551 1632 2642 1702 qui
2692 1648 2757 1687 ex
2787 1631 3094 1688 Judzeorum
3140 1633 3338 1704 populo
3369 1635 3422 1689 in
3451 1636 3620 1705 capti-

2051 1724 2270 1778 vitatem
2308 1724 2541 1779 abducto
2591 1724 2791 1780 residui
2829 1735 3010 1790 erunt,
3038 1726 3108 1780 ab
3152 1727 3368 1781 inimica
3406 1727 3624 1794 regione

373 1819 486 1875 τῶν
519 1819 807 1882 Ἰουδαίων,
840 1817 940 1889 τῆς
974 1816 1238 1887 πολεμίας
1279 1814 1462 1886 χώρας
1494 1813 1764 1886 ἐλεύθεροι
1794 1815 1948 1883 γενό-

2060 1816 2206 1871 liberi
2239 1819 2550 1879 evadentes,
2597 1819 2732 1872 etin
2770 1821 3040 1889 prepriam
3079 1821 3302 1884 reversi,
3346 1835 3453 1874 non
3483 1820 3623 1873 ultra

383 1929 552 1984 μενοι,
578 1913 674 1966 καὶ
693 1913 782 1975 είς
801 1911 898 1982 τὴν
922 1909 1125 1963 οἰκείαν
1150 1907 1550 1971 ἐπανελθόντες,
1568 1907 1751 1960 οὐκέτι
1780 1924 1951 1978 προσ-

381 2005 591 2071 έξουσιν
637 1999 717 2069 οἷς
757 2003 923 2056 πάλαι
949 2005 1233 2074 προσεῖχον
1274 2001 1492 2071 δαίμοσι
1536 2004 1812 2073 πονηροῖς,
1841 2005 1952 2066 τοῖς

379 2097 478 2161 τὰς
499 2096 676 2168 ψυχὰς
699 2096 876 2149 αὐτῶν
898 2095 1198 2166 ἠδικηκόσι,
1218 2095 1311 2147 καὶ
1332 2095 1547 2147 πάντων
1570 2094 1750 2156 αὐτοῖς
1767 2093 1951 2146 κακῶν

374 2190 575 2254 αἰτίοις
611 2189 922 2258 γενομένοις
941 2205 955 2218 ν
984 2187 1120 2241 ἀλλὰ
1146 2187 1225 2257 τῷ
1251 2185 1370 2256 Θεῷ
1407 2185 1591 2238 λοιπὸν
1630 2185 1950 2254 προσέξουσι

380 2279 552 2349 μόνῳ,
589 2280 684 2333 ἅτε
730 2278 976 2348 λυτρωτῇ
1025 2277 1118 2328 καί
1165 2274 1377 2346 Σωτῆρι
1430 2272 1608 2327 αὐτῶν
1659 2272 1950 2342 γενομένῳ.

397 2367 730 2440 Ἐπληροῦτο
752 2369 807 2420 δὲ
829 2368 923 2420 κει)⁵
946 2366 1116 2419 ταῦτα
1140 2365 1276 2436 πρὸς
1314 2363 1458 2430 λέξιν
1489 2362 1630 2417 κατὰ
1661 2362 1840 2433 Κῦρον
1864 2362 1955 2414 τὸν

383 2459 610 2531 Περσῶν
644 2458 882 2529 βασιλέα,
913 2457 972 2521 ὃς
1005 2459 1209 2520 πάντας
1245 2456 1414 2525 ἀνῆκε
1435 2456 1558 2517 τοὺς
1583 2455 1640 2506 ὲν
1665 2456 1730 2524 τῇ
1755 2455 1956 2523 αἰχμα-

381 2550 554 2622 λωσίᾳ
601 2551 885 2613 Ἰουδαίους
905 2566 919 2580 ⁶
959 2549 1081 2602 καθ’
1104 2549 1163 2602 ὃν
1211 2548 1402 2620 καιρὸν
1434 2549 1484 2600 οἱ
1516 2547 1644 2616 περὶ
1672 2545 1763 2599 τὸν
1796 2547 1958 2616 Ζορο-

377 2641 568 2705 ϐάϐελ,
617 2643 710 2694 καὶ
754 2640 957 2711 Ἰησοῦν
983 2641 1073 2693 τὸν
1116 2639 1209 2692 τοῦ
1250 2639 1498 2692 Ἰωσεδὲκ
1544 2637 1636 2691 τὸν
1677 2639 1825 2710 ἱερέα
1865 2638 1957 2692 τὸν

385 2731 582 2802 μέγαν,
609 2731 662 2783 οῖ
689 2748 748 2784 τε
782 2732 896 2800 ἅμα
921 2729 999 2802 τῷ
1027 2730 1248 2802 Ἔσδρα,
1278 2731 1371 2783 καὶ
1395 2728 1626 2800 Νεεμία,
1649 2729 1747 2800 τῆς
1784 2729 1955 2782 Βαϐυ-

378 2823 549 2885 λῶνος
590 2821 995 2885 ἐπανελθόντες,
1026 2821 1115 2874 τὸν
1145 2822 1270 2875 ναὸν
1303 2823 1550 2892 ἤγειραν,
1575 2820 1668 2872 καὶ
1683 2820 1778 2892 τὴν
1804 2821 1958 2875 πόλιν

379 2913 552 2982 αὐτὴν
576 2912 944 2966 ἀνεκτίσαντο.

457 3023 476 3056 ι
516 3003 624 3057 Καὶ
649 3005 744 3056 ἐὰν
783 3003 1006 3072 γένηται
1027 3005 1054 3056 6
1086 3002 1211 3066 λαὸς
1255 3003 1468 3075 Ἰσραὴλ
1488 3003 1563 3067 ὼς
1588 3005 1622 3075 ἡ
1659 3003 1839 3074 ἄμμος
1861 3002 1958 3073 τῆς

381 3093 675 3164 θαλάσσης,
725 3093 785 3146 τὸ
813 3093 1161 3164 κατάλειμμα
1212 3093 1390 3146 αὐτῶν
1419 3093 1744 3165 σωθήσεται.
1794 3111 1812 3144 ι
1848 3091 1957 3163 Τὴν

387 3187 654 3259 ἄχρηστον
689 3186 896 3256 πληθὺν
933 3187 962 3238 6
990 3185 1143 3254 λόγος
1169 3185 1422 3256 σημαίνει
1469 3185 1563 3239 τοῦ
1608 3184 1814 3249 ἔθνους,
1853 3185 1961 3238 τῶν
1989 3183 2030 3239 C

394 3278 530 3349 μετὰ
576 3277 668 3350 τὴν
711 3277 968 3331 ἐπάνοδον
1001 3277 1098 3348 τὴν
1137 3276 1244 3330 ἀπὸ
1275 3275 1591 3338 Βαϐυλῶνος
1627 3275 1960 3346 οἰκησάντων

387 3370 484 3442 τὴν
516 3369 694 3440 χώραν
727 3368 885 3440 μέχρι
909 3368 1017 3422 τῶν
1057 3365 1377 3438 Ῥωμαϊκῶν
1410 3366 1643 3437 χρόνωνο
1677 3360 1820 3418 οὗτοι
1853 3364 1962 3435 γὰρ

385 3458 522 3533 ἦσαν
549 3462 619 3525 ὡς
642 3465 675 3534 ὴ
698 3461 879 3533 ἄμμος
908 3459 1007 3532 τῆς
1031 3459 1323 3530 θαλάσσης,
1346 3457 1404 3525 ἐξ
1434 3451 1509 3511 ὦν
1535 3456 1708 3528 μόνων
1731 3454 1960 3525 διεσώθη

386 3554 446 3605 τὸ
479 3553 855 3625 κατάλειμμαο
889 3553 939 3605 οἱ
981 3551 1039 3617 ἐξ
1076 3550 1252 3604 αὐτῶν
1282 3552 1361 3614 εἰς
1402 3550 1495 3603 τὸν
1527 3548 1760 3620 Χριστὸν
1801 3564 1964 3600 πεπι-

388 3645 670 3708 στευκότες
699 3643 939 3716 μαθηταὶ
965 3642 1130 3696 αὑτοῦ
1159 3643 1250 3696 καὶ
1280 3641 1588 3707 ἀπόστολοι,
1620 3640 1714 3693 καὶ
1745 3641 1965 3708 εὐαγγε-

389 3738 530 3790 σταί.
549 3738 788 3808 Ψάμμος
807 3737 914 3808 γάρ
931 3735 1206 3805 θαλάσσης
1224 3735 1285 3787 τὸ
1309 3734 1405 3804 μὲν
1425 3732 1626 3804 πλῆθος
1649 3732 1847 3803 ἀναρίθ
1857 3751 1962 3803 μη-

384 3847 477 3882 τον
499 3828 609 3898 ἕχει
633 3845 646 3858 ο
673 3827 846 3890 ἄλλως
872 3826 926 3880 δὲ
944 3828 1212 3898 ἄχρηστος
1246 3826 1478 3896 ὑπάρχει
1506 3824 1640 3894 πρὸς
1667 3825 1959 3893 γεωργίαν.

400 3922 648 3976 Ἐπειδὰν
691 3917 783 3974 οὖν
809 3923 836 3973 ὀ
869 3919 1016 3982 λαὸς,
1044 3919 1227 3989 φησὶν,
1267 3917 1482 3988 Ἰσραὴλ
1532 3919 1606 3978 εἰς
1639 3913 1840 3984 πλῆθος
1871 3915 1963 3968 ἀν-

389 4013 513 4084 αρίθ
523 4031 687 4084 μητον
709 4012 866 4083 χυθῇ,
889 4011 1159 4081 ἄχρηστον
1177 4010 1232 4062 δὲ
1251 4009 1477 4081 γένηται
1498 4009 1554 4060 έν
1582 4009 1648 4077 τῇ
1669 4006 1808 4059 κατὰ
1833 4005 1963 4058 Θεὸν

391 4104 756 4176 καρποφορίᾳ,
790 4102 1088 4173 τηνικαῦτα
1126 4103 1186 4154 τὸ
1233 4101 1330 4171 μὲν
1379 4099 1580 4169 πλῆθος
1633 4098 1812 4150 αὐτῶν
1858 4098 1964 4150 ἀπ-

391 4194 625 4250 ολεῖται·
689 4195 844 4266 μόνον
905 4194 968 4264 δὴ
1021 4194 1081 4246 τὸ
1134 4192 1484 4262 κατάλειμμα
1547 4189 1726 4242 αὐτῶν
1789 4188 1964 4258 σωθή-

391 4303 563 4341 σεται.
717 4277 722 4281 ⁴

466 4400 485 4433 ι
536 4383 656 4434 Ὀτι
687 4370 850 4448 λόγον
874 4379 1309 4450 συντετμημένον
1332 4378 1535 4451 Κύριος
1562 4379 1776 4452 ποιήσει
1805 4379 1862 4430 έν
1894 4380 1959 4449 τῇ

391 4474 681 4548 οἰκουμένῃ
704 4473 822 4547 ὅλῃ.
863 4493 881 4524 ι
911 4473 1104 4544 Σαφῶς
1125 4473 1232 4546 ἄρα
1257 4473 1318 4526 τὸ
1346 4472 1675 4542 Εὐαγγέλιον
1707 4471 1807 4540 τῆς
1828 4471 1962 4524 Και-

391 4563 488 4632 νῆς
516 4563 734 4632 ᾐνίξατο
755 4563 1049 4635 Διαθήκης,
1065 4564 1122 4614 ὲν
1145 4562 1238 4632 ὅλῃ
1259 4565 1324 4632 τῇ
1352 4564 1499 4614 οἱκου
1509 4561 1643 4633 μένῃ
1672 4559 1960 4631 κηρυχθέν.

392 4654 668 4723 Συντετμη
679 4654 837 4723 μένος
871 4650 1069 4725 γὰρῆν
1092 4654 1120 4705 6
1150 4653 1306 4722 λόγος
1331 4653 1359 4703 ό
1389 4649 1756 4718 εὐαγγελικδς,
1787 4649 1864 4719 τῷ
1889 4650 1962 4719 μὴ

394 4744 662 4815 περιέχειν
699 4745 873 4798 πάντα
897 4745 962 4798 τὰ
993 4743 1144 4815 παρὰ
1163 4743 1240 4814 τῷ
1271 4743 1474 4812 Μωῦσῇ
1507 4739 1958 4812 παραγγέλματα.

393 4835 512 4886 Τῶν
535 4835 591 4888 δὲ
616 4835 989 4906 προκειμένων
1024 4835 1202 4907 ῥητῶν
1237 4833 1506 4904 μέμνηται
1539 4832 1632 4884 καὶ
1657 4834 1686 4884 6
1719 4831 1965 4882 Ἀπόστο-

391 4925 502 4989 λος,
539 4925 724 4978 τοῦτον
759 4927 929 4996 λέγων
961 4927 1050 4980 τὸν
1072 4927 1273 4998 τρόπον
1293 4942 1305 4954 ·
1333 4945 1348 4975 ι
1388 4925 1444 4976 '0
1481 4923 1704 4985 Ἡσαΐας
1732 4923 1788 4975 δὲ
1813 4922 1960 4989 λέγει

393 5018 532 5088 ὑπὲρ
570 5018 661 5070 τοῦ
710 5019 952 5090 Ἰσραήλ·
1010 5019 1135 5072 Ἐὰν
1240 5017 1268 5068 6
1297 5015 1530 5087 ἀριθμὸς
1566 5015 1672 5067 τῶν
1699 5012 1831 5066 υἱῶν
1866 5012 1961 5066 τοῦ

404 5108 617 5180 Ἰσραὴλ
654 5109 728 5173 ὡς
767 5112 800 5182 η
847 5112 1027 5182 ἄμμος
1063 5110 1163 5180 τῆς
1208 5108 1503 5178 θαλάσσης,
1547 5105 1609 5159 τὸ
1651 5104 1962 5174 ὑπόλειμμα

396 5201 717 5271 σωθήσεται.
779 5201 951 5268 Λόγον
1019 5201 1127 5271 γὰρ
1192 5198 1458 5253 συντελῶν
1511 5197 1602 5250 καὶ
1669 5196 1960 5266 συντέμνον

393 5295 608 5364 ποιησει
644 5293 847 5366 Κύριος
879 5295 969 5348 ἐπὶ
995 5295 1092 5365 τῆς
1122 5294 1242 5364 γῆς.
1279 5313 1297 5343 ι

469 5405 486 5438 ι
535 5387 631 5441 Διὰ
664 5388 821 5440 τοῦτο
853 5388 976 5440 τάδε
1011 5387 1155 5456 λέγει
1186 5385 1386 5456 Κύριος
1432 5382 1692 5438 Σαϐαὼθ*
1730 5381 1822 5453 Μὴ
1864 5398 1959 5448 qo-

393 5482 509 5545 ϐοῦ,
541 5483 570 5534 6
601 5481 729 5545 λαός
758 5498 879 5551 μου,
914 5482 963 5533 οἱ
998 5479 1376 5542 κατοικοῦντες
1415 5479 1471 5532 ὲν
1505 5475 1664 5540 Σιὼν,
1691 5474 1799 5528 ἀπὸ
1837 5475 1956 5526 Ἄπη

396 5575 612 5647 συρίων,
632 5574 710 5626 ὃτι
738 5575 794 5626 ὲν
822 5573 999 5642 ῥάϐδῳ
1045 5571 1270 5639 πατάξει
1291 5587 1370 5625 σε’
1401 5569 1614 5642 πληγὴν
1637 5569 1748 5640 γὰρ
1777 5569 1964 5636 ἐπάγω

464 5783 506 5813 ⁵⁸
545 5784 696 5838 ltom.
734 5798 785 5838 ιι
837 5783 926 5837 27.

2054 1910 2335 1963 attendent
2385 1910 2493 1974 iis,
2537 1911 2733 1978 quibus
2777 1922 2936 1965 antea
2985 1912 3222 1966 animum
3274 1912 3627 1976 adhibebant,

2054 2001 2391 2057 daemonibus
2419 2003 2692 2070 malignis,
2724 2005 2816 2074 qui
2863 2007 3072 2060 animas
3109 2021 3238 2061 suas
3271 2006 3542 2072 laeserant,
3574 2016 3628 2060 et

2054 2094 2294 2148 omnium
2334 2094 2438 2148 sibi
2467 2095 2728 2149 malorum
2753 2111 2916 2151 causa
2948 2097 3196 2165 fuerant;
3229 2098 3320 2152 sed
3366 2097 3478 2152 Deo
3513 2107 3628 2151 IIII-

2055 2186 2174 2240 dem
2210 2185 2310 2240 soli
2350 2186 2788 2256 applicabuntur,
2819 2198 3004 2256 utpote
3049 2188 3143 2257 qui
3186 2189 3494 2258 redemptor
3527 2189 3628 2244 sibi

2055 2285 2108 2328 et
2145 2274 2405 2330 Servator
2445 2273 2670 2330 effectus
2716 2277 2808 2330 sit.
2843 2275 2965 2330 Ilaec
2994 2291 3124 2329 vero
3153 2276 3330 2346 reipsa
3361 2275 3627 2346 completa

2057 2377 2176 2422 sunt
2226 2367 2351 2438 Cyri
2411 2367 2700 2422 Persarum
2753 2369 2894 2438 regis
2948 2378 3212 2438 tempore,
3275 2368 3365 2437 qui
3417 2366 3631 2422 Iudaeos

2057 2474 2245 2514 omnes
2275 2459 2327 2512 in
2353 2459 2670 2526 captivitate
2698 2470 2921 2530 agentes
2949 2460 3181 2524 remisit,
3232 2475 3355 2514 cum
3397 2459 3632 2513 Zoroba-

2060 2551 2167 2615 bel,
2197 2549 2356 2607 Jesus
2402 2553 2543 2606 filius
2579 2551 2807 2605 Josedec
2845 2549 3116 2605 Sacerdos
3152 2565 3402 2620 magum,
3437 2561 3492 2603 et
3539 2549 3632 2618 qui

2059 2660 2179 2698 cum
2206 2644 2374 2698 Esdra
2403 2653 2457 2698 et
2480 2643 2738 2697 Nebemia
2769 2650 2946 2707 erant,
2981 2656 3049 2696 ex
3080 2639 3354 2711 Babylone
3390 2640 3632 2704 reversi,

2061 2736 2318 2806 templum
2353 2736 2694 2799 excitarunt,
2742 2735 3040 2804 urbemque
3073 2735 3246 2803 ipsam
3289 2743 3636 2788 restaurave-

2066 2838 2210 2884 runt.

2133 3011 2299 3069 Vens.
2328 3011 2420 3066 22.
2458 3029 2478 3064 ι
2511 3011 2577 3065 Et
2606 3010 2651 3066 si
2689 3009 2855 3065 fuerit
2885 3009 3115 3079 populus
3145 3005 3312 3064 lsrael
3343 3006 3485 3062 sicut
3514 3021 3640 3062 are-

2064 3121 2130 3158 na
2163 3103 2350 3170 maris,
2385 3102 2658 3157 residuum
2687 3099 2805 3170 ejus
2836 3100 3158 3155 salvabitur.
3192 3116 3211 3151 ι
3260 3097 3634 3154 Promiscuam

2064 3209 2118 3250 et
2143 3195 2388 3251 inutilem
2421 3180 2597 3263 gentis
2627 3192 3023 3247 multitudinem
3050 3231 3067 3256 ,
3103 3205 3225 3259 quae
3253 3197 3374 3259 post
3406 3188 3636 3244 reditum
3679 3178 3693 3194 ’

2065 3305 2128 3343 ex
2160 3286 2433 3357 Babylone
2467 3299 2640 3354 usque
2669 3283 2733 3338 ad
2771 3283 3014 3336 Romana
3068 3291 3308 3351 tempora
3359 3281 3636 3351 regionem

2067 3380 2290 3437 incoluit
2318 3420 2332 3444 ,
2394 3379 2598 3433 indicat
2652 3376 3009 3448 propheticus
3055 3389 3239 3429 sermo
3284 3392 3297 3428 :
3343 3373 3396 3428 bi
3444 3374 3642 3444 quippe

2063 3476 2220 3522 erant
2241 3466 2386 3520 sicut
2418 3480 2582 3518 arena
2617 3465 2782 3518 maris
2805 3503 2820 3528 ,
2851 3477 3082 3532 quorum
3119 3463 3396 3516 residuum
3429 3473 3638 3517 tantum

2063 3557 2290 3611 salutem
2351 3565 2700 3610 consecutum
2752 3564 2857 3607 est.
2911 3553 2974 3606 lli
3011 3567 3172 3621 porro
3221 3566 3289 3606 ex
3334 3551 3442 3606 illis
3484 3563 3643 3606 erant

2065 3647 2156 3716 qui
2190 3634 2242 3700 iu
2273 3646 2552 3701 Christum
2583 3645 2957 3708 crediderunt,
3021 3642 3274 3711 discipuli
3319 3641 3457 3711 ejus,
3511 3657 3639 3712 apo-

2067 3738 2191 3794 stoli
2234 3747 2288 3791 et
2323 3736 2693 3806 evangelistw.
2731 3734 2864 3788 Nam
2897 3750 3062 3788 arena
3095 3734 3264 3788 maris
3293 3735 3645 3791 multitudine

2064 3824 2282 3893 quidem
2323 3822 2756 3887 innumerabilis,
2789 3837 2973 3876 verum
3033 3822 3242 3878 inutilis
3275 3831 3361 3877 est
3391 3825 3460 3878 ad
3495 3827 3640 3896 agri-

2063 3915 2353 3970 culturam.
2382 3914 2515 3969 Cum
2559 3929 2689 3984 ergo
2718 3915 2945 3983 populus
2979 3913 3167 3978 Israel,
3201 3915 3397 3985 inquit,
3423 3916 3477 3971 iu
3505 3917 3644 3972 mul-

2067 4007 2352 4062 titudinem
2397 4007 2743 4061 iuuumeratu
2777 4005 3002 4061 dimisus
3047 4007 3230 4069 fuerit,
3267 4008 3340 4061 ita
3371 4018 3547 4064 tamen
3585 4019 3645 4063 ut.

2067 4098 2268 4153 inutilis
2305 4099 2376 4154 sit
2406 4100 2472 4153 ad
2502 4097 2735 4154 fructum
2779 4101 3076 4154 secundum
3113 4100 3280 4153 Deum
3309 4098 3636 4165 ferendum;

2066 4203 2190 4246 tunc
2219 4191 2506 4246 multitudo
2531 4191 2746 4261 quidem
2775 4206 2963 4244 eorum
2996 4191 3219 4260 peribit,
3271 4205 3336 4245 ac
3370 4191 3499 4245 sola:
3526 4189 3643 4260 ejus

2066 4283 2305 4350 reliquias
2331 4281 2559 4336 salutem
2595 4290 3020 4350 consequentur.

2135 4373 2298 4429 Vsus.
2351 4374 2440 4430 25.
2502 4391 2521 4426 ι
2580 4373 2714 4440 Quia
2766 4375 2994 4429 vetbum
3047 4374 3424 4430 abhreviatum
3480 4376 3642 4432 faciet

2071 4468 2328 4521 Dominus
2360 4468 2410 4522 in
2443 4467 2694 4522 universa
2741 4478 2904 4520 terra.
2939 4487 2956 4517 ν
2990 4467 3338 4538 Evangelium
3374 4467 3506 4523 Novi
3537 4468 3644 4522 Te-

2070 4555 2322 4611 stamenti
2357 4555 2502 4610 clare
2548 4555 2858 4611 subiudieat
2885 4597 2899 4620 ,
2935 4558 3076 4626 quod
3111 4559 3162 4609 iu
3208 4557 3459 4611 universa
3496 4567 3638 4612 terra

2072 4651 2420 4720 praedicatum
2459 4659 2561 4705 est.
2598 4651 2983 4704 Abbreviatum
3018 4651 3214 4720 quippe
3257 4658 3375 4704 erat
3419 4650 3638 4704 verbum

2071 4740 2440 4809 evangelicum
2470 4781 2484 4804 ,
2533 4740 2676 4808 quod
2734 4740 2920 4810 omnia
2970 4739 3172 4810 Moysis
3221 4749 3490 4809 praecepta
3533 4754 3638 4793 non

2069 4831 2545 4900 complecteretur.
2581 4830 2706 4884 Haec
2733 4809 2882 4885 dicta
2933 4809 3326 4884 commemorat
3371 4831 3644 4897 apostolus

2070 4924 2153 4978 Itis
2197 4925 2376 4977 verbis
2405 4924 2472 4989 ⁶¹,
2511 4942 2530 4974 ι
2566 4923 2764 4978 Ιμεειίιιε
2821 4932 2999 4976 autem
3045 4922 3175 4976 dicit
3228 4924 3295 4976 de
3340 4921 3501 4976 Israel
3539 4921 3642 4976 :Si

2068 5011 2230 5068 fuerit
2290 5028 2548 5067 numerus
2611 5013 2842 5066 filiorum
2907 5009 3073 5066 Israel
3132 5023 3388 5081 tanquam
3469 5027 3638 5066 arena

2070 5105 2274 5170 maris,
2326 5104 2568 5172 reliquiae
2617 5103 2779 5156 salva:
2834 5101 2988 5160 fient.
3036 5099 3274 5156 Verbum
3311 5102 3459 5156 enim
3504 5117 3637 5156 con-

2067 5211 2364 5262 summaus,
2399 5205 2452 5249 et
2499 5193 2820 5249 abbrevians
2861 5193 3118 5249 Dominus
3150 5194 3312 5249 faciet
3345 5209 3506 5262 super
3537 5203 3642 5248 ter-

2069 5303 2204 5343 ratu.
2243 5306 2261 5339 ι

2141 5378 2303 5433 Vens.
2337 5378 2430 5431 ει.
2473 5376 2808 5444 «Propterea
2871 5376 2986 5431 haec
3035 5375 3166 5432 dicit
3229 5375 3486 5431 Dominus
3531 5376 3633 5429 Sa-

2069 5471 2250 5535 baotb,
2283 5470 2400 5524 Noli
2440 5469 2653 5534 timere,
2685 5469 2878 5540 pepule
2925 5485 3098 5536 meus,
3125 5469 3216 5538 qui
3272 5468 3530 5522 habitatis
3580 5469 3634 5524 iu

2071 5565 2224 5632 Sion,
2264 5563 2334 5619 ab
2365 5562 2626 5631 Assyriis,
2654 5564 2779 5633 quia
2829 5564 2882 5618 in
2918 5565 3066 5634 virga
3095 5562 3363 5634 percutiet
3389 5569 3484 5616 te:
3511 5559 3631 5634 pla-
