  <div class='ocr_page' id='page_1' title='image "/cluster/home/n/w/nwhite01/storage/ocr_20150623/24/hvd.32044073501108/091.png"; bbox 0 0 4082 6398; ppageno 0'>
   <div class='ocr_carea' id='block_1_1' title="bbox 541 305 644 361">
    <p class='ocr_par' dir='ltr' id='par_1_1' title="bbox 541 305 644 361">
     <span class='ocr_line' id='line_1_1' title="bbox 541 305 644 361; baseline -0.01 -1"><span class='ocrx_word' id='word_1_1' title='bbox 541 305 644 361; x_wconf 75' lang='grc' dir='ltr'><strong>ΙϐῚ</strong></span> 
     </span>
    </p>
   </div>
   <div class='ocr_carea' id='block_1_2' title="bbox 1207 299 3089 360">
    <p class='ocr_par' dir='ltr' id='par_1_2' title="bbox 1207 299 3089 360">
     <span class='ocr_line' id='line_1_2' title="bbox 1207 299 3089 360; baseline 0.001 -3"><span class='ocrx_word' id='word_1_2' title='bbox 1207 301 1478 360; x_wconf 80' lang='lat' dir='ltr'><strong>EUSEBII</strong></span> <span class='ocrx_word' id='word_1_3' title='bbox 1514 301 1990 360; x_wconf 64' lang='lat' dir='ltr'><strong>CESABIENSIS</strong></span> <span class='ocrx_word' id='word_1_4' title='bbox 2028 303 2179 360; x_wconf 85' lang='lat' dir='ltr'><strong>OPP.</strong></span> <span class='ocrx_word' id='word_1_5' title='bbox 2221 302 2399 358; x_wconf 78' lang='lat' dir='ltr'><strong>PARS</strong></span> <span class='ocrx_word' id='word_1_6' title='bbox 2435 299 2522 356; x_wconf 92' lang='lat' dir='ltr'><strong>Ill.</strong></span> <span class='ocrx_word' id='word_1_7' title='bbox 2562 331 2632 341; x_wconf 90' lang='lat'><strong>-</strong></span> <span class='ocrx_word' id='word_1_8' title='bbox 2672 299 3089 358; x_wconf 76' lang='lat' dir='ltr'><strong>EXEGETICA.</strong></span> 
     </span>
    </p>
   </div>
   <div class='ocr_carea' id='block_1_3' title="bbox 3685 305 3794 362">
    <p class='ocr_par' dir='ltr' id='par_1_3' title="bbox 3685 305 3794 362">
     <span class='ocr_line' id='line_1_3' title="bbox 3685 305 3794 362; baseline 0.018 -2"><span class='ocrx_word' id='word_1_9' title='bbox 3685 305 3794 362; x_wconf 72' lang='grc'><strong>168</strong></span> 
     </span>
    </p>
   </div>
   <div class='ocr_carea' id='block_1_4' title="bbox 538 413 2104 490">
    <p class='ocr_par' dir='ltr' id='par_1_4' title="bbox 538 418 2104 490">
     <span class='ocr_line' id='line_1_4' title="bbox 538 418 2104 490; baseline 0.003 -18"><span class='ocrx_word' id='word_1_10' title='bbox 538 435 661 490; x_wconf 86' lang='lat' dir='ltr'><strong>gam</strong></span> <span class='ocrx_word' id='word_1_11' title='bbox 691 420 837 474; x_wconf 90' lang='lat' dir='ltr'><strong>enim</strong></span> <span class='ocrx_word' id='word_1_12' title='bbox 871 418 1124 473; x_wconf 83' lang='lat' dir='ltr'><strong>inducam</strong></span> <span class='ocrx_word' id='word_1_13' title='bbox 1169 434 1332 488; x_wconf 82' lang='lat' dir='ltr'><strong>super</strong></span> <span class='ocrx_word' id='word_1_14' title='bbox 1359 429 1433 483; x_wconf 86' lang='lat' dir='ltr'><strong>te.</strong></span> <span class='ocrx_word' id='word_1_15' title='bbox 1461 431 1518 474; x_wconf 90' lang='lat' dir='ltr'><strong>ut</strong></span> <span class='ocrx_word' id='word_1_16' title='bbox 1558 421 1744 475; x_wconf 90' lang='lat' dir='ltr'><strong>videas</strong></span> <span class='ocrx_word' id='word_1_17' title='bbox 1773 420 1912 474; x_wconf 86' lang='lat' dir='ltr'><strong>viam</strong></span> <span class='ocrx_word' id='word_1_18' title='bbox 1943 419 2104 490; x_wconf 64' lang='lat' dir='ltr'><strong>IEgy-</strong></span> 
     </span>
    </p>
   </div>
   <div class='ocr_carea' id='block_1_5' title="bbox 2207 413 3799 490">
    <p class='ocr_par' dir='ltr' id='par_1_5' title="bbox 2218 413 3799 486">
     <span class='ocr_line' id='line_1_5' title="bbox 2218 413 3799 486; baseline -0.002 -14"><span class='ocrx_word' id='word_1_19' title='bbox 2218 419 2312 472; x_wconf 78' lang='grc' dir='ltr'><strong>ἐπὶ</strong></span> <span class='ocrx_word' id='word_1_20' title='bbox 2345 419 2434 481; x_wconf 81' lang='grc' dir='ltr'>σὲ,</span> <span class='ocrx_word' id='word_1_21' title='bbox 2470 415 2565 470; x_wconf 84' lang='grc' dir='ltr'><strong>τού</strong></span> <span class='ocrx_word' id='word_1_22' title='bbox 2605 417 2733 470; x_wconf 85' lang='grc' dir='ltr'>ἰδεῖν</span> <span class='ocrx_word' id='word_1_23' title='bbox 2769 415 2885 470; x_wconf 83' lang='grc' dir='ltr'>ὁδὸν</span> <span class='ocrx_word' id='word_1_24' title='bbox 2917 414 3216 484; x_wconf 77' lang='grc' dir='ltr'>Αἰγύπτου.</span> <span class='ocrx_word' id='word_1_25' title='bbox 3261 433 3279 465; x_wconf 77' lang='grc' dir='ltr'><strong>ι</strong></span> <span class='ocrx_word' id='word_1_26' title='bbox 3323 413 3584 486; x_wconf 76' lang='grc' dir='ltr'>Παραινεῖ</span> <span class='ocrx_word' id='word_1_27' title='bbox 3614 415 3799 470; x_wconf 81' lang='grc' dir='ltr'><strong>τοίνυν</strong></span> 
     </span>
    </p>
   </div>
   <div class='ocr_carea' id='block_1_6' title="bbox 537 507 2116 581">
    <p class='ocr_par' dir='ltr' id='par_1_6' title="bbox 537 507 2116 581">
     <span class='ocr_line' id='line_1_6' title="bbox 537 507 2116 581; baseline 0.001 -19"><span class='ocrx_word' id='word_1_28' title='bbox 537 509 636 578; x_wconf 90' lang='lat' dir='ltr'><strong>pti.</strong></span> <span class='ocrx_word' id='word_1_29' title='bbox 664 529 683 561; x_wconf 72' lang='grc' dir='ltr'><strong>ι</strong></span> <span class='ocrx_word' id='word_1_30' title='bbox 725 507 983 563; x_wconf 86' lang='lat' dir='ltr'><strong>Hortatur</strong></span> <span class='ocrx_word' id='word_1_31' title='bbox 1039 511 1223 579; x_wconf 87' lang='lat' dir='ltr'><strong>itaque</strong></span> <span class='ocrx_word' id='word_1_32' title='bbox 1272 525 1338 564; x_wconf 92' lang='lat' dir='ltr'><strong>ne</strong></span> <span class='ocrx_word' id='word_1_33' title='bbox 1395 511 1582 565; x_wconf 89' lang='lat' dir='ltr'><strong>timeat</strong></span> <span class='ocrx_word' id='word_1_34' title='bbox 1626 511 1884 581; x_wconf 81' lang='lat' dir='ltr'><strong>Assyrios</strong></span> <span class='ocrx_word' id='word_1_35' title='bbox 1927 528 1942 565; x_wconf 91' lang='lat'><strong>:</strong></span> <span class='ocrx_word' id='word_1_36' title='bbox 1991 525 2116 565; x_wconf 84' lang='lat' dir='ltr'><strong>nam</strong></span> 
     </span>
    </p>
   </div>
   <div class='ocr_carea' id='block_1_7' title="bbox 537 599 2116 668">
    <p class='ocr_par' dir='ltr' id='par_1_7' title="bbox 537 599 2116 668">
     <span class='ocr_line' id='line_1_7' title="bbox 537 599 2116 668; baseline 0.002 -18"><span class='ocrx_word' id='word_1_37' title='bbox 537 607 824 651; x_wconf 88' lang='lat' dir='ltr'><strong>venturum</strong></span> <span class='ocrx_word' id='word_1_38' title='bbox 873 599 1090 668; x_wconf 86' lang='lat' dir='ltr'><strong>quidem</strong></span> <span class='ocrx_word' id='word_1_39' title='bbox 1144 600 1221 651; x_wconf 87' lang='lat' dir='ltr'><strong>ait</strong></span> <span class='ocrx_word' id='word_1_40' title='bbox 1260 614 1450 652; x_wconf 88' lang='lat' dir='ltr'><strong>eorum</strong></span> <span class='ocrx_word' id='word_1_41' title='bbox 1488 614 1667 668; x_wconf 83' lang='lat' dir='ltr'><strong>regem</strong></span> <span class='ocrx_word' id='word_1_42' title='bbox 1717 611 1772 653; x_wconf 87' lang='lat' dir='ltr'><strong>ct</strong></span> <span class='ocrx_word' id='word_1_43' title='bbox 1811 600 2116 654; x_wconf 77' lang='lat' dir='ltr'><strong>Jerusalem</strong></span> 
     </span>
    </p>
   </div>
   <div class='ocr_carea' id='block_1_8' title="bbox 537 689 2116 762">
    <p class='ocr_par' dir='ltr' id='par_1_8' title="bbox 537 689 2116 762">
     <span class='ocr_line' id='line_1_8' title="bbox 537 689 2116 762; baseline -0.001 -18"><span class='ocrx_word' id='word_1_44' title='bbox 537 702 974 759; x_wconf 84' lang='lat' dir='ltr'><strong>oppugnaturum</strong></span> <span class='ocrx_word' id='word_1_45' title='bbox 1002 704 1142 754; x_wconf 89' lang='lat' dir='ltr'><strong>esse,</strong></span> <span class='ocrx_word' id='word_1_46' title='bbox 1172 699 1228 742; x_wconf 85' lang='grc' dir='ltr'><strong>ιιι</strong></span> <span class='ocrx_word' id='word_1_47' title='bbox 1259 689 1377 757; x_wconf 86' lang='lat' dir='ltr'><strong>ejus</strong></span> <span class='ocrx_word' id='word_1_48' title='bbox 1410 690 1597 744; x_wconf 72' lang='lat' dir='ltr'><strong>incola:</strong></span> <span class='ocrx_word' id='word_1_49' title='bbox 1637 690 1854 745; x_wconf 84' lang='lat' dir='ltr'><strong>brevem</strong></span> <span class='ocrx_word' id='word_1_50' title='bbox 1902 691 2116 762; x_wconf 75' lang='lat' dir='ltr'><strong>plagam</strong></span> 
     </span>
    </p>
   </div>
   <div class='ocr_carea' id='block_1_9' title="bbox 538 779 2118 850">
    <p class='ocr_par' dir='ltr' id='par_1_9' title="bbox 538 779 2118 850">
     <span class='ocr_line' id='line_1_9' title="bbox 538 779 2118 850; baseline 0.001 -16"><span class='ocrx_word' id='word_1_51' title='bbox 538 781 910 850; x_wconf 71' lang='lat' dir='ltr'><strong>experiantur,</strong></span> <span class='ocrx_word' id='word_1_52' title='bbox 942 796 1039 835; x_wconf 91' lang='lat' dir='ltr'><strong>ceu</strong></span> <span class='ocrx_word' id='word_1_53' title='bbox 1077 780 1225 850; x_wconf 83' lang='lat' dir='ltr'><strong>virga</strong></span> <span class='ocrx_word' id='word_1_54' title='bbox 1269 780 1543 848; x_wconf 86' lang='lat' dir='ltr'><strong>percussi;</strong></span> <span class='ocrx_word' id='word_1_55' title='bbox 1592 790 1646 832; x_wconf 91' lang='lat' dir='ltr'><strong>at</strong></span> <span class='ocrx_word' id='word_1_56' title='bbox 1689 779 1838 833; x_wconf 92' lang='lat' dir='ltr'><strong>illum</strong></span> <span class='ocrx_word' id='word_1_57' title='bbox 1886 796 1944 835; x_wconf 92' lang='lat' dir='ltr'><strong>re</strong></span> <span class='ocrx_word' id='word_1_58' title='bbox 1981 779 2118 835; x_wconf 83' lang='lat' dir='ltr'><strong>infe-</strong></span> 
     </span>
    </p>
   </div>
   <div class='ocr_carea' id='block_1_10' title="bbox 538 870 2115 943">
    <p class='ocr_par' dir='ltr' id='par_1_10' title="bbox 538 870 2115 943">
     <span class='ocr_line' id='line_1_10' title="bbox 538 870 2115 943; baseline 0 -16"><span class='ocrx_word' id='word_1_59' title='bbox 538 885 624 927; x_wconf 89' lang='lat' dir='ltr'><strong>cta</strong></span> <span class='ocrx_word' id='word_1_60' title='bbox 656 871 948 943; x_wconf 78' lang='lat' dir='ltr'><strong>fugientem</strong></span> <span class='ocrx_word' id='word_1_61' title='bbox 977 887 1320 926; x_wconf 86' lang='lat' dir='ltr'><strong>reversurum</strong></span> <span class='ocrx_word' id='word_1_62' title='bbox 1349 885 1492 926; x_wconf 89' lang='lat' dir='ltr'><strong>esse.</strong></span> <span class='ocrx_word' id='word_1_63' title='bbox 1531 870 1662 937; x_wconf 68' lang='lat' dir='ltr'><strong>Quae</strong></span> <span class='ocrx_word' id='word_1_64' title='bbox 1693 887 1824 927; x_wconf 85' lang='lat' dir='ltr'><strong>sane</strong></span> <span class='ocrx_word' id='word_1_65' title='bbox 1849 871 2115 943; x_wconf 89' lang='lat' dir='ltr'><strong>completa</strong></span> 
     </span>
    </p>
   </div>
   <div class='ocr_carea' id='block_1_11' title="bbox 539 961 2105 1034">
    <p class='ocr_par' dir='ltr' id='par_1_11' title="bbox 539 961 2105 1034">
     <span class='ocr_line' id='line_1_11' title="bbox 539 961 2105 1034; baseline 0 -14"><span class='ocrx_word' id='word_1_66' title='bbox 539 975 684 1028; x_wconf 90' lang='lat' dir='ltr'><strong>sunt,</strong></span> <span class='ocrx_word' id='word_1_67' title='bbox 719 965 947 1023; x_wconf 85' lang='lat' dir='ltr'><strong>Ezechia</strong></span> <span class='ocrx_word' id='word_1_68' title='bbox 981 964 1092 1018; x_wconf 83' lang='lat' dir='ltr'><strong>filio</strong></span> <span class='ocrx_word' id='word_1_69' title='bbox 1139 963 1321 1017; x_wconf 83' lang='lat' dir='ltr'><strong>Achaz</strong></span> <span class='ocrx_word' id='word_1_70' title='bbox 1367 963 1418 1016; x_wconf 90' lang='lat' dir='ltr'><strong>in</strong></span> <span class='ocrx_word' id='word_1_71' title='bbox 1461 961 1758 1018; x_wconf 79' lang='lat' dir='ltr'><strong>Jerusalem</strong></span> <span class='ocrx_word' id='word_1_72' title='bbox 1805 973 2105 1034; x_wconf 83' lang='lat' dir='ltr'><strong>regnante:</strong></span> 
     </span>
    </p>
   </div>
   <div class='ocr_carea' id='block_1_12' title="bbox 539 1055 2114 1127">
    <p class='ocr_par' dir='ltr' id='par_1_12' title="bbox 539 1055 2114 1127">
     <span class='ocr_line' id='line_1_12' title="bbox 539 1055 2114 1127; baseline 0.001 -17"><span class='ocrx_word' id='word_1_73' title='bbox 539 1061 628 1127; x_wconf 93' lang='lat' dir='ltr'><strong>qui</strong></span> <span class='ocrx_word' id='word_1_74' title='bbox 664 1063 745 1111; x_wconf 89' lang='lat' dir='ltr'><strong>vir</strong></span> <span class='ocrx_word' id='word_1_75' title='bbox 780 1059 880 1112; x_wconf 88' lang='lat' dir='ltr'><strong>fuit</strong></span> <span class='ocrx_word' id='word_1_76' title='bbox 909 1075 1014 1111; x_wconf 88' lang='lat' dir='ltr'><strong>non</strong></span> <span class='ocrx_word' id='word_1_77' title='bbox 1054 1057 1194 1124; x_wconf 89' lang='lat' dir='ltr'><strong>patri</strong></span> <span class='ocrx_word' id='word_1_78' title='bbox 1231 1055 1461 1121; x_wconf 87' lang='lat' dir='ltr'><strong>similis,</strong></span> <span class='ocrx_word' id='word_1_79' title='bbox 1495 1062 1589 1111; x_wconf 88' lang='lat' dir='ltr'><strong>sed</strong></span> <span class='ocrx_word' id='word_1_80' title='bbox 1617 1059 1796 1122; x_wconf 87' lang='lat' dir='ltr'><strong>justus</strong></span> <span class='ocrx_word' id='word_1_81' title='bbox 1837 1067 1893 1111; x_wconf 88' lang='lat' dir='ltr'><strong>et</strong></span> <span class='ocrx_word' id='word_1_82' title='bbox 1934 1060 2114 1112; x_wconf 88' lang='lat' dir='ltr'><strong>omni-</strong></span> 
     </span>
    </p>
   </div>
   <div class='ocr_carea' id='block_1_13' title="bbox 540 1148 2113 1220">
    <p class='ocr_par' dir='ltr' id='par_1_13' title="bbox 540 1148 2113 1220">
     <span class='ocr_line' id='line_1_13' title="bbox 540 1148 2113 1220; baseline 0.002 -18"><span class='ocrx_word' id='word_1_83' title='bbox 540 1150 695 1204; x_wconf 90' lang='lat' dir='ltr'><strong>mode</strong></span> <span class='ocrx_word' id='word_1_84' title='bbox 723 1150 1030 1220; x_wconf 85' lang='lat' dir='ltr'><strong>religiosus.</strong></span> <span class='ocrx_word' id='word_1_85' title='bbox 1065 1149 1175 1203; x_wconf 84' lang='lat' dir='ltr'><strong>Etsi</strong></span> <span class='ocrx_word' id='word_1_86' title='bbox 1213 1148 1396 1219; x_wconf 85' lang='lat' dir='ltr'><strong>igitur,</strong></span> <span class='ocrx_word' id='word_1_87' title='bbox 1429 1163 1514 1201; x_wconf 90' lang='lat' dir='ltr'><strong>me</strong></span> <span class='ocrx_word' id='word_1_88' title='bbox 1546 1150 1596 1202; x_wconf 88' lang='lat' dir='ltr'><strong>id</strong></span> <span class='ocrx_word' id='word_1_89' title='bbox 1629 1149 1994 1218; x_wconf 80' lang='lat' dir='ltr'><strong>permittente,</strong></span> <span class='ocrx_word' id='word_1_90' title='bbox 2019 1166 2113 1205; x_wconf 79' lang='lat' dir='ltr'><strong>rex</strong></span> 
     </span>
    </p>
   </div>
   <div class='ocr_carea' id='block_1_14' title="bbox 539 1241 2114 1312">
    <p class='ocr_par' dir='ltr' id='par_1_14' title="bbox 539 1241 2114 1312">
     <span class='ocr_line' id='line_1_14' title="bbox 539 1241 2114 1312; baseline -0.001 -15"><span class='ocrx_word' id='word_1_91' title='bbox 539 1256 728 1297; x_wconf 84' lang='lat' dir='ltr'><strong>eorum</strong></span> <span class='ocrx_word' id='word_1_92' title='bbox 761 1244 813 1297; x_wconf 81' lang='lat' dir='ltr'><strong>in</strong></span> <span class='ocrx_word' id='word_1_93' title='bbox 852 1255 904 1297; x_wconf 87' lang='lat' dir='ltr'><strong>te</strong></span> <span class='ocrx_word' id='word_1_94' title='bbox 954 1243 1256 1310; x_wconf 84' lang='lat' dir='ltr'><strong>irrumpat,</strong></span> <span class='ocrx_word' id='word_1_95' title='bbox 1325 1248 1562 1295; x_wconf 84' lang='lat' dir='ltr'><strong>attamen</strong></span> <span class='ocrx_word' id='word_1_96' title='bbox 1610 1241 1676 1296; x_wconf 88' lang='lat' dir='ltr'><strong>ad</strong></span> <span class='ocrx_word' id='word_1_97' title='bbox 1719 1242 2114 1312; x_wconf 82' lang='lat' dir='ltr'><strong>eorreptiouem</strong></span> 
     </span>
    </p>
   </div>
   <div class='ocr_carea' id='block_1_15' title="bbox 540 1332 2115 1403">
    <p class='ocr_par' dir='ltr' id='par_1_15' title="bbox 540 1332 2115 1403">
     <span class='ocr_line' id='line_1_15' title="bbox 540 1332 2115 1403; baseline 0 -17"><span class='ocrx_word' id='word_1_98' title='bbox 540 1343 750 1387; x_wconf 88' lang='lat' dir='ltr'><strong>tantum</strong></span> <span class='ocrx_word' id='word_1_99' title='bbox 786 1335 936 1402; x_wconf 76' lang='lat' dir='ltr'><strong>virga</strong></span> <span class='ocrx_word' id='word_1_100' title='bbox 967 1335 1234 1401; x_wconf 88' lang='lat' dir='ltr'><strong>percutiet</strong></span> <span class='ocrx_word' id='word_1_101' title='bbox 1268 1341 1340 1397; x_wconf 89' lang='lat' dir='ltr'><strong>te,</strong></span> <span class='ocrx_word' id='word_1_102' title='bbox 1389 1347 1496 1386; x_wconf 91' lang='lat' dir='ltr'><strong>non</strong></span> <span class='ocrx_word' id='word_1_103' title='bbox 1545 1347 1668 1386; x_wconf 90' lang='lat' dir='ltr'><strong>cum</strong></span> <span class='ocrx_word' id='word_1_104' title='bbox 1713 1332 1908 1403; x_wconf 81' lang='lat' dir='ltr'><strong>gladiis</strong></span> <span class='ocrx_word' id='word_1_105' title='bbox 1936 1345 1991 1387; x_wconf 86' lang='lat' dir='ltr'><strong>et</strong></span> <span class='ocrx_word' id='word_1_106' title='bbox 2021 1333 2115 1386; x_wconf 91' lang='lat' dir='ltr'><strong>ha-</strong></span> 
     </span>
    </p>
   </div>
   <div class='ocr_carea' id='block_1_16' title="bbox 538 1419 2114 1491">
    <p class='ocr_par' dir='ltr' id='par_1_16' title="bbox 538 1419 2114 1491">
     <span class='ocr_line' id='line_1_16' title="bbox 538 1419 2114 1491; baseline 0 -15"><span class='ocrx_word' id='word_1_107' title='bbox 538 1423 638 1476; x_wconf 87' lang='lat' dir='ltr'><strong>stis</strong></span> <span class='ocrx_word' id='word_1_108' title='bbox 669 1422 864 1478; x_wconf 87' lang='lat' dir='ltr'><strong>bellico</strong></span> <span class='ocrx_word' id='word_1_109' title='bbox 897 1438 1046 1475; x_wconf 91' lang='lat' dir='ltr'><strong>more</strong></span> <span class='ocrx_word' id='word_1_110' title='bbox 1080 1422 1256 1476; x_wconf 88' lang='lat' dir='ltr'><strong>victor</strong></span> <span class='ocrx_word' id='word_1_111' title='bbox 1311 1423 1484 1474; x_wconf 87' lang='lat' dir='ltr'><strong>irruet</strong></span> <span class='ocrx_word' id='word_1_112' title='bbox 1535 1419 1587 1473; x_wconf 91' lang='lat' dir='ltr'><strong>in</strong></span> <span class='ocrx_word' id='word_1_113' title='bbox 1644 1429 1716 1474; x_wconf 91' lang='lat' dir='ltr'><strong>te.</strong></span> <span class='ocrx_word' id='word_1_114' title='bbox 1771 1421 1897 1476; x_wconf 72' lang='lat' dir='ltr'><strong>Hree</strong></span> <span class='ocrx_word' id='word_1_115' title='bbox 1952 1435 2114 1491; x_wconf 89' lang='lat' dir='ltr'><strong>porro</strong></span> 
     </span>
    </p>
   </div>
   <div class='ocr_carea' id='block_1_17' title="bbox 536 1509 2109 1581">
    <p class='ocr_par' dir='ltr' id='par_1_17' title="bbox 536 1509 2109 1581">
     <span class='ocr_line' id='line_1_17' title="bbox 536 1509 2109 1581; baseline -0.001 -17"><span class='ocrx_word' id='word_1_116' title='bbox 536 1511 708 1581; x_wconf 84' lang='lat' dir='ltr'><strong>virgis</strong></span> <span class='ocrx_word' id='word_1_117' title='bbox 741 1509 940 1564; x_wconf 82' lang='lat' dir='ltr'><strong>inflicta</strong></span> <span class='ocrx_word' id='word_1_118' title='bbox 972 1511 1065 1563; x_wconf 85' lang='lat' dir='ltr'><strong>tibi</strong></span> <span class='ocrx_word' id='word_1_119' title='bbox 1104 1510 1255 1580; x_wconf 86' lang='lat' dir='ltr'><strong>plaga</strong></span> <span class='ocrx_word' id='word_1_120' title='bbox 1294 1525 1400 1563; x_wconf 91' lang='lat' dir='ltr'><strong>non</strong></span> <span class='ocrx_word' id='word_1_121' title='bbox 1442 1518 1640 1577; x_wconf 72' lang='lat' dir='ltr'><strong>praeter</strong></span> <span class='ocrx_word' id='word_1_122' title='bbox 1677 1509 1940 1565; x_wconf 86' lang='lat' dir='ltr'><strong>rationem</strong></span> <span class='ocrx_word' id='word_1_123' title='bbox 1975 1511 2109 1564; x_wconf 88' lang='lat' dir='ltr'><strong>erit:</strong></span> 
     </span>
    </p>
   </div>
   <div class='ocr_carea' id='block_1_18' title="bbox 535 1603 2112 1672">
    <p class='ocr_par' dir='ltr' id='par_1_18' title="bbox 535 1603 2112 1672">
     <span class='ocr_line' id='line_1_18' title="bbox 535 1603 2112 1672; baseline -0.001 -13"><span class='ocrx_word' id='word_1_124' title='bbox 535 1619 758 1659; x_wconf 86' lang='lat' dir='ltr'><strong>causam</strong></span> <span class='ocrx_word' id='word_1_125' title='bbox 783 1603 981 1672; x_wconf 87' lang='lat' dir='ltr'><strong>quippe</strong></span> <span class='ocrx_word' id='word_1_126' title='bbox 1003 1618 1102 1656; x_wconf 91' lang='lat' dir='ltr'><strong>cur</strong></span> <span class='ocrx_word' id='word_1_127' title='bbox 1134 1603 1361 1672; x_wconf 85' lang='lat' dir='ltr'><strong>Assyrio</strong></span> <span class='ocrx_word' id='word_1_128' title='bbox 1387 1617 1705 1659; x_wconf 77' lang='lat' dir='ltr'><strong>concessum</strong></span> <span class='ocrx_word' id='word_1_129' title='bbox 1735 1603 1806 1657; x_wconf 91' lang='lat' dir='ltr'><strong>sit</strong></span> <span class='ocrx_word' id='word_1_130' title='bbox 1841 1611 1898 1655; x_wconf 93' lang='lat' dir='ltr'><strong>ut</strong></span> <span class='ocrx_word' id='word_1_131' title='bbox 1929 1604 2112 1657; x_wconf 85' lang='lat' dir='ltr'><strong>mode-</strong></span> 
     </span>
    </p>
   </div>
   <div class='ocr_carea' id='block_1_19' title="bbox 533 1693 2110 1765">
    <p class='ocr_par' dir='ltr' id='par_1_19' title="bbox 533 1693 2110 1765">
     <span class='ocr_line' id='line_1_19' title="bbox 533 1693 2110 1765; baseline -0.002 -16"><span class='ocrx_word' id='word_1_132' title='bbox 533 1705 650 1749; x_wconf 86' lang='lat' dir='ltr'><strong>rata</strong></span> <span class='ocrx_word' id='word_1_133' title='bbox 696 1706 747 1748; x_wconf 82' lang='lat' dir='ltr'><strong>te</strong></span> <span class='ocrx_word' id='word_1_134' title='bbox 801 1694 955 1764; x_wconf 84' lang='lat' dir='ltr'><strong>plaga</strong></span> <span class='ocrx_word' id='word_1_135' title='bbox 1013 1693 1241 1760; x_wconf 78' lang='lat' dir='ltr'><strong>alliciat,</strong></span> <span class='ocrx_word' id='word_1_136' title='bbox 1286 1711 1390 1749; x_wconf 91' lang='lat' dir='ltr'><strong>non</strong></span> <span class='ocrx_word' id='word_1_137' title='bbox 1442 1697 1659 1765; x_wconf 74' lang='lat' dir='ltr'><strong>ignores</strong></span> <span class='ocrx_word' id='word_1_138' title='bbox 1701 1693 2110 1764; x_wconf 81' lang='lat' dir='ltr'><strong>oportetzquia</strong></span> 
     </span>
    </p>
   </div>
   <div class='ocr_carea' id='block_1_20' title="bbox 2222 504 3800 580">
    <p class='ocr_par' dir='ltr' id='par_1_20' title="bbox 2222 504 3800 580">
     <span class='ocr_line' id='line_1_20' title="bbox 2222 504 3800 580; baseline -0.004 -18"><span class='ocrx_word' id='word_1_139' title='bbox 2222 509 2298 580; x_wconf 84' lang='grc' dir='ltr'>μὴ</span> <span class='ocrx_word' id='word_1_140' title='bbox 2341 508 2622 576; x_wconf 81' lang='grc' dir='ltr'>φοϐεῖσθαι</span> <span class='ocrx_word' id='word_1_141' title='bbox 2669 506 2794 570; x_wconf 78' lang='grc' dir='ltr'>τοὺς</span> <span class='ocrx_word' id='word_1_142' title='bbox 2835 507 3182 578; x_wconf 80' lang='grc' dir='ltr'>Ἀσσυρίουςο</span> <span class='ocrx_word' id='word_1_143' title='bbox 3216 504 3367 576; x_wconf 71' lang='grc' dir='ltr'>ἥξειν</span> <span class='ocrx_word' id='word_1_144' title='bbox 3401 505 3500 576; x_wconf 86' lang='grc' dir='ltr'><strong>μὲν</strong></span> <span class='ocrx_word' id='word_1_145' title='bbox 3540 506 3650 578; x_wconf 86' lang='grc' dir='ltr'><strong>γάρ</strong></span> <span class='ocrx_word' id='word_1_146' title='bbox 3700 508 3800 562; x_wconf 67' lang='grc' dir='ltr'><strong>καὶ</strong></span> 
     </span>
    </p>
   </div>
   <div class='ocr_carea' id='block_1_21' title="bbox 2219 598 3800 674">
    <p class='ocr_par' dir='ltr' id='par_1_21' title="bbox 2219 598 3800 674">
     <span class='ocr_line' id='line_1_21' title="bbox 2219 598 3800 674; baseline -0.001 -18"><span class='ocrx_word' id='word_1_147' title='bbox 2219 601 2667 674; x_wconf 67' lang='grc' dir='ltr'><strong>ἐπιστρατεύσειν</strong></span> <span class='ocrx_word' id='word_1_148' title='bbox 2713 598 2854 654; x_wconf 78' lang='grc' dir='ltr'>κατὰ</span> <span class='ocrx_word' id='word_1_149' title='bbox 2896 600 2996 670; x_wconf 77' lang='grc' dir='ltr'>τῆς</span> <span class='ocrx_word' id='word_1_150' title='bbox 3039 598 3392 670; x_wconf 84' lang='grc' dir='ltr'>Ἰερουσαλὴμ</span> <span class='ocrx_word' id='word_1_151' title='bbox 3450 599 3539 652; x_wconf 89' lang='grc' dir='ltr'><strong>τὸν</strong></span> <span class='ocrx_word' id='word_1_152' title='bbox 3589 600 3800 654; x_wconf 89' lang='grc' dir='ltr'>τούτων</span> 
     </span>
    </p>
   </div>
   <div class='ocr_carea' id='block_1_22' title="bbox 2221 691 3797 766">
    <p class='ocr_par' dir='ltr' id='par_1_22' title="bbox 2221 691 3797 766">
     <span class='ocr_line' id='line_1_22' title="bbox 2221 691 3797 766; baseline -0.003 -17"><span class='ocrx_word' id='word_1_153' title='bbox 2221 695 2465 766; x_wconf 81' lang='grc' dir='ltr'><strong>βασιλέα,</strong></span> <span class='ocrx_word' id='word_1_154' title='bbox 2496 695 2631 766; x_wconf 77' lang='grc' dir='ltr'>πρὸς</span> <span class='ocrx_word' id='word_1_155' title='bbox 2661 693 2722 745; x_wconf 85' lang='grc' dir='ltr'>τὸ</span> <span class='ocrx_word' id='word_1_156' title='bbox 2761 691 3018 765; x_wconf 81' lang='grc' dir='ltr'><strong>βραχείας</strong></span> <span class='ocrx_word' id='word_1_157' title='bbox 3053 691 3379 763; x_wconf 86' lang='grc' dir='ltr'>πειραθῆναι</span> <span class='ocrx_word' id='word_1_158' title='bbox 3411 692 3624 763; x_wconf 81' lang='grc' dir='ltr'><strong>πληγῆς</strong></span> <span class='ocrx_word' id='word_1_159' title='bbox 3665 695 3797 757; x_wconf 74' lang='grc' dir='ltr'>τοὺς</span> 
     </span>
    </p>
   </div>
   <div class='ocr_carea' id='block_1_23' title="bbox 2218 781 3795 856">
    <p class='ocr_par' dir='ltr' id='par_1_23' title="bbox 2218 781 3795 856">
     <span class='ocr_line' id='line_1_23' title="bbox 2218 781 3795 856; baseline -0.001 -20"><span class='ocrx_word' id='word_1_160' title='bbox 2218 785 2276 837; x_wconf 83' lang='grc' dir='ltr'><strong>ἐν</strong></span> <span class='ocrx_word' id='word_1_161' title='bbox 2318 785 2456 856; x_wconf 82' lang='grc' dir='ltr'>αύτῇ</span> <span class='ocrx_word' id='word_1_162' title='bbox 2499 783 2918 847; x_wconf 79' lang='grc' dir='ltr'>κατοικοῦντας,</span> <span class='ocrx_word' id='word_1_163' title='bbox 2967 782 3157 855; x_wconf 82' lang='grc' dir='ltr'>ὥσπερ</span> <span class='ocrx_word' id='word_1_164' title='bbox 3204 781 3386 854; x_wconf 73' lang='grc' dir='ltr'>ῥάϐδῳ</span> <span class='ocrx_word' id='word_1_165' title='bbox 3427 783 3753 854; x_wconf 82' lang='grc' dir='ltr'>παιομένους</span> <span class='ocrx_word' id='word_1_166' title='bbox 3778 799 3795 810; x_wconf 83' lang='grc'><strong>’</strong></span> 
     </span>
    </p>
   </div>
   <div class='ocr_carea' id='block_1_24' title="bbox 2218 875 3796 949">
    <p class='ocr_par' dir='ltr' id='par_1_24' title="bbox 2218 875 3796 949">
     <span class='ocr_line' id='line_1_24' title="bbox 2218 875 3796 949; baseline -0.003 -18"><span class='ocrx_word' id='word_1_167' title='bbox 2218 877 2498 949; x_wconf 81' lang='grc' dir='ltr'>ἄπρακτον</span> <span class='ocrx_word' id='word_1_168' title='bbox 2530 876 2587 929; x_wconf 80' lang='grc' dir='ltr'>δὲ</span> <span class='ocrx_word' id='word_1_169' title='bbox 2621 877 2782 931; x_wconf 76' lang='grc' dir='ltr'>αὑτὸν</span> <span class='ocrx_word' id='word_1_170' title='bbox 2815 876 3204 948; x_wconf 74' lang='grc' dir='ltr'>ὑποστρέψειν,</span> <span class='ocrx_word' id='word_1_171' title='bbox 3254 878 3397 947; x_wconf 76' lang='grc' dir='ltr'>φυγῇ</span> <span class='ocrx_word' id='word_1_172' title='bbox 3430 875 3796 946; x_wconf 81' lang='grc' dir='ltr'>χρησάμενον.</span> 
     </span>
    </p>
   </div>
   <div class='ocr_carea' id='block_1_25' title="bbox 2233 950 3822 1042">
    <p class='ocr_par' dir='ltr' id='par_1_25' title="bbox 2233 950 3822 1042">
     <span class='ocr_line' id='line_1_25' title="bbox 2233 950 3822 1042; baseline -0.003 -19"><span class='ocrx_word' id='word_1_173' title='bbox 2233 969 2561 1042; x_wconf 80' lang='grc' dir='ltr'>Ἐπληροῠτο</span> <span class='ocrx_word' id='word_1_174' title='bbox 2605 970 2660 1023; x_wconf 84' lang='grc' dir='ltr'>δὲ</span> <span class='ocrx_word' id='word_1_175' title='bbox 2713 971 2806 1023; x_wconf 79' lang='grc' dir='ltr'><strong>καὶ</strong></span> <span class='ocrx_word' id='word_1_176' title='bbox 2851 969 3024 1023; x_wconf 76' lang='grc' dir='ltr'>ταῦτα</span> <span class='ocrx_word' id='word_1_177' title='bbox 3049 970 3142 1022; x_wconf 72' lang='grc' dir='ltr'>ἐπὶ</span> <span class='ocrx_word' id='word_1_178' title='bbox 3181 969 3422 1033; x_wconf 73' lang='grc' dir='ltr'>Ἐζεκίου</span> <span class='ocrx_word' id='word_1_179' title='bbox 3470 966 3588 1021; x_wconf 79' lang='grc' dir='ltr'>υἱοῦ</span> <span class='ocrx_word' id='word_1_180' title='bbox 3629 950 3822 1037; x_wconf 51' lang='lat' dir='ltr'><strong>me:</strong></span> 
     </span>
    </p>
   </div>
   <div class='ocr_carea' id='block_1_26' title="bbox 2221 1057 3798 1132">
    <p class='ocr_par' dir='ltr' id='par_1_26' title="bbox 2221 1057 3798 1132">
     <span class='ocr_line' id='line_1_26' title="bbox 2221 1057 3798 1132; baseline -0.003 -18"><span class='ocrx_word' id='word_1_181' title='bbox 2221 1059 2593 1131; x_wconf 82' lang='grc' dir='ltr'>βασιλεύοντος</span> <span class='ocrx_word' id='word_1_182' title='bbox 2627 1063 2685 1114; x_wconf 87' lang='grc' dir='ltr'><strong>ἐν</strong></span> <span class='ocrx_word' id='word_1_183' title='bbox 2724 1059 3096 1132; x_wconf 86' lang='grc' dir='ltr'>Ἰερουσαλὴμ,</span> <span class='ocrx_word' id='word_1_184' title='bbox 3135 1059 3328 1131; x_wconf 80' lang='grc' dir='ltr'>ἀνδρὸς</span> <span class='ocrx_word' id='word_1_185' title='bbox 3377 1058 3700 1129; x_wconf 80' lang='grc' dir='ltr'>γενομένου,</span> <span class='ocrx_word' id='word_1_186' title='bbox 3733 1057 3798 1110; x_wconf 85' lang='grc' dir='ltr'><strong>οὐ</strong></span> 
     </span>
    </p>
   </div>
   <div class='ocr_carea' id='block_1_27' title="bbox 2220 1141 3800 1221">
    <p class='ocr_par' dir='ltr' id='par_1_27' title="bbox 2220 1141 3800 1221">
     <span class='ocr_line' id='line_1_27' title="bbox 2220 1141 3800 1221; baseline -0.003 -19"><span class='ocrx_word' id='word_1_187' title='bbox 2220 1149 2362 1203; x_wconf 84' lang='grc' dir='ltr'>κατὰ</span> <span class='ocrx_word' id='word_1_188' title='bbox 2411 1149 2502 1203; x_wconf 80' lang='grc' dir='ltr'><strong>τὸν</strong></span> <span class='ocrx_word' id='word_1_189' title='bbox 2543 1149 2779 1221; x_wconf 80' lang='grc' dir='ltr'>πατέρα,</span> <span class='ocrx_word' id='word_1_190' title='bbox 2818 1149 3026 1202; x_wconf 83' lang='grc' dir='ltr'>δικαίου</span> <span class='ocrx_word' id='word_1_191' title='bbox 3064 1148 3122 1201; x_wconf 84' lang='grc' dir='ltr'>δὲ</span> <span class='ocrx_word' id='word_1_192' title='bbox 3154 1141 3348 1212; x_wconf 74' lang='grc' dir='ltr'>άλλως,</span> <span class='ocrx_word' id='word_1_193' title='bbox 3375 1149 3470 1201; x_wconf 74' lang='grc' dir='ltr'><strong>καὶ</strong></span> <span class='ocrx_word' id='word_1_194' title='bbox 3515 1143 3800 1214; x_wconf 77' lang='grc' dir='ltr'>θεοφιλοῦς</span> 
     </span>
    </p>
   </div>
   <div class='ocr_carea' id='block_1_28' title="bbox 2217 1239 3795 1318">
    <p class='ocr_par' dir='ltr' id='par_1_28' title="bbox 2217 1239 3795 1318">
     <span class='ocr_line' id='line_1_28' title="bbox 2217 1239 3795 1318; baseline -0.002 -20"><span class='ocrx_word' id='word_1_195' title='bbox 2217 1246 2359 1300; x_wconf 84' lang='grc' dir='ltr'>κατά</span> <span class='ocrx_word' id='word_1_196' title='bbox 2392 1247 2568 1300; x_wconf 87' lang='grc' dir='ltr'>πάντα</span> <span class='ocrx_word' id='word_1_197' title='bbox 2592 1246 2812 1318; x_wconf 86' lang='grc' dir='ltr'>τρόπον.</span> <span class='ocrx_word' id='word_1_198' title='bbox 2849 1246 2912 1300; x_wconf 73' lang='lat' dir='ltr'><strong>Et</strong></span> <span class='ocrx_word' id='word_1_199' title='bbox 2938 1245 3030 1298; x_wconf 77' lang='grc' dir='ltr'><strong>καὶ</strong></span> <span class='ocrx_word' id='word_1_200' title='bbox 3060 1245 3129 1298; x_wconf 86' lang='grc' dir='ltr'>τὰ</span> <span class='ocrx_word' id='word_1_201' title='bbox 3164 1243 3400 1314; x_wconf 88' lang='grc' dir='ltr'>μάλιστα</span> <span class='ocrx_word' id='word_1_202' title='bbox 3436 1239 3558 1306; x_wconf 80' lang='grc' dir='ltr'>οὑν,</span> <span class='ocrx_word' id='word_1_203' title='bbox 3605 1240 3795 1313; x_wconf 74' lang='grc' dir='ltr'>φησὶν,</span> 
     </span>
    </p>
   </div>
   <div class='ocr_carea' id='block_1_29' title="bbox 2217 1334 3798 1409">
    <p class='ocr_par' dir='ltr' id='par_1_29' title="bbox 2217 1334 3798 1409">
     <span class='ocr_line' id='line_1_29' title="bbox 2217 1334 3798 1409; baseline -0.003 -19"><span class='ocrx_word' id='word_1_204' title='bbox 2217 1337 2350 1409; x_wconf 81' lang='grc' dir='ltr'>ἐμοῦ</span> <span class='ocrx_word' id='word_1_205' title='bbox 2388 1338 2792 1409; x_wconf 74' lang='grc' dir='ltr'>ἐπιτρέποντος,</span> <span class='ocrx_word' id='word_1_206' title='bbox 2830 1339 2923 1393; x_wconf 75' lang='grc' dir='ltr'><strong>καὶ</strong></span> <span class='ocrx_word' id='word_1_207' title='bbox 2951 1339 3008 1392; x_wconf 82' lang='grc' dir='ltr'><strong>ἐν</strong></span> <span class='ocrx_word' id='word_1_208' title='bbox 3044 1337 3124 1390; x_wconf 77' lang='grc' dir='ltr'>σοὶ</span> <span class='ocrx_word' id='word_1_209' title='bbox 3147 1335 3495 1390; x_wconf 78' lang='grc' dir='ltr'>ἐπελεύσεται</span> <span class='ocrx_word' id='word_1_210' title='bbox 3525 1335 3553 1386; x_wconf 86' lang='grc' dir='ltr'><strong>ό</strong></span> <span class='ocrx_word' id='word_1_211' title='bbox 3586 1334 3798 1388; x_wconf 89' lang='grc' dir='ltr'>τούτων</span> 
     </span>
    </p>
   </div>
   <div class='ocr_carea' id='block_1_30' title="bbox 2219 1424 3796 1510">
    <p class='ocr_par' dir='ltr' id='par_1_30' title="bbox 2219 1424 3796 1510">
     <span class='ocr_line' id='line_1_30' title="bbox 2219 1424 3796 1510; baseline -0.003 -20"><span class='ocrx_word' id='word_1_212' title='bbox 2219 1435 2493 1506; x_wconf 84' lang='grc' dir='ltr'>βασιλεὺς,</span> <span class='ocrx_word' id='word_1_213' title='bbox 2517 1439 2666 1508; x_wconf 85' lang='grc' dir='ltr'>ὅμως</span> <span class='ocrx_word' id='word_1_214' title='bbox 2691 1437 2748 1491; x_wconf 80' lang='grc' dir='ltr'><strong>ἐν</strong></span> <span class='ocrx_word' id='word_1_215' title='bbox 2797 1438 2975 1510; x_wconf 78' lang='grc' dir='ltr'>ῥάϐδῳ</span> <span class='ocrx_word' id='word_1_216' title='bbox 3005 1424 3399 1508; x_wconf 77' lang='grc' dir='ltr'>ἐπιστρεπτικῇ</span> <span class='ocrx_word' id='word_1_217' title='bbox 3446 1434 3678 1501; x_wconf 80' lang='grc' dir='ltr'>πατάξει</span> <span class='ocrx_word' id='word_1_218' title='bbox 3707 1451 3796 1496; x_wconf 84' lang='grc' dir='ltr'><strong>σε,</strong></span> 
     </span>
    </p>
   </div>
   <div class='ocr_carea' id='block_1_31' title="bbox 2217 1527 3797 1600">
    <p class='ocr_par' dir='ltr' id='par_1_31' title="bbox 2217 1527 3797 1600">
     <span class='ocr_line' id='line_1_31' title="bbox 2217 1527 3797 1600; baseline -0.004 -16"><span class='ocrx_word' id='word_1_219' title='bbox 2217 1529 2334 1584; x_wconf 83' lang='grc' dir='ltr'>ἀλλ’</span> <span class='ocrx_word' id='word_1_220' title='bbox 2366 1531 2427 1583; x_wconf 86' lang='grc' dir='ltr'><strong>οὑ</strong></span> <span class='ocrx_word' id='word_1_221' title='bbox 2461 1528 2689 1600; x_wconf 84' lang='grc' dir='ltr'>ξίφεσιν,</span> <span class='ocrx_word' id='word_1_222' title='bbox 2717 1529 2836 1582; x_wconf 82' lang='grc' dir='ltr'>οὑδὲ</span> <span class='ocrx_word' id='word_1_223' title='bbox 2861 1529 3049 1600; x_wconf 79' lang='grc' dir='ltr'>δόρασι</span> <span class='ocrx_word' id='word_1_224' title='bbox 3070 1528 3307 1599; x_wconf 83' lang='grc' dir='ltr'>πολέμου</span> <span class='ocrx_word' id='word_1_225' title='bbox 3338 1527 3488 1598; x_wconf 82' lang='grc' dir='ltr'>νόμῳ</span> <span class='ocrx_word' id='word_1_226' title='bbox 3512 1527 3797 1598; x_wconf 79' lang='grc' dir='ltr'>κρατήσας</span> 
     </span>
    </p>
   </div>
   <div class='ocr_carea' id='block_1_32' title="bbox 2215 1618 3797 1692">
    <p class='ocr_par' dir='ltr' id='par_1_32' title="bbox 2215 1618 3797 1692">
     <span class='ocr_line' id='line_1_32' title="bbox 2215 1618 3797 1692; baseline -0.004 -16"><span class='ocrx_word' id='word_1_227' title='bbox 2215 1622 2627 1687; x_wconf 85' lang='grc' dir='ltr'>ἐπεξελεύσεταί</span> <span class='ocrx_word' id='word_1_228' title='bbox 2667 1640 2769 1678; x_wconf 92' lang='grc' dir='ltr'>σοι.</span> <span class='ocrx_word' id='word_1_229' title='bbox 2811 1622 2921 1675; x_wconf 75' lang='grc' dir='ltr'><strong>Καὶ</strong></span> <span class='ocrx_word' id='word_1_230' title='bbox 2959 1620 3096 1691; x_wconf 73' lang='grc' dir='ltr'>αὕτη</span> <span class='ocrx_word' id='word_1_231' title='bbox 3131 1621 3187 1674; x_wconf 76' lang='grc' dir='ltr'>δὲ</span> <span class='ocrx_word' id='word_1_232' title='bbox 3221 1622 3255 1692; x_wconf 81' lang='grc' dir='ltr'>ἡ</span> <span class='ocrx_word' id='word_1_233' title='bbox 3293 1620 3378 1673; x_wconf 78' lang='grc' dir='ltr'>διὰ</span> <span class='ocrx_word' id='word_1_234' title='bbox 3410 1619 3605 1692; x_wconf 75' lang='grc' dir='ltr'>ῥάϐδου</span> <span class='ocrx_word' id='word_1_235' title='bbox 3649 1618 3797 1671; x_wconf 74' lang='grc' dir='ltr'>κατὰ</span> 
     </span>
    </p>
   </div>
   <div class='ocr_carea' id='block_1_33' title="bbox 2217 1703 3794 1781">
    <p class='ocr_par' dir='ltr' id='par_1_33' title="bbox 2217 1703 3794 1781">
     <span class='ocr_line' id='line_1_33' title="bbox 2217 1703 3794 1781; baseline -0.003 -17"><span class='ocrx_word' id='word_1_236' title='bbox 2217 1711 2312 1764; x_wconf 81' lang='grc' dir='ltr'>σοῦ</span> <span class='ocrx_word' id='word_1_237' title='bbox 2345 1710 2526 1781; x_wconf 81' lang='grc' dir='ltr'>πληγὴ</span> <span class='ocrx_word' id='word_1_238' title='bbox 2558 1711 2658 1763; x_wconf 84' lang='grc' dir='ltr'><strong>οὐκ</strong></span> <span class='ocrx_word' id='word_1_239' title='bbox 2687 1710 2838 1763; x_wconf 79' lang='grc' dir='ltr'>ἔσται</span> <span class='ocrx_word' id='word_1_240' title='bbox 2870 1703 3178 1781; x_wconf 69' lang='grc' dir='ltr'>παράλογος</span> <span class='ocrx_word' id='word_1_241' title='bbox 3197 1727 3210 1742; x_wconf 79' lang='grc'><em>’</em></span> <span class='ocrx_word' id='word_1_242' title='bbox 3250 1709 3312 1762; x_wconf 83' lang='grc' dir='ltr'><strong>τὸ</strong></span> <span class='ocrx_word' id='word_1_243' title='bbox 3341 1709 3450 1781; x_wconf 85' lang='grc' dir='ltr'>γὰρ</span> <span class='ocrx_word' id='word_1_244' title='bbox 3486 1710 3658 1762; x_wconf 71' lang='grc' dir='ltr'>αἴτιον</span> <span class='ocrx_word' id='word_1_245' title='bbox 3692 1707 3794 1761; x_wconf 77' lang='grc' dir='ltr'>τοῦ</span> 
     </span>
    </p>
   </div>
   <div class='ocr_carea' id='block_1_34' title="bbox 533 1773 2104 1874">
    <p class='ocr_par' dir='ltr' id='par_1_34' title="bbox 533 1782 2104 1854">
     <span class='ocr_line' id='line_1_34' title="bbox 533 1782 2104 1854; baseline -0.001 -16"><span class='ocrx_word' id='word_1_246' title='bbox 533 1787 676 1838; x_wconf 86' lang='lat' dir='ltr'><strong>enim</strong></span> <span class='ocrx_word' id='word_1_247' title='bbox 723 1785 823 1838; x_wconf 73' lang='lat' dir='ltr'><strong>via:</strong></span> <span class='ocrx_word' id='word_1_248' title='bbox 860 1785 910 1837; x_wconf 92' lang='lat' dir='ltr'><strong>in</strong></span> <span class='ocrx_word' id='word_1_249' title='bbox 943 1783 1238 1854; x_wconf 63' lang='lat' dir='ltr'><strong>Egyptum</strong></span> <span class='ocrx_word' id='word_1_250' title='bbox 1277 1785 1453 1838; x_wconf 91' lang='lat' dir='ltr'><strong>denuo</strong></span> <span class='ocrx_word' id='word_1_251' title='bbox 1483 1797 1533 1839; x_wconf 89' lang='lat' dir='ltr'><strong>te</strong></span> <span class='ocrx_word' id='word_1_252' title='bbox 1566 1784 1908 1846; x_wconf 87' lang='lat' dir='ltr'><strong>commisisti,</strong></span> <span class='ocrx_word' id='word_1_253' title='bbox 1940 1782 2104 1838; x_wconf 89' lang='lat' dir='ltr'><strong>idolo-</strong></span> 
     </span>
    </p>
   </div>
   <div class='ocr_carea' id='block_1_35' title="bbox 2207 1773 3793 1874">
    <p class='ocr_par' dir='ltr' id='par_1_35' title="bbox 2215 1773 3793 1874">
     <span class='ocr_line' id='line_1_35' title="bbox 2215 1773 3793 1874; baseline -0.001 -20"><span class='ocrx_word' id='word_1_254' title='bbox 2215 1773 2635 1874; x_wconf 62' lang='grc' dir='ltr'>συγχωρηθῆναι</span> <span class='ocrx_word' id='word_1_255' title='bbox 2693 1803 2782 1856; x_wconf 86' lang='grc' dir='ltr'><strong>τὸν</strong></span> <span class='ocrx_word' id='word_1_256' title='bbox 2847 1773 3130 1874; x_wconf 74' lang='grc' dir='ltr'>Ἀσσύριον</span> <span class='ocrx_word' id='word_1_257' title='bbox 3199 1773 3542 1874; x_wconf 72' lang='grc' dir='ltr'>πεπεισμένη</span> <span class='ocrx_word' id='word_1_258' title='bbox 3605 1799 3793 1870; x_wconf 83' lang='grc' dir='ltr'>πληγῇ</span> 
     </span>
    </p>
   </div>
   <div class='ocr_carea' id='block_1_36' title="bbox 534 1875 2108 1946">
    <p class='ocr_par' dir='ltr' id='par_1_36' title="bbox 534 1875 2108 1946">
     <span class='ocr_line' id='line_1_36' title="bbox 534 1875 2108 1946; baseline 0 -18"><span class='ocrx_word' id='word_1_259' title='bbox 534 1877 702 1929; x_wconf 69' lang='lat' dir='ltr'><strong>iatrize</strong></span> <span class='ocrx_word' id='word_1_260' title='bbox 750 1876 953 1930; x_wconf 86' lang='lat' dir='ltr'><strong>Achazi</strong></span> <span class='ocrx_word' id='word_1_261' title='bbox 1011 1885 1271 1946; x_wconf 70' lang='lat' dir='ltr'><strong>tempore</strong></span> <span class='ocrx_word' id='word_1_262' title='bbox 1297 1875 1544 1939; x_wconf 88' lang='lat' dir='ltr'><strong>deditus;</strong></span> <span class='ocrx_word' id='word_1_263' title='bbox 1579 1877 1699 1931; x_wconf 89' lang='lat' dir='ltr'><strong>ideo</strong></span> <span class='ocrx_word' id='word_1_264' title='bbox 1755 1890 1851 1929; x_wconf 89' lang='lat' dir='ltr'><strong>vos</strong></span> <span class='ocrx_word' id='word_1_265' title='bbox 1901 1875 2108 1946; x_wconf 78' lang='lat' dir='ltr'><strong>Assyrii</strong></span> 
     </span>
    </p>
   </div>
   <div class='ocr_carea' id='block_1_37' title="bbox 532 1966 2112 2035">
    <p class='ocr_par' dir='ltr' id='par_1_37' title="bbox 532 1966 2112 2035">
     <span class='ocr_line' id='line_1_37' title="bbox 532 1966 2112 2035; baseline 0.004 -21"><span class='ocrx_word' id='word_1_266' title='bbox 532 1966 694 2035; x_wconf 68' lang='lat' dir='ltr'><strong>virgae</strong></span> <span class='ocrx_word' id='word_1_267' title='bbox 725 1966 944 2029; x_wconf 87' lang='lat' dir='ltr'><strong>tradidi,</strong></span> <span class='ocrx_word' id='word_1_268' title='bbox 979 1975 1035 2020; x_wconf 93' lang='lat' dir='ltr'><strong>ut</strong></span> <span class='ocrx_word' id='word_1_269' title='bbox 1083 1968 1150 2020; x_wconf 91' lang='lat' dir='ltr'><strong>ad</strong></span> <span class='ocrx_word' id='word_1_270' title='bbox 1191 1982 1381 2021; x_wconf 81' lang='lat' dir='ltr'><strong>sanam</strong></span> <span class='ocrx_word' id='word_1_271' title='bbox 1431 1976 1668 2020; x_wconf 88' lang='lat' dir='ltr'><strong>mentem</strong></span> <span class='ocrx_word' id='word_1_272' title='bbox 1711 1976 1766 2020; x_wconf 91' lang='lat' dir='ltr'><strong>et</strong></span> <span class='ocrx_word' id='word_1_273' title='bbox 1799 1969 2112 2020; x_wconf 88' lang='lat' dir='ltr'><strong>conversio-</strong></span> 
     </span>
    </p>
   </div>
   <div class='ocr_carea' id='block_1_38' title="bbox 533 2057 1014 2110">
    <p class='ocr_par' dir='ltr' id='par_1_38' title="bbox 533 2057 1014 2110">
     <span class='ocr_line' id='line_1_38' title="bbox 533 2057 1014 2110; baseline -0.004 -2"><span class='ocrx_word' id='word_1_274' title='bbox 533 2071 652 2108; x_wconf 90' lang='lat' dir='ltr'><strong>nem</strong></span> <span class='ocrx_word' id='word_1_275' title='bbox 685 2057 1014 2110; x_wconf 87' lang='lat' dir='ltr'><strong>reducerem.</strong></span> 
     </span>
    </p>
   </div>
   <div class='ocr_carea' id='block_1_39' title="bbox 600 2365 2106 2438">
    <p class='ocr_par' dir='ltr' id='par_1_39' title="bbox 600 2365 2106 2438">
     <span class='ocr_line' id='line_1_39' title="bbox 600 2365 2106 2438; baseline 0.001 -20"><span class='ocrx_word' id='word_1_276' title='bbox 600 2365 764 2420; x_wconf 63' lang='grc' dir='ltr'>νεεδ.</span> <span class='ocrx_word' id='word_1_277' title='bbox 793 2366 883 2431; x_wconf 71' lang='grc'><strong>23,</strong></span> <span class='ocrx_word' id='word_1_278' title='bbox 919 2366 1008 2421; x_wconf 70' lang='grc'><strong>26.</strong></span> <span class='ocrx_word' id='word_1_279' title='bbox 1052 2387 1069 2418; x_wconf 73' lang='grc' dir='ltr'><strong>ι</strong></span> <span class='ocrx_word' id='word_1_280' title='bbox 1096 2367 1286 2423; x_wconf 76' lang='lat' dir='ltr'><strong>Adhuc</strong></span> <span class='ocrx_word' id='word_1_281' title='bbox 1315 2369 1459 2423; x_wconf 90' lang='lat' dir='ltr'><strong>enim</strong></span> <span class='ocrx_word' id='word_1_282' title='bbox 1522 2368 1820 2438; x_wconf 84' lang='lat' dir='ltr'><strong>paululum.</strong></span> <span class='ocrx_word' id='word_1_283' title='bbox 1845 2377 1897 2423; x_wconf 90' lang='lat' dir='ltr'><strong>et</strong></span> <span class='ocrx_word' id='word_1_284' title='bbox 1922 2384 2106 2424; x_wconf 82' lang='lat' dir='ltr'><strong>cessa-</strong></span> 
     </span>
    </p>
   </div>
   <div class='ocr_carea' id='block_1_40' title="bbox 529 2457 2102 2530">
    <p class='ocr_par' dir='ltr' id='par_1_40' title="bbox 529 2457 2102 2530">
     <span class='ocr_line' id='line_1_40' title="bbox 529 2457 2102 2530; baseline 0 -18"><span class='ocrx_word' id='word_1_285' title='bbox 529 2457 610 2512; x_wconf 86' lang='lat' dir='ltr'><strong>bit</strong></span> <span class='ocrx_word' id='word_1_286' title='bbox 642 2459 720 2511; x_wconf 81' lang='lat' dir='ltr'><strong>ira</strong></span> <span class='ocrx_word' id='word_1_287' title='bbox 751 2475 764 2511; x_wconf 91' lang='lat'><strong>:</strong></span> <span class='ocrx_word' id='word_1_288' title='bbox 795 2458 950 2512; x_wconf 89' lang='lat' dir='ltr'><strong>furor</strong></span> <span class='ocrx_word' id='word_1_289' title='bbox 989 2469 1168 2513; x_wconf 85' lang='lat' dir='ltr'><strong>autem</strong></span> <span class='ocrx_word' id='word_1_290' title='bbox 1207 2477 1358 2514; x_wconf 86' lang='lat' dir='ltr'><strong>meus</strong></span> <span class='ocrx_word' id='word_1_291' title='bbox 1386 2475 1547 2530; x_wconf 85' lang='lat' dir='ltr'><strong>super</strong></span> <span class='ocrx_word' id='word_1_292' title='bbox 1577 2459 1860 2514; x_wconf 90' lang='lat' dir='ltr'><strong>consilium</strong></span> <span class='ocrx_word' id='word_1_293' title='bbox 1895 2475 2102 2514; x_wconf 91' lang='lat' dir='ltr'><strong>eorum.</strong></span> 
     </span>
    </p>
   </div>
   <div class='ocr_carea' id='block_1_41' title="bbox 525 2548 2104 2622">
    <p class='ocr_par' dir='ltr' id='par_1_41' title="bbox 525 2548 2104 2622">
     <span class='ocr_line' id='line_1_41' title="bbox 525 2548 2104 2622; baseline -0.001 -16"><span class='ocrx_word' id='word_1_294' title='bbox 525 2548 593 2606; x_wconf 81' lang='lat' dir='ltr'><strong>Et</strong></span> <span class='ocrx_word' id='word_1_295' title='bbox 643 2553 926 2606; x_wconf 91' lang='lat' dir='ltr'><strong>suscitabit</strong></span> <span class='ocrx_word' id='word_1_296' title='bbox 981 2552 1120 2606; x_wconf 87' lang='lat' dir='ltr'><strong>Deus</strong></span> <span class='ocrx_word' id='word_1_297' title='bbox 1178 2569 1340 2622; x_wconf 90' lang='lat' dir='ltr'><strong>super</strong></span> <span class='ocrx_word' id='word_1_298' title='bbox 1390 2568 1483 2606; x_wconf 90' lang='lat' dir='ltr'><strong>eos</strong></span> <span class='ocrx_word' id='word_1_299' title='bbox 1539 2554 1835 2607; x_wconf 85' lang='lat' dir='ltr'><strong>secundum</strong></span> <span class='ocrx_word' id='word_1_300' title='bbox 1891 2553 2104 2622; x_wconf 83' lang='lat' dir='ltr'><strong>plagam</strong></span> 
     </span>
    </p>
   </div>
   <div class='ocr_carea' id='block_1_42' title="bbox 527 2646 2103 2718">
    <p class='ocr_par' dir='ltr' id='par_1_42' title="bbox 527 2646 2103 2718">
     <span class='ocr_line' id='line_1_42' title="bbox 527 2646 2103 2718; baseline 0.001 -18"><span class='ocrx_word' id='word_1_301' title='bbox 527 2646 759 2701; x_wconf 81' lang='lat' dir='ltr'><strong>Madiam</strong></span> <span class='ocrx_word' id='word_1_302' title='bbox 800 2651 850 2702; x_wconf 92' lang='lat' dir='ltr'><strong>in</strong></span> <span class='ocrx_word' id='word_1_303' title='bbox 879 2649 996 2702; x_wconf 84' lang='lat' dir='ltr'><strong>loco</strong></span> <span class='ocrx_word' id='word_1_304' title='bbox 1033 2648 1394 2703; x_wconf 87' lang='lat' dir='ltr'><strong>tribulationis</strong></span> <span class='ocrx_word' id='word_1_305' title='bbox 1425 2667 1437 2700; x_wconf 91' lang='lat'>:</span> <span class='ocrx_word' id='word_1_306' title='bbox 1464 2659 1518 2702; x_wconf 91' lang='lat' dir='ltr'><strong>et</strong></span> <span class='ocrx_word' id='word_1_307' title='bbox 1552 2647 1703 2702; x_wconf 85' lang='lat' dir='ltr'><strong>furor</strong></span> <span class='ocrx_word' id='word_1_308' title='bbox 1729 2647 1846 2718; x_wconf 87' lang='lat' dir='ltr'><strong>ejus</strong></span> <span class='ocrx_word' id='word_1_309' title='bbox 1871 2648 1924 2702; x_wconf 91' lang='lat' dir='ltr'><strong>in</strong></span> <span class='ocrx_word' id='word_1_310' title='bbox 1963 2650 2103 2702; x_wconf 89' lang='lat' dir='ltr'><strong>viam</strong></span> 
     </span>
    </p>
   </div>
   <div class='ocr_carea' id='block_1_43' title="bbox 522 2738 2101 2810">
    <p class='ocr_par' dir='ltr' id='par_1_43' title="bbox 522 2738 2101 2810">
     <span class='ocr_line' id='line_1_43' title="bbox 522 2738 2101 2810; baseline 0 -18"><span class='ocrx_word' id='word_1_311' title='bbox 522 2740 591 2792; x_wconf 90' lang='lat' dir='ltr'><strong>ad</strong></span> <span class='ocrx_word' id='word_1_312' title='bbox 631 2754 802 2803; x_wconf 88' lang='lat' dir='ltr'><strong>mare,</strong></span> <span class='ocrx_word' id='word_1_313' title='bbox 837 2742 888 2794; x_wconf 91' lang='lat' dir='ltr'><strong>in</strong></span> <span class='ocrx_word' id='word_1_314' title='bbox 929 2741 1070 2792; x_wconf 77' lang='lat' dir='ltr'><strong>viain</strong></span> <span class='ocrx_word' id='word_1_315' title='bbox 1123 2739 1361 2810; x_wconf 64' lang='lat' dir='ltr'><strong>Egypti.</strong></span> <span class='ocrx_word' id='word_1_316' title='bbox 1395 2757 1414 2790; x_wconf 74' lang='grc' dir='ltr'><strong>ι</strong></span> <span class='ocrx_word' id='word_1_317' title='bbox 1453 2738 1508 2793; x_wconf 90' lang='lat' dir='ltr'><strong>Si</strong></span> <span class='ocrx_word' id='word_1_318' title='bbox 1545 2739 1764 2807; x_wconf 86' lang='lat' dir='ltr'><strong>quidem</strong></span> <span class='ocrx_word' id='word_1_319' title='bbox 1797 2738 1950 2792; x_wconf 82' lang='lat' dir='ltr'><strong>vobis</strong></span> <span class='ocrx_word' id='word_1_320' title='bbox 1980 2755 2101 2793; x_wconf 88' lang='lat' dir='ltr'><strong>cum</strong></span> 
     </span>
    </p>
   </div>
   <div class='ocr_carea' id='block_1_44' title="bbox 530 2826 2104 2899">
    <p class='ocr_par' dir='ltr' id='par_1_44' title="bbox 530 2826 2104 2899">
     <span class='ocr_line' id='line_1_44' title="bbox 530 2826 2104 2899; baseline -0.001 -16"><span class='ocrx_word' id='word_1_321' title='bbox 530 2845 656 2899; x_wconf 85' lang='lat' dir='ltr'><strong>rege</strong></span> <span class='ocrx_word' id='word_1_322' title='bbox 690 2841 871 2884; x_wconf 87' lang='lat' dir='ltr'><strong>vestro</strong></span> <span class='ocrx_word' id='word_1_323' title='bbox 900 2829 1128 2882; x_wconf 83' lang='lat' dir='ltr'><strong>Ezechia</strong></span> <span class='ocrx_word' id='word_1_324' title='bbox 1161 2830 1227 2882; x_wconf 86' lang='lat' dir='ltr'><strong>ad</strong></span> <span class='ocrx_word' id='word_1_325' title='bbox 1269 2829 1546 2882; x_wconf 91' lang='lat' dir='ltr'><strong>meliorem</strong></span> <span class='ocrx_word' id='word_1_326' title='bbox 1580 2826 1791 2897; x_wconf 84' lang='lat' dir='ltr'><strong>frugem</strong></span> <span class='ocrx_word' id='word_1_327' title='bbox 1827 2838 2104 2882; x_wconf 86' lang='lat' dir='ltr'><strong>reverten-</strong></span> 
     </span>
    </p>
   </div>
   <div class='ocr_carea' id='block_1_45' title="bbox 533 2917 2103 2988">
    <p class='ocr_par' dir='ltr' id='par_1_45' title="bbox 533 2917 2103 2988">
     <span class='ocr_line' id='line_1_45' title="bbox 533 2917 2103 2988; baseline 0.001 -16"><span class='ocrx_word' id='word_1_328' title='bbox 533 2922 698 2984; x_wconf 84' lang='lat' dir='ltr'><strong>tibus,</strong></span> <span class='ocrx_word' id='word_1_329' title='bbox 727 2935 792 2974; x_wconf 88' lang='lat' dir='ltr'><strong>ac</strong></span> <span class='ocrx_word' id='word_1_330' title='bbox 824 2919 991 2972; x_wconf 89' lang='lat' dir='ltr'><strong>Deum</strong></span> <span class='ocrx_word' id='word_1_331' title='bbox 1023 2918 1462 2986; x_wconf 83' lang='lat' dir='ltr'><strong>agnoscentibus,</strong></span> <span class='ocrx_word' id='word_1_332' title='bbox 1491 2917 1788 2988; x_wconf 87' lang='lat' dir='ltr'><strong>indignatio</strong></span> <span class='ocrx_word' id='word_1_333' title='bbox 1827 2932 1944 2971; x_wconf 89' lang='lat' dir='ltr'><strong>mea</strong></span> <span class='ocrx_word' id='word_1_334' title='bbox 1972 2934 2103 2973; x_wconf 89' lang='lat' dir='ltr'><strong>con-</strong></span> 
     </span>
    </p>
   </div>
   <div class='ocr_carea' id='block_1_46' title="bbox 530 3005 2098 3064">
    <p class='ocr_par' dir='ltr' id='par_1_46' title="bbox 530 3005 2098 3064">
     <span class='ocr_line' id='line_1_46' title="bbox 530 3005 2098 3064; baseline -0.001 0"><span class='ocrx_word' id='word_1_335' title='bbox 530 3023 610 3064; x_wconf 89' lang='lat' dir='ltr'><strong>tra</strong></span> <span class='ocrx_word' id='word_1_336' title='bbox 649 3025 745 3064; x_wconf 90' lang='lat' dir='ltr'><strong>vos</strong></span> <span class='ocrx_word' id='word_1_337' title='bbox 780 3023 1008 3062; x_wconf 85' lang='lat' dir='ltr'><strong>accensa</strong></span> <span class='ocrx_word' id='word_1_338' title='bbox 1057 3005 1331 3062; x_wconf 88' lang='lat' dir='ltr'><strong>cessabit:</strong></span> <span class='ocrx_word' id='word_1_339' title='bbox 1362 3022 1444 3061; x_wconf 89' lang='lat' dir='ltr'><strong>me</strong></span> <span class='ocrx_word' id='word_1_340' title='bbox 1474 3017 1652 3061; x_wconf 89' lang='lat' dir='ltr'><strong>autem</strong></span> <span class='ocrx_word' id='word_1_341' title='bbox 1694 3017 1892 3062; x_wconf 75' lang='lat' dir='ltr'><strong>vestra:</strong></span> <span class='ocrx_word' id='word_1_342' title='bbox 1937 3009 2098 3063; x_wconf 78' lang='lat' dir='ltr'><strong>saluti</strong></span> 
     </span>
    </p>
   </div>
   <div class='ocr_carea' id='block_1_47' title="bbox 530 3099 2174 3198">
    <p class='ocr_par' dir='ltr' id='par_1_47' title="bbox 530 3099 2174 3198">
     <span class='ocr_line' id='line_1_47' title="bbox 530 3099 2174 3198; baseline 0.001 -45"><span class='ocrx_word' id='word_1_343' title='bbox 530 3101 926 3169; x_wconf 83' lang='lat' dir='ltr'><strong>patrocinante,</strong></span> <span class='ocrx_word' id='word_1_344' title='bbox 967 3100 1222 3169; x_wconf 78' lang='lat' dir='ltr'><strong>Assyrius</strong></span> <span class='ocrx_word' id='word_1_345' title='bbox 1261 3099 1491 3167; x_wconf 88' lang='lat' dir='ltr'><strong>turpiter</strong></span> <span class='ocrx_word' id='word_1_346' title='bbox 1521 3113 1619 3168; x_wconf 87' lang='lat' dir='ltr'><strong>per</strong></span> <span class='ocrx_word' id='word_1_347' title='bbox 1649 3108 1886 3154; x_wconf 78' lang='lat' dir='ltr'><strong>vestram</strong></span> <span class='ocrx_word' id='word_1_348' title='bbox 1921 3103 2098 3172; x_wconf 88' lang='lat' dir='ltr'><strong>regio-</strong></span> <span class='ocrx_word' id='word_1_349' title='bbox 2129 3136 2174 3198; x_wconf 66' lang='grc' dir='ltr'><strong>ϐ</strong></span> 
     </span>
    </p>
   </div>
   <div class='ocr_carea' id='block_1_48' title="bbox 527 3190 2100 3259">
    <p class='ocr_par' dir='ltr' id='par_1_48' title="bbox 527 3190 2100 3259">
     <span class='ocr_line' id='line_1_48' title="bbox 527 3190 2100 3259; baseline 0.003 -17"><span class='ocrx_word' id='word_1_350' title='bbox 527 3208 672 3256; x_wconf 80' lang='lat' dir='ltr'><strong>netu,</strong></span> <span class='ocrx_word' id='word_1_351' title='bbox 704 3205 908 3259; x_wconf 86' lang='lat' dir='ltr'><strong>perque</strong></span> <span class='ocrx_word' id='word_1_352' title='bbox 948 3202 1160 3244; x_wconf 69' lang='lat' dir='ltr'><strong>vestras</strong></span> <span class='ocrx_word' id='word_1_353' title='bbox 1203 3191 1366 3244; x_wconf 87' lang='lat' dir='ltr'><strong>urbes</strong></span> <span class='ocrx_word' id='word_1_354' title='bbox 1399 3190 1588 3258; x_wconf 85' lang='lat' dir='ltr'><strong>fugiet,</strong></span> <span class='ocrx_word' id='word_1_355' title='bbox 1628 3207 1658 3244; x_wconf 91' lang='lat' dir='ltr'><strong>a</strong></span> <span class='ocrx_word' id='word_1_356' title='bbox 1689 3191 1809 3247; x_wconf 89' lang='lat' dir='ltr'><strong>loco</strong></span> <span class='ocrx_word' id='word_1_357' title='bbox 1842 3193 1894 3246; x_wconf 92' lang='lat' dir='ltr'><strong>in</strong></span> <span class='ocrx_word' id='word_1_358' title='bbox 1924 3192 2100 3248; x_wconf 70' lang='lat' dir='ltr'><strong>locum</strong></span> 
     </span>
    </p>
   </div>
   <div class='ocr_carea' id='block_1_49' title="bbox 520 3283 1162 3352">
    <p class='ocr_par' dir='ltr' id='par_1_49' title="bbox 520 3283 1162 3352">
     <span class='ocr_line' id='line_1_49' title="bbox 520 3283 1162 3352; baseline 0 -16"><span class='ocrx_word' id='word_1_359' title='bbox 520 3297 644 3338; x_wconf 85' lang='lat' dir='ltr'><strong>sese</strong></span> <span class='ocrx_word' id='word_1_360' title='bbox 677 3284 799 3352; x_wconf 79' lang='lat' dir='ltr'><strong>fuga</strong></span> <span class='ocrx_word' id='word_1_361' title='bbox 836 3283 1162 3336; x_wconf 80' lang='lat' dir='ltr'><strong>Subducens.</strong></span> 
     </span>
    </p>
   </div>
   <div class='ocr_carea' id='block_1_50' title="bbox 596 3397 2100 3472">
    <p class='ocr_par' dir='ltr' id='par_1_50' title="bbox 596 3397 2100 3472">
     <span class='ocr_line' id='line_1_50' title="bbox 596 3397 2100 3472; baseline 0.001 -19"><span class='ocrx_word' id='word_1_362' title='bbox 596 3399 760 3453; x_wconf 70' lang='lat' dir='ltr'><strong>Vens.</strong></span> <span class='ocrx_word' id='word_1_363' title='bbox 789 3397 976 3452; x_wconf 71' lang='lat'><strong>27-55.</strong></span> <span class='ocrx_word' id='word_1_364' title='bbox 997 3397 1092 3450; x_wconf 70' lang='lat' dir='ltr'><strong>«Et</strong></span> <span class='ocrx_word' id='word_1_365' title='bbox 1126 3399 1230 3452; x_wconf 91' lang='lat' dir='ltr'><strong>erit</strong></span> <span class='ocrx_word' id='word_1_366' title='bbox 1255 3398 1306 3451; x_wconf 91' lang='lat' dir='ltr'><strong>in</strong></span> <span class='ocrx_word' id='word_1_367' title='bbox 1340 3399 1425 3452; x_wconf 90' lang='lat' dir='ltr'><strong>die</strong></span> <span class='ocrx_word' id='word_1_368' title='bbox 1459 3398 1545 3453; x_wconf 88' lang='lat' dir='ltr'><strong>illa</strong></span> <span class='ocrx_word' id='word_1_369' title='bbox 1577 3399 1888 3456; x_wconf 89' lang='lat' dir='ltr'><strong>:auferetur</strong></span> <span class='ocrx_word' id='word_1_370' title='bbox 1910 3401 2100 3472; x_wconf 73' lang='lat' dir='ltr'><strong>jngnsu</strong></span> 
     </span>
    </p>
   </div>
   <div class='ocr_carea' id='block_1_51' title="bbox 517 3494 2103 3564">
    <p class='ocr_par' dir='ltr' id='par_1_51' title="bbox 517 3494 2103 3564">
     <span class='ocr_line' id='line_1_51' title="bbox 517 3494 2103 3564; baseline -0.001 -14"><span class='ocrx_word' id='word_1_371' title='bbox 517 3498 638 3564; x_wconf 85' lang='lat' dir='ltr'><strong>ejus</strong></span> <span class='ocrx_word' id='word_1_372' title='bbox 662 3496 731 3550; x_wconf 86' lang='lat' dir='ltr'><strong>ab</strong></span> <span class='ocrx_word' id='word_1_373' title='bbox 773 3497 997 3549; x_wconf 87' lang='lat' dir='ltr'><strong>lnnnero</strong></span> <span class='ocrx_word' id='word_1_374' title='bbox 1023 3503 1134 3559; x_wconf 80' lang='lat' dir='ltr'><strong>tuo,</strong></span> <span class='ocrx_word' id='word_1_375' title='bbox 1162 3505 1215 3547; x_wconf 89' lang='lat' dir='ltr'><strong>et</strong></span> <span class='ocrx_word' id='word_1_376' title='bbox 1251 3494 1411 3548; x_wconf 91' lang='lat' dir='ltr'><strong>timor</strong></span> <span class='ocrx_word' id='word_1_377' title='bbox 1441 3494 1558 3564; x_wconf 88' lang='lat' dir='ltr'><strong>ejus</strong></span> <span class='ocrx_word' id='word_1_378' title='bbox 1583 3511 1744 3564; x_wconf 88' lang='lat' dir='ltr'><strong>super</strong></span> <span class='ocrx_word' id='word_1_379' title='bbox 1782 3505 1852 3561; x_wconf 88' lang='lat' dir='ltr'><strong>te,</strong></span> <span class='ocrx_word' id='word_1_380' title='bbox 1889 3507 1942 3548; x_wconf 90' lang='lat' dir='ltr'><strong>et</strong></span> <span class='ocrx_word' id='word_1_381' title='bbox 1978 3511 2103 3550; x_wconf 80' lang='lat' dir='ltr'><strong>eur-</strong></span> 
     </span>
    </p>
   </div>
   <div class='ocr_carea' id='block_1_52' title="bbox 519 3586 2098 3658">
    <p class='ocr_par' dir='ltr' id='par_1_52' title="bbox 519 3586 2098 3658">
     <span class='ocr_line' id='line_1_52' title="bbox 519 3586 2098 3658; baseline -0.001 -14"><span class='ocrx_word' id='word_1_382' title='bbox 519 3601 804 3658; x_wconf 86' lang='lat' dir='ltr'><strong>rumpetur</strong></span> <span class='ocrx_word' id='word_1_383' title='bbox 843 3587 1029 3658; x_wconf 88' lang='lat' dir='ltr'><strong>jngum</strong></span> <span class='ocrx_word' id='word_1_384' title='bbox 1080 3587 1148 3640; x_wconf 89' lang='lat' dir='ltr'><strong>ab</strong></span> <span class='ocrx_word' id='word_1_385' title='bbox 1189 3587 1434 3641; x_wconf 87' lang='lat' dir='ltr'><strong>hmneris</strong></span> <span class='ocrx_word' id='word_1_386' title='bbox 1479 3588 1698 3642; x_wconf 79' lang='lat' dir='ltr'><strong>vestris.</strong></span> <span class='ocrx_word' id='word_1_387' title='bbox 1734 3586 1926 3642; x_wconf 78' lang='lat' dir='ltr'><strong>Veniet</strong></span> <span class='ocrx_word' id='word_1_388' title='bbox 1954 3589 2098 3643; x_wconf 89' lang='lat' dir='ltr'><strong>euint</strong></span> 
     </span>
    </p>
   </div>
   <div class='ocr_carea' id='block_1_53' title="bbox 522 3679 2098 3752">
    <p class='ocr_par' dir='ltr' id='par_1_53' title="bbox 522 3679 2098 3752">
     <span class='ocr_line' id='line_1_53' title="bbox 522 3679 2098 3752; baseline -0.001 -16"><span class='ocrx_word' id='word_1_389' title='bbox 522 3685 576 3736; x_wconf 90' lang='lat' dir='ltr'><strong>in</strong></span> <span class='ocrx_word' id='word_1_390' title='bbox 614 3684 886 3736; x_wconf 80' lang='lat' dir='ltr'><strong>civitatem</strong></span> <span class='ocrx_word' id='word_1_391' title='bbox 918 3682 1108 3752; x_wconf 74' lang='lat' dir='ltr'><strong>Angzr,</strong></span> <span class='ocrx_word' id='word_1_392' title='bbox 1161 3689 1216 3734; x_wconf 88' lang='lat' dir='ltr'><strong>et</strong></span> <span class='ocrx_word' id='word_1_393' title='bbox 1251 3679 1507 3733; x_wconf 86' lang='lat' dir='ltr'><strong>transibit</strong></span> <span class='ocrx_word' id='word_1_394' title='bbox 1548 3680 1601 3734; x_wconf 89' lang='lat' dir='ltr'><strong>in</strong></span> <span class='ocrx_word' id='word_1_395' title='bbox 1651 3679 1934 3752; x_wconf 79' lang='lat' dir='ltr'><strong>Maggedo,</strong></span> <span class='ocrx_word' id='word_1_396' title='bbox 1964 3683 2098 3735; x_wconf 89' lang='lat' dir='ltr'><strong>etin</strong></span> 
     </span>
    </p>
   </div>
   <div class='ocr_carea' id='block_1_54' title="bbox 519 3770 2102 3841">
    <p class='ocr_par' dir='ltr' id='par_1_54' title="bbox 519 3770 2102 3841">
     <span class='ocr_line' id='line_1_54' title="bbox 519 3770 2102 3841; baseline -0.002 -11"><span class='ocrx_word' id='word_1_397' title='bbox 519 3775 800 3830; x_wconf 73' lang='lat' dir='ltr'><strong>Machmas</strong></span> <span class='ocrx_word' id='word_1_398' title='bbox 837 3781 999 3841; x_wconf 90' lang='lat' dir='ltr'><strong>ponet</strong></span> <span class='ocrx_word' id='word_1_399' title='bbox 1042 3787 1168 3824; x_wconf 85' lang='lat' dir='ltr'><strong>vasa</strong></span> <span class='ocrx_word' id='word_1_400' title='bbox 1218 3785 1334 3826; x_wconf 90' lang='lat' dir='ltr'><strong>sua.</strong></span> <span class='ocrx_word' id='word_1_401' title='bbox 1379 3770 1446 3825; x_wconf 85' lang='lat' dir='ltr'><strong>Et</strong></span> <span class='ocrx_word' id='word_1_402' title='bbox 1499 3773 1750 3826; x_wconf 82' lang='lat' dir='ltr'><strong>transibit</strong></span> <span class='ocrx_word' id='word_1_403' title='bbox 1796 3773 2012 3838; x_wconf 82' lang='lat' dir='ltr'><strong>vallem,</strong></span> <span class='ocrx_word' id='word_1_404' title='bbox 2045 3783 2102 3827; x_wconf 89' lang='lat' dir='ltr'><strong>et</strong></span> 
     </span>
    </p>
   </div>
   <div class='ocr_carea' id='block_1_55' title="bbox 516 3863 2099 3935">
    <p class='ocr_par' dir='ltr' id='par_1_55' title="bbox 516 3863 2099 3935">
     <span class='ocr_line' id='line_1_55' title="bbox 516 3863 2099 3935; baseline -0.002 -14"><span class='ocrx_word' id='word_1_405' title='bbox 516 3867 700 3921; x_wconf 81' lang='lat' dir='ltr'><strong>veniet</strong></span> <span class='ocrx_word' id='word_1_406' title='bbox 748 3868 801 3919; x_wconf 91' lang='lat' dir='ltr'><strong>in</strong></span> <span class='ocrx_word' id='word_1_407' title='bbox 851 3867 1035 3935; x_wconf 63' lang='lat' dir='ltr'><strong>Angze.</strong></span> <span class='ocrx_word' id='word_1_408' title='bbox 1070 3863 1260 3918; x_wconf 88' lang='lat' dir='ltr'><strong>Timor</strong></span> <span class='ocrx_word' id='word_1_409' title='bbox 1290 3865 1664 3934; x_wconf 87' lang='lat' dir='ltr'><strong>apprehendet</strong></span> <span class='ocrx_word' id='word_1_410' title='bbox 1692 3864 1859 3917; x_wconf 75' lang='lat' dir='ltr'><strong>llatna</strong></span> <span class='ocrx_word' id='word_1_411' title='bbox 1898 3866 2099 3918; x_wconf 78' lang='lat' dir='ltr'><strong>civita-</strong></span> 
     </span>
    </p>
   </div>
   <div class='ocr_carea' id='block_1_56' title="bbox 520 3955 2096 4027">
    <p class='ocr_par' dir='ltr' id='par_1_56' title="bbox 520 3955 2096 4027">
     <span class='ocr_line' id='line_1_56' title="bbox 520 3955 2096 4027; baseline 0 -15"><span class='ocrx_word' id='word_1_412' title='bbox 520 3967 627 4013; x_wconf 75' lang='lat' dir='ltr'><strong>tem</strong></span> <span class='ocrx_word' id='word_1_413' title='bbox 672 3957 825 4011; x_wconf 82' lang='lat' dir='ltr'><strong>Saul.</strong></span> <span class='ocrx_word' id='word_1_414' title='bbox 872 3957 1067 4027; x_wconf 84' lang='lat' dir='ltr'><strong>Fugiet</strong></span> <span class='ocrx_word' id='word_1_415' title='bbox 1113 3958 1224 4010; x_wconf 84' lang='lat' dir='ltr'><strong>filia</strong></span> <span class='ocrx_word' id='word_1_416' title='bbox 1270 3955 1491 4021; x_wconf 86' lang='lat' dir='ltr'><strong>Gallim,</strong></span> <span class='ocrx_word' id='word_1_417' title='bbox 1525 3956 1775 4010; x_wconf 89' lang='lat' dir='ltr'><strong>audietur</strong></span> <span class='ocrx_word' id='word_1_418' title='bbox 1801 3957 1850 4009; x_wconf 92' lang='lat' dir='ltr'><strong>iu</strong></span> <span class='ocrx_word' id='word_1_419' title='bbox 1888 3957 2096 4012; x_wconf 82' lang='lat' dir='ltr'><strong>Laisa:</strong></span> 
     </span>
    </p>
   </div>
   <div class='ocr_carea' id='block_1_57' title="bbox 517 4045 2098 4114">
    <p class='ocr_par' dir='ltr' id='par_1_57' title="bbox 517 4045 2098 4114">
     <span class='ocr_line' id='line_1_57' title="bbox 517 4045 2098 4114; baseline -0.002 -10"><span class='ocrx_word' id='word_1_420' title='bbox 517 4051 771 4106; x_wconf 88' lang='lat' dir='ltr'><strong>audietur</strong></span> <span class='ocrx_word' id='word_1_421' title='bbox 807 4051 858 4104; x_wconf 92' lang='lat' dir='ltr'><strong>in</strong></span> <span class='ocrx_word' id='word_1_422' title='bbox 906 4049 1205 4102; x_wconf 81' lang='lat' dir='ltr'><strong>Annthoth.</strong></span> <span class='ocrx_word' id='word_1_423' title='bbox 1255 4047 1322 4100; x_wconf 87' lang='lat' dir='ltr'><strong>Et</strong></span> <span class='ocrx_word' id='word_1_424' title='bbox 1355 4047 1634 4114; x_wconf 89' lang='lat' dir='ltr'><strong>obstupuit</strong></span> <span class='ocrx_word' id='word_1_425' title='bbox 1675 4045 1996 4114; x_wconf 86' lang='lat' dir='ltr'><strong>Madebena,</strong></span> <span class='ocrx_word' id='word_1_426' title='bbox 2043 4057 2098 4101; x_wconf 88' lang='lat' dir='ltr'><strong>et</strong></span> 
     </span>
    </p>
   </div>
   <div class='ocr_carea' id='block_1_58' title="bbox 517 4137 2100 4199">
    <p class='ocr_par' dir='ltr' id='par_1_58' title="bbox 517 4137 2100 4199">
     <span class='ocr_line' id='line_1_58' title="bbox 517 4137 2100 4199; baseline -0.003 -2"><span class='ocrx_word' id='word_1_427' title='bbox 517 4141 855 4199; x_wconf 72' lang='lat' dir='ltr'><strong>habitatores</strong></span> <span class='ocrx_word' id='word_1_428' title='bbox 884 4140 1093 4194; x_wconf 84' lang='lat' dir='ltr'><strong>Gibbir.</strong></span> <span class='ocrx_word' id='word_1_429' title='bbox 1131 4137 1498 4192; x_wconf 89' lang='lat' dir='ltr'><strong>Consolatnini</strong></span> <span class='ocrx_word' id='word_1_430' title='bbox 1523 4138 1685 4192; x_wconf 87' lang='lat' dir='ltr'><strong>hodie</strong></span> <span class='ocrx_word' id='word_1_431' title='bbox 1707 4139 1758 4192; x_wconf 93' lang='lat' dir='ltr'><strong>in</strong></span> <span class='ocrx_word' id='word_1_432' title='bbox 1787 4140 1871 4194; x_wconf 78' lang='lat' dir='ltr'><strong>via</strong></span> <span class='ocrx_word' id='word_1_433' title='bbox 1897 4151 1952 4194; x_wconf 91' lang='lat' dir='ltr'><strong>ut</strong></span> <span class='ocrx_word' id='word_1_434' title='bbox 1985 4157 2100 4194; x_wconf 85' lang='lat' dir='ltr'><strong>ma-</strong></span> 
     </span>
    </p>
   </div>
   <div class='ocr_carea' id='block_1_59' title="bbox 518 4233 2091 4299">
    <p class='ocr_par' dir='ltr' id='par_1_59' title="bbox 518 4233 2091 4299">
     <span class='ocr_line' id='line_1_59' title="bbox 518 4233 2091 4299; baseline -0.003 -7"><span class='ocrx_word' id='word_1_435' title='bbox 518 4248 665 4293; x_wconf 85' lang='lat' dir='ltr'><strong>neat.</strong></span> <span class='ocrx_word' id='word_1_436' title='bbox 707 4235 1074 4291; x_wconf 82' lang='lat' dir='ltr'><strong>Consolamini</strong></span> <span class='ocrx_word' id='word_1_437' title='bbox 1124 4249 1284 4287; x_wconf 87' lang='lat' dir='ltr'><strong>tuanu</strong></span> <span class='ocrx_word' id='word_1_438' title='bbox 1332 4244 1592 4299; x_wconf 91' lang='lat' dir='ltr'><strong>montem,</strong></span> <span class='ocrx_word' id='word_1_439' title='bbox 1629 4233 1796 4287; x_wconf 88' lang='lat' dir='ltr'><strong>filiam</strong></span> <span class='ocrx_word' id='word_1_440' title='bbox 1847 4234 2000 4298; x_wconf 89' lang='lat' dir='ltr'><strong>Sion,</strong></span> <span class='ocrx_word' id='word_1_441' title='bbox 2036 4244 2091 4288; x_wconf 90' lang='lat' dir='ltr'><strong>et</strong></span> 
     </span>
    </p>
   </div>
   <div class='ocr_carea' id='block_1_60' title="bbox 515 4323 2092 4385">
    <p class='ocr_par' dir='ltr' id='par_1_60' title="bbox 515 4323 2092 4385">
     <span class='ocr_line' id='line_1_60' title="bbox 515 4323 2092 4385; baseline -0.004 0"><span class='ocrx_word' id='word_1_442' title='bbox 515 4329 686 4385; x_wconf 86' lang='lat' dir='ltr'><strong>colles</strong></span> <span class='ocrx_word' id='word_1_443' title='bbox 725 4330 778 4383; x_wconf 90' lang='lat' dir='ltr'><strong>in</strong></span> <span class='ocrx_word' id='word_1_444' title='bbox 826 4325 1149 4382; x_wconf 84' lang='lat' dir='ltr'><strong>Jerusalem.</strong></span> <span class='ocrx_word' id='word_1_445' title='bbox 1189 4325 1327 4379; x_wconf 80' lang='lat' dir='ltr'><strong>Ecce</strong></span> <span class='ocrx_word' id='word_1_446' title='bbox 1371 4323 1683 4379; x_wconf 89' lang='lat' dir='ltr'><strong>dominator</strong></span> <span class='ocrx_word' id='word_1_447' title='bbox 1715 4325 1976 4380; x_wconf 87' lang='lat' dir='ltr'><strong>Dominus</strong></span> <span class='ocrx_word' id='word_1_448' title='bbox 1999 4324 2092 4380; x_wconf 77' lang='lat' dir='ltr'><strong>Sa-</strong></span> 
     </span>
    </p>
   </div>
   <div class='ocr_carea' id='block_1_61' title="bbox 515 4415 2097 4485">
    <p class='ocr_par' dir='ltr' id='par_1_61' title="bbox 515 4415 2097 4485">
     <span class='ocr_line' id='line_1_61' title="bbox 515 4415 2097 4485; baseline -0.004 -9"><span class='ocrx_word' id='word_1_449' title='bbox 515 4421 683 4476; x_wconf 77' lang='lat' dir='ltr'><strong>baoth</strong></span> <span class='ocrx_word' id='word_1_450' title='bbox 737 4417 1089 4473; x_wconf 85' lang='lat' dir='ltr'><strong>conturbabit</strong></span> <span class='ocrx_word' id='word_1_451' title='bbox 1142 4415 1405 4485; x_wconf 77' lang='lat' dir='ltr'><strong>gloriosos</strong></span> <span class='ocrx_word' id='word_1_452' title='bbox 1457 4431 1580 4470; x_wconf 90' lang='lat' dir='ltr'><strong>eum</strong></span> <span class='ocrx_word' id='word_1_453' title='bbox 1636 4415 1980 4480; x_wconf 83' lang='lat' dir='ltr'><strong>fortitudine,</strong></span> <span class='ocrx_word' id='word_1_454' title='bbox 2040 4429 2097 4470; x_wconf 89' lang='lat' dir='ltr'><strong>et</strong></span> 
     </span>
    </p>
   </div>
   <div class='ocr_carea' id='block_1_62' title="bbox 516 4490 2169 4575">
    <p class='ocr_par' dir='ltr' id='par_1_62' title="bbox 516 4490 2169 4575">
     <span class='ocr_line' id='line_1_62' title="bbox 516 4490 2169 4575; baseline -0.004 -10"><span class='ocrx_word' id='word_1_455' title='bbox 516 4509 719 4565; x_wconf 44' lang='lat' dir='ltr'><strong>excelsi</strong></span> <span class='ocrx_word' id='word_1_456' title='bbox 762 4507 957 4575; x_wconf 84' lang='lat' dir='ltr'><strong>injuria</strong></span> <span class='ocrx_word' id='word_1_457' title='bbox 986 4515 1361 4570; x_wconf 87' lang='lat' dir='ltr'><strong>conterentur,</strong></span> <span class='ocrx_word' id='word_1_458' title='bbox 1391 4515 1445 4558; x_wconf 93' lang='lat' dir='ltr'><strong>et</strong></span> <span class='ocrx_word' id='word_1_459' title='bbox 1477 4504 1928 4561; x_wconf 87' lang='lat' dir='ltr'><strong>humiliahuntur.</strong></span> <span class='ocrx_word' id='word_1_460' title='bbox 1955 4526 1972 4558; x_wconf 70' lang='grc' dir='ltr'><strong>ι</strong></span> <span class='ocrx_word' id='word_1_461' title='bbox 2012 4507 2090 4559; x_wconf 90' lang='lat' dir='ltr'><strong>Tu</strong></span> <span class='ocrx_word' id='word_1_462' title='bbox 2126 4490 2169 4544; x_wconf 83' lang='grc' dir='ltr'><strong>Ῐ)</strong></span> 
     </span>
    </p>
   </div>
   <div class='ocr_carea' id='block_1_63' title="bbox 519 4597 2092 4672">
    <p class='ocr_par' dir='ltr' id='par_1_63' title="bbox 519 4597 2092 4672">
     <span class='ocr_line' id='line_1_63' title="bbox 519 4597 2092 4672; baseline -0.003 -17"><span class='ocrx_word' id='word_1_463' title='bbox 519 4603 738 4672; x_wconf 84' lang='lat' dir='ltr'><strong>quippe,</strong></span> <span class='ocrx_word' id='word_1_464' title='bbox 769 4599 845 4652; x_wconf 86' lang='lat' dir='ltr'><strong>ait</strong></span> <span class='ocrx_word' id='word_1_465' title='bbox 885 4597 976 4651; x_wconf 89' lang='lat' dir='ltr'><strong>ille</strong></span> <span class='ocrx_word' id='word_1_466' title='bbox 1017 4599 1271 4667; x_wconf 84' lang='lat' dir='ltr'><strong>populum</strong></span> <span class='ocrx_word' id='word_1_467' title='bbox 1319 4612 1477 4650; x_wconf 92' lang='lat' dir='ltr'><strong>suum</strong></span> <span class='ocrx_word' id='word_1_468' title='bbox 1531 4597 1834 4666; x_wconf 88' lang='lat' dir='ltr'><strong>alloquens,</strong></span> <span class='ocrx_word' id='word_1_469' title='bbox 1873 4597 2092 4652; x_wconf 76' lang='lat' dir='ltr'><strong>liberet</strong></span> 
     </span>
    </p>
   </div>
   <div class='ocr_carea' id='block_1_64' title="bbox 516 4685 2092 4758">
    <p class='ocr_par' dir='ltr' id='par_1_64' title="bbox 516 4685 2092 4758">
     <span class='ocr_line' id='line_1_64' title="bbox 516 4685 2092 4758; baseline -0.001 -12"><span class='ocrx_word' id='word_1_470' title='bbox 516 4693 662 4747; x_wconf 93' lang='lat' dir='ltr'><strong>omni</strong></span> <span class='ocrx_word' id='word_1_471' title='bbox 705 4698 849 4743; x_wconf 88' lang='lat' dir='ltr'><strong>metu</strong></span> <span class='ocrx_word' id='word_1_472' title='bbox 901 4702 1101 4741; x_wconf 86' lang='lat' dir='ltr'><strong>vacuus</strong></span> <span class='ocrx_word' id='word_1_473' title='bbox 1135 4689 1282 4740; x_wconf 86' lang='lat' dir='ltr'><strong>eris:</strong></span> <span class='ocrx_word' id='word_1_474' title='bbox 1319 4686 1413 4755; x_wconf 90' lang='lat' dir='ltr'><strong>qui</strong></span> <span class='ocrx_word' id='word_1_475' title='bbox 1468 4701 1594 4741; x_wconf 88' lang='lat' dir='ltr'><strong>vero</strong></span> <span class='ocrx_word' id='word_1_476' title='bbox 1633 4685 1896 4756; x_wconf 78' lang='lat' dir='ltr'><strong>fugiebat,</strong></span> <span class='ocrx_word' id='word_1_477' title='bbox 1943 4689 2092 4758; x_wconf 86' lang='lat' dir='ltr'><strong>prius</strong></span> 
     </span>
    </p>
   </div>
   <div class='ocr_carea' id='block_1_65' title="bbox 516 4779 2093 4849">
    <p class='ocr_par' dir='ltr' id='par_1_65' title="bbox 516 4779 2093 4849">
     <span class='ocr_line' id='line_1_65' title="bbox 516 4779 2093 4849; baseline -0.002 -11"><span class='ocrx_word' id='word_1_478' title='bbox 516 4785 691 4840; x_wconf 83' lang='lat' dir='ltr'><strong>veniet</strong></span> <span class='ocrx_word' id='word_1_479' title='bbox 724 4783 778 4835; x_wconf 93' lang='lat' dir='ltr'><strong>in</strong></span> <span class='ocrx_word' id='word_1_480' title='bbox 824 4780 1101 4835; x_wconf 88' lang='lat' dir='ltr'><strong>civitatem</strong></span> <span class='ocrx_word' id='word_1_481' title='bbox 1146 4779 1344 4849; x_wconf 66' lang='lat' dir='ltr'><strong>Augur;</strong></span> <span class='ocrx_word' id='word_1_482' title='bbox 1393 4779 1519 4832; x_wconf 88' lang='lat' dir='ltr'><strong>imle</strong></span> <span class='ocrx_word' id='word_1_483' title='bbox 1549 4793 1678 4832; x_wconf 89' lang='lat' dir='ltr'><strong>vero</strong></span> <span class='ocrx_word' id='word_1_484' title='bbox 1709 4780 1874 4834; x_wconf 89' lang='lat' dir='ltr'><strong>alium</strong></span> <span class='ocrx_word' id='word_1_485' title='bbox 1925 4781 2093 4835; x_wconf 78' lang='lat' dir='ltr'><strong>inlo-</strong></span> 
     </span>
    </p>
   </div>
   <div class='ocr_carea' id='block_1_66' title="bbox 512 4869 2090 4945">
    <p class='ocr_par' dir='ltr' id='par_1_66' title="bbox 512 4869 2090 4945">
     <span class='ocr_line' id='line_1_66' title="bbox 512 4869 2090 4945; baseline -0.004 -12"><span class='ocrx_word' id='word_1_486' title='bbox 512 4892 636 4933; x_wconf 92' lang='lat' dir='ltr'><strong>cum</strong></span> <span class='ocrx_word' id='word_1_487' title='bbox 685 4872 1099 4945; x_wconf 78' lang='lat' dir='ltr'><strong>commigrahit;</strong></span> <span class='ocrx_word' id='word_1_488' title='bbox 1153 4871 1333 4940; x_wconf 87' lang='lat' dir='ltr'><strong>ibique</strong></span> <span class='ocrx_word' id='word_1_489' title='bbox 1404 4869 1779 4942; x_wconf 85' lang='lat' dir='ltr'><strong>defatigatus,</strong></span> <span class='ocrx_word' id='word_1_490' title='bbox 1840 4874 2090 4928; x_wconf 87' lang='lat' dir='ltr'><strong>sarcinas</strong></span> 
     </span>
    </p>
   </div>
   <div class='ocr_carea' id='block_1_67' title="bbox 515 4964 2091 5037">
    <p class='ocr_par' dir='ltr' id='par_1_67' title="bbox 515 4964 2091 5037">
     <span class='ocr_line' id='line_1_67' title="bbox 515 4964 2091 5037; baseline -0.001 -15"><span class='ocrx_word' id='word_1_491' title='bbox 515 4977 678 5037; x_wconf 89' lang='lat' dir='ltr'><strong>ponet</strong></span> <span class='ocrx_word' id='word_1_492' title='bbox 705 4981 833 5021; x_wconf 86' lang='lat' dir='ltr'><strong>suas</strong></span> <span class='ocrx_word' id='word_1_493' title='bbox 865 4982 878 5018; x_wconf 89' lang='lat'>:</span> <span class='ocrx_word' id='word_1_494' title='bbox 914 4966 1108 5021; x_wconf 85' lang='lat' dir='ltr'><strong>deinde</strong></span> <span class='ocrx_word' id='word_1_495' title='bbox 1145 4965 1308 5020; x_wconf 90' lang='lat' dir='ltr'><strong>istinc</strong></span> <span class='ocrx_word' id='word_1_496' title='bbox 1349 4964 1456 5016; x_wconf 85' lang='lat' dir='ltr'><strong>alio</strong></span> <span class='ocrx_word' id='word_1_497' title='bbox 1509 4965 1783 5028; x_wconf 79' lang='lat' dir='ltr'><strong>transibit,</strong></span> <span class='ocrx_word' id='word_1_498' title='bbox 1821 4966 1962 5019; x_wconf 87' lang='lat' dir='ltr'><strong>unde</strong></span> <span class='ocrx_word' id='word_1_499' title='bbox 1997 4982 2091 5020; x_wconf 82' lang='lat' dir='ltr'><strong>ve-</strong></span> 
     </span>
    </p>
   </div>
   <div class='ocr_carea' id='block_1_68' title="bbox 515 5055 2084 5128">
    <p class='ocr_par' dir='ltr' id='par_1_68' title="bbox 515 5055 2084 5128">
     <span class='ocr_line' id='line_1_68' title="bbox 515 5055 2084 5128; baseline -0.003 -13"><span class='ocrx_word' id='word_1_500' title='bbox 515 5062 627 5115; x_wconf 92' lang='lat' dir='ltr'><strong>niet</strong></span> <span class='ocrx_word' id='word_1_501' title='bbox 658 5060 711 5114; x_wconf 92' lang='lat' dir='ltr'><strong>in</strong></span> <span class='ocrx_word' id='word_1_502' title='bbox 741 5059 929 5114; x_wconf 87' lang='lat' dir='ltr'><strong>urbem</strong></span> <span class='ocrx_word' id='word_1_503' title='bbox 953 5073 1116 5128; x_wconf 85' lang='lat' dir='ltr'><strong>quam</strong></span> <span class='ocrx_word' id='word_1_504' title='bbox 1154 5067 1357 5113; x_wconf 89' lang='lat' dir='ltr'><strong>vocant</strong></span> <span class='ocrx_word' id='word_1_505' title='bbox 1388 5055 1569 5111; x_wconf 76' lang='lat' dir='ltr'><strong>Saulis</strong></span> <span class='ocrx_word' id='word_1_506' title='bbox 1601 5074 1615 5110; x_wconf 86' lang='lat'><strong>:</strong></span> <span class='ocrx_word' id='word_1_507' title='bbox 1648 5067 1828 5126; x_wconf 87' lang='lat' dir='ltr'><strong>postea</strong></span> <span class='ocrx_word' id='word_1_508' title='bbox 1859 5072 1992 5111; x_wconf 86' lang='lat' dir='ltr'><strong>vero</strong></span> <span class='ocrx_word' id='word_1_509' title='bbox 2035 5060 2084 5111; x_wconf 92' lang='lat' dir='ltr'><strong>in</strong></span> 
     </span>
    </p>
   </div>
   <div class='ocr_carea' id='block_1_69' title="bbox 518 5152 2086 5226">
    <p class='ocr_par' dir='ltr' id='par_1_69' title="bbox 518 5152 2086 5226">
     <span class='ocr_line' id='line_1_69' title="bbox 518 5152 2086 5226; baseline -0.001 -19"><span class='ocrx_word' id='word_1_510' title='bbox 518 5155 682 5208; x_wconf 85' lang='lat' dir='ltr'><strong>alium</strong></span> <span class='ocrx_word' id='word_1_511' title='bbox 710 5155 886 5210; x_wconf 92' lang='lat' dir='ltr'><strong>locum</strong></span> <span class='ocrx_word' id='word_1_512' title='bbox 919 5173 933 5210; x_wconf 90' lang='lat'><strong>:</strong></span> <span class='ocrx_word' id='word_1_513' title='bbox 963 5166 1127 5226; x_wconf 88' lang='lat' dir='ltr'><strong>atque</strong></span> <span class='ocrx_word' id='word_1_514' title='bbox 1158 5157 1237 5211; x_wconf 90' lang='lat' dir='ltr'><strong>sic</strong></span> <span class='ocrx_word' id='word_1_515' title='bbox 1267 5156 1497 5225; x_wconf 89' lang='lat' dir='ltr'><strong>turpiter</strong></span> <span class='ocrx_word' id='word_1_516' title='bbox 1519 5154 1585 5209; x_wconf 90' lang='lat' dir='ltr'><strong>de</strong></span> <span class='ocrx_word' id='word_1_517' title='bbox 1617 5154 1795 5208; x_wconf 88' lang='lat' dir='ltr'><strong>medio</strong></span> <span class='ocrx_word' id='word_1_518' title='bbox 1834 5152 2086 5218; x_wconf 90' lang='lat' dir='ltr'><strong>tolletur;</strong></span> 
     </span>
    </p>
   </div>
   <div class='ocr_carea' id='block_1_70' title="bbox 515 5243 2085 5313">
    <p class='ocr_par' dir='ltr' id='par_1_70' title="bbox 515 5243 2085 5313">
     <span class='ocr_line' id='line_1_70' title="bbox 515 5243 2085 5313; baseline 0 -18"><span class='ocrx_word' id='word_1_519' title='bbox 515 5259 613 5298; x_wconf 84' lang='lat' dir='ltr'><strong>vos</strong></span> <span class='ocrx_word' id='word_1_520' title='bbox 639 5257 818 5299; x_wconf 89' lang='lat' dir='ltr'><strong>autem</strong></span> <span class='ocrx_word' id='word_1_521' title='bbox 844 5244 1282 5311; x_wconf 78' lang='lat' dir='ltr'><strong>consolabimiui,</strong></span> <span class='ocrx_word' id='word_1_522' title='bbox 1301 5255 1353 5299; x_wconf 87' lang='lat' dir='ltr'><strong>et</strong></span> <span class='ocrx_word' id='word_1_523' title='bbox 1375 5244 1626 5300; x_wconf 75' lang='lat' dir='ltr'><strong>solatium</strong></span> <span class='ocrx_word' id='word_1_524' title='bbox 1647 5243 1950 5313; x_wconf 85' lang='lat' dir='ltr'><strong>accipietis,</strong></span> <span class='ocrx_word' id='word_1_525' title='bbox 1983 5259 2085 5296; x_wconf 91' lang='lat' dir='ltr'><strong>non</strong></span> 
     </span>
    </p>
   </div>
   <div class='ocr_carea' id='block_1_71' title="bbox 513 5335 2089 5408">
    <p class='ocr_par' dir='ltr' id='par_1_71' title="bbox 513 5335 2089 5408">
     <span class='ocr_line' id='line_1_71' title="bbox 513 5335 2089 5408; baseline -0.003 -15"><span class='ocrx_word' id='word_1_526' title='bbox 513 5337 744 5406; x_wconf 85' lang='lat' dir='ltr'><strong>amplius</strong></span> <span class='ocrx_word' id='word_1_527' title='bbox 789 5339 1134 5408; x_wconf 77' lang='lat' dir='ltr'><strong>Assyriorum</strong></span> <span class='ocrx_word' id='word_1_528' title='bbox 1179 5337 1311 5408; x_wconf 85' lang='lat' dir='ltr'><strong>jugo</strong></span> <span class='ocrx_word' id='word_1_529' title='bbox 1341 5336 1561 5392; x_wconf 86' lang='lat' dir='ltr'><strong>subditi.</strong></span> <span class='ocrx_word' id='word_1_530' title='bbox 1594 5335 1667 5390; x_wconf 91' lang='lat' dir='ltr'><strong>Ut</strong></span> <span class='ocrx_word' id='word_1_531' title='bbox 1712 5338 1856 5391; x_wconf 88' lang='lat' dir='ltr'><strong>enim</strong></span> <span class='ocrx_word' id='word_1_532' title='bbox 1909 5337 1975 5390; x_wconf 89' lang='lat' dir='ltr'><strong>ab</strong></span> <span class='ocrx_word' id='word_1_533' title='bbox 2005 5336 2089 5389; x_wconf 92' lang='lat' dir='ltr'><strong>in-</strong></span> 
     </span>
    </p>
   </div>
   <div class='ocr_carea' id='block_1_72' title="bbox 511 5427 2083 5500">
    <p class='ocr_par' dir='ltr' id='par_1_72' title="bbox 511 5427 2083 5500">
     <span class='ocr_line' id='line_1_72' title="bbox 511 5427 2083 5500; baseline -0.001 -18"><span class='ocrx_word' id='word_1_534' title='bbox 511 5439 741 5500; x_wconf 88' lang='lat' dir='ltr'><strong>gruente</strong></span> <span class='ocrx_word' id='word_1_535' title='bbox 774 5430 970 5499; x_wconf 87' lang='lat' dir='ltr'><strong>illaque</strong></span> <span class='ocrx_word' id='word_1_536' title='bbox 1014 5429 1165 5484; x_wconf 86' lang='lat' dir='ltr'><strong>brevi</strong></span> <span class='ocrx_word' id='word_1_537' title='bbox 1202 5430 1552 5499; x_wconf 88' lang='lat' dir='ltr'><strong>correptione</strong></span> <span class='ocrx_word' id='word_1_538' title='bbox 1593 5445 1700 5483; x_wconf 90' lang='lat' dir='ltr'><strong>non</strong></span> <span class='ocrx_word' id='word_1_539' title='bbox 1735 5427 1964 5498; x_wconf 86' lang='lat' dir='ltr'><strong>fugiant,</strong></span> <span class='ocrx_word' id='word_1_540' title='bbox 1991 5428 2083 5482; x_wconf 86' lang='lat' dir='ltr'><strong>sed</strong></span> 
     </span>
    </p>
   </div>
   <div class='ocr_carea' id='block_1_73' title="bbox 511 5519 2080 5591">
    <p class='ocr_par' dir='ltr' id='par_1_73' title="bbox 511 5519 2080 5591">
     <span class='ocr_line' id='line_1_73' title="bbox 511 5519 2080 5591; baseline -0.003 -16"><span class='ocrx_word' id='word_1_541' title='bbox 511 5532 889 5591; x_wconf 84' lang='lat' dir='ltr'><strong>permaneant,</strong></span> <span class='ocrx_word' id='word_1_542' title='bbox 943 5539 962 5573; x_wconf 85' lang='grc'><strong>‹</strong></span> <span class='ocrx_word' id='word_1_543' title='bbox 987 5520 1378 5587; x_wconf 83' lang='lat' dir='ltr'><strong>Consolamini,</strong></span> <span class='ocrx_word' id='word_1_544' title='bbox 1407 5542 1426 5574; x_wconf 74' lang='grc' dir='ltr'><strong>ι</strong></span> <span class='ocrx_word' id='word_1_545' title='bbox 1468 5523 1567 5589; x_wconf 91' lang='lat' dir='ltr'><strong>ait,</strong></span> <span class='ocrx_word' id='word_1_546' title='bbox 1619 5540 1637 5572; x_wconf 75' lang='grc' dir='ltr'><strong>ι</strong></span> <span class='ocrx_word' id='word_1_547' title='bbox 1671 5521 1837 5576; x_wconf 86' lang='lat' dir='ltr'><strong>filiam</strong></span> <span class='ocrx_word' id='word_1_548' title='bbox 1871 5519 2029 5590; x_wconf 85' lang='lat' dir='ltr'><strong>Sion,</strong></span> <span class='ocrx_word' id='word_1_549' title='bbox 2063 5537 2080 5571; x_wconf 79' lang='grc' dir='ltr'><strong>ι</strong></span> 
     </span>
    </p>
   </div>
   <div class='ocr_carea' id='block_1_74' title="bbox 510 5612 1487 5670">
    <p class='ocr_par' dir='ltr' id='par_1_74' title="bbox 510 5612 1487 5670">
     <span class='ocr_line' id='line_1_74' title="bbox 510 5612 1487 5670; baseline 0.002 -4"><span class='ocrx_word' id='word_1_550' title='bbox 510 5614 762 5668; x_wconf 83' lang='lat' dir='ltr'><strong>videlicet</strong></span> <span class='ocrx_word' id='word_1_551' title='bbox 797 5615 1130 5669; x_wconf 86' lang='lat' dir='ltr'><strong>habitatores</strong></span> <span class='ocrx_word' id='word_1_552' title='bbox 1160 5612 1487 5670; x_wconf 81' lang='lat' dir='ltr'><strong>Jerusalem.</strong></span> 
     </span>
    </p>
   </div>
   <div class='ocr_carea' id='block_1_75' title="bbox 2212 1889 3795 1963">
    <p class='ocr_par' dir='ltr' id='par_1_75' title="bbox 2212 1889 3795 1963">
     <span class='ocr_line' id='line_1_75' title="bbox 2212 1889 3795 1963; baseline -0.001 -19"><span class='ocrx_word' id='word_1_553' title='bbox 2212 1892 2519 1962; x_wconf 85' lang='grc' dir='ltr'>χρήσασθαι</span> <span class='ocrx_word' id='word_1_554' title='bbox 2557 1891 2698 1945; x_wconf 82' lang='grc' dir='ltr'>κατὰ</span> <span class='ocrx_word' id='word_1_555' title='bbox 2726 1891 2819 1944; x_wconf 83' lang='grc' dir='ltr'><strong>σοῦ</strong></span> <span class='ocrx_word' id='word_1_556' title='bbox 2851 1893 2926 1963; x_wconf 84' lang='grc' dir='ltr'>μὴ</span> <span class='ocrx_word' id='word_1_557' title='bbox 2957 1893 3175 1961; x_wconf 68' lang='grc' dir='ltr'><strong>(Ξιγνόει⁹</strong></span> <span class='ocrx_word' id='word_1_558' title='bbox 3220 1891 3407 1963; x_wconf 82' lang='grc' dir='ltr'>ἐπειδὴ</span> <span class='ocrx_word' id='word_1_559' title='bbox 3441 1890 3551 1962; x_wconf 79' lang='grc' dir='ltr'>γὰρ</span> <span class='ocrx_word' id='word_1_560' title='bbox 3580 1893 3648 1963; x_wconf 73' lang='grc' dir='ltr'>τῇ</span> <span class='ocrx_word' id='word_1_561' title='bbox 3683 1889 3795 1960; x_wconf 82' lang='grc' dir='ltr'>ὁδῷ</span> 
     </span>
    </p>
   </div>
   <div class='ocr_carea' id='block_1_76' title="bbox 2209 1982 3796 2055">
    <p class='ocr_par' dir='ltr' id='par_1_76' title="bbox 2209 1982 3796 2055">
     <span class='ocr_line' id='line_1_76' title="bbox 2209 1982 3796 2055; baseline 0 -19"><span class='ocrx_word' id='word_1_562' title='bbox 2209 1985 2484 2053; x_wconf 83' lang='grc' dir='ltr'>Αἰγύπτου</span> <span class='ocrx_word' id='word_1_563' title='bbox 2518 1986 2679 2040; x_wconf 85' lang='grc' dir='ltr'>πάλιν</span> <span class='ocrx_word' id='word_1_564' title='bbox 2724 1985 2950 2039; x_wconf 83' lang='grc' dir='ltr'>σεαυτὸν</span> <span class='ocrx_word' id='word_1_565' title='bbox 2995 1985 3322 2049; x_wconf 77' lang='grc' dir='ltr'>ἐκδέδωκας,</span> <span class='ocrx_word' id='word_1_566' title='bbox 3376 1982 3796 2055; x_wconf 78' lang='grc' dir='ltr'>είδωλολατρείᾳ</span> 
     </span>
    </p>
   </div>
   <div class='ocr_carea' id='block_1_77' title="bbox 2210 2075 3794 2150">
    <p class='ocr_par' dir='ltr' id='par_1_77' title="bbox 2210 2075 3794 2150">
     <span class='ocr_line' id='line_1_77' title="bbox 2210 2075 3794 2150; baseline -0.001 -19"><span class='ocrx_word' id='word_1_567' title='bbox 2210 2075 2601 2148; x_wconf 85' lang='grc' dir='ltr'>προσεσχηκὼς</span> <span class='ocrx_word' id='word_1_568' title='bbox 2627 2077 2768 2130; x_wconf 78' lang='grc' dir='ltr'>κατὰ</span> <span class='ocrx_word' id='word_1_569' title='bbox 2787 2078 2912 2142; x_wconf 80' lang='grc' dir='ltr'>τοὺς</span> <span class='ocrx_word' id='word_1_570' title='bbox 2949 2077 3175 2150; x_wconf 82' lang='grc' dir='ltr'>χρόνους</span> <span class='ocrx_word' id='word_1_571' title='bbox 3211 2075 3396 2146; x_wconf 74' lang='grc' dir='ltr'>Ἀχάζ,</span> <span class='ocrx_word' id='word_1_572' title='bbox 3417 2075 3605 2129; x_wconf 91' lang='grc' dir='ltr'>τούτου</span> <span class='ocrx_word' id='word_1_573' title='bbox 3628 2076 3794 2147; x_wconf 76' lang='grc' dir='ltr'>χάριν</span> 
     </span>
    </p>
   </div>
   <div class='ocr_carea' id='block_1_78' title="bbox 2211 2165 3792 2240">
    <p class='ocr_par' dir='ltr' id='par_1_78' title="bbox 2211 2165 3792 2240">
     <span class='ocr_line' id='line_1_78' title="bbox 2211 2165 3792 2240; baseline -0.001 -19"><span class='ocrx_word' id='word_1_574' title='bbox 2211 2169 2355 2239; x_wconf 81' lang='grc' dir='ltr'>ὑμᾶς</span> <span class='ocrx_word' id='word_1_575' title='bbox 2383 2171 2448 2239; x_wconf 82' lang='grc' dir='ltr'>τῇ</span> <span class='ocrx_word' id='word_1_576' title='bbox 2478 2168 2658 2240; x_wconf 75' lang='grc' dir='ltr'>ῥάϐδῳ</span> <span class='ocrx_word' id='word_1_577' title='bbox 2689 2167 2784 2220; x_wconf 78' lang='grc' dir='ltr'>τοῦ</span> <span class='ocrx_word' id='word_1_578' title='bbox 2829 2167 3112 2240; x_wconf 84' lang='grc' dir='ltr'>Ἀσσυρίου</span> <span class='ocrx_word' id='word_1_579' title='bbox 3157 2165 3516 2238; x_wconf 75' lang='grc' dir='ltr'>παραδέδωκα</span> <span class='ocrx_word' id='word_1_580' title='bbox 3555 2165 3635 2228; x_wconf 78' lang='grc' dir='ltr'><strong>εἰς</strong></span> <span class='ocrx_word' id='word_1_581' title='bbox 3681 2182 3792 2219; x_wconf 84' lang='grc' dir='ltr'>σω-</span> 
     </span>
    </p>
   </div>
   <div class='ocr_carea' id='block_1_79' title="bbox 2211 2259 3006 2330">
    <p class='ocr_par' dir='ltr' id='par_1_79' title="bbox 2211 2259 3006 2330">
     <span class='ocr_line' id='line_1_79' title="bbox 2211 2259 3006 2330; baseline -0.004 -18"><span class='ocrx_word' id='word_1_582' title='bbox 2211 2259 2507 2330; x_wconf 85' lang='grc' dir='ltr'>φρονισμὸν</span> <span class='ocrx_word' id='word_1_583' title='bbox 2538 2260 2631 2312; x_wconf 73' lang='grc' dir='ltr'><strong>καὶ</strong></span> <span class='ocrx_word' id='word_1_584' title='bbox 2651 2259 3006 2328; x_wconf 80' lang='grc' dir='ltr'>ἐπιστροφήν.</span> 
     </span>
    </p>
   </div>
   <div class='ocr_carea' id='block_1_80' title="bbox 2284 2347 3798 2423">
    <p class='ocr_par' dir='ltr' id='par_1_80' title="bbox 2284 2347 3798 2423">
     <span class='ocr_line' id='line_1_80' title="bbox 2284 2347 3798 2423; baseline -0.001 -20"><span class='ocrx_word' id='word_1_585' title='bbox 2284 2370 2304 2403; x_wconf 77' lang='lat' dir='ltr'><strong>t</strong></span> <span class='ocrx_word' id='word_1_586' title='bbox 2345 2353 2466 2405; x_wconf 87' lang='grc' dir='ltr'><strong>Ἔτι</strong></span> <span class='ocrx_word' id='word_1_587' title='bbox 2497 2351 2607 2423; x_wconf 80' lang='grc' dir='ltr'>γὰρ</span> <span class='ocrx_word' id='word_1_588' title='bbox 2635 2351 2830 2422; x_wconf 82' lang='grc' dir='ltr'>μικρὸν</span> <span class='ocrx_word' id='word_1_589' title='bbox 2862 2353 2957 2404; x_wconf 66' lang='grc' dir='ltr'><strong>καὶ</strong></span> <span class='ocrx_word' id='word_1_590' title='bbox 2980 2350 3248 2404; x_wconf 84' lang='grc' dir='ltr'>παύσεται</span> <span class='ocrx_word' id='word_1_591' title='bbox 3279 2353 3311 2421; x_wconf 86' lang='grc' dir='ltr'><strong>ή</strong></span> <span class='ocrx_word' id='word_1_592' title='bbox 3342 2349 3514 2421; x_wconf 80' lang='grc' dir='ltr'>ὁργή’</span> <span class='ocrx_word' id='word_1_593' title='bbox 3548 2348 3657 2402; x_wconf 79' lang='grc' dir='ltr'>ὁδέ</span> <span class='ocrx_word' id='word_1_594' title='bbox 3692 2347 3798 2402; x_wconf 85' lang='grc' dir='ltr'>θυ-</span> 
     </span>
    </p>
   </div>
   <div class='ocr_carea' id='block_1_81' title="bbox 2211 2441 3798 2516">
    <p class='ocr_par' dir='ltr' id='par_1_81' title="bbox 2211 2441 3798 2516">
     <span class='ocr_line' id='line_1_81' title="bbox 2211 2441 3798 2516; baseline -0.001 -19"><span class='ocrx_word' id='word_1_595' title='bbox 2211 2445 2310 2516; x_wconf 87' lang='grc' dir='ltr'><strong>μός</strong></span> <span class='ocrx_word' id='word_1_596' title='bbox 2346 2462 2446 2514; x_wconf 85' lang='grc' dir='ltr'><strong>μου</strong></span> <span class='ocrx_word' id='word_1_597' title='bbox 2481 2445 2574 2496; x_wconf 76' lang='grc' dir='ltr'>ἐπὶ</span> <span class='ocrx_word' id='word_1_598' title='bbox 2603 2443 2701 2516; x_wconf 82' lang='grc' dir='ltr'>τὴν</span> <span class='ocrx_word' id='word_1_599' title='bbox 2748 2442 2940 2515; x_wconf 80' lang='grc' dir='ltr'>βουλήν</span> <span class='ocrx_word' id='word_1_600' title='bbox 2969 2443 3169 2497; x_wconf 76' lang='grc' dir='ltr'>αὐτῶν.</span> <span class='ocrx_word' id='word_1_601' title='bbox 3216 2445 3328 2498; x_wconf 74' lang='grc' dir='ltr'>Καὶ</span> <span class='ocrx_word' id='word_1_602' title='bbox 3361 2445 3544 2516; x_wconf 79' lang='grc' dir='ltr'>ἐγερεῖ</span> <span class='ocrx_word' id='word_1_603' title='bbox 3581 2446 3610 2498; x_wconf 91' lang='lat'><strong>6</strong></span> <span class='ocrx_word' id='word_1_604' title='bbox 3657 2441 3798 2506; x_wconf 81' lang='grc' dir='ltr'>Θεὸς</span> 
     </span>
    </p>
   </div>
   <div class='ocr_carea' id='block_1_82' title="bbox 2207 2534 3791 2607">
    <p class='ocr_par' dir='ltr' id='par_1_82' title="bbox 2207 2534 3791 2607">
     <span class='ocr_line' id='line_1_82' title="bbox 2207 2534 3791 2607; baseline 0 -19"><span class='ocrx_word' id='word_1_605' title='bbox 2207 2537 2293 2588; x_wconf 81' lang='grc' dir='ltr'>ἐπ’</span> <span class='ocrx_word' id='word_1_606' title='bbox 2310 2536 2506 2600; x_wconf 81' lang='grc' dir='ltr'>αὑτοὺς</span> <span class='ocrx_word' id='word_1_607' title='bbox 2521 2535 2659 2590; x_wconf 80' lang='grc' dir='ltr'>κατὰ</span> <span class='ocrx_word' id='word_1_608' title='bbox 2675 2535 2772 2607; x_wconf 80' lang='grc' dir='ltr'>τὴν</span> <span class='ocrx_word' id='word_1_609' title='bbox 2801 2534 3016 2606; x_wconf 82' lang='grc' dir='ltr'>πληγὴν</span> <span class='ocrx_word' id='word_1_610' title='bbox 3038 2535 3264 2606; x_wconf 79' lang='grc' dir='ltr'>Μαδιάμ</span> <span class='ocrx_word' id='word_1_611' title='bbox 3282 2537 3338 2588; x_wconf 85' lang='grc' dir='ltr'><strong>ἐν</strong></span> <span class='ocrx_word' id='word_1_612' title='bbox 3359 2535 3514 2606; x_wconf 84' lang='grc' dir='ltr'>τόπῳ</span> <span class='ocrx_word' id='word_1_613' title='bbox 3534 2534 3791 2604; x_wconf 76' lang='grc' dir='ltr'>θλίψεως·</span> 
     </span>
    </p>
   </div>
   <div class='ocr_carea' id='block_1_83' title="bbox 2206 2624 3796 2697">
    <p class='ocr_par' dir='ltr' id='par_1_83' title="bbox 2206 2624 3796 2697">
     <span class='ocr_line' id='line_1_83' title="bbox 2206 2624 3796 2697; baseline -0.001 -18"><span class='ocrx_word' id='word_1_614' title='bbox 2206 2626 2301 2680; x_wconf 60' lang='grc' dir='ltr'><strong>καὶ⁵</strong></span> <span class='ocrx_word' id='word_1_615' title='bbox 2332 2628 2360 2679; x_wconf 97' lang='lat'><strong>6</strong></span> <span class='ocrx_word' id='word_1_616' title='bbox 2394 2626 2563 2697; x_wconf 83' lang='grc' dir='ltr'>θυμὸς</span> <span class='ocrx_word' id='word_1_617' title='bbox 2586 2625 2752 2679; x_wconf 82' lang='grc' dir='ltr'>αὑτοῦ</span> <span class='ocrx_word' id='word_1_618' title='bbox 2786 2627 2851 2696; x_wconf 76' lang='grc' dir='ltr'>τῇ</span> <span class='ocrx_word' id='word_1_619' title='bbox 2881 2624 2984 2695; x_wconf 83' lang='grc' dir='ltr'>ὁδῷ</span> <span class='ocrx_word' id='word_1_620' title='bbox 3011 2629 3078 2697; x_wconf 83' lang='grc' dir='ltr'>τῇ</span> <span class='ocrx_word' id='word_1_621' title='bbox 3104 2625 3247 2679; x_wconf 81' lang='grc' dir='ltr'>κατὰ</span> <span class='ocrx_word' id='word_1_622' title='bbox 3271 2626 3570 2692; x_wconf 83' lang='grc' dir='ltr'>Θάλασσαν,</span> <span class='ocrx_word' id='word_1_623' title='bbox 3594 2628 3676 2690; x_wconf 84' lang='grc' dir='ltr'><strong>εἰς</strong></span> <span class='ocrx_word' id='word_1_624' title='bbox 3693 2625 3796 2696; x_wconf 81' lang='grc' dir='ltr'>τὴν</span> 
     </span>
    </p>
   </div>
   <div class='ocr_carea' id='block_1_84' title="bbox 2204 2717 3788 2790">
    <p class='ocr_par' dir='ltr' id='par_1_84' title="bbox 2204 2717 3788 2790">
     <span class='ocr_line' id='line_1_84' title="bbox 2204 2717 3788 2790; baseline -0.001 -19"><span class='ocrx_word' id='word_1_625' title='bbox 2204 2717 2322 2771; x_wconf 82' lang='grc' dir='ltr'>ὁδὸν</span> <span class='ocrx_word' id='word_1_626' title='bbox 2370 2718 2469 2789; x_wconf 87' lang='grc' dir='ltr'><strong>τὴν</strong></span> <span class='ocrx_word' id='word_1_627' title='bbox 2519 2721 2644 2772; x_wconf 76' lang='grc' dir='ltr'>κατ’</span> <span class='ocrx_word' id='word_1_628' title='bbox 2669 2720 2966 2788; x_wconf 77' lang='grc' dir='ltr'>Αἴγυπτον.</span> <span class='ocrx_word' id='word_1_629' title='bbox 3005 2741 3023 2772; x_wconf 70' lang='grc' dir='ltr'><strong>ι</strong></span> <span class='ocrx_word' id='word_1_630' title='bbox 3078 2718 3510 2774; x_wconf 84' lang='grc' dir='ltr'>Μεταϐαλόντων</span> <span class='ocrx_word' id='word_1_631' title='bbox 3540 2718 3642 2789; x_wconf 85' lang='grc' dir='ltr'><strong>μὲν</strong></span> <span class='ocrx_word' id='word_1_632' title='bbox 3673 2717 3788 2790; x_wconf 79' lang='grc' dir='ltr'><strong>γάρ</strong></span> 
     </span>
    </p>
   </div>
   <div class='ocr_carea' id='block_1_85' title="bbox 2206 2809 3792 2883">
    <p class='ocr_par' dir='ltr' id='par_1_85' title="bbox 2206 2809 3792 2883">
     <span class='ocr_line' id='line_1_85' title="bbox 2206 2809 3792 2883; baseline 0.001 -22"><span class='ocrx_word' id='word_1_633' title='bbox 2206 2809 2360 2879; x_wconf 86' lang='grc' dir='ltr'>ὑμῶν</span> <span class='ocrx_word' id='word_1_634' title='bbox 2394 2811 2487 2863; x_wconf 79' lang='grc' dir='ltr'><strong>ἐπὶ</strong></span> <span class='ocrx_word' id='word_1_635' title='bbox 2514 2809 2584 2864; x_wconf 79' lang='grc' dir='ltr'><strong>τά</strong></span> <span class='ocrx_word' id='word_1_636' title='bbox 2611 2812 2865 2883; x_wconf 87' lang='grc' dir='ltr'>κρείττω,</span> <span class='ocrx_word' id='word_1_637' title='bbox 2914 2813 3008 2866; x_wconf 75' lang='grc' dir='ltr'><strong>καὶ</strong></span> <span class='ocrx_word' id='word_1_638' title='bbox 3061 2813 3152 2867; x_wconf 81' lang='grc' dir='ltr'><strong>τὸν</strong></span> <span class='ocrx_word' id='word_1_639' title='bbox 3196 2812 3329 2865; x_wconf 81' lang='grc' dir='ltr'>Θεὸν</span> <span class='ocrx_word' id='word_1_640' title='bbox 3373 2809 3792 2879; x_wconf 81' lang='grc' dir='ltr'>ἐπεγνωκότων,</span> 
     </span>
    </p>
   </div>
   <div class='ocr_carea' id='block_1_86' title="bbox 2206 2900 3794 2976">
    <p class='ocr_par' dir='ltr' id='par_1_86' title="bbox 2206 2900 3794 2976">
     <span class='ocr_line' id='line_1_86' title="bbox 2206 2900 3794 2976; baseline 0.003 -23"><span class='ocrx_word' id='word_1_641' title='bbox 2206 2900 2321 2970; x_wconf 77' lang='grc' dir='ltr'><strong>ἅμα</strong></span> <span class='ocrx_word' id='word_1_642' title='bbox 2345 2900 2423 2971; x_wconf 84' lang='grc' dir='ltr'>τῷ</span> <span class='ocrx_word' id='word_1_643' title='bbox 2440 2902 2690 2974; x_wconf 80' lang='grc' dir='ltr'>ὑμετέρῳ</span> <span class='ocrx_word' id='word_1_644' title='bbox 2716 2903 2925 2973; x_wconf 86' lang='grc' dir='ltr'>βασιλεί</span> <span class='ocrx_word' id='word_1_645' title='bbox 2965 2903 3201 2976; x_wconf 79' lang='grc' dir='ltr'>Ἐζεκίᾳ.</span> <span class='ocrx_word' id='word_1_646' title='bbox 3226 2906 3320 2958; x_wconf 75' lang='grc' dir='ltr'><strong>καὶ</strong></span> <span class='ocrx_word' id='word_1_647' title='bbox 3351 2907 3383 2975; x_wconf 82' lang='grc' dir='ltr'><strong>ή</strong></span> <span class='ocrx_word' id='word_1_648' title='bbox 3414 2904 3794 2976; x_wconf 86' lang='grc' dir='ltr'>ἀγανάκτησίς</span> 
     </span>
    </p>
   </div>
   <div class='ocr_carea' id='block_1_87' title="bbox 2209 2996 3792 3070">
    <p class='ocr_par' dir='ltr' id='par_1_87' title="bbox 2209 2996 3792 3070">
     <span class='ocr_line' id='line_1_87' title="bbox 2209 2996 3792 3070; baseline 0.002 -22"><span class='ocrx_word' id='word_1_649' title='bbox 2209 3013 2309 3066; x_wconf 86' lang='grc' dir='ltr'><strong>μου</strong></span> <span class='ocrx_word' id='word_1_650' title='bbox 2345 2997 2378 3066; x_wconf 87' lang='grc' dir='ltr'>ἠ</span> <span class='ocrx_word' id='word_1_651' title='bbox 2421 2996 2543 3050; x_wconf 79' lang='grc' dir='ltr'>καθ’</span> <span class='ocrx_word' id='word_1_652' title='bbox 2577 2996 2730 3068; x_wconf 83' lang='grc' dir='ltr'>ὑμῶν</span> <span class='ocrx_word' id='word_1_653' title='bbox 2771 2997 3068 3051; x_wconf 81' lang='grc' dir='ltr'>παύσεται’</span> <span class='ocrx_word' id='word_1_654' title='bbox 3105 2997 3238 3070; x_wconf 80' lang='grc' dir='ltr'>ἐμοῦ</span> <span class='ocrx_word' id='word_1_655' title='bbox 3279 2998 3335 3051; x_wconf 81' lang='grc' dir='ltr'>δὲ</span> <span class='ocrx_word' id='word_1_656' title='bbox 3372 2999 3474 3068; x_wconf 79' lang='grc' dir='ltr'>τῆς</span> <span class='ocrx_word' id='word_1_657' title='bbox 3515 2999 3792 3070; x_wconf 80' lang='grc' dir='ltr'>ὑμετέρας</span> 
     </span>
    </p>
   </div>
   <div class='ocr_carea' id='block_1_88' title="bbox 2206 3086 3793 3161">
    <p class='ocr_par' dir='ltr' id='par_1_88' title="bbox 2206 3086 3793 3161">
     <span class='ocr_line' id='line_1_88' title="bbox 2206 3086 3793 3161; baseline 0 -22"><span class='ocrx_word' id='word_1_658' title='bbox 2206 3087 2480 3159; x_wconf 81' lang='grc' dir='ltr'>σωτηρίας</span> <span class='ocrx_word' id='word_1_659' title='bbox 2543 3087 3044 3161; x_wconf 79' lang='grc' dir='ltr'>ὑπερασπίζοντος,</span> <span class='ocrx_word' id='word_1_660' title='bbox 3105 3086 3358 3156; x_wconf 82' lang='grc' dir='ltr'>φεύξεται</span> <span class='ocrx_word' id='word_1_661' title='bbox 3415 3089 3443 3140; x_wconf 93' lang='lat'><strong>6</strong></span> <span class='ocrx_word' id='word_1_662' title='bbox 3504 3086 3793 3159; x_wconf 84' lang='grc' dir='ltr'>Ἀσσύριος</span> 
     </span>
    </p>
   </div>
   <div class='ocr_carea' id='block_1_89' title="bbox 2205 3175 3794 3250">
    <p class='ocr_par' dir='ltr' id='par_1_89' title="bbox 2205 3175 3794 3250">
     <span class='ocr_line' id='line_1_89' title="bbox 2205 3175 3794 3250; baseline -0.001 -18"><span class='ocrx_word' id='word_1_663' title='bbox 2205 3179 2551 3248; x_wconf 81' lang='grc' dir='ltr'>ἀσχημόνως,</span> <span class='ocrx_word' id='word_1_664' title='bbox 2599 3178 2686 3232; x_wconf 75' lang='grc' dir='ltr'><strong>διὰ</strong></span> <span class='ocrx_word' id='word_1_665' title='bbox 2723 3179 2824 3250; x_wconf 84' lang='grc' dir='ltr'>τῆς</span> <span class='ocrx_word' id='word_1_666' title='bbox 2863 3179 3134 3250; x_wconf 84' lang='grc' dir='ltr'>ὑμετέρας</span> <span class='ocrx_word' id='word_1_667' title='bbox 3167 3178 3350 3249; x_wconf 83' lang='grc' dir='ltr'>χώρας</span> <span class='ocrx_word' id='word_1_668' title='bbox 3395 3177 3490 3231; x_wconf 76' lang='grc' dir='ltr'>καὶ</span> <span class='ocrx_word' id='word_1_669' title='bbox 3541 3176 3633 3230; x_wconf 84' lang='grc' dir='ltr'>διὰ</span> <span class='ocrx_word' id='word_1_670' title='bbox 3681 3175 3794 3232; x_wconf 71' lang='grc' dir='ltr'>τῶν</span> 
     </span>
    </p>
   </div>
   <div class='ocr_carea' id='block_1_90' title="bbox 2206 3269 3613 3342">
    <p class='ocr_par' dir='ltr' id='par_1_90' title="bbox 2206 3269 3613 3342">
     <span class='ocr_line' id='line_1_90' title="bbox 2206 3269 3613 3342; baseline -0.001 -18"><span class='ocrx_word' id='word_1_671' title='bbox 2206 3271 2487 3342; x_wconf 82' lang='grc' dir='ltr'>ὑμετέρων</span> <span class='ocrx_word' id='word_1_672' title='bbox 2512 3271 2718 3326; x_wconf 85' lang='grc' dir='ltr'>πόλεων</span> <span class='ocrx_word' id='word_1_673' title='bbox 2743 3271 2906 3325; x_wconf 85' lang='grc' dir='ltr'>τόπον</span> <span class='ocrx_word' id='word_1_674' title='bbox 2938 3274 3002 3325; x_wconf 81' lang='grc' dir='ltr'><strong>ἐκ</strong></span> <span class='ocrx_word' id='word_1_675' title='bbox 3023 3270 3189 3324; x_wconf 86' lang='grc' dir='ltr'>τόπου</span> <span class='ocrx_word' id='word_1_676' title='bbox 3219 3269 3613 3342; x_wconf 60' lang='grc' dir='ltr'>διαδιδράσκων</span> 
     </span>
    </p>
   </div>
   <div class='ocr_carea' id='block_1_91' title="bbox 2281 3401 3793 3474">
    <p class='ocr_par' dir='ltr' id='par_1_91' title="bbox 2281 3401 3793 3474">
     <span class='ocr_line' id='line_1_91' title="bbox 2281 3401 3793 3474; baseline 0.003 -22"><span class='ocrx_word' id='word_1_677' title='bbox 2281 3420 2298 3451; x_wconf 80' lang='lat' dir='ltr'><strong>t</strong></span> <span class='ocrx_word' id='word_1_678' title='bbox 2339 3401 2448 3454; x_wconf 71' lang='grc' dir='ltr'><strong>Καὶ</strong></span> <span class='ocrx_word' id='word_1_679' title='bbox 2483 3402 2633 3456; x_wconf 74' lang='grc' dir='ltr'>ἔσται</span> <span class='ocrx_word' id='word_1_680' title='bbox 2675 3402 2734 3456; x_wconf 88' lang='grc' dir='ltr'><strong>ἐν</strong></span> <span class='ocrx_word' id='word_1_681' title='bbox 2778 3405 2843 3473; x_wconf 80' lang='grc' dir='ltr'>τῇ</span> <span class='ocrx_word' id='word_1_682' title='bbox 2881 3403 3067 3474; x_wconf 77' lang='grc' dir='ltr'>ἡμέρα</span> <span class='ocrx_word' id='word_1_683' title='bbox 3118 3402 3325 3474; x_wconf 79' lang='grc' dir='ltr'>ἐκείνῃ,</span> <span class='ocrx_word' id='word_1_684' title='bbox 3355 3401 3793 3474; x_wconf 77' lang='grc' dir='ltr'>ἀφαιρεθήσεται</span> 
     </span>
    </p>
   </div>
   <div class='ocr_carea' id='block_1_92' title="bbox 2205 3491 3790 3566">
    <p class='ocr_par' dir='ltr' id='par_1_92' title="bbox 2205 3491 3790 3566">
     <span class='ocr_line' id='line_1_92' title="bbox 2205 3491 3790 3566; baseline 0.001 -21"><span class='ocrx_word' id='word_1_685' title='bbox 2205 3491 2413 3561; x_wconf 82' lang='grc' dir='ltr'>ὁζυγὸς</span> <span class='ocrx_word' id='word_1_686' title='bbox 2444 3493 2609 3547; x_wconf 80' lang='grc' dir='ltr'>αὑτοῦ</span> <span class='ocrx_word' id='word_1_687' title='bbox 2644 3495 2751 3548; x_wconf 84' lang='grc' dir='ltr'>ἀπὸ</span> <span class='ocrx_word' id='word_1_688' title='bbox 2779 3496 2874 3548; x_wconf 81' lang='grc' dir='ltr'>τοῦ</span> <span class='ocrx_word' id='word_1_689' title='bbox 2913 3493 3062 3566; x_wconf 82' lang='grc' dir='ltr'>ὥμου</span> <span class='ocrx_word' id='word_1_690' title='bbox 3100 3512 3214 3558; x_wconf 89' lang='grc' dir='ltr'>σου,</span> <span class='ocrx_word' id='word_1_691' title='bbox 3247 3494 3340 3548; x_wconf 71' lang='grc' dir='ltr'><strong>καὶ</strong></span> <span class='ocrx_word' id='word_1_692' title='bbox 3369 3495 3398 3546; x_wconf 92' lang='lat'><strong>6</strong></span> <span class='ocrx_word' id='word_1_693' title='bbox 3421 3494 3584 3563; x_wconf 72' lang='grc' dir='ltr'>φόϐος</span> <span class='ocrx_word' id='word_1_694' title='bbox 3621 3493 3790 3548; x_wconf 79' lang='grc' dir='ltr'>αὑτοῦ</span> 
     </span>
    </p>
   </div>
   <div class='ocr_carea' id='block_1_93' title="bbox 2204 3583 3790 3657">
    <p class='ocr_par' dir='ltr' id='par_1_93' title="bbox 2204 3583 3790 3657">
     <span class='ocr_line' id='line_1_93' title="bbox 2204 3583 3790 3657; baseline 0.003 -22"><span class='ocrx_word' id='word_1_695' title='bbox 2204 3583 2295 3636; x_wconf 77' lang='grc' dir='ltr'><strong>ἐπὶ</strong></span> <span class='ocrx_word' id='word_1_696' title='bbox 2320 3583 2437 3646; x_wconf 80' lang='grc' dir='ltr'>σοῦ,</span> <span class='ocrx_word' id='word_1_697' title='bbox 2473 3586 2565 3636; x_wconf 78' lang='grc' dir='ltr'><strong>καὶ</strong></span> <span class='ocrx_word' id='word_1_698' title='bbox 2599 3585 3078 3657; x_wconf 81' lang='grc' dir='ltr'>καταφθαρήσεται</span> <span class='ocrx_word' id='word_1_699' title='bbox 3101 3587 3129 3638; x_wconf 87' lang='lat'><strong>6</strong></span> <span class='ocrx_word' id='word_1_700' title='bbox 3157 3585 3321 3654; x_wconf 73' lang='grc' dir='ltr'>ζυγὸς</span> <span class='ocrx_word' id='word_1_701' title='bbox 3351 3586 3459 3639; x_wconf 81' lang='grc' dir='ltr'>ἀπὸ</span> <span class='ocrx_word' id='word_1_702' title='bbox 3491 3586 3598 3639; x_wconf 85' lang='grc' dir='ltr'><strong>τῶν</strong></span> <span class='ocrx_word' id='word_1_703' title='bbox 3620 3584 3790 3656; x_wconf 78' lang='grc' dir='ltr'>ὤμων</span> 
     </span>
    </p>
   </div>
   <div class='ocr_carea' id='block_1_94' title="bbox 2205 3674 3790 3749">
    <p class='ocr_par' dir='ltr' id='par_1_94' title="bbox 2205 3674 3790 3749">
     <span class='ocr_line' id='line_1_94' title="bbox 2205 3674 3790 3749; baseline 0.001 -20"><span class='ocrx_word' id='word_1_704' title='bbox 2205 3675 2378 3746; x_wconf 83' lang='grc' dir='ltr'>ὑμῶν.</span> <span class='ocrx_word' id='word_1_705' title='bbox 2411 3674 2565 3739; x_wconf 75' lang='grc' dir='ltr'>’Ἥξει</span> <span class='ocrx_word' id='word_1_706' title='bbox 2597 3676 2707 3749; x_wconf 83' lang='grc' dir='ltr'>γὰρ</span> <span class='ocrx_word' id='word_1_707' title='bbox 2733 3680 2813 3740; x_wconf 87' lang='grc' dir='ltr'><strong>είς</strong></span> <span class='ocrx_word' id='word_1_708' title='bbox 2834 3677 2933 3749; x_wconf 82' lang='grc' dir='ltr'><strong>τὴν</strong></span> <span class='ocrx_word' id='word_1_709' title='bbox 2960 3678 3114 3731; x_wconf 87' lang='grc' dir='ltr'>πόλιν</span> <span class='ocrx_word' id='word_1_710' title='bbox 3156 3679 3368 3747; x_wconf 72' lang='grc' dir='ltr'>Ἀγγαὶ,</span> <span class='ocrx_word' id='word_1_711' title='bbox 3405 3678 3498 3731; x_wconf 68' lang='grc' dir='ltr'>καὶ</span> <span class='ocrx_word' id='word_1_712' title='bbox 3524 3677 3790 3749; x_wconf 83' lang='grc' dir='ltr'>παρελεύ-</span> 
     </span>
    </p>
   </div>
   <div class='ocr_carea' id='block_1_95' title="bbox 2207 3766 3786 3842">
    <p class='ocr_par' dir='ltr' id='par_1_95' title="bbox 2207 3766 3786 3842">
     <span class='ocr_line' id='line_1_95' title="bbox 2207 3766 3786 3842; baseline 0.003 -23"><span class='ocrx_word' id='word_1_713' title='bbox 2207 3784 2359 3820; x_wconf 83' lang='grc' dir='ltr'>σεται</span> <span class='ocrx_word' id='word_1_714' title='bbox 2387 3769 2465 3830; x_wconf 85' lang='grc' dir='ltr'><strong>εῐς</strong></span> <span class='ocrx_word' id='word_1_715' title='bbox 2502 3766 2794 3836; x_wconf 86' lang='grc' dir='ltr'>Μαγγεδὼ,</span> <span class='ocrx_word' id='word_1_716' title='bbox 2827 3769 2921 3821; x_wconf 80' lang='grc' dir='ltr'><strong>καὶ</strong></span> <span class='ocrx_word' id='word_1_717' title='bbox 2951 3771 3008 3823; x_wconf 83' lang='grc' dir='ltr'>ὲν</span> <span class='ocrx_word' id='word_1_718' title='bbox 3035 3769 3276 3841; x_wconf 80' lang='grc' dir='ltr'>Μαχμὰς</span> <span class='ocrx_word' id='word_1_719' title='bbox 3320 3769 3477 3840; x_wconf 85' lang='grc' dir='ltr'>θήσει</span> <span class='ocrx_word' id='word_1_720' title='bbox 3503 3769 3570 3823; x_wconf 79' lang='grc' dir='ltr'><strong>τά</strong></span> <span class='ocrx_word' id='word_1_721' title='bbox 3615 3769 3786 3842; x_wconf 88' lang='grc' dir='ltr'>σκεύη</span> 
     </span>
    </p>
   </div>
   <div class='ocr_carea' id='block_1_96' title="bbox 2203 3859 3789 3934">
    <p class='ocr_par' dir='ltr' id='par_1_96' title="bbox 2203 3859 3789 3934">
     <span class='ocr_line' id='line_1_96' title="bbox 2203 3859 3789 3934; baseline 0.002 -21"><span class='ocrx_word' id='word_1_722' title='bbox 2203 3859 2388 3916; x_wconf 81' lang='grc' dir='ltr'>αὐτοῦ.</span> <span class='ocrx_word' id='word_1_723' title='bbox 2450 3860 2561 3914; x_wconf 73' lang='grc' dir='ltr'>Καὶ</span> <span class='ocrx_word' id='word_1_724' title='bbox 2596 3860 2990 3932; x_wconf 87' lang='grc' dir='ltr'>παρελεύσεται</span> <span class='ocrx_word' id='word_1_725' title='bbox 3030 3862 3324 3934; x_wconf 82' lang='grc' dir='ltr'>φάραγγα,</span> <span class='ocrx_word' id='word_1_726' title='bbox 3382 3861 3477 3915; x_wconf 75' lang='grc' dir='ltr'>καὶ</span> <span class='ocrx_word' id='word_1_727' title='bbox 3521 3862 3643 3933; x_wconf 77' lang='grc' dir='ltr'>ἥξει</span> <span class='ocrx_word' id='word_1_728' title='bbox 3707 3865 3789 3926; x_wconf 82' lang='grc' dir='ltr'><strong>είς</strong></span> 
     </span>
    </p>
   </div>
   <div class='ocr_carea' id='block_1_97' title="bbox 2215 3949 3787 4023">
    <p class='ocr_par' dir='ltr' id='par_1_97' title="bbox 2215 3949 3787 4023">
     <span class='ocr_line' id='line_1_97' title="bbox 2215 3949 3787 4023; baseline 0.003 -21"><span class='ocrx_word' id='word_1_729' title='bbox 2215 3949 2428 4018; x_wconf 86' lang='grc' dir='ltr'>Ἀγγαί.</span> <span class='ocrx_word' id='word_1_730' title='bbox 2450 3949 2617 4014; x_wconf 80' lang='grc' dir='ltr'>Φόϐος</span> <span class='ocrx_word' id='word_1_731' title='bbox 2647 3950 2877 4021; x_wconf 67' lang='grc' dir='ltr'>λήψεται</span> <span class='ocrx_word' id='word_1_732' title='bbox 2923 3950 3102 4023; x_wconf 75' lang='grc' dir='ltr'>Ῥαμὰ</span> <span class='ocrx_word' id='word_1_733' title='bbox 3126 3952 3281 4006; x_wconf 87' lang='grc' dir='ltr'>πόλιν</span> <span class='ocrx_word' id='word_1_734' title='bbox 3301 3951 3495 4006; x_wconf 90' lang='grc' dir='ltr'>Σαούλ.</span> <span class='ocrx_word' id='word_1_735' title='bbox 3523 3953 3787 4017; x_wconf 76' lang='grc' dir='ltr'>Φεύξεται</span> 
     </span>
    </p>
   </div>
   <div class='ocr_carea' id='block_1_98' title="bbox 2202 4031 3784 4114">
    <p class='ocr_par' dir='ltr' id='par_1_98' title="bbox 2202 4031 3784 4114">
     <span class='ocr_line' id='line_1_98' title="bbox 2202 4031 3784 4114; baseline 0.002 -20"><span class='ocrx_word' id='word_1_736' title='bbox 2202 4031 2448 4114; x_wconf 79' lang='grc' dir='ltr'>θυγάτηρ</span> <span class='ocrx_word' id='word_1_737' title='bbox 2479 4041 2751 4112; x_wconf 87' lang='grc' dir='ltr'>Γαλλείμ·</span> <span class='ocrx_word' id='word_1_738' title='bbox 2790 4041 3155 4097; x_wconf 78' lang='grc' dir='ltr'>ἐπακούσεται</span> <span class='ocrx_word' id='word_1_739' title='bbox 3203 4045 3262 4098; x_wconf 81' lang='grc' dir='ltr'><strong>ἐν</strong></span> <span class='ocrx_word' id='word_1_740' title='bbox 3307 4045 3506 4111; x_wconf 79' lang='grc' dir='ltr'>Λαῖσὰ,</span> <span class='ocrx_word' id='word_1_741' title='bbox 3539 4045 3784 4098; x_wconf 76' lang='grc' dir='ltr'>ἐπακούο</span> 
     </span>
    </p>
   </div>
   <div class='ocr_carea' id='block_1_99' title="bbox 2202 4141 3785 4214">
    <p class='ocr_par' dir='ltr' id='par_1_99' title="bbox 2202 4141 3785 4214">
     <span class='ocr_line' id='line_1_99' title="bbox 2202 4141 3785 4214; baseline 0.003 -21"><span class='ocrx_word' id='word_1_742' title='bbox 2202 4155 2352 4194; x_wconf 87' lang='grc' dir='ltr'>σεται</span> <span class='ocrx_word' id='word_1_743' title='bbox 2387 4143 2443 4193; x_wconf 82' lang='grc' dir='ltr'><strong>ἐν</strong></span> <span class='ocrx_word' id='word_1_744' title='bbox 2472 4141 2730 4196; x_wconf 83' lang='grc' dir='ltr'>Ἀναθὼθ.</span> <span class='ocrx_word' id='word_1_745' title='bbox 2765 4143 2872 4195; x_wconf 73' lang='grc' dir='ltr'>Καὶ</span> <span class='ocrx_word' id='word_1_746' title='bbox 2893 4142 3084 4213; x_wconf 80' lang='grc' dir='ltr'>ἐξέστη</span> <span class='ocrx_word' id='word_1_747' title='bbox 3114 4143 3426 4214; x_wconf 80' lang='grc' dir='ltr'>Μαδεϐηνὰ,</span> <span class='ocrx_word' id='word_1_748' title='bbox 3452 4145 3545 4198; x_wconf 79' lang='grc' dir='ltr'><strong>καὶ</strong></span> <span class='ocrx_word' id='word_1_749' title='bbox 3576 4147 3625 4198; x_wconf 75' lang='grc' dir='ltr'>οἱ</span> <span class='ocrx_word' id='word_1_750' title='bbox 3649 4162 3785 4210; x_wconf 72' lang='grc' dir='ltr'>κατ-</span> 
     </span>
    </p>
   </div>
   <div class='ocr_carea' id='block_1_100' title="bbox 2199 4232 3783 4308">
    <p class='ocr_par' dir='ltr' id='par_1_100' title="bbox 2199 4232 3783 4308">
     <span class='ocr_line' id='line_1_100' title="bbox 2199 4232 3783 4308; baseline 0.003 -25"><span class='ocrx_word' id='word_1_751' title='bbox 2199 4232 2476 4296; x_wconf 85' lang='grc' dir='ltr'>οικοῦντες</span> <span class='ocrx_word' id='word_1_752' title='bbox 2517 4232 2759 4304; x_wconf 86' lang='grc' dir='ltr'>Γιϐϐείρ.</span> <span class='ocrx_word' id='word_1_753' title='bbox 2791 4233 3163 4306; x_wconf 81' lang='grc' dir='ltr'>Παρακαλεῖτε</span> <span class='ocrx_word' id='word_1_754' title='bbox 3200 4236 3438 4307; x_wconf 81' lang='grc' dir='ltr'>σήμερον</span> <span class='ocrx_word' id='word_1_755' title='bbox 3467 4238 3523 4290; x_wconf 82' lang='grc' dir='ltr'><strong>ἐν</strong></span> <span class='ocrx_word' id='word_1_756' title='bbox 3553 4236 3661 4308; x_wconf 80' lang='grc' dir='ltr'><strong>ὁδῷ</strong></span> <span class='ocrx_word' id='word_1_757' title='bbox 3689 4236 3783 4290; x_wconf 74' lang='grc' dir='ltr'>τοῦ</span> 
     </span>
    </p>
   </div>
   <div class='ocr_carea' id='block_1_101' title="bbox 2201 4324 3784 4402">
    <p class='ocr_par' dir='ltr' id='par_1_101' title="bbox 2201 4324 3784 4402">
     <span class='ocr_line' id='line_1_101' title="bbox 2201 4324 3784 4402; baseline 0.008 -29"><span class='ocrx_word' id='word_1_758' title='bbox 2201 4325 2401 4391; x_wconf 85' lang='grc' dir='ltr'>μεῖναι.</span> <span class='ocrx_word' id='word_1_759' title='bbox 2445 4324 2824 4394; x_wconf 86' lang='grc' dir='ltr'>Παρακαλεῖτε</span> <span class='ocrx_word' id='word_1_760' title='bbox 2857 4329 2923 4396; x_wconf 84' lang='grc' dir='ltr'>τῇ</span> <span class='ocrx_word' id='word_1_761' title='bbox 2953 4327 3097 4397; x_wconf 77' lang='grc' dir='ltr'>χειρὶ</span> <span class='ocrx_word' id='word_1_762' title='bbox 3128 4328 3188 4380; x_wconf 82' lang='grc' dir='ltr'>τὸ</span> <span class='ocrx_word' id='word_1_763' title='bbox 3219 4329 3345 4400; x_wconf 78' lang='grc' dir='ltr'>ὅρος</span> <span class='ocrx_word' id='word_1_764' title='bbox 3367 4329 3465 4400; x_wconf 82' lang='grc' dir='ltr'><strong>τὴν</strong></span> <span class='ocrx_word' id='word_1_765' title='bbox 3505 4330 3784 4402; x_wconf 80' lang='grc' dir='ltr'>θυγατέρα</span> 
     </span>
    </p>
   </div>
   <div class='ocr_carea' id='block_1_102' title="bbox 2198 4413 3786 4491">
    <p class='ocr_par' dir='ltr' id='par_1_102' title="bbox 2198 4413 3786 4491">
     <span class='ocr_line' id='line_1_102' title="bbox 2198 4413 3786 4491; baseline 0.007 -26"><span class='ocrx_word' id='word_1_766' title='bbox 2198 4413 2357 4476; x_wconf 88' lang='grc' dir='ltr'>Σιὼν,</span> <span class='ocrx_word' id='word_1_767' title='bbox 2392 4414 2487 4467; x_wconf 70' lang='grc' dir='ltr'><strong>καὶ</strong></span> <span class='ocrx_word' id='word_1_768' title='bbox 2517 4416 2566 4467; x_wconf 79' lang='grc' dir='ltr'><strong>οἱ</strong></span> <span class='ocrx_word' id='word_1_769' title='bbox 2599 4414 2779 4484; x_wconf 76' lang='grc' dir='ltr'>βουνοὶ</span> <span class='ocrx_word' id='word_1_770' title='bbox 2807 4419 2854 4470; x_wconf 78' lang='grc' dir='ltr'>οἱ</span> <span class='ocrx_word' id='word_1_771' title='bbox 2882 4419 2938 4470; x_wconf 91' lang='grc' dir='ltr'><strong>ἐν</strong></span> <span class='ocrx_word' id='word_1_772' title='bbox 2967 4419 3337 4491; x_wconf 87' lang='grc' dir='ltr'>Ἰερουσαλήμ.</span> <span class='ocrx_word' id='word_1_773' title='bbox 3375 4422 3504 4474; x_wconf 84' lang='grc' dir='ltr'>Ἰδοὺ</span> <span class='ocrx_word' id='word_1_774' title='bbox 3537 4423 3565 4474; x_wconf 88' lang='lat'><strong>6</strong></span> <span class='ocrx_word' id='word_1_775' title='bbox 3591 4421 3786 4476; x_wconf 86' lang='grc' dir='ltr'>δεσπό-</span> 
     </span>
    </p>
   </div>
   <div class='ocr_carea' id='block_1_103' title="bbox 2196 4505 3784 4586">
    <p class='ocr_par' dir='ltr' id='par_1_103' title="bbox 2196 4505 3784 4586">
     <span class='ocr_line' id='line_1_103' title="bbox 2196 4505 3784 4586; baseline 0.008 -29"><span class='ocrx_word' id='word_1_776' title='bbox 2196 4521 2295 4575; x_wconf 89' lang='grc' dir='ltr'><strong>της</strong></span> <span class='ocrx_word' id='word_1_777' title='bbox 2316 4505 2518 4577; x_wconf 84' lang='grc' dir='ltr'>Κύριος</span> <span class='ocrx_word' id='word_1_778' title='bbox 2552 4505 2777 4560; x_wconf 84' lang='grc' dir='ltr'>Σαϐαὼθ</span> <span class='ocrx_word' id='word_1_779' title='bbox 2808 4509 3165 4581; x_wconf 79' lang='grc' dir='ltr'>συνταράσσει</span> <span class='ocrx_word' id='word_1_780' title='bbox 3191 4513 3318 4576; x_wconf 77' lang='grc' dir='ltr'>τοὺς</span> <span class='ocrx_word' id='word_1_781' title='bbox 3347 4513 3590 4578; x_wconf 80' lang='grc' dir='ltr'>ἐνδόξους</span> <span class='ocrx_word' id='word_1_782' title='bbox 3644 4515 3784 4586; x_wconf 82' lang='grc' dir='ltr'>μετά</span> 
     </span>
    </p>
   </div>
   <div class='ocr_carea' id='block_1_104' title="bbox 2203 4597 3782 4676">
    <p class='ocr_par' dir='ltr' id='par_1_104' title="bbox 2203 4597 3782 4676">
     <span class='ocr_line' id='line_1_104' title="bbox 2203 4597 3782 4676; baseline 0.006 -26"><span class='ocrx_word' id='word_1_783' title='bbox 2203 4597 2410 4667; x_wconf 74' lang='grc' dir='ltr'>ἰσχύοςο</span> <span class='ocrx_word' id='word_1_784' title='bbox 2453 4598 2548 4652; x_wconf 70' lang='grc' dir='ltr'><strong>καὶ</strong></span> <span class='ocrx_word' id='word_1_785' title='bbox 2579 4600 2627 4652; x_wconf 90' lang='grc' dir='ltr'>οἱ</span> <span class='ocrx_word' id='word_1_786' title='bbox 2656 4598 2850 4670; x_wconf 75' lang='grc' dir='ltr'>ὑψηλοὶ</span> <span class='ocrx_word' id='word_1_787' title='bbox 2879 4604 2943 4672; x_wconf 80' lang='grc' dir='ltr'>τῇ</span> <span class='ocrx_word' id='word_1_788' title='bbox 2973 4601 3132 4674; x_wconf 76' lang='grc' dir='ltr'>ὕϐρει</span> <span class='ocrx_word' id='word_1_789' title='bbox 3178 4605 3648 4676; x_wconf 83' lang='grc' dir='ltr'>συντριϐήσονται,</span> <span class='ocrx_word' id='word_1_790' title='bbox 3687 4608 3782 4660; x_wconf 72' lang='grc' dir='ltr'>καὶ</span> 
     </span>
    </p>
   </div>
   <div class='ocr_carea' id='block_1_105' title="bbox 2197 4690 3782 4769">
    <p class='ocr_par' dir='ltr' id='par_1_105' title="bbox 2197 4690 3782 4769">
     <span class='ocr_line' id='line_1_105' title="bbox 2197 4690 3782 4769; baseline 0.006 -27"><span class='ocrx_word' id='word_1_791' title='bbox 2197 4690 2715 4762; x_wconf 86' lang='grc' dir='ltr'>ταπεινωθήσονται.</span> <span class='ocrx_word' id='word_1_792' title='bbox 2749 4711 2767 4743; x_wconf 75' lang='grc' dir='ltr'><strong>ι</strong></span> <span class='ocrx_word' id='word_1_793' title='bbox 2797 4694 2867 4747; x_wconf 82' lang='grc' dir='ltr'><strong>Σὺ</strong></span> <span class='ocrx_word' id='word_1_794' title='bbox 2904 4695 3002 4765; x_wconf 84' lang='grc' dir='ltr'>μὲν</span> <span class='ocrx_word' id='word_1_795' title='bbox 3029 4691 3142 4760; x_wconf 80' lang='grc' dir='ltr'>οὖν,</span> <span class='ocrx_word' id='word_1_796' title='bbox 3185 4696 3348 4769; x_wconf 69' lang='grc' dir='ltr'>φησὶν</span> <span class='ocrx_word' id='word_1_797' title='bbox 3373 4697 3510 4768; x_wconf 80' lang='grc' dir='ltr'>πρὸς</span> <span class='ocrx_word' id='word_1_798' title='bbox 3540 4697 3631 4751; x_wconf 78' lang='grc' dir='ltr'>τὸν</span> <span class='ocrx_word' id='word_1_799' title='bbox 3653 4697 3782 4752; x_wconf 72' lang='grc' dir='ltr'>λαὸν</span> 
     </span>
    </p>
   </div>
   <div class='ocr_carea' id='block_1_106' title="bbox 2197 4781 3785 4860">
    <p class='ocr_par' dir='ltr' id='par_1_106' title="bbox 2197 4781 3785 4860">
     <span class='ocr_line' id='line_1_106' title="bbox 2197 4781 3785 4860; baseline 0.004 -25"><span class='ocrx_word' id='word_1_800' title='bbox 2197 4781 2385 4845; x_wconf 77' lang='grc' dir='ltr'>αὑτοῦ,</span> <span class='ocrx_word' id='word_1_801' title='bbox 2426 4781 2525 4856; x_wconf 77' lang='grc' dir='ltr'>ἐσῃ</span> <span class='ocrx_word' id='word_1_802' title='bbox 2555 4782 2842 4856; x_wconf 87' lang='grc' dir='ltr'>ἐλεύθερος</span> <span class='ocrx_word' id='word_1_803' title='bbox 2873 4787 2964 4840; x_wconf 78' lang='grc' dir='ltr'><strong>καὶ</strong></span> <span class='ocrx_word' id='word_1_804' title='bbox 2992 4788 3191 4850; x_wconf 83' lang='grc' dir='ltr'>παντὸς</span> <span class='ocrx_word' id='word_1_805' title='bbox 3221 4787 3640 4860; x_wconf 83' lang='grc' dir='ltr'>ἀπηλλαγμένος</span> <span class='ocrx_word' id='word_1_806' title='bbox 3685 4790 3785 4859; x_wconf 81' lang='grc' dir='ltr'><strong>φό·</strong></span> 
     </span>
    </p>
   </div>
   <div class='ocr_carea' id='block_1_107' title="bbox 2197 4875 3782 4952">
    <p class='ocr_par' dir='ltr' id='par_1_107' title="bbox 2197 4875 3782 4952">
     <span class='ocr_line' id='line_1_107' title="bbox 2197 4875 3782 4952; baseline 0.003 -25"><span class='ocrx_word' id='word_1_807' title='bbox 2197 4875 2293 4927; x_wconf 88' lang='grc' dir='ltr'><strong>ϐου</strong></span> <span class='ocrx_word' id='word_1_808' title='bbox 2313 4893 2326 4905; x_wconf 72' lang='grc' dir='ltr'><strong><em>ο</em></strong></span> <span class='ocrx_word' id='word_1_809' title='bbox 2360 4877 2389 4928; x_wconf 87' lang='lat'><strong>6</strong></span> <span class='ocrx_word' id='word_1_810' title='bbox 2423 4876 2480 4929; x_wconf 78' lang='grc' dir='ltr'>δὲ</span> <span class='ocrx_word' id='word_1_811' title='bbox 2519 4877 2758 4946; x_wconf 84' lang='grc' dir='ltr'>φεύγων,</span> <span class='ocrx_word' id='word_1_812' title='bbox 2796 4877 3058 4950; x_wconf 87' lang='grc' dir='ltr'>πρότερον</span> <span class='ocrx_word' id='word_1_813' title='bbox 3096 4879 3196 4950; x_wconf 85' lang='grc' dir='ltr'><strong>μὲν</strong></span> <span class='ocrx_word' id='word_1_814' title='bbox 3225 4879 3346 4950; x_wconf 79' lang='grc' dir='ltr'>ἥξει</span> <span class='ocrx_word' id='word_1_815' title='bbox 3380 4882 3462 4944; x_wconf 86' lang='grc' dir='ltr'><strong>είς</strong></span> <span class='ocrx_word' id='word_1_816' title='bbox 3492 4882 3592 4952; x_wconf 80' lang='grc' dir='ltr'>τὴν</span> <span class='ocrx_word' id='word_1_817' title='bbox 3625 4879 3782 4934; x_wconf 89' lang='grc' dir='ltr'>πόλιν</span> 
     </span>
    </p>
   </div>
   <div class='ocr_carea' id='block_1_108' title="bbox 2208 4962 3778 5043">
    <p class='ocr_par' dir='ltr' id='par_1_108' title="bbox 2208 4962 3778 5043">
     <span class='ocr_line' id='line_1_108' title="bbox 2208 4962 3778 5043; baseline 0.004 -25"><span class='ocrx_word' id='word_1_818' title='bbox 2208 4965 2400 5034; x_wconf 86' lang='grc' dir='ltr'>Ἀγγαί</span> <span class='ocrx_word' id='word_1_819' title='bbox 2419 4983 2432 4996; x_wconf 85' lang='grc'><strong>·</strong></span> <span class='ocrx_word' id='word_1_820' title='bbox 2473 4962 2592 5029; x_wconf 70' lang='grc' dir='ltr'>εἶτα</span> <span class='ocrx_word' id='word_1_821' title='bbox 2623 4967 2831 5021; x_wconf 87' lang='grc' dir='ltr'>ἐκεῖθεν</span> <span class='ocrx_word' id='word_1_822' title='bbox 2855 4969 3248 5040; x_wconf 85' lang='grc' dir='ltr'>παρελεύσεται</span> <span class='ocrx_word' id='word_1_823' title='bbox 3270 4973 3350 5034; x_wconf 84' lang='grc' dir='ltr'><strong>είς</strong></span> <span class='ocrx_word' id='word_1_824' title='bbox 3377 4972 3562 5043; x_wconf 73' lang='grc' dir='ltr'>ἕτερον</span> <span class='ocrx_word' id='word_1_825' title='bbox 3589 4971 3778 5036; x_wconf 87' lang='grc' dir='ltr'>τόπον,</span> 
     </span>
    </p>
   </div>
   <div class='ocr_carea' id='block_1_109' title="bbox 2195 5059 3774 5134">
    <p class='ocr_par' dir='ltr' id='par_1_109' title="bbox 2195 5059 3774 5134">
     <span class='ocr_line' id='line_1_109' title="bbox 2195 5059 3774 5134; baseline 0.003 -21"><span class='ocrx_word' id='word_1_826' title='bbox 2195 5061 2288 5113; x_wconf 73' lang='grc' dir='ltr'><strong>καὶ</strong></span> <span class='ocrx_word' id='word_1_827' title='bbox 2311 5059 2614 5131; x_wconf 83' lang='grc' dir='ltr'>άποκαμὼν</span> <span class='ocrx_word' id='word_1_828' title='bbox 2662 5061 2894 5114; x_wconf 81' lang='grc' dir='ltr'>ἐνταῦθα</span> <span class='ocrx_word' id='word_1_829' title='bbox 2928 5062 2995 5115; x_wconf 86' lang='grc' dir='ltr'><strong>τά</strong></span> <span class='ocrx_word' id='word_1_830' title='bbox 3021 5062 3188 5134; x_wconf 88' lang='grc' dir='ltr'>σκεύη</span> <span class='ocrx_word' id='word_1_831' title='bbox 3210 5061 3375 5117; x_wconf 80' lang='grc' dir='ltr'>αὑτοῦ</span> <span class='ocrx_word' id='word_1_832' title='bbox 3407 5064 3741 5134; x_wconf 81' lang='grc' dir='ltr'>ἀποϐήσεται</span> <span class='ocrx_word' id='word_1_833' title='bbox 3759 5081 3774 5094; x_wconf 81' lang='lat'><strong><em>°</em></strong></span> 
     </span>
    </p>
   </div>
   <div class='ocr_carea' id='block_1_110' title="bbox 2195 5151 3779 5225">
    <p class='ocr_par' dir='ltr' id='par_1_110' title="bbox 2195 5151 3779 5225">
     <span class='ocr_line' id='line_1_110' title="bbox 2195 5151 3779 5225; baseline 0.004 -22"><span class='ocrx_word' id='word_1_834' title='bbox 2195 5151 2384 5204; x_wconf 82' lang='grc' dir='ltr'>ἔπειτα</span> <span class='ocrx_word' id='word_1_835' title='bbox 2415 5152 2731 5223; x_wconf 83' lang='grc' dir='ltr'>διαϐήσεται</span> <span class='ocrx_word' id='word_1_836' title='bbox 2787 5153 3034 5208; x_wconf 80' lang='grc' dir='ltr'>ἐντεῦθεν</span> <span class='ocrx_word' id='word_1_837' title='bbox 3079 5155 3342 5225; x_wconf 73' lang='grc' dir='ltr'>ἀλλαχοῦ·</span> <span class='ocrx_word' id='word_1_838' title='bbox 3395 5155 3648 5210; x_wconf 80' lang='grc' dir='ltr'>κάκεῖθεν</span> <span class='ocrx_word' id='word_1_839' title='bbox 3695 5160 3779 5220; x_wconf 83' lang='grc' dir='ltr'><strong>είς</strong></span> 
     </span>
    </p>
   </div>
   <div class='ocr_carea' id='block_1_111' title="bbox 2194 5243 3777 5322">
    <p class='ocr_par' dir='ltr' id='par_1_111' title="bbox 2194 5243 3777 5322">
     <span class='ocr_line' id='line_1_111' title="bbox 2194 5243 3777 5322; baseline 0.005 -26"><span class='ocrx_word' id='word_1_840' title='bbox 2194 5244 2294 5315; x_wconf 84' lang='grc' dir='ltr'><strong>τὴν</strong></span> <span class='ocrx_word' id='word_1_841' title='bbox 2338 5245 2673 5316; x_wconf 79' lang='grc' dir='ltr'>καλουμένην</span> <span class='ocrx_word' id='word_1_842' title='bbox 2733 5247 2887 5299; x_wconf 86' lang='grc' dir='ltr'>πόλιν</span> <span class='ocrx_word' id='word_1_843' title='bbox 2930 5247 3131 5300; x_wconf 81' lang='grc' dir='ltr'>Σαούλ”</span> <span class='ocrx_word' id='word_1_844' title='bbox 3171 5243 3288 5301; x_wconf 77' lang='grc' dir='ltr'>εἶτα</span> <span class='ocrx_word' id='word_1_845' title='bbox 3332 5251 3410 5312; x_wconf 83' lang='grc' dir='ltr'><strong>είς</strong></span> <span class='ocrx_word' id='word_1_846' title='bbox 3465 5250 3650 5322; x_wconf 74' lang='grc' dir='ltr'>ἕτερον</span> <span class='ocrx_word' id='word_1_847' title='bbox 3683 5252 3777 5304; x_wconf 80' lang='grc' dir='ltr'>τό-</span> 
     </span>
    </p>
   </div>
   <div class='ocr_carea' id='block_1_112' title="bbox 2196 5337 3773 5414">
    <p class='ocr_par' dir='ltr' id='par_1_112' title="bbox 2196 5337 3773 5414">
     <span class='ocr_line' id='line_1_112' title="bbox 2196 5337 3773 5414; baseline 0.006 -26"><span class='ocrx_word' id='word_1_848' title='bbox 2196 5354 2328 5389; x_wconf 74' lang='grc' dir='ltr'>πονο</span> <span class='ocrx_word' id='word_1_849' title='bbox 2386 5339 2480 5390; x_wconf 74' lang='grc' dir='ltr'>καὶ</span> <span class='ocrx_word' id='word_1_850' title='bbox 2537 5337 2710 5402; x_wconf 75' lang='grc' dir='ltr'>οὕτως</span> <span class='ocrx_word' id='word_1_851' title='bbox 2766 5338 3116 5410; x_wconf 81' lang='grc' dir='ltr'>ἀσχημονῶν,</span> <span class='ocrx_word' id='word_1_852' title='bbox 3177 5341 3391 5412; x_wconf 81' lang='grc' dir='ltr'>ἀφανής</span> <span class='ocrx_word' id='word_1_853' title='bbox 3447 5343 3773 5414; x_wconf 82' lang='grc' dir='ltr'>γενήσεται·</span> 
     </span>
    </p>
   </div>
   <div class='ocr_carea' id='block_1_113' title="bbox 2194 5428 3772 5505">
    <p class='ocr_par' dir='ltr' id='par_1_113' title="bbox 2194 5428 3772 5505">
     <span class='ocr_line' id='line_1_113' title="bbox 2194 5428 3772 5505; baseline 0.005 -24"><span class='ocrx_word' id='word_1_854' title='bbox 2194 5428 2349 5499; x_wconf 87' lang='grc' dir='ltr'>ὑμεῖς</span> <span class='ocrx_word' id='word_1_855' title='bbox 2372 5430 2428 5484; x_wconf 79' lang='grc' dir='ltr'><strong>δὲ</strong></span> <span class='ocrx_word' id='word_1_856' title='bbox 2451 5429 3000 5503; x_wconf 85' lang='grc' dir='ltr'>παρακαληθήσεσθε,</span> <span class='ocrx_word' id='word_1_857' title='bbox 3019 5433 3113 5485; x_wconf 79' lang='grc' dir='ltr'><strong>καὶ</strong></span> <span class='ocrx_word' id='word_1_858' title='bbox 3130 5433 3481 5505; x_wconf 86' lang='grc' dir='ltr'>παραμυθίας</span> <span class='ocrx_word' id='word_1_859' title='bbox 3495 5434 3772 5501; x_wconf 71' lang='grc' dir='ltr'>τεύξεσθε,</span> 
     </span>
    </p>
   </div>
   <div class='ocr_carea' id='block_1_114' title="bbox 2195 5517 3774 5599">
    <p class='ocr_par' dir='ltr' id='par_1_114' title="bbox 2195 5517 3774 5599">
     <span class='ocr_line' id='line_1_114' title="bbox 2195 5517 3774 5599; baseline 0.003 -23"><span class='ocrx_word' id='word_1_860' title='bbox 2195 5523 2390 5594; x_wconf 84' lang='grc' dir='ltr'>μηκέτι</span> <span class='ocrx_word' id='word_1_861' title='bbox 2434 5525 2782 5596; x_wconf 87' lang='grc' dir='ltr'>ὑποκείμενοι</span> <span class='ocrx_word' id='word_1_862' title='bbox 2818 5524 2896 5596; x_wconf 83' lang='grc' dir='ltr'>τῷ</span> <span class='ocrx_word' id='word_1_863' title='bbox 2917 5524 3066 5596; x_wconf 80' lang='grc' dir='ltr'>ζυγῷ</span> <span class='ocrx_word' id='word_1_864' title='bbox 3096 5525 3203 5578; x_wconf 86' lang='grc' dir='ltr'><strong>τῶν</strong></span> <span class='ocrx_word' id='word_1_865' title='bbox 3245 5517 3567 5598; x_wconf 48' lang='grc' dir='ltr'>Ἀσσυρίων,</span> <span class='ocrx_word' id='word_1_866' title='bbox 3603 5526 3774 5599; x_wconf 73' lang='grc' dir='ltr'>Ὑπὲρ</span> 
     </span>
    </p>
   </div>
   <div class='ocr_carea' id='block_1_115' title="bbox 2192 5614 3774 5692">
    <p class='ocr_par' dir='ltr' id='par_1_115' title="bbox 2192 5614 3774 5692">
     <span class='ocr_line' id='line_1_115' title="bbox 2192 5614 3774 5692; baseline 0.003 -24"><span class='ocrx_word' id='word_1_867' title='bbox 2192 5614 2297 5687; x_wconf 82' lang='grc' dir='ltr'>γὰρ</span> <span class='ocrx_word' id='word_1_868' title='bbox 2325 5616 2420 5669; x_wconf 81' lang='grc' dir='ltr'>τοῦ</span> <span class='ocrx_word' id='word_1_869' title='bbox 2455 5617 2529 5690; x_wconf 84' lang='grc' dir='ltr'>μὴ</span> <span class='ocrx_word' id='word_1_870' title='bbox 2565 5617 2789 5687; x_wconf 81' lang='grc' dir='ltr'>φεύγειν</span> <span class='ocrx_word' id='word_1_871' title='bbox 2822 5619 2916 5672; x_wconf 66' lang='grc' dir='ltr'><strong>καὶ</strong></span> <span class='ocrx_word' id='word_1_872' title='bbox 2949 5621 3238 5692; x_wconf 87' lang='grc' dir='ltr'>καρτερεῖν</span> <span class='ocrx_word' id='word_1_873' title='bbox 3269 5619 3369 5691; x_wconf 84' lang='grc' dir='ltr'><strong>τὴν</strong></span> <span class='ocrx_word' id='word_1_874' title='bbox 3404 5618 3542 5691; x_wconf 87' lang='grc' dir='ltr'>πρὸς</span> <span class='ocrx_word' id='word_1_875' title='bbox 3589 5618 3774 5687; x_wconf 86' lang='grc' dir='ltr'>ὀλίγον</span> 
     </span>
    </p>
   </div>
   <div class='ocr_carea' id='block_1_116' title="bbox 508 5702 3771 5783">
    <p class='ocr_par' dir='ltr' id='par_1_116' title="bbox 508 5702 3771 5783">
     <span class='ocr_line' id='line_1_116' title="bbox 508 5702 3771 5783; baseline 0.002 -25"><span class='ocrx_word' id='word_1_876' title='bbox 508 5705 940 5777; x_wconf 83' lang='grc' dir='ltr'>επελευσομένην</span> <span class='ocrx_word' id='word_1_877' title='bbox 993 5704 1259 5769; x_wconf 81' lang='grc' dir='ltr'>παιδείαν,</span> <span class='ocrx_word' id='word_1_878' title='bbox 1311 5724 1327 5755; x_wconf 79' lang='grc' dir='ltr'><strong>ι</strong></span> <span class='ocrx_word' id='word_1_879' title='bbox 1381 5702 1789 5775; x_wconf 81' lang='grc' dir='ltr'>Παρακαλείτε,</span> <span class='ocrx_word' id='word_1_880' title='bbox 1840 5723 1857 5752; x_wconf 76' lang='grc' dir='ltr'><strong>ι</strong></span> <span class='ocrx_word' id='word_1_881' title='bbox 1909 5704 2075 5774; x_wconf 72' lang='grc' dir='ltr'>φησὶ,</span> <span class='ocrx_word' id='word_1_882' title='bbox 2122 5719 2142 5756; x_wconf 87' lang='lat' dir='ltr'><strong>t</strong></span> <span class='ocrx_word' id='word_1_883' title='bbox 2178 5703 2279 5774; x_wconf 77' lang='grc' dir='ltr'><strong>τήν</strong></span> <span class='ocrx_word' id='word_1_884' title='bbox 2313 5705 2583 5777; x_wconf 81' lang='grc' dir='ltr'>θυγατέρα</span> <span class='ocrx_word' id='word_1_885' title='bbox 2648 5708 2808 5772; x_wconf 85' lang='grc' dir='ltr'>Σιὼν,</span> <span class='ocrx_word' id='word_1_886' title='bbox 2839 5728 2858 5762; x_wconf 75' lang='grc' dir='ltr'><strong>ι</strong></span> <span class='ocrx_word' id='word_1_887' title='bbox 2927 5709 3125 5782; x_wconf 81' lang='grc' dir='ltr'>δηλαδὴ</span> <span class='ocrx_word' id='word_1_888' title='bbox 3158 5709 3284 5773; x_wconf 76' lang='grc' dir='ltr'>τοὺς</span> <span class='ocrx_word' id='word_1_889' title='bbox 3323 5709 3665 5778; x_wconf 77' lang='grc' dir='ltr'>ἐνοικοῦντας</span> <span class='ocrx_word' id='word_1_890' title='bbox 3701 5713 3771 5783; x_wconf 74' lang='grc' dir='ltr'><strong>τῇ</strong></span> 
     </span>
    </p>
   </div>
   <div class='ocr_carea' id='block_1_117' title="bbox 538 5795 893 5870">
    <p class='ocr_par' dir='ltr' id='par_1_117' title="bbox 538 5795 893 5870">
     <span class='ocr_line' id='line_1_117' title="bbox 538 5795 893 5870; baseline 0.003 -21"><span class='ocrx_word' id='word_1_891' title='bbox 538 5795 826 5870; x_wconf 76' lang='grc' dir='ltr'>Ιερουσαλή</span> <span class='ocrx_word' id='word_1_892' title='bbox 835 5814 893 5867; x_wconf 82' lang='grc' dir='ltr'>μ.</span> 
     </span>
    </p>
   </div>
  </div>
