4062 6400
305 333 410 389 169

1233 329 1726 388 COMMENTAIIIA
1773 327 1839 383 IN
1879 326 2128 384 ISAIMI.
2171 360 2236 368 ——
2275 325 2425 382 CAP.
2467 323 2559 381 XI.

3431 326 3531 380 170

380 466 403 501 σ
439 446 547 500 Καὶ
579 445 868 504 πεσοῦνται
901 450 948 502 οί
987 449 1180 520 ὑψηλοὶ
1220 448 1492 521 μαχαίρᾳ·
1529 449 1557 502 6
1590 448 1646 502 δὲ
1695 445 1862 502 Λίϐα-

2037 442 2197 497 Vsns.
2230 442 2320 497 54.
2357 459 2374 492 ι
2404 440 2465 496 Et
2526 440 2716 495 cadent
2758 441 2955 494 excersi
3006 438 3178 509 gladio
3256 477 3272 493 .
3298 435 3532 497 Libanus

302 557 392 606 νος
414 543 510 596 σὺν
547 542 650 604 τοῖς
687 539 908 612 ὑψηλοῖς
948 545 1212 596 πεσεῖται.
1249 561 1269 596 r
1303 543 1443 614 Ὅρα
1474 540 1532 594 δέ
1561 558 1680 612 μοι,
1711 541 1870 603 ὅσους

303 632 398 687 καὶ
425 629 614 694 ὁσάκις
653 630 890 702 ὑψηλοὺς
915 631 1230 702 ώνόμασεν’
1263 624 1337 684 ὧν
1382 630 1441 684 τὸ
1481 629 1734 701 σύστημα
1789 628 1869 699 τῷ

303 722 542 793 Λιϐάνῳ,
578 723 671 776 καὶ
701 724 821 786 ταῖς
853 724 908 776 ὲν
933 721 1080 793 αύτῷ
1107 721 1466 792 ύψηλοτάταις
1491 721 1704 792 κέδροις
1761 721 1867 788 ἀφ-

302 819 496 887 ομοιοῖ,
516 815 607 868 Διὸ
632 815 844 887 είρηται
864 813 1124 885 ἀλλαχοῦ·
1164 833 1182 866 ι
1216 811 1368 868 Εἶδον
1384 813 1476 868 τὸν
1502 812 1673 884 ἀσεϐῆ
1703 812 1873 883 ὑπερ-

306 908 604 980 υψούμενον
678 907 772 961 καὶ
841 908 1194 978 ἐπαιρόμενον
1232 907 1308 971 ὡς
1359 905 1460 969 τὰς
1515 905 1738 974 κέδρους
1776 903 1870 958 τοῦ

304 1000 572 1055 Λιϐάνου·
625 1017 643 1051 ι
678 999 771 1054 καὶ
823 1000 880 1051 ὲν
925 999 1095 1069 ἑτέρῳ
1141 998 1337 1052 πάλιν·
1381 1017 1400 1050 ι
1455 997 1607 1068 Φωνὴ
1664 994 1870 1069 Κυρίου

305 1089 680 1161 συντρίϐοντος
733 1088 976 1160 κέδρους,
1030 1089 1125 1143 καὶ
1178 1088 1452 1158 συντρίϐει
1501 1087 1703 1158 Κύριος
1772 1085 1872 1150 τὰς

304 1182 525 1254 κέδρους
574 1179 666 1234 τοῦ
709 1180 971 1234 Λιϐάνουο
1023 1181 1120 1235 καὶ
1149 1181 1399 1235 λεπτυνεί
1441 1178 1609 1244 αὑτὰς
1638 1179 1728 1246 ,ὡς
1778 1178 1872 1232 τὸν

307 1275 506 1346 μόσχον
533 1273 624 1326 τὸν
650 1271 894 1325 Λίϐανον.
938 1292 956 1324 ι

820 1365 1215 1419 ΚΕΦΑΛΑΙΟΝ
1254 1365 1358 1417 IA'.

383 1477 402 1509 ι
442 1457 555 1511 Καὶ
603 1455 940 1523 ἐξελεύσεται
985 1454 1175 1528 ῥάϐδος
1205 1456 1268 1509 ὲκ
1311 1455 1410 1527 τῆς
1443 1454 1599 1526 ῥίζης
1641 1450 1868 1516 Ἰεσσαὶ,

306 1549 400 1603 καὶ
455 1548 614 1611 ἀνθος
673 1549 738 1602 ὲκ
785 1547 885 1616 τῆς
935 1545 1092 1618 ῥίζης
1141 1545 1487 1618 ἀναϐήσεται.
1537 1565 1555 1597 ι
1603 1543 1727 1607 Πῶς
1762 1544 1872 1597 τῶν

305 1638 719 1712 προειρημένων
755 1637 1007 1691 ἁπάντων
1040 1636 1192 1690 ἔσται
1230 1635 1486 1708 συντριϐὴ
1519 1634 1614 1688 καὶ
1641 1635 1867 1698 πτῶσις,

1973 543 2153 588 autem
2189 546 2308 587 cum
2340 530 2564 586 excelsis
2597 533 2776 584 cadet.
2805 551 2826 581 ι
2869 529 2999 584 Vide
3024 529 3156 585 mihi
3201 544 3362 599 quam
3388 545 3532 600 saepe

1971 635 2022 680 et
2055 625 2268 694 quoties
2291 621 2538 679 excelsos
2570 620 2832 686 nominet,
2858 636 3087 691 quorum
3120 632 3320 676 emtum
3365 621 3560 702 Liha-I

1974 732 2043 770 no
2063 724 2117 770 et
2143 713 2260 781 ejus
2281 711 2557 767 altissimis
2583 712 2760 767 cedris
2787 711 3018 767 similem
3049 711 3199 767 dicit.
3241 709 3420 778 Quare
3448 712 3532 765 dl-

1971 817 2116 862 ctum
2169 814 2252 861 est
2303 805 2429 859 alibi
2456 805 2540 858 °':
2576 822 2594 854 α
2627 801 2745 857 Vidi
2783 803 3002 873 impium
3035 801 3530 872 superexaltatum,

1969 907 2026 954 et
2069 897 2334 952 elevatum
2385 895 2525 950 sicut
2572 895 2762 948 cedros
2810 892 3034 958 Libani;
3063 912 3084 946 ι
3147 901 3202 948 et
3245 891 3378 948 alias
3431 892 3534 947 ite-

1972 1005 2089 1044 rum
2112 989 2156 1020 ⁸⁸
2188 1005 2201 1040 :
2236 1007 2255 1038 ι
2294 985 2410 1041 Vox
2436 985 2642 1040 Domini
2671 984 3062 1057 confringentis
3092 985 3304 1050 cedros,
3329 994 3383 1038 et
3415 999 3539 1039 con-

1973 1078 2161 1150 fringit
2213 1076 2467 1132 Dominus
2499 1077 2691 1130 ceilros
2724 1073 2912 1129 Libani
2943 1090 2957 1127 :
2988 1082 3044 1129 et
3074 1074 3405 1130 comminuet
3441 1087 3536 1128 eas
3642 1083 3649 1092 '

1974 1179 2228 1240 tanquam
2254 1170 2474 1224 vitulum
2503 1166 2786 1224 Libanum.
2815 1185 2834 1220 ι

2581 1350 2813 1408 CAPUT
2851 1350 2942 1406 XI.

2045 1445 2209 1503 Vsus.
2229 1447 2280 1502 l.
2323 1465 2342 1499 ι
2374 1445 2440 1502 Et
2463 1445 2772 1514 egredietur
2793 1445 2940 1515 virga
2965 1444 3032 1500 de
3067 1444 3250 1500 radice
3269 1444 3456 1515 fessae,
3485 1459 3543 1507 et

1971 1537 2069 1594 llos
2115 1541 2181 1595 de
2227 1540 2410 1594 radice
2461 1539 2739 1592 ascendet.
2763 1556 2782 1588 ι
2820 1535 2944 1602 Quo
2964 1546 3120 1606 pacto
3151 1537 3540 1607 praedictorum

1972 1633 2214 1687 omnium
2243 1631 2501 1686 contritio
2531 1639 2586 1685 et
2618 1629 2770 1684 ruina
2811 1628 2989 1683 futura
3027 1628 3098 1684 sit
3140 1629 3336 1685 deinde
3373 1629 3543 1684 decla-

307 1731 637 1803 παρίστησιν
679 1730 835 1800 ἑξῆς,
883 1731 947 1782 ἐκ
993 1727 1149 1800 ῥίζης
1203 1729 1399 1783 Ἰεσσαὶ
1447 1725 1868 1800 προελεύσεσθαι

1975 1732 2098 1786 rat;
2129 1737 2192 1776 ex
2227 1722 2417 1776 radice
2461 1719 2628 1776 Jessa:
2661 1719 2993 1789 prodituram
3023 1719 3227 1790 virgam
3259 1735 3380 1775 esse
3409 1721 3544 1775 vati-

309 1789 501 1876 ὁάϐδον
529 1789 832 1887 θεσπίζωνζ
864 1789 1221 1891 ῆτιςιρἀδος,
1251 1818 1459 1883 πάντας
1481 1789 1604 1882 τοὺς
1639 1817 1871 1888 ὑψηλοὺς

1979 1813 2170 1868 cinans
2200 1832 2214 1868 :
2243 1828 2362 1883 quae
2385 1812 2532 1883 virga
2570 1827 2761 1868 omnes
2801 1811 3058 1868 sublimes
3094 1822 3338 1868 conteret
3366 1823 3421 1870 et
3444 1813 3543 1868 liu-

307 1912 660 1985 συντρίψασα,
723 1909 1072 1966 ταπεινώσει.
1121 1909 1213 1964 Διὸ
1269 1909 1663 1979 ὲπισυνῆπταιο
1705 1926 1723 1959 r
1766 1906 1875 1960 Καὶ

306 2003 647 2072 ἐξελεύσεται
683 2003 879 2076 ῥάϐδος
905 2003 968 2056 ὲκ
999 2002 1098 2071 τῆς
1139 2001 1294 2072 ῥίζης
1333 2000 1549 2057 Ἰεσσαί.
1585 2020 1603 2053 ι
1651 2001 1797 2054 Ἀντὶ
1816 1998 1873 2054 δὲ

303 2094 423 2159 τοῦ,
465 2115 482 2148 ι
519 2099 584 2150 ὲκ
613 2095 710 2167 τῆς
739 2095 916 2167 ῥίζης,
949 2113 967 2146 ι
996 2122 1064 2132 -
1097 2112 1117 2145 ‹
1153 2093 1263 2146 ἀπὸ
1286 2091 1492 2164 κορμοῦ
1513 2113 1530 2145 ι
1572 2091 1875 2164 συμφώνως

304 2187 657 2256 ῆρμήνευσαν
703 2187 750 2238 οἱ
781 2184 976 2238 λοιποί.
1022 2183 1133 2237 Καὶ
1176 2183 1285 2254 γὰρ
1331 2177 1466 2253 ἧνῆ
1515 2182 1655 2253 φυλὴ
1707 2183 1802 2235 καὶ
1841 2184 1874 2254 ἡ

307 2275 516 2344 πατριὰ
545 2275 601 2342 ἐξ
624 2272 690 2346 ἦς
713 2274 979 2347 προῆλθεν
1003 2276 1032 2327 ὁ
1062 2273 1272 2345 Σωτὴρ,
1307 2273 1491 2342 ὥσπερ
1523 2288 1608 2336 τις
1638 2272 1873 2344 κορμὺς,

310 2369 510 2441 μηκέτι
553 2370 776 2434 κλάδους
817 2368 976 2440 ἔχων,
1014 2367 1100 2421 διὰ
1141 2367 1201 2420 τὸ
1234 2366 1601 2422 ἐκλελοιπέναι
1637 2368 1763 2432 τοὺς
1812 2367 1876 2419 ὲκ

304 2461 559 2532 διαδοχῆς
613 2461 774 2516 Δαυῖδ
807 2461 1059 2531 βασιλέας
1110 2461 1244 2532 μετὰ
1292 2461 1391 2532 τὴν
1444 2462 1524 2524 εἰς
1571 2458 1866 2514 Βαϐυλῶνα

305 2551 711 2624 αἰχμαλωσίαν·
757 2553 838 2605 διό
885 2569 974 2624 μοι
1027 2552 1174 2606 δοκεί
1203 2551 1406 2623 κορμὸς
1450 2549 1762 2622 ὠνομάσθαι
1815 2548 1878 2602 τὸ

302 2645 446 2699 κατά
478 2643 656 2715 σάρκα
687 2644 842 2712 γένος
857 2643 950 2697 τοῦ
967 2642 1152 2706 Δαυτδ,
1178 2635 1238 2696 οῦ
1256 2645 1284 2696 ὁ
1301 2641 1480 2714 πατὴρ
1506 2637 1572 2713 ἦν
1599 2644 1628 2695 ὁ
1659 2639 1874 2694 Ἰεσσαί.

303 2735 409 2790 Τὸν
458 2737 647 2808 χρόνον
689 2737 868 2790 τοίνυν
924 2735 1044 2790 καθ’
1074 2735 1135 2788 ὃν
1181 2735 1248 2790 τά
1297 2733 1672 2807 προειρημένα
1701 2733 1873 2797 ἔσται,

302 2825 590 2898 παριστὰς,
643 2829 898 2882 συνάπτει
931 2826 1028 2898 τὴν
1054 2829 1134 2890 είς
1160 2825 1476 2898 ἀνθρώπους
1511 2826 1741 2897 πάροδον
1778 2825 1874 2879 τοῦ

303 2916 539 2990 Χριστοῦ
575 2918 780 2990 σφόδρα
818 2917 1109 2989 εὐκαίρως.
1169 2916 1383 2988 Ἐπειδὴ
1422 2915 1532 2988 γὰρ
1566 2915 1878 2988 προεδίδαξε

303 3006 389 3060 διὰ
423 3007 530 3062 τῶν
561 3008 866 3079 ἔμπροσθεν
903 3008 972 3062 τὰ
1007 3007 1136 3081 περὶ
1160 3008 1262 3079 τῆς
1294 3009 1358 3060 ὲκ
1379 3007 1654 3079 Παρθένου
1689 3007 1880 3076 γεννή-

307 3114 462 3161 σεως.
486 3099 584 3162 τάς
607 3117 665 3192 τε
688 3099 865 3192 επωνύ
874 3116 1007 3171 μους
1031 3099 1396 3192 προσηγορίας
1429 3096 1877 3192 τῶνῌὲπινοουμὲ-
1904 3134 1946 3192 C

307 3207 414 3242 νων
443 3191 501 3241 ὲν
518 3189 664 3261 αὐτῷ
689 3191 986 3262 δυνάμεων,
1017 3189 1327 3255 ἀκολούθως
1361 3191 1453 3243 ἐπὶ
1474 3189 1565 3243 τοῦ
1587 3188 1872 3258 παρόντος,

309 3276 371 3343 ἐξ
407 3278 593 3333 ὁποίου
627 3280 830 3348 γένους,
874 3283 968 3335 καὶ
1022 3281 1182 3344 ποίας
1230 3280 1405 3350 φυλῆς
1462 3280 1874 3353 προελεύσεται,

305 3369 468 3422 ὁποῖά
497 3386 556 3422 τε
586 3370 916 3442 κατορθώσει
950 3374 984 3444 ἡ
1022 3373 1102 3436 είς
1152 3371 1474 3444 ἀνθρώπους
1529 3372 1692 3427 αὑτοῦ
1733 3373 1875 3445 πάρ-

304 3460 445 3524 οδος,
480 3465 879 3532 προαναφωνετ.

381 3575 401 3608 ι
448 3557 556 3609 Καὶ
593 3555 962 3610 ἀναπαύσεται
995 3557 1083 3610 ἐπ’
1107 3556 1273 3612 αὐτὸν
1311 3553 1538 3629 Πνεῦμα
1575 3555 1669 3611 τοῦ
1713 3556 1873 3620 Θεοῦ,

305 3647 523 3719 πνεῦμα
571 3647 762 3718 σοφίας
812 3649 904 3702 καὶ
956 3650 1242 3714 συνέσεως,
1293 3648 1514 3718 πνεῦμα
1554 3649 1747 3720 βουλῆς
1781 3649 1876 3703 καὶ

307 3740 509 3812 ἰσχύος,
554 3741 772 3812 πνεῦμα
801 3740 1057 3810 γνώσεως
1100 3742 1194 3794 καὶ
1238 3742 1550 3805 εὐσεϐείαςο
1601 3741 1875 3814 ἐμπλήσει

301 3833 464 3886 αὐτὸν
485 3831 702 3902 πνεῦμα
731 3831 898 3900 φόϐου
923 3829 1079 3885 Θεοῦ.
1098 3832 1173 3885 Ού
1191 3833 1332 3886 κατὰ
1355 3831 1452 3903 τὴν
1480 3832 1636 3899 δόξαν
1663 3835 1871 3906 κρινεῖ,

301 3923 421 3977 οὐδὲ
449 3925 590 3978 κατὰ
626 3925 726 3994 τὴν
769 3920 957 3975 λαλιὰν
993 3921 1217 3992 ἐλέγξει.
1259 3941 1277 3974 ι
1307 3921 1532 3995 Εῦροιεν
1573 3923 1682 3997 γὰρ
1716 3923 1782 3978 ἂν
1821 3924 1872 3977 οἱ

302 4012 548 4076 θέλοντες
564 4015 712 4076 ὅπως
729 4015 757 4066 ὁ
783 4013 971 4086 Σωτὴρ
995 4012 1151 4083 ἡμῶν
1180 4015 1273 4067 καὶ
1299 4013 1502 4086 Κύριος
1526 4014 1586 4066 ού
1614 4013 1754 4068 κατὰ
1775 4015 1874 4086 τὴν

302 4103 459 4167 δόξαν
487 4104 687 4175 ἔκρινε.
714 4104 955 4175 Μηδενὸς
976 4103 1084 4174 γὰρ
1103 4101 1388 4174 πρόσωπον
1413 4103 1705 4174 λαμϐάνων
1735 4103 1868 4175 (I6),

304 4193 500 4266 ἤλεγχε
528 4197 622 4249 σὺν
645 4195 929 4268 παρρησία
957 4195 1124 4265 πολλῇ
1159 4193 1287 4247 ποτὲ
1324 4194 1422 4265 μὲν
1452 4195 1579 4259 τοὺς
1602 4211 1856 4266 γραμμαι

299 4289 411 4350 τείς
437 4289 529 4341 καὶ
552 4287 898 4360 Φαρισαίους,
934 4286 1063 4341 ποτὲ
1095 4287 1151 4340 δὲ
1177 4288 1302 4350 τοὺς
1335 4288 1609 4361 ἀρχιερεῖς
1629 4287 1772 4341 ἔνδον
1811 4290 1869 4344 ὲν

298 4379 377 4449 τῷ
411 4379 543 4450 ναῷ,
569 4373 651 4442 οἷς
696 4381 790 4434 καὶ
843 4380 1057 4448 ἐλεγενο
1092 4400 1111 4433 ι
1159 4379 1477 4452 Ἀρθήσεται
1518 4381 1609 4449 ἀφ’
1631 4380 1787 4452 ὑμῶν
1832 4384 1867 4454 ἡ

1980 1904 2230 1960 miliabit.
2283 1904 2460 1970 Quare
2513 1902 2738 1957 subdit:
2775 1920 2792 1953 ι
2826 1903 2890 1958 Ει
2940 1904 3253 1974 egredietur
3283 1905 3436 1976 virga
3478 1905 3542 1961 de

1979 1995 2158 2051 radice
2191 1994 2376 2050 Jessm.
2411 2015 2429 2048 ι
2469 1995 2572 2050 Pro
2610 1995 2701 2050 illo
2743 2005 2941 2059 autem,
2977 2015 2996 2048 ε
3051 1997 3119 2052 (le
3173 1997 3378 2062 radice,
3401 2017 3420 2051 ι
3455 2014 3542 2054 rc-

1978 2087 2109 2158 liqui
2173 2101 2362 2143 omnes
2419 2087 2766 2158 interpretes,
2819 2103 2895 2141 ra
2933 2100 3124 2144 trunco
3155 2107 3174 2142 ι
3241 2075 3542 2147 verterunt.

1977 2180 2193 2237 Etenim
2245 2180 2418 2235 tribus
2461 2190 2516 2235 et
2561 2180 2785 2244 familia,
2821 2195 2886 2236 ex
2911 2195 3015 2252 qua
3049 2181 3296 2237 Salvator
3318 2184 3540 2254 prodiit,

1979 2285 2076 2326 ceu
2111 2271 2330 2340 quidam
2368 2281 2590 2326 truncus
2617 2280 2752 2339 erat,
2795 2272 2879 2341 qui
2911 2274 3145 2328 nondum
3189 2287 3368 2329 ramos
3409 2276 3543 2330 emi-

1981 2372 2152 2427 serat,
2183 2362 2308 2433 quia
2335 2372 2455 2432 post
2507 2363 2878 2433 captivitatem
2909 2365 2961 2418 in
2985 2363 3283 2436 Babylone,
3312 2380 3378 2422 ex
3412 2381 3542 2423 suc-

1978 2453 2228 2510 cessione
2282 2453 2498 2509 Davidis
2547 2469 2704 2525 reges
2754 2453 3104 2521 defecerant;
3165 2455 3288 2511 ideo
3331 2455 3543 2512 videtur

1981 2543 2112 2599 mihi
2153 2555 2374 2600 truncus
2404 2545 2585 2600 vocari
2633 2561 2804 2615 genus
2855 2544 3074 2600 Davidis
3100 2546 3402 2602 secundum
3428 2561 3542 2602 car-

1979 2650 2123 2699 nem,
2155 2635 2307 2706 cujus
2347 2645 2502 2704 pater
2530 2645 2647 2691 erat
2688 2633 2877 2692 Iessea.
2927 2635 3160 2706 Tempus
3217 2637 3400 2708 itaque
3435 2652 3543 2708 quo

1985 2725 2072 2780 illa
2104 2726 2257 2797 prius
2289 2736 2587 2782 memorata
2644 2726 2820 2782 futura
2859 2737 2988 2783 sunt
3020 2728 3323 2794 declarans,
3355 2731 3543 2784 admo-

1986 2817 2112 2871 dum
2141 2827 2444 2887 opportune
2473 2816 2671 2873 Christi
2699 2819 2766 2873 ad
2809 2819 3055 2874 homines
3087 2821 3374 2875 adventum
3415 2818 3543 2874 sub-

1975 2910 2176 2980 jungit.
2205 2909 2340 2976 Quia
2384 2909 2528 2965 enim
2585 2910 2638 2964 in
2668 2911 3093 2980 praecedentibus
3119 2926 3183 2967 ea
3209 2926 3329 2981 quae
3353 2911 3422 2966 ad
3451 2926 3542 2967 or-

1982 3010 2092 3056 tum
2119 3017 2184 3056 ex
2223 3000 2441 3073 Virgine
2485 3001 2805 3073 spectabant
2848 3002 3163 3070 edocuerat,
3194 3011 3357 3074 atque
3383 3017 3541 3060 voca-

1983 3095 2110 3149 bula
2145 3094 2509 3166 intelligibilos
2553 3095 2673 3166 ejus
2719 3096 2949 3151 virtutes
2977 3095 3271 3152 indicantia
3313 3096 3543 3167 ρνοιυιεο

1981 3194 2097 3253 rat;
2127 3195 2520 3258 consequenter
2545 3188 2600 3242 in
2631 3188 2882 3257 praesenti
2911 3203 3018 3258 quo
3046 3203 3111 3243 ex
3158 3202 3355 3258 genere
3383 3197 3436 3245 et
3470 3205 3543 3244 ex

1979 3293 2084 3347 qua
2117 3279 2284 3342 tribu,
2319 3294 2440 3348 qua:
2493 3295 2658 3350 opera
2719 3281 2836 3350 ejus
2883 3281 2950 3335 ad
3005 3281 3253 3337 homines
3279 3282 3544 3338 adventus

1978 3371 2223 3427 editurus
2252 3374 2344 3439 sit,
2367 3375 2714 3443 praenuntiat.

2047 3554 2210 3611 Vsus.
2241 3556 2298 3622 2,
2327 3555 2382 3612 5.
2422 3576 2439 3610 r
2470 3557 2533 3613 Et
2577 3559 2878 3627 requiescet
2932 3572 3092 3629 super
3135 3572 3259 3613 eum
3306 3556 3540 3629 Spiritus

1979 3647 2098 3714 Dei,
2151 3649 2372 3718 spiritus
2431 3650 2712 3718 sapientia:
2750 3659 2806 3705 et
2860 3650 3254 3720 intelligentiae,
3306 3649 3536 3720 spiritus

1976 3739 2190 3795 consilii
2216 3749 2271 3795 et
2304 3738 2657 3799 fortitudinis.
2687 3741 2910 3811 Spiritus
2935 3741 3176 3797 scientiae
3211 3750 3266 3796 et
3299 3742 3539 3812 pietatis.

1976 3831 2224 3901 Replebit
2251 3847 2374 3886 eum
2423 3831 2648 3902 spiritus
2701 3833 2909 3890 timoris
2939 3831 3058 3888 Dei.
3095 3830 3212 3888 Non
3244 3833 3527 3889 secundm

1974 3923 2283 3994 Opinionem
2331 3921 2641 3989 iudicabit,
2685 3937 2860 3993 neque
2925 3924 3218 3978 secundum
3273 3922 3537 3994 loquelam

1973 4021 2230 4082 arguet.»
2281 4011 2466 4068 Cuivis
2521 4013 2720 4068 volenti
2779 4013 2941 4068 facile
2986 4021 3071 4069 est
3130 4015 3540 4084 deprehendere

1972 4117 2081 4172 quo
2107 4112 2264 4174 pacto
2289 4102 2545 4158 Salvator
2571 4114 2626 4159 et
2662 4104 2925 4160 Dominus
2957 4114 3162 4169 noster,
3202 4122 3308 4160 non
3341 4120 3540 4162 secun-

1970 4195 2096 4250 dum
2125 4195 2435 4266 opinionem
2466 4195 2768 4273 judicabat.
2818 4195 3025 4252 Nullius
3076 4198 3219 4253 enim
3253 4213 3536 4268 personam

1969 4285 2264 4358 accipiens,
2298 4290 2457 4343 modo
2505 4267 2728 4344 Scribas
2767 4299 2822 4343 et
2871 4288 3201 4356 Pharisaeos,
3233 4267 3356 4345 mox
3389 4307 3537 4345 surn-

1972 4391 2088 4431 mos
2114 4377 2396 4447 pontifices
2443 4379 2498 4434 is
2548 4379 2744 4449 templo
2779 4379 3008 4435 fidenter
3037 4383 3318 4452 arguebat,
3341 4383 3538 4452 quibus

301 4470 568 4542 βασιλεία,
595 4473 690 4526 καὶ
714 4471 995 4544 δοθήσεται
1022 4471 1162 4527 ἔθνει
1198 4471 1439 4525 ποιοῦντι
1465 4473 1590 4536 τοὺς
1620 4471 1866 4544 καρποὺς

1974 4470 2132 4525 etiam
2191 4473 2306 4526 haec
2363 4472 2576 4527 dicebat
2609 4487 2624 4523 :
2661 4491 2678 4524 ι
2702 4473 2992 4529 Auferetur
3019 4490 3050 4530 a
3085 4474 3238 4529 vobis
3288 4490 3535 4546 regnum,

297 4563 487 4634 αὐτῆς.
531 4582 550 4615 ι
597 4563 869 4618 amasse
889 4563 1028 4619 κατά
1054 4563 1152 4633 τὴν
1180 4563 1367 4617 λαλιὰν
1396 4564 1623 4635 ῆλεγχεν
1642 4580 1656 4596 ’
1685 4565 1734 4618 οἱ
1769 4564 1868 4635 μὲν

296 4652 407 4724 γὰρ
440 4654 744 4725 προσῄεσαν
761 4654 911 4726 αύτῷ
940 4654 1188 4723 λέγοντες
1206 4673 1221 4686 ο
1253 4674 1271 4705 r
1301 4654 1616 4718 Διδάσκαλε,
1639 4655 1859 4726 οἴδαμεν

296 4742 380 4798 δτι
417 4743 623 4814 ἀληθὴς
654 4739 725 4806 εί,
759 4764 777 4795 ι
819 4744 911 4798 καὶ
933 4744 1002 4798 τὰ
1025 4741 1170 4814 ἑξῆς.
1210 4744 1270 4798 '0
1293 4744 1349 4798 δὲ
1381 4741 1441 4798 ού
1473 4745 1616 4798 κατά
1643 4743 1741 4815 τὴν
1767 4744 1862 4798 λα-

295 4832 416 4889 λιὰν
443 4834 623 4889 αὐτῶν
651 4835 850 4907 ῆλεγχε
870 4853 884 4866 ·
915 4834 994 4888 διὸ
1032 4834 1190 4900 εἰδὼς
1221 4835 1319 4901 τὰς
1351 4835 1614 4909 πονηρίας
1658 4836 1857 4902 αὐτῶν,

293 4925 476 4997 ελεγι·
506 4946 525 4978 ι
564 4927 629 4980 Τί
663 4945 732 5000 με
761 4926 1069 5000 πειράζετε,
1101 4926 1424 5000 ὑποκριταί;
1456 4949 1474 4978 ι

369 5123 388 5157 ι
431 5104 592 5170 Ἀ).λά
627 5108 803 5182 κρινεῖ
847 5105 1088 5179 ταπεινῷ
1115 5106 1316 5178 κρίσιν,
1358 5107 1450 5161 καὶ
1481 5106 1690 5176 ἐλέγξει
1739 5108 1866 5172 τοὺς

292 5199 578 5262 ταπεινοὺς
599 5199 698 5270 τῆς
720 5197 846 5270 γῆς,
869 5199 960 5254 καὶ
991 5195 1221 5262 πατάξει
1250 5197 1348 5270 τὴν
1372 5198 1476 5269 γῆν
1508 5196 1586 5270 τῷ
1612 5197 1753 5270 λόγῳ
1773 5197 1866 5252 τοῦ

295 5286 563 5360 στόματος
588 5287 774 5343 αὐτοῦ.
822 5308 842 5341 ι
886 5289 1118 5362 Νοήσυις
1144 5288 1200 5342 δὲ
1228 5289 1311 5352 τὸ,
1349 5308 1366 5341 ι
1403 5287 1637 5354 Πατάξει
1659 5291 1760 5361 γῆν
1791 5290 1870 5362 τῷ

291 5374 436 5448 λόγῳ
474 5375 566 5456 τοῦ
599 5379 866 5450 στόματος
898 5377 1084 5445 αὑτοῦ,
1133 5397 1152 5431 ι
1200 5377 1293 5433 καὶ
1323 5377 1518 5444 ἄλλως,
1565 5378 1870 5443 ἐπακούσας

1975 4569 2030 4616 et
2062 4561 2280 4616 dabitur
2310 4564 2457 4634 genti
2495 4563 2716 4620 facienti
2773 4564 2986 4620 fructus
3012 4563 3209 4634 ejus“.
3237 4583 3256 4617 ι
3290 4563 3396 4619 Sed
3434 4580 3534 4619 nec

1972 4655 2267 4708 secundum
2293 4653 2559 4724 loquelam
2589 4657 2852 4728 arguebat
2880 4674 2895 4713 :
2925 4673 3050 4712 nam
3089 4657 3180 4712 alii
3213 4658 3385 4726 ipsum
3420 4656 3536 4709 adi-

1970 4747 2098 4800 baut
2145 4746 2386 4801 dicentes
2440 4763 2456 4800 :
2518 4763 2538 4800 ι
2571 4747 2869 4818 MagiSter,
2922 4748 3126 4804 scimus
3177 4748 3302 4818 quia
3371 4760 3535 4800 verax

1969 4851 2029 4892 es
2068 4834 2137 4899 ".
2168 4854 2188 4889 ι
2221 4845 2330 4889 etc.
2365 4836 2456 4892 Ille
2490 4852 2616 4892 vero
2666 4854 2771 4893 non
2822 4839 3119 4893 secundum
3148 4837 3416 4908 loquelam
3443 4852 3536 4893 eo-

1971 4938 2088 4976 rum
2114 4925 2416 5005 arguebat:
2448 4940 2618 4997 qnare
2646 4941 2848 4998 gnarus
2900 4926 3123 4982 malitia:
3173 4941 3363 4982 eorum
3391 4926 3535 4982 dicc-

1971 5015 2108 5072 bat:
2143 5035 2162 5069 ι
2201 5017 2338 5084 Quid
2364 5032 2450 5073 me
2486 5021 2729 5084 tentatis,
2760 5019 3090 5090 hypocrita?
3119 5039 3138 5072 ι

2034 5103 2199 5161 Vens.
2231 5107 2291 5162 ι.
2327 5126 2346 5160 ι
2376 5107 2484 5163 Sed
2518 5106 2783 5178 judicabit
2813 5107 3000 5162 humili
3037 5106 3330 5178 judicium,
3359 5116 3416 5163 et
3443 5123 3533 5161 ar-

1961 5208 2089 5270 guet
2120 5198 2352 5256 humiles
2383 5209 2560 5265 terrm,
2595 5211 2652 5254 et
2680 5201 2952 5271 percutiet
2976 5211 3178 5259 terram
3213 5200 3379 5255 verbo
3420 5199 3534 5254 oris

1962 5291 2071 5346 sui.
2101 5309 2120 5345 ο
2163 5291 2296 5347 Illud
2333 5301 2538 5362 autem,
2601 5312 2620 5344 ι
2654 5291 2930 5352 Percutiet
2978 5303 3180 5350 terram
3225 5293 3387 5348 verbo
3420 5292 3534 5347 oris

1966 5385 2070 5444 sui.
2119 5390 2140 5438 ι
2197 5383 2482 5454 intelliges,
2528 5384 2573 5440 si
2632 5385 2822 5442 audias
2870 5401 2994 5442 eum
3039 5387 3166 5442 alibi
3231 5386 3530 5449 dicentem,

363 5489 574 5546 “Psal.
633 5506 822 5558 xxxvr,
855 5489 944 5546 55.
1021 5491 1068 5522 ⁸³
1099 5489 1240 5547 Psal.
1285 5506 1479 5550 xxvut.
1515 5491 1570 5546 5.
1647 5487 1694 5524 ⁸³
1723 5493 1871 5549 Mattl

1974 5511 2060 5561 ιιι,
2093 5495 2182 5551 45.
2263 5496 2308 5530 ⁸⁸
2337 5495 2532 5552 Matth.
2565 5511 2703 5566 χχιι,
2732 5497 2814 5554 l6.

363 5610 476 5682 (l6)
510 5610 868 5689 Hieronymus
893 5613 959 5667 ad
987 5613 1320 5668 hunclocum
1342 5613 1641 5689 sicLatiue
1663 5615 1849 5689 Cra-ra
1957 5619 2209 5689 quitur...
2282 5619 2558 5687 Auferere:
2612 5636 2646 5673 ο
2699 5617 2864 5682 vobis,
2919 5635 2938 5671 ι
2999 5626 3054 5674 et
3116 5626 3350 5680 steterat,
3409 5625 3531 5684 qua:

297 5681 596 5756 trartstulit,
630 5699 670 5756 ι-
696 5681 903 5756 Nullius
939 5697 1084 5756 elllm
1114 5698 1407 5756 personam
1454 5686 1653 5756 accipit
1680 5689 1730 5742 iu
1756 5687 1850 5755 ju-

293 5753 437 5807 dicio
464 5770 478 5808 :
504 5755 601 5807 sed
636 5751 849 5806 Scribis
881 5762 936 5807 et
965 5753 1252 5808 Pharisaais
1286 5768 1348 5809 ac
1383 5751 1717 5827 principibus
1757 5751 1848 5814 lo-

571 5847 844 5909 ΡΑτιιοι..
873 5847 992 5908 Gl.
1025 5848 1262 5912 XXIV.

1958 5704 2094 5763 perte
2125 5691 2192 5746 ad
2219 5692 2449 5746 verbum
2478 5691 2568 5747 ille
2593 5689 2959 5758 prosecuitur.
3073 5729 3086 5740 .

3163 5855 3200 5915 6
