4082 6398
571 315 665 368 l7l

1234 313 1504 371 EUSEBII
1542 315 2015 372 CESARIENSIS
2053 316 2200 372 OPP.
2244 318 2426 375 PARS
2463 319 2549 378 III.
2589 355 2659 366 -
2698 322 3105 382 EXEGETICA.

3714 333 3809 391 ΗΞ

571 457 589 490 ι
627 434 801 490 Nolite
836 440 1025 501 putare
1050 432 1193 502 quod
1222 434 1465 488 venerim
1497 449 1682 504 pacem
1727 437 1940 490 mittere
1969 451 2121 503 super

2235 440 2399 495 αὐτοῦ
2432 440 2701 510 λέγοντος,
2736 462 2754 493 ι
2784 444 2876 516 Μὴ
2908 445 3188 517 νομίσητε,
3227 447 3309 501 ὅτι
3342 441 3505 519 ἦλθον
3533 450 3711 521 βαλεῖν
3734 459 3808 509 εί»

568 540 797 583 terram:
831 542 938 581 non
976 526 1092 580 veni
1125 541 1311 595 pacem
1341 527 1577 593 mittere,
1609 530 1701 584 sed
1737 529 1972 600 gladium
2006 531 2074 586 ⁸⁸.
2107 550 2126 585 ι

562 622 784 677 Gladius
812 632 989 675 autem
1020 630 1143 675 erat
1168 621 1393 676 verbum
1426 621 1539 676 oris
1595 621 1730 692 ejus,
1781 639 1888 693 quo
1932 633 2130 680 terram

562 723 615 767 et
642 723 884 767 terrenos
933 726 1141 775 eorum,
1187 711 1281 782 qui
1313 712 1365 766 in
1392 711 1564 781 ipsum
1613 714 1978 779 crediderant,
2005 731 2132 771 sen-

562 820 655 861 sus
686 806 751 860 de
786 805 960 859 medio
994 805 1233 859 tollebat.
1289 824 1307 856 ‹
1338 804 1409 858 Et
1440 805 1492 858 in
1524 805 1715 874 spiritu
1744 821 1840 873 per
1879 807 2018 863 labia
2048 809 2131 863 in-

562 897 789 952 terﬁciet
840 896 1083 965 impium.
1126 914 1145 947 ι
1191 894 1481 949 lnterliciet
1531 896 1779 965 impium,
1828 898 2019 953 atheos
2067 913 2133 955 ac

560 989 750 1059 impios
780 989 1048 1041 daemones
1075 988 1126 1041 in
1158 986 1349 1055 spiritu
1389 986 1674 1056 increpans
1694 998 1750 1043 et
1783 990 1973 1060 procul
2008 992 2128 1046 abi-

558 1098 690 1154 gens
720 1085 886 1138 verbo
921 1099 1013 1151 per
1041 1081 1178 1135 labia
1214 1080 1382 1147 ipsius
1408 1079 1659 1148 prolato;
1708 1082 1780 1136 ita
1819 1094 1878 1137 ut
1908 1083 1980 1138 illi
2011 1084 2129 1139 cla-

558 1187 705 1233 ment
737 1189 792 1231 et
832 1178 1032 1237 dicant,
1073 1194 1091 1226 «
1124 1173 1260 1243 Quid
1285 1171 1439 1226 nobis
1481 1184 1536 1229 et
1575 1176 1695 1239 tibi,
1724 1176 1824 1231 Fili
1858 1176 1995 1230 Dei?
2039 1192 2129 1232 ve-

557 1270 686 1325 nisti
734 1278 861 1325 ante
919 1279 1128 1333 tempus
1159 1280 1410 1339 torquere
1465 1284 1582 1322 nos.
1640 1266 1898 1322 Novimus
1927 1277 1979 1322 te
2005 1268 2126 1338 quis

554 1368 650 1432 sis,
682 1374 903 1419 sanctus
928 1363 1019 1417 Dei
1051 1363 1116 1416 ⁸⁷.
1148 1381 1166 1413 ι

626 1457 790 1511 Vsus.
823 1456 875 1510 5.
918 1472 937 1505 ι
965 1456 1028 1508 Et
1069 1455 1174 1509 erit
1210 1454 1418 1525 justitia
1469 1455 1680 1509 cinctus
1718 1455 1930 1508 lumbos
1974 1468 2120 1517 suos,

553 1559 608 1605 et
643 1550 871 1604 veritate
902 1548 1323 1603 circumvolutus
1354 1548 1521 1601 latera
1552 1563 1667 1602 sua.
1705 1567 1724 1600 ι
1753 1545 2120 1612 Quemadmo-

554 1644 679 1696 dum
726 1639 868 1696 enim
913 1654 1004 1695 rex
1038 1655 1172 1693 zona
1214 1655 1399 1706 aurea,
1448 1648 1504 1695 et
1547 1638 1817 1709 lapidibus
1870 1640 2123 1707 pretiosis

553 1732 930 1804 praecingitur,
962 1731 1039 1787 sic
1081 1740 1135 1786 et
1172 1732 1220 1787 ei
1255 1733 1345 1801 qui
1399 1732 1448 1785 in
1494 1732 1770 1801 prophetia
1812 1731 1985 1785 fertur
2025 1746 2120 1784 zo-

2243 534 2409 604 ρήνην
2459 534 2550 588 ἐπὶ
2579 535 2675 606 τὴν
2703 535 2827 606 γῆν·
2862 540 2962 591 οὐκ
2992 534 3155 609 ἦλθον
3188 539 3367 610 βαλεῖν
3399 545 3641 617 είρήνην,
3680 548 3810 607 ἀλλὰ

2242 624 2534 695 μάχαιραν.
2573 645 2591 677 ι
2618 627 2873 697 Μάχαιρα
2895 627 2951 681 δὲ
2979 624 3047 699 ἦν
3074 631 3102 683 ὁ
3121 628 3276 699 λόγος
3300 630 3395 686 τοῦ
3426 634 3687 707 στόματος
3719 642 3810 694 αὐ.

2237 715 2353 781 τοῦ,
2380 714 2447 768 δι’
2471 708 2531 769 οὗ
2559 716 2657 788 τὴν
2690 717 2793 787 γῆν
2825 717 2920 771 καὶ
2944 718 3011 772 τά
3041 719 3215 793 γεώδη
3257 725 3581 797 φρονήματα
3607 730 3714 783 τῶν
3735 734 3811 796 είς

2236 806 2396 858 αὐτὸν
2435 808 2872 861 πεπιστευκότων
2900 810 3111 889 ἀνῄρει.
3150 830 3170 863 ι
3217 814 3325 867 Καὶ
3356 816 3415 868 ὲν
3444 818 3713 889 πνεύματι
3729 822 3810 875 διὰ

2236 898 2455 968 χειλέων
2510 899 2686 955 ἀνελεῖ
2728 902 2917 973 ἀσεϐῆ.
2962 922 2980 955 ι
3008 888 3230 958 ’Ἀνελεῖ
3252 907 3431 961 τοίνυν
3464 888 3657 981 ἀσεϐῆ,
3703 918 3811 978 τοῖς

2235 989 2416 1054 ἀθέοις
2449 992 2542 1043 καὶ
2566 990 2785 1045 ἀσεϐέσι
2813 992 3060 1063 δαίμοσιν
3093 996 3361 1067 ἐπιτιμῶν
3409 998 3489 1070 τῷ
3521 1002 3809 1074 πνεύματι,

2236 1082 2329 1135 καὶ
2356 1080 2573 1155 μακρὰν
2594 1082 2791 1148 αὐτοὺς
2813 1082 3053 1138 ἐλαύνων
3077 1085 3154 1156 τῷ
3173 1085 3262 1141 διὰ
3276 1087 3385 1140 τῶν
3403 1088 3623 1159 χειλέων
3650 1092 3809 1146 αὐτοῦ

2234 1175 2624 1246 προφερομένη»
2653 1174 2813 1247 λόγῳ·
2850 1176 2925 1241 ὡς
2953 1175 3082 1248 βοᾷν
3119 1178 3314 1241 αὐτοὺς
3340 1180 3433 1232 καὶ
3465 1180 3661 1250 λέγειν·
3691 1201 3711 1234 ι
3748 1184 3809 1243 Τί

2232 1266 2363 1338 ἡμῖν
2396 1269 2491 1322 καὶ
2542 1270 2645 1334 σοὶ,
2683 1268 2777 1321 Υἱὲ
2804 1269 2897 1322 τοῦ
2925 1269 3092 1335 Θεοῦ;
3141 1266 3303 1342 ἦλθες
3344 1272 3450 1343 πρὸ
3482 1274 3676 1346 καιροῦ
3719 1275 3809 1346 βα-

2234 1358 2446 1414 σανίσαι
2471 1361 2637 1442 ἡμᾶς.
2663 1362 2895 1433 Οίδαμέν
2922 1379 2981 1415 σε
3009 1362 3091 1426 τίς
3124 1358 3193 1427 εί,
3227 1365 3255 1417 ὁ
3284 1363 3435 1433 ἀγιος
3467 1365 3560 1437 τοῦ
3589 1367 3749 1421 Θεοῦ.
3781 1387 3801 1420 ι

2308 1467 2326 1547 ι
2350 1452 2461 1547 list
2471 1451 2628 1547 έσται
2651 1452 2969 1547 δικαιοσύνη
2985 1454 3290 1527 ἐζωσμένος
3304 1457 3401 1529 τὴν
3429 1459 3601 1527 ὀσφῦν
3621 1460 3804 1547 αῇτοῦ,

2230 1541 2322 1595 καὶ
2357 1542 2583 1615 ἀληθείᾳ
2608 1543 2891 1616 είλημένος
2917 1546 3015 1611 τὰς
3056 1546 3295 1618 πλευρὰς
3333 1548 3521 1606 αὐτοῦ.
3552 1569 3571 1602 ι
3601 1541 3808 1623 Ὥσπερ
3862 1608 3863 1615 η

2228 1634 2337 1705 γὰρ
2372 1635 2623 1705 βασιλεὺς
2655 1637 2796 1710 ζώνῃ
2819 1641 2994 1710 χρυσῇ
3024 1639 3117 1692 καὶ
3137 1639 3301 1704 λίθοις
3336 1641 3651 1698 πολυτελέσι
3674 1642 3807 1709 ζών-

2228 1743 2405 1789 νυται,
2423 1728 2514 1781 τὸν
2537 1729 2698 1783 αὑτὸν
2714 1730 2913 1802 τρόπον
2942 1733 3038 1783 καὶ
3058 1730 3137 1803 τῷ
3157 1734 3617 1806 προφητεύομένῳ
3634 1734 3807 1809 ζώνην

555 1842 678 1882 nam
713 1823 1238 1894 assignatjustitiam
1272 1834 1327 1877 et
1349 1824 1658 1878 veritatem.
1681 1823 1776 1878 llis
1797 1824 1923 1878 item
1958 1823 2120 1879 Verbi

2227 1819 2472 1891 ἀφορίζει
2502 1820 2599 1892 τὴν
2623 1821 2970 1894 δ’καιοσύνην
3012 1823 3107 1877 καί¹
3145 1826 3241 1897 τὴν
3266 1823 3541 1896 ἀλήθειαν.
3576 1806 3813 1881 Δυνατδν

552 1920 725 1974 deitas
758 1918 977 1988 intelligi
1020 1929 1216 1989 potest.
1262 1918 1381 1987 Ipse
1406 1918 1603 1987 quippe
1642 1926 1762 1971 erat
1789 1916 2027 1984 iustitia,
2062 1924 2121 1969 ut

552 2014 711 2070 docet
738 2011 1025 2081 Apostolus
1074 2012 1160 2067 his
1207 2012 1408 2074 verbis,
1456 2030 1475 2063 ‹
1504 2010 1604 2078 Qui
1637 2008 1812 2063 factus
1841 2020 1927 2063 est
1967 2009 2119 2064 nobis

551 2106 815 2176 sapientia
847 2121 875 2159 a
920 2105 1046 2163 Deo.
1084 2103 1290 2173 justitia
1322 2117 1541 2173 quoque
1570 2110 1624 2155 et
1653 2100 2035 2161 sanctiﬁcatio,
2068 2109 2120 2153 et

551 2196 852 2265 redemptio
873 2194 940 2249 ⁸⁸.
971 2213 989 2246 ι
1030 2194 1147 2262 Ipse
1178 2207 1393 2262 quoque
1430 2189 1690 2245 Servator
1715 2190 1768 2243 in
1807 2188 2122 2260 Evangeliis

551 2286 754 2340 dixisse
769 2285 1047 2346 scribitur,
1073 2302 1089 2335 ι
1123 2282 1232 2353 Ego
1259 2297 1377 2336 sum
1399 2282 1511 2346 lux,
1530 2282 1992 2336 et'veritasetvita
2016 2282 2114 2334 ⁸⁸.»

551 2377 677 2433 I‘Itec
723 2378 909 2449 igitur,
948 2376 1147 2431 veritas
1177 2375 1385 2430 scilicet
1420 2384 1474 2428 et
1512 2372 1724 2442 iustitia
1760 2373 1898 2443 ejus,
1929 2374 2019 2443 qui
2053 2389 2117 2427 ex

550 2471 735 2525 radice
779 2470 947 2526 .Iessa:
989 2469 1288 2540 prodierat,
1350 2466 1796 2537 constringebant
1848 2465 2019 2520 latera
2066 2476 2121 2521 et

550 2563 761 2619 lumbos
788 2565 843 2616 in
882 2561 1026 2631 regio
1065 2569 1119 2615 et
1166 2558 1388 2613 militari
1429 2558 1614 2612 habitu
1643 2599 1658 2625 ,
1696 2572 1947 2611 sermone
2007 2557 2123 2623 ejus

551 2669 739 2713 contra
766 2654 1005 2712 occultos
1026 2663 1079 2709 et
1120 2649 1420 2708 invisibiles
1456 2651 1639 2706 hostes
1673 2658 1990 2720 apparatum
2024 2648 2121 2703 de-

549 2752 811 2808 olarantc.

623 2927 785 2983 Vens.
820 2927 872 2982 6.
922 2946 939 2979 ι
970 2926 1038 2980 Ει
1074 2925 1233 2982 simul
1288 2933 1472 2994 pascet
1521 2922 1676 2993 lupus
1703 2938 1826 2978 cum
1863 2936 2025 2994 agno,
2065 2932 2120 2979 et

550 3020 750 3091 pardus
781 3034 902 3073 cum
934 3018 1085 3071 haedo
1121 3017 1445 3072 accubabit:
1474 3026 1527 3072 et
1558 3016 1778 3081 vitulus,
1814 3025 1868 3071 et
1912 3026 2120 3083 taurus,

550 3121 604 3167 et
632 3116 714 3167 leo
742 3111 902 3167 simul
932 3120 1182 3180 pascent,
1213 3118 1267 3165 et
1304 3124 1438 3181 puer
1465 3110 1723 3180 parvulus
1753 3120 1878 3179 aget
1908 3125 2035 3166 eos:
2066 3119 2121 3164 et

2223 1910 2278 1964 δὲ
2307 1910 2394 1965 διά
2430 1912 2633 1965 τούτων
2663 1914 2757 1966 καὶ
2795 1914 2892 1986 τὴν
2942 1915 3168 1986 Θεότητα
3208 1915 3302 1969 τοῦ
3338 1918 3512 1986 Λόγου
3550 1919 3802 1973 νοεῖσθαι’

2222 2002 2383 2066 αὐτὸς
2401 2003 2509 2076 γὰρ
2537 2000 2604 2075 ἧν
2634 2007 2666 2077 ἡ
2695 2005 3030 2079 δικαιοσύνη,
3049 2007 3125 2071 ὡς
3148 2007 3388 2062 διδάσκει
3416 2009 3588 2079 λέγων
3609 2014 3639 2065 δ
3657 2012 3805 2066 Ἀπό-

2225 2096 2428 2160 στολος·
2464 2116 2483 2148 ι
2524 2094 2621 2161 ’ος
2652 2098 2883 2171 ἐγενήθη
2919 2101 3050 2171 ἡμῖν
3085 2101 3246 2169 σοφία
3275 2101 3383 2155 ἀπὸ
3407 2102 3567 2167 Θεοῦ,
3598 2104 3803 2158 δικαιο‹

2226 2188 2358 2258 σύνη
2387 2206 2445 2242 τε
2486 2191 2579 2244 καὶ
2609 2192 2894 2263 ἁγιασμὸς,
2922 2194 3013 2246 καὶ
3033 2192 3423 2266 ἀπολύτρωσις.
3460 2215 3479 2246 ι
3518 2196 3630 2250 Καὶ
3650 2192 3804 2262 αὐτὸς

2222 2278 2279 2331 δὲ
2306 2282 2334 2332 ὁ
2357 2280 2545 2354 Σωτὴρ
2580 2284 2637 2336 ὲν
2682 2282 3036 2353 Εὐαγγελίοις
3087 2285 3326 2357 εἰρηκὼς
3369 2288 3800 2360 ἀναγέγραπται,

2229 2391 2247 2423 ι
2290 2372 2431 2443 Ἐγώ
2470 2377 2583 2446 είμι
2611 2376 2672 2429 τὸ
2699 2376 2833 2445 φῶς,
2856 2378 2951 2431 καὶ
2977 2380 3010 2448 ἠ
3038 2378 3283 2449 ἀλήθεια,
3308 2380 3454 2451 καὶὴ
3479 2380 3613 2453 ζωή.
3657 2402 3675 2434 ι
3704 2376 3805 2434 A5-

2222 2480 2312 2517 ται
2346 2466 2525 2519 τοίνυν
2555 2468 2586 2538 ὴ
2612 2466 2839 2539 ἀλήθεια
2880 2469 2973 2522 καὶ
3002 2471 3035 2540 ὴ
3078 2469 3395 2544 δικαιοσύνη
3435 2472 3527 2525 τὸν
3555 2476 3621 2526 ὲκ
3654 2474 3807 2547 ῥίζης

2237 2556 2433 2611 Ἰεσσαὶ
2464 2576 2855 2631 περιεσφιγγον
2876 2562 3112 2634 πλευρὰς
3143 2565 3237 2618 καὶ
3268 2566 3439 2635 ὀσφὺν
3470 2567 3528 2621 ὲν
3546 2566 3808 2640 βασιλικῷ

2224 2649 2317 2702 καὶ
2363 2650 2423 2703 ὲν
2472 2652 2847 2723 στρατιωτικῷ
2896 2656 3155 2726 σχήματι,
3181 2656 3241 2710 τὸ
3270 2657 3409 2711 κατά
3446 2658 3555 2712 τῶν
3585 2661 3808 2729 ἀφανῶν

2224 2739 2316 2793 καὶ
2341 2741 2594 2813 ⁴ἀοράτων
2633 2742 2907 2797 πολεμίων
2949 2746 3283 2818 παράστημα
3310 2747 3477 2801 αὑτοῦ
3514 2750 3807 2820 ἐμφαίνον-

2224 2846 2314 2893 τος
2336 2830 2430 2883 τοῦ
2465 2829 2647 2899 λόγου.

2301 2940 2319 2973 ι
2356 2924 2464 2976 Και
2515 2924 3030 2998 συμϐοσκηθήσεται
3078 2928 3241 2993 λύκος
3292 2930 3430 3007 μετά
3472 2931 3660 3003 ἀρνὸς,
3714 2935 3808 2988 καὶ

2225 3015 2489 3088 πάρδαλις
2520 3021 2992 3075 συναναπαύσεται
3035 3023 3227 3094 ἐρίφῳο
3260 3024 3354 3077 καὶ
3392 3027 3685 3097 μοσχάριον
3715 3030 3808 3080 καὶ

2223 3109 2423 3181 ταῦρος
2469 3111 2563 3164 καὶ
2612 3111 2747 3167 λέων
2783 3112 2899 3183 ἀμα
2948 3113 3398 3187 βοσκηθήσονται,
3448 3119 3543 3171 καὶ
3596 3120 3809 3173 παιδίον

550 3205 646 3260 bos
673 3214 727 3260 et
756 3219 916 3259 ursus
944 3220 1046 3259 una
1085 3215 1398 3274 pascentur,
1431 3211 1486 3257 et
1521 3202 1683 3258 catuli
1714 3216 1901 3256 eorum
1960 3201 2119 3257 simul

2227 3176 2418 3275 μικρὸν
2448 3203 2564 3269 ἄξει
2589 3206 2803 3269 αὐτούς·
2824 3176 2921 3260 καὶ
2944 3176 3069 3278 βοῦς
3092 3176 3186 3261 ,ὶαὶ
3230 3176 3432 3280 ἄρκτος
3461 3211 3576 3283 ἅμα
3612 3212 3809 3285 βοσκη-

549 3306 731 3361 erunt,
784 3304 841 3352 et
886 3296 967 3350 leo
1017 3295 1169 3364 quasi
1227 3296 1324 3348 hos
1364 3295 1617 3349 comedet
1664 3292 1868 3364 paleas.
1917 3311 1936 3345 ι
1983 3290 2117 3362 Lupi

2222 3296 2500 3369 θήσονται,
2561 3300 2654 3352 καὶ
2688 3300 2806 3371 ἀμα
2860 3300 2929 3355 τά
2975 3303 3164 3356 παιδία
3218 3305 3398 3357 αὐτῶν
3435 3305 3669 3371 ἔσονται,
3716 3308 3811 3361 καὶ

548 3392 766 3461 quidem
789 3391 929 3445 inter
958 3388 1204 3444 homines
1242 3397 1366 3441 sunt
1393 3386 1495 3439 viri
1524 3401 1747 3457 rapaces
1774 3405 1788 3442 :
1818 3402 1847 3439 a
1879 3386 2119 3456 nequitia

548 3495 679 3537 vero
712 3495 808 3537 sua
834 3480 1174 3549 resipiscent,
1224 3477 1298 3531 ita
1344 3486 1402 3531 ut
1447 3492 1569 3533 cum
1626 3478 1778 3547 agnis
1805 3474 2025 3530 mitibus
2069 3488 2125 3530 et

548 3572 846 3630 mansuetis
875 3586 1063 3627 eorum
1093 3569 1288 3623 anima:
1322 3568 1421 3625 sub
1453 3583 1559 3624 uno
1584 3567 1835 3625 Ecclesiae
1864 3566 1992 3623 ovili
2024 3566 2121 3622 de-

547 3678 696 3743 gant.
728 3668 834 3723 Alii
862 3684 995 3725 vero
1030 3668 1185 3737 longe
1213 3666 1584 3731 immaniores,
1615 3675 1777 3736 atque
1824 3665 2120 3719 vehemen-

550 3773 635 3818 ter
667 3761 875 3817 ell'erati
905 3761 1025 3823 viri.
1052 3759 1185 3814 nihil
1211 3774 1239 3813 a
1282 3757 1468 3828 pardis
1493 3758 1888 3827 discrepantes,
1928 3755 2121 3811 bellua:

551 3854 884 3909 ferocitatem
917 3851 1267 3919 deponentes,
1297 3865 1406 3903 una
1433 3863 1553 3903 cum
1583 3848 1749 3902 bzedis
1772 3846 2122 3917 simpliciori-

548 3947 647 4001 bus
674 3961 737 4001 ac
768 3943 1070 3999 mitioribus
1094 3939 1861 3996 accubabunt.Aliiveroleoni
1881 3938 2122 3994 moribus

547 4053 809 4111 perquam
842 4036 1070 4098 similes,
1099 4033 1474 4091 crudelitatem
1504 4043 1556 4088 et
1584 4034 1934 4087 voracitatcm
1963 4048 2117 4087 suam

549 4141 845 4195 mutantes,
872 4144 977 4184 una
1009 4143 1131 4183 cum
1167 4126 1470 4181 infantibus
1515 4124 1770 4179 Ecclesia:
1800 4138 1993 4178 recens
2031 4139 2122 4178 or-

2220 3389 2356 3443 λέων
2387 3390 2461 3453 ὡς
2488 3390 2613 3461 βοῦς
2653 3393 2886 3461 φάγεται
2926 3393 3125 3465 ἄχυρα.
3173 3414 3190 3447 ι
3228 3396 3396 3449 Λύκοι
3427 3398 3525 3468 μὲν
3553 3393 3647 3452 οῦν
3675 3400 3724 3451 οξ
3751 3401 3813 3451 ἐν

2220 3482 2523 3556 ἀνθρώποις
2540 3485 2887 3556 ἀρπακτικοί·
2912 3487 3273 3557 μεταϐαλοῦσι
3295 3489 3353 3542 δὲ
3365 3491 3463 3562 τῆς
3482 3490 3807 3564 μοχθηρίας,

2218 3572 2294 3636 ὡς
2341 3574 2479 3643 μετὰ
2530 3575 2710 3647 ἀρνῶν
2754 3576 2976 3648 ἡμέρων
3010 3578 3103 3630 καὶ
3132 3578 3324 3650 πράων
3352 3579 3450 3643 τὰς
3476 3580 3653 3650 ψυχὰς
3703 3581 3812 3633 ὑπὲρ

2223 3664 2349 3736 μίαν
2387 3666 2712 3739 Ἐκκλησίαν
2742 3667 3123 3737 ἀγελάζεσθαι.
3146 3668 3328 3723 Ἀλλοι
3344 3670 3400 3723 δὲ
3427 3670 3810 3744 ὠμότεροικαὶ

2222 3757 2422 3829 σφόδρα
2461 3759 2872 3830 ἀπηγριωμένα
2905 3760 3116 3832 ἀνδρες,
3165 3761 3319 3814 οὐδὲν
3350 3763 3666 3834 παρδάλεων
3693 3766 3814 3817 δια-

2219 3850 2494 3922 φέροντες,
2531 3850 2591 3903 τὸ
2621 3850 2712 3903 τοῦ
2747 3849 2913 3922 θηρὸς
2944 3850 3174 3922 φοϐερὸν
3206 3852 3565 3923 ἀποθέμενοι,
3595 3854 3813 3925 ἐρίφοις

2219 3940 2335 4013 ἃμα
2367 3945 2476 4005 τοῖς
2501 3940 2885 4015 ἁπλουστέροις
2902 3943 2997 3996 καὶ
3021 3944 3424 4018 ἀκεραιοτέροις
3459 3947 3811 3999 συναναπαύ-

2220 4052 2424 4089 σονται.
2468 4036 2577 4089 Καὶ
2625 4035 2798 4089 λέοντι
2830 4036 2886 4090 δὲ
2934 4037 3063 4102 τοὺς
3102 4039 3339 4110 τρόπους
3371 4040 3810 4110 παρεικασμένοι

2217 4126 2385 4192 ἄλλοι,
2413 4126 2473 4180 τὸ
2501 4127 2791 4199 ὠμόθυμον
2822 4133 2916 4185 καὶ
2954 4132 3286 4204 σαρκοϐόρον
3321 4129 3452 4203 ἦθος
3475 4129 3809 4198 ἐναλλάξαν-

551 4225 638 4289 tis,
670 4226 823 4293 quasi
860 4232 1049 4276 taurus
1077 4229 1133 4275 et
1160 4219 1360 4273 vitulus
1403 4226 1649 4288 pasceut,
1682 4217 1869 4272 eodem
1902 4218 2023 4272 cibo
2051 4232 2116 4272 ex

2227 4237 2327 4283 τες,
2353 4218 2487 4289 ὁμοῦ
2516 4225 2628 4285 τοῖς
2656 4224 2714 4275 ὲν
2745 4227 2809 4295 τῇ
2844 4224 3141 4297 Ἐκκλησία
3169 4226 3429 4293 νεογνοῖς,
3453 4224 3645 4297 ὥσπερ
3675 4223 3809 4277 ταῦ-

547 4317 745 4373 divinis
793 4314 1086 4385 Scripturis
1132 4311 1300 4381 petito
1346 4320 1578 4363 utentes.
1639 4308 1792 4377 Quod
1850 4312 1891 4364 si
1930 4310 2119 4365 videas

2227 4327 2312 4381 ρος
2353 4312 2447 4365 καὶ
2489 4311 2706 4382 μόσχος,
2745 4314 3193 4387 βοσκηθήσονται,
3227 4316 3325 4386 τῆς
3368 4315 3540 4387 αὐτῆς
3578 4317 3642 4368 ἐκ
3696 4314 3810 4367 τῶν

546 4412 725 4483 regios
755 4410 900 4463 viros
929 4405 1188 4475 dignitate
1216 4413 1269 4458 et
1300 4402 1617 4473 prtestantia
1658 4402 1710 4455 in
1748 4403 1854 4457 hac
1888 4402 1993 4456 vita
2019 4417 2112 4456 or-

2227 4402 2376 4465 θείων
2404 4403 2576 4473 λόγων
2622 4406 3051 4478 μεταληψόμενοι
3082 4408 3285 4480 τροφῆς
3339 4408 3473 4479 (17).
3525 4408 3589 4461 El
3618 4409 3677 4461 δὲ
3708 4407 3810 4460 καὶ

546 4515 722 4571 natos,
751 4503 806 4557 in
856 4498 1096 4556 Ecclesia
1146 4496 1239 4551 Dei
1288 4512 1410 4551 cum
1474 4496 1801 4565 pauperibus
1831 4510 1895 4550 ex
1933 4494 2113 4548 infima

2227 4493 2532 4564 βασιλικούς
2556 4516 2681 4551 ποτε
2705 4499 2920 4569 ἄνδρας,
2950 4498 3218 4571 ἀξιώματι
3247 4501 3338 4553 καὶ
3368 4501 3662 4571 ὑπεροχαῖς
3682 4502 3813 4561 ταῖς

545 4600 700 4670 plebe
734 4604 1113 4665 congregatos,
1160 4607 1226 4648 ne
1268 4593 1535 4646 cuncteris
1584 4590 1769 4645 dicere
1812 4589 1975 4642 etiam
2014 4587 2117 4643 hac

2227 4589 2365 4643 κατά
2377 4590 2465 4643 τὸν
2497 4590 2608 4661 βίον
2629 4593 3043 4663 τετιμημένους,
3075 4592 3286 4646 θεάσοιο
3312 4594 3368 4645 ἐν
3395 4594 3461 4663 τῇ
3507 4591 3810 4664 Ἐκκλησία

548 4692 759 4747 ratione
818 4687 1091 4757 impletum
1147 4699 1267 4739 esse
1295 4682 1664 4752 Scripturam.
1693 4680 1895 4737 Omnes
1934 4682 2120 4750 itaque

2227 4681 2317 4735 τοῦ
2344 4682 2499 4749 Θεοῦ,
2535 4683 2672 4755 μετά
2700 4686 2945 4756 πενήτων
2978 4685 3071 4738 καὶ
3108 4684 3342 4738 εὐτελῶν
3378 4685 3812 4755 συναγομένους,

541 4786 651 4854 jam
680 4790 1006 4838 memoratos
1034 4780 1207 4849 lupos,
1233 4792 1429 4846 agnos,
1480 4774 1698 4843 pardos,
1751 4774 1953 4838 haedos,
2005 4773 2117 4826 leo-

547 4894 664 4944 nes,
722 4875 918 4929 vitulos
971 4886 1026 4928 et
1085 4881 1297 4934 tauros,
1362 4880 1419 4921 ut
1479 4866 1697 4930 dicitur,
1748 4881 1881 4937 puer
1942 4864 2122 4921 infans

547 4979 689 5041 aget.
734 4969 866 5023 Illud
900 4978 1077 5020 autem
1135 4981 1154 5015 ι
1186 4971 1326 5032 aget,
1361 4979 1380 5014 ι
1431 4959 1591 5029 quasi
1640 4976 1658 5009 ι
1692 4957 2062 5029 congregabit,
2095 4976 2114 5009 ι

545 5066 747 5121 dictum
767 5072 871 5117 est.
917 5057 1074 5129 Quod
1131 5057 1244 5127 ipsa
1292 5069 1351 5108 re
1398 5060 1609 5123 gestum
1657 5052 1967 5123 perSpicere
1998 5049 2123 5104 licet

547 5159 634 5221 iis,
657 5156 749 5228 qui
777 5152 1067 5224 praesulum
1096 5150 1291 5203 multos
1317 5147 1503 5200 vident
1538 5144 1591 5197 in
1627 5142 1867 5197 Ecclesia
1893 5142 2116 5207 Christi,

544 5251 612 5304 ob
668 5246 832 5303 animi
883 5242 1287 5311 simplicitatem
1333 5248 1387 5293 et
1435 5237 1829 5300 innocentiam,
1877 5233 2007 5289 nihil
2051 5234 2118 5287 ab

544 5340 841 5398 infantibus
870 5337 1180 5407 discrepare
1210 5352 1224 5391 :
1253 5331 1356 5387 etsi
1392 5341 1572 5385 tamen
1605 5326 1846 5399 przel‘ecti
1888 5326 1999 5381 sint
2025 5341 2118 5380 eo-

544 5451 685 5499 rum,
725 5432 814 5502 qui
857 5430 921 5484 ab
951 5429 1096 5483 omni
1128 5440 1330 5496 genere
1388 5426 1440 5479 in
1482 5438 1646 5476 unum
1696 5426 2116 5490 congregantur.

542 5530 674 5584 Cum
699 5542 859 5599 porro
891 5525 988 5590 ait,
1048 5541 1065 5574 ι
1095 5521 1162 5576 Ει
1189 5523 1287 5577 bos
1324 5531 1380 5575 et
1411 5534 1568 5574 ursus
1609 5522 1899 5588 pascentur
1959 5509 2120 5565 simul

2231 4774 2306 4844 μὴ
2326 4774 2471 4827 ὄκνει
2497 4775 2676 4844 λέγειν
2710 4777 2803 4829 καὶ
2829 4774 2971 4829 οὕτω
3001 4775 3391 4847 πεπληρῶσθαι
3426 4774 3522 4847 τὴν
3554 4776 3810 4848 Γραφήν.

2228 4865 2443 4928 Πάντας
2488 4864 2667 4919 τοίνυν
2710 4864 2844 4937 ὁμοῦ
2878 4867 3004 4929 τοὺς
3052 4866 3412 4929 ἀποδοθέντας
3459 4865 3661 4928 λύκους
3709 4868 3817 4919 καὶ

2226 4957 2416 5029 ἄρνας,
2447 4958 2542 5011 καὶ
2565 4958 2881 5030 παρδάλεις,
2913 4958 3007 5011 καὶ
3038 4956 3279 5029 ἐρίφους,
3308 4957 3403 5010 καὶ
3443 4955 3685 5023 λέοντας,
3710 4959 3818 5010 καὶ⁵

2228 5050 2478 5124 μόσχους,
2502 5051 2597 5105 καὶ
2623 5051 2874 5123 ταύρους,
2910 5051 3119 5105 παιδίον
3139 5051 3331 5123 νήπιον
3358 5049 3508 5114 ἄξειν
3530 5050 3819 5105 λέλεκται;

2225 5142 2298 5195 Τὸ
2319 5144 2395 5207 δὲ,
2437 5162 2455 5195 ι
2487 5142 2625 5209 ἄξει,
2668 5163 2686 5197 ι
2717 5146 2837 5198 ἀντὶ
2867 5144 2981 5207 τοῦ,
3012 5165 3029 5196 ι
3070 5144 3304 5211 συνάξει,
3343 5162 3361 5195 ι
3400 5143 3638 5212 λέγεταιι
3676 5144 3819 5213 Ἔρ-

2224 5252 2304 5306 γῳ
2338 5237 2394 5290 δὲ
2445 5236 2559 5291 ἐστι
2618 5236 2953 5311 παραλαϐεῖν
3004 5238 3097 5290 καὶ
3138 5236 3315 5299 τοῦτο,
3363 5235 3604 5307 ὁρῶντας
3634 5236 3694 5288 ὲν
3740 5237 3816 5305 τῇ

2238 5326 2532 5403 Ἐκκλησία
2564 5326 2797 5401 Χριστοῦ
2836 5328 2961 5392 τοὺς
3001 5326 3281 5390 πλείστους
3306 5325 3416 5378 τῶν
3445 5324 3821 5396 προεστώτων

2227 5418 2294 5471 δι’
2320 5419 2597 5493 ἁπλότητα
2622 5420 2797 5492 ψυχῆς
2820 5422 2914 5473 καὶ
2946 5420 3180 5473 ἀκακίαν
3203 5417 3353 5471 οὐδὲν
3379 5417 3588 5489 νηπίων
3613 5417 3817 5487 διαφέο

2230 5526 2438 5582 ροντας’
2468 5513 2617 5586 ὅμως
2642 5513 2684 5565 δ’
2713 5509 2807 5567 οὖν
2842 5511 3179 5583 ἡγουμένους
3212 5510 3319 5564 τῶν
3345 5510 3452 5564 ἀπὸ
3480 5508 3685 5574 παντὸς
3713 5510 3817 5578 γέ-

615 5647 659 5679 “
690 5641 881 5698 Matth.
909 5658 968 5709 χ,
994 5641 1085 5696 δι.
1158 5639 1201 5671 ⁸⁷
1234 5635 1428 5693 Matth.
1458 5649 1583 5700 vtu,
1622 5631 1712 5689 29.
1799 5629 1844 5660 “
1876 5628 2041 5682 lCor.
2079 5624 2213 5693 I,50.
2292 5626 2336 5658 "
2363 5625 2519 5681 Joan.
2548 5643 2660 5695 xxv,
2684 5626 2715 5682 6

615 5763 724 5833 (l7)
764 5760 918 5815 Iluuc
965 5760 1099 5818 item
1158 5756 1358 5821 locum,
1410 5751 1598 5825 paucis
1659 5748 1980 5816 immutatis,
2021 5722 2275 5817 exprimit
2329 5746 2729 5813 Ilicronvmus,
2766 5764 2798 5830 ἶι
2829 5745 2983 5815 Quod
3011 5742 3255 5815 quotidie
3302 5743 3581 5799 cernimus
3612 5740 3668 5796 in
3705 5738 3813 5795 Ec-

538 5835 728 5892 clesia.
755 5852 773 5886 ι
810 5843 927 5887 etc.‘
