4158 6402
320 347 425 404 1⁸5

1265 333 1762 396 COMMENTARIA
1804 329 1870 387 IN
1910 326 2163 386 lSAlAM.
2205 359 2270 373 ο-
2309 324 2463 386 CAP.
2502 323 2598 386 XI.

3470 314 3574 376 ιτι

317 476 442 527 νους
460 457 603 516 κατά
623 457 682 514 τὸ
701 457 833 513 αὐτὸ
853 457 1253 529 συναγομένων.
1273 455 1455 510 Είπὼν
1476 455 1554 520 δὲ,
1585 473 1605 508 ι
1635 452 1748 507 Καὶ
1773 448 1898 522 βοῦς

2012 457 2055 503 3t
2080 463 2184 504 una
2213 456 2374 502 erunt
2399 445 2562 501 catuli
2595 455 2808 508 eorum,
2833 455 2854 496 ι
2892 437 2982 495 hic
3009 448 3224 509 quoque
3255 445 3569 491 mansueto.

320 555 414 610 καὶ
448 554 648 626 άρκτος
681 551 1107 624 βοσκηθήσονται
1133 551 1271 622 ἅμα,
1302 550 1396 604 καὶ
1430 550 1547 620 ἅμα
1580 547 1795 602 ἐσυνται
1828 544 1896 599 τά

322 646 510 701 παιδία
538 645 738 708 αὐτῶν,
779 663 797 696 ι
829 643 1106 697 κάνταῦθα
1130 642 1348 713 ἡμέρων
1385 660 1445 695 τε
1498 641 1592 695 καὶ
1618 642 1699 705 είς
1724 656 1899 710 γεωρ⁴

321 740 446 812 γίαν
469 739 648 809 ψυχῆς
675 737 995 808 ἐπιτηδείων
1038 735 1269 809 ἀνδρῶν,
1304 735 1397 790 καὶ
1419 734 1594 790 ἄλλων
1615 734 1900 806 ἀπηγριωυ

326 834 502 905 μένων
540 835 654 894 τοῖς
696 830 939 901 τρόποις,
984 830 1084 901 τὴν
1116 831 1207 882 ἐπὶ
1234 827 1294 882 τὺ
1315 828 1446 882 αὐτὸ
1481 826 1763 882 κοινωνίαν
1787 827 1902 879 δια-

319 925 545 997 γράφει.
601 923 674 976 Σύ
705 917 797 976 οὖν
846 920 1114 974 πλουσίων
1151 939 1208 974 τε
1235 919 1326 974 καὶ
1354 919 1618 989 πενήτων,
1651 916 1902 989 πονηρῶν

319 1035 381 1072 τε
415 1017 508 1071 καὶ
535 1014 752 1083 ἀγαθῶν
778 1012 972 1078 παῖδας
996 1014 1136 1085 ὁρῶν
1167 1012 1664 1084 συγκροτουμένους
1685 1010 1776 1065 ἐπὶ
1803 1011 1902 1082 τῆς

335 1105 680 1176 Ἐκκλησίας,
743 1105 1114 1176 μαρτυρήσεις
1163 1106 1228 1174 τῇ
1285 1103 1592 1174 προφητείᾳ
1646 1102 1898 1176 φησάσῃ,

330 1219 347 1251 ι
380 1198 492 1254 Καὶ
512 1198 630 1270 ἃμα
643 1197 713 1251 τά
741 1197 928 1250 παιδία
954 1197 1132 1250 αὐτῶν
1159 1196 1388 1249 ἔσονται.
1423 1214 1442 1247 ι
1493 1195 1551 1250 '0
1573 1196 1904 1268 σαρκοϐόρος

319 1289 502 1343 τοίνυν
531 1289 632 1361 τὴν
654 1287 814 1358 φύσιν
841 1287 996 1352 λέων,
1022 1288 1243 1360 ἀχύροις
1263 1287 1591 1359 τρεφόμενος
1623 1287 1901 1360 ποηφάγου

322 1378 466 1445 ζώου
508 1380 686 1450 δίκην,
736 1379 1018 1451 ἄνθρωπος
1046 1377 1112 1432 ἂν
1154 1379 1237 1448 εἴη
1270 1378 1431 1432 πάλιν
1483 1377 1754 1451 θηριώδης
1809 1377 1904 1432 καὶ

321 1470 561 1541 ἀπηνὴς,
589 1469 717 1542 ψιλῇ
773 1473 839 1540 τῇ
880 1469 1020 1536 λέξει
1083 1469 1180 1540 τῆς
1215 1469 1362 1533 θείας
1415 1469 1620 1542 χαίρων
1660 1469 1902 1541 Γραφῆς.

335 1561 400 1621 ’0
432 1565 531 1636 μὲν
557 1563 664 1636 γὰρ
713 1563 988 1617 λανθάνων
1019 1565 1076 1616 ἐν
1125 1563 1428 1636 ἀποκρύφῳ
1470 1563 1613 1627 νοῦς,
1655 1563 1815 1626 αὐτὸς
1840 1561 1906 1616 ἂν

324 1656 412 1729 ιῐη
443 1657 473 1709 ὀ
506 1656 676 1727 πυρὸς
695 1654 786 1709 καὶ
813 1655 842 1707 ὁ
860 1654 1044 1726 ψυχῶν
1064 1655 1327 1727 τρόφιμος
1359 1640 1535 1725 λόγος·
1567 1657 1600 1725 ή
1633 1654 1692 1707 δὲ
1720 1653 1907 1708 τοῦτον

327 1748 728 1823 περιϐάλλουσα
751 1747 894 1813 λέξις
923 1748 984 1802 τὸ
1014 1748 1238 1820 ἄχυρον.

405 1859 426 1894 ς
461 1842 573 1896 Καὶ
623 1841 833 1896 παιδίον
864 1842 1055 1911 νήπιον
1092 1841 1185 1893 ἐπὶ
1229 1839 1486 1912 τρωγλῶν
1520 1840 1780 1901 ἀσπίδων,
1815 1839 1909 1892 καὶ

327 1933 423 1986 ἐπὶ
447 1932 633 2004 κοίτην
678 1932 916 2000 ἐκγόνων
959 1931 1200 1985 ἀσπίδων
1235 1931 1334 2002 τὴν
1369 1933 1526 2002 χεῖρα
1565 1929 1830 1983 ἐπιδαλεῖ.
1885 1947 1904 1981 ι

326 2021 485 2092 Τάχα
516 2021 572 2076 δὲ
599 2020 840 2094 τρῶγλαι
863 2021 956 2074 καὶ
983 2023 1156 2073 κοῖται
1185 2020 1429 2073 ἀσπίδων
1457 2020 1678 2072 καὶτῶν
1703 2017 1912 2081 τούτοις

326 2111 684 2183 γεννημάτων
716 2108 826 2164 εἷεν
842 2110 1014 2164 ἄνκαὶ
1041 2111 1106 2164 τὰ
1123 2109 1350 2181 σώματα
1373 2109 1482 2163 τῶν
1511 2109 1618 2162 ὐπὸ
1642 2109 1911 2180 δαιμόνων

329 2201 751 2272 ἐνοχλουμένων,
783 2196 864 2264 οἷς
911 2200 1296 2271 ἐμφωλεύοντα
1345 2201 1415 2255 τὰ
1467 2199 1773 2272 ἐρπυστικά
1818 2201 1914 2253 καὶ

333 2290 517 2344 ίοσόλα
537 2289 821 2361 πνεύματα
837 2291 1166 2356 ἐκοιτάζετο,
1183 2290 1455 2362 τρώγλαις
1474 2291 1660 2362 ὥσπερ
1679 2293 1791 2354 τοῖς
1817 2289 1912 2344 τοῦ

333 2376 586 2450 σώματος
611 2379 984 2452 αἰσθητηρίοις
998 2378 1271 2452 χρώμενα.
1308 2381 1487 2433 Ταῦτα
1513 2381 1570 2434 δέ
1598 2381 1657 2434 τὸ
1677 2380 1912 2453 Χριστοῦ

331 2470 570 2533 παιδίον,
610 2471 751 2542 ἀνὴρ
780 2488 862 2534 τις
891 2471 1093 2535 ἁπλοῦς
1123 2472 1215 2524 καὶ
1243 2472 1338 2544 τὴν
1370 2473 1566 2526 κακίαν
1610 2472 1912 2544 νηπιάζιον,

327 2563 399 2631 τῇ
425 2559 520 2613 τοῦ
551 2561 801 2634 Σωτῆρος
827 2562 1130 2616 ἀπελαῦνον
1157 2563 1402 2634 δυνάμει,
1438 2564 1534 2636 τὴν
1563 2567 1719 2637 χεῖρα
1749 2559 1912 2618 αὐτοῦ

328 2651 612 2724 ἐπιτίθησι
666 2653 830 2723 μηδὲν
871 2659 1188 2708 κακοποιεῖν
1238 2655 1559 2727 δυναμένοις
1594 2656 1682 2710 διὰ
1721 2657 1810 2709 τὸν
1849 2658 1915 2711 ἐκ

332 2740 494 2815 ῥίζης
557 2743 755 2797 Ἰεσσαὶ
807 2744 1154 2816 προελθόντα·
1186 2745 1245 2810 ὃς
1300 2745 1546 2812 ἐξουσίαν
1597 2748 1766 2802 ἐδίδου
1799 2751 1914 2812 τοῖς

329 2833 500 2886 αὐτοῦ
536 2834 768 2899 παιδίοις
800 2838 989 2889 πατεῖν
1036 2837 1221 2891 ἐπάνω
1271 2837 1444 2907 ὄφεων
1473 2840 1567 2892 καὶ
1616 2841 1911 2911 σκορπίων,

329 2925 427 2978 καὶ
459 2926 552 2980 ἐπὶ
578 2929 754 2981 πᾶσαν
781 2927 878 2999 τὴν
899 2927 1128 3000 δύναμιν
1151 2929 1246 2982 τοῦ
1276 2929 1490 3001 ἐχθροῦ.

408 3032 429 3066 ‹
470 3016 580 3071 Καὶ
611 3017 672 3071 οὐ
717 3018 791 3090 μὴ
844 3022 1290 3092 κακοποιήσουσι,
1321 3023 1442 3076 οὐδὲ
1483 3021 1557 3095 μὴ
1597 3023 1912 3096 δυνήσονται

327 3106 598 3162 ἀπολέσαι
649 3109 838 3163 οὐδένα
878 3112 970 3166 ἐπὶ
999 3114 1062 3166 τὺ
1099 3114 1224 3186 ὅρος
1247 3116 1308 3168 τὸ
1345 3117 1499 3185 ἅγιόν
1533 3134 1647 3170 σου.
1689 3138 1707 3168 ι
1741 3119 1912 3173 Τοῦτο

324 3197 385 3251 δέ
407 3198 534 3252 ἐστι
554 3199 614 3252 τὸ
640 3200 764 3271 ὅρος
797 3201 856 3254 τὸ
880 3203 974 3256 καὶ
1015 3204 1105 3258 διὰ
1131 3205 1240 3260 τῶν
1271 3206 1579 3279 ἔμπροσθεν
1611 3208 1914 3280 δεδηλωμέ-

323 3301 438 3352 νον,
469 3288 578 3341 οὐκ
620 3289 746 3344 ἄλλο
769 3308 818 3344 τι
843 3291 902 3345 ὃν
937 3293 1030 3346 τοῦ
1069 3295 1391 3365 ἐπουρανίου
1432 3299 1526 3350 καὶ
1558 3297 1913 3366 εὐαγγελικοῦ

317 3377 516 3448 λόγου,
546 3381 634 3449 ἐφ’
661 3372 722 3434 οὗ
751 3383 780 3436 ὀ
807 3378 956 3448 οἶκος
983 3385 1077 3438 τοῦ
1118 3386 1276 3452 Θεοῦ,
1300 3387 1396 3440 καὶ
1420 3389 1452 3460 ἡ
1488 3388 1784 3460 Ἐκκλησία
1813 3391 1913 3443 αὐ-

321 3470 419 3526 τοῦ
441 3472 811 3544 ᾠκοδόμηται.
841 3476 958 3531 Ἵνα
971 3477 1102 3546 γοῦν
1128 3482 1201 3551 μή
1230 3498 1313 3545 τις
1334 3481 1397 3535 τὸ
1426 3481 1660 3536 ἐνταῦθα
1691 3484 1916 3555 λεγόμε-

326 3580 420 3616 νον
465 3563 590 3635 δρος
620 3565 817 3639 νομίσῃ
838 3562 976 3622 εῖναι
1002 3570 1064 3623 τὸ
1095 3571 1154 3624 ὲν
1186 3571 1341 3643 μέρει
1369 3572 1570 3641 γωνίας
1584 3573 1685 3644 τῆς
1712 3575 1916 3629 Παλαι-

329 3654 523 3727 στίνης
561 3658 832 3723 Ἰουδαίοις
879 3661 1304 3734 ὑπειλημμένον,
1355 3665 1606 3736 διασαφεῖ
1647 3667 1744 3740 τὴν
1795 3669 1914 3722 διά-

324 3761 482 3799 νοιαν
513 3745 636 3818 ἑξῆς
673 3748 968 3822 ἐπιφέρων·
999 3771 1017 3803 ι
1071 3753 1195 3806 Ὀτι
1223 3754 1530 3828 ἐνεπλήσθη
1566 3759 1598 3829 ἡ
1650 3757 1916 3828 σύμπασα

319 3837 396 3908 γῆ
423 3837 524 3892 τοῦ
548 3839 749 3907 γνῶναι
777 3841 870 3895 τὸν
901 3842 1125 3916 Κύριον,
1161 3845 1236 3910 ὡς
1274 3845 1419 3920 ὕδωρ
1445 3848 1579 3902 πολύ
1605 3849 1916 3904 κατακαλύ-

315 3927 425 3998 ψαι
473 3927 770 3994 θαλάσσας·
807 3951 825 3983 ι
861 3931 1003 3986 οὕτω
1038 3937 1318 4007 σημαίνων
1362 3937 1459 4010 τὴν
1491 3939 1611 3993 καθ’
1639 3939 1769 4012 ὅλης
1817 3942 1916 4014 τῆς

315 4019 660 4089 οἰκουμένης
692 4021 979 4094 ἱδρυμένην
1031 4025 1354 4098 Ἐκκλησίαν
1391 4028 1548 4093 Θεοῦ,
1588 4031 1684 4084 καὶ
1715 4033 1814 4106 τὴν
1858 4034 1917 4088 ἐν

315 4109 465 4181 αὐτῇ
496 4113 908 4185 κηρυττομένην
933 4115 1131 4188 εὐσεϐῆ
1153 4118 1376 4186 γνῶσιν,
1403 4121 1503 4192 τὴν
1525 4124 1632 4176 πᾶν
1661 4124 1722 4177 τὸ
1741 4125 1918 4196 άλμυ-

313 4199 419 4274 ρδν
450 4201 558 4272 τῆς
593 4203 789 4268 κακίας
823 4205 917 4258 τοῦ
960 4205 1099 4276 βίου,
1131 4207 1320 4283 ῶσπερ
1353 4211 1531 4284 πολλῷ
1576 4213 1654 4285 τῷ
1685 4214 1917 4287 ῥεύματι

311 4295 798 4362 κατακλύζουσαν,
848 4301 943 4353 καὶ
984 4300 1164 4355 πᾶσαν
1200 4300 1380 4374 ψυχῆς
1432 4304 1732 4379 μοχθηρίαν
1781 4308 1910 4362 ἀπο-

311 4385 726 4460 καθαίρουσαν.

390 4585 412 4619 ε
459 4565 584 4622 Καὶ
619 4565 768 4623 ἔσται
800 4569 859 4623 ἐν
894 4570 1077 4645 ἐκείνῃ
1101 4575 1168 4644 τῇ
1204 4572 1389 4645 ἡμέρᾳ
1416 4573 1450 4645 ἡ
1480 4573 1603 4646 ῥίζα
1642 4573 1737 4628 τοῦ
1775 4575 1908 4630 Ἰεση

306 4661 428 4726 σαὶ,
460 4660 565 4715 καὶ
596 4660 625 4713 ὁ
668 4660 1021 4734 ἀνιστάμενος
1054 4665 1239 4736 ἄρχειν
1273 4663 1460 4720 ἐθνῶν·
1493 4665 1578 4718 ἐπ’
1609 4667 1758 4738 αὐτῷ
1782 4667 1910 4739 ἔθνη

300 4747 599 4810 ἑλπιοῦσι·
630 4753 724 4806 καὶ
751 4752 903 4808 ἔσται
929 4756 964 4826 ἡ
1009 4757 1314 4820 ἀνάπαυσις
1361 4757 1524 4812 αὐτοῦ
1553 4760 1707 4831 τιμή.
1744 4778 1760 4810 ι
1825 4760 1912 4814 Ἐν

299 4844 500 4916 ἐκείνῃ
533 4838 638 4898 οὖν
674 4846 739 4916 τῇ
768 4845 972 4919 ἡμέρᾳ,
1010 4847 1169 4918 δῆλον
1201 4849 1256 4902 δὲ
1287 4848 1369 4902 ὃτι
1411 4849 1552 4905 κατὰ
1582 4852 1674 4904 τὸν
1696 4868 1909 4922 προφη-

293 4935 622 5008 τευόμενον
665 4937 873 5008 χρόνον,
907 4931 1061 5004 οὗτος
1111 4940 1271 5005 αὐτὸς
1299 4943 1364 4995 ἐκ
1395 4941 1495 5012 τῆς
1520 4943 1676 5014 ῥίζης
1715 4944 1912 4999 Ἰεσσαὶ

293 5024 788 5098 ἀναστησόμενος,
821 5029 959 5098 μετά
973 5030 1034 5084 τὸ
1055 5031 1369 5103 ἀναστῆναι,
1395 5031 1636 5105 δηλονότι
1661 5034 1796 5106 μετά
1813 5035 1913 5106 τὴν

289 5119 361 5173 ἐκ
387 5117 626 5190 νεκρῶν
659 5117 970 5185 ἀνάστασιν,
1005 5121 1104 5176 οὐκ
1140 5123 1402 5177 Ἰουδαίων
1453 5125 1604 5178 ἔσται
1634 5124 1909 5195 βασιλεὺς,

289 5209 423 5263 οὐδὲ
455 5207 668 5278 ὥσπερ
691 5209 851 5274 αὐτὸς
882 5212 910 5265 ό
929 5210 1092 5265 Δαυῖδ
1123 5213 1175 5266 οἵ
1195 5229 1252 5266 τε
1272 5213 1459 5267 τούτου
1498 5214 1750 5286 διάδοχοι,
1781 5215 1911 5287 βρα-

291 5302 464 5375 χείας
514 5298 672 5362 ung
704 5300 906 5366 γωνίας
932 5305 1215 5374 κρατήσειν
1252 5302 1354 5376 τῆς
1381 5305 1426 5359 δ’
1463 5305 1777 5378 ἁπανταχοῦ
1808 5307 1910 5378 γῆς

289 5393 482 5468 ἄρξει.
522 5391 625 5445 Διὸ
650 5391 902 5462 οὐδαμῶς
947 5394 1175 5450 θάνατον
1209 5396 1518 5468 ὑπογράφει
1557 5399 1743 5452 αὐτοῦ·
1776 5400 1910 5454 ἀνά-

289 5503 517 5543 παυσιν
545 5485 612 5538 δὲ
637 5484 913 5556 ὀνομάζει,
941 5490 1034 5542 καὶ
1061 5489 1238 5557 δόξαν,
1269 5491 1366 5545 καὶ
1394 5494 1580 5563 τιμήν.
1612 5492 1780 5546 Τοῦτο
1802 5492 1909 5564 γὰρ

285 5579 362 5656 ἦν
397 5581 468 5636 τὸ
523 5576 689 5642 τέλος
736 5579 838 5649 τῆς
876 5581 970 5635 τοῦ
1015 5583 1265 5656 Σωτῆρος
1291 5585 1450 5657 ἡμῶν
1477 5587 1556 5650 είς
1589 5585 1909 5659 ἀνθρώπους

283 5667 660 5742 οἰκονομίας·
714 5667 744 5721 ὃ
789 5669 852 5742 δὴ
896 5672 990 5724 καὶ
1023 5672 1185 5737 αὐτὸς
1215 5676 1243 5727 ὁ
1271 5673 1464 5748 Σωτὴρ
1493 5675 1649 5748 ήμῶν
1673 5674 1907 5740 δεικνὺς,

285 5762 492 5834 ἔλεγεν
524 5761 594 5814 ἐν
616 5760 682 5832 τῇ
706 5760 842 5834 πρὸς
866 5762 955 5817 τὸν
987 5763 1203 5836 Πατέρα
1229 5766 1380 5838 εὐχῇ·
1404 5785 1422 5820 t
1462 5767 1662 5838 Πάτερ,
1692 5767 1910 5835 δόξασόν

2000 557 2141 608 rum,
2175 550 2228 596 et
2262 540 2329 593 ad
2361 539 2558 592 anima:
2587 535 2977 608 agriculturam
3029 531 3360 587 idoneorum
3399 528 3574 582 ltomio

2000 647 2152 695 num,
2205 630 2547 696 aliorumque
2597 627 2844 680 moribus
2896 621 3268 684 eﬁ'eratormn,
3325 633 3572 674 contmuo

1999 725 2214 779 nionem
2248 719 2526 776 describit.
2585 719 2666 773 Tu
2719 731 2849 787 ergo
2898 715 2988 785 qui
3030 713 3250 770 divitum
3282 720 3336 767 et
3371 724 3575 779 paupe-

2000 831 2144 884 rum,
2193 814 2562 884 improborum
2614 819 2669 865 et
2711 812 2976 864 bonorum
3039 806 3180 861 filios
3227 807 3278 861 in
3332 805 3570 861 Ecclesia

2003 911 2258 966 collectos
2309 909 2477 970 vides,
2557 903 2855 974 prophetia:
2907 899 3278 955 testimonium
3339 897 3571 961 reddes,

2001 1018 2123 1074 quae
2150 1001 2248 1067 ait,
2294 1020 2312 1052 ι
2342 999 2406 1054 Et
2427 997 2586 1054 simul
2624 994 2790 1050 catuli
2817 1008 3006 1049 eorum
3035 1000 3214 1047 erunt.
3261 1003 3279 1042 ι
3310 989 3420 1043 Leo
3467 987 3573 1042 ita;

2004 1110 2109 1165 que
2158 1103 2350 1148 natura
2387 1091 2728 1152 carnivorus,
2777 1087 2953 1140 instar
3006 1082 3261 1138 animalis
3302 1080 3573 1137 berbivori

2005 1188 2154 1258 palea
2199 1186 2460 1250 nutritus,
2503 1183 2628 1252 jure
2692 1179 2965 1234 habeatur
3004 1190 3102 1246 pro
3146 1174 3364 1229 homine
3403 1171 3574 1228 feroci

2004 1297 2067 1336 ac
2093 1281 2410 1341 inlmmano,
2446 1277 2535 1346 qui
2563 1259 2730 1330 nulla!
2779 1272 2976 1326 divina:
3013 1270 3307 1338 Scriptum
3351 1266 3573 1324 lectioni

2005 1375 2254 1445 gaudeat.
2309 1372 2376 1423 At
2415 1370 2554 1424 enim
2599 1382 2753 1421 mens
2793 1365 2845 1418 in
2898 1361 3111 1417 occulto
3151 1360 3348 1426 latens,
3396 1359 3573 1429 ipsum

2009 1465 2243 1521 triticum
2276 1479 2338 1517 ac
2352 1461 2577 1516 verbum
2612 1457 2896 1512 animabus
2912 1454 3120 1508 alendis
3143 1463 3365 1522 aptum;
3393 1451 3574 1506 littera

2009 1575 2134 1614 vero
2180 1567 2412 1613 mentem
2462 1563 2519 1608 et
2569 1565 2787 1608 sensmn
2857 1548 3244 1617 complectens,
3293 1544 3448 1617 palea
3495 1543 3580 1597 fu-

2006 1655 2134 1710 erit.

2085 1829 2247 1887 Vsus.
2287 1831 2343 1886 8.
2376 1850 2395 1882 ‹
2426 1828 2491 1885 Ει
2517 1843 2649 1899 puer
2689 1826 2868 1882 infans
2899 1826 2952 1880 in
2988 1823 3254 1880 foramina
3305 1820 3576 1892 aspidum.

2012 1932 2067 1977 et
2097 1923 2148 1976 in
2190 1922 2387 1975 cubilia
2438 1921 2670 1974 filiorum
2728 1917 2975 1986 aspidum
3032 1929 3247 1970 manum
3288 1913 3514 1984 injiciet.
3552 1929 3573 1966 ι

2015 2015 2302 2070 Foramina
2337 2023 2393 2068 et
2432 2013 2630 2068 cubilia
2665 2012 2913 2080 aspidum
2945 2026 3010 2064 ac
3044 2009 3327 2080 progenies
3365 2020 3582 2066 eorum.

2015 2105 2248 2161 fortasse
2289 2119 2522 2174 corpora
2572 2103 2777 2158 fuerint
2818 2116 3004 2158 eorum
3039 2101 3130 2170 qui
3171 2117 3202 2154 a
3244 2099 3582 2155 dmmonibus

2016 2201 2316 2268 agitantur,
2351 2198 2440 2252 ubi
2472 2212 2571 2253 ceu
2604 2198 2656 2252 in
2689 2193 2926 2250 latibulis
2957 2203 3009 2248 et
3051 2193 3221 2247 foveis
3255 2191 3477 2262 reptiles
3504 2190 3580 2245 illi

2015 2302 2070 2347 et
2102 2290 2351 2345 venenati
2383 2289 2605 2360 spiritus
2635 2288 2855 2350 cubant,
2887 2284 3168 2355 corporeis
3206 2283 3460 2339 sensibus
3485 2295 3583 2337 ceu

2016 2381 2374 2438 foraminibus
2402 2389 2634 2436 utentes.
2693 2379 2800 2433 Hos
2847 2393 3012 2446 porro
3062 2390 3194 2446 puer
3243 2375 3469 2438 Christi,
3505 2377 3590 2430 vir

2015 2479 2193 2549 quivis
2219 2478 2445 2547 simplex
2477 2486 2534 2531 et
2562 2474 2769 2530 malitia
2800 2473 3007 2535 infans,
3041 2472 3344 2526 Saivatoris
3388 2473 3589 2526 virtute

2019 2571 2309 2639 depellens,
2349 2584 2566 2623 manum
2599 2568 2750 2623 su'am
2798 2567 2864 2622 iis
2907 2564 3104 2634 injicit,
3155 2565 3291 2619 nihil
3330 2563 3457 2618 mali
3495 2564 3582 2618 ins

2018 2663 2162 2718 ferre
2190 2663 2516 2724 valentibus.
2543 2670 2764 2731 propter
2803 2659 3036 2730 eumqui
3083 2675 3145 2714 ex
3192 2658 3374 2712 radice
3415 2655 3583 2712 lassa:

2015 2756 2236 2828 prodiit,
2294 2756 2386 2826 qui
2432 2764 2752 2823 potestatem
2807 2754 2932 2808 tiliis
2964 2753 3074 2809 suis
3143 2750 3291 2806 dedit
3337 2747 3580 2805 calcandi

2013 2865 2176 2920 supra
2223 2859 2504 2919 serpentes
2551 2859 2606 2904 et
2665 2849 3009 2919 scorpiones,
3050 2854 3106 2900 et
3148 2859 3308 2916 supra
3364 2857 3581 2899 omnem

2012 2939 2267 2992 virtutem
2302 2937 2526 2991 inimici.

2086 3027 2247 3083 Vsus.
2275 3029 2329 3083 9.
2392 3047 2411 3079 ι
2440 3028 2503 3083 Et
2532 3042 2636 3083 non
2685 3028 2977 3092 nocebunt,
3029 3041 3128 3082 nec
3175 3035 3429 3096 poterunt
3457 3039 3580 3093 per-

2015 3122 2144 3174 dere
2180 3134 2508 3188 qnemquam
2565 3121 2618 3174 in
2669 3129 2856 3174 monte
2907 3130 3098 3174 sancto
3157 3129 3268 3172 tuo.
3306 3136 3325 3170 ι
3376 3116 3473 3173 Hic
3502 3124 3586 3170 est

2019 3228 2172 3266 mons
2217 3213 2305 3267 ille
2346 3213 2597 3282 superius
2655 3223 3006 3276 memoratus,
3061 3225 3163 3266 nec
3221 3208 3381 3274 alius,
3421 3223 3584 3279 quam

2016 3302 2236 3358 cmieste
2262 3313 2316 3358 et
2347 3304 2718 3374 evangelicum
2747 3303 2994 3368 verbum,
3025 3302 3078 3356 in
3108 3315 3215 3371 quo
3255 3303 3449 3356 domus
3489 3299 3583 3353 Dei

2015 3406 2070 3450 et
2107 3394 2344 3449 Ecclesia
2375 3393 2492 3463 ejus
2523 3395 2788 3448 aediﬁcata
2831 3402 2937 3449 est.
2993 3393 3070 3449 Ne
3115 3393 3238 3464 quis
3279 3393 3449 3464 igitur
3501 3393 3591 3447 hic

2017 3497 2375 3540 memoratum
2405 3493 2665 3549 montem,
2692 3484 2840 3538 illum
2875 3485 3105 3539 aestimet
3128 3499 3270 3549 esse,
3311 3500 3472 3555 quem
3494 3483 3590 3538 Ju-

2016 3577 2116 3633 daei
2169 3578 2484 3646 Opinautur,
2534 3577 2584 3630 in
2646 3575 2843 3645 angulo
2885 3575 3183 3630 Palaestina;
3227 3575 3416 3639 situm,
3461 3576 3588 3630 dicti

2019 3679 2250 3724 mentem
2279 3669 2513 3737 eXpiirat
2571 3682 2637 3722 ac
2692 3665 2991 3737 subjungit,
3039 3685 3058 3718 ι
3089 3667 3228 3733 Quia
3267 3665 3468 3736 repleta
3502 3677 3588 3720 est

2017 3763 2266 3818 universa
2346 3773 2491 3817 terra
2552 3760 2858 3831 cognitione
2912 3760 3144 3826 Domini,
3215 3761 3288 3815 ita
3338 3771 3396 3814 ut
3447 3774 3586 3828 aqua

2017 3855 2181 3910 nmlta
2211 3854 2423 3925 operiat
2457 3855 2666 3912 maria:
2697 3872 2721 3908 ι
2762 3854 2840 3909 sic
2880 3852 3128 3910 indicans
3164 3853 3460 3909 Ecciesiam
3489 3851 3584 3906 Dei

2015 3962 2113 4019 per
2142 3956 2315 4002 totum
2336 3947 2524 4001 orbem
2556 3946 2880 4010 stabilitam,
2929 3946 3183 4016 piamque
3211 3945 3585 4016 cognitionem

2017 4043 2070 4098 in
2112 4040 2200 4095 illa
2261 4039 2637 4110 praedicatam,
2681 4053 2802 4109 quae
2839 4049 3009 4094 totam
3051 4039 3306 4110 nequitiae
3364 4035 3585 4104 hujusce

2015 4134 2140 4188 vitae
2189 4133 2518 4203 salsuginem
2559 4146 2657 4187 ceu
2693 4147 2885 4204 magno
2918 4147 3183 4202 aquarum
3215 4129 3381 4187 fluctu
3425 4131 3588 4185 inuno

2016 4227 2130 4290 det,
2168 4234 2223 4280 et
2257 4233 2420 4280 totam
2447 4223 2640 4279 animte
2669 4211 2970 4294 nequitiam
2998 4232 3286 4294 expurget.

2087 4569 2253 4626 Vens.
2279 4567 2369 4624 10.
2416 4585 2435 4621 ι
2468 4567 2533 4624 Et
2555 4569 2658 4625 erit
2686 4567 2740 4623 in
2775 4567 2862 4623 die
2888 4565 2976 4650 illa
3008 4561 3160 4620 radix
3189 4560 3377 4629 Jessae,
3406 4572 3463 4618 et
3487 4562 3584 4633 qui

2017 4666 2257 4734 exsurgit
2299 4663 2571 4733 imperare
2603 4663 2894 4734 gentibus:
2927 4661 2980 4714 in
3017 4661 3134 4730 ipso
3167 4667 3355 4730 gentes
3400 4671 3589 4726 spern-

2019 4757 2192 4811 bunt:
2232 4765 2289 4810 et
2340 4755 2446 4810 erit
2494 4756 2708 4825 requies
2755 4753 2872 4819 ejus
2923 4752 3159 4808 bonom
3217 4750 3270 4804 in
3315 4749 3406 4804 illa
3457 4763 3590 4818 ergo

2019 4849 2125 4912 die,
2171 4857 2229 4901 ut
2260 4848 2434 4918 palam
2481 4857 2597 4912 est,
2627 4848 2680 4902 in
2716 4857 2959 4914 tempore
2994 4859 3023 4898 ο
3060 4841 3341 4914 prophetia
3377 4850 3585 4905 notato,

2017 4941 2105 4997 hic
2133 4941 2248 5010 ipse
2279 4941 2373 5011 qui
2406 4955 2472 4996 ex
2509 4941 2691 4994 radice
2714 4937 2883 4993 Jessa:
2915 4945 3264 4991 surrecturus
3297 4944 3404 4999 est,
3442 4945 3592 5004 post—

2015 5049 2178 5104 quam
2221 5032 2556 5097 surrexerit,
2604 5033 2654 5086 id
2698 5041 2812 5094 est,
2850 5039 2972 5099 post
3019 5029 3475 5086 resurrectionem
3523 5043 3590 5082 ex

2015 5128 2264 5188 mortuis,
2313 5140 2417 5178 non
2468 5122 2775 5179 Jndteorum
2825 5137 2919 5176 rex
2969 5122 3104 5186 erit,
3159 5136 3333 5190 neque
3370 5121 3593 5190 perinde

2013 5224 2175 5282 atque
2206 5214 2371 5269 David
2399 5212 2624 5284 ejusque
2663 5225 3030 5272 successores,
3068 5211 3122 5265 in
3159 5226 3327 5279 parvo
3355 5212 3588 5280 quodam

2012 5306 2208 5379 angulo
2250 5305 2557 5376 imperabit,
2599 5303 2693 5362 sed
2729 5305 2782 5358 in
2824 5305 3134 5362 universam
3169 5314 3370 5359 terram
3421 5304 3600 5373 impe-.

2011 5398 2149 5453 rium
2179 5397 2459 5454 obtinebit.
2489 5395 2669 5463 Quare
2699 5411 2960 5466 nusquam
2988 5398 3107 5467 ejus
3136 5406 3362 5451 mortem
3391 5397 3593 5464 scripto

2011 5489 2194 5555 tradit,
2218 5489 2311 5545 sed
2346 5487 2591 5558 requiem
2625 5497 2800 5556 vocat,
2829 5487 3052 5559 gloriam
3085 5496 3141 5542 et
3171 5487 3454 5542 honorem.
3488 5486 3589 5545 Hic

2010 5581 2206 5653 quippe
2247 5580 2556 5637 Servatoris
2589 5581 2758 5638 nostri
2793 5595 2920 5652 erga
2974 5580 3222 5635 homines
3272 5579 3590 5634 teconomias

2011 5673 2133 5728 finis
2183 5682 2300 5729 erat
2349 5692 2364 5729 :
2414 5675 2555 5743 quod
2619 5675 2734 5743 ipse
2799 5671 3060 5729 Servatur
3122 5671 3324 5727 indicat
3377 5671 3431 5726 in
3486 5686 3583 5724 sua

2012 5769 2077 5826 ad
2125 5765 2338 5825 Patrem
2392 5769 2639 5828 oratione
2681 5768 2770 5826 his
2806 5765 3030 5826 verbis:
3070 5782 3090 5817 ι
3119 5764 3301 5832 Pater,
3345 5762 3585 5835 gloriﬁca
