  <div class='ocr_page' id='page_1' title='image "/cluster/home/n/w/nwhite01/storage/ocr_20150623/24/hvd.32044073501108/095.png"; bbox 0 0 4082 6398; ppageno 0'>
   <div class='ocr_carea' id='block_1_1' title="bbox 549 290 650 346">
    <p class='ocr_par' dir='ltr' id='par_1_1' title="bbox 549 290 650 346">
     <span class='ocr_line' id='line_1_1' title="bbox 549 290 650 346; baseline 0 0"><span class='ocrx_word' id='word_1_1' title='bbox 549 290 650 346; x_wconf 73' lang='grc' dir='ltr'><strong>1τὸ</strong></span> 
     </span>
    </p>
   </div>
   <div class='ocr_carea' id='block_1_2' title="bbox 1185 289 3073 360">
    <p class='ocr_par' dir='ltr' id='par_1_2' title="bbox 1185 289 3073 360">
     <span class='ocr_line' id='line_1_2' title="bbox 1185 289 3073 360; baseline 0.007 -15"><span class='ocrx_word' id='word_1_2' title='bbox 1185 289 1458 348; x_wconf 81' lang='lat' dir='ltr'><strong>EUSEBII</strong></span> <span class='ocrx_word' id='word_1_3' title='bbox 1499 291 1978 352; x_wconf 61' lang='lat' dir='ltr'><strong>CESARIENSIS</strong></span> <span class='ocrx_word' id='word_1_4' title='bbox 2017 297 2164 354; x_wconf 81' lang='lat' dir='ltr'><strong>OPP.</strong></span> <span class='ocrx_word' id='word_1_5' title='bbox 2207 299 2386 358; x_wconf 73' lang='lat' dir='ltr'><strong>PARS</strong></span> <span class='ocrx_word' id='word_1_6' title='bbox 2423 299 2510 356; x_wconf 90' lang='grc' dir='ltr'><strong>ΙΙΙ.</strong></span> <span class='ocrx_word' id='word_1_7' title='bbox 2547 331 2618 344; x_wconf 86' lang='lat'><strong>-—</strong></span> <span class='ocrx_word' id='word_1_8' title='bbox 2657 301 3073 360; x_wconf 74' lang='lat' dir='ltr'><strong>EXEGETICA.</strong></span> 
     </span>
    </p>
   </div>
   <div class='ocr_carea' id='block_1_3' title="bbox 3701 317 3807 372">
    <p class='ocr_par' dir='ltr' id='par_1_3' title="bbox 3701 317 3807 372">
     <span class='ocr_line' id='line_1_3' title="bbox 3701 317 3807 372; baseline 0.019 -4"><span class='ocrx_word' id='word_1_9' title='bbox 3701 317 3807 372; x_wconf 67' lang='lat'><strong>176</strong></span> 
     </span>
    </p>
   </div>
   <div class='ocr_carea' id='block_1_4' title="bbox 545 401 2118 502">
    <p class='ocr_par' dir='ltr' id='par_1_4' title="bbox 545 401 2118 476">
     <span class='ocr_line' id='line_1_4' title="bbox 545 401 2118 476; baseline 0.003 -16"><span class='ocrx_word' id='word_1_10' title='bbox 545 420 634 460; x_wconf 86' lang='lat' dir='ltr'><strong>me</strong></span> <span class='ocrx_word' id='word_1_11' title='bbox 679 403 852 476; x_wconf 71' lang='lat' dir='ltr'><strong>gloria</strong></span> <span class='ocrx_word' id='word_1_12' title='bbox 899 417 1060 472; x_wconf 83' lang='lat' dir='ltr'><strong>quam</strong></span> <span class='ocrx_word' id='word_1_13' title='bbox 1114 401 1316 470; x_wconf 83' lang='lat' dir='ltr'><strong>habui,</strong></span> <span class='ocrx_word' id='word_1_14' title='bbox 1360 413 1650 476; x_wconf 80' lang='lat' dir='ltr'><strong>antequam</strong></span> <span class='ocrx_word' id='word_1_15' title='bbox 1705 409 1934 464; x_wconf 88' lang='lat' dir='ltr'><strong>mundus</strong></span> <span class='ocrx_word' id='word_1_16' title='bbox 1983 419 2118 468; x_wconf 88' lang='lat' dir='ltr'><strong>esset</strong></span> 
     </span>
    </p>
   </div>
   <div class='ocr_carea' id='block_1_5' title="bbox 2219 401 3806 502">
    <p class='ocr_par' dir='ltr' id='par_1_5' title="bbox 2227 405 3806 502">
     <span class='ocr_line' id='line_1_5' title="bbox 2227 405 3806 502; baseline 0.016 -43"><span class='ocrx_word' id='word_1_17' title='bbox 2227 429 2294 484; x_wconf 80' lang='grc' dir='ltr'><strong>με</strong></span> <span class='ocrx_word' id='word_1_18' title='bbox 2322 415 2388 486; x_wconf 76' lang='grc' dir='ltr'>τῇ</span> <span class='ocrx_word' id='word_1_19' title='bbox 2421 411 2548 486; x_wconf 76' lang='grc' dir='ltr'>δόξῃ</span> <span class='ocrx_word' id='word_1_20' title='bbox 2579 405 2780 488; x_wconf 82' lang='grc' dir='ltr'>ᾖεῖχον</span> <span class='ocrx_word' id='word_1_21' title='bbox 2815 416 2918 488; x_wconf 77' lang='grc' dir='ltr'>πρὸ</span> <span class='ocrx_word' id='word_1_22' title='bbox 2961 415 3058 492; x_wconf 85' lang='grc' dir='ltr'><strong>τοῦ</strong></span> <span class='ocrx_word' id='word_1_23' title='bbox 3087 415 3178 470; x_wconf 79' lang='grc' dir='ltr'>τὸν</span> <span class='ocrx_word' id='word_1_24' title='bbox 3223 417 3428 490; x_wconf 82' lang='grc' dir='ltr'>κόσμον</span> <span class='ocrx_word' id='word_1_25' title='bbox 3455 413 3618 490; x_wconf 80' lang='grc' dir='ltr'>εἶναι,</span> <span class='ocrx_word' id='word_1_26' title='bbox 3653 432 3806 502; x_wconf 79' lang='grc' dir='ltr'>παρὰ</span> 
     </span>
    </p>
   </div>
   <div class='ocr_carea' id='block_1_6' title="bbox 545 500 848 566">
    <p class='ocr_par' dir='ltr' id='par_1_6' title="bbox 545 500 848 566">
     <span class='ocr_line' id='line_1_6' title="bbox 545 500 848 566; baseline -0.007 -14"><span class='ocrx_word' id='word_1_27' title='bbox 545 500 686 566; x_wconf 86' lang='lat' dir='ltr'><strong>apud</strong></span> <span class='ocrx_word' id='word_1_28' title='bbox 727 509 802 554; x_wconf 90' lang='lat' dir='ltr'><strong>te.</strong></span> <span class='ocrx_word' id='word_1_29' title='bbox 829 516 848 550; x_wconf 75' lang='grc' dir='ltr'><strong>ι</strong></span> 
     </span>
    </p>
   </div>
   <div class='ocr_carea' id='block_1_7' title="bbox 616 588 2122 658">
    <p class='ocr_par' dir='ltr' id='par_1_7' title="bbox 616 588 2122 658">
     <span class='ocr_line' id='line_1_7' title="bbox 616 588 2122 658; baseline 0.005 -16"><span class='ocrx_word' id='word_1_30' title='bbox 616 589 778 646; x_wconf 74' lang='lat' dir='ltr'><strong>Vsus.</strong></span> <span class='ocrx_word' id='word_1_31' title='bbox 813 589 902 646; x_wconf 80' lang='grc' dir='ltr'><strong>Η.</strong></span> <span class='ocrx_word' id='word_1_32' title='bbox 936 609 954 642; x_wconf 80' lang='grc' dir='ltr'><strong>ι</strong></span> <span class='ocrx_word' id='word_1_33' title='bbox 983 588 1052 646; x_wconf 82' lang='lat' dir='ltr'><strong>Et</strong></span> <span class='ocrx_word' id='word_1_34' title='bbox 1087 588 1195 646; x_wconf 88' lang='lat' dir='ltr'><strong>erit</strong></span> <span class='ocrx_word' id='word_1_35' title='bbox 1224 589 1276 642; x_wconf 89' lang='lat' dir='ltr'><strong>in</strong></span> <span class='ocrx_word' id='word_1_36' title='bbox 1308 588 1392 644; x_wconf 85' lang='lat' dir='ltr'><strong>die</strong></span> <span class='ocrx_word' id='word_1_37' title='bbox 1437 589 1558 655; x_wconf 87' lang='lat' dir='ltr'><strong>illa,</strong></span> <span class='ocrx_word' id='word_1_38' title='bbox 1591 590 1808 658; x_wconf 71' lang='lat' dir='ltr'><strong>adiiciet</strong></span> <span class='ocrx_word' id='word_1_39' title='bbox 1861 592 2122 654; x_wconf 86' lang='lat' dir='ltr'><strong>Dominus</strong></span> 
     </span>
    </p>
   </div>
   <div class='ocr_carea' id='block_1_8' title="bbox 543 681 2121 746">
    <p class='ocr_par' dir='ltr' id='par_1_8' title="bbox 543 681 2121 746">
     <span class='ocr_line' id='line_1_8' title="bbox 543 681 2121 746; baseline 0.003 -6"><span class='ocrx_word' id='word_1_40' title='bbox 543 685 827 740; x_wconf 72' lang='lat' dir='ltr'><strong>ostendere</strong></span> <span class='ocrx_word' id='word_1_41' title='bbox 875 698 1092 738; x_wconf 86' lang='lat' dir='ltr'><strong>manum</strong></span> <span class='ocrx_word' id='word_1_42' title='bbox 1143 696 1326 746; x_wconf 86' lang='lat' dir='ltr'><strong>suam,</strong></span> <span class='ocrx_word' id='word_1_43' title='bbox 1372 681 1440 736; x_wconf 92' lang='lat' dir='ltr'><strong>ad</strong></span> <span class='ocrx_word' id='word_1_44' title='bbox 1501 683 1782 738; x_wconf 83' lang='lat' dir='ltr'><strong>zelandum</strong></span> <span class='ocrx_word' id='word_1_45' title='bbox 1849 686 2121 744; x_wconf 83' lang='lat' dir='ltr'><strong>residuum</strong></span> 
     </span>
    </p>
   </div>
   <div class='ocr_carea' id='block_1_9' title="bbox 543 774 2123 848">
    <p class='ocr_par' dir='ltr' id='par_1_9' title="bbox 543 774 2123 848">
     <span class='ocr_line' id='line_1_9' title="bbox 543 774 2123 848; baseline 0.004 -20"><span class='ocrx_word' id='word_1_46' title='bbox 543 776 760 846; x_wconf 86' lang='lat' dir='ltr'><strong>populi,</strong></span> <span class='ocrx_word' id='word_1_47' title='bbox 811 775 954 846; x_wconf 87' lang='lat' dir='ltr'><strong>quod</strong></span> <span class='ocrx_word' id='word_1_48' title='bbox 1007 774 1256 828; x_wconf 87' lang='lat' dir='ltr'><strong>relictqu</strong></span> <span class='ocrx_word' id='word_1_49' title='bbox 1317 774 1479 830; x_wconf 82' lang='lat' dir='ltr'><strong>fuerit</strong></span> <span class='ocrx_word' id='word_1_50' title='bbox 1525 777 1593 830; x_wconf 90' lang='lat' dir='ltr'><strong>ab</strong></span> <span class='ocrx_word' id='word_1_51' title='bbox 1631 776 1906 848; x_wconf 85' lang='lat' dir='ltr'><strong>Assyriis,</strong></span> <span class='ocrx_word' id='word_1_52' title='bbox 1953 787 2008 832; x_wconf 90' lang='lat' dir='ltr'><strong>et</strong></span> <span class='ocrx_word' id='word_1_53' title='bbox 2055 777 2123 836; x_wconf 83' lang='lat' dir='ltr'><strong>ab</strong></span> 
     </span>
    </p>
   </div>
   <div class='ocr_carea' id='block_1_10' title="bbox 541 865 2125 940">
    <p class='ocr_par' dir='ltr' id='par_1_10' title="bbox 541 865 2125 940">
     <span class='ocr_line' id='line_1_10' title="bbox 541 865 2125 940; baseline 0 -16"><span class='ocrx_word' id='word_1_54' title='bbox 541 867 774 940; x_wconf 65' lang='lat' dir='ltr'><strong>Egypto</strong></span> <span class='ocrx_word' id='word_1_55' title='bbox 797 877 850 922; x_wconf 89' lang='lat' dir='ltr'><strong>et</strong></span> <span class='ocrx_word' id='word_1_56' title='bbox 875 881 906 922; x_wconf 89' lang='lat' dir='ltr'><strong>a</strong></span> <span class='ocrx_word' id='word_1_57' title='bbox 939 865 1259 938; x_wconf 78' lang='lat' dir='ltr'><strong>Babylonia,</strong></span> <span class='ocrx_word' id='word_1_58' title='bbox 1290 877 1348 922; x_wconf 89' lang='lat' dir='ltr'><strong>et</strong></span> <span class='ocrx_word' id='word_1_59' title='bbox 1384 867 1451 922; x_wconf 91' lang='lat' dir='ltr'><strong>ab</strong></span> <span class='ocrx_word' id='word_1_60' title='bbox 1487 865 1790 936; x_wconf 62' lang='lat' dir='ltr'><strong>Ethiopia,</strong></span> <span class='ocrx_word' id='word_1_61' title='bbox 1820 879 1876 924; x_wconf 90' lang='lat' dir='ltr'><strong>et</strong></span> <span class='ocrx_word' id='word_1_62' title='bbox 1903 867 1970 922; x_wconf 87' lang='lat' dir='ltr'><strong>ab</strong></span> <span class='ocrx_word' id='word_1_63' title='bbox 2001 869 2125 924; x_wconf 82' lang='lat' dir='ltr'><strong>Ela-</strong></span> 
     </span>
    </p>
   </div>
   <div class='ocr_carea' id='block_1_11' title="bbox 543 959 2126 1027">
    <p class='ocr_par' dir='ltr' id='par_1_11' title="bbox 543 959 2126 1027">
     <span class='ocr_line' id='line_1_11' title="bbox 543 959 2126 1027; baseline 0.001 -13"><span class='ocrx_word' id='word_1_64' title='bbox 543 959 711 1024; x_wconf 86' lang='lat' dir='ltr'><strong>mitis,</strong></span> <span class='ocrx_word' id='word_1_65' title='bbox 751 959 901 1014; x_wconf 87' lang='lat' dir='ltr'><strong>etab</strong></span> <span class='ocrx_word' id='word_1_66' title='bbox 945 971 1068 1014; x_wconf 91' lang='lat' dir='ltr'><strong>ortu</strong></span> <span class='ocrx_word' id='word_1_67' title='bbox 1112 959 1262 1024; x_wconf 89' lang='lat' dir='ltr'><strong>solis,</strong></span> <span class='ocrx_word' id='word_1_68' title='bbox 1303 969 1356 1013; x_wconf 88' lang='lat' dir='ltr'><strong>et</strong></span> <span class='ocrx_word' id='word_1_69' title='bbox 1392 973 1458 1014; x_wconf 76' lang='lat' dir='ltr'><strong>ex</strong></span> <span class='ocrx_word' id='word_1_70' title='bbox 1505 960 1726 1016; x_wconf 82' lang='lat' dir='ltr'><strong>Arabia.</strong></span> <span class='ocrx_word' id='word_1_71' title='bbox 1771 960 1907 1026; x_wconf 86' lang='lat' dir='ltr'><strong>Quia</strong></span> <span class='ocrx_word' id='word_1_72' title='bbox 1961 960 2126 1027; x_wconf 81' lang='lat' dir='ltr'><strong>igitur</strong></span> 
     </span>
    </p>
   </div>
   <div class='ocr_carea' id='block_1_12' title="bbox 541 1049 2125 1124">
    <p class='ocr_par' dir='ltr' id='par_1_12' title="bbox 541 1049 2125 1124">
     <span class='ocr_line' id='line_1_12' title="bbox 541 1049 2125 1124; baseline 0.003 -18"><span class='ocrx_word' id='word_1_73' title='bbox 541 1053 800 1124; x_wconf 89' lang='lat' dir='ltr'><strong>propheta</strong></span> <span class='ocrx_word' id='word_1_74' title='bbox 844 1066 994 1115; x_wconf 85' lang='lat' dir='ltr'><strong>eum,</strong></span> <span class='ocrx_word' id='word_1_75' title='bbox 1019 1052 1110 1120; x_wconf 87' lang='lat' dir='ltr'><strong>qui</strong></span> <span class='ocrx_word' id='word_1_76' title='bbox 1140 1066 1204 1106; x_wconf 79' lang='lat' dir='ltr'><strong>ex</strong></span> <span class='ocrx_word' id='word_1_77' title='bbox 1243 1052 1424 1108; x_wconf 84' lang='lat' dir='ltr'><strong>radice</strong></span> <span class='ocrx_word' id='word_1_78' title='bbox 1464 1049 1632 1108; x_wconf 81' lang='lat' dir='ltr'><strong>Jessa:</strong></span> <span class='ocrx_word' id='word_1_79' title='bbox 1683 1064 1868 1122; x_wconf 73' lang='lat' dir='ltr'><strong>surget</strong></span> <span class='ocrx_word' id='word_1_80' title='bbox 1905 1054 1972 1108; x_wconf 89' lang='lat' dir='ltr'><strong>ad</strong></span> <span class='ocrx_word' id='word_1_81' title='bbox 2021 1055 2125 1110; x_wconf 84' lang='lat' dir='ltr'><strong>im-</strong></span> 
     </span>
    </p>
   </div>
   <div class='ocr_carea' id='block_1_13' title="bbox 543 1144 2122 1216">
    <p class='ocr_par' dir='ltr' id='par_1_13' title="bbox 543 1144 2122 1216">
     <span class='ocr_line' id='line_1_13' title="bbox 543 1144 2122 1216; baseline 0.003 -18"><span class='ocrx_word' id='word_1_82' title='bbox 543 1147 838 1216; x_wconf 83' lang='lat' dir='ltr'><strong>perandum</strong></span> <span class='ocrx_word' id='word_1_83' title='bbox 869 1146 1138 1216; x_wconf 75' lang='lat' dir='ltr'><strong>gentibus,</strong></span> <span class='ocrx_word' id='word_1_84' title='bbox 1171 1144 1495 1200; x_wconf 81' lang='lat' dir='ltr'><strong>vaticinatus</strong></span> <span class='ocrx_word' id='word_1_85' title='bbox 1523 1154 1630 1210; x_wconf 86' lang='lat' dir='ltr'><strong>est,</strong></span> <span class='ocrx_word' id='word_1_86' title='bbox 1660 1146 1989 1216; x_wconf 64' lang='lat' dir='ltr'><strong>ailjecitque,</strong></span> <span class='ocrx_word' id='word_1_87' title='bbox 2018 1165 2036 1197; x_wconf 79' lang='grc' dir='ltr'><strong>ι</strong></span> <span class='ocrx_word' id='word_1_88' title='bbox 2070 1148 2122 1202; x_wconf 90' lang='lat' dir='ltr'><strong>in</strong></span> 
     </span>
    </p>
   </div>
   <div class='ocr_carea' id='block_1_14' title="bbox 541 1236 2126 1310">
    <p class='ocr_par' dir='ltr' id='par_1_14' title="bbox 541 1236 2126 1310">
     <span class='ocr_line' id='line_1_14' title="bbox 541 1236 2126 1310; baseline 0 -16"><span class='ocrx_word' id='word_1_89' title='bbox 541 1253 666 1294; x_wconf 88' lang='lat' dir='ltr'><strong>eum</strong></span> <span class='ocrx_word' id='word_1_90' title='bbox 707 1247 892 1308; x_wconf 78' lang='lat' dir='ltr'><strong>gentes</strong></span> <span class='ocrx_word' id='word_1_91' title='bbox 923 1237 1244 1310; x_wconf 81' lang='lat' dir='ltr'><strong>sperabunt;</strong></span> <span class='ocrx_word' id='word_1_92' title='bbox 1275 1256 1295 1290; x_wconf 75' lang='grc' dir='ltr'><strong>ι</strong></span> <span class='ocrx_word' id='word_1_93' title='bbox 1337 1236 1622 1294; x_wconf 77' lang='lat' dir='ltr'><strong>Judaicum</strong></span> <span class='ocrx_word' id='word_1_94' title='bbox 1659 1237 1788 1292; x_wconf 83' lang='lat' dir='ltr'><strong>item</strong></span> <span class='ocrx_word' id='word_1_95' title='bbox 1824 1253 1995 1306; x_wconf 78' lang='lat' dir='ltr'><strong>genus</strong></span> <span class='ocrx_word' id='word_1_96' title='bbox 2031 1255 2126 1294; x_wconf 87' lang='lat' dir='ltr'><strong>ne-</strong></span> 
     </span>
    </p>
   </div>
   <div class='ocr_carea' id='block_1_15' title="bbox 543 1331 2124 1402">
    <p class='ocr_par' dir='ltr' id='par_1_15' title="bbox 543 1331 2124 1402">
     <span class='ocr_line' id='line_1_15' title="bbox 543 1331 2124 1402; baseline -0.001 -15"><span class='ocrx_word' id='word_1_97' title='bbox 543 1331 783 1388; x_wconf 87' lang='lat' dir='ltr'><strong>cessario</strong></span> <span class='ocrx_word' id='word_1_98' title='bbox 823 1341 1087 1388; x_wconf 84' lang='lat' dir='ltr'><strong>memorat</strong></span> <span class='ocrx_word' id='word_1_99' title='bbox 1137 1337 1188 1386; x_wconf 89' lang='lat' dir='ltr'><strong>in</strong></span> <span class='ocrx_word' id='word_1_100' title='bbox 1236 1331 1525 1402; x_wconf 65' lang='lat' dir='ltr'><strong>praesenti;</strong></span> <span class='ocrx_word' id='word_1_101' title='bbox 1581 1345 1653 1386; x_wconf 90' lang='lat' dir='ltr'><strong>ne</strong></span> <span class='ocrx_word' id='word_1_102' title='bbox 1702 1331 1823 1401; x_wconf 88' lang='lat' dir='ltr'><strong>quis</strong></span> <span class='ocrx_word' id='word_1_103' title='bbox 1877 1333 2124 1402; x_wconf 88' lang='lat' dir='ltr'><strong>suspica-</strong></span> 
     </span>
    </p>
   </div>
   <div class='ocr_carea' id='block_1_16' title="bbox 548 1423 2123 1496">
    <p class='ocr_par' dir='ltr' id='par_1_16' title="bbox 548 1423 2123 1496">
     <span class='ocr_line' id='line_1_16' title="bbox 548 1423 2123 1496; baseline -0.003 -12"><span class='ocrx_word' id='word_1_104' title='bbox 548 1439 698 1484; x_wconf 86' lang='lat' dir='ltr'><strong>retur</strong></span> <span class='ocrx_word' id='word_1_105' title='bbox 725 1443 872 1490; x_wconf 89' lang='lat' dir='ltr'><strong>eum,</strong></span> <span class='ocrx_word' id='word_1_106' title='bbox 903 1427 994 1496; x_wconf 89' lang='lat' dir='ltr'><strong>qui</strong></span> <span class='ocrx_word' id='word_1_107' title='bbox 1028 1427 1080 1480; x_wconf 90' lang='lat' dir='ltr'><strong>in</strong></span> <span class='ocrx_word' id='word_1_108' title='bbox 1117 1426 1404 1496; x_wconf 82' lang='lat' dir='ltr'><strong>prophetia</strong></span> <span class='ocrx_word' id='word_1_109' title='bbox 1449 1423 1642 1488; x_wconf 78' lang='lat' dir='ltr'><strong>fertur,</strong></span> <span class='ocrx_word' id='word_1_110' title='bbox 1685 1424 1880 1496; x_wconf 87' lang='lat' dir='ltr'><strong>popqu</strong></span> <span class='ocrx_word' id='word_1_111' title='bbox 1910 1440 1976 1478; x_wconf 80' lang='lat' dir='ltr'><strong>ex</strong></span> <span class='ocrx_word' id='word_1_112' title='bbox 2017 1426 2123 1482; x_wconf 88' lang='lat' dir='ltr'><strong>cir-</strong></span> 
     </span>
    </p>
   </div>
   <div class='ocr_carea' id='block_1_17' title="bbox 544 1517 2122 1580">
    <p class='ocr_par' dir='ltr' id='par_1_17' title="bbox 544 1517 2122 1580">
     <span class='ocr_line' id='line_1_17' title="bbox 544 1517 2122 1580; baseline -0.004 -2"><span class='ocrx_word' id='word_1_113' title='bbox 544 1523 878 1580; x_wconf 86' lang='lat' dir='ltr'><strong>cumcisione</strong></span> <span class='ocrx_word' id='word_1_114' title='bbox 929 1520 1064 1576; x_wconf 83' lang='lat' dir='ltr'><strong>nihil</strong></span> <span class='ocrx_word' id='word_1_115' title='bbox 1105 1519 1359 1575; x_wconf 84' lang='lat' dir='ltr'><strong>utilitatis</strong></span> <span class='ocrx_word' id='word_1_116' title='bbox 1413 1517 1702 1574; x_wconf 82' lang='lat' dir='ltr'><strong>allaturum</strong></span> <span class='ocrx_word' id='word_1_117' title='bbox 1772 1533 1914 1574; x_wconf 85' lang='lat' dir='ltr'><strong>esse.</strong></span> <span class='ocrx_word' id='word_1_118' title='bbox 1955 1519 2122 1574; x_wconf 88' lang='lat' dir='ltr'><strong>Docet</strong></span> 
     </span>
    </p>
   </div>
   <div class='ocr_carea' id='block_1_18' title="bbox 543 1611 2124 1684">
    <p class='ocr_par' dir='ltr' id='par_1_18' title="bbox 543 1611 2124 1684">
     <span class='ocr_line' id='line_1_18' title="bbox 543 1611 2124 1684; baseline -0.002 -13"><span class='ocrx_word' id='word_1_119' title='bbox 543 1616 746 1684; x_wconf 84' lang='lat' dir='ltr'><strong>itaque,</strong></span> <span class='ocrx_word' id='word_1_120' title='bbox 793 1629 900 1684; x_wconf 91' lang='lat' dir='ltr'><strong>quo</strong></span> <span class='ocrx_word' id='word_1_121' title='bbox 937 1625 1095 1682; x_wconf 88' lang='lat' dir='ltr'><strong>pacto</strong></span> <span class='ocrx_word' id='word_1_122' title='bbox 1141 1631 1159 1664; x_wconf 82' lang='grc' dir='ltr'><strong>ι</strong></span> <span class='ocrx_word' id='word_1_123' title='bbox 1193 1613 1244 1667; x_wconf 88' lang='lat' dir='ltr'><strong>in</strong></span> <span class='ocrx_word' id='word_1_124' title='bbox 1291 1612 1376 1666; x_wconf 90' lang='lat' dir='ltr'><strong>die</strong></span> <span class='ocrx_word' id='word_1_125' title='bbox 1421 1611 1542 1676; x_wconf 87' lang='lat' dir='ltr'><strong>illa;</strong></span> <span class='ocrx_word' id='word_1_126' title='bbox 1571 1629 1589 1662; x_wconf 72' lang='grc' dir='ltr'><strong>ι</strong></span> <span class='ocrx_word' id='word_1_127' title='bbox 1629 1611 1680 1666; x_wconf 89' lang='lat' dir='ltr'><strong>id</strong></span> <span class='ocrx_word' id='word_1_128' title='bbox 1723 1620 1836 1676; x_wconf 88' lang='lat' dir='ltr'><strong>est,</strong></span> <span class='ocrx_word' id='word_1_129' title='bbox 1885 1621 2124 1682; x_wconf 82' lang='lat' dir='ltr'><strong>tempore</strong></span> 
     </span>
    </p>
   </div>
   <div class='ocr_carea' id='block_1_19' title="bbox 541 1703 2120 1776">
    <p class='ocr_par' dir='ltr' id='par_1_19' title="bbox 541 1703 2120 1776">
     <span class='ocr_line' id='line_1_19' title="bbox 541 1703 2120 1776; baseline -0.003 -14"><span class='ocrx_word' id='word_1_130' title='bbox 541 1711 804 1762; x_wconf 83' lang='lat' dir='ltr'><strong>adventus</strong></span> <span class='ocrx_word' id='word_1_131' title='bbox 847 1707 938 1776; x_wconf 90' lang='lat' dir='ltr'><strong>qui</strong></span> <span class='ocrx_word' id='word_1_132' title='bbox 974 1707 1024 1761; x_wconf 93' lang='lat' dir='ltr'><strong>in</strong></span> <span class='ocrx_word' id='word_1_133' title='bbox 1053 1704 1310 1760; x_wconf 90' lang='lat' dir='ltr'><strong>vaticiuio</strong></span> <span class='ocrx_word' id='word_1_134' title='bbox 1337 1703 1676 1768; x_wconf 84' lang='lat' dir='ltr'><strong>enuntiatur,</strong></span> <span class='ocrx_word' id='word_1_135' title='bbox 1714 1721 1732 1755; x_wconf 81' lang='grc' dir='ltr'><strong>ι</strong></span> <span class='ocrx_word' id='word_1_136' title='bbox 1764 1704 1980 1772; x_wconf 70' lang='lat' dir='ltr'><strong>adiiciet</strong></span> <span class='ocrx_word' id='word_1_137' title='bbox 2015 1704 2120 1758; x_wconf 93' lang='lat' dir='ltr'><strong>Do-</strong></span> 
     </span>
    </p>
   </div>
   <div class='ocr_carea' id='block_1_20' title="bbox 545 1775 2191 1862">
    <p class='ocr_par' dir='ltr' id='par_1_20' title="bbox 545 1775 2191 1862">
     <span class='ocr_line' id='line_1_20' title="bbox 545 1775 2191 1862; baseline -0.002 -11"><span class='ocrx_word' id='word_1_138' title='bbox 545 1798 724 1852; x_wconf 83' lang='lat' dir='ltr'><strong>minus</strong></span> <span class='ocrx_word' id='word_1_139' title='bbox 765 1797 1049 1852; x_wconf 82' lang='lat' dir='ltr'><strong>ostendere</strong></span> <span class='ocrx_word' id='word_1_140' title='bbox 1081 1811 1298 1850; x_wconf 84' lang='lat' dir='ltr'><strong>manutn</strong></span> <span class='ocrx_word' id='word_1_141' title='bbox 1345 1810 1523 1862; x_wconf 89' lang='lat' dir='ltr'><strong>suam,</strong></span> <span class='ocrx_word' id='word_1_142' title='bbox 1555 1797 1620 1850; x_wconf 83' lang='lat' dir='ltr'><strong>ad</strong></span> <span class='ocrx_word' id='word_1_143' title='bbox 1655 1794 1938 1850; x_wconf 62' lang='lat' dir='ltr'><strong>uelandum</strong></span> <span class='ocrx_word' id='word_1_144' title='bbox 1985 1796 2120 1849; x_wconf 57' lang='lat' dir='ltr'><strong>resiu</strong></span> <span class='ocrx_word' id='word_1_145' title='bbox 2149 1775 2191 1834; x_wconf 69' lang='grc' dir='ltr'><strong>Β</strong></span> 
     </span>
    </p>
   </div>
   <div class='ocr_carea' id='block_1_21' title="bbox 543 1885 2116 1959">
    <p class='ocr_par' dir='ltr' id='par_1_21' title="bbox 543 1885 2116 1959">
     <span class='ocr_line' id='line_1_21' title="bbox 543 1885 2116 1959; baseline -0.004 -13"><span class='ocrx_word' id='word_1_146' title='bbox 543 1891 707 1946; x_wconf 87' lang='lat' dir='ltr'><strong>duum</strong></span> <span class='ocrx_word' id='word_1_147' title='bbox 739 1889 942 1959; x_wconf 88' lang='lat' dir='ltr'><strong>populi.</strong></span> <span class='ocrx_word' id='word_1_148' title='bbox 969 1907 986 1940; x_wconf 74' lang='grc' dir='ltr'><strong>ι</strong></span> <span class='ocrx_word' id='word_1_149' title='bbox 1021 1887 1124 1944; x_wconf 86' lang='lat' dir='ltr'><strong>Pro</strong></span> <span class='ocrx_word' id='word_1_150' title='bbox 1153 1904 1257 1958; x_wconf 90' lang='lat' dir='ltr'><strong>quo</strong></span> <span class='ocrx_word' id='word_1_151' title='bbox 1299 1887 1490 1958; x_wconf 83' lang='lat' dir='ltr'><strong>Aquila</strong></span> <span class='ocrx_word' id='word_1_152' title='bbox 1513 1926 1528 1954; x_wconf 86' lang='lat'><strong>,</strong></span> <span class='ocrx_word' id='word_1_153' title='bbox 1566 1905 1584 1936; x_wconf 78' lang='grc' dir='ltr'><strong>ι</strong></span> <span class='ocrx_word' id='word_1_154' title='bbox 1623 1885 1877 1954; x_wconf 87' lang='lat' dir='ltr'><strong>Adjiciet,</strong></span> <span class='ocrx_word' id='word_1_155' title='bbox 1921 1885 2116 1958; x_wconf 89' lang='lat' dir='ltr'><strong>inquit,</strong></span> 
     </span>
    </p>
   </div>
   <div class='ocr_carea' id='block_1_22' title="bbox 541 1978 2120 2040">
    <p class='ocr_par' dir='ltr' id='par_1_22' title="bbox 541 1978 2120 2040">
     <span class='ocr_line' id='line_1_22' title="bbox 541 1978 2120 2040; baseline -0.002 -4"><span class='ocrx_word' id='word_1_156' title='bbox 541 1982 801 2038; x_wconf 85' lang='lat' dir='ltr'><strong>Dominus</strong></span> <span class='ocrx_word' id='word_1_157' title='bbox 841 1981 1080 2038; x_wconf 88' lang='lat' dir='ltr'><strong>secundo</strong></span> <span class='ocrx_word' id='word_1_158' title='bbox 1111 1996 1326 2034; x_wconf 89' lang='lat' dir='ltr'><strong>manum</strong></span> <span class='ocrx_word' id='word_1_159' title='bbox 1363 1995 1540 2040; x_wconf 85' lang='lat' dir='ltr'><strong>suam.</strong></span> <span class='ocrx_word' id='word_1_160' title='bbox 1585 1980 1651 2034; x_wconf 88' lang='lat' dir='ltr'><strong>ad</strong></span> <span class='ocrx_word' id='word_1_161' title='bbox 1697 1978 1980 2038; x_wconf 80' lang='lat' dir='ltr'><strong>zelaudum</strong></span> <span class='ocrx_word' id='word_1_162' title='bbox 2037 1993 2120 2034; x_wconf 89' lang='lat' dir='ltr'><strong>re-</strong></span> 
     </span>
    </p>
   </div>
   <div class='ocr_carea' id='block_1_23' title="bbox 543 2069 2118 2146">
    <p class='ocr_par' dir='ltr' id='par_1_23' title="bbox 543 2069 2118 2146">
     <span class='ocr_line' id='line_1_23' title="bbox 543 2069 2118 2146; baseline -0.003 -16"><span class='ocrx_word' id='word_1_163' title='bbox 543 2075 756 2130; x_wconf 86' lang='lat' dir='ltr'><strong>siduum</strong></span> <span class='ocrx_word' id='word_1_164' title='bbox 805 2074 988 2146; x_wconf 80' lang='lat' dir='ltr'><strong>populi</strong></span> <span class='ocrx_word' id='word_1_165' title='bbox 1039 2073 1202 2138; x_wconf 49' lang='lat' dir='ltr'><strong>sui“</strong></span> <span class='ocrx_word' id='word_1_166' title='bbox 1247 2072 1628 2144; x_wconf 79' lang='lat' dir='ltr'><strong>Symmachus,</strong></span> <span class='ocrx_word' id='word_1_167' title='bbox 1680 2091 1698 2124; x_wconf 78' lang='grc' dir='ltr'><strong>ι</strong></span> <span class='ocrx_word' id='word_1_168' title='bbox 1727 2069 1960 2142; x_wconf 83' lang='lat' dir='ltr'><strong>Adjiciet</strong></span> <span class='ocrx_word' id='word_1_169' title='bbox 2011 2069 2118 2126; x_wconf 85' lang='lat' dir='ltr'><strong>Do-</strong></span> 
     </span>
    </p>
   </div>
   <div class='ocr_carea' id='block_1_24' title="bbox 545 2161 2120 2235">
    <p class='ocr_par' dir='ltr' id='par_1_24' title="bbox 545 2161 2120 2235">
     <span class='ocr_line' id='line_1_24' title="bbox 545 2161 2120 2235; baseline -0.003 -13"><span class='ocrx_word' id='word_1_170' title='bbox 545 2167 724 2222; x_wconf 85' lang='lat' dir='ltr'><strong>minus</strong></span> <span class='ocrx_word' id='word_1_171' title='bbox 755 2167 995 2222; x_wconf 86' lang='lat' dir='ltr'><strong>secundo</strong></span> <span class='ocrx_word' id='word_1_172' title='bbox 1042 2179 1260 2220; x_wconf 88' lang='lat' dir='ltr'><strong>manum</strong></span> <span class='ocrx_word' id='word_1_173' title='bbox 1299 2180 1478 2230; x_wconf 87' lang='lat' dir='ltr'><strong>suam,</strong></span> <span class='ocrx_word' id='word_1_174' title='bbox 1506 2165 1571 2220; x_wconf 84' lang='lat' dir='ltr'><strong>ad</strong></span> <span class='ocrx_word' id='word_1_175' title='bbox 1605 2161 1993 2235; x_wconf 88' lang='lat' dir='ltr'><strong>possidendum</strong></span> <span class='ocrx_word' id='word_1_176' title='bbox 2033 2178 2120 2218; x_wconf 77' lang='lat' dir='ltr'><strong>re-</strong></span> 
     </span>
    </p>
   </div>
   <div class='ocr_carea' id='block_1_25' title="bbox 541 2256 2116 2330">
    <p class='ocr_par' dir='ltr' id='par_1_25' title="bbox 541 2256 2116 2330">
     <span class='ocr_line' id='line_1_25' title="bbox 541 2256 2116 2330; baseline 0 -16"><span class='ocrx_word' id='word_1_177' title='bbox 541 2261 758 2316; x_wconf 76' lang='lat' dir='ltr'><strong>siduum</strong></span> <span class='ocrx_word' id='word_1_178' title='bbox 792 2259 972 2330; x_wconf 88' lang='lat' dir='ltr'><strong>populi</strong></span> <span class='ocrx_word' id='word_1_179' title='bbox 1000 2257 1104 2314; x_wconf 90' lang='lat' dir='ltr'><strong>sui.</strong></span> <span class='ocrx_word' id='word_1_180' title='bbox 1131 2277 1150 2310; x_wconf 74' lang='grc' dir='ltr'><strong>ι</strong></span> <span class='ocrx_word' id='word_1_181' title='bbox 1185 2259 1650 2326; x_wconf 84' lang='lat' dir='ltr'><strong>Quemadmodum</strong></span> <span class='ocrx_word' id='word_1_182' title='bbox 1687 2258 1832 2312; x_wconf 89' lang='lat' dir='ltr'><strong>enim</strong></span> <span class='ocrx_word' id='word_1_183' title='bbox 1861 2256 2116 2314; x_wconf 77' lang='lat' dir='ltr'><strong>atllictum</strong></span> 
     </span>
    </p>
   </div>
   <div class='ocr_carea' id='block_1_26' title="bbox 539 2349 2120 2420">
    <p class='ocr_par' dir='ltr' id='par_1_26' title="bbox 539 2349 2120 2420">
     <span class='ocr_line' id='line_1_26' title="bbox 539 2349 2120 2420; baseline -0.004 -12"><span class='ocrx_word' id='word_1_184' title='bbox 539 2351 823 2410; x_wconf 81' lang='lat' dir='ltr'><strong>Judaicum</strong></span> <span class='ocrx_word' id='word_1_185' title='bbox 855 2349 1107 2420; x_wconf 88' lang='lat' dir='ltr'><strong>populum</strong></span> <span class='ocrx_word' id='word_1_186' title='bbox 1136 2350 1302 2406; x_wconf 83' lang='lat' dir='ltr'><strong>semel</strong></span> <span class='ocrx_word' id='word_1_187' title='bbox 1331 2349 1398 2404; x_wconf 82' lang='lat' dir='ltr'><strong>ab</strong></span> <span class='ocrx_word' id='word_1_188' title='bbox 1431 2351 1784 2420; x_wconf 83' lang='lat' dir='ltr'><strong>oppressione</strong></span> <span class='ocrx_word' id='word_1_189' title='bbox 1833 2349 2120 2416; x_wconf 80' lang='lat' dir='ltr'><strong>liberavit,</strong></span> 
     </span>
    </p>
   </div>
   <div class='ocr_carea' id='block_1_27' title="bbox 547 2438 2117 2513">
    <p class='ocr_par' dir='ltr' id='par_1_27' title="bbox 547 2438 2117 2513">
     <span class='ocr_line' id='line_1_27' title="bbox 547 2438 2117 2513; baseline -0.003 -15"><span class='ocrx_word' id='word_1_190' title='bbox 547 2457 708 2498; x_wconf 89' lang='lat' dir='ltr'><strong>manu</strong></span> <span class='ocrx_word' id='word_1_191' title='bbox 755 2457 854 2498; x_wconf 85' lang='lat' dir='ltr'><strong>sua</strong></span> <span class='ocrx_word' id='word_1_192' title='bbox 890 2439 1216 2496; x_wconf 85' lang='lat' dir='ltr'><strong>mirabilium</strong></span> <span class='ocrx_word' id='word_1_193' title='bbox 1265 2438 1537 2496; x_wconf 85' lang='lat' dir='ltr'><strong>eﬂ‘ectrice</strong></span> <span class='ocrx_word' id='word_1_194' title='bbox 1587 2456 1683 2510; x_wconf 89' lang='lat' dir='ltr'><strong>per</strong></span> <span class='ocrx_word' id='word_1_195' title='bbox 1737 2439 1970 2513; x_wconf 81' lang='lat' dir='ltr'><strong>Moysem</strong></span> <span class='ocrx_word' id='word_1_196' title='bbox 2019 2454 2117 2494; x_wconf 79' lang='lat' dir='ltr'><strong>ex-</strong></span> 
     </span>
    </p>
   </div>
   <div class='ocr_carea' id='block_1_28' title="bbox 547 2531 2119 2606">
    <p class='ocr_par' dir='ltr' id='par_1_28' title="bbox 547 2531 2119 2606">
     <span class='ocr_line' id='line_1_28' title="bbox 547 2531 2119 2606; baseline -0.002 -17"><span class='ocrx_word' id='word_1_197' title='bbox 547 2544 698 2592; x_wconf 87' lang='lat' dir='ltr'><strong>tensa</strong></span> <span class='ocrx_word' id='word_1_198' title='bbox 725 2552 739 2590; x_wconf 91' lang='lat'><strong>:</strong></span> <span class='ocrx_word' id='word_1_199' title='bbox 771 2549 874 2606; x_wconf 90' lang='lat' dir='ltr'><strong>qua</strong></span> <span class='ocrx_word' id='word_1_200' title='bbox 911 2549 1073 2588; x_wconf 87' lang='lat' dir='ltr'><strong>manu</strong></span> <span class='ocrx_word' id='word_1_201' title='bbox 1113 2533 1371 2606; x_wconf 86' lang='lat' dir='ltr'><strong>stupenda</strong></span> <span class='ocrx_word' id='word_1_202' title='bbox 1417 2533 1502 2588; x_wconf 85' lang='lat' dir='ltr'><strong>illa</strong></span> <span class='ocrx_word' id='word_1_203' title='bbox 1539 2534 1782 2604; x_wconf 78' lang='lat' dir='ltr'><strong>prodigia</strong></span> <span class='ocrx_word' id='word_1_204' title='bbox 1817 2533 1868 2587; x_wconf 90' lang='lat' dir='ltr'><strong>in</strong></span> <span class='ocrx_word' id='word_1_205' title='bbox 1902 2531 2119 2604; x_wconf 65' lang='lat' dir='ltr'><strong>Egypti</strong></span> 
     </span>
    </p>
   </div>
   <div class='ocr_carea' id='block_1_29' title="bbox 545 2623 2121 2699">
    <p class='ocr_par' dir='ltr' id='par_1_29' title="bbox 545 2623 2121 2699">
     <span class='ocr_line' id='line_1_29' title="bbox 545 2623 2121 2699; baseline -0.005 -15"><span class='ocrx_word' id='word_1_206' title='bbox 545 2628 767 2699; x_wconf 79' lang='lat' dir='ltr'><strong>regione</strong></span> <span class='ocrx_word' id='word_1_207' title='bbox 809 2625 1008 2693; x_wconf 89' lang='lat' dir='ltr'><strong>edidit;</strong></span> <span class='ocrx_word' id='word_1_208' title='bbox 1055 2627 1246 2681; x_wconf 87' lang='lat' dir='ltr'><strong>eodem</strong></span> <span class='ocrx_word' id='word_1_209' title='bbox 1295 2627 1453 2680; x_wconf 89' lang='lat' dir='ltr'><strong>modo</strong></span> <span class='ocrx_word' id='word_1_210' title='bbox 1505 2626 1699 2679; x_wconf 87' lang='lat' dir='ltr'><strong>iterum</strong></span> <span class='ocrx_word' id='word_1_211' title='bbox 1745 2623 1965 2694; x_wconf 77' lang='lat' dir='ltr'><strong>adjiciet</strong></span> <span class='ocrx_word' id='word_1_212' title='bbox 2013 2639 2121 2678; x_wconf 66' lang='lat' dir='ltr'><strong>ma.-</strong></span> 
     </span>
    </p>
   </div>
   <div class='ocr_carea' id='block_1_30' title="bbox 543 2713 2117 2790">
    <p class='ocr_par' dir='ltr' id='par_1_30' title="bbox 543 2713 2117 2790">
     <span class='ocr_line' id='line_1_30' title="bbox 543 2713 2117 2790; baseline -0.004 -12"><span class='ocrx_word' id='word_1_213' title='bbox 543 2713 670 2778; x_wconf 83' lang='lat' dir='ltr'><strong>num</strong></span> <span class='ocrx_word' id='word_1_214' title='bbox 705 2735 879 2784; x_wconf 87' lang='lat' dir='ltr'><strong>suam,</strong></span> <span class='ocrx_word' id='word_1_215' title='bbox 921 2721 1074 2790; x_wconf 85' lang='lat' dir='ltr'><strong>quasi</strong></span> <span class='ocrx_word' id='word_1_216' title='bbox 1109 2720 1346 2774; x_wconf 87' lang='lat' dir='ltr'><strong>secunda</strong></span> <span class='ocrx_word' id='word_1_217' title='bbox 1383 2733 1500 2772; x_wconf 74' lang='lat' dir='ltr'><strong>vice</strong></span> <span class='ocrx_word' id='word_1_218' title='bbox 1535 2715 1870 2774; x_wconf 84' lang='lat' dir='ltr'><strong>mirabilibus</strong></span> <span class='ocrx_word' id='word_1_219' title='bbox 1897 2716 2117 2772; x_wconf 88' lang='lat' dir='ltr'><strong>edendis</strong></span> 
     </span>
    </p>
   </div>
   <div class='ocr_carea' id='block_1_31' title="bbox 541 2807 2116 2882">
    <p class='ocr_par' dir='ltr' id='par_1_31' title="bbox 541 2807 2116 2882">
     <span class='ocr_line' id='line_1_31' title="bbox 541 2807 2116 2882; baseline -0.004 -14"><span class='ocrx_word' id='word_1_220' title='bbox 541 2814 794 2882; x_wconf 85' lang='lat' dir='ltr'><strong>operibus</strong></span> <span class='ocrx_word' id='word_1_221' title='bbox 825 2813 968 2868; x_wconf 81' lang='lat' dir='ltr'><strong>illam</strong></span> <span class='ocrx_word' id='word_1_222' title='bbox 1015 2825 1276 2876; x_wconf 84' lang='lat' dir='ltr'><strong>movens;</strong></span> <span class='ocrx_word' id='word_1_223' title='bbox 1311 2819 1368 2864; x_wconf 94' lang='lat' dir='ltr'><strong>ut</strong></span> <span class='ocrx_word' id='word_1_224' title='bbox 1411 2811 1682 2866; x_wconf 81' lang='lat' dir='ltr'><strong>residuum</strong></span> <span class='ocrx_word' id='word_1_225' title='bbox 1723 2808 1902 2880; x_wconf 88' lang='lat' dir='ltr'><strong>populi</strong></span> <span class='ocrx_word' id='word_1_226' title='bbox 1939 2807 2116 2879; x_wconf 89' lang='lat' dir='ltr'><strong>possi-</strong></span> 
     </span>
    </p>
   </div>
   <div class='ocr_carea' id='block_1_32' title="bbox 539 2901 2120 2974">
    <p class='ocr_par' dir='ltr' id='par_1_32' title="bbox 539 2901 2120 2974">
     <span class='ocr_line' id='line_1_32' title="bbox 539 2901 2120 2974; baseline -0.001 -14"><span class='ocrx_word' id='word_1_227' title='bbox 539 2907 682 2972; x_wconf 82' lang='lat' dir='ltr'><strong>deat,</strong></span> <span class='ocrx_word' id='word_1_228' title='bbox 713 2920 776 2960; x_wconf 88' lang='lat' dir='ltr'><strong>ac</strong></span> <span class='ocrx_word' id='word_1_229' title='bbox 809 2904 1048 2958; x_wconf 84' lang='lat' dir='ltr'><strong>studiose</strong></span> <span class='ocrx_word' id='word_1_230' title='bbox 1089 2911 1392 2958; x_wconf 88' lang='lat' dir='ltr'><strong>conservet.</strong></span> <span class='ocrx_word' id='word_1_231' title='bbox 1444 2901 1578 2956; x_wconf 85' lang='lat' dir='ltr'><strong>Nam</strong></span> <span class='ocrx_word' id='word_1_232' title='bbox 1615 2903 1728 2956; x_wconf 89' lang='lat' dir='ltr'><strong>sive</strong></span> <span class='ocrx_word' id='word_1_233' title='bbox 1775 2902 1828 2956; x_wconf 92' lang='lat' dir='ltr'><strong>in</strong></span> <span class='ocrx_word' id='word_1_234' title='bbox 1869 2902 2120 2974; x_wconf 82' lang='lat' dir='ltr'><strong>Assyrio-</strong></span> 
     </span>
    </p>
   </div>
   <div class='ocr_carea' id='block_1_33' title="bbox 545 2995 2115 3068">
    <p class='ocr_par' dir='ltr' id='par_1_33' title="bbox 545 2995 2115 3068">
     <span class='ocr_line' id='line_1_33' title="bbox 545 2995 2115 3068; baseline -0.003 -15"><span class='ocrx_word' id='word_1_235' title='bbox 545 3015 662 3054; x_wconf 86' lang='lat' dir='ltr'><strong>rum</strong></span> <span class='ocrx_word' id='word_1_236' title='bbox 714 2997 974 3068; x_wconf 76' lang='lat' dir='ltr'><strong>regione,</strong></span> <span class='ocrx_word' id='word_1_237' title='bbox 1017 2997 1133 3052; x_wconf 89' lang='lat' dir='ltr'><strong>sive</strong></span> <span class='ocrx_word' id='word_1_238' title='bbox 1182 2997 1235 3050; x_wconf 91' lang='lat' dir='ltr'><strong>in</strong></span> <span class='ocrx_word' id='word_1_239' title='bbox 1283 2995 1548 3068; x_wconf 62' lang='lat' dir='ltr'><strong>Egypto,</strong></span> <span class='ocrx_word' id='word_1_240' title='bbox 1607 2996 1657 3050; x_wconf 92' lang='lat' dir='ltr'><strong>in</strong></span> <span class='ocrx_word' id='word_1_241' title='bbox 1711 2995 2012 3068; x_wconf 77' lang='lat' dir='ltr'><strong>Babylone,</strong></span> <span class='ocrx_word' id='word_1_242' title='bbox 2063 2996 2115 3048; x_wconf 90' lang='lat' dir='ltr'><strong>in</strong></span> 
     </span>
    </p>
   </div>
   <div class='ocr_carea' id='block_1_34' title="bbox 2227 508 2392 562">
    <p class='ocr_par' dir='ltr' id='par_1_34' title="bbox 2227 508 2392 562">
     <span class='ocr_line' id='line_1_34' title="bbox 2227 508 2392 562; baseline -0.018 0"><span class='ocrx_word' id='word_1_243' title='bbox 2227 508 2328 562; x_wconf 81' lang='grc' dir='ltr'>σοί.</span> <span class='ocrx_word' id='word_1_244' title='bbox 2373 527 2392 559; x_wconf 75' lang='grc' dir='ltr'><strong>ι</strong></span> 
     </span>
    </p>
   </div>
   <div class='ocr_carea' id='block_1_35' title="bbox 2299 599 3810 684">
    <p class='ocr_par' dir='ltr' id='par_1_35' title="bbox 2299 599 3810 684">
     <span class='ocr_line' id='line_1_35' title="bbox 2299 599 3810 684; baseline 0.013 -34"><span class='ocrx_word' id='word_1_245' title='bbox 2299 619 2317 650; x_wconf 79' lang='grc' dir='ltr'><strong>ι</strong></span> <span class='ocrx_word' id='word_1_246' title='bbox 2351 599 2465 654; x_wconf 80' lang='grc' dir='ltr'><strong>Καὶ</strong></span> <span class='ocrx_word' id='word_1_247' title='bbox 2493 599 2643 654; x_wconf 74' lang='grc' dir='ltr'>ἔσται</span> <span class='ocrx_word' id='word_1_248' title='bbox 2671 603 2736 672; x_wconf 82' lang='grc' dir='ltr'>τῇ</span> <span class='ocrx_word' id='word_1_249' title='bbox 2770 602 2954 674; x_wconf 71' lang='grc' dir='ltr'>ἡμέρᾳ</span> <span class='ocrx_word' id='word_1_250' title='bbox 2981 603 3190 677; x_wconf 79' lang='grc' dir='ltr'>ἐκείνη,</span> <span class='ocrx_word' id='word_1_251' title='bbox 3218 608 3518 680; x_wconf 81' lang='grc' dir='ltr'><strong>προσθήσει</strong></span> <span class='ocrx_word' id='word_1_252' title='bbox 3543 612 3572 664; x_wconf 87' lang='grc' dir='ltr'><strong>ὁ</strong></span> <span class='ocrx_word' id='word_1_253' title='bbox 3604 612 3810 684; x_wconf 81' lang='grc' dir='ltr'>Κύριος</span> 
     </span>
    </p>
   </div>
   <div class='ocr_carea' id='block_1_36' title="bbox 2223 690 3806 772">
    <p class='ocr_par' dir='ltr' id='par_1_36' title="bbox 2223 690 3806 772">
     <span class='ocr_line' id='line_1_36' title="bbox 2223 690 3806 772; baseline 0.011 -28"><span class='ocrx_word' id='word_1_254' title='bbox 2223 690 2317 746; x_wconf 87' lang='grc' dir='ltr'><strong>τοῦ</strong></span> <span class='ocrx_word' id='word_1_255' title='bbox 2350 691 2516 756; x_wconf 75' lang='grc' dir='ltr'>δείξαι</span> <span class='ocrx_word' id='word_1_256' title='bbox 2549 691 2647 764; x_wconf 78' lang='grc' dir='ltr'><strong>τὴν</strong></span> <span class='ocrx_word' id='word_1_257' title='bbox 2691 695 2848 766; x_wconf 84' lang='grc' dir='ltr'>χεῐρα</span> <span class='ocrx_word' id='word_1_258' title='bbox 2895 695 3079 760; x_wconf 79' lang='grc' dir='ltr'>αὐτοῦ,</span> <span class='ocrx_word' id='word_1_259' title='bbox 3133 697 3226 752; x_wconf 89' lang='grc' dir='ltr'><strong>τοῦ</strong></span> <span class='ocrx_word' id='word_1_260' title='bbox 3267 699 3506 772; x_wconf 77' lang='grc' dir='ltr'>ζηλῶσαι</span> <span class='ocrx_word' id='word_1_261' title='bbox 3533 704 3594 758; x_wconf 81' lang='grc' dir='ltr'>τὸ</span> <span class='ocrx_word' id='word_1_262' title='bbox 3631 723 3806 760; x_wconf 85' lang='grc' dir='ltr'>κατα-</span> 
     </span>
    </p>
   </div>
   <div class='ocr_carea' id='block_1_37' title="bbox 2223 783 3810 870">
    <p class='ocr_par' dir='ltr' id='par_1_37' title="bbox 2223 783 3810 870">
     <span class='ocr_line' id='line_1_37' title="bbox 2223 783 3810 870; baseline 0.01 -32"><span class='ocrx_word' id='word_1_263' title='bbox 2223 783 2437 854; x_wconf 77' lang='grc' dir='ltr'>λειφθὲν</span> <span class='ocrx_word' id='word_1_264' title='bbox 2471 785 2763 842; x_wconf 83' lang='grc' dir='ltr'>ὑπόλοιπον</span> <span class='ocrx_word' id='word_1_265' title='bbox 2805 787 2900 842; x_wconf 90' lang='grc' dir='ltr'><strong>τοῦ</strong></span> <span class='ocrx_word' id='word_1_266' title='bbox 2942 788 3092 853; x_wconf 88' lang='grc' dir='ltr'>λαοῦ,</span> <span class='ocrx_word' id='word_1_267' title='bbox 3139 791 3168 844; x_wconf 80' lang='grc' dir='ltr'>ὃ</span> <span class='ocrx_word' id='word_1_268' title='bbox 3211 791 3279 846; x_wconf 85' lang='grc' dir='ltr'>ἂν</span> <span class='ocrx_word' id='word_1_269' title='bbox 3317 795 3648 870; x_wconf 75' lang='grc' dir='ltr'><strong>καταλειφθῇ</strong></span> <span class='ocrx_word' id='word_1_270' title='bbox 3699 799 3810 854; x_wconf 67' lang='grc' dir='ltr'><strong>ἀπὸ</strong></span> 
     </span>
    </p>
   </div>
   <div class='ocr_carea' id='block_1_38' title="bbox 2223 877 3804 954">
    <p class='ocr_par' dir='ltr' id='par_1_38' title="bbox 2223 877 3804 954">
     <span class='ocr_line' id='line_1_38' title="bbox 2223 877 3804 954; baseline 0.009 -22"><span class='ocrx_word' id='word_1_271' title='bbox 2223 877 2332 934; x_wconf 89' lang='grc' dir='ltr'><strong>τῶν</strong></span> <span class='ocrx_word' id='word_1_272' title='bbox 2380 879 2682 952; x_wconf 77' lang='grc' dir='ltr'><strong>Ἀσσυρίων</strong></span> <span class='ocrx_word' id='word_1_273' title='bbox 2725 883 2822 936; x_wconf 85' lang='grc' dir='ltr'>καὶ</span> <span class='ocrx_word' id='word_1_274' title='bbox 2859 883 2967 936; x_wconf 81' lang='grc' dir='ltr'><strong>ἀπὸ</strong></span> <span class='ocrx_word' id='word_1_275' title='bbox 3003 884 3308 954; x_wconf 76' lang='grc' dir='ltr'>Αἰγύπτου,</span> <span class='ocrx_word' id='word_1_276' title='bbox 3336 889 3429 942; x_wconf 81' lang='grc' dir='ltr'>καὶ</span> <span class='ocrx_word' id='word_1_277' title='bbox 3483 890 3592 946; x_wconf 75' lang='grc' dir='ltr'><strong>ἀπὸ</strong></span> <span class='ocrx_word' id='word_1_278' title='bbox 3623 891 3804 946; x_wconf 82' lang='grc' dir='ltr'>Βαϐυ-</span> 
     </span>
    </p>
   </div>
   <div class='ocr_carea' id='block_1_39' title="bbox 2223 969 3808 1050">
    <p class='ocr_par' dir='ltr' id='par_1_39' title="bbox 2223 969 3808 1050">
     <span class='ocr_line' id='line_1_39' title="bbox 2223 969 3808 1050; baseline 0.008 -24"><span class='ocrx_word' id='word_1_279' title='bbox 2223 969 2437 1038; x_wconf 85' lang='grc' dir='ltr'>λωνίας,</span> <span class='ocrx_word' id='word_1_280' title='bbox 2480 972 2575 1026; x_wconf 84' lang='grc' dir='ltr'>καὶ</span> <span class='ocrx_word' id='word_1_281' title='bbox 2604 972 2710 1026; x_wconf 78' lang='grc' dir='ltr'><strong>ἀπὸ</strong></span> <span class='ocrx_word' id='word_1_282' title='bbox 2737 973 3040 1039; x_wconf 74' lang='grc' dir='ltr'>Αἰθιοπίας,</span> <span class='ocrx_word' id='word_1_283' title='bbox 3073 977 3168 1030; x_wconf 87' lang='grc' dir='ltr'>καὶ</span> <span class='ocrx_word' id='word_1_284' title='bbox 3205 978 3528 1050; x_wconf 86' lang='grc' dir='ltr'>Ἑλαμιτῶν,</span> <span class='ocrx_word' id='word_1_285' title='bbox 3560 983 3654 1036; x_wconf 72' lang='grc' dir='ltr'>καὶ</span> <span class='ocrx_word' id='word_1_286' title='bbox 3697 977 3808 1038; x_wconf 76' lang='grc' dir='ltr'><strong>ἀπὸ</strong></span> 
     </span>
    </p>
   </div>
   <div class='ocr_carea' id='block_1_40' title="bbox 2224 1061 3806 1142">
    <p class='ocr_par' dir='ltr' id='par_1_40' title="bbox 2224 1061 3806 1142">
     <span class='ocr_line' id='line_1_40' title="bbox 2224 1061 3806 1142; baseline 0.009 -28"><span class='ocrx_word' id='word_1_287' title='bbox 2224 1061 2371 1133; x_wconf 81' lang='grc' dir='ltr'>ἡλίου</span> <span class='ocrx_word' id='word_1_288' title='bbox 2413 1061 2706 1126; x_wconf 80' lang='grc' dir='ltr'>ἀνατολῶν,</span> <span class='ocrx_word' id='word_1_289' title='bbox 2746 1063 2839 1116; x_wconf 79' lang='grc' dir='ltr'>καὶ</span> <span class='ocrx_word' id='word_1_290' title='bbox 2877 1063 2936 1130; x_wconf 76' lang='grc' dir='ltr'>ἐξ</span> <span class='ocrx_word' id='word_1_291' title='bbox 2991 1065 3262 1136; x_wconf 84' lang='grc' dir='ltr'>Ἀραϐίας.</span> <span class='ocrx_word' id='word_1_292' title='bbox 3309 1087 3326 1122; x_wconf 74' lang='grc' dir='ltr'><strong>ι</strong></span> <span class='ocrx_word' id='word_1_293' title='bbox 3375 1070 3588 1142; x_wconf 78' lang='grc' dir='ltr'><strong>Ἐπειδὴ</strong></span> <span class='ocrx_word' id='word_1_294' title='bbox 3625 1072 3806 1128; x_wconf 79' lang='grc' dir='ltr'>τοίνυν</span> 
     </span>
    </p>
   </div>
   <div class='ocr_carea' id='block_1_41' title="bbox 2223 1155 3805 1234">
    <p class='ocr_par' dir='ltr' id='par_1_41' title="bbox 2223 1155 3805 1234">
     <span class='ocr_line' id='line_1_41' title="bbox 2223 1155 3805 1234; baseline 0.008 -27"><span class='ocrx_word' id='word_1_295' title='bbox 2223 1155 2313 1210; x_wconf 85' lang='grc' dir='ltr'>τὸν</span> <span class='ocrx_word' id='word_1_296' title='bbox 2346 1155 2702 1226; x_wconf 78' lang='grc' dir='ltr'>ἀνιστάμενον</span> <span class='ocrx_word' id='word_1_297' title='bbox 2733 1159 2798 1210; x_wconf 79' lang='grc' dir='ltr'>ὲκ</span> <span class='ocrx_word' id='word_1_298' title='bbox 2831 1157 2986 1230; x_wconf 75' lang='grc' dir='ltr'>ῥίζης</span> <span class='ocrx_word' id='word_1_299' title='bbox 3027 1159 3225 1213; x_wconf 83' lang='grc' dir='ltr'>Ἰεσσαὶ</span> <span class='ocrx_word' id='word_1_300' title='bbox 3274 1159 3460 1234; x_wconf 81' lang='grc' dir='ltr'><strong>ἄρξειν</strong></span> <span class='ocrx_word' id='word_1_301' title='bbox 3493 1163 3602 1216; x_wconf 87' lang='grc' dir='ltr'><strong>τῶν</strong></span> <span class='ocrx_word' id='word_1_302' title='bbox 3633 1164 3805 1220; x_wconf 80' lang='grc' dir='ltr'>ἐθνῶν</span> 
     </span>
    </p>
   </div>
   <div class='ocr_carea' id='block_1_42' title="bbox 2223 1247 3806 1329">
    <p class='ocr_par' dir='ltr' id='par_1_42' title="bbox 2223 1247 3806 1329">
     <span class='ocr_line' id='line_1_42' title="bbox 2223 1247 3806 1329; baseline 0.006 -28"><span class='ocrx_word' id='word_1_303' title='bbox 2223 1247 2505 1302; x_wconf 72' lang='grc' dir='ltr'><strong>ἐθέσπισεν</strong></span> <span class='ocrx_word' id='word_1_304' title='bbox 2531 1251 2560 1302; x_wconf 82' lang='grc' dir='ltr'>ὁ</span> <span class='ocrx_word' id='word_1_305' title='bbox 2591 1250 2894 1321; x_wconf 84' lang='grc' dir='ltr'>προφήτης,</span> <span class='ocrx_word' id='word_1_306' title='bbox 2919 1249 3014 1303; x_wconf 76' lang='grc' dir='ltr'><strong>καὶ</strong></span> <span class='ocrx_word' id='word_1_307' title='bbox 3042 1251 3340 1322; x_wconf 79' lang='grc' dir='ltr'>ἐπήγαγεν,</span> <span class='ocrx_word' id='word_1_308' title='bbox 3373 1254 3456 1308; x_wconf 84' lang='grc' dir='ltr'>ὅτι</span> <span class='ocrx_word' id='word_1_309' title='bbox 3491 1273 3509 1308; x_wconf 79' lang='grc' dir='ltr'><strong>ι</strong></span> <span class='ocrx_word' id='word_1_310' title='bbox 3553 1256 3806 1329; x_wconf 79' lang='grc' dir='ltr'>ἐπάὐτῷ</span> 
     </span>
    </p>
   </div>
   <div class='ocr_carea' id='block_1_43' title="bbox 2224 1340 3805 1420">
    <p class='ocr_par' dir='ltr' id='par_1_43' title="bbox 2224 1340 3805 1420">
     <span class='ocr_line' id='line_1_43' title="bbox 2224 1340 3805 1420; baseline 0.006 -26"><span class='ocrx_word' id='word_1_311' title='bbox 2224 1340 2348 1412; x_wconf 73' lang='grc' dir='ltr'>ἔθνη</span> <span class='ocrx_word' id='word_1_312' title='bbox 2395 1341 2690 1396; x_wconf 75' lang='grc' dir='ltr'><strong>ἐλπιοῦσιν·</strong></span> <span class='ocrx_word' id='word_1_313' title='bbox 2727 1361 2744 1396; x_wconf 85' lang='grc'>›</span> <span class='ocrx_word' id='word_1_314' title='bbox 2783 1343 3098 1412; x_wconf 75' lang='grc' dir='ltr'><strong>ἀναγκαίως</strong></span> <span class='ocrx_word' id='word_1_315' title='bbox 3125 1345 3218 1398; x_wconf 73' lang='grc' dir='ltr'>καὶ</span> <span class='ocrx_word' id='word_1_316' title='bbox 3249 1345 3342 1400; x_wconf 87' lang='grc' dir='ltr'><strong>τοῦ</strong></span> <span class='ocrx_word' id='word_1_317' title='bbox 3384 1347 3678 1406; x_wconf 81' lang='grc' dir='ltr'>Ἰουδαϊκοῦ</span> <span class='ocrx_word' id='word_1_318' title='bbox 3711 1351 3805 1420; x_wconf 83' lang='grc' dir='ltr'>γέ-</span> 
     </span>
    </p>
   </div>
   <div class='ocr_carea' id='block_1_44' title="bbox 2223 1432 3802 1514">
    <p class='ocr_par' dir='ltr' id='par_1_44' title="bbox 2223 1432 3802 1514">
     <span class='ocr_line' id='line_1_44' title="bbox 2223 1432 3802 1514; baseline 0.006 -29"><span class='ocrx_word' id='word_1_319' title='bbox 2223 1449 2348 1496; x_wconf 88' lang='grc' dir='ltr'>νους</span> <span class='ocrx_word' id='word_1_320' title='bbox 2399 1433 2670 1504; x_wconf 75' lang='grc' dir='ltr'><strong>μέμνηται</strong></span> <span class='ocrx_word' id='word_1_321' title='bbox 2716 1433 2804 1486; x_wconf 74' lang='grc' dir='ltr'><strong>διὰ</strong></span> <span class='ocrx_word' id='word_1_322' title='bbox 2852 1432 2944 1488; x_wconf 90' lang='grc' dir='ltr'><strong>τοῦ</strong></span> <span class='ocrx_word' id='word_1_323' title='bbox 2994 1435 3375 1506; x_wconf 82' lang='grc' dir='ltr'>προκειμένου,</span> <span class='ocrx_word' id='word_1_324' title='bbox 3431 1439 3566 1510; x_wconf 74' lang='grc' dir='ltr'>πρὸς</span> <span class='ocrx_word' id='word_1_325' title='bbox 3611 1441 3676 1494; x_wconf 81' lang='grc' dir='ltr'>τὸ</span> <span class='ocrx_word' id='word_1_326' title='bbox 3727 1443 3802 1514; x_wconf 75' lang='grc' dir='ltr'>μὴ</span> 
     </span>
    </p>
   </div>
   <div class='ocr_carea' id='block_1_45' title="bbox 2222 1523 3804 1604">
    <p class='ocr_par' dir='ltr' id='par_1_45' title="bbox 2222 1523 3804 1604">
     <span class='ocr_line' id='line_1_45' title="bbox 2222 1523 3804 1604; baseline 0.006 -28"><span class='ocrx_word' id='word_1_327' title='bbox 2222 1523 2508 1580; x_wconf 79' lang='grc' dir='ltr'>ὑπολαϐεῖν</span> <span class='ocrx_word' id='word_1_328' title='bbox 2533 1526 2620 1580; x_wconf 84' lang='grc' dir='ltr'>τὸν</span> <span class='ocrx_word' id='word_1_329' title='bbox 2642 1525 3114 1598; x_wconf 81' lang='grc' dir='ltr'>προφητευόμενον</span> <span class='ocrx_word' id='word_1_330' title='bbox 3165 1529 3332 1600; x_wconf 80' lang='grc' dir='ltr'>μηδὲν</span> <span class='ocrx_word' id='word_1_331' title='bbox 3367 1529 3672 1604; x_wconf 68' lang='grc' dir='ltr'>ὠφελήσειν</span> <span class='ocrx_word' id='word_1_332' title='bbox 3710 1533 3804 1588; x_wconf 77' lang='grc' dir='ltr'>τὸν</span> 
     </span>
    </p>
   </div>
   <div class='ocr_carea' id='block_1_46' title="bbox 2221 1620 3804 1702">
    <p class='ocr_par' dir='ltr' id='par_1_46' title="bbox 2221 1620 3804 1702">
     <span class='ocr_line' id='line_1_46' title="bbox 2221 1620 3804 1702; baseline 0.005 -28"><span class='ocrx_word' id='word_1_333' title='bbox 2221 1622 2288 1674; x_wconf 81' lang='grc' dir='ltr'>ὲκ</span> <span class='ocrx_word' id='word_1_334' title='bbox 2309 1620 2606 1692; x_wconf 80' lang='grc' dir='ltr'>περιτομῆς</span> <span class='ocrx_word' id='word_1_335' title='bbox 2638 1620 2784 1676; x_wconf 86' lang='grc' dir='ltr'>λαόν.</span> <span class='ocrx_word' id='word_1_336' title='bbox 2823 1620 3074 1676; x_wconf 77' lang='grc' dir='ltr'>Διδάσκει</span> <span class='ocrx_word' id='word_1_337' title='bbox 3106 1622 3308 1690; x_wconf 90' lang='grc' dir='ltr'>τοίνυν,</span> <span class='ocrx_word' id='word_1_338' title='bbox 3337 1624 3412 1688; x_wconf 82' lang='grc' dir='ltr'>ὡς</span> <span class='ocrx_word' id='word_1_339' title='bbox 3435 1625 3492 1680; x_wconf 72' lang='grc' dir='ltr'>ὲν</span> <span class='ocrx_word' id='word_1_340' title='bbox 3525 1629 3590 1698; x_wconf 80' lang='grc' dir='ltr'>τῇ</span> <span class='ocrx_word' id='word_1_341' title='bbox 3621 1627 3804 1702; x_wconf 73' lang='grc' dir='ltr'>ἡμέρᾳ</span> 
     </span>
    </p>
   </div>
   <div class='ocr_carea' id='block_1_47' title="bbox 2223 1714 3800 1788">
    <p class='ocr_par' dir='ltr' id='par_1_47' title="bbox 2223 1714 3800 1788">
     <span class='ocr_line' id='line_1_47' title="bbox 2223 1714 3800 1788; baseline 0.008 -22"><span class='ocrx_word' id='word_1_342' title='bbox 2223 1714 2428 1786; x_wconf 74' lang='grc' dir='ltr'>ἐκείνῃ,</span> <span class='ocrx_word' id='word_1_343' title='bbox 2459 1714 2742 1768; x_wconf 80' lang='grc' dir='ltr'>τουτέστιν</span> <span class='ocrx_word' id='word_1_344' title='bbox 2774 1717 2832 1768; x_wconf 80' lang='grc' dir='ltr'>ὲν</span> <span class='ocrx_word' id='word_1_345' title='bbox 2863 1715 2942 1786; x_wconf 82' lang='grc' dir='ltr'>τῷ</span> <span class='ocrx_word' id='word_1_346' title='bbox 2985 1717 3161 1788; x_wconf 79' lang='grc' dir='ltr'>χρόνῳ</span> <span class='ocrx_word' id='word_1_347' title='bbox 3197 1717 3298 1788; x_wconf 82' lang='grc' dir='ltr'>τῆς</span> <span class='ocrx_word' id='word_1_348' title='bbox 3341 1718 3660 1788; x_wconf 78' lang='grc' dir='ltr'>ἐπιφανείας</span> <span class='ocrx_word' id='word_1_349' title='bbox 3705 1723 3800 1778; x_wconf 86' lang='grc' dir='ltr'><strong>τοῦ</strong></span> 
     </span>
    </p>
   </div>
   <div class='ocr_carea' id='block_1_48' title="bbox 2221 1805 3806 1884">
    <p class='ocr_par' dir='ltr' id='par_1_48' title="bbox 2221 1805 3806 1884">
     <span class='ocr_line' id='line_1_48' title="bbox 2221 1805 3806 1884; baseline 0.005 -24"><span class='ocrx_word' id='word_1_350' title='bbox 2221 1805 2630 1878; x_wconf 78' lang='grc' dir='ltr'>θεσπιζομένου,</span> <span class='ocrx_word' id='word_1_351' title='bbox 2655 1825 2674 1858; x_wconf 81' lang='grc' dir='ltr'><strong>ι</strong></span> <span class='ocrx_word' id='word_1_352' title='bbox 2719 1808 3014 1880; x_wconf 83' lang='grc' dir='ltr'>προσθήσει</span> <span class='ocrx_word' id='word_1_353' title='bbox 3041 1807 3242 1882; x_wconf 81' lang='grc' dir='ltr'>Κύριος</span> <span class='ocrx_word' id='word_1_354' title='bbox 3261 1809 3356 1863; x_wconf 91' lang='grc' dir='ltr'><strong>τοῦ</strong></span> <span class='ocrx_word' id='word_1_355' title='bbox 3381 1809 3549 1875; x_wconf 79' lang='grc' dir='ltr'>δεῖξαι</span> <span class='ocrx_word' id='word_1_356' title='bbox 3569 1813 3670 1884; x_wconf 83' lang='grc' dir='ltr'>τὴν</span> <span class='ocrx_word' id='word_1_357' title='bbox 3699 1817 3806 1884; x_wconf 80' lang='grc' dir='ltr'><strong>χεῖ-</strong></span> 
     </span>
    </p>
   </div>
   <div class='ocr_carea' id='block_1_49' title="bbox 2223 1898 3798 1972">
    <p class='ocr_par' dir='ltr' id='par_1_49' title="bbox 2223 1898 3798 1972">
     <span class='ocr_line' id='line_1_49' title="bbox 2223 1898 3798 1972; baseline 0.002 -20"><span class='ocrx_word' id='word_1_358' title='bbox 2223 1916 2289 1970; x_wconf 89' lang='grc' dir='ltr'><strong>ρα</strong></span> <span class='ocrx_word' id='word_1_359' title='bbox 2323 1898 2509 1962; x_wconf 82' lang='grc' dir='ltr'>αὐτοῦ,</span> <span class='ocrx_word' id='word_1_360' title='bbox 2547 1898 2642 1952; x_wconf 87' lang='grc' dir='ltr'><strong>τοῦ</strong></span> <span class='ocrx_word' id='word_1_361' title='bbox 2685 1899 2928 1972; x_wconf 78' lang='grc' dir='ltr'>ζηλῶσαι</span> <span class='ocrx_word' id='word_1_362' title='bbox 2968 1900 3030 1954; x_wconf 78' lang='grc' dir='ltr'>τὸ</span> <span class='ocrx_word' id='word_1_363' title='bbox 3071 1899 3425 1971; x_wconf 81' lang='grc' dir='ltr'>καταλειφθὲν</span> <span class='ocrx_word' id='word_1_364' title='bbox 3457 1901 3552 1958; x_wconf 88' lang='grc' dir='ltr'><strong>τοῦ</strong></span> <span class='ocrx_word' id='word_1_365' title='bbox 3584 1903 3736 1960; x_wconf 81' lang='grc' dir='ltr'>λαοῦ.</span> <span class='ocrx_word' id='word_1_366' title='bbox 3779 1923 3798 1956; x_wconf 74' lang='grc' dir='ltr'><strong>ι</strong></span> 
     </span>
    </p>
   </div>
   <div class='ocr_carea' id='block_1_50' title="bbox 2232 1983 3804 2066">
    <p class='ocr_par' dir='ltr' id='par_1_50' title="bbox 2232 1983 3804 2066">
     <span class='ocr_line' id='line_1_50' title="bbox 2232 1983 3804 2066; baseline 0.001 -20"><span class='ocrx_word' id='word_1_367' title='bbox 2232 1983 2455 2046; x_wconf 79' lang='grc' dir='ltr'>’Δνθόῦ</span> <span class='ocrx_word' id='word_1_368' title='bbox 2495 1993 2524 2044; x_wconf 81' lang='grc' dir='ltr'><strong>ό</strong></span> <span class='ocrx_word' id='word_1_369' title='bbox 2579 1992 2678 2062; x_wconf 76' lang='grc' dir='ltr'>μὲν</span> <span class='ocrx_word' id='word_1_370' title='bbox 2726 1989 2980 2056; x_wconf 82' lang='grc' dir='ltr'>Ἀκύλας,</span> <span class='ocrx_word' id='word_1_371' title='bbox 3029 2011 3049 2042; x_wconf 75' lang='grc' dir='ltr'><strong>ι</strong></span> <span class='ocrx_word' id='word_1_372' title='bbox 3087 1993 3433 2065; x_wconf 84' lang='grc' dir='ltr'>Προσθήσει,</span> <span class='ocrx_word' id='word_1_373' title='bbox 3479 1995 3642 2066; x_wconf 58' lang='grc' dir='ltr'>φησι,</span> <span class='ocrx_word' id='word_1_374' title='bbox 3693 1993 3804 2050; x_wconf 80' lang='grc' dir='ltr'><strong>Κύ-</strong></span> 
     </span>
    </p>
   </div>
   <div class='ocr_carea' id='block_1_51' title="bbox 2221 2083 3802 2157">
    <p class='ocr_par' dir='ltr' id='par_1_51' title="bbox 2221 2083 3802 2157">
     <span class='ocr_line' id='line_1_51' title="bbox 2221 2083 3802 2157; baseline 0.003 -19"><span class='ocrx_word' id='word_1_375' title='bbox 2221 2101 2336 2156; x_wconf 85' lang='grc' dir='ltr'>ριος</span> <span class='ocrx_word' id='word_1_376' title='bbox 2357 2083 2604 2155; x_wconf 78' lang='grc' dir='ltr'>δεύτερον</span> <span class='ocrx_word' id='word_1_377' title='bbox 2627 2084 2725 2156; x_wconf 85' lang='grc' dir='ltr'>τὴν</span> <span class='ocrx_word' id='word_1_378' title='bbox 2760 2087 2916 2156; x_wconf 84' lang='grc' dir='ltr'>χεῖρα</span> <span class='ocrx_word' id='word_1_379' title='bbox 2945 2084 3134 2148; x_wconf 86' lang='grc' dir='ltr'>αὐτοῦ,</span> <span class='ocrx_word' id='word_1_380' title='bbox 3163 2084 3259 2138; x_wconf 87' lang='grc' dir='ltr'><strong>τοῦ</strong></span> <span class='ocrx_word' id='word_1_381' title='bbox 3292 2085 3532 2157; x_wconf 75' lang='grc' dir='ltr'>ζηλῶσαι</span> <span class='ocrx_word' id='word_1_382' title='bbox 3569 2088 3632 2142; x_wconf 80' lang='grc' dir='ltr'>τὸ</span> <span class='ocrx_word' id='word_1_383' title='bbox 3667 2089 3802 2142; x_wconf 78' lang='grc' dir='ltr'>ὑπό-</span> 
     </span>
    </p>
   </div>
   <div class='ocr_carea' id='block_1_52' title="bbox 2220 2172 3802 2246">
    <p class='ocr_par' dir='ltr' id='par_1_52' title="bbox 2220 2172 3802 2246">
     <span class='ocr_line' id='line_1_52' title="bbox 2220 2172 3802 2246; baseline 0.001 -18"><span class='ocrx_word' id='word_1_384' title='bbox 2220 2175 2427 2246; x_wconf 89' lang='grc' dir='ltr'>λειμμα</span> <span class='ocrx_word' id='word_1_385' title='bbox 2454 2173 2548 2228; x_wconf 82' lang='grc' dir='ltr'><strong>τοῦ</strong></span> <span class='ocrx_word' id='word_1_386' title='bbox 2570 2173 2699 2228; x_wconf 83' lang='grc' dir='ltr'>λαοῦ</span> <span class='ocrx_word' id='word_1_387' title='bbox 2735 2172 2920 2228; x_wconf 84' lang='grc' dir='ltr'>αὐτοῦ·</span> <span class='ocrx_word' id='word_1_388' title='bbox 2965 2193 2983 2226; x_wconf 74' lang='grc' dir='ltr'><strong>ι</strong></span> <span class='ocrx_word' id='word_1_389' title='bbox 3017 2174 3122 2230; x_wconf 82' lang='grc' dir='ltr'><strong>ὀδὲ</strong></span> <span class='ocrx_word' id='word_1_390' title='bbox 3148 2173 3464 2245; x_wconf 83' lang='grc' dir='ltr'>Σύμμαχος,</span> <span class='ocrx_word' id='word_1_391' title='bbox 3501 2194 3520 2226; x_wconf 79' lang='grc' dir='ltr'><strong>ι</strong></span> <span class='ocrx_word' id='word_1_392' title='bbox 3559 2175 3802 2246; x_wconf 72' lang='grc' dir='ltr'>Προσθή-</span> 
     </span>
    </p>
   </div>
   <div class='ocr_carea' id='block_1_53' title="bbox 2221 2265 3805 2339">
    <p class='ocr_par' dir='ltr' id='par_1_53' title="bbox 2221 2265 3805 2339">
     <span class='ocr_line' id='line_1_53' title="bbox 2221 2265 3805 2339; baseline 0.001 -18"><span class='ocrx_word' id='word_1_393' title='bbox 2221 2283 2304 2322; x_wconf 88' lang='grc' dir='ltr'><strong>σει</strong></span> <span class='ocrx_word' id='word_1_394' title='bbox 2333 2266 2536 2338; x_wconf 79' lang='grc' dir='ltr'>Κύριος</span> <span class='ocrx_word' id='word_1_395' title='bbox 2577 2267 2640 2320; x_wconf 81' lang='grc' dir='ltr'>ὲκ</span> <span class='ocrx_word' id='word_1_396' title='bbox 2667 2265 2920 2339; x_wconf 78' lang='grc' dir='ltr'>δευτέρου</span> <span class='ocrx_word' id='word_1_397' title='bbox 2952 2267 3050 2338; x_wconf 80' lang='grc' dir='ltr'>τὴν</span> <span class='ocrx_word' id='word_1_398' title='bbox 3083 2269 3241 2337; x_wconf 84' lang='grc' dir='ltr'>χεῖρα</span> <span class='ocrx_word' id='word_1_399' title='bbox 3289 2265 3454 2321; x_wconf 83' lang='grc' dir='ltr'>αὑτοῦ</span> <span class='ocrx_word' id='word_1_400' title='bbox 3495 2267 3805 2338; x_wconf 76' lang='grc' dir='ltr'>κτήσασθαι</span> 
     </span>
    </p>
   </div>
   <div class='ocr_carea' id='block_1_54' title="bbox 2220 2357 3804 2432">
    <p class='ocr_par' dir='ltr' id='par_1_54' title="bbox 2220 2357 3804 2432">
     <span class='ocr_line' id='line_1_54' title="bbox 2220 2357 3804 2432; baseline 0 -18"><span class='ocrx_word' id='word_1_401' title='bbox 2220 2360 2280 2414; x_wconf 79' lang='grc' dir='ltr'>τὸ</span> <span class='ocrx_word' id='word_1_402' title='bbox 2329 2360 2642 2431; x_wconf 84' lang='grc' dir='ltr'>ὑπόλειμμα</span> <span class='ocrx_word' id='word_1_403' title='bbox 2671 2358 2763 2412; x_wconf 86' lang='grc' dir='ltr'><strong>τοῦ</strong></span> <span class='ocrx_word' id='word_1_404' title='bbox 2810 2357 2940 2412; x_wconf 88' lang='grc' dir='ltr'>λαοῦ</span> <span class='ocrx_word' id='word_1_405' title='bbox 2975 2357 3160 2414; x_wconf 82' lang='grc' dir='ltr'>αὐτοῦ.</span> <span class='ocrx_word' id='word_1_406' title='bbox 3203 2379 3222 2412; x_wconf 76' lang='grc' dir='ltr'><strong>ι</strong></span> <span class='ocrx_word' id='word_1_407' title='bbox 3269 2359 3478 2431; x_wconf 84' lang='grc' dir='ltr'>’Ὠσπερ</span> <span class='ocrx_word' id='word_1_408' title='bbox 3517 2359 3628 2432; x_wconf 81' lang='grc' dir='ltr'>γὰρ</span> <span class='ocrx_word' id='word_1_409' title='bbox 3655 2359 3804 2427; x_wconf 77' lang='grc' dir='ltr'>ἅπαξ</span> 
     </span>
    </p>
   </div>
   <div class='ocr_carea' id='block_1_55' title="bbox 2221 2449 3802 2522">
    <p class='ocr_par' dir='ltr' id='par_1_55' title="bbox 2221 2449 3802 2522">
     <span class='ocr_line' id='line_1_55' title="bbox 2221 2449 3802 2522; baseline -0.001 -17"><span class='ocrx_word' id='word_1_410' title='bbox 2221 2452 2351 2506; x_wconf 81' lang='grc' dir='ltr'>ποτὲ</span> <span class='ocrx_word' id='word_1_411' title='bbox 2389 2453 2445 2504; x_wconf 83' lang='grc' dir='ltr'>ὲν</span> <span class='ocrx_word' id='word_1_412' title='bbox 2475 2450 2735 2522; x_wconf 81' lang='grc' dir='ltr'>Αἰγύπτῳ</span> <span class='ocrx_word' id='word_1_413' title='bbox 2767 2449 3238 2521; x_wconf 78' lang='grc' dir='ltr'>καταπονούμενον</span> <span class='ocrx_word' id='word_1_414' title='bbox 3257 2451 3350 2504; x_wconf 79' lang='grc' dir='ltr'>τὸν</span> <span class='ocrx_word' id='word_1_415' title='bbox 3379 2451 3485 2504; x_wconf 88' lang='grc' dir='ltr'><strong>τῶν</strong></span> <span class='ocrx_word' id='word_1_416' title='bbox 3530 2451 3802 2506; x_wconf 83' lang='grc' dir='ltr'>Ἰουδαίων</span> 
     </span>
    </p>
   </div>
   <div class='ocr_carea' id='block_1_56' title="bbox 2218 2544 3804 2616">
    <p class='ocr_par' dir='ltr' id='par_1_56' title="bbox 2218 2544 3804 2616">
     <span class='ocr_line' id='line_1_56' title="bbox 2218 2544 3804 2616; baseline 0 -18"><span class='ocrx_word' id='word_1_417' title='bbox 2218 2544 2344 2600; x_wconf 82' lang='grc' dir='ltr'>λαὸν</span> <span class='ocrx_word' id='word_1_418' title='bbox 2373 2545 2710 2616; x_wconf 75' lang='grc' dir='ltr'>ἠλευθέρωσε</span> <span class='ocrx_word' id='word_1_419' title='bbox 2727 2545 2826 2615; x_wconf 80' lang='grc' dir='ltr'>τῆς</span> <span class='ocrx_word' id='word_1_420' title='bbox 2855 2544 3172 2608; x_wconf 82' lang='grc' dir='ltr'>κακώσεως,</span> <span class='ocrx_word' id='word_1_421' title='bbox 3193 2545 3294 2614; x_wconf 86' lang='grc' dir='ltr'>τὴν</span> <span class='ocrx_word' id='word_1_422' title='bbox 3320 2548 3478 2616; x_wconf 81' lang='grc' dir='ltr'>χεῖρα</span> <span class='ocrx_word' id='word_1_423' title='bbox 3501 2545 3670 2598; x_wconf 81' lang='grc' dir='ltr'>αὑτοῦ</span> <span class='ocrx_word' id='word_1_424' title='bbox 3703 2545 3804 2616; x_wconf 75' lang='grc' dir='ltr'>τὴν</span> 
     </span>
    </p>
   </div>
   <div class='ocr_carea' id='block_1_57' title="bbox 2219 2630 3800 2711">
    <p class='ocr_par' dir='ltr' id='par_1_57' title="bbox 2219 2630 3800 2711">
     <span class='ocr_line' id='line_1_57' title="bbox 2219 2630 3800 2711; baseline -0.001 -19"><span class='ocrx_word' id='word_1_425' title='bbox 2219 2657 2294 2692; x_wconf 86' lang='grc' dir='ltr'><strong>πα</strong></span> <span class='ocrx_word' id='word_1_426' title='bbox 2303 2639 2642 2710; x_wconf 79' lang='grc' dir='ltr'>ραδοξοποιὸν</span> <span class='ocrx_word' id='word_1_427' title='bbox 2655 2641 2742 2696; x_wconf 73' lang='grc' dir='ltr'><strong>διὰ</strong></span> <span class='ocrx_word' id='word_1_428' title='bbox 2763 2639 3040 2703; x_wconf 78' lang='grc' dir='ltr'>Μωῦσέως</span> <span class='ocrx_word' id='word_1_429' title='bbox 3071 2639 3537 2711; x_wconf 79' lang='grc' dir='ltr'>προστησάμενος,</span> <span class='ocrx_word' id='word_1_430' title='bbox 3551 2638 3620 2691; x_wconf 85' lang='grc' dir='ltr'><strong>δι’</strong></span> <span class='ocrx_word' id='word_1_431' title='bbox 3639 2630 3709 2711; x_wconf 78' lang='grc' dir='ltr'>ἧς</span> <span class='ocrx_word' id='word_1_432' title='bbox 3729 2637 3800 2692; x_wconf 69' lang='grc' dir='ltr'>τὰ</span> 
     </span>
    </p>
   </div>
   <div class='ocr_carea' id='block_1_58' title="bbox 2219 2731 3798 2807">
    <p class='ocr_par' dir='ltr' id='par_1_58' title="bbox 2219 2731 3798 2807">
     <span class='ocr_line' id='line_1_58' title="bbox 2219 2731 3798 2807; baseline -0.001 -21"><span class='ocrx_word' id='word_1_433' title='bbox 2219 2732 2496 2804; x_wconf 75' lang='grc' dir='ltr'>παράδοξα</span> <span class='ocrx_word' id='word_1_434' title='bbox 2511 2731 2761 2803; x_wconf 79' lang='grc' dir='ltr'>θαύματα</span> <span class='ocrx_word' id='word_1_435' title='bbox 2773 2731 3065 2804; x_wconf 78' lang='grc' dir='ltr'>εἰργάσατο</span> <span class='ocrx_word' id='word_1_436' title='bbox 3081 2733 3174 2785; x_wconf 68' lang='grc' dir='ltr'><strong>ἐπὶ</strong></span> <span class='ocrx_word' id='word_1_437' title='bbox 3189 2733 3286 2807; x_wconf 83' lang='grc' dir='ltr'>τῆς</span> <span class='ocrx_word' id='word_1_438' title='bbox 3302 2731 3576 2801; x_wconf 76' lang='grc' dir='ltr'><strong>Αἰγύπτου</strong></span> <span class='ocrx_word' id='word_1_439' title='bbox 3595 2733 3798 2802; x_wconf 75' lang='grc' dir='ltr'>χώρας·</span> 
     </span>
    </p>
   </div>
   <div class='ocr_carea' id='block_1_59' title="bbox 2218 2822 3798 2898">
    <p class='ocr_par' dir='ltr' id='par_1_59' title="bbox 2218 2822 3798 2898">
     <span class='ocr_line' id='line_1_59' title="bbox 2218 2822 3798 2898; baseline -0.002 -20"><span class='ocrx_word' id='word_1_440' title='bbox 2218 2824 2310 2878; x_wconf 80' lang='grc' dir='ltr'>τὸν</span> <span class='ocrx_word' id='word_1_441' title='bbox 2337 2825 2498 2878; x_wconf 75' lang='grc' dir='ltr'>αὐτὸν</span> <span class='ocrx_word' id='word_1_442' title='bbox 2535 2827 2736 2894; x_wconf 78' lang='grc' dir='ltr'>τρόπον</span> <span class='ocrx_word' id='word_1_443' title='bbox 2771 2825 3068 2898; x_wconf 80' lang='grc' dir='ltr'>προσθήσει</span> <span class='ocrx_word' id='word_1_444' title='bbox 3103 2825 3262 2878; x_wconf 81' lang='grc' dir='ltr'>πάλιν</span> <span class='ocrx_word' id='word_1_445' title='bbox 3298 2823 3398 2896; x_wconf 79' lang='grc' dir='ltr'>τὴν</span> <span class='ocrx_word' id='word_1_446' title='bbox 3419 2826 3578 2896; x_wconf 76' lang='grc' dir='ltr'>χεῖρα</span> <span class='ocrx_word' id='word_1_447' title='bbox 3610 2822 3798 2888; x_wconf 83' lang='grc' dir='ltr'>αὐτοῦ,</span> 
     </span>
    </p>
   </div>
   <div class='ocr_carea' id='block_1_60' title="bbox 2219 2913 3798 2986">
    <p class='ocr_par' dir='ltr' id='par_1_60' title="bbox 2219 2913 3798 2986">
     <span class='ocr_line' id='line_1_60' title="bbox 2219 2913 3798 2986; baseline 0 -20"><span class='ocrx_word' id='word_1_448' title='bbox 2219 2913 2368 2967; x_wconf 83' lang='grc' dir='ltr'>ὥσπε</span> <span class='ocrx_word' id='word_1_449' title='bbox 2376 2931 2408 2986; x_wconf 90' lang='grc' dir='ltr'><strong>ρ</strong></span> <span class='ocrx_word' id='word_1_450' title='bbox 2422 2917 2484 2968; x_wconf 80' lang='grc' dir='ltr'>ὲκ</span> <span class='ocrx_word' id='word_1_451' title='bbox 2501 2913 2754 2986; x_wconf 86' lang='grc' dir='ltr'>δευτέρου</span> <span class='ocrx_word' id='word_1_452' title='bbox 2779 2913 2944 2968; x_wconf 84' lang='grc' dir='ltr'>κινῶν</span> <span class='ocrx_word' id='word_1_453' title='bbox 2963 2915 3133 2985; x_wconf 74' lang='grc' dir='ltr'>αὐτὴν</span> <span class='ocrx_word' id='word_1_454' title='bbox 3155 2913 3242 2968; x_wconf 79' lang='grc' dir='ltr'>διὰ</span> <span class='ocrx_word' id='word_1_455' title='bbox 3263 2913 3578 2986; x_wconf 77' lang='grc' dir='ltr'>παραδόξων</span> <span class='ocrx_word' id='word_1_456' title='bbox 3597 2913 3798 2986; x_wconf 69' lang='grc' dir='ltr'>ἔργων,</span> 
     </span>
    </p>
   </div>
   <div class='ocr_carea' id='block_1_61' title="bbox 2219 3005 3802 3078">
    <p class='ocr_par' dir='ltr' id='par_1_61' title="bbox 2219 3005 3802 3078">
     <span class='ocr_line' id='line_1_61' title="bbox 2219 3005 3802 3078; baseline 0.002 -20"><span class='ocrx_word' id='word_1_457' title='bbox 2219 3005 2358 3078; x_wconf 79' lang='grc' dir='ltr'>ὑπὲρ</span> <span class='ocrx_word' id='word_1_458' title='bbox 2383 3006 2476 3062; x_wconf 89' lang='grc' dir='ltr'><strong>τοῦ</strong></span> <span class='ocrx_word' id='word_1_459' title='bbox 2505 3005 2830 3076; x_wconf 84' lang='grc' dir='ltr'>κτήσασθαι,</span> <span class='ocrx_word' id='word_1_460' title='bbox 2851 3007 2946 3060; x_wconf 75' lang='grc' dir='ltr'>καὶ</span> <span class='ocrx_word' id='word_1_461' title='bbox 2964 3007 3204 3077; x_wconf 81' lang='grc' dir='ltr'>ζηλωτὸν</span> <span class='ocrx_word' id='word_1_462' title='bbox 3231 3007 3452 3078; x_wconf 84' lang='grc' dir='ltr'>ποιῆσαι</span> <span class='ocrx_word' id='word_1_463' title='bbox 3465 3007 3528 3061; x_wconf 73' lang='grc' dir='ltr'>τὸ</span> <span class='ocrx_word' id='word_1_464' title='bbox 3551 3007 3802 3061; x_wconf 85' lang='grc' dir='ltr'>καταλει-</span> 
     </span>
    </p>
   </div>
   <div class='ocr_carea' id='block_1_62' title="bbox 541 3088 2118 3184">
    <p class='ocr_par' dir='ltr' id='par_1_62' title="bbox 541 3088 2116 3159">
     <span class='ocr_line' id='line_1_62' title="bbox 541 3088 2116 3159; baseline -0.003 -11"><span class='ocrx_word' id='word_1_465' title='bbox 541 3092 844 3159; x_wconf 67' lang='lat' dir='ltr'><strong>Ethiopian,</strong></span> <span class='ocrx_word' id='word_1_466' title='bbox 873 3091 926 3144; x_wconf 91' lang='lat' dir='ltr'><strong>in</strong></span> <span class='ocrx_word' id='word_1_467' title='bbox 963 3089 1313 3146; x_wconf 84' lang='lat' dir='ltr'><strong>Elamitarum</strong></span> <span class='ocrx_word' id='word_1_468' title='bbox 1349 3099 1512 3154; x_wconf 86' lang='lat' dir='ltr'><strong>terra,</strong></span> <span class='ocrx_word' id='word_1_469' title='bbox 1539 3105 1604 3144; x_wconf 83' lang='lat' dir='ltr'><strong>ac</strong></span> <span class='ocrx_word' id='word_1_470' title='bbox 1637 3089 1690 3144; x_wconf 92' lang='lat' dir='ltr'><strong>in</strong></span> <span class='ocrx_word' id='word_1_471' title='bbox 1721 3089 1942 3159; x_wconf 86' lang='lat' dir='ltr'><strong>reliquis</strong></span> <span class='ocrx_word' id='word_1_472' title='bbox 1967 3088 2116 3144; x_wconf 85' lang='lat' dir='ltr'><strong>orbis</strong></span> 
     </span>
    </p>
   </div>
   <div class='ocr_carea' id='block_1_63' title="bbox 2219 3088 3796 3184">
    <p class='ocr_par' dir='ltr' id='par_1_63' title="bbox 2221 3095 3796 3172">
     <span class='ocr_line' id='line_1_63' title="bbox 2221 3095 3796 3172; baseline 0.002 -23"><span class='ocrx_word' id='word_1_473' title='bbox 2221 3095 2351 3166; x_wconf 84' lang='grc' dir='ltr'>φθὲν</span> <span class='ocrx_word' id='word_1_474' title='bbox 2383 3097 2476 3151; x_wconf 90' lang='grc' dir='ltr'><strong>τοῦ</strong></span> <span class='ocrx_word' id='word_1_475' title='bbox 2509 3097 2659 3150; x_wconf 89' lang='grc' dir='ltr'>λαοῦ.</span> <span class='ocrx_word' id='word_1_476' title='bbox 2695 3096 2818 3152; x_wconf 78' lang='grc' dir='ltr'>Εἴτε</span> <span class='ocrx_word' id='word_1_477' title='bbox 2839 3098 2950 3170; x_wconf 81' lang='grc' dir='ltr'>γὰρ</span> <span class='ocrx_word' id='word_1_478' title='bbox 2967 3099 3026 3150; x_wconf 84' lang='grc' dir='ltr'>ὲν</span> <span class='ocrx_word' id='word_1_479' title='bbox 3051 3101 3114 3169; x_wconf 83' lang='grc' dir='ltr'>τῇ</span> <span class='ocrx_word' id='word_1_480' title='bbox 3143 3098 3250 3152; x_wconf 85' lang='grc' dir='ltr'><strong>τῶν</strong></span> <span class='ocrx_word' id='word_1_481' title='bbox 3291 3099 3588 3171; x_wconf 82' lang='grc' dir='ltr'>’Δσσυρίων</span> <span class='ocrx_word' id='word_1_482' title='bbox 3623 3099 3796 3172; x_wconf 77' lang='grc' dir='ltr'>χώρᾳ,</span> 
     </span>
    </p>
   </div>
   <div class='ocr_carea' id='block_1_64' title="bbox 542 3183 2110 3257">
    <p class='ocr_par' dir='ltr' id='par_1_64' title="bbox 542 3183 2110 3257">
     <span class='ocr_line' id='line_1_64' title="bbox 542 3183 2110 3257; baseline 0.001 -17"><span class='ocrx_word' id='word_1_483' title='bbox 542 3185 788 3257; x_wconf 85' lang='lat' dir='ltr'><strong>partibus</strong></span> <span class='ocrx_word' id='word_1_484' title='bbox 811 3199 878 3240; x_wconf 84' lang='lat' dir='ltr'><strong>ex</strong></span> <span class='ocrx_word' id='word_1_485' title='bbox 923 3184 1142 3240; x_wconf 82' lang='lat' dir='ltr'><strong>Judaica</strong></span> <span class='ocrx_word' id='word_1_486' title='bbox 1175 3195 1334 3256; x_wconf 73' lang='lat' dir='ltr'><strong>gente</strong></span> <span class='ocrx_word' id='word_1_487' title='bbox 1377 3185 1598 3254; x_wconf 84' lang='lat' dir='ltr'><strong>quidam</strong></span> <span class='ocrx_word' id='word_1_488' title='bbox 1631 3183 1860 3254; x_wconf 86' lang='lat' dir='ltr'><strong>dispersi</strong></span> <span class='ocrx_word' id='word_1_489' title='bbox 1887 3194 2110 3240; x_wconf 88' lang='lat' dir='ltr'><strong>essent:</strong></span> 
     </span>
    </p>
   </div>
   <div class='ocr_carea' id='block_1_65' title="bbox 539 3275 2114 3346">
    <p class='ocr_par' dir='ltr' id='par_1_65' title="bbox 539 3275 2114 3346">
     <span class='ocr_line' id='line_1_65' title="bbox 539 3275 2114 3346; baseline -0.003 -14"><span class='ocrx_word' id='word_1_490' title='bbox 539 3295 604 3332; x_wconf 79' lang='lat' dir='ltr'><strong>ex</strong></span> <span class='ocrx_word' id='word_1_491' title='bbox 631 3293 818 3334; x_wconf 85' lang='lat' dir='ltr'><strong>eorum</strong></span> <span class='ocrx_word' id='word_1_492' title='bbox 847 3292 1076 3334; x_wconf 83' lang='lat' dir='ltr'><strong>numero</strong></span> <span class='ocrx_word' id='word_1_493' title='bbox 1099 3293 1194 3332; x_wconf 89' lang='lat' dir='ltr'><strong>eos</strong></span> <span class='ocrx_word' id='word_1_494' title='bbox 1233 3278 1322 3346; x_wconf 80' lang='lat' dir='ltr'><strong>qui</strong></span> <span class='ocrx_word' id='word_1_495' title='bbox 1357 3277 1410 3332; x_wconf 87' lang='lat' dir='ltr'><strong>in</strong></span> <span class='ocrx_word' id='word_1_496' title='bbox 1437 3275 1716 3332; x_wconf 87' lang='lat' dir='ltr'><strong>Christum</strong></span> <span class='ocrx_word' id='word_1_497' title='bbox 1741 3275 2114 3340; x_wconf 85' lang='lat' dir='ltr'><strong>crediderunt,</strong></span> 
     </span>
    </p>
   </div>
   <div class='ocr_carea' id='block_1_66' title="bbox 539 3366 2116 3438">
    <p class='ocr_par' dir='ltr' id='par_1_66' title="bbox 539 3366 2116 3438">
     <span class='ocr_line' id='line_1_66' title="bbox 539 3366 2116 3438; baseline -0.003 -14"><span class='ocrx_word' id='word_1_498' title='bbox 539 3385 604 3424; x_wconf 76' lang='lat' dir='ltr'><strong>ac</strong></span> <span class='ocrx_word' id='word_1_499' title='bbox 645 3369 938 3426; x_wconf 84' lang='lat' dir='ltr'><strong>secundum</strong></span> <span class='ocrx_word' id='word_1_500' title='bbox 991 3369 1315 3432; x_wconf 80' lang='lat' dir='ltr'><strong>electionem</strong></span> <span class='ocrx_word' id='word_1_501' title='bbox 1369 3369 1557 3438; x_wconf 74' lang='lat' dir='ltr'><strong>gratiae</strong></span> <span class='ocrx_word' id='word_1_502' title='bbox 1607 3369 1882 3426; x_wconf 89' lang='lat' dir='ltr'><strong>residuum</strong></span> <span class='ocrx_word' id='word_1_503' title='bbox 1933 3366 2116 3428; x_wconf 73' lang='lat' dir='ltr'><strong>eﬂ&#39;ecti</strong></span> 
     </span>
    </p>
   </div>
   <div class='ocr_carea' id='block_1_67' title="bbox 539 3459 2116 3532">
    <p class='ocr_par' dir='ltr' id='par_1_67' title="bbox 539 3459 2116 3532">
     <span class='ocr_line' id='line_1_67' title="bbox 539 3459 2116 3532; baseline -0.001 -14"><span class='ocrx_word' id='word_1_504' title='bbox 539 3473 687 3530; x_wconf 89' lang='lat' dir='ltr'><strong>sunt,</strong></span> <span class='ocrx_word' id='word_1_505' title='bbox 717 3461 886 3532; x_wconf 77' lang='lat' dir='ltr'><strong>gloria</strong></span> <span class='ocrx_word' id='word_1_506' title='bbox 933 3459 1248 3518; x_wconf 77' lang='lat' dir='ltr'><strong>alliciendos</strong></span> <span class='ocrx_word' id='word_1_507' title='bbox 1285 3471 1340 3518; x_wconf 88' lang='lat' dir='ltr'><strong>et</strong></span> <span class='ocrx_word' id='word_1_508' title='bbox 1367 3461 1610 3516; x_wconf 88' lang='lat' dir='ltr'><strong>studiose</strong></span> <span class='ocrx_word' id='word_1_509' title='bbox 1655 3467 1952 3516; x_wconf 82' lang='lat' dir='ltr'><strong>servandos</strong></span> <span class='ocrx_word' id='word_1_510' title='bbox 1993 3475 2116 3516; x_wconf 82' lang='lat' dir='ltr'><strong>esse</strong></span> 
     </span>
    </p>
   </div>
   <div class='ocr_carea' id='block_1_68' title="bbox 538 3552 2114 3622">
    <p class='ocr_par' dir='ltr' id='par_1_68' title="bbox 538 3552 2114 3622">
     <span class='ocr_line' id='line_1_68' title="bbox 538 3552 2114 3622; baseline -0.001 -12"><span class='ocrx_word' id='word_1_511' title='bbox 538 3555 742 3610; x_wconf 84' lang='lat' dir='ltr'><strong>dictum</strong></span> <span class='ocrx_word' id='word_1_512' title='bbox 785 3561 891 3610; x_wconf 86' lang='lat' dir='ltr'><strong>est.</strong></span> <span class='ocrx_word' id='word_1_513' title='bbox 937 3552 1092 3620; x_wconf 81' lang='lat' dir='ltr'><strong>Quod</strong></span> <span class='ocrx_word' id='word_1_514' title='bbox 1137 3567 1267 3608; x_wconf 85' lang='lat' dir='ltr'><strong>sane</strong></span> <span class='ocrx_word' id='word_1_515' title='bbox 1309 3553 1440 3622; x_wconf 72' lang='lat' dir='ltr'><strong>ipsis</strong></span> <span class='ocrx_word' id='word_1_516' title='bbox 1481 3553 1736 3622; x_wconf 82' lang='lat' dir='ltr'><strong>operibus</strong></span> <span class='ocrx_word' id='word_1_517' title='bbox 1782 3552 2114 3608; x_wconf 83' lang='lat' dir='ltr'><strong>declaratum</strong></span> 
     </span>
    </p>
   </div>
   <div class='ocr_carea' id='block_1_69' title="bbox 537 3644 2113 3716">
    <p class='ocr_par' dir='ltr' id='par_1_69' title="bbox 537 3644 2113 3716">
     <span class='ocr_line' id='line_1_69' title="bbox 537 3644 2113 3716; baseline 0.001 -15"><span class='ocrx_word' id='word_1_518' title='bbox 537 3655 660 3702; x_wconf 83' lang='lat' dir='ltr'><strong>est:</strong></span> <span class='ocrx_word' id='word_1_519' title='bbox 692 3661 818 3700; x_wconf 89' lang='lat' dir='ltr'><strong>nam</strong></span> <span class='ocrx_word' id='word_1_520' title='bbox 851 3660 946 3715; x_wconf 83' lang='lat' dir='ltr'><strong>per</strong></span> <span class='ocrx_word' id='word_1_521' title='bbox 973 3645 1268 3714; x_wconf 80' lang='lat' dir='ltr'><strong>discipulos</strong></span> <span class='ocrx_word' id='word_1_522' title='bbox 1305 3654 1359 3700; x_wconf 91' lang='lat' dir='ltr'><strong>et</strong></span> <span class='ocrx_word' id='word_1_523' title='bbox 1393 3644 1665 3714; x_wconf 87' lang='lat' dir='ltr'><strong>apostolos</strong></span> <span class='ocrx_word' id='word_1_524' title='bbox 1699 3645 1888 3714; x_wconf 82' lang='lat' dir='ltr'><strong>ipsius,</strong></span> <span class='ocrx_word' id='word_1_525' title='bbox 1923 3661 1987 3702; x_wconf 89' lang='lat' dir='ltr'><strong>ac</strong></span> <span class='ocrx_word' id='word_1_526' title='bbox 2017 3661 2113 3716; x_wconf 88' lang='lat' dir='ltr'><strong>per</strong></span> 
     </span>
    </p>
   </div>
   <div class='ocr_carea' id='block_1_70' title="bbox 538 3737 2114 3808">
    <p class='ocr_par' dir='ltr' id='par_1_70' title="bbox 538 3737 2114 3808">
     <span class='ocr_line' id='line_1_70' title="bbox 538 3737 2114 3808; baseline -0.001 -14"><span class='ocrx_word' id='word_1_527' title='bbox 538 3739 678 3796; x_wconf 78' lang='lat' dir='ltr'><strong>alios</strong></span> <span class='ocrx_word' id='word_1_528' title='bbox 707 3753 776 3794; x_wconf 74' lang='lat' dir='ltr'><strong>ex</strong></span> <span class='ocrx_word' id='word_1_529' title='bbox 818 3737 1038 3802; x_wconf 64' lang='lat' dir='ltr'><strong>ludatis,</strong></span> <span class='ocrx_word' id='word_1_530' title='bbox 1083 3737 1174 3808; x_wconf 87' lang='lat' dir='ltr'><strong>qui</strong></span> <span class='ocrx_word' id='word_1_531' title='bbox 1213 3738 1412 3792; x_wconf 85' lang='lat' dir='ltr'><strong>Christi</strong></span> <span class='ocrx_word' id='word_1_532' title='bbox 1461 3738 1680 3794; x_wconf 85' lang='lat' dir='ltr'><strong>verbum</strong></span> <span class='ocrx_word' id='word_1_533' title='bbox 1727 3749 2114 3807; x_wconf 88' lang='lat' dir='ltr'><strong>susceperunt,</strong></span> 
     </span>
    </p>
   </div>
   <div class='ocr_carea' id='block_1_71' title="bbox 540 3829 2114 3902">
    <p class='ocr_par' dir='ltr' id='par_1_71' title="bbox 540 3829 2114 3902">
     <span class='ocr_line' id='line_1_71' title="bbox 540 3829 2114 3902; baseline -0.001 -14"><span class='ocrx_word' id='word_1_534' title='bbox 540 3832 784 3888; x_wconf 73' lang='lat' dir='ltr'><strong>Ecclesia</strong></span> <span class='ocrx_word' id='word_1_535' title='bbox 822 3829 914 3888; x_wconf 89' lang='lat' dir='ltr'><strong>Dei</strong></span> <span class='ocrx_word' id='word_1_536' title='bbox 955 3832 1250 3887; x_wconf 84' lang='lat' dir='ltr'><strong>constituta</strong></span> <span class='ocrx_word' id='word_1_537' title='bbox 1291 3841 1413 3888; x_wconf 84' lang='lat' dir='ltr'><strong>est:</strong></span> <span class='ocrx_word' id='word_1_538' title='bbox 1446 3848 1544 3902; x_wconf 88' lang='lat' dir='ltr'><strong>per</strong></span> <span class='ocrx_word' id='word_1_539' title='bbox 1571 3847 1665 3888; x_wconf 88' lang='lat' dir='ltr'><strong>eos</strong></span> <span class='ocrx_word' id='word_1_540' title='bbox 1696 3831 1826 3892; x_wconf 88' lang='lat' dir='ltr'><strong>item</strong></span> <span class='ocrx_word' id='word_1_541' title='bbox 1873 3829 2114 3888; x_wconf 82' lang='lat' dir='ltr'><strong>Ecclesia</strong></span> 
     </span>
    </p>
   </div>
   <div class='ocr_carea' id='block_1_72' title="bbox 541 3925 2117 3994">
    <p class='ocr_par' dir='ltr' id='par_1_72' title="bbox 541 3925 2117 3994">
     <span class='ocr_line' id='line_1_72' title="bbox 541 3925 2117 3994; baseline -0.003 -12"><span class='ocrx_word' id='word_1_542' title='bbox 541 3927 780 3994; x_wconf 74' lang='lat' dir='ltr'><strong>gentium</strong></span> <span class='ocrx_word' id='word_1_543' title='bbox 811 3925 1054 3984; x_wconf 88' lang='lat' dir='ltr'><strong>omnium</strong></span> <span class='ocrx_word' id='word_1_544' title='bbox 1101 3925 1336 3988; x_wconf 85' lang='lat' dir='ltr'><strong>coaluit,</strong></span> <span class='ocrx_word' id='word_1_545' title='bbox 1383 3941 1447 3980; x_wconf 86' lang='lat' dir='ltr'><strong>ac</strong></span> <span class='ocrx_word' id='word_1_546' title='bbox 1489 3925 1756 3980; x_wconf 85' lang='lat' dir='ltr'><strong>universis</strong></span> <span class='ocrx_word' id='word_1_547' title='bbox 1804 3925 2117 3982; x_wconf 84' lang='lat' dir='ltr'><strong>nationibus</strong></span> 
     </span>
    </p>
   </div>
   <div class='ocr_carea' id='block_1_73' title="bbox 542 4016 2114 4088">
    <p class='ocr_par' dir='ltr' id='par_1_73' title="bbox 542 4016 2114 4088">
     <span class='ocr_line' id='line_1_73' title="bbox 542 4016 2114 4088; baseline 0 -18"><span class='ocrx_word' id='word_1_548' title='bbox 542 4017 894 4087; x_wconf 75' lang='lat' dir='ltr'><strong>Evangeiium</strong></span> <span class='ocrx_word' id='word_1_549' title='bbox 940 4017 1202 4072; x_wconf 89' lang='lat' dir='ltr'><strong>traditum</strong></span> <span class='ocrx_word' id='word_1_550' title='bbox 1249 4025 1334 4070; x_wconf 83' lang='lat' dir='ltr'><strong>est</strong></span> <span class='ocrx_word' id='word_1_551' title='bbox 1371 4033 1384 4070; x_wconf 91' lang='lat'><strong>:</strong></span> <span class='ocrx_word' id='word_1_552' title='bbox 1434 4017 1544 4072; x_wconf 90' lang='lat' dir='ltr'><strong>Deo</strong></span> <span class='ocrx_word' id='word_1_553' title='bbox 1587 4016 1780 4086; x_wconf 72' lang='lat' dir='ltr'><strong>signis,</strong></span> <span class='ocrx_word' id='word_1_554' title='bbox 1831 4018 2114 4088; x_wconf 84' lang='lat' dir='ltr'><strong>prodigiis,</strong></span> 
     </span>
    </p>
   </div>
   <div class='ocr_carea' id='block_1_74' title="bbox 541 4107 2115 4178">
    <p class='ocr_par' dir='ltr' id='par_1_74' title="bbox 541 4107 2115 4178">
     <span class='ocr_line' id='line_1_74' title="bbox 541 4107 2115 4178; baseline 0.003 -18"><span class='ocrx_word' id='word_1_555' title='bbox 541 4108 816 4178; x_wconf 76' lang='lat' dir='ltr'><strong>variisque</strong></span> <span class='ocrx_word' id='word_1_556' title='bbox 858 4108 1148 4164; x_wconf 87' lang='lat' dir='ltr'><strong>virtutibus</strong></span> <span class='ocrx_word' id='word_1_557' title='bbox 1177 4123 1240 4162; x_wconf 86' lang='lat' dir='ltr'><strong>ac</strong></span> <span class='ocrx_word' id='word_1_558' title='bbox 1287 4107 1490 4176; x_wconf 78' lang='lat' dir='ltr'><strong>Spiritu</strong></span> <span class='ocrx_word' id='word_1_559' title='bbox 1533 4117 1722 4164; x_wconf 86' lang='lat' dir='ltr'><strong>saneto</strong></span> <span class='ocrx_word' id='word_1_560' title='bbox 1768 4123 1866 4176; x_wconf 84' lang='lat' dir='ltr'><strong>per</strong></span> <span class='ocrx_word' id='word_1_561' title='bbox 1909 4109 2115 4178; x_wconf 71' lang='lat' dir='ltr'><strong>gratia-</strong></span> 
     </span>
    </p>
   </div>
   <div class='ocr_carea' id='block_1_75' title="bbox 538 4199 2116 4266">
    <p class='ocr_par' dir='ltr' id='par_1_75' title="bbox 538 4199 2116 4266">
     <span class='ocr_line' id='line_1_75' title="bbox 538 4199 2116 4266; baseline 0.002 -11"><span class='ocrx_word' id='word_1_562' title='bbox 538 4217 658 4255; x_wconf 86' lang='lat' dir='ltr'><strong>rum</strong></span> <span class='ocrx_word' id='word_1_563' title='bbox 709 4201 1002 4266; x_wconf 72' lang='lat' dir='ltr'><strong>divisiones</strong></span> <span class='ocrx_word' id='word_1_564' title='bbox 1053 4199 1424 4258; x_wconf 84' lang='lat' dir='ltr'><strong>testimonium</strong></span> <span class='ocrx_word' id='word_1_565' title='bbox 1480 4215 1638 4256; x_wconf 88' lang='lat' dir='ltr'><strong>suum</strong></span> <span class='ocrx_word' id='word_1_566' title='bbox 1711 4202 1964 4258; x_wconf 82' lang='lat' dir='ltr'><strong>addente.</strong></span> <span class='ocrx_word' id='word_1_567' title='bbox 2009 4199 2116 4258; x_wconf 76' lang='lat' dir='ltr'><strong>Eos</strong></span> 
     </span>
    </p>
   </div>
   <div class='ocr_carea' id='block_1_76' title="bbox 539 4292 2112 4364">
    <p class='ocr_par' dir='ltr' id='par_1_76' title="bbox 539 4292 2112 4364">
     <span class='ocr_line' id='line_1_76' title="bbox 539 4292 2112 4364; baseline -0.003 -15"><span class='ocrx_word' id='word_1_568' title='bbox 539 4303 719 4351; x_wconf 87' lang='lat' dir='ltr'><strong>autem</strong></span> <span class='ocrx_word' id='word_1_569' title='bbox 754 4294 846 4364; x_wconf 89' lang='lat' dir='ltr'><strong>qui</strong></span> <span class='ocrx_word' id='word_1_570' title='bbox 900 4295 1122 4350; x_wconf 88' lang='lat' dir='ltr'><strong>verbum</strong></span> <span class='ocrx_word' id='word_1_571' title='bbox 1171 4293 1238 4346; x_wconf 85' lang='lat' dir='ltr'><strong>ab</strong></span> <span class='ocrx_word' id='word_1_572' title='bbox 1273 4292 1379 4348; x_wconf 81' lang='lat' dir='ltr'><strong>illis</strong></span> <span class='ocrx_word' id='word_1_573' title='bbox 1433 4293 1781 4362; x_wconf 65' lang='lat' dir='ltr'><strong>praedicatum</strong></span> <span class='ocrx_word' id='word_1_574' title='bbox 1829 4307 2112 4360; x_wconf 88' lang='lat' dir='ltr'><strong>accepere,</strong></span> 
     </span>
    </p>
   </div>
   <div class='ocr_carea' id='block_1_77' title="bbox 541 4383 2116 4454">
    <p class='ocr_par' dir='ltr' id='par_1_77' title="bbox 541 4383 2116 4454">
     <span class='ocr_line' id='line_1_77' title="bbox 541 4383 2116 4454; baseline -0.003 -12"><span class='ocrx_word' id='word_1_575' title='bbox 541 4387 644 4444; x_wconf 86' lang='lat' dir='ltr'><strong>sub</strong></span> <span class='ocrx_word' id='word_1_576' title='bbox 685 4387 851 4444; x_wconf 86' lang='lat' dir='ltr'><strong>tutela</strong></span> <span class='ocrx_word' id='word_1_577' title='bbox 899 4403 996 4441; x_wconf 87' lang='lat' dir='ltr'><strong>sua</strong></span> <span class='ocrx_word' id='word_1_578' title='bbox 1053 4385 1193 4442; x_wconf 89' lang='lat' dir='ltr'><strong>Deus</strong></span> <span class='ocrx_word' id='word_1_579' title='bbox 1239 4387 1481 4442; x_wconf 83' lang='lat' dir='ltr'><strong>studiose</strong></span> <span class='ocrx_word' id='word_1_580' title='bbox 1525 4384 1702 4452; x_wconf 83' lang='lat' dir='ltr'><strong>fovet,</strong></span> <span class='ocrx_word' id='word_1_581' title='bbox 1745 4395 1801 4441; x_wconf 87' lang='lat' dir='ltr'><strong>et</strong></span> <span class='ocrx_word' id='word_1_582' title='bbox 1849 4383 2116 4454; x_wconf 77' lang='lat' dir='ltr'><strong>gloriosos</strong></span> 
     </span>
    </p>
   </div>
   <div class='ocr_carea' id='block_1_78' title="bbox 539 4481 1115 4552">
    <p class='ocr_par' dir='ltr' id='par_1_78' title="bbox 539 4481 1115 4552">
     <span class='ocr_line' id='line_1_78' title="bbox 539 4481 1115 4552; baseline -0.007 -16"><span class='ocrx_word' id='word_1_583' title='bbox 539 4483 682 4552; x_wconf 82' lang='lat' dir='ltr'><strong>apud</strong></span> <span class='ocrx_word' id='word_1_584' title='bbox 717 4497 905 4538; x_wconf 83' lang='lat' dir='ltr'><strong>omnes</strong></span> <span class='ocrx_word' id='word_1_585' title='bbox 936 4481 1115 4536; x_wconf 74' lang='lat' dir='ltr'><strong>cilicii.</strong></span> 
     </span>
    </p>
   </div>
   <div class='ocr_carea' id='block_1_79' title="bbox 573 4655 2118 4734">
    <p class='ocr_par' dir='ltr' id='par_1_79' title="bbox 573 4655 2118 4734">
     <span class='ocr_line' id='line_1_79' title="bbox 573 4655 2118 4734; baseline -0.001 -16"><span class='ocrx_word' id='word_1_586' title='bbox 573 4655 578 4660; x_wconf 65' lang='grc'><em>’</em></span> <span class='ocrx_word' id='word_1_587' title='bbox 614 4665 776 4721; x_wconf 72' lang='lat' dir='ltr'><strong>\‘Ens.</strong></span> <span class='ocrx_word' id='word_1_588' title='bbox 805 4663 890 4720; x_wconf 78' lang='grc'><strong>12.</strong></span> <span class='ocrx_word' id='word_1_589' title='bbox 936 4683 956 4716; x_wconf 80' lang='grc' dir='ltr'><strong>ι</strong></span> <span class='ocrx_word' id='word_1_590' title='bbox 987 4663 1053 4718; x_wconf 83' lang='lat' dir='ltr'><strong>Et</strong></span> <span class='ocrx_word' id='word_1_591' title='bbox 1083 4663 1281 4718; x_wconf 82' lang='lat' dir='ltr'><strong>levabit</strong></span> <span class='ocrx_word' id='word_1_592' title='bbox 1321 4663 1534 4734; x_wconf 79' lang='lat' dir='ltr'><strong>signum</strong></span> <span class='ocrx_word' id='word_1_593' title='bbox 1568 4663 1621 4718; x_wconf 89' lang='lat' dir='ltr'><strong>in</strong></span> <span class='ocrx_word' id='word_1_594' title='bbox 1661 4671 1872 4732; x_wconf 72' lang='lat' dir='ltr'><strong>gentes,</strong></span> <span class='ocrx_word' id='word_1_595' title='bbox 1901 4671 1957 4717; x_wconf 90' lang='lat' dir='ltr'><strong>et</strong></span> <span class='ocrx_word' id='word_1_596' title='bbox 1985 4675 2118 4718; x_wconf 85' lang='lat' dir='ltr'><strong>con-</strong></span> 
     </span>
    </p>
   </div>
   <div class='ocr_carea' id='block_1_80' title="bbox 537 4754 2115 4829">
    <p class='ocr_par' dir='ltr' id='par_1_80' title="bbox 537 4754 2115 4829">
     <span class='ocr_line' id='line_1_80' title="bbox 537 4754 2115 4829; baseline -0.004 -15"><span class='ocrx_word' id='word_1_597' title='bbox 537 4761 784 4829; x_wconf 70' lang='lat' dir='ltr'><strong>gregabit</strong></span> <span class='ocrx_word' id='word_1_598' title='bbox 825 4757 1064 4829; x_wconf 83' lang='lat' dir='ltr'><strong>perditos</strong></span> <span class='ocrx_word' id='word_1_599' title='bbox 1095 4755 1279 4821; x_wconf 87' lang='lat' dir='ltr'><strong>Israel,</strong></span> <span class='ocrx_word' id='word_1_600' title='bbox 1311 4765 1366 4811; x_wconf 81' lang='lat' dir='ltr'><strong>et</strong></span> <span class='ocrx_word' id='word_1_601' title='bbox 1397 4757 1671 4826; x_wconf 88' lang='lat' dir='ltr'><strong>dispersos</strong></span> <span class='ocrx_word' id='word_1_602' title='bbox 1717 4754 1853 4811; x_wconf 79' lang='lat' dir='ltr'><strong>Juda</strong></span> <span class='ocrx_word' id='word_1_603' title='bbox 1887 4769 2115 4822; x_wconf 72' lang='lat' dir='ltr'><strong>emigre-</strong></span> 
     </span>
    </p>
   </div>
   <div class='ocr_carea' id='block_1_81' title="bbox 535 4847 2114 4924">
    <p class='ocr_par' dir='ltr' id='par_1_81' title="bbox 535 4847 2114 4924">
     <span class='ocr_line' id='line_1_81' title="bbox 535 4847 2114 4924; baseline -0.004 -16"><span class='ocrx_word' id='word_1_604' title='bbox 535 4853 682 4924; x_wconf 77' lang='lat' dir='ltr'><strong>gabit</strong></span> <span class='ocrx_word' id='word_1_605' title='bbox 724 4867 792 4907; x_wconf 78' lang='lat' dir='ltr'><strong>ex</strong></span> <span class='ocrx_word' id='word_1_606' title='bbox 839 4861 1072 4922; x_wconf 68' lang='lat' dir='ltr'><strong>quinuor</strong></span> <span class='ocrx_word' id='word_1_607' title='bbox 1117 4851 1219 4904; x_wconf 86' lang='lat' dir='ltr'><strong>alis</strong></span> <span class='ocrx_word' id='word_1_608' title='bbox 1271 4857 1450 4904; x_wconf 81' lang='lat' dir='ltr'><strong>teme.</strong></span> <span class='ocrx_word' id='word_1_609' title='bbox 1495 4848 1561 4904; x_wconf 82' lang='lat' dir='ltr'><strong>Et</strong></span> <span class='ocrx_word' id='word_1_610' title='bbox 1625 4847 1898 4903; x_wconf 76' lang='lat' dir='ltr'><strong>auferetur</strong></span> <span class='ocrx_word' id='word_1_611' title='bbox 1961 4847 2114 4904; x_wconf 83' lang='lat' dir='ltr'><strong>zelus</strong></span> 
     </span>
    </p>
   </div>
   <div class='ocr_carea' id='block_1_82' title="bbox 536 4940 2112 5018">
    <p class='ocr_par' dir='ltr' id='par_1_82' title="bbox 536 4940 2112 5018">
     <span class='ocr_line' id='line_1_82' title="bbox 536 4940 2112 5018; baseline -0.005 -15"><span class='ocrx_word' id='word_1_612' title='bbox 536 4947 834 5018; x_wconf 82' lang='lat' dir='ltr'><strong>Ephraim,</strong></span> <span class='ocrx_word' id='word_1_613' title='bbox 899 4953 954 5000; x_wconf 89' lang='lat' dir='ltr'><strong>et</strong></span> <span class='ocrx_word' id='word_1_614' title='bbox 1021 4944 1224 5000; x_wconf 83' lang='lat' dir='ltr'><strong>inimici</strong></span> <span class='ocrx_word' id='word_1_615' title='bbox 1301 4941 1438 4998; x_wconf 79' lang='lat' dir='ltr'><strong>Juda</strong></span> <span class='ocrx_word' id='word_1_616' title='bbox 1517 4940 1790 5011; x_wconf 88' lang='lat' dir='ltr'><strong>peribunt.</strong></span> <span class='ocrx_word' id='word_1_617' title='bbox 1855 4940 2112 5009; x_wconf 82' lang='lat' dir='ltr'><strong>Ephraim</strong></span> 
     </span>
    </p>
   </div>
   <div class='ocr_carea' id='block_1_83' title="bbox 536 5033 2116 5099">
    <p class='ocr_par' dir='ltr' id='par_1_83' title="bbox 536 5033 2116 5099">
     <span class='ocr_line' id='line_1_83' title="bbox 536 5033 2116 5099; baseline -0.005 -5"><span class='ocrx_word' id='word_1_618' title='bbox 536 5057 640 5094; x_wconf 90' lang='lat' dir='ltr'><strong>non</strong></span> <span class='ocrx_word' id='word_1_619' title='bbox 687 5037 1026 5096; x_wconf 62' lang='lat' dir='ltr'><strong>amulabitur</strong></span> <span class='ocrx_word' id='word_1_620' title='bbox 1069 5035 1298 5099; x_wconf 74' lang='lat' dir='ltr'><strong>ludam,</strong></span> <span class='ocrx_word' id='word_1_621' title='bbox 1346 5045 1402 5091; x_wconf 86' lang='lat' dir='ltr'><strong>et</strong></span> <span class='ocrx_word' id='word_1_622' title='bbox 1450 5033 1620 5090; x_wconf 75' lang='lat' dir='ltr'><strong>ludas</strong></span> <span class='ocrx_word' id='word_1_623' title='bbox 1675 5049 1782 5088; x_wconf 89' lang='lat' dir='ltr'><strong>non</strong></span> <span class='ocrx_word' id='word_1_624' title='bbox 1833 5033 2116 5087; x_wconf 86' lang='lat' dir='ltr'><strong>tribulabit</strong></span> 
     </span>
    </p>
   </div>
   <div class='ocr_carea' id='block_1_84' title="bbox 535 5125 2114 5202">
    <p class='ocr_par' dir='ltr' id='par_1_84' title="bbox 535 5125 2114 5202">
     <span class='ocr_line' id='line_1_84' title="bbox 535 5125 2114 5202; baseline -0.007 -14"><span class='ocrx_word' id='word_1_625' title='bbox 535 5131 856 5202; x_wconf 55' lang='lat' dir='ltr'><strong>Ephraim.’</strong></span> <span class='ocrx_word' id='word_1_626' title='bbox 901 5129 1037 5185; x_wconf 85' lang='lat' dir='ltr'><strong>Nam</strong></span> <span class='ocrx_word' id='word_1_627' title='bbox 1086 5128 1284 5184; x_wconf 87' lang='lat' dir='ltr'><strong>Christi</strong></span> <span class='ocrx_word' id='word_1_628' title='bbox 1339 5126 1588 5198; x_wconf 88' lang='lat' dir='ltr'><strong>discipuli</strong></span> <span class='ocrx_word' id='word_1_629' title='bbox 1642 5125 1708 5182; x_wconf 88' lang='lat' dir='ltr'><strong>iis</strong></span> <span class='ocrx_word' id='word_1_630' title='bbox 1743 5125 1836 5195; x_wconf 90' lang='lat' dir='ltr'><strong>qui</strong></span> <span class='ocrx_word' id='word_1_631' title='bbox 1881 5139 1950 5180; x_wconf 78' lang='lat' dir='ltr'><strong>ex</strong></span> <span class='ocrx_word' id='word_1_632' title='bbox 2001 5125 2114 5179; x_wconf 89' lang='lat' dir='ltr'><strong>cir—</strong></span> 
     </span>
    </p>
   </div>
   <div class='ocr_carea' id='block_1_85' title="bbox 531 5218 2110 5292">
    <p class='ocr_par' dir='ltr' id='par_1_85' title="bbox 531 5218 2110 5292">
     <span class='ocr_line' id='line_1_85' title="bbox 531 5218 2110 5292; baseline -0.006 -11"><span class='ocrx_word' id='word_1_633' title='bbox 531 5224 868 5281; x_wconf 84' lang='lat' dir='ltr'><strong>cumcisione</strong></span> <span class='ocrx_word' id='word_1_634' title='bbox 907 5230 1086 5286; x_wconf 87' lang='lat' dir='ltr'><strong>erant,</strong></span> <span class='ocrx_word' id='word_1_635' title='bbox 1117 5222 1291 5292; x_wconf 84' lang='lat' dir='ltr'><strong>primo</strong></span> <span class='ocrx_word' id='word_1_636' title='bbox 1321 5219 1700 5290; x_wconf 69' lang='lat' dir='ltr'><strong>praedicantes,</strong></span> <span class='ocrx_word' id='word_1_637' title='bbox 1731 5233 1796 5272; x_wconf 79' lang='lat' dir='ltr'><strong>ex</strong></span> <span class='ocrx_word' id='word_1_638' title='bbox 1833 5218 1967 5288; x_wconf 89' lang='lat' dir='ltr'><strong>ipsis</strong></span> <span class='ocrx_word' id='word_1_639' title='bbox 1998 5231 2110 5282; x_wconf 87' lang='lat' dir='ltr'><strong>eos,</strong></span> 
     </span>
    </p>
   </div>
   <div class='ocr_carea' id='block_1_86' title="bbox 533 5308 2108 5389">
    <p class='ocr_par' dir='ltr' id='par_1_86' title="bbox 533 5308 2108 5389">
     <span class='ocr_line' id='line_1_86' title="bbox 533 5308 2108 5389; baseline -0.004 -17"><span class='ocrx_word' id='word_1_640' title='bbox 533 5319 624 5389; x_wconf 88' lang='lat' dir='ltr'><strong>qui</strong></span> <span class='ocrx_word' id='word_1_641' title='bbox 661 5317 1031 5382; x_wconf 87' lang='lat' dir='ltr'><strong>crediderunt,</strong></span> <span class='ocrx_word' id='word_1_642' title='bbox 1065 5322 1465 5384; x_wconf 80' lang='lat' dir='ltr'><strong>congregarunt</strong></span> <span class='ocrx_word' id='word_1_643' title='bbox 1493 5312 1547 5366; x_wconf 89' lang='lat' dir='ltr'><strong>in</strong></span> <span class='ocrx_word' id='word_1_644' title='bbox 1583 5310 1822 5366; x_wconf 85' lang='lat' dir='ltr'><strong>Ecclesia</strong></span> <span class='ocrx_word' id='word_1_645' title='bbox 1859 5308 2060 5364; x_wconf 89' lang='lat' dir='ltr'><strong>Christi</strong></span> <span class='ocrx_word' id='word_1_646' title='bbox 2095 5329 2108 5365; x_wconf 90' lang='lat'><strong>:</strong></span> 
     </span>
    </p>
   </div>
   <div class='ocr_carea' id='block_1_87' title="bbox 533 5399 2115 5482">
    <p class='ocr_par' dir='ltr' id='par_1_87' title="bbox 533 5399 2115 5482">
     <span class='ocr_line' id='line_1_87' title="bbox 533 5399 2115 5482; baseline -0.004 -19"><span class='ocrx_word' id='word_1_647' title='bbox 533 5410 625 5482; x_wconf 89' lang='lat' dir='ltr'><strong>qni</strong></span> <span class='ocrx_word' id='word_1_648' title='bbox 672 5423 808 5466; x_wconf 85' lang='lat' dir='ltr'><strong>sane</strong></span> <span class='ocrx_word' id='word_1_649' title='bbox 837 5406 967 5464; x_wconf 86' lang='lat' dir='ltr'><strong>olim</strong></span> <span class='ocrx_word' id='word_1_650' title='bbox 1001 5407 1295 5476; x_wconf 87' lang='lat' dir='ltr'><strong>perierant,</strong></span> <span class='ocrx_word' id='word_1_651' title='bbox 1341 5412 1402 5458; x_wconf 94' lang='lat' dir='ltr'><strong>ut</strong></span> <span class='ocrx_word' id='word_1_652' title='bbox 1451 5403 1711 5460; x_wconf 81' lang='lat' dir='ltr'><strong>Servatur</strong></span> <span class='ocrx_word' id='word_1_653' title='bbox 1743 5400 1982 5456; x_wconf 85' lang='lat' dir='ltr'><strong>declarat</strong></span> <span class='ocrx_word' id='word_1_654' title='bbox 2027 5399 2115 5456; x_wconf 90' lang='lat' dir='ltr'><strong>his</strong></span> 
     </span>
    </p>
   </div>
   <div class='ocr_carea' id='block_1_88' title="bbox 535 5493 2111 5570">
    <p class='ocr_par' dir='ltr' id='par_1_88' title="bbox 535 5493 2111 5570">
     <span class='ocr_line' id='line_1_88' title="bbox 535 5493 2111 5570; baseline -0.008 -14"><span class='ocrx_word' id='word_1_655' title='bbox 535 5503 733 5570; x_wconf 74' lang='lat' dir='ltr'><strong>verbis,</strong></span> <span class='ocrx_word' id='word_1_656' title='bbox 766 5521 786 5556; x_wconf 84' lang='grc' dir='ltr'><strong>ι</strong></span> <span class='ocrx_word' id='word_1_657' title='bbox 815 5499 896 5559; x_wconf 89' lang='lat' dir='ltr'><strong>lte</strong></span> <span class='ocrx_word' id='word_1_658' title='bbox 918 5501 983 5557; x_wconf 86' lang='lat' dir='ltr'><strong>ad</strong></span> <span class='ocrx_word' id='word_1_659' title='bbox 1009 5513 1160 5566; x_wconf 78' lang='lat' dir='ltr'><strong>oves,</strong></span> <span class='ocrx_word' id='word_1_660' title='bbox 1187 5513 1308 5570; x_wconf 66' lang='lat' dir='ltr'><strong>qua:</strong></span> <span class='ocrx_word' id='word_1_661' title='bbox 1327 5496 1604 5568; x_wconf 86' lang='lat' dir='ltr'><strong>perierunt</strong></span> <span class='ocrx_word' id='word_1_662' title='bbox 1627 5493 2074 5550; x_wconf 81' lang='lat' dir='ltr'><strong>domuslsracl&quot;.</strong></span> <span class='ocrx_word' id='word_1_663' title='bbox 2091 5510 2111 5544; x_wconf 74' lang='grc' dir='ltr'><strong>ι</strong></span> 
     </span>
    </p>
   </div>
   <div class='ocr_carea' id='block_1_89' title="bbox 533 5584 2116 5668">
    <p class='ocr_par' dir='ltr' id='par_1_89' title="bbox 533 5584 2116 5668">
     <span class='ocr_line' id='line_1_89' title="bbox 533 5584 2116 5668; baseline -0.007 -16"><span class='ocrx_word' id='word_1_664' title='bbox 533 5595 662 5653; x_wconf 67' lang='lat' dir='ltr'><strong>Date</strong></span> <span class='ocrx_word' id='word_1_665' title='bbox 718 5609 879 5668; x_wconf 87' lang='lat' dir='ltr'><strong>porro</strong></span> <span class='ocrx_word' id='word_1_666' title='bbox 927 5593 1180 5650; x_wconf 80' lang='lat' dir='ltr'><strong>fecerunt</strong></span> <span class='ocrx_word' id='word_1_667' title='bbox 1231 5591 1288 5649; x_wconf 87' lang='lat' dir='ltr'><strong>in</strong></span> <span class='ocrx_word' id='word_1_668' title='bbox 1347 5597 1586 5663; x_wconf 89' lang='lat' dir='ltr'><strong>quatuor</strong></span> <span class='ocrx_word' id='word_1_669' title='bbox 1637 5585 1738 5644; x_wconf 81' lang='lat' dir='ltr'><strong>aiis</strong></span> <span class='ocrx_word' id='word_1_670' title='bbox 1775 5585 1892 5644; x_wconf 80' lang='lat' dir='ltr'><strong>sive</strong></span> <span class='ocrx_word' id='word_1_671' title='bbox 1941 5584 2116 5658; x_wconf 75' lang='lat' dir='ltr'><strong>plagis</strong></span> 
     </span>
    </p>
   </div>
   <div class='ocr_carea' id='block_1_90' title="bbox 603 5775 1048 5842">
    <p class='ocr_par' dir='ltr' id='par_1_90' title="bbox 603 5775 1048 5842">
     <span class='ocr_line' id='line_1_90' title="bbox 603 5775 1048 5842; baseline -0.011 -9"><span class='ocrx_word' id='word_1_672' title='bbox 603 5777 650 5812; x_wconf 70' lang='grc' dir='ltr'><strong>τ’</strong></span> <span class='ocrx_word' id='word_1_673' title='bbox 693 5777 878 5832; x_wconf 74' lang='lat' dir='ltr'><strong>Matth.</strong></span> <span class='ocrx_word' id='word_1_674' title='bbox 910 5791 967 5842; x_wconf 68' lang='grc' dir='ltr'><strong>τ,</strong></span> <span class='ocrx_word' id='word_1_675' title='bbox 995 5775 1048 5828; x_wconf 78' lang='lat'><strong>6.</strong></span> 
     </span>
    </p>
   </div>
   <div class='ocr_carea' id='block_1_91' title="bbox 2219 3189 3798 3264">
    <p class='ocr_par' dir='ltr' id='par_1_91' title="bbox 2219 3189 3798 3264">
     <span class='ocr_line' id='line_1_91' title="bbox 2219 3189 3798 3264; baseline 0.001 -22"><span class='ocrx_word' id='word_1_676' title='bbox 2219 3190 2330 3244; x_wconf 79' lang='grc' dir='ltr'>εἴτε</span> <span class='ocrx_word' id='word_1_677' title='bbox 2359 3191 2416 3242; x_wconf 82' lang='grc' dir='ltr'>ὲν</span> <span class='ocrx_word' id='word_1_678' title='bbox 2441 3189 2720 3260; x_wconf 78' lang='grc' dir='ltr'>Αἰγύπτῳ,</span> <span class='ocrx_word' id='word_1_679' title='bbox 2751 3191 2858 3242; x_wconf 76' lang='grc' dir='ltr'>εἴτε</span> <span class='ocrx_word' id='word_1_680' title='bbox 2891 3193 2950 3243; x_wconf 81' lang='grc' dir='ltr'>ὲν</span> <span class='ocrx_word' id='word_1_681' title='bbox 2979 3189 3276 3253; x_wconf 85' lang='grc' dir='ltr'>Βαϐυλῶνι,</span> <span class='ocrx_word' id='word_1_682' title='bbox 3307 3191 3421 3244; x_wconf 80' lang='grc' dir='ltr'>εἴτε</span> <span class='ocrx_word' id='word_1_683' title='bbox 3447 3194 3504 3246; x_wconf 80' lang='grc' dir='ltr'>ὲν</span> <span class='ocrx_word' id='word_1_684' title='bbox 3517 3191 3798 3264; x_wconf 77' lang='grc' dir='ltr'>Αἰθιοπίᾳ,</span> 
     </span>
    </p>
   </div>
   <div class='ocr_carea' id='block_1_92' title="bbox 2217 3278 3798 3358">
    <p class='ocr_par' dir='ltr' id='par_1_92' title="bbox 2217 3278 3798 3358">
     <span class='ocr_line' id='line_1_92' title="bbox 2217 3278 3798 3358; baseline 0.003 -24"><span class='ocrx_word' id='word_1_685' title='bbox 2217 3278 2324 3334; x_wconf 82' lang='grc' dir='ltr'>εἴτε</span> <span class='ocrx_word' id='word_1_686' title='bbox 2349 3281 2406 3334; x_wconf 82' lang='grc' dir='ltr'>ὲν</span> <span class='ocrx_word' id='word_1_687' title='bbox 2429 3283 2496 3352; x_wconf 84' lang='grc' dir='ltr'>τῇ</span> <span class='ocrx_word' id='word_1_688' title='bbox 2522 3283 2592 3352; x_wconf 80' lang='grc' dir='ltr'><strong>γῇ</strong></span> <span class='ocrx_word' id='word_1_689' title='bbox 2609 3282 2734 3341; x_wconf 86' lang='grc' dir='ltr'>τῶν,</span> <span class='ocrx_word' id='word_1_690' title='bbox 2749 3282 3068 3352; x_wconf 82' lang='grc' dir='ltr'>Ἐλαμιτῶν,</span> <span class='ocrx_word' id='word_1_691' title='bbox 3093 3283 3202 3336; x_wconf 76' lang='grc' dir='ltr'>εἴτε</span> <span class='ocrx_word' id='word_1_692' title='bbox 3222 3285 3288 3356; x_wconf 79' lang='grc' dir='ltr'>τῇ</span> <span class='ocrx_word' id='word_1_693' title='bbox 3309 3284 3468 3356; x_wconf 84' lang='grc' dir='ltr'>λοιπῇ</span> <span class='ocrx_word' id='word_1_694' title='bbox 3483 3285 3798 3358; x_wconf 73' lang='grc' dir='ltr'>οἰκουμένῃ,</span> 
     </span>
    </p>
   </div>
   <div class='ocr_carea' id='block_1_93' title="bbox 2216 3369 3806 3445">
    <p class='ocr_par' dir='ltr' id='par_1_93' title="bbox 2216 3369 3806 3445">
     <span class='ocr_line' id='line_1_93' title="bbox 2216 3369 3806 3445; baseline 0.002 -19"><span class='ocrx_word' id='word_1_695' title='bbox 2216 3371 2602 3444; x_wconf 80' lang='grc' dir='ltr'>διεσπαρμένοι</span> <span class='ocrx_word' id='word_1_696' title='bbox 2629 3374 2773 3438; x_wconf 79' lang='grc' dir='ltr'>τινὲς</span> <span class='ocrx_word' id='word_1_697' title='bbox 2797 3369 2938 3445; x_wconf 81' lang='grc' dir='ltr'>ἦσαν</span> <span class='ocrx_word' id='word_1_698' title='bbox 2967 3374 3060 3428; x_wconf 87' lang='grc' dir='ltr'><strong>τοῦ</strong></span> <span class='ocrx_word' id='word_1_699' title='bbox 3127 3375 3397 3430; x_wconf 82' lang='grc' dir='ltr'>Ἰουδαίων</span> <span class='ocrx_word' id='word_1_700' title='bbox 3439 3375 3644 3440; x_wconf 71' lang='grc' dir='ltr'>ἔθνους-</span> <span class='ocrx_word' id='word_1_701' title='bbox 3677 3377 3806 3430; x_wconf 87' lang='grc' dir='ltr'>τού-</span> 
     </span>
    </p>
   </div>
   <div class='ocr_carea' id='block_1_94' title="bbox 2217 3462 3801 3538">
    <p class='ocr_par' dir='ltr' id='par_1_94' title="bbox 2217 3462 3801 3538">
     <span class='ocr_line' id='line_1_94' title="bbox 2217 3462 3801 3538; baseline 0.003 -23"><span class='ocrx_word' id='word_1_702' title='bbox 2217 3479 2323 3516; x_wconf 87' lang='grc' dir='ltr'><strong>των</strong></span> <span class='ocrx_word' id='word_1_703' title='bbox 2337 3462 2514 3516; x_wconf 80' lang='grc' dir='ltr'>αὐτῶν</span> <span class='ocrx_word' id='word_1_704' title='bbox 2531 3466 2655 3528; x_wconf 77' lang='grc' dir='ltr'>τοὺς</span> <span class='ocrx_word' id='word_1_705' title='bbox 2678 3465 2758 3527; x_wconf 81' lang='grc' dir='ltr'>εἰς</span> <span class='ocrx_word' id='word_1_706' title='bbox 2787 3465 2880 3518; x_wconf 81' lang='grc' dir='ltr'>τὸν</span> <span class='ocrx_word' id='word_1_707' title='bbox 2901 3465 3136 3536; x_wconf 82' lang='grc' dir='ltr'>Χριστὸν</span> <span class='ocrx_word' id='word_1_708' title='bbox 3167 3467 3621 3530; x_wconf 78' lang='grc' dir='ltr'>πεπιστευκότας,</span> <span class='ocrx_word' id='word_1_709' title='bbox 3647 3465 3801 3538; x_wconf 77' lang='grc' dir='ltr'>λεῖμ-</span> 
     </span>
    </p>
   </div>
   <div class='ocr_carea' id='block_1_95' title="bbox 2222 3553 3802 3626">
    <p class='ocr_par' dir='ltr' id='par_1_95' title="bbox 2222 3553 3802 3626">
     <span class='ocr_line' id='line_1_95' title="bbox 2222 3553 3802 3626; baseline 0 -18"><span class='ocrx_word' id='word_1_710' title='bbox 2222 3571 2298 3624; x_wconf 89' lang='grc' dir='ltr'><strong>μα</strong></span> <span class='ocrx_word' id='word_1_711' title='bbox 2327 3555 2447 3608; x_wconf 77' lang='grc' dir='ltr'>κατ’</span> <span class='ocrx_word' id='word_1_712' title='bbox 2481 3553 2710 3626; x_wconf 74' lang='grc' dir='ltr'>ἐκλογὴν</span> <span class='ocrx_word' id='word_1_713' title='bbox 2751 3553 2976 3626; x_wconf 80' lang='grc' dir='ltr'>χάριτος</span> <span class='ocrx_word' id='word_1_714' title='bbox 3023 3555 3370 3626; x_wconf 82' lang='grc' dir='ltr'>γενομένους,</span> <span class='ocrx_word' id='word_1_715' title='bbox 3415 3555 3662 3620; x_wconf 80' lang='grc' dir='ltr'>δοξάσειν</span> <span class='ocrx_word' id='word_1_716' title='bbox 3705 3556 3802 3608; x_wconf 70' lang='grc' dir='ltr'>καὶ</span> 
     </span>
    </p>
   </div>
   <div class='ocr_carea' id='block_1_96' title="bbox 2219 3645 3802 3721">
    <p class='ocr_par' dir='ltr' id='par_1_96' title="bbox 2219 3645 3802 3721">
     <span class='ocr_line' id='line_1_96' title="bbox 2219 3645 3802 3721; baseline 0.001 -21"><span class='ocrx_word' id='word_1_717' title='bbox 2219 3647 2466 3718; x_wconf 80' lang='grc' dir='ltr'>ποιήσειν</span> <span class='ocrx_word' id='word_1_718' title='bbox 2492 3645 2765 3717; x_wconf 76' lang='grc' dir='ltr'>ζηλωτοὺς</span> <span class='ocrx_word' id='word_1_719' title='bbox 2793 3647 3026 3720; x_wconf 88' lang='grc' dir='ltr'>είρηται.</span> <span class='ocrx_word' id='word_1_720' title='bbox 3058 3650 3122 3700; x_wconf 90' lang='grc' dir='ltr'><strong>Ὃ</strong></span> <span class='ocrx_word' id='word_1_721' title='bbox 3161 3648 3224 3720; x_wconf 80' lang='grc' dir='ltr'>δὴ</span> <span class='ocrx_word' id='word_1_722' title='bbox 3259 3650 3352 3702; x_wconf 78' lang='grc' dir='ltr'>καὶ</span> <span class='ocrx_word' id='word_1_723' title='bbox 3383 3649 3563 3720; x_wconf 77' lang='grc' dir='ltr'>ἔργοις</span> <span class='ocrx_word' id='word_1_724' title='bbox 3587 3649 3802 3721; x_wconf 83' lang='grc' dir='ltr'>ἐδηλοῦ-</span> 
     </span>
    </p>
   </div>
   <div class='ocr_carea' id='block_1_97' title="bbox 2217 3738 3803 3812">
    <p class='ocr_par' dir='ltr' id='par_1_97' title="bbox 2217 3738 3803 3812">
     <span class='ocr_line' id='line_1_97' title="bbox 2217 3738 3803 3812; baseline 0.001 -18"><span class='ocrx_word' id='word_1_725' title='bbox 2217 3755 2295 3794; x_wconf 87' lang='grc' dir='ltr'>το·</span> <span class='ocrx_word' id='word_1_726' title='bbox 2331 3739 2420 3792; x_wconf 81' lang='grc' dir='ltr'>διὰ</span> <span class='ocrx_word' id='word_1_727' title='bbox 2441 3741 2552 3810; x_wconf 74' lang='grc' dir='ltr'><strong>γὰρ</strong></span> <span class='ocrx_word' id='word_1_728' title='bbox 2577 3738 2686 3792; x_wconf 90' lang='grc' dir='ltr'><strong>τῶν</strong></span> <span class='ocrx_word' id='word_1_729' title='bbox 2716 3739 2880 3794; x_wconf 85' lang='grc' dir='ltr'>αὐτοῦ</span> <span class='ocrx_word' id='word_1_730' title='bbox 2915 3739 3172 3812; x_wconf 81' lang='grc' dir='ltr'>μαθητῶν</span> <span class='ocrx_word' id='word_1_731' title='bbox 3205 3742 3299 3794; x_wconf 78' lang='grc' dir='ltr'>καὶ</span> <span class='ocrx_word' id='word_1_732' title='bbox 3322 3741 3654 3807; x_wconf 78' lang='grc' dir='ltr'>ἀποστόλων,</span> <span class='ocrx_word' id='word_1_733' title='bbox 3689 3743 3803 3796; x_wconf 86' lang='grc' dir='ltr'><strong>τῶν</strong></span> 
     </span>
    </p>
   </div>
   <div class='ocr_carea' id='block_1_98' title="bbox 2217 3829 3802 3907">
    <p class='ocr_par' dir='ltr' id='par_1_98' title="bbox 2217 3829 3802 3907">
     <span class='ocr_line' id='line_1_98' title="bbox 2217 3829 3802 3907; baseline 0.002 -23"><span class='ocrx_word' id='word_1_734' title='bbox 2217 3847 2278 3886; x_wconf 87' lang='grc' dir='ltr'><strong>τε</strong></span> <span class='ocrx_word' id='word_1_735' title='bbox 2303 3829 2506 3884; x_wconf 80' lang='grc' dir='ltr'>λοιπῶν</span> <span class='ocrx_word' id='word_1_736' title='bbox 2534 3830 2642 3885; x_wconf 86' lang='grc' dir='ltr'><strong>τῶν</strong></span> <span class='ocrx_word' id='word_1_737' title='bbox 2661 3830 2719 3895; x_wconf 74' lang='grc' dir='ltr'>ἐξ</span> <span class='ocrx_word' id='word_1_738' title='bbox 2753 3830 3020 3886; x_wconf 86' lang='grc' dir='ltr'>Ἰουδαίων</span> <span class='ocrx_word' id='word_1_739' title='bbox 3049 3833 3141 3885; x_wconf 83' lang='grc' dir='ltr'>τὸν</span> <span class='ocrx_word' id='word_1_740' title='bbox 3166 3833 3400 3904; x_wconf 81' lang='grc' dir='ltr'>Χριστοῦ</span> <span class='ocrx_word' id='word_1_741' title='bbox 3434 3834 3590 3902; x_wconf 86' lang='grc' dir='ltr'>λόγον</span> <span class='ocrx_word' id='word_1_742' title='bbox 3615 3851 3802 3907; x_wconf 86' lang='grc' dir='ltr'>παρα-</span> 
     </span>
    </p>
   </div>
   <div class='ocr_carea' id='block_1_99' title="bbox 2216 3921 3802 3996">
    <p class='ocr_par' dir='ltr' id='par_1_99' title="bbox 2216 3921 3802 3996">
     <span class='ocr_line' id='line_1_99' title="bbox 2216 3921 3802 3996; baseline 0.001 -18"><span class='ocrx_word' id='word_1_743' title='bbox 2216 3921 2572 3993; x_wconf 81' lang='grc' dir='ltr'>δεδεγμένων,</span> <span class='ocrx_word' id='word_1_744' title='bbox 2604 3925 2639 3993; x_wconf 89' lang='grc' dir='ltr'><strong>ἡ</strong></span> <span class='ocrx_word' id='word_1_745' title='bbox 2681 3923 2974 3994; x_wconf 82' lang='grc' dir='ltr'>Ἐκκλησία</span> <span class='ocrx_word' id='word_1_746' title='bbox 3019 3925 3112 3978; x_wconf 89' lang='grc' dir='ltr'><strong>τοῦ</strong></span> <span class='ocrx_word' id='word_1_747' title='bbox 3141 3925 3276 3979; x_wconf 82' lang='grc' dir='ltr'>Θεοῦ</span> <span class='ocrx_word' id='word_1_748' title='bbox 3319 3925 3571 3996; x_wconf 81' lang='grc' dir='ltr'>συνέστη,</span> <span class='ocrx_word' id='word_1_749' title='bbox 3621 3927 3718 3980; x_wconf 79' lang='grc' dir='ltr'>καὶ</span> <span class='ocrx_word' id='word_1_750' title='bbox 3769 3927 3802 3996; x_wconf 82' lang='grc' dir='ltr'><strong>ή</strong></span> 
     </span>
    </p>
   </div>
   <div class='ocr_carea' id='block_1_100' title="bbox 2233 4015 3802 4088">
    <p class='ocr_par' dir='ltr' id='par_1_100' title="bbox 2233 4015 3802 4088">
     <span class='ocr_line' id='line_1_100' title="bbox 2233 4015 3802 4088; baseline 0.001 -19"><span class='ocrx_word' id='word_1_751' title='bbox 2233 4016 2530 4086; x_wconf 83' lang='grc' dir='ltr'>Ἐκκλησία</span> <span class='ocrx_word' id='word_1_752' title='bbox 2551 4017 2660 4070; x_wconf 88' lang='grc' dir='ltr'><strong>τῶν</strong></span> <span class='ocrx_word' id='word_1_753' title='bbox 2683 4015 2854 4070; x_wconf 77' lang='grc' dir='ltr'>ἐθνῶν</span> <span class='ocrx_word' id='word_1_754' title='bbox 2870 4019 3125 4072; x_wconf 81' lang='grc' dir='ltr'>ἁπάντων</span> <span class='ocrx_word' id='word_1_755' title='bbox 3141 4019 3206 4072; x_wconf 84' lang='grc' dir='ltr'><strong>δι’</strong></span> <span class='ocrx_word' id='word_1_756' title='bbox 3235 4018 3412 4072; x_wconf 77' lang='grc' dir='ltr'>αὐτῶν</span> <span class='ocrx_word' id='word_1_757' title='bbox 3438 4016 3802 4088; x_wconf 77' lang='grc' dir='ltr'>ἀπετελέσθη,</span> 
     </span>
    </p>
   </div>
   <div class='ocr_carea' id='block_1_101' title="bbox 2218 4107 3806 4176">
    <p class='ocr_par' dir='ltr' id='par_1_101' title="bbox 2218 4107 3806 4176">
     <span class='ocr_line' id='line_1_101' title="bbox 2218 4107 3806 4176; baseline 0.001 -14"><span class='ocrx_word' id='word_1_758' title='bbox 2218 4107 2312 4162; x_wconf 79' lang='grc' dir='ltr'>καὶ</span> <span class='ocrx_word' id='word_1_759' title='bbox 2341 4108 2402 4162; x_wconf 82' lang='grc' dir='ltr'>τὸ</span> <span class='ocrx_word' id='word_1_760' title='bbox 2435 4107 2764 4176; x_wconf 75' lang='grc' dir='ltr'>Εὑαγγέλιον</span> <span class='ocrx_word' id='word_1_761' title='bbox 2811 4109 2943 4161; x_wconf 77' lang='grc' dir='ltr'>πᾶσι</span> <span class='ocrx_word' id='word_1_762' title='bbox 2987 4107 3236 4162; x_wconf 82' lang='grc' dir='ltr'>διεδίδοτο</span> <span class='ocrx_word' id='word_1_763' title='bbox 3275 4111 3388 4173; x_wconf 79' lang='grc' dir='ltr'>τοῖς</span> <span class='ocrx_word' id='word_1_764' title='bbox 3435 4109 3634 4172; x_wconf 78' lang='grc' dir='ltr'>ἔθνεσι,</span> <span class='ocrx_word' id='word_1_765' title='bbox 3671 4127 3806 4164; x_wconf 85' lang='grc' dir='ltr'>συν-</span> 
     </span>
    </p>
   </div>
   <div class='ocr_carea' id='block_1_102' title="bbox 2219 4195 3800 4271">
    <p class='ocr_par' dir='ltr' id='par_1_102' title="bbox 2219 4195 3800 4271">
     <span class='ocr_line' id='line_1_102' title="bbox 2219 4195 3800 4271; baseline 0.002 -19"><span class='ocrx_word' id='word_1_766' title='bbox 2219 4197 2718 4268; x_wconf 84' lang='grc' dir='ltr'>επιμαρτυροῦντος</span> <span class='ocrx_word' id='word_1_767' title='bbox 2739 4195 2834 4250; x_wconf 90' lang='grc' dir='ltr'><strong>τοῦ</strong></span> <span class='ocrx_word' id='word_1_768' title='bbox 2863 4195 2998 4250; x_wconf 86' lang='grc' dir='ltr'>Θεοῦ</span> <span class='ocrx_word' id='word_1_769' title='bbox 3024 4198 3289 4270; x_wconf 80' lang='grc' dir='ltr'>σημείοις,</span> <span class='ocrx_word' id='word_1_770' title='bbox 3323 4201 3417 4253; x_wconf 74' lang='grc' dir='ltr'>καὶ</span> <span class='ocrx_word' id='word_1_771' title='bbox 3449 4199 3663 4271; x_wconf 83' lang='grc' dir='ltr'>τέρασι,</span> <span class='ocrx_word' id='word_1_772' title='bbox 3703 4202 3800 4255; x_wconf 71' lang='grc' dir='ltr'>καὶ</span> 
     </span>
    </p>
   </div>
   <div class='ocr_carea' id='block_1_103' title="bbox 2217 4288 3800 4363">
    <p class='ocr_par' dir='ltr' id='par_1_103' title="bbox 2217 4288 3800 4363">
     <span class='ocr_line' id='line_1_103' title="bbox 2217 4288 3800 4363; baseline 0.003 -19"><span class='ocrx_word' id='word_1_773' title='bbox 2217 4288 2489 4352; x_wconf 79' lang='grc' dir='ltr'>ποικίλαις</span> <span class='ocrx_word' id='word_1_774' title='bbox 2513 4289 2796 4360; x_wconf 69' lang='grc' dir='ltr'>δυνάμεσι,</span> <span class='ocrx_word' id='word_1_775' title='bbox 2831 4288 2926 4346; x_wconf 75' lang='grc' dir='ltr'>καὶ</span> <span class='ocrx_word' id='word_1_776' title='bbox 2953 4289 3270 4360; x_wconf 86' lang='grc' dir='ltr'>Ηνεύματος</span> <span class='ocrx_word' id='word_1_777' title='bbox 3301 4291 3457 4359; x_wconf 83' lang='grc' dir='ltr'>ἁγίου</span> <span class='ocrx_word' id='word_1_778' title='bbox 3487 4297 3800 4363; x_wconf 80' lang='grc' dir='ltr'>μερισμοῖς·</span> 
     </span>
    </p>
   </div>
   <div class='ocr_carea' id='block_1_104' title="bbox 2217 4381 3804 4458">
    <p class='ocr_par' dir='ltr' id='par_1_104' title="bbox 2217 4381 3804 4458">
     <span class='ocr_line' id='line_1_104' title="bbox 2217 4381 3804 4458; baseline 0.005 -24"><span class='ocrx_word' id='word_1_779' title='bbox 2217 4381 2309 4446; x_wconf 66' lang='grc' dir='ltr'>οὓς</span> <span class='ocrx_word' id='word_1_780' title='bbox 2343 4383 2435 4435; x_wconf 74' lang='grc' dir='ltr'>καὶ</span> <span class='ocrx_word' id='word_1_781' title='bbox 2465 4381 2738 4455; x_wconf 80' lang='grc' dir='ltr'>ζηλωτοὺς</span> <span class='ocrx_word' id='word_1_782' title='bbox 2765 4385 2794 4436; x_wconf 87' lang='grc' dir='ltr'><strong>ό</strong></span> <span class='ocrx_word' id='word_1_783' title='bbox 2824 4384 2955 4448; x_wconf 74' lang='grc' dir='ltr'>Θεὸς</span> <span class='ocrx_word' id='word_1_784' title='bbox 2981 4385 3173 4450; x_wconf 80' lang='grc' dir='ltr'>ἐποίει,</span> <span class='ocrx_word' id='word_1_785' title='bbox 3207 4387 3298 4439; x_wconf 77' lang='grc' dir='ltr'>καὶ</span> <span class='ocrx_word' id='word_1_786' title='bbox 3331 4387 3482 4458; x_wconf 75' lang='grc' dir='ltr'>παρὰ</span> <span class='ocrx_word' id='word_1_787' title='bbox 3511 4389 3676 4441; x_wconf 75' lang='grc' dir='ltr'>πᾶσιν</span> <span class='ocrx_word' id='word_1_788' title='bbox 3711 4391 3804 4444; x_wconf 80' lang='grc' dir='ltr'><strong>ὲν-</strong></span> 
     </span>
    </p>
   </div>
   <div class='ocr_carea' id='block_1_105' title="bbox 2150 4474 3804 4550">
    <p class='ocr_par' dir='ltr' id='par_1_105' title="bbox 2150 4474 3804 4550">
     <span class='ocr_line' id='line_1_105' title="bbox 2150 4474 3804 4550; baseline 0.005 -24"><span class='ocrx_word' id='word_1_789' title='bbox 2150 4484 2194 4540; x_wconf 83' lang='grc'><strong>[)</strong></span> <span class='ocrx_word' id='word_1_790' title='bbox 2219 4474 2422 4541; x_wconf 77' lang='grc' dir='ltr'>δόξους,</span> <span class='ocrx_word' id='word_1_791' title='bbox 2455 4477 2579 4539; x_wconf 79' lang='grc' dir='ltr'>τοὺς</span> <span class='ocrx_word' id='word_1_792' title='bbox 2625 4476 2717 4530; x_wconf 80' lang='grc' dir='ltr'>τὸν</span> <span class='ocrx_word' id='word_1_793' title='bbox 2760 4477 3264 4548; x_wconf 85' lang='grc' dir='ltr'>καταγγελλόμενον</span> <span class='ocrx_word' id='word_1_794' title='bbox 3303 4479 3395 4530; x_wconf 85' lang='grc' dir='ltr'><strong>ὑπ’</strong></span> <span class='ocrx_word' id='word_1_795' title='bbox 3438 4479 3620 4533; x_wconf 87' lang='grc' dir='ltr'>αὐτῶν</span> <span class='ocrx_word' id='word_1_796' title='bbox 3642 4479 3804 4550; x_wconf 85' lang='grc' dir='ltr'>λόγον</span> 
     </span>
    </p>
   </div>
   <div class='ocr_carea' id='block_1_106' title="bbox 2225 4567 2713 4638">
    <p class='ocr_par' dir='ltr' id='par_1_106' title="bbox 2225 4567 2713 4638">
     <span class='ocr_line' id='line_1_106' title="bbox 2225 4567 2713 4638; baseline 0.002 -18"><span class='ocrx_word' id='word_1_797' title='bbox 2225 4567 2713 4638; x_wconf 85' lang='grc' dir='ltr'>παραδεχομένους.</span> 
     </span>
    </p>
   </div>
   <div class='ocr_carea' id='block_1_107' title="bbox 2299 4662 3806 4738">
    <p class='ocr_par' dir='ltr' id='par_1_107' title="bbox 2299 4662 3806 4738">
     <span class='ocr_line' id='line_1_107' title="bbox 2299 4662 3806 4738; baseline 0.005 -26"><span class='ocrx_word' id='word_1_798' title='bbox 2299 4685 2317 4712; x_wconf 77' lang='grc' dir='ltr'><strong>ι</strong></span> <span class='ocrx_word' id='word_1_799' title='bbox 2343 4662 2457 4718; x_wconf 67' lang='grc' dir='ltr'><strong>Καὶ</strong></span> <span class='ocrx_word' id='word_1_800' title='bbox 2489 4663 2610 4732; x_wconf 81' lang='grc' dir='ltr'>ἀρεῖ</span> <span class='ocrx_word' id='word_1_801' title='bbox 2655 4665 2879 4734; x_wconf 80' lang='grc' dir='ltr'>σημεῖον</span> <span class='ocrx_word' id='word_1_802' title='bbox 2911 4666 2990 4728; x_wconf 86' lang='grc' dir='ltr'><strong>εἰς</strong></span> <span class='ocrx_word' id='word_1_803' title='bbox 3013 4663 3082 4718; x_wconf 82' lang='grc' dir='ltr'><strong>τὰ</strong></span> <span class='ocrx_word' id='word_1_804' title='bbox 3113 4665 3262 4738; x_wconf 73' lang='grc' dir='ltr'>ἔθνη,</span> <span class='ocrx_word' id='word_1_805' title='bbox 3295 4667 3389 4720; x_wconf 66' lang='grc' dir='ltr'><strong>καί¹</strong></span> <span class='ocrx_word' id='word_1_806' title='bbox 3427 4665 3646 4734; x_wconf 79' lang='grc' dir='ltr'>συνάξει</span> <span class='ocrx_word' id='word_1_807' title='bbox 3677 4667 3806 4732; x_wconf 71' lang='grc' dir='ltr'>τοὺς</span> 
     </span>
    </p>
   </div>
   <div class='ocr_carea' id='block_1_108' title="bbox 2223 4750 3808 4827">
    <p class='ocr_par' dir='ltr' id='par_1_108' title="bbox 2223 4750 3808 4827">
     <span class='ocr_line' id='line_1_108' title="bbox 2223 4750 3808 4827; baseline 0.004 -24"><span class='ocrx_word' id='word_1_808' title='bbox 2223 4750 2587 4822; x_wconf 82' lang='grc' dir='ltr'>ἀπολομένους</span> <span class='ocrx_word' id='word_1_809' title='bbox 2633 4751 2867 4824; x_wconf 82' lang='grc' dir='ltr'>Ἰσραὴλ,</span> <span class='ocrx_word' id='word_1_810' title='bbox 2902 4755 2997 4808; x_wconf 70' lang='grc' dir='ltr'>καὶ</span> <span class='ocrx_word' id='word_1_811' title='bbox 3021 4757 3147 4818; x_wconf 79' lang='grc' dir='ltr'>τοὺς</span> <span class='ocrx_word' id='word_1_812' title='bbox 3165 4755 3598 4827; x_wconf 84' lang='grc' dir='ltr'>διεσπαρμένους</span> <span class='ocrx_word' id='word_1_813' title='bbox 3635 4755 3808 4809; x_wconf 75' lang='grc' dir='ltr'>Ἰούᾶι</span> 
     </span>
    </p>
   </div>
   <div class='ocr_carea' id='block_1_109' title="bbox 2223 4843 3809 4920">
    <p class='ocr_par' dir='ltr' id='par_1_109' title="bbox 2223 4843 3809 4920">
     <span class='ocr_line' id='line_1_109' title="bbox 2223 4843 3809 4920; baseline 0.004 -24"><span class='ocrx_word' id='word_1_814' title='bbox 2223 4843 2438 4909; x_wconf 71' lang='grc' dir='ltr'>συνάξει</span> <span class='ocrx_word' id='word_1_815' title='bbox 2482 4847 2548 4898; x_wconf 80' lang='grc' dir='ltr'>ὲκ</span> <span class='ocrx_word' id='word_1_816' title='bbox 2591 4845 2700 4899; x_wconf 89' lang='grc' dir='ltr'><strong>τῶν</strong></span> <span class='ocrx_word' id='word_1_817' title='bbox 2727 4846 3010 4917; x_wconf 82' lang='grc' dir='ltr'>τεσσάρων</span> <span class='ocrx_word' id='word_1_818' title='bbox 3053 4848 3340 4920; x_wconf 86' lang='grc' dir='ltr'>πτερύγων</span> <span class='ocrx_word' id='word_1_819' title='bbox 3382 4847 3480 4918; x_wconf 79' lang='grc' dir='ltr'>τῆς</span> <span class='ocrx_word' id='word_1_820' title='bbox 3511 4847 3638 4918; x_wconf 77' lang='grc' dir='ltr'>γῆς.</span> <span class='ocrx_word' id='word_1_821' title='bbox 3693 4849 3809 4902; x_wconf 74' lang='grc' dir='ltr'><strong>Καὶ</strong></span> 
     </span>
    </p>
   </div>
   <div class='ocr_carea' id='block_1_110' title="bbox 2219 4937 3810 5013">
    <p class='ocr_par' dir='ltr' id='par_1_110' title="bbox 2219 4937 3810 5013">
     <span class='ocr_line' id='line_1_110' title="bbox 2219 4937 3810 5013; baseline 0.003 -22"><span class='ocrx_word' id='word_1_822' title='bbox 2219 4937 2645 5010; x_wconf 75' lang='grc' dir='ltr'>ἀφαιρεθήσεται</span> <span class='ocrx_word' id='word_1_823' title='bbox 2671 4939 2700 4990; x_wconf 87' lang='grc' dir='ltr'><strong>ό</strong></span> <span class='ocrx_word' id='word_1_824' title='bbox 2733 4938 2894 5008; x_wconf 78' lang='grc' dir='ltr'>ζῆλος</span> <span class='ocrx_word' id='word_1_825' title='bbox 2919 4939 3180 5011; x_wconf 72' lang='grc' dir='ltr'>Ἐφραίμ,</span> <span class='ocrx_word' id='word_1_826' title='bbox 3207 4943 3300 4994; x_wconf 73' lang='grc' dir='ltr'>καὶ</span> <span class='ocrx_word' id='word_1_827' title='bbox 3324 4942 3374 4994; x_wconf 85' lang='grc' dir='ltr'>οἱ</span> <span class='ocrx_word' id='word_1_828' title='bbox 3401 4940 3586 5013; x_wconf 79' lang='grc' dir='ltr'>ἐχθροί</span> <span class='ocrx_word' id='word_1_829' title='bbox 3632 4939 3810 4995; x_wconf 81' lang='grc' dir='ltr'>Ἰούδα</span> 
     </span>
    </p>
   </div>
   <div class='ocr_carea' id='block_1_111' title="bbox 2218 5027 3809 5099">
    <p class='ocr_par' dir='ltr' id='par_1_111' title="bbox 2218 5027 3809 5099">
     <span class='ocr_line' id='line_1_111' title="bbox 2218 5027 3809 5099; baseline 0.003 -19"><span class='ocrx_word' id='word_1_830' title='bbox 2218 5027 2563 5081; x_wconf 80' lang='grc' dir='ltr'>ἀπολοῦνται.</span> <span class='ocrx_word' id='word_1_831' title='bbox 2605 5027 2844 5099; x_wconf 70' lang='grc' dir='ltr'>Ἐφραῖμ</span> <span class='ocrx_word' id='word_1_832' title='bbox 2874 5030 2934 5082; x_wconf 77' lang='grc' dir='ltr'>οὐ</span> <span class='ocrx_word' id='word_1_833' title='bbox 2959 5027 3190 5099; x_wconf 75' lang='grc' dir='ltr'>ζηλώσει</span> <span class='ocrx_word' id='word_1_834' title='bbox 3225 5029 3442 5096; x_wconf 83' lang='grc' dir='ltr'>Ἰούδαν,</span> <span class='ocrx_word' id='word_1_835' title='bbox 3469 5029 3562 5082; x_wconf 76' lang='grc' dir='ltr'>καὶ</span> <span class='ocrx_word' id='word_1_836' title='bbox 3604 5029 3809 5096; x_wconf 84' lang='grc' dir='ltr'>Ἰούδας</span> 
     </span>
    </p>
   </div>
   <div class='ocr_carea' id='block_1_112' title="bbox 2217 5117 3810 5194">
    <p class='ocr_par' dir='ltr' id='par_1_112' title="bbox 2217 5117 3810 5194">
     <span class='ocr_line' id='line_1_112' title="bbox 2217 5117 3810 5194; baseline 0 -22"><span class='ocrx_word' id='word_1_837' title='bbox 2217 5121 2278 5174; x_wconf 77' lang='grc' dir='ltr'>οὐ</span> <span class='ocrx_word' id='word_1_838' title='bbox 2327 5117 2502 5189; x_wconf 82' lang='grc' dir='ltr'>θλίψει</span> <span class='ocrx_word' id='word_1_839' title='bbox 2563 5119 2872 5190; x_wconf 74' lang='grc' dir='ltr'>Ἐφραίμ.»</span> <span class='ocrx_word' id='word_1_840' title='bbox 2927 5118 3168 5192; x_wconf 78' lang='grc' dir='ltr'>Πρώτοις</span> <span class='ocrx_word' id='word_1_841' title='bbox 3219 5121 3328 5194; x_wconf 71' lang='grc' dir='ltr'><strong>γὰρ</strong></span> <span class='ocrx_word' id='word_1_842' title='bbox 3358 5120 3726 5192; x_wconf 77' lang='grc' dir='ltr'>κηρύττοντες</span> <span class='ocrx_word' id='word_1_843' title='bbox 3755 5123 3810 5174; x_wconf 81' lang='grc' dir='ltr'>οἱ</span> 
     </span>
    </p>
   </div>
   <div class='ocr_carea' id='block_1_113' title="bbox 2221 5212 3808 5286">
    <p class='ocr_par' dir='ltr' id='par_1_113' title="bbox 2221 5212 3808 5286">
     <span class='ocr_line' id='line_1_113' title="bbox 2221 5212 3808 5286; baseline 0.001 -19"><span class='ocrx_word' id='word_1_844' title='bbox 2221 5212 2456 5285; x_wconf 86' lang='grc' dir='ltr'>Χριστοῦ</span> <span class='ocrx_word' id='word_1_845' title='bbox 2493 5212 2728 5284; x_wconf 78' lang='grc' dir='ltr'>μαθηταὶ</span> <span class='ocrx_word' id='word_1_846' title='bbox 2749 5215 2858 5277; x_wconf 83' lang='grc' dir='ltr'>τοῖς</span> <span class='ocrx_word' id='word_1_847' title='bbox 2885 5214 2949 5266; x_wconf 67' lang='grc' dir='ltr'>ἐκ</span> <span class='ocrx_word' id='word_1_848' title='bbox 2981 5215 3302 5286; x_wconf 82' lang='grc' dir='ltr'>περιτομῆς,</span> <span class='ocrx_word' id='word_1_849' title='bbox 3329 5215 3558 5284; x_wconf 83' lang='grc' dir='ltr'>συνῆγον</span> <span class='ocrx_word' id='word_1_850' title='bbox 3589 5215 3719 5279; x_wconf 78' lang='grc' dir='ltr'>τοὺς</span> <span class='ocrx_word' id='word_1_851' title='bbox 3748 5215 3808 5282; x_wconf 75' lang='grc' dir='ltr'>ἐξ</span> 
     </span>
    </p>
   </div>
   <div class='ocr_carea' id='block_1_114' title="bbox 2223 5305 3804 5379">
    <p class='ocr_par' dir='ltr' id='par_1_114' title="bbox 2223 5305 3804 5379">
     <span class='ocr_line' id='line_1_114' title="bbox 2223 5305 3804 5379; baseline 0 -19"><span class='ocrx_word' id='word_1_852' title='bbox 2223 5307 2401 5360; x_wconf 80' lang='grc' dir='ltr'>αὐτῶν</span> <span class='ocrx_word' id='word_1_853' title='bbox 2427 5307 2857 5370; x_wconf 85' lang='grc' dir='ltr'>πεπιστευκότας</span> <span class='ocrx_word' id='word_1_854' title='bbox 2873 5307 2952 5370; x_wconf 83' lang='grc' dir='ltr'>εἰς</span> <span class='ocrx_word' id='word_1_855' title='bbox 2965 5305 3062 5377; x_wconf 85' lang='grc' dir='ltr'>τὴν</span> <span class='ocrx_word' id='word_1_856' title='bbox 3081 5305 3175 5360; x_wconf 87' lang='grc' dir='ltr'><strong>τοῦ</strong></span> <span class='ocrx_word' id='word_1_857' title='bbox 3195 5306 3431 5379; x_wconf 86' lang='grc' dir='ltr'>Χριστοῦ</span> <span class='ocrx_word' id='word_1_858' title='bbox 3449 5305 3804 5378; x_wconf 83' lang='grc' dir='ltr'>Ἐκκλησίαν,</span> 
     </span>
    </p>
   </div>
   <div class='ocr_carea' id='block_1_115' title="bbox 2221 5399 3808 5471">
    <p class='ocr_par' dir='ltr' id='par_1_115' title="bbox 2221 5399 3808 5471">
     <span class='ocr_line' id='line_1_115' title="bbox 2221 5399 3808 5471; baseline -0.002 -16"><span class='ocrx_word' id='word_1_859' title='bbox 2221 5399 2388 5456; x_wconf 80' lang='grc' dir='ltr'>πάλαι</span> <span class='ocrx_word' id='word_1_860' title='bbox 2415 5399 2575 5464; x_wconf 74' lang='grc' dir='ltr'>ὄντας</span> <span class='ocrx_word' id='word_1_861' title='bbox 2615 5399 3002 5471; x_wconf 79' lang='grc' dir='ltr'>ἀπολομένους,</span> <span class='ocrx_word' id='word_1_862' title='bbox 3031 5399 3154 5452; x_wconf 82' lang='grc' dir='ltr'>καθ’</span> <span class='ocrx_word' id='word_1_863' title='bbox 3189 5399 3217 5453; x_wconf 86' lang='grc' dir='ltr'><strong>ὂ</strong></span> <span class='ocrx_word' id='word_1_864' title='bbox 3249 5399 3526 5454; x_wconf 81' lang='grc' dir='ltr'>ἐδίδασκεν</span> <span class='ocrx_word' id='word_1_865' title='bbox 3551 5399 3580 5452; x_wconf 88' lang='grc' dir='ltr'><strong>ό</strong></span> <span class='ocrx_word' id='word_1_866' title='bbox 3613 5399 3808 5471; x_wconf 82' lang='grc' dir='ltr'>Σωτὴρ</span> 
     </span>
    </p>
   </div>
   <div class='ocr_carea' id='block_1_116' title="bbox 2221 5491 3808 5566">
    <p class='ocr_par' dir='ltr' id='par_1_116' title="bbox 2221 5491 3808 5566">
     <span class='ocr_line' id='line_1_116' title="bbox 2221 5491 3808 5566; baseline -0.003 -18"><span class='ocrx_word' id='word_1_867' title='bbox 2221 5495 2415 5564; x_wconf 73' lang='grc' dir='ltr'>λέγων’</span> <span class='ocrx_word' id='word_1_868' title='bbox 2449 5513 2467 5546; x_wconf 80' lang='grc' dir='ltr'><strong>ι</strong></span> <span class='ocrx_word' id='word_1_869' title='bbox 2497 5493 2800 5564; x_wconf 86' lang='grc' dir='ltr'>Πορεύεσθε</span> <span class='ocrx_word' id='word_1_870' title='bbox 2839 5493 2976 5566; x_wconf 77' lang='grc' dir='ltr'>πρὸς</span> <span class='ocrx_word' id='word_1_871' title='bbox 3005 5493 3074 5546; x_wconf 82' lang='grc' dir='ltr'>τὰ</span> <span class='ocrx_word' id='word_1_872' title='bbox 3105 5493 3352 5566; x_wconf 87' lang='grc' dir='ltr'>πρόϐατα</span> <span class='ocrx_word' id='word_1_873' title='bbox 3387 5492 3458 5547; x_wconf 81' lang='grc' dir='ltr'>τὰ</span> <span class='ocrx_word' id='word_1_874' title='bbox 3485 5491 3808 5548; x_wconf 83' lang='grc' dir='ltr'>ἀπολωλότα</span> 
     </span>
    </p>
   </div>
   <div class='ocr_carea' id='block_1_117' title="bbox 2220 5583 3806 5660">
    <p class='ocr_par' dir='ltr' id='par_1_117' title="bbox 2220 5583 3806 5660">
     <span class='ocr_line' id='line_1_117' title="bbox 2220 5583 3806 5660; baseline -0.004 -20"><span class='ocrx_word' id='word_1_875' title='bbox 2220 5587 2370 5642; x_wconf 74' lang='grc' dir='ltr'>οἴκου</span> <span class='ocrx_word' id='word_1_876' title='bbox 2413 5584 2647 5657; x_wconf 84' lang='grc' dir='ltr'>Ἰσραήλ.</span> <span class='ocrx_word' id='word_1_877' title='bbox 2687 5604 2706 5640; x_wconf 77' lang='grc' dir='ltr'><strong>ι</strong></span> <span class='ocrx_word' id='word_1_878' title='bbox 2735 5583 2922 5642; x_wconf 83' lang='grc' dir='ltr'>Ταῦτα</span> <span class='ocrx_word' id='word_1_879' title='bbox 2945 5583 3001 5641; x_wconf 84' lang='grc' dir='ltr'>δὲ</span> <span class='ocrx_word' id='word_1_880' title='bbox 3023 5584 3290 5660; x_wconf 82' lang='grc' dir='ltr'>ἔπραττον</span> <span class='ocrx_word' id='word_1_881' title='bbox 3304 5585 3364 5644; x_wconf 82' lang='grc' dir='ltr'>ὲν</span> <span class='ocrx_word' id='word_1_882' title='bbox 3392 5587 3512 5651; x_wconf 85' lang='grc' dir='ltr'>ταῖς</span> <span class='ocrx_word' id='word_1_883' title='bbox 3540 5583 3806 5658; x_wconf 84' lang='grc' dir='ltr'>τέσσαρσι</span> 
     </span>
    </p>
   </div>
  </div>
