4158 6402
355 388 462 445 ΓΠ

1313 383 1810 442 οοιιιιεΝτΑιυΑ
1850 382 1916 439 IN
1955 381 2208 442 ISAIAM.
2248 419 2317 428 —
2352 385 2506 443 CAP.
2545 381 2639 442 X1.

3502 384 3650 452 173,

355 506 718 580 πτέρυξιτῆς
765 508 890 579 γῆς,
916 506 1288 577 διατρέχοντες
1315 505 1579 577 ἀνατολὴν
1623 505 1717 560 καὶ
1762 504 1933 570 δύσιν,

2038 515 2233 560 teme:
2267 505 2542 562 Orientem
2587 513 2644 560 et
2673 502 3040 566 Occidentem.
3077 501 3512 573 Septentrionem
3551 513 3606 555 et

355 598 557 670 ἄρκτον
604 596 698 650 καὶ
749 595 1114 668 μεσημϐρίαν.
1155 595 1398 666 Πρώτοις
1433 597 1530 667 μὲν
1582 592 1675 650 οῦν
1711 597 1934 660 ἐκείνοις

359 687 702 760 μετεδίδοσαν
730 688 824 741 τοῦ
849 687 1204 756 εὐαγγελικοῦ
1237 687 1416 757 λόγου,
1457 689 1646 746 ἔπειτα
1690 691 1800 752 τοῖς
1827 689 1937 743 λοι-

357 783 482 843 ποῖς
510 779 716 832 ἔθνεσιν
740 779 1058 850 ἐκήρυττον.
1091 779 1182 832 Διὸ
1215 779 1478 833 λέλεκται·
1518 799 1536 831 ι
1573 781 1683 834 Kal.
1722 779 1936 845 συνάξει

356 872 482 934 τοὺς
540 871 882 934 ἀπολωλότας
923 871 1160 943 Ἰσραὴλ,
1209 872 1304 925 καὶ
1348 873 1473 936 τοὺς
1512 872 1936 944 διεσπαρμένους

369 963 561 1016 Ἰούδα.
608 981 628 1016 ι
663 962 833 1026 Τίςδέ
875 963 1150 1034 συνάξειή
1197 965 1225 1018 ὁ
1262 964 1614 1028 smmum;
1638 965 1816 1036 χορὸς,
1845 965 1878 1035 ἢ
1909 967 1937 1018 ὁ

355 1051 425 1106 δι’
454 1052 629 1107 αὐτῶν
658 1053 1057 1124 κηρυττόμενος
1084 1055 1148 1106 ἐκ
1179 1052 1334 1124 ῥίζης
1369 1055 1599 1118 Ἰεσσαί;
1636 1053 1938 1124 Συνήγοντό

357 1159 417 1195 τε
467 1143 570 1195 ὑπὸ
635 1143 764 1213 μίαν
817 1143 1183 1214 Ἐκκλησίαν,
1229 1143 1411 1197 ούκέτι
1459 1143 1764 1207 διεστῶτες,
1818 1143 1938 1197 οὐδὲ

357 1235 727 1307 ἀφωρισμένοι
763 1236 1030 1308 ἀλλήλων,
1061 1237 1136 1301 ὼς
1165 1238 1226 1291 τὸ
1267 1238 1550 1309 πρότερον.

435 1346 454 1379 ι
499 1331 611 1383 Kal.
660 1329 1090 1402 πετασθήσονται
1135 1331 1193 1382 ἐν
1235 1330 1442 1394 πλοίοις
1476 1330 1808 1400 ἀλλοφύλων,
1845 1329 1939 1384 θά-

357 1417 564 1473 λασσαν
585 1421 700 1491 ἅμα
725 1421 1202 1492 προνομεύσουσιν.
1244 1443 1265 1472 ι
1311 1422 1504 1492 Ἐχρῆν
1519 1421 1697 1475 τοίνυν
1719 1423 1934 1488 αὐτοὺς,

358 1511 427 1566 τά
460 1511 586 1584 ἔθνη
607 1511 1080 1584 περινοστοῦντας,
1119 1513 1336 1577 πάντως
1363 1531 1464 1567 που
1506 1513 1601 1567 καὶ
1627 1516 1692 1584 τῇ
1729 1513 1819 1567 διὰ
1840 1513 1938 1568 θα-

359 1601 563 1672 λάσσης
601 1602 904 1674 χρήσασθαι
938 1603 1153 1674 πορείᾳ.
1196 1603 1405 1674 ’Ὠσπερ
1445 1599 1538 1656 οῦν
1569 1597 1937 1676 ίπεάμενοι,ᾗ

357 1692 521 1762 τάχος
556 1694 648 1746 καὶ
698 1694 790 1747 τὸν
836 1693 924 1747 διὰ
964 1693 1232 1766 θαλάττης
1269 1694 1469 1766 δρόμον
1501 1695 1732 1766 διήνυον·
1756 1696 1830 1760 ὼς
1879 1697 1938 1748 ἐν

364 1781 556 1854 βραχεί
579 1785 754 1856 χρόνῳ
789 1783 1058 1849 πλείστοις
1090 1785 1266 1838 ἔθνεσι
1298 1786 1360 1840 τὸ
1397 1785 1727 1856 Εύαγγέλιον
1762 1785 1936 1858 κηρύ-

2038 599 2313 654 Meridiem
2349 609 2746 670 percurrentes.
2792 596 2902 654 Illis
2931 598 3111 667 itaque
3156 597 3332 668 primo
3375 609 3607 664 evange-

2037 689 2199 743 licum
2247 691 2470 744 verbum
2529 688 2904 752 tradiderunt,
2957 687 3152 744 deinde
3200 686 3422 754 reliquis
3469 699 3604 753 gen-

2039 783 2182 836 tibus
2226 782 2608 851 praedicarunt.
2660 783 3018 850 Quamobrem
3065 781 3268 834 dictum
3318 787 3436 840 est,
3493 796 3511 827 ι
3542 775 3606 830 Et

2037 874 2387 943 congregabit
2430 876 2666 944 perditos
2716 875 2912 936 Israel,
2960 881 3015 928 et
3069 871 3338 940 dispersos
3385 867 3598 923 Iudae.»

2037 964 2170 1030 Quis
2201 966 2567 1034 congregabit,
2615 967 2715 1020 nisi
2767 965 3092 1036 apostolicus
3125 964 3348 1027 chorus,
3398 963 3514 1015 sive
3561 962 3604 1014 is

2038 1057 2126 1125 qui
2157 1055 2226 1110 ab
2263 1057 2370 1112 illis
2394 1059 2744 1124 praedicatur,
2771 1072 2835 1112 ex
2875 1056 3056 1110 radice
3101 1054 3266 1109 Jessae
3309 1053 3501 1109 ortus?
3549 1052 3606 1107 ιη

2039 1163 2142 1201 una
2181 1164 2344 1218 porro
2375 1149 2614 1206 Ecclesia
2650 1159 2779 1204 tunc
2807 1148 3297 1219 congregabantur,
3330 1161 3434 1202 non
3467 1147 3627 1201 ultra.

2039 1240 2233 1303 dissiti,
2265 1255 2437 1310 neque
2465 1241 2721 1312 scparati.
2755 1251 2810 1294 ut
2850 1250 3028 1294 antea.

2112 1329 2273 1385 Vens.
2304 1331 2390 1384 14.
2454 1348 2473 1383 ι
2507 1330 2573 1385 Et
2632 1331 2890 1386 volabunt
2936 1332 2986 1384 in
3037 1329 3260 1384 navibus
3308 1327 3627 1400 allophylo--

2040 1438 2190 1485 rum.
2248 1437 2398 1476 mare
2430 1422 2590 1476 simul
2639 1423 3042 1491 praedabuntur.
3075 1440 3094 1474 ι
3152 1420 3400 1492 Oportnit
3446 1422 3629 1492 igitur.-

2035 1531 2170 1578 eos.
2229 1525 2512 1585 postquam
2576 1525 2765 1588 gentes
2828 1515 3256 1583 circumquaque
3324 1514 3620 1574 adierant,

2039 1607 2202 1662 etiam
2239 1611 2404 1662 maris
2453 1609 2644 1663 itinera
2686 1607 2923 1662 emetiri.
2953 1605 3116 1674 Quasi
3165 1604 3406 1659 volantes
3446 1605 3616 1676 igitur

2041 1711 2199 1765 quam
2231 1696 2480 1751 celeriter
2521 1711 2742 1752 cursum
2789 1697 2954 1752 maris
3003 1694 3394 1763 coaliciebant,
3438 1696 3511 1750 ita
3555 1703 3612 1750 ut

2042 1787 2189 1842 brevi
2222 1788 2643 1858 quamplurimis
2677 1789 2930 1858 gentibus
2966 1787 3312 1858 Evangelium
3353 1787 3612 1858 praedica-

357 1874 465 1942 ξαι.
510 1877 619 1929 Καὶ
646 1876 774 1929 ποτὲ
811 1876 908 1946 μὲν
939 1876 1210 1948 διέτρεχον
1245 1877 1436 1948 πεζῆς,
1471 1879 1600 1932 ποτέ
1629 1879 1686 1932 δὲ
1728 1879 1815 1932 διὰ
1841 1878 1934 1934 θα-

2045 1888 2182 1933 rent.
2215 1879 2278 1934 Et
2321 1895 2452 1935 sane
2496 1882 2654 1935 modo
2701 1881 2948 1950 pedibus.
2980 1882 3139 1935 modo
3175 1880 3310 1934 mari
3348 1880 3448 1935 iter
3488 1895 3610 1951 age-

357 1967 583 2038 λάσσης·
626 1969 727 2021 οὐκ
767 1967 1040 2032 Ἰουδαίοις
1085 1967 1356 2041 χρώμενοι
1390 1970 1773 2042 κυϐερνήταις,
1824 1971 1938 2025 ἀλλ’

356 2061 613 2132 ἀνδράσιν
642 2061 794 2115 οὔπω
827 2063 916 2116 τὸν
957 2063 1190 2134 Χριστὸν
1241 2064 1748 2136 παραδεδεγμένοις,
1784 2067 1942 2121 Κατά

356 2152 515 2207 τοῦτο
542 2154 598 2207 δέ
631 2155 726 2208 καὶ
756 2155 856 2225 τήν
881 2156 1550 2229 θάλασσανέπρονόμευον,
1578 2157 1720 2211 οὕτω
1746 2159 1943 2230 σημαί-

357 2263 540 2310 νοντος
579 2248 674 2300 τοῦ
705 2247 864 2316 λόγου
907 2248 1004 2312 τάς
1032 2249 1249 2318 νήσους,
1283 2248 1349 2312 ἀς
1395 2251 1452 2303 ἐν
1499 2250 1711 2321 παρόδῳ
1735 2251 1943 2322 διερχό-

362 2352 536 2406 μενοι,
566 2337 693 2401 τοὺς
721 2340 778 2392 ἐν
805 2339 997 2402 αὑταῖς
1037 2341 1104 2410 τῇ
1141 2341 1392 2412 σωτηρίῳ
1426 2340 1828 2397 καθυπέταττον
1855 2344 1932 2398 δι-

269 2475 272 2480 .
359 2426 649 2498 δασκαλίᾳ.

433 2539 452 2571 ι
491 2522 600 2573 Καὶ
651 2523 778 2584 τοὺς
815 2521 907 2589 ἀφ’
947 2522 1100 2592 ἡλίου
1163 2524 1454 2591 ἀνατολῶν,
1482 2529 1575 2580 καὶ
1620 2528 1938 2598 Ἰδουμαίαν,

359 2611 456 2664 καὶ
511 2613 603 2665 ἐπὶ
667 2615 844 2668 Μωάδ
899 2615 1116 2687 πρῶτον
1175 2617 1275 2681 τὰς
1340 2623 1527 2692 χεῖρας
1572 2620 1938 2676 ἐπιϐαλοῦσιν.

358 2705 422 2758 Ol
473 2705 580 2757 υἱοὶ
643 2705 865 2777 ’Λμμὼν
927 2710 1133 2782 πρῶτοι
1176 2710 1597 2766 ὑπακούσονται.
1664 2732 1683 2766 ι
1739 2715 1940 2786 Προνο-

362 2791 654 2863 μεύσουσιν
687 2792 797 2862 οῦν,
829 2799 1013 2869 φησιν,
1054 2802 1102 2852 oi.
1148 2801 1380 2872 Χριστοῦ
1415 2803 1656 2874 μαθηταὶ
1687 2806 1781 2858 καὶ
1812 2808 1939 2870 τοὺς

360 2885 454 2954 ἀφ’
479 2885 630 2956 ήλίου
681 2889 977 2943 ἀνατολῶν
1024 2892 1358 2962 ἱστοροῦνται
1391 2895 1521 2962 γοῦν
1572 2913 1716 2960 τινες
1760 2898 1940 2951 αὐτῶν

367 2977 526 3049 μέχρι
554 2978 654 3049 τῆς
701 2980 926 3052 Περσῶν
978 2983 1073 3036 καὶ
1115 2984 1289 3040 Ἰνδῶν
1325 2986 1690 3056 διεληλυθέναι
1735 2988 1934 3060 χώρας.

376 3069 591 3143 Ἐπειδὴ
619 3072 673 3127 δὲ
695 3073 908 3129 ἐδόκουν
952 3077 1096 3131 κοιτά
1125 3080 1252 3143 τοὺς
1274 3081 1498 3152 χρόνους
1530 3082 1624 3136 τοῦ
1659 3085 1938 3156 προφήτου

375 3159 681 3231 Ἰδουμαῖοι,
716 3165 809 3219 καὶ
839 3168 1146 3234 Μωαϐῖται,
1195 3171 1287 3224 καὶ
1336 3171 1684 3242 Ἀμμανῖται.
1719 3174 1785 3228 τὰ
1811 3177 1938 3248 περὶ¹

363 3249 460 3320 τὴν
496 3252 752 3310 Ἰουδαίαν
787 3257 1048 3330 Ἀραϐικά
1067 3260 1218 3333 ἔθνη,
1248 3262 1482 3332 πολέμια
1511 3264 1606 3317 καὶ
1634 3265 1801 3336 ἐχθρὰ
1813 3283 1944 3336 τυγ-

361 3340 548 3411 χάνειν
575 3343 668 3398 τοῦ
717 3350 846 3419 παρ’
899 3350 1180 3415 Ἰουδαίους
1209 3355 1545 3424 τιμωμένου,
1600 3357 1687 3410 διὰ
1716 3359 1815 3430 τὴν
1848 3359 1940 3413 ἔκ·-

359 3448 524 3488 τοπον
554 3437 732 3492 αὐτῶν
761 3440 1221 3511 εἰδωλολατρείαν·
1258 3446 1484 3510 εἰκότως
1533 3447 1734 3502 τούτων
1765 3450 1942 3505 αὐτῶν

357 3520 619 3594 ὀνομαστὶ
667 3528 886 3601 μνήμην
917 3533 947 3584 ὁ
971 3531 1128 3600 λόγος
1171 3537 1489 3608 ἐποιήσατο,
1529 3538 1604 3602 ὡς
1638 3539 1731 3592 καὶ
1763 3541 1942 3595 αὐτῶν

359 3617 808 3689 παραδεξομένων
856 3623 953 3695 τὴν
987 3626 1092 3679 ὑπὸ
1118 3627 1226 3682 τῶν
1255 3629 1565 3685 ἀποστόλων
1605 3633 1942 3706 κηρυχθησο-

361 3713 529 3783 μένην
560 3716 861 3774 εὐσέϐειαν.

431 3822 451 3854 r
501 3807 608 3859 Kal
635 3809 912 3879 ἐρημώσει
950 3813 1153 3884 Κύριος
1194 3815 1294 3886 τὴν
1325 3817 1598 3872 θάλασσαν
1624 3819 1925 3888 Αἰγύπτου,

358 3897 453 3950 καὶ
482 3898 732 3953 ἐπιϐαλεί
785 3901 883 3974 τὴν
931 3908 1092 3976 χεῖρα
1137 3907 1302 3960 αὑτοῦ
1336 3908 1430 3962 ἐπὶ
1467 3909 1558 3963 τὸν
1603 3910 1848 3980 ποταμὸν
1879 3912 1939 3963 ἐν

359 3988 630 4059 πνεύματι
664 3991 839 4064 βιαίῳ.
886 4012 905 4045 ι
942 3997 1217 4064 Αίγυτνεον
1259 3999 1366 4069 μὲν
1401 3999 1498 4070 τὴν
1541 3999 1804 4072 αἰσθητὴν
1831 4002 1938 4054 τῶν

358 4080 669 4148 Αἰγυπτίων
692 4084 873 4158 χώραν
907 4087 1200 4157 ἀναγκαῖον
1233 4091 1514 4161 ὁμολογεῖν
1533 4109 1546 4122 ·
1584 4092 1856 4148 θάλασσαν
1881 4095 1938 4148 δὲ

361 4171 534 4242 αὐτῆς
561 4177 654 4227 καὶ
684 4179 926 4249 ποταμὸν
965 4179 1342 4252 ἀλληγορικῶς
1397 4183 1735 4254 ἐκδέχεσθαι·
1795 4187 1938 4260 ἆπερ

357 4267 521 4336 φησὶν
567 4269 1020 4342 ἐρημωθήσεσθαι
1063 4273 1206 4328 κατά
1243 4275 1370 4338 τοὺς
1429 4277 1937 4349 προφητευομένους

355 4354 599 4428 χρόνους,
631 4360 691 4413 ἐν
737 4357 818 4425 οἷς
864 4363 1195 4436 προσθήσειν
1244 4367 1457 4439 εἴρηται
1509 4371 1537 4421 ὁ
1594 4368 1797 4441 Κύριος
1841 4370 1934 4424 τοῦ

355 4445 524 4512 δεῖξαι
557 4449 656 4521 τήν
679 4455 836 4524 χεῖρα
861 4454 1046 4509 αὑτοῦ.
1095 4457 1159 4508 Ἢ
1200 4457 1309 4527 γὰρ
1343 4458 1626 4531 προσθήκη
1678 4477 1935 4532 προγενο-

2043 1971 2207 2037 bant;
2257 1987 2364 2027 non
2419 1970 2620 2028 Judaeis
2669 1973 3120 2044 gubernatoribus
3169 1973 3280 2039 usi,
3325 1973 3422 2028 sed
3455 1973 3611 2038 viris.

2042 2064 2132 2132 qui
2181 2066 2415 2120 nomium
2467 2065 2743 2121 Christum
2778 2078 3148 2136 susceperant.
3199 2065 3312 2121 liae
3351 2080 3612 2122 vero-ra-

2042 2159 2186 2214 tione
2226 2159 2388 2213 etiam
2442 2162 2613 2216 maria
2663 2161 3074 2229 praedabantur;
3113 2164 3196 2218 his
3243 2163 3613 2233 signiﬁcantur

2043 2251 2234 2308 insulae
2267 2269 2494 2322 qnarmn
2533 2254 2741 2310 incolas
2767 2257 2892 2310 dum
2927 2256 2979 2309 in
3011 2267 3325 2312 transcursu
3361 2271 3614 2328 peragra-

2043 2355 2182 2412 rent,
2213 2344 2441 2401 salutari
2471 2347 2731 2402 doctrinae
2759 2347 3136 2418 subjiciebant.

2119 2541 2137 2575 ι
2169 2523 2235 2578 Et
2260 2539 2354 2580 ens
2385 2524 2475 2594 qui
2515 2533 2646 2580 sunt
2674 2525 2742 2579 ab
2771 2534 2893 2580 ortu
2927 2524 3078 2589 solis,
3105 2534 3160 2580 et
3196 2524 3483 2582 ldummam
3511 2546 3524 2582 :
3562 2537 3613 2582 et

2041 2615 2094 2671 in
2131 2615 2285 2670 Moab
2321 2617 2496 2687 primo
2533 2632 2726 2673 manus
2760 2617 3020 2687 injicient.
3050 2617 3169 2673 Filii
3197 2617 3425 2673 Ammon
3454 2620 3612 2689 primi

2040 2709 2316 2763 obedient.
2344 2729 2362 2762 ι
2413 2707 2826 2774 Ρηῑιισιιυηιυν,
2873 2710 3068 2780 inquit,
3109 2709 3310 2766 Christi
3362 2711 3613 2782 discipuli

2040 2793 2206 2857 etiam
2237 2817 2332 2858 eos
2363 2805 2452 2872 qui
2483 2804 2552 2858 ab
2583 2814 2705 2857 ortu
2739 2805 2871 2860 solis
2917 2817 3078 2860 sunt:
3114 2813 3370 2860 narratur
3412 2805 3616 2876 quippe

2040 2906 2228 2946 eorum
2279 2895 2539 2963 quosdam
2592 2910 2764 2964 usque
2808 2895 2874 2949 ad
2923 2895 3204 2950 Persarum
3251 2905 3306 2952 et
3360 2896 3612 2952 ludorum

2043 2985 2318 3052 regionem
2371 2995 2704 3054 penetrasse.
2757 2986 2895 3052 Quia
2947 3001 3079 3044 vero
3129 2987 3404 3058 prophetae
3456 2987 3614 3056 hujus

2045 3083 2310 3146 tempore,
2364 3076 2610 3141 Idumaei,
2663 3076 2908 3135 Moabin
2957 3089 3012 3134 et
3054 3081 3394 3143 Ammonitaa.
3428 3091 3614 3150 gentes

2046 3166 2150 3221 illa:
2203 3165 2478 3235 Arabicae,
2532 3167 2678 3222 circa
2734 3167 2971 3224 Judaeant
3029 3171 3248 3240 positae,
3301 3170 3505 3227 inimici
3561 3180 3613 3228 et

2047 3261 2228 3315 hostes
2261 3263 2581 3319 videbantur
2605 3277 2725 3318 esse
2765 3261 2873 3317 Deo
2917 3278 3082 3332 penes
3107 3261 3322 3318 Judzros
3351 3265 3519 3329 culto,
3543 3265 3612 3320 ob

2045 3349 2334 3405 absurdam
2391 3368 2558 3422 quam
2625 3353 2878 3408 fovebant
2932 3352 3329 3420 idololatriam;
3377 3353 3502 3425 jure
3547 3369 3614 3411 ac

2044 3447 2240 3499 merito
2275 3445 2308 3500 ii
2357 3447 2675 3500 nominatim
2726 3456 3246 3510 couunemorantur,
3297 3455 3482 3516 utpote
3516 3448 3610 3516 qui

2042 3541 2183 3611 piam
2232 3541 2548 3613 religionem
2593 3543 2660 3596 ab
2690 3540 2947 3612 apostolis
2976 3539 3401 3594 aununtiandam
3428 3553 3615 3597 susce-

2041 3634 2186 3707 pturi
2220 3637 2350 3692 sint.

2113 3806 2281 3863 Vens.
2314 3807 2401 3863 15.
2441 3825 2459 3858 ι
2491 3808 2558 3863 Et
2594 3815 2866 3862 desertum
2921 3805 3106 3860 reddet
3159 3776 3416 3861 Dominus
3464 3817 3611 3859 mare

2040 3897 2262 3971 Egypti
2291 3919 2306 3955 :
2340 3908 2395 3954 et
2440 3899 2646 3970 injiciet
2681 3913 2899 3952 manum
2928 3912 3080 3951 suam
3113 3911 3275 3965 super
3309 3896 3506 3952 ﬂumen
3556 3898 3610 3952 in

2039 3994 2232 4061 spiritu
2279 3993 2649 4048 vehementi.»
2703 3989 2998 4060 Egyptum
3052 3989 3300 4060 quidem,
3358 3989 3610 4044 sensileut
3719 4007 3722 4010 θ

2039 4085 2186 4138 illam
2214 4082 2594 4156 Egyptiorum
2640 4082 2913 4153 regionem
2942 4094 3062 4136 esse
3101 4080 3411 4135 necessario
3441 4080 3613 4136 conli-

2040 4176 2255 4230 tendum
2312 4186 2432 4242 est;
2483 4175 2576 4229 sed
2621 4188 2770 4228 mare
2815 4181 2868 4226 et
2915 4171 3109 4227 ﬂumen
3157 4173 3273 4241 ejus
3320 4171 3610 4241 allegorice

2038 4265 2390 4336 accipienda:
2430 4282 2548 4336 quze
2590 4267 2641 4320 in
2677 4275 2922 4334 tempore
2967 4280 2996 4318 a
3042 4264 3324 4332 prophetia
3372 4262 3612 4318 indicato

2039 4359 2297 4412 vastanda
2341 4359 2455 4413 fore
2491 4359 2596 4411 ait:
2646 4359 2862 4427 quando
2892 4358 3149 4412 Dominus
3186 4357 3499 4425 adiecturus
3528 4358 3610 4412 di-

2037 4451 2200 4515 citur,
2231 4460 2287 4505 ut
2337 4453 2590 4505 ostendat
2625 4466 2844 4503 manum
2879 4466 3054 4504 suam.
3103 4450 3310 4504 Etenim
3355 4449 3607 4520 adjectio,

361 4539 541 4609 μένοις
573 4542 892 4614 πράγμασιν
922 4547 1081 4618 ἕτερα
1134 4550 1468 4622 ὁμοιότροπα
1512 4552 1931 4623 ἐπιγενήσεσθαι

2038 4542 2141 4611 iam
2179 4543 2413 4614 peractis
2448 4543 2608 4597 rebus
2639 4543 2740 4596 alia
2776 4542 2973 4597 similia
3009 4543 3250 4597 addenda
3286 4557 3410 4597 esse
3440 4542 3610 4612 signi-

356 4631 524 4703 δηλοῖ.
557 4635 726 4688 Πάλαι
756 4638 852 4708 μὲν
893 4635 986 4693 οὖν
1020 4641 1110 4694 ἐπὶ
1133 4643 1418 4707 Μωῦσέως
1463 4645 1496 4714 ἡ
1532 4645 1652 4716 χεὶρ
1685 4645 1780 4699 τοῦ
1816 4649 1928 4700 Κυ-

358 4723 474 4792 ρίου
502 4724 735 4797 ὲξήγαγε
759 4731 884 4793 τοὺς
902 4733 1051 4796 υἱοὺς
1067 4733 1281 4806 Ἰσραὴλ
1299 4733 1358 4799 ἐξ
1376 4735 1650 4804 Αἰγύπτου
1671 4755 1682 4767 ·
1701 4739 1928 4810 διήγαγε

354 4813 408 4867 δὲ
467 4816 564 4888 τὴν
602 4817 876 4874 θάλασσαν
924 4821 1022 4894 τήν
1061 4825 1347 4897 Ἐρυθρὰν,
1385 4828 1478 4880 καὶ
1527 4829 1820 4899 εἰσήγαγεν
1849 4832 1929 4894 εἰς

352 4907 452 4979 τὴν
482 4909 582 4979 γῆν
607 4909 706 4980 τῆς
729 4913 1079 4982 ἐπαγγελίας,
1111 4919 1208 4988 τὴν
1241 4913 1405 4972 οὖσαν
1438 4919 1750 4990 ἀλλοφύλων
1791 4923 1928 4992 πρό-

352 5014 538 5070 τερονο
569 5004 684 5056 νυνὶ
715 5003 772 5058 δὲ
821 5007 914 5058 καὶ
961 5007 1047 5061 διὰ
1071 5008 1164 5062 τοῦ
1202 5009 1265 5063 ὲκ
1310 5009 1466 5082 ῥίζης
1504 5013 1699 5066 Ἰεσσαὶ
1727 5013 1758 5084 ή
1790 5013 1929 5086 αὐτὴ

355 5092 474 5164 χεὶρ
495 5092 588 5146 τοῦ
623 5095 847 5166 Κυρίου,
877 5099 1192 5172 προσθήκην
1214 5101 1434 5169 ἀγαθῶν
1457 5103 1774 5176 ποιουμένη,
1803 5107 1929 5170 τοὺς

355 5183 684 5251 ἀποστόλους
721 5188 814 5242 τοῦ
845 5190 1115 5263 Σωτῆρος,
1143 5197 1238 5247 καλ⁵
1268 5197 1392 5258 τοὺς
1418 5198 1662 5268 κήρυκας
1698 5197 1791 5252 τοῦ
1823 5216 1927 5252 σω·-

351 5276 541 5347 τηρίου
572 5279 922 5351 Εὐαγγελίου,
959 5284 1240 5349 Ἰουδαίους
1275 5286 1434 5349 ὄντας
1465 5289 1558 5342 καὶ
1577 5287 1636 5354 ἐξ
1663 5289 1925 5343 Ἰουδαίων

352 5368 725 5440 ὁρμωμένους,
773 5375 1050 5441 ἐπιδόξους
1103 5377 1198 5431 καὶ
1247 5377 1519 5449 ζηλωτοὺς
1567 5382 1738 5434 ἐποίει
1805 5381 1926 5436 καθ’

351 5459 478 5531 ὅλης
506 5463 606 5533 τῆς
651 5467 994 5538 οἰκουμένης,
1037 5469 1098 5522 ού
1151 5470 1258 5540 μὴν
1292 5470 1427 5525 ἀλλά
1483 5473 1577 5526 καὶ⁹
1625 5474 1712 5526 ἐπ’
1755 5474 1925 5545 αὐτῆς

351 5554 650 5622 Αἰγύπτου,
691 5556 820 5612 ἔνθα
845 5560 1122 5632 παρῄεσαν
1148 5562 1461 5630 ἀκωλύτως,
1505 5564 1730 5636 μηδενὸς
1751 5568 1923 5637 ἐμπο-

346 5645 452 5698 δὼν
481 5647 664 5713 αὐτοῖς
711 5653 1030 5724 γινομένου·
1084 5656 1178 5710 καὶ
1225 5657 1443 5728 διῄεσαν
1489 5658 1581 5711 ἐπὶ
1612 5659 1922 5730 καθαιρέσει

347 5738 447 5808 τῆς
481 5741 861 5815 Αἰγυπτιακῆς
905 5747 1362 5820 εἰδωλολατρείας.
1424 5751 1532 5804 Kal.
1574 5753 1623 5804 οί
1675 5751 1773 5822 μὲν
1827 5752 1922 5804 ἐπὶ

348 5831 625 5899 Μωῦσέως
675 5834 919 5907 ἐξῄεσαν,
970 5837 1256 5907 φεύγοντες
1311 5841 1397 5895 τὸν
1423 5841 1616 5914 Φαραὼ
1665 5843 1756 5897 καὶ
1796 5845 1919 5908 τους

2040 4638 2180 4691 licat.
2210 4635 2347 4691 Olim
2381 4635 2600 4704 quidem
2635 4635 2836 4706 Moysis
2882 4646 3120 4704 tempore
3156 4650 3348 4689 manus
3398 4634 3608 4689 Domini

2039 4730 2177 4787 ﬁlios
2219 4730 2381 4784 Israel
2411 4730 2602 4784 eduxit
2633 4744 2697 4784 ex
2739 4727 2998 4800 Aigypto,
3036 4743 3132 4798 per
3177 4743 3326 4783 mare
3365 4726 3608 4782 Rubrum

2037 4823 2273 4878 tratsire
2305 4823 2452 4888 fecit,
2485 4834 2541 4878 et
2591 4823 2805 4877 induxit
2855 4824 2904 4876 in
2953 4832 3155 4876 terram
3207 4820 3607 4890 promissionis.

2034 4933 2153 4987 quae
2183 4917 2330 4987 prius
2367 4917 2756 4989 ειΙΙοιιιιγιονιιιη
2781 4927 2918 4970 erat.
2949 4913 3099 4969 Nunc
3129 4923 3306 4968 autem
3338 4929 3434 4983 per
3459 4929 3606 4978 eum.

2037 5013 2126 5080 qui
2167 5026 2231 5066 ex
2261 5012 2446 5066 radice
2490 5009 2658 5066 lassa:
2697 5009 2929 5080 prodiit,
2979 5009 3091 5078 ipsa
3134 5008 3343 5062 Domini
3393 5022 3605 5072 manus,

2038 5104 2299 5158 bonorum
2321 5105 2685 5158 accessionem
2713 5101 2968 5166 all'erens,
2990 5099 3262 5170 apostolos
3287 5099 3603 5162 Salvatnris.

2034 5204 2089 5248 et
2119 5194 2372 5249 salutat-is
2403 5193 2680 5262 Evangelii
2712 5206 2990 5260 prmcones
3024 5191 3278 5261 ipsosque
3306 5189 3520 5244 Judzeos
3551 5200 3606 5242 et

2033 5302 2096 5341 ex
2126 5285 2326 5341 Judzeis
2355 5284 2647 5356 profer-tos,
2676 5283 2936 5353 gloriosos
2957 5291 3010 5338 et
3038 5283 3382 5337 aemulatione
3409 5281 3604 5348 dignos

2034 5395 2129 5450 per
2173 5391 2340 5433 tntum
2381 5380 2566 5432 orbem
2606 5375 2815 5440 ell'ccit;
2860 5375 2967 5428 imo
2994 5373 3154 5428 etiam
3189 5373 3242 5428 in
3281 5373 3395 5443 ipsa
3437 5371 3604 5443 Aﬁgy-

2034 5482 2146 5542 pto,
2173 5487 2280 5540 quo
2316 5469 2486 5524 libere
2516 5468 2614 5532 illi,
2646 5467 2861 5523 nemine
2901 5468 3173 5530 obstante,
3205 5465 3597 5535 peragraba'nt,

2035 5574 2088 5617 et
2136 5563 2201 5617 ad
2248 5561 2624 5633 ngyptiacam
2667 5559 3026 5616 idololatriam
3074 5559 3423 5614 evertendam
3457 5555 3602 5612 ultro

2031 5662 2274 5730 citroque
2325 5660 2694 5731 permeabant.
2723 5658 2800 5712 Ac
2847 5655 2920 5710 illi
2955 5659 3173 5725 quidem
3211 5651 3410 5724 Moysts
3456 5661 3600 5706 tem-

2030 5767 2181 5822 pore,
2216 5751 2482 5821 fugientes
2521 5747 2861 5804 Pharaonem
2891 5755 2946 5802 et
2972 5744 3281 5818 Egyptios,
3310 5745 3596 5808 exierunt;

2030 5841 2281 5916 discipuli
2325 5851 2501 5900 autem
2538 5840 2740 5899 Christi
2781 5838 3008 5912 ingressi
3041 5848 3165 5894 sunt
3202 5838 3256 5894 in
3305 5833 3593 5907 Egyptum
