4158 6402
515 419 536 429 ,
580 345 682 400 ne

1176 311 1187 322 ’
1253 342 1521 400 sussen
1559 342 2042 404 CAESARIENSIS
2081 345 2149 404 οι

2271 347 2452 404 PARS
2491 347 2574 404 lll.
2613 378 2687 391 --
2720 345 3131 404 EXEGETICA.

3732 349 3839 406 190

577 462 863 531 spontanei
915 461 1170 518 salutaris
1205 461 1355 516 verbi
1400 478 1699 532 praecones.
1750 465 1861 523 Illis
1915 477 2149 539 tempore

2257 465 2710 536 Αἰγυπτίουςοοί
2760 464 2818 518 δὲ
2873 460 3112 536 Χριστοῦ
3168 460 3406 535 μαθηταὶ
3455 462 3706 534 εἰσῄεσαν
3755 467 3837 530 είς

577 554 783 625 Moysis
842 569 996 610 mare
1057 551 1242 609 sensili
1299 569 1449 610 more
1512 556 1782 624 divisum,
1831 573 1970 630 aqua
2024 576 2153 618 vero

574 645 819 718 IEgyptii
865 645 1101 702 ﬂuminis
1132 645 1184 700 in
1232 647 1545 716 sanguinem
1579 657 1784 702 mutata
1825 660 1936 716 est;
1971 660 2024 704 at
2060 653 2154 706 bo-

578 756 771 794 norum
801 739 1038 794 accessio
1066 741 1380 795 memoratis
1424 742 1768 810 temporibus
1815 740 1979 807 facta,
2017 745 2149 799 mari

575 835 792 904 quidem
821 833 1075 904 Egyptio
1105 834 1491 897 vastationem,
1537 833 1740 888 ﬂmnini
1788 852 1919 890 vero
1961 853 2150 892 eorum

575 936 874 980 extremam
923 926 1226 980 siccitatem
1279 925 1545 992 minatur;
1581 937 1637 981 ιιι
1684 928 1960 996 Evangelii
2012 945 2152 998 prte-

575 1033 736 1074 cones
781 1018 930 1074 nullo
980 1019 1140 1074 ohice
1185 1017 1567 1089 Egyptiorum
1615 1021 1864 1093 regiones
1914 1024 2150 1076 circum-

573 1122 726 1178 eant,
756 1126 820 1166 ac
864 1110 1155 1166 multorum
1189 1113 1405 1181 quidem
1444 1115 1668 1169 deorum
1710 1117 2150 1186 superstitionem

573 1213 850 1268 evertant;
886 1202 977 1256 Dei
1010 1211 1194 1256 autem
1225 1203 1314 1271 qui
1343 1219 1506 1274 supra
1529 1205 1708 1260 omnia
1737 1217 1841 1270 est,
1868 1216 1922 1262 et
1951 1207 2150 1263 Christi

574 1293 691 1363 i-jus
716 1310 783 1350 ex
826 1293 1011 1350 radice
1040 1292 1206 1349 Jessa:
1237 1297 1575 1366 prodeuntis,
1620 1299 1865 1353 notitiam
1913 1300 2148 1354 tradant.

573 1386 984 1442 Observandum
1029 1394 1208 1440 autem
1258 1397 1341 1442 est
1375 1403 1483 1458 quo
1521 1399 1680 1459 pacto
1730 1405 1834 1444 non
1876 1391 2148 1460 regionem

573 1481 819 1554 Egypti,
859 1481 952 1535 sed
985 1497 1133 1536 mare
1179 1489 1489 1538 vastaturus
1535 1498 1658 1539 esse
1710 1483 1974 1540 Dominus
1999 1486 2150 1540 dica-

577 1586 684 1635 tur.
714 1575 995 1642 Scriptura
1027 1575 1300 1643 copiosam
1336 1573 1656 1630 idololatria:
1696 1577 2016 1632 varietatem
2069 1579 2152 1635 his

574 1667 869 1722 indicante.
905 1664 1006 1720 Pro
1053 1666 1145 1720 illo
1177 1675 1381 1731 autem,
1427 1684 1445 1718 ι
1479 1665 1760 1721 Desertum
1798 1668 1961 1723 laciet
2009 1669 2150 1724 Deus

577 1772 729 1814 mare
754 1757 1003 1828 Egypti;
1031 1778 1049 1810 ι
1089 1769 1199 1813 tres
1225 1758 1317 1812 alii
1353 1758 1605 1812 similiter
1629 1759 1967 1823 interpretati
1997 1770 2143 1826 sunt,

2259 560 2529 628 Αίγυπτον
2569 556 2856 628 αὐτόμολοι
2905 557 3146 627 κήρυκες
3198 555 3290 608 τοῦ
3335 559 3604 628 σωτηρίου
3644 559 3826 629 λόγου.

2267 651 2379 704 Καὶ
2401 652 2512 714 τοῖς
2545 649 2644 719 μὲν
2660 648 2752 701 ἐπὶ
2769 645 3045 709 Μωῦσέως
3060 645 3284 718 διῄρητο
3316 649 3350 718 ἡ
3376 647 3622 705 θάλασσα
3645 651 3838 722 alcon-

2257 742 2363 807 τῶς
2381 760 2394 772 ·
2425 743 2486 796 τὸ
2504 742 2561 796 δὲ
2591 741 2735 813 ῦδωρ
2748 741 2843 794 τοῦ
2875 741 3174 809 Αἰγυπτίου
3203 743 3448 814 ποταμοῦ
3481 744 3838 816 μετεϐάλλετο

2253 837 2334 898 εἰς
2365 828 2503 906 αἷμα
2521 851 2536 864 ·
2563 835 2596 905 ἠ
2621 833 2678 887 δὲ
2701 833 2808 886 τῶν
2833 833 3050 902 ἀγαθῶν
3077 833 3360 906 προσθήκη
3391 836 3484 888 ἐπὶ
3507 835 3616 890 τῶν
3641 836 3835 906 δηλουο

2256 929 2436 999 μένων
2471 925 2677 998 χρόνων
2813 927 2912 996 μὲν
2947 924 3190 999 θαλάσσῃ
3230 927 3466 997 ἐρημίαν
3506 927 3721 998 ἀπειλεῖ
3764 933 3832 1001 τῇ

2256 1019 2546 1091 Αἰγυπτίᾳ,
2579 1019 2658 1090 τῷ
2703 1019 2761 1072 δὲ
2816 1019 3048 1090 ποταμῷ
3081 1019 3260 1072 αὐτῶν
3302 1020 3538 1090 παντελῆ
3568 1019 3829 1090 ἔκλειψιν,

2259 1113 2397 1186 πρὸς
2428 1113 2490 1166 τὸ
2519 1111 2640 1182 δίχα
2669 1111 2814 1175 τινὸς
2847 1111 3170 1182 κωλύματος
3213 1111 3308 1165 τοῦ
3349 1113 3618 1184 σωτηρίου
3650 1114 3833 1181 Εὐαγ-

2256 1205 2436 1276 γελίου
2486 1204 2732 1274 κήρυκας
2779 1203 3084 1276 περιελθεῖν
3135 1204 3235 1268 τάς
3278 1205 3592 1272 Αἰγυπτίων
3624 1203 3830 1278 χώρας,

2255 1297 2349 1351 καὶ
2377 1294 2687 1366 ἀνατροπὴν
2723 1295 2821 1365 μὲν
2846 1293 2946 1365 τῆς
2979 1294 3240 1349 πολυθέου
3285 1295 3464 1349 αὑτῶν
3499 1295 3829 1368 δεισιδαιμο-

2254 1387 2373 1450 νίας
2417 1385 2778 1458 ἐργάσασθαι,
2819 1383 2914 1439 τοῦ
2941 1385 2999 1438 δὲ
3027 1386 3119 1438 ἐπὶ
3170 1387 3388 1440 πάντων
3431 1387 3566 1440 Θεοῦ
3597 1389 3688 1441 καὶ
3733 1387 3831 1442 τοῦ

2252 1478 2488 1552 Χριστοῦ
2508 1477 2693 1543 αὑτοῦ,
2716 1479 2808 1532 τοῦ
2829 1481 2895 1532 ὲκ
2924 1478 3078 1549 ῥίζης
3093 1478 3288 1532 Ἰεσσαὶ
3316 1479 3685 1552 προελθόντος,
3717 1499 3795 1535 πα

2256 1571 2504 1642 ραδοῦναι
2551 1569 2648 1642 τὴν
2679 1569 2898 1638 γνῶσιν.
2953 1569 3268 1640 Θεωρητέον
3311 1571 3370 1624 δὲ
3405 1572 3553 1637 ὅπως
3606 1573 3667 1626 οὐ
3722 1574 3822 1643 τὴν

2252 1663 2437 1737 χώραν
2467 1663 2764 1732 Αἰγύπτου.
2800 1661 2936 1715 ἀλλά
2973 1662 3072 1734 τὴν
3102 1662 3374 1718 θάλασσαν
3405 1665 3573 1735 αὐτῆς
3603 1665 3823 1734 λέγεται

2250 1758 2280 1810 ὁ
2325 1757 2530 1829 Κύριος
2577 1755 2908 1829 ἐρημώσειν,
2939 1755 3030 1808 τοῦ
3077 1755 3178 1826 τῆς
3224 1756 3663 1830 είδωλολατρείας
3695 1759 3830 1832 πλή-

580 1873 597 1901 σ
635 1851 698 1906 Ει
769 1827 1246 1904 anathematizabit
1315 1850 1582 1907 Dominus
1670 1851 1908 1923 linguam
1985 1853 2149 1909 maris

2251 1849 2377 1913 θους
2399 1827 2540 1902 οὕτω
2570 1827 2918 1919 δηλουμένου.
2960 1847 3103 1900 Ἀντὶ
3142 1847 3322 1919 μέντοι
3351 1848 3467 1912 τοῦ,
3577 1827 3830 1923 Ἑρημῶ-
3877 1908 3882 1916 ,

577 1947 824 2020 Εεγριὶ.
851 1966 870 1999 ι
923 1944 978 2000 Si
1027 1946 1209 2014 itaque
1264 1946 1484 2000 malitia:
1526 1945 1686 2015 hujus
1729 1949 1855 2002 vitae
1899 1947 2152 2004 colluvies

578 2057 661 2095 ma
675 2041 716 2094 ri
749 2048 1114 2110 comparatur,
1141 2037 1262 2092 vide
1290 2053 1472 2092 annon
1503 2040 1697 2095 merito
1730 2040 2013 2094 atheorum
2053 2042 2154 2095 im-

575 2136 901 2208 piornmque
939 2132 1214 2186 hominum
1245 2131 1482 2199 linguam
1512 2131 1602 2201 qui
1633 2131 1760 2185 olim
1795 2132 1961 2186 Deum
2000 2132 2152 2202 igno-

577 2229 795 2294 rabant,
826 2236 882 2280 ιιι
911 2227 991 2282 sic
1024 2227 1237 2282 Pharao
1267 2224 1598 2290 declarabat,
1629 2244 1648 2276 ι
1679 2225 1792 2280 Non
1819 2227 1937 2280 novi
1971 2226 2145 2280 Domi-

577 2338 726 2385 num,
753 2330 806 2374 et
847 2317 1009 2374 Israel
1063 2333 1168 2372 non
1215 2318 1507 2382 dimittam,
1539 2336 1557 2368 ι
1599 2318 2152 2374 anathematizatnrus

577 2416 835 2470 Dominus
858 2428 980 2468 esse
1010 2412 1222 2466 dicatur
1241 2411 1534 2466 secundum
1562 2419 1670 2466 tres
1703 2411 2059 2480 interpretes;
2094 2421 2152 2466 ut

572 2521 641 2558 ne
669 2505 805 2559 nltra
853 2502 1174 2575 Egyptiaca
1223 2501 1402 2571 lingua
1459 2501 1861 2559 superstitionis
1906 2517 2149 2559 errorem

571 2595 990 2660 confirmarent;
1023 2593 1120 2649 sed
1168 2592 1379 2662 eloquia
1419 2592 1509 2646 Dei
1563 2593 1832 2662 proferre,
1877 2609 1939 2648 ac
1964 2593 2152 2662 jurare

573 2689 628 2743 in
663 2689 878 2742 nomine
926 2687 1137 2742 Domini
1185 2684 1423 2741 Sabaoth
1468 2685 1794 2750 ediscerent,
1829 2688 1970 2758 quod
2005 2688 2152 2743 lutu-

573 2800 690 2838 rum
719 2798 842 2838 esse
879 2782 933 2836 in
968 2781 1322 2851 sequentibus
1351 2795 1533 2834 sermo
1564 2780 1829 2834 declarat.
1857 2780 1948 2834 Sic
1991 2796 2152 2850 porro

573 2875 1034 2930 anathematizata
1103 2881 1189 2927 est
1241 2872 1544 2943 Egyptiaci
1603 2877 1768 2928 maris
1831 2873 2046 2942 lingua,
2095 2886 2152 2930 nt

576 2966 962 3035 malignorum,
991 2980 1128 3034 quos
1169 2965 1246 3018 illi
1280 2966 1554 3030 colebant,
1587 2967 1887 3020 damonnm
1932 2967 2149 3021 oracula

577 3060 796 3130 penitus
831 3060 1092 3125 silerent,
1139 3058 1625 3126 divinationesque,
1666 3075 1730 3114 ac
1783 3061 1938 3116 malae
1981 3073 2147 3125 artes,

578 3167 716 3222 quas
772 3153 1232 3225 przestigialornm
1286 3168 1450 3220 opera
1505 3154 1871 3216 exercebant,
1930 3169 2152 3224 prorsus

577 3253 859 3300 cessarent
887 3262 902 3300 :
931 3260 1050 3315 quae
1081 3245 1260 3299 omnia
1293 3245 1510 3316 impleta
1561 3257 1686 3302 sunt
1719 3258 1839 3316 post
1885 3248 2148 3317 praedica-

576 3335 777 3391 tionem
829 3336 1196 3408 evangelicam
1255 3336 1525 3408 Egyptiis
1572 3339 1792 3397 factam.
1845 3341 1972 3395 Inde
2023 3354 2151 3397 vero

572 3431 737 3486 etiam
789 3446 956 3500 penes
989 3445 1088 3485 nos
1141 3439 1249 3485 tota
1306 3445 1516 3494 eorum.
1565 3432 1654 3500 qui
1689 3433 1830 3503 apud
1865 3432 2150 3504 Egyptios

572 3523 646 3577 dii
700 3524 1174 3590 existimabantur,
1225 3525 1495 3580 exstincta
1562 3527 1737 3582 virtus
1798 3535 1934 3582 est:
1983 3538 2147 3598 atque

572 3616 812 3670 omnium
847 3615 1213 3686 improborum
1253 3627 1309 3672 et
1341 3619 1656 3682 atheorum,
1701 3619 1792 3688 qni
1840 3635 1938 3688 per
1978 3629 2146 3675 totum

571 3709 757 3764 orbem
818 3707 1138 3780 Egyptiaco
1219 3711 1451 3765 similem
1540 3711 1860 3768 idololatria:
1941 3729 2146 3769 morem

575 3802 952 3869 sectabantur,
1021 3804 1151 3857 illud
1222 3805 1352 3858 olim
1423 3806 1706 3861 exundans
1771 3816 1826 3861 et
1895 3807 2149 3862 ﬂuctibus

577 3895 840 3962 agitatum
906 3909 1092 3962 mare,
1152 3905 1450 3952 extremam
1512 3911 1731 3968 passum
1787 3905 1869 3952 est
1920 3898 2146 3952 vastita-

576 3994 705 4044 tem.

654 4287 674 4322 ι
701 4267 763 4324 Ει
802 4269 1010 4340 lnjiciet
1059 4285 1276 4324 manum
1322 4286 1474 4326 suam
1524 4272 1575 4325 in
1622 4271 1819 4325 numen
1858 4272 1911 4326 in
1953 4270 2145 4339 spiritu

573 4363 914 4425 vehementi,
969 4372 1023 4418 et
1079 4366 1348 4434 percutiet
1403 4375 1607 4434 septeni
1666 4364 1906 4426 canales.
1957 4365 2032 4420 ita
2091 4377 2148 4421 ιιι

576 4463 853 4510 transeant
880 4469 976 4524 per
1007 4453 1134 4508 illud
1165 4455 1443 4510 calceati.»
1479 4455 1741 4524 Spiritum
1773 4457 2145 4511 vehementem

2253 1956 2334 1993 σει
2369 1939 2572 2013 Κύριος
2598 1939 2696 2012 τὴν
2717 1939 2989 1994 Θάλασσαν
3007 1938 3305 2007 Αἰγύπτου,
3332 1958 3350 1990 ι
3369 1941 3417 1993 οί
3441 1944 3588 2013 τρεῖς
3609 1942 3826 2014 συμφώ-

2251 2048 2356 2096 νως
2380 2030 2551 2095 οὕτως
2579 2032 2966 2103 ἡρμήνευσανο
3006 2049 3025 2082 ι
3059 2031 3168 2084 Καὶ
3197 2030 3581 2104 ἀναθεματίσει
3625 2035 3828 2103 Κύριος

2249 2123 2350 2194 τὴν
2399 2123 2649 2193 γλῶσσαν
2696 2122 2970 2193 Θαλάσσης
3025 2121 3325 2191 Αἰγύπτου.
3382 2141 3400 2176 ι
3446 2125 3510 2177 Et
3536 2125 3715 2179 τοίνυν
3758 2126 3828 2180 τά

2251 2214 2432 2287 πλήθη
2461 2215 2562 2286 τῆς
2603 2216 2802 2279 κακίας
2830 2205 2924 2268 τοῦ
2959 2215 3075 2286 βίου
3126 2215 3369 2289 θαλάσσῃ
3414 2218 3826 2290 παρεικάζεται,

2249 2309 2354 2379 δρα
2403 2308 2452 2360 εί
2497 2308 2736 2376 εὐλόγως
2758 2307 2855 2378 τὴν
2908 2307 3015 2361 τῶν
3043 2307 3216 2363 ἀθέων
3246 2309 3337 2362 καὶ
3371 2309 3581 2363 ἀσεϐῶν
3619 2311 3829 2382 ἀνδρῶν

2251 2400 2524 2470 γλῶσσαν,
2549 2399 2658 2453 τῶν
2688 2399 2854 2455 πάλαι
2875 2402 2966 2454 τὸν
2990 2402 3121 2455 Θεὸν
3151 2401 3506 2472 ἀγνοούντων,
3530 2404 3606 2469 ὡς
3639 2405 3828 2476 ἐδήλου

2250 2494 2423 2562 λέγων
2455 2493 2484 2545 ό
2533 2491 2752 2564 Φαραὼ,
2807 2512 2824 2544 ι
2866 2494 2979 2548 Ούκ
3028 2491 3144 2550 οἶδα
3198 2497 3289 2549 τὸν
3323 2497 3548 2568 Κύριον,
3603 2495 3829 2549 καὶτὸν

2261 2587 2477 2660 Ἰσραὴλ
2503 2589 2603 2642 οὐκ
2637 2588 2997 2655 ἐξαποστελῶ,
3043 2610 3060 2642 ι
3077 2590 3493 2663 ἀναθεματίσειν
3518 2591 3608 2646 τὸν
3627 2592 3830 2664 Κύριον

2251 2679 2469 2748 λέγεται
2523 2679 2665 2734 κατά
2711 2681 2838 2745 τοὺς
2886 2685 3034 2754 τρεῖς
3076 2684 3444 2755 ἐρμηνευτάς’
3497 2684 3585 2738 ἵνα
3633 2685 3828 2755 μηκέτι

2249 2770 2470 2845 γλώσσῃ
2493 2773 2558 2842 τῇ
2583 2771 2857 2844 Αἰγυπτίᾳ
2875 2771 2972 2844 τὴν
2996 2772 3360 2845 δεισιδαίμονα
3389 2773 3594 2845 πλάνην
3629 2773 3832 2846 κρατὺ-

2250 2878 2402 2925 νωσι,
2421 2861 2632 2931 μάθωσι
2655 2861 2710 2915 δὲ
2735 2861 2916 2916 λαλεῖν
2938 2864 3005 2918 τά
3025 2863 3120 2918 τοῦ
3141 2865 3274 2919 Θεοῦ
3303 2865 3478 2934 λόγια,
3494 2867 3588 2920 καὶ
3611 2866 3827 2937 ὀμνύειν

2251 2955 2308 3007 ὲν
2340 2953 2420 3024 τῷ
2443 2954 2664 3026 ὀνόματι
2692 2956 2898 3028 Κυρίου
2939 2955 3166 3010 Σαϐαὼθ
3189 2975 3203 2988 ·
3238 2957 3267 3011 ὃ
3297 2957 3360 3029 δὴ
3387 2957 3590 3031 προῖὼν
3623 2961 3653 3012 ό
3677 2958 3819 3028 λόγος

2251 3045 2468 3100 ἔσεσθαι
2492 3046 2756 3112 θεσπίζει.
2787 3047 2945 3102 Οῦτω
2973 3047 3029 3102 δὲ
3058 3049 3545 3122 ἀνατεθεμάτισται
3583 3052 3687 3122 τῆς
3734 3053 3824 3105 Αἰ-

2253 3139 2486 3206 γυπτίας
2543 3137 2816 3210 θαλάσσης
2856 3142 2888 3212 ἡ
2923 3139 3163 3209 γλῶσσα,
3195 3141 3270 3204 ὡς
3309 3140 3688 3212 ἀποσιωπῆσαι
3721 3143 3829 3195 τῶν

2254 3232 2385 3302 παρ’
2415 3230 2588 3300 αὐτῆς
2616 3230 2785 3285 πάλαι
2819 3232 3143 3303 τιμωμένων
3173 3233 3424 3304 πονηρῶν
3460 3233 3730 3304 δαιμόνων
3762 3233 3833 3287 τὰ

2251 3324 2557 3396 χρηστήρια
2603 3324 2696 3376 καὶ
2741 3323 2811 3376 τά
2859 3327 3089 3394 μαντεῖα
3111 3341 3124 3355 ·
3160 3323 3408 3378 λελύσθαι
3442 3324 3497 3378 δὲ
3519 3325 3698 3378 αὐτῶν
3737 3326 3835 3379 καὶ

2250 3415 2349 3478 τάς
2375 3414 2440 3468 δι’
2468 3415 2676 3489 ἀνδρῶν
2701 3417 2913 3487 γοήτων
2943 3417 3299 3487 κακοτεχνίας
3318 3434 3330 3449 ·
3365 3417 3400 3472 ἀ
3441 3418 3504 3490 δὴ
3534 3419 3711 3473 πάντα
3762 3419 3833 3472 δι’

2251 3510 2428 3580 ἔργων
2475 3509 2776 3581 ἐπληροῦτο
2811 3507 2950 3580 μετὰ
2977 3509 3038 3562 τὸ
3073 3511 3332 3582 κήρυγμα
3371 3510 3433 3563 τὸ
3474 3510 3834 3579 εύαγγελικδν

2249 3602 2309 3655 τὸ
2332 3601 2600 3674 κηρυχοὲν
2626 3602 2961 3672 Αἰγυπτίοις.
2998 3601 3089 3666 Ἐξ
3112 3603 3336 3656 ἐκείνων
3359 3603 3416 3655 δὲ
3441 3603 3532 3656 καὶ
3560 3605 3638 3666 εἰς
3678 3605 3835 3674 ἡμᾶς

2251 3694 2445 3758 αὐτοὺς
2491 3693 2598 3748 τῶν
2631 3693 2758 3766 παρ’
2808 3693 3126 3762 Αἰγυπτίοις
3172 3693 3573 3764 νενομισμένων
3618 3692 3763 3746 θεῶν
3798 3693 3835 3765 ἡ

2251 3789 2400 3841 πᾶσα
2430 3787 2657 3859 δύναμις
2687 3785 2921 3858 ἀπέσϐη,
2954 3787 3047 3838 καὶ
3071 3785 3286 3839 πάντων
3317 3787 3375 3840 δὲ
3395 3787 3500 3840 τῶν
3523 3785 3695 3840 ἀθέων
3727 3787 3832 3840 καὶ

2250 3880 2525 3934 δυσσεϐῶν
2569 3879 2779 3952 ἀνδρῶν
2809 3879 2918 3933 τῶν
2942 3878 3064 3932 καθ’
3089 3877 3218 3950 ὅλης
3245 3878 3346 3948 τῆς
3370 3877 3694 3949 οἰκουμένης
3734 3880 3836 3931 Αί-

2249 3972 2656 4045 γυπτιαξόντων
2698 3973 2838 4027 κατά
2889 3973 2978 4027 τὸν
3008 3975 3190 4044 ὅμοιον
3231 3973 3331 4043 τῆς
3390 3972 3833 4046 εἰδωλολατρείας

2248 4065 2446 4137 τρόπον
2484 4067 2516 4137 ἡ
2553 4065 2681 4120 ποτὲ
2713 4065 3116 4138 πλημμυροῦσα
3167 4066 3261 4119 καὶ
3313 4066 3698 4137 κυματουμένη
3727 4066 3830 4120 Oﬁ-

2249 4158 2420 4212 λασσα
2449 4158 2547 4229 τὴν
2583 4158 2817 4229 ἐσχάτην
2853 4156 3119 4211 πέπονθεν
3149 4157 3402 4229 ἐρημίαν.

2327 4272 2345 4303 ι
2383 4253 2493 4306 Καὶ
2533 4251 2785 4304 ὲπιϐαλεῖ
2809 4249 2908 4324 τὴν
2941 4253 3100 4323 χεῖρα
3138 4249 3304 4305 αὑτοῦ
3338 4251 3428 4304 ἐπὶ
3465 4251 3557 4305 τὸν
3582 4252 3831 4323 ποταμὸν

2249 4343 2306 4398 ἐν
2337 4343 2608 4415 πνεύματι
2665 4344 2844 4416 βιαίῳ,
2893 4343 2988 4398 καὶ
3041 4343 3268 4410 πατάξει
3320 4343 3459 4398 έπτά
3513 4344 3828 4416 φάραγγας,

2250 4437 2391 4491 ὥστε
2422 4436 2843 4509 διαπορεύεσθαι
2890 4436 3054 4490 αὑτὸν
3092 4437 3148 4490 ὲν
3181 4437 3508 4508 ὑποδήμασι.
3548 4455 3568 4490 ι
3604 4437 3830 4508 Πνεῦμα

574 4542 705 4596 dicit
729 4557 877 4606 eum,
905 4543 997 4612 qui
1029 4544 1236 4612 primus
1264 4543 1639 4615 Egyptiornm
1673 4561 1897 4614 regnum
1925 4547 2141 4613 evertit,

2253 4530 2426 4600 βίαιον
2456 4527 2576 4584 εἷπε
2607 4531 2697 4584 τὸν
2727 4533 2943 4601 πρῶτον
2968 4530 3264 4585 καθελόντα
3293 4531 3390 4602 τὴν
3418 4531 3691 4602 βασιλείαν
3717 4531 3830 4586 τῶν

575 4636 943 4690 Romanorum
978 4637 1188 4690 ducem.
1219 4636 1434 4706 Septem
1465 4654 1594 4693 vero
1620 4639 1857 4703 canales,
1886 4640 1930 4694 si
1967 4641 2149 4695 animo

574 4729 946 4796 perpenderis.
976 4730 1056 4784 sic
1083 4727 1371 4797 intelliges,
1397 4729 1524 4783 olim
1554 4730 1773 4799 quidem
1808 4729 1968 4784 unius
1999 4728 2147 4784 lluvii

576 4820 870 4874 maximum
912 4821 1122 4875 alveum
1157 4820 1344 4885 fuisse,
1371 4837 1479 4891 quo
1507 4820 1726 4893 Egypti
1763 4821 1909 4892 regia
1945 4821 2150 4876 indica-

574 4908 774 4965 batur:
803 4925 864 4964 ea
915 4925 1043 4966 vero
1091 4913 1345 4968 omnibus
1378 4912 1583 4966 circum
1623 4911 1872 4982 gentibus
1913 4913 2152 4983 impera-

574 4996 709 5054 bat:
744 4999 831 5054 illa
863 5013 1042 5056 autem
1076 5004 1249 5058 soluta
1297 5014 1347 5058 et
1382 5019 1596 5070 eversa,
1627 5005 1890 5074 quosdam
1934 5005 2150 5076 regulos

579 5092 633 5145 in
670 5103 852 5160 partes
884 5094 1226 5150 distributam
1257 5112 1376 5153 eam
1413 5097 1758 5154 obtinuisse:
1795 5113 2024 5168 quorum
2058 5097 2146 5152 alii

576 5189 796 5262 quidem
835 5187 1060 5258 Libycas
1096 5203 1274 5258 partes
1328 5191 1818 5254 administrabant;
1854 5191 1945 5246 alii
1994 5208 2150 5261 sepa-

575 5278 736 5332 ratim
760 5276 1112 5334 Thebanorum
1147 5289 1371 5346 tractus,
1401 5283 1489 5336 alii
1521 5282 1810 5354 Egyptum
1840 5292 1894 5337 et
1917 5282 2151 5338 Alexan-

573 5370 770 5446 driam.
802 5369 868 5424 Et
912 5385 978 5424 ex
1017 5371 1101 5424 bis
1150 5372 1233 5425 alii
1266 5373 1480 5443 quidem
1522 5375 1866 5441 praefecturis
1902 5375 2148 5429 exornati

575 5470 724 5526 sunt,
752 5463 948 5531 quibus
979 5462 1312 5531 publicarum
1340 5474 1394 5518 et
1425 5465 1766 5534 politicarum
1805 5481 1984 5520 rerum
2021 5481 2149 5520 cura

575 5555 885 5610 concredita
921 5555 1050 5622 fuit;
1078 5556 1167 5609 alii
1197 5571 1328 5611 vero
1361 5557 1676 5613 bellicorum
1703 5559 1953 5613 ordinum
1986 5559 2150 5614 duces

574 5647 751 5716 eltecti
783 5669 797 5705 :
828 5661 882 5705 et
911 5651 965 5706 hi
997 5666 1187 5707 omnes
1215 5667 1244 5706 a
1278 5650 1468 5717 majori
1519 5662 1786 5721 potestate
1828 5653 1893 5708 ad
1917 5669 2150 5709 .memo—

574 5753 720 5798 ratas
768 5742 1062 5814 dignitates
1107 5745 1316 5811 evecti;
1373 5753 1558 5812 postea
1602 5759 1733 5800 vero
1767 5747 1831 5799 ad
1880 5745 2148 5816 privatam

577 5836 940 5903 conditionem
972 5836 1198 5906 redacti,
1235 5836 1515 5893 canalibus
1542 5834 1664 5907 jure
1688 5835 1869 5895 collati
1903 5849 2046 5906 sunt,
2083 5840 2149 5896 ad

2249 4625 2564 4693 Αἰγυπτίων
2607 4625 2891 4695 Ῥωμαίων
2911 4623 3168 4698 ἄρχοντα.
3205 4624 3303 4678 Διά
3329 4625 3386 4678 δὲ
3413 4626 3520 4678 τῶν
3538 4626 3676 4680 ἑπτὰ
3719 4643 3828 4694 φα-

2253 4716 2471 4788 ράγγων
2488 4716 2702 4786 νοήσεις
2750 4715 3050 4786 ἐπιστήσας
3077 4715 3169 4768 τὸν
3208 4716 3351 4776 νοῦν,
3395 4715 3470 4779 ὡς
3507 4715 3672 4771 πάλαι
3725 4716 3828 4788 μὲν

2250 4809 2368 4872 ἑνὸς
2405 4808 2648 4877 ποταμοῦ
2679 4808 2858 4880 ῥεῦμα
2889 4807 3165 4878 μέγιστον,
3195 4807 3262 4860 δι’
3289 4800 3350 4860 οὗ
3397 4809 3458 4862 τὸ
3505 4809 3604 4880 τῆς
3665 4809 3829 4877 Αίγύ-

2250 4919 2384 4955 πτου
2423 4900 2689 4972 βασίλειον
2723 4899 2994 4974 ἐδηλοῦτο,
3017 4899 3125 4953 τῶν
3157 4900 3348 4954 αὐτόθι
3394 4900 3608 4955 πάντων
3657 4900 3828 4955 ὲθνῶν

2251 4996 2472 5068 ἐκράτει
2494 5013 2506 5026 ⁸
2541 4994 2909 5066 παταχθέντος
2949 4993 3028 5048 δὲ’
3051 4995 3261 5049 ἐκείνου
3291 4996 3384 5050 καὶ
3413 4995 3680 5059 λυθέντος,
3729 5013 3828 5067 με-

2249 5089 2392 5166 ρικοί
2420 5106 2562 5153 τινες
2604 5089 2862 5159 ἄρχοντες
2907 5087 3085 5142 αὐτῶν
3130 5088 3270 5141 κατά
3294 5090 3515 5162 χρόνους
3563 5087 3826 5160 ἡγοῦντιγ

2248 5186 2295 5237 οἱ
2331 5184 2427 5254 μὲν
2456 5182 2526 5235 τὰ
2554 5181 2766 5234 Λιϐύων
2786 5180 3061 5244 διέποντες
3093 5181 3253 5252 μέρη,
3281 5183 3329 5234 οἰ
3352 5182 3407 5234 δὲ
3433 5182 3829 5254 ἀφωρισμένως

2247 5276 2317 5330 τά
2363 5275 2636 5347 Θηϐαίων,
2683 5276 2732 5328 οί
2783 5274 2840 5327 δὲ
2887 5273 3059 5344 αὐτῆς
3115 5273 3388 5343 Αἰγύπτου
3432 5277 3525 5329 καὶ
3580 5274 3829 5339 Ἀλεεανο

2247 5371 2446 5442 δρείας.
2482 5372 2594 5424 Καὶ
2637 5370 2842 5423 τούτων
2888 5369 2936 5421 οἱ
2996 5367 3092 5440 μὲν
3126 5367 3441 5440 ἡγεμονίαις
3482 5368 3827 5438 τετίμηνται,

2247 5463 2355 5517 τῶν
2375 5460 2681 5534 δημοτικῶν
2726 5461 2819 5513 καὶ
2872 5458 3168 5512 πολιτικῶν
3195 5459 3534 5531 πραγμάτων
3577 5461 3827 5528 ἐγκεχει-

2251 5555 2496 5626 ρισμένοι
2529 5553 2626 5625 τὴν
2660 5551 2945 5625 φροντίδα·
3003 5552 3053 5604 οἱ
3100 5550 3157 5604 δὲ
3208 5549 3606 5622 ἀφωρισμένως
3664 5549 3831 5602 πάλιν

2249 5646 2356 5700 τῶν
2387 5645 2790 5718 στρατιωτικῶν
2816 5641 3180 5716 καθηγοῦνται
3206 5643 3498 5714 ταγμάτων
3519 5659 3532 5673 ο
3569 5642 3661 5695 καὶ
3679 5638 3830 5720 οὗτοι

2252 5738 2452 5803 πάντες
2483 5738 2587 5793 ὑπὸ
2624 5739 2722 5810 τῆς
2762 5736 3007 5810 μείζονος
3047 5734 3295 5801 ἐξουσίας
3327 5735 3418 5789 ἐπὶ
3446 5733 3544 5798 τάς
3572 5732 3830 5804 δηλωθεί-

2253 5850 2350 5898 ea:
2378 5832 2552 5905 ἀρχὰς
2597 5830 2987 5904 προαγόμενον
3034 5830 3269 5885 κᾶπειτα
3306 5826 3686 5893 ἰδιωτεύοντες,
3723 5826 3830 5895 φά-
