4082 6398
387 350 478 405 ιςι
1107 379 1110 382 ’
1317 355 1816 413 COMMENTARIA
1852 353 1919 410 IN
1960 353 2214 413 ISAIAM.
2254 386 2324 398 -—
2360 357 2512 414 CAP.
2552 357 2666 414 ΧΠ.

3522 363 3619 418 I82

384 468 570 539 ραγξιν
598 469 820 535 είκότως
856 472 1300 544 παρεόλήθησαν,
1331 473 1408 538 ὡς
1436 474 1494 527 ἐν
1527 474 1827 547 παραθέσει
1855 472 1950 528 τοῦ

2052 477 2511 545 comparationem
2586 475 2824 533 ﬂuminis
2880 478 3020 547 apud
3079 477 3198 536 illos
3251 491 3614 547 exanimatus,

383 561 548 615 πάλαι
570 561 1018 634 πλημμυροῦντος
1044 563 1223 628 αὐτοῖς
1251 565 1518 637 ποταμοῦ,
1560 566 1703 634 λέγω
1743 565 1806 637 δὴ
1853 562 1946 618 τοῦ

381 651 671 720 βασιλείου,
703 655 762 716 ὃς
783 653 847 725 δὴ
878 653 977 725 τὴν
1025 655 1202 708 πᾶσαν
1255 653 1466 726 ἀθρόως
1501 656 1671 727 αὐτην
1697 673 1755 708 τε
1793 654 1951 724 Λίγυ-

381 760 514 796 πτον
544 745 636 797 καὶ
671 743 742 798 τὰ
792 746 933 816 ἀμφὶ
976 744 1180 818 ταύτην
1233 745 1360 819 ἐθνη
1404 748 1485 800 ἐνὶ
1526 746 1756 818 ῥεύματι
1798 763 1950 819 περι-

376 836 604 900 έκλυζε·
655 838 754 910 μιᾷ
803 837 1026 909 δυνάμει
1073 837 1325 912 βασιλικῇ
1378 839 1798 912 κατακρατούσῃ
1828 840 1938 894 τῶν

375 945 516 982 ολων
523 968 535 982 .

453 1039 473 1072 ι
504 1022 614 1075 Καὶ
641 1020 794 1075 ἔσται
819 1021 989 1086 δίοδος
1020 1020 1098 1092 τῷ
1127 1021 1542 1092 καταλειφθέντι
1587 1042 1686 1094 μου
1733 1023 1848 1095 λαῷ
1893 1025 1952 1076 ἐν

373 1114 666 1185 Αἰγύπτῳ·
725 1116 820 1168 καὶ
867 1115 1018 1168 ἔσται
1050 1113 1126 1184 τῷ
1167 1115 1385 1186 Ἰσραὴλ
1428 1115 1503 1180 ὡς
1543 1118 1576 1187 ἡ
1631 1116 1815 1187 ἡμέρα
1863 1104 1952 1170 ὅτε

375 1205 605 1276 ἐξῆλθεν
660 1207 724 1260 ἐκ
756 1207 856 1278 γῆς
907 1207 1216 1276 Αἰγύπτου·
1256 1227 1273 1260 ι
1317 1209 1392 1272 ὠς
1447 1207 1614 1279 βατὴν
1665 1203 1805 1262 εἶναι
1855 1207 1952 1261 τοῦ

373 1297 563 1352 λοιποῦ
602 1299 699 1370 τὴν
749 1298 1022 1369 Αἴγυπτον
1049 1303 1159 1364 τοῖς
1195 1301 1289 1354 τοῦ
1334 1300 1574 1372 Χριστοῦ
1623 1301 1953 1370 Εὑαγγέλιον

373 1391 723 1462 κηρύττουσι,
774 1392 1000 1465 μηδενὸς
1040 1393 1289 1464 ἐμποδὼν
1337 1394 1520 1458 αὐτοῖς
1576 1395 1951 1466 ἐνισταμένου,

373 1483 500 1552 μηδ’
548 1483 848 1538 ἐπιὸαίνειν
891 1486 1213 1553 κωλύοντος.
1250 1487 1451 1558 Διόπερ
1487 1486 1562 1549 ὡς
1603 1487 1800 1558 μηκέτι
1834 1505 1955 1542 συν-

367 1574 619 1647 εστώσης
632 1577 728 1647 τῆς
741 1577 1046 1646 Αἰγυπτίων
1068 1578 1374 1649 βασιλείας,
1399 1577 1474 1642 ὼς
1491 1578 1549 1630 δέ
1580 1578 1680 1649 τῆς
1707 1577 1948 1648 δαιμονι-

369 1668 477 1736 κῆς
547 1669 823 1740 ἐνεργείας
875 1669 973 1739 τῆς
1023 1673 1084 1724 ἐν
1141 1672 1325 1737 αὐτοῖς
1387 1670 1842 1742 ἀποσϐεσθείσης,
1891 1671 1954 1724 τὸ

368 1761 635 1833 κήρυγμα
663 1763 725 1816 τὸ
766 1764 1115 1833 εύαγγελικὺν
1157 1765 1250 1818 ἐπὶ
1283 1762 1479 1834 σχολῆς
1536 1762 1722 1827 αὐτοῖς
1771 1767 1950 1836 ἐπηγ-

368 1851 616 1920 γέλλετο.

880 1943 1278 1998 ΚΕΦΛΛΑΙΟΝ
1339 1946 1439 2004 lB'.

445 2053 464 2087 ι
506 2035 621 2089 Καὶ
653 2037 883 2107 ἐρεῖς.ἐν
926 2039 990 2107 τῇ
1027 2036 1210 2108 ἡμέρα
1258 2039 1473 2112 ἐκείνη
1530 2040 1824 2112 Εὑλογήσω
1867 2055 1947 2104 σε,

361 2126 596 2198 Κύριε.»
624 2127 839 2198 (18)Ὠς
878 2128 988 2199 γὰρ
1020 2131 1049 2182 ό
1072 2129 1347 2194 Μωῦσέως
1361 2131 1487 2195 λαὸς
1517 2131 1664 2204 διέϐη
1701 2132 1830 2186 ποτέ
1854 2131 1951 2201 τὴν

375 2215 652 2289 Ἐρυθρὰν
685 2217 959 2272 θάλασσαν
997 2218 1073 2284 ὡς
1109 2218 1196 2272 διὰ
1250 2220 1457 2293 ξηρᾶς·
1519 2221 1638 2277 εἶτα
1678 2223 1817 2295 μετὰ
1851 2223 1952 2295 τὴν

360 2307 539 2362 δίοδον
563 2307 662 2380 τὴν
691 2307 833 2380 ᾠδὴν
870 2306 1009 2387 ᾖσαν
1059 2310 1330 2378 λέγοντες,
1369 2332 1387 2366 ι
1428 2315 1685 2386 ’ᾼσωμεν
1717 2314 1796 2386 τῷ
1841 2317 1952 2368 Κυ-

362 2399 489 2471 ρίῳ,
527 2398 752 2464 ἐνδόξως
789 2400 896 2472 γὰρ
928 2401 1268 2468 δεδόξασται·
1321 2422 1338 2454 ι
1395 2404 1485 2458 τὸν
1534 2407 1697 2460 αὑτὸν
1752 2406 1952 2477 τρόπον

362 2493 466 2545 καὶ
491 2493 543 2544 οί
567 2492 1030 2563 προφητευόμενοι
1087 2495 1181 2548 τοῦ
1231 2497 1482 2569 Σωτῆρος
1526 2496 1682 2568 ἡμῶν
1722 2497 1951 2566 εὐαγγε-

362 2583 570 2647 λισταὶ,
594 2585 749 2637 αὐτοὶ
775 2585 932 2648 ὄντες
955 2587 1005 2639 oi
1025 2587 1090 2641 ἐκ
1115 2586 1210 2641 τοῦ
1241 2593 1439 2655 παντὸς
1473 2591 1739 2645 Ἰουδαίων
1765 2591 1950 2658 ἔθνους

361 2675 826 2747 περιλειφθέντες,
876 2677 1154 2733 ἀκώλυτον
1209 2681 1523 2752 ποιούμενοι
1575 2682 1666 2735 τὸν
1723 2682 1948 2755 δρόμον,

363 2770 466 2824 καὶ
492 2771 677 2822 πᾶσαν
717 2769 1084 2843 διατρέχοντες
1129 2772 1226 2846 τὴν
1274 2774 1586 2842 Αἰγυπτίων
1615 2775 1820 2847 χώραν,
1859 2779 1952 2832 καὶ

376 2860 660 2924 Ἰουδαίοις
701 2860 801 2930 μὲν
847 2861 1212 2932 κηρύττοντες
1252 2864 1313 2918 τὺ
1365 2865 1696 2935 Εὑαγγέλιον
1743 2869 1798 2922 ἐν
1832 2872 1951 2933 ταῖς

365 2955 717 3020 συναγωγαῖς
805 2955 1005 3019 αὐτῶν,
1046 2956 1342 3028 ἐκκλησίας
1394 2957 1451 3011 δὲ
1516 2959 1754 3032 Χριστοῦ
1823 2978 1946 3014 συν-

365 3043 631 3108 ιστῶντελς
651 3045 717 3098 ἐκ
732 3045 830 3116 τῆς
859 3046 966 3099 τῶν
991 3047 1166 3100 ἐθνῶν
1197 3050 1549 3120 ἐπιστροφῆς,
1576 3051 1759 3104 καινὸν
1775 3049 1948 3124 ᾆσμα,

363 3137 626 3209 ἐμφερῶς
654 3143 766 3204 τοῖς
801 3142 894 3195 ἐπὶ
920 3143 1220 3208 Μωῡσέως,
1255 3144 1702 3218 ἐδίδασκον·ᾅδειν
1718 3150 1842 3212 τοὺς
1883 3149 1948 3202 δι’

365 3231 549 3284 αὐτῶν
568 3232 994 3305 ὠφελουμένους.
1021 3236 1259 3290 Τοῦτοδὲ
1283 3232 1350 3307 ῆν
1380 3237 1442 3290 τὸ
1465 3239 1818 3312 προφωνηθέν
1845 3241 1950 3296 ὑπὸ

364 3321 464 3377 τοῦ
497 3324 723 3396 Κυρίου,
780 3327 1081 3396 φάσκοντος
1117 3329 1204 3382 διὰ
1245 3328 1337 3382 τοῦ
1391 3331 1728 3400 προφητικοῦ
1757 3332 1944 3402 λόγου·

369 3432 397 3464 ς
435 3415 548 3468 Καὶ
568 3417 716 3489 ἐρεῖς
745 3421 804 3472 ἐν
829 3422 895 3490 τῇ
935 3419 1116 3492 ἡμέρᾳ
1154 3421 1336 3492 ἐκείνη
1356 3440 1368 3452 ·
1404 3423 1694 3496 Εὐλογήσω
1723 3443 1802 3489 σε,
1841 3427 1948 3481 Κύ-

368 3521 478 3578 ριε,
505 3504 640 3560 διότι
690 3507 965 3579 ὠργίσθης
1011 3527 1121 3580 μοι,
1153 3511 1247 3564 καὶ
1286 3511 1634 3587 ἀπέστρεψας
1656 3515 1746 3568 τὸν
1779 3515 1949 3588 θυμόν

367 3615 494 3662 σου,
521 3601 616 3653 καὶ
649 3600 887 3671 ἠλέησάς
919 3620 1005 3672 με.
1043 3623 1060 3653 ι

448 3710 469 3743 ε
517 3691 646 3746 Ἰδοὺ
679 3695 708 3746 ό
737 3693 870 3756 Θεός
898 3710 1020 3763 μου,
1055 3695 1246 3769 Σωτήρ
1291 3715 1414 3768 μου,
1457 3699 1732 3764 πεποιθὼς
1757 3700 1947 3773 ἔσομαι

367 3785 456 3836 ἐπ’
487 3783 656 3854 αὐτῷ,
685 3785 778 3837 καὶ
804 3785 866 3837 οὐ
903 3785 1280 3858 φοόηθήσομαι
1301 3806 1315 3818 ⁸
1347 3788 1478 3842 διότι
1508 3792 1540 3860 ἡ
1573 3789 1700 3854 δόξα
1731 3810 1831 3862 μου
1857 3794 1949 3846 καὶ

366 3878 400 3944 ἡ
430 3874 641 3938 αἵνεσίς
677 3891 778 3945 μου
794 3875 1015 3947 Κύριος,
1038 3879 1130 3930 καὶ
1147 3878 1364 3945 ἐγένετό
1392 3897 1480 3950 μοι
1505 3882 1586 3944 εἰς
1619 3883 1943 3953 σωτηρίαν,ι

369 3967 467 4018 κα)⁵
500 3965 535 4020 ἃ.
558 3965 910 4036 παρακατιὼν
944 3968 1176 4022 ἐνταῦθα
1193 3967 1430 4034 διέξεισι.
1466 3970 1539 4024 Τὸ
1562 3971 1712 4040 γοῦν,
1731 3992 1748 4023 ι
1784 3973 1950 4042 ὠργί-

369 4057 511 4130 σθης
569 4075 682 4128 μοι,
717 4076 736 4110 ι
774 4057 1159 4131 ἐξομολόγησιν
1207 4061 1490 4134 προτέρων
1538 4062 1949 4135 ἁμαρτημάτων

368 4147 733 4219 παρίστησιν·
767 4143 842 4202 ὧν
874 4150 1037 4204 ἕνεκα
1083 4149 1216 4203 Θεοῦ
1248 4151 1417 4223 όργῆς
1465 4148 1604 4224 ἦσαν
1655 4153 1794 4218 ἄξιοι
1845 4155 1950 4227 πρὸ

367 4241 471 4310 τῆς
503 4241 769 4312 σωτηρίου
802 4241 1047 4314 κλήσεως
1081 4243 1130 4296 oi
1161 4242 1476 4312 Αίγύπτιον
1512 4244 1574 4298 τὸ
1602 4246 1679 4311 δὲ,
1735 4265 1753 4297 ι
1817 4247 1949 4300 Ἀπ-

369 4332 648 4404 έστρεψας
676 4333 766 4387 τὸν
795 4334 963 4405 θυμόν
995 4351 1088 4388 σου
1115 4337 1210 4389 ἀπ’
1235 4338 1390 4409 ἐμοῦ,
1425 4337 1519 4392 καὶ
1543 4340 1780 4412 ὴλέησάς
1815 4357 1902 4409 με,
1924 4358 1944 4392 ι

367 4425 473 4495 τὴν
503 4426 641 4496 μετὰ
675 4425 772 4498 τὴν
807 4425 996 4499 κλῆσιν
1031 4428 1365 4501 δωρηθείσαν
1385 4433 1566 4496 αὐτοῖς
1597 4433 1790 4501 ἄφεσιν
1841 4431 1950 4484 τῶν

2054 569 2178 638 regii
2213 569 2354 635 dico,
2380 571 2522 639 quod
2568 585 2780 627 omnem
2826 585 2929 624 una
2967 570 3291 643 Egyptum,
3336 587 3400 628 ac
3456 573 3616 629 simul

2048 671 2238 731 gentes
2292 662 2726 732 circumpositas,
2773 679 2878 719 uno
2922 666 3076 720 alveo
3125 667 3454 734 inund‘abat,
3507 681 3613 721 una

2052 751 2195 822 regia
2264 762 2532 822 potestate
2591 753 2644 808 in
2710 755 2989 812 universos
3075 756 3407 813 dominatum
3473 759 3615 815 obti-

2050 855 2234 899 nente.

2122 1024 2284 1082 Vens.
2317 1024 2400 1083 l6.
2432 1043 2452 1075 ι
2483 1024 2548 1080 Et
2574 1027 2676 1080 erit
2709 1027 2966 1082 transitus
2995 1027 3250 1082 derelicto
3277 1027 3470 1100 populo
3496 1045 3617 1085 meo

2052 1117 2105 1171 in
2139 1117 2373 1188 [Egypto
2406 1134 2419 1172 :
2451 1126 2506 1172 et
2548 1118 2654 1172 erit
2697 1117 2898 1186 lsraeli,
2926 1119 3078 1188 quasi
3127 1120 3259 1186 dies,
3298 1136 3401 1190 qua
3448 1123 3618 1176 exivit

2050 1221 2116 1261 ex
2160 1207 2424 1278 IEgypto;
2451 1225 2469 1259 ι
2507 1209 2577 1261 ita
2627 1219 2683 1262 ut
2729 1210 2979 1279 deinceps
3022 1209 3290 1282 Egyptus
3340 1214 3614 1286 Evangelii

2050 1299 2253 1354 Christi
2299 1301 2638 1371 przeconibus
2672 1303 2853 1370 pervia
2896 1303 3000 1368 sit,
3048 1304 3191 1358 nullo
3232 1307 3480 1362 obstante
3529 1307 3610 1362 vel

2054 1392 2356 1459 ingressum
2426 1391 2777 1461 prohibente.
2842 1393 3211 1464 Quapmpter,
3269 1406 3452 1466 utpote
3499 1399 3609 1468 jam

2051 1482 2265 1537 sublato
2312 1480 2685 1554 Egyptiorum
2733 1499 2916 1553 regno,
2965 1501 3029 1540 ac
3081 1488 3373 1542 daemonica
3425 1504 3614 1558 opera-

2054 1574 2200 1628 tione
2247 1575 2385 1644 apud
2434 1575 2580 1645 ipsos
2607 1575 2904 1644 exstincta,
2944 1577 3253 1651 evangelica
3303 1582 3614 1650 praedicatio

2051 1665 2234 1735 quiete
2266 1665 2705 1720 annuntiabatur.

2643 1933 2870 1992 CAPUT
2908 1935 3019 1992 Xil.

2124 2023 2355 2080 VsasJ.
2398 2025 2493 2080 «Et
2525 2028 2671 2083 dices
2697 2029 2749 2083 in
2777 2029 2861 2084 die
2904 2028 3014 2093 illa,
3051 2029 3369 2087 Bcnedicam
3399 2042 3467 2099 te,
3509 2033 3615 2090 Do-

2052 2117 2216 2172 mine.
2241 2137 2259 2171 ι
2289 2117 2751 2186 Quemadmodum
2788 2124 2930 2177 enim
2964 2123 3160 2196 Moysis
3200 2125 3424 2195 populus
3465 2143 3614 2184 mare

2053 2207 2326 2276 Rubrum,
2358 2213 2511 2279 quasi
2563 2227 2658 2284 per
2688 2214 2914 2280 aridam,
2943 2216 3070 2270 olim
3099 2217 3311 2288 trajecit
3349 2237 3364 2274 :
3401 2235 3464 2277 ac
3497 2228 3616 2290 post

2055 2303 2361 2367 transitum,
2396 2306 2665 2360 canticum
2697 2307 2961 2362 canebant
2993 2309 3256 2378 dicentes,
3295 2313 3616 2368 «Cantemus

2055 2395 2304 2459 Domino,
2355 2397 2592 2466 gloriose
2623 2398 2766 2452 enim
2810 2399 3142 2469 glorificatus
3194 2403 3378 2458 est":
3439 2404 3516 2458 sic
3563 2413 3618 2459 et

2053 2488 2399 2556 evangelista:
2426 2487 2724 2545 Salvatoris
2769 2492 2937 2546 nostri
2988 2492 3077 2562 qui
3121 2493 3172 2547 in
3223 2494 3503 2570 prophetia
3538 2495 3616 2551 l'o-

2055 2590 2282 2647 runtur,
2339 2581 2498 2637 iidem
2553 2583 2651 2653 ipsi
2705 2583 2951 2640 videlicet
2991 2587 3078 2654 qni
3129 2602 3194 2641 ex
3246 2597 3354 2642 tota
3389 2587 3614 2644 Judatca

2051 2683 2208 2746 gente
2250 2676 2419 2731 relicti
2472 2676 2716 2741 fuerant,
2765 2693 2885 2731 cum
2930 2679 3074 2732 nullo
3117 2682 3366 2737 obstante
3395 2698 3613 2740 cursum

2051 2781 2208 2820 suum
2242 2768 2593 2835 perlicerent,
2625 2784 2689 2823 ac
2735 2779 2902 2823 totam
2927 2769 3302 2842 Egyptiornm
3341 2774 3612 2844 regionem

2053 2858 2445 2927 pervaderent,
2473 2859 2671 2914 Judtcis
2697 2856 2912 2932 quidem
2944 2864 3290 2934 iivangelium
3322 2866 3616 2936 praedican-

2053 2957 2131 3001 tes
2163 2948 2215 3002 in
2255 2952 2570 3021 synagogis,
2619 2966 2680 3004 ex
2709 2952 2947 3022 gentium
2982 2969 3110 3008 vero
3142 2956 3493 3009 conversione
3520 2955 3618 3011 Ec-

2051 3037 2244 3093 clesias
2295 3038 2496 3094 Christi
2557 3041 2986 3105 constituentes;
3059 3044 3333 3097 canticum
3391 3059 3612 3108 novum,

2055 3130 2272 3197 perinde
2309 3140 2471 3201 atque
2523 3131 2596 3185 illi
2631 3143 2894 3204 tempore
2935 3133 3160 3205 Moysis,
3209 3150 3406 3191 canere
3457 3137 3616 3191 doce-

2054 3227 2184 3276 hant
2212 3237 2337 3290 eos,
2364 3224 2456 3292 qui
2481 3237 2644 3292 opera
2681 3239 2777 3278 sua
2825 3224 3056 3280 fructum
3091 3237 3477 3297 perceperant;
3515 3227 3616 3282 hoc

2051 3314 2258 3370 scilicet
2311 3316 2578 3370 canticum
2613 3317 2742 3371 olim
2775 3333 2803 3372 a
2835 3317 3062 3374 Domino
3106 3333 3202 3387 per
3243 3320 3617 3389 pmpheticum

2051 3423 2353 3463 sermonem
2403 3410 2863 3478 pra’nuntiatum:
2903 3429 2922 3464 ι
2960 3411 3023 3466 Et
3065 3411 3213 3468 dices
3258 3412 3309 3467 in
3362 3413 3452 3469 die
3506 3412 3615 3478 illa,

2051 3502 2372 3558 Bcnedicam
2407 3513 2476 3569 te,
2509 3503 2756 3570 Domine,
2793 3504 3047 3573 quoniam
3083 3508 3256 3560 iratus
3286 3522 3347 3562 es
3379 3507 3534 3574 Inibi,
3561 3515 3617 3562 et

2050 3595 2292 3650 avertisti
2323 3595 2560 3651 furorem
2607 3608 2782 3664 tuum,
2812 3607 2867 3652 et
2897 3597 3151 3653 misertus
3177 3614 3238 3652 es
3271 3600 3422 3653 mihi.
3449 3619 3470 3654 ι

2124 3687 2288 3745 Vsus.
2317 3690 2372 3746 2.
2406 3709 2424 3740 ι
2451 3691 2586 3746 Ecce
2620 3691 2758 3747 Deus
2787 3708 2938 3748 meus
2957 3733 2971 3758 ,
3004 3692 3244 3748 salvator
3274 3709 3445 3758 meus,
3475 3693 3616 3748 ﬁdu-

2051 3782 2190 3836 ciam
2241 3782 2452 3838 habebo
2497 3783 2548 3838 in
2603 3783 2723 3849 illo,
2769 3794 2822 3840 et
2857 3800 2960 3838 non
2998 3786 3196 3840 timebo
3234 3803 3246 3840 :
3285 3786 3410 3856 quia
3442 3785 3612 3854 gloria

2052 3887 2168 3924 mea
2215 3881 2271 3927 et
2318 3871 2434 3928 laus
2465 3889 2581 3928 mea
2618 3875 2914 3940 Dominus,
2949 3885 3004 3929 et
3047 3873 3222 3930 factus
3254 3886 3337 3932 est
3374 3875 3504 3930 mihi
3560 3875 3613 3930 in

2050 3964 2299 4032 salutem,
2327 3983 2346 4017 ι
2383 3972 2438 4022 et
2473 3983 2593 4034 qua:
2627 3967 2725 4022 sub
2760 3968 2869 4022 haec
2903 3969 3265 4038 prosequitur.
3296 3967 3430 4022 illud
3458 3983 3613 4039 ergo,

2055 4059 2267 4114 «iratus
2315 4075 2375 4115 es
2426 4059 2577 4123 mihi,
2607 4079 2627 4114 ι
2684 4061 3035 4129 pristinorum
3092 4073 3434 4130 peccatorum
3482 4075 3614 4116 con-

2053 4147 2338 4206 fessionem
2379 4151 2598 4204 exhibet
2643 4165 2656 4205 :
2711 4165 2940 4220 quorum
2993 4166 3150 4205 causa
3199 4150 3441 4223 [Egyptii
3492 4160 3619 4207 ante

2050 4241 2341 4297 salutarem
2381 4243 2718 4299 vocationem
2779 4243 2855 4298 ira
2909 4243 2999 4298 Dei
3054 4243 3198 4314 digni
3249 4253 3446 4309 erant;
3486 4243 3616 4299 illud

2051 4341 2250 4394 autem,
2282 4350 2300 4384 ι
2328 4331 2583 4388 Avertisti
2617 4333 2848 4388 furorem
2879 4342 3028 4388 tnutn
3072 4349 3102 4387 a
3131 4349 3216 4389 me
3235 4374 3251 4398 ,
3281 4344 3335 4390 et
3364 4335 3617 4392 misertus

2051 4441 2112 4480 es
2147 4426 2331 4491 mihi,»
2373 4436 2716 4496 peccatorum
2747 4428 3138 4496 remissionem,
3171 4429 3275 4485 illis
3304 4440 3424 4501 post
3457 4446 3615 4486 voca-

368 4520 788 4592 ἁμαρτημάτων
824 4521 1096 4592 σημαίνει.
1128 4523 1192 4576 Ἦ
1220 4523 1326 4594 γὰρ
1355 4525 1514 4597 χάρις
1539 4526 1630 4578 καὶ
1660 4527 1692 4596 ή
1725 4523 1949 4596 ἀλήθεια

2056 4517 2253 4570 tionem
2307 4531 2641 4582 concessam,
2691 4517 2980 4588 signiﬁcat.
3027 4517 3159 4574 Nam
3194 4523 3366 4591 gratia
3397 4531 3452 4576 et
3478 4521 3615 4576 veri-

367 4611 464 4665 διὰ
499 4611 673 4682 Ἰησοῦ
695 4612 929 4682 Χριστοῦ
957 4613 1222 4685 γενοιιένη
1278 4616 1372 4668 καὶ
1400 4616 1582 4679 αὐτοῖς
1613 4615 1948 4683 Αἰγυπτίοις,

372 4705 468 4759 καὶ
506 4705 645 4758 πᾶσι
672 4707 785 4767 τοῖς
833 4704 923 4758 τὸν
958 4706 1085 4758 Υίὸν
1137 4705 1234 4759 τοῦ
1275 4706 1410 4760 Θεοῦ
1441 4707 1949 4779 παραδεδεγμένοις,

366 4795 594 4866 δεσμῶν
641 4793 794 4850 λύσιν
845 4798 940 4850 καὶ
1001 4796 1286 4869 ἁμαρτιῶν
1343 4798 1687 4871 συγχώρησιν
1746 4799 1952 4871 ἐδωρή-

370 4905 527 4944 σατο.

450 5000 470 5032 ι
518 4981 632 5034 Καὶ
660 4981 955 5052 ἀντλήσατε
992 4979 1137 5056 ὕδωρ
1187 4981 1303 5052 μετ’
1347 4981 1683 5052 εὐφροσυνης
1725 4985 1788 5036 ἐκ
1837 4982 1946 5035 τῶν

368 5074 573 5143 πηγῶν
609 5073 702 5126 τοῦ
729 5074 1024 5146 Σωτηρίου.
1060 5094 1079 5127 ι
1107 5073 1274 5127 Πάλιν
1298 5073 1667 5144 ἀλληγορικῶς
1715 5073 1947 5128 ἐνταῦθα

367 5164 746 5237 παραδεκτέον
777 5165 838 5217 τὸ
869 5165 1010 5239 ὕδωρ
1043 5164 1265 5229 καὶτὰς
1299 5163 1481 5234 πηγὰς
1514 5163 1605 5216 τοῦ
1646 5163 1943 5237 Σωτηρίου.

369 5260 608 5328 Νοήσεις
639 5257 694 5310 δέ
724 5256 894 5311 ταῦτα
919 5257 1082 5310 αὑτοῦ
1113 5258 1360 5326 λέγοντος
1385 5257 1478 5310 τοῦ
1514 5257 1791 5328 Σωτῆροςο
1831 5275 1849 5307 ι
1884 5257 1950 5309 Et

366 5367 454 5413 τις
486 5349 639 5420 διψᾷ,
666 5347 911 5419 ἐρχέσθω
935 5348 1070 5420 πρὸς
1117 5350 1205 5419 μὲ,
1240 5349 1333 5404 καὶ
1363 5349 1592 5401 πινέτω·
1622 5349 1650 5400 ό
1676 5346 1946 5401 πιστεύων

367 5445 451 5504 εἷς
478 5443 600 5513 ἐμὲ,
627 5459 646 5492 ε
672 5438 854 5503 καθὼς
869 5437 1068 5511 είπενή
1100 5442 1138 5494 Γ
1145 5443 1311 5513 ραφὴ,
1339 5461 1358 5494 ι
1385 5440 1619 5510 ποταμοὶ
1635 5441 1697 5492 ἐκ
1719 5439 1818 5510 τῆς
1833 5457 1948 5493 κοι-

366 5540 488 5604 λίας
527 5542 690 5595 αὶτοῦ
714 5542 994 5614 ῥεύσουσιν
1015 5541 1204 5604 ὓδατος
1235 5540 1449 5604 ζῶντος.
1503 5559 1520 5589 ι
1551 5539 1732 5608 ΙΙηγαὶ
1769 5538 1947 5591 τοίνυν

440 5657 485 5688 ’⁸
521 5658 692 5712 Exod.
726 5675 819 5720 xv,
859 5659 904 5713 I.
981 5659 1024 5689 "
1059 5659 1215 5715 Juatt.
1247 5672 1353 5722 νιι,
1389 5656 1479 5712 57.

2054 4616 2136 4660 tas
2171 4622 2265 4676 per
2295 4605 2480 4662 Jesutn
2505 4607 2779 4663 Christum
2809 4611 2972 4678 facta,
3002 4627 3125 4667 cum
3158 4611 3286 4680 ipsis
3313 4611 3610 4683 Egyptiis,

2051 4708 2161 4750 tum
2193 4699 2444 4754 omnibus
2491 4699 2576 4762 iis,
2603 4699 2693 4768 qui
2734 4699 2928 4755 Filium
2965 4701 3056 4754 Dei
3091 4713 3460 4770 susceperant,
3495 4703 3617 4757 vin-

2048 4791 2287 4846 culorum
2322 4792 2668 4860 solutionem,
2709 4805 2764 4848 et
2796 4804 3137 4852 peccatorum
3173 4796 3380 4848 veniam
3409 4796 3574 4852 dedit.

2125 4972 2284 5030 Vens.
2315 4976 2367 5030 3.
2405 4993 2423 5026 ι
2455 4976 2518 5030 Et
2549 4975 2762 5030 haurite
2789 4989 2982 5042 aquam
3011 4990 3133 5028 cum
3164 4977 3360 5046 gaudio
3391 4993 3458 5034 ex
3498 4977 3617 5034 fon-

2056 5065 2196 5120 tibus
2219 5065 2504 5122 Salutaris.
2537 5085 2556 5117 ι
2603 5065 2725 5119 ΙΙωο
2767 5064 2920 5128 item,
2948 5075 3054 5120 tam
3100 5085 3266 5138 aqua,
3305 5086 3468 5140 quam
3500 5071 3615 5126 lon-

2054 5169 2132 5212 tes
2155 5157 2438 5222 Salutaris,
2472 5159 2758 5226 allegorice
2785 5170 2910 5214 sunt
2933 5160 3264 5230 accipienda.
3302 5162 3427 5218 llaec
3449 5178 3615 5228 porro

2053 5252 2326 5323 intelligas
2376 5252 2490 5321 ipso
2521 5253 2810 5306 Servatore
2858 5255 3094 5319 dicente,
3145 5272 3164 5306 ι
3197 5253 3253 5308 Si
3300 5256 3422 5323 quis
3473 5255 3613 5321 sitit,

2053 5346 2232 5400 veniat
2277 5347 2343 5399 ad
2380 5362 2482 5407 me.
2519 5355 2567 5401 et
2616 5344 2761 5400 bibat
2801 5362 2816 5400 :
2859 5348 2950 5417 qui
3002 5349 3175 5404 credit
3214 5350 3266 5404 in
3305 5365 3443 5414 me,»
3476 5351 3618 5407 sicut

2055 5441 2187 5496 dicit
2247 5437 2544 5508 Scriptura,
2588 5458 2606 5493 ι
2646 5439 2862 5494 ﬂumina
2908 5440 2974 5495 de
3037 5451 3225 5497 ventre
3284 5443 3402 5512 ejus
3447 5442 3614 5497 liuent

2053 5548 2205 5603 aqua:
2249 5534 2381 5590 vivae
2422 5532 2530 5588 ".t
2565 5532 2762 5590 Fontes
2813 5534 2976 5605 igitur
3006 5534 3288 5600 Saiutaris,
3334 5549 3612 5592 sermones

442 5802 560 5874 (i8)
613 5801 738 5860 llaec
799 5805 922 5858 item
981 5802 1376 5873 Il‘eronymus,
1435 5800 1524 5856 sed
1583 5800 1797 5856 brevius
1851 5793 2124 5867 exprimit.
