4158 6402
549 342 646 398 I83

1191 339 1456 396 EUSEBII
1500 337 1980 395 CASSARIENSIS
2021 338 2170 397 OPP.
2213 339 2393 394 PARS
2430 338 2513 394 ιη.
2555 369 2619 381 -—
2659 337 3062 396 EXEGETICA.

3682 337 3778 393 184

542 455 842 528 evangelici
906 465 1066 524 sunt,
1130 470 1191 512 ex
1265 456 1466 529 Spiritu
1525 466 1716 513 sancto
1777 471 1874 513 ceu
1928 457 2092 514 imbre

2194 504 2199 520 ,
2231 458 2504 528 Σωτηρίου
2535 459 2682 529 λόγοι
2711 458 2846 512 είσὶν
2874 455 3235 526 εὐαγγελικοὶ,
3263 455 3324 522 ἐξ
3360 456 3514 525 ἁγίου
3543 455 3773 528 Πνεύμαι

541 549 746 606 emissi.

613 639 783 696 \‘us.
812 641 868 704 ι.
898 639 952 694 5.
1009 657 1028 692 ι
1057 639 1123 694 Et
1149 638 1295 694 dices
1333 639 1386 694 in
1421 639 1508 696 die
1552 640 1642 696 illa
1663 681 1678 706 ,
1708 639 1934 712 liymnis
1973 640 2116 698 cele-

541 728 698 785 brate
725 730 1030 795 Dominum,
1071 729 1300 785 clamate
1348 745 1548 786 nomen
1579 732 1697 800 ejus
1741 750 1756 787 :
1801 735 2114 788 annuntiate

543 821 793 892 gentibus
833 821 1062 890 gloriosa
1114 819 1248 890 ejus.
1287 819 1612 876 Mementote
1666 824 1918 890 quoniam
1965 824 2114 877 exal-

544 921 712 965 tatum
767 923 850 966 est
905 927 1101 966 nomen
1157 911 1294 981 ejus.
1347 910 1573 983 Hymnis
1608 913 1878 969 celebrate
1919 930 2109 971 nomen

541 1002 769 1069 Domini,
802 1003 925 1072 quia
960 1001 1178 1058 excelsa
1211 1003 1340 1059 fecit
1371 1022 1383 1058 :
1417 1003 1736 1061 annuntiate
1767 1005 1880 1062 haec
1911 1007 1962 1062 in
1990 1008 2112 1062 nni-

536 1109 689 1151 versa
731 1105 899 1150 terra.
929 1115 949 1148 ε
983 1095 1138 1161 Illud,
1175 1112 1197 1146 ι
1231 1093 1452 1158 όίεεε,ἰ
1503 1096 1728 1151 chorum
1753 1097 2109 1167 evangelista-

535 1204 657 1245 rum
683 1187 987 1244 Salvatoris
1020 1187 1189 1243 nostri
1219 1187 1522 1257 compellat.
1551 1187 1605 1241 In
1631 1187 1742 1253 illa,
1777 1189 1969 1260 inquit,
1999 1191 2105 1254 die,

536 1279 748 1336 scilicet
796 1289 1042 1348 tempore
1070 1278 1126 1333 in
1161 1279 1443 1348 prophetia
1484 1281 1806 1352 signiﬁcato,
1844 1291 1900 1335 tu
1934 1296 2105 1351 praeco

535 1369 796 1425 salutaris
841 1367 1151 1438 Evangelii,
1211 1367 1482 1440 Egyptiis
1528 1371 1618 1440 qui
1665 1372 2101 1441 praedicationem

533 1460 892 1531 susceperint,
939 1460 1111 1525 dices,
1156 1477 1175 1510 ι
1208 1458 1432 1532 Hymnis
1476 1463 1744 1518 celebrate
1793 1463 2100 1528 Dominum,

537 1554 775 1608 clamate
827 1551 1032 1606 nomini
1082 1551 1328 1617 Domini,
1381 1555 1700 1608 annuntiate
1747 1555 1799 1607 in
1852 1557 2102 1624 gentibus

534 1645 768 1706 gloriosa
820 1643 935 1714 ejus
972 1660 986 1698 :
1023 1654 1354 1700 mementote
1391 1645 1646 1714 quoniam
1685 1646 1980 1700 exaltatum
2018 1657 2102 1702 est

535 1750 729 1790 nomen
761 1733 894 1803 ejus.
928 1753 946 1787 ι
991 1733 1116 1788 Haec
1142 1735 1337 1805 quippe
1382 1742 1460 1798 tu,
1491 1735 1693 1788 chorus
1749 1735 2096 1805 apostolicus,

2221 564 2310 612 τος
2339 549 2787 620 ἀνωμϐρωμένοι.

2296 659 2316 692 ι
2357 642 2465 695 Καὶ
2489 644 2633 712 ἐρεῖς
2663 642 2721 695 tv
2743 641 2808 712 τῆ
2839 640 3021 712 ἡμέρα
3044 638 3253 711 ἑκείνῖΓ
3281 639 3529 710 ’Υμνεῐτε
3554 640 3776 713 Κύριον,

2219 727 2377 798 βοᾶτε
2407 729 2469 782 τὸ
2499 729 2668 801 ὄνομα
2695 730 2881 793 αὐτοῦ,
2935 729 3288 799 ἀναγγείλατε
3335 732 3448 794 τοῖς
3495 729 3667 784 ἔθνεσι
3709 732 3778 786 τὰ

2217 819 2401 886 ἔνδοξα
2449 822 2636 886 αὐτοῦ,
2696 822 3084 894 μιμνήσκεσθε,
3138 823 3219 876 ὅτι
3264 821 3451 893 ὑψώθη
3506 821 3567 875 τὸ
3607 823 3776 894 ὄνομα

2217 912 2403 968 αὐτοῦ.
2442 914 2747 985 ’Υμνήσατε
2774 915 2834 968 τὸ
2853 914 3020 985 ὄνομα
3043 914 3366 984 Κυρίου,ὅτι
3387 916 3564 987 ὐπλὰ
3593 917 3776 988 ἐποίη·

2216 1018 2338 1076 σενο
2374 1003 2731 1072 άναγγείλατε
2785 1005 2960 1059 ταῦτα
2997 1007 3054 1059 ὲν
3102 1006 3248 1078 πάσῃ
3287 1008 3353 1077 τῇ
3400 1011 3492 1077 γῇ.
3530 1027 3548 1059 ι
3579 1008 3652 1060 Τὸ
3695 1008 3774 1069 δὲ,

2217 1111 2237 1143 t
2283 1095 2448 1165 ἐρεῖς,
2488 1113 2506 1146 ι
2559 1099 2870 1165 προσφωνεῖ
2912 1095 2990 1167 τῷ
3030 1096 3174 1167 χορῷ
3227 1097 3334 1150 τῶν
3376 1098 3774 1166 εὐαγγελιστῶν

2211 1184 2304 1238 τοῦ
2335 1187 2586 1259 Σωτῆρος
2620 1187 2796 1258 ἡμῶν.
2839 1187 2929 1242 Ἐν
2957 1190 3162 1260 ἐκείνῃ,
3188 1191 3430 1261 φησλητῇ
3464 1190 3664 1262 ἡμέρᾳ,
3685 1191 3772 1260 δηο

2208 1278 2340 1350 λαδὴ
2377 1281 2434 1334 ὲν
2462 1280 2539 1351 τῷ
2571 1283 3047 1354 προφητευομένῳ,
3084 1284 3227 1353 ὲρεῖς
3264 1283 3349 1344 σύ,
3381 1286 3411 1336 ὁ
3454 1282 3628 1353 κήρυξ
3676 1282 3769 1336 τοῦ

2208 1370 2476 1440 σωτηρίου
2527 1371 2877 1440 Εὐαγγελίου,
2905 1375 3017 1436 τοῖς
3049 1372 3110 1424 τὸ
3156 1373 3415 1442 κήρυγμα
3465 1372 3770 1444 παραδεξα-

2210 1460 2394 1530 μένοις
2414 1461 2748 1528 Αἰγυπτίοις.
2781 1480 2798 1513 t
2833 1461 3080 1532 Ύμνεῐτε
3107 1461 3329 1534 Κύριον,
3366 1462 3521 1532 βοᾶτε
3551 1461 3629 1532 τῷ
3655 1461 3769 1515 όνό-

2207 1563 2337 1615 ματι
2363 1545 2565 1619 Κυρίου
2587 1563 2600 1576 ο
2659 1549 3015 1617 ἀναγγείλατε
3041 1550 3102 1602 ὲν
3143 1553 3256 1613 τοῖς
3280 1551 3454 1606 ἔθνεσι
3480 1552 3548 1604 τά
3585 1551 3769 1616 ἔνδοξα

2202 1639 2394 1698 αὐτοῦ·
2431 1641 2825 1711 μιμνήσκεσθε,
2857 1641 2940 1694 ὅτι
2972 1641 3157 1714 ὑψώθη
3205 1642 3266 1696 τὸ
3312 1643 3481 1713 ὄνομα
3518 1644 3701 1699 αὐτοῦ.
3743 1663 3762 1698 ι

2203 1730 2388 1790 Ταῦτα
2413 1730 2523 1801 γὰρ
2547 1730 2636 1797 σὺ,
2654 1732 2682 1785 ό
2714 1731 2873 1802 χορὸς
2897 1733 2926 1784 ὁ
2960 1732 3329 1796 ἀποστολικὸς,
3357 1731 3620 1787 διδάσκων
3641 1735 3768 1799 τοὺς

535 1840 658 1880 cum
715 1823 1007 1895 discipulos
1051 1824 1268 1880 docebis
1310 1834 1454 1888 tuos,
1489 1826 1750 1892 proferes,
1787 1826 2092 1895 prtecipiens

2206 1823 2310 1876 ὐπὸ
2342 1823 2402 1875 σὲ
2438 1823 2926 1894 μαθητευομένους,
2958 1823 3122 1894 ἐρεῖς,
3170 1825 3559 1895 παραγγέλλων
3585 1827 3768 1890 αὐτοῖς

535 1915 662 1979 illis,
699 1924 758 1968 ut
785 1929 852 1968 ne
883 1914 1116 1978 sileant;
1161 1913 1254 1967 sed
1307 1912 1558 1968 salutaris
1596 1913 1836 1968 beneﬁcii
1871 1915 2101 1985 gratiam

531 2007 785 2062 Mnibus
813 2007 1155 2070 annuntient,
1187 2004 1527 2074 clamentque
1551 2014 1607 2059 ut
1648 2006 1952 2062 audiantur.

605 2099 767 2156 Vens.
805 2099 857 2156 6.
899 2117 920 2151 ι
951 2099 1226 2154 Exsultate
1269 2107 1323 2153 et
1367 2097 1660 2163 laetamini,
1706 2100 1798 2167 qui
1844 2099 2100 2154 habitatis

531 2191 688 2257 Sion,
734 2192 858 2258 quia
909 2191 1176 2246 exahatus
1223 2198 1308 2244 est
1347 2197 1564 2244 sanctus
1613 2188 1773 2244 Israel
1825 2190 1879 2244 in
1923 2193 2098 2248 medio

527 2281 666 2352 ejus.
689 2300 708 2332 ›
739 2279 856 2336 Jam
885 2279 1124 2349 pluribus
1151 2281 1405 2335 traditum
1433 2290 1515 2336 est
1541 2280 1758 2336 Sionem
1788 2297 1907 2338 esse
1931 2298 2098 2338 evan-

528 2372 756 2442 gelicum
787 2373 1029 2435 verbum,
1066 2371 1117 2424 in
1151 2387 1262 2441 quo
1292 2369 1540 2426 Ecclesia
1570 2370 1662 2426 Dei
1692 2373 1954 2427 aediﬁcata
1989 2382 2094 2428 est.

527 2462 790 2530 Quoniam
836 2463 997 2533 igitur
1047 2473 1266 2517 sanctus
1303 2462 1468 2518 Israel
1514 2463 1565 2517 in
1613 2464 1789 2520 medio
1836 2464 2094 2521 Ecclesia:

525 2555 795 2611 exaltatus
833 2565 944 2622 est;
989 2557 1136 2627 jure,
1186 2555 1380 2626 inquit,
1427 2557 1700 2614 exsultate
1747 2569 1802 2613 et
1835 2559 2092 2614 Iaztamiui

523 2650 614 2718 qui
648 2649 699 2703 in
728 2649 814 2704 illa
865 2651 1020 2715 estis,
1051 2659 1237 2719 utpote
1281 2649 1370 2719 qui
1429 2659 1677 2705 sanctum
1704 2649 1863 2704 Israel
1895 2651 1946 2706 in
1981 2666 2093 2707 me-

523 2742 614 2796 dio
644 2753 882 2797 vestrum
929 2742 1202 2806 habeatis;
1251 2741 1546 2796 secundum
1578 2741 1990 2810 promissionem
2025 2743 2094 2798 ab

523 2835 641 2903 ipso
695 2833 893 2888 factam
931 2833 1016 2888 bis
1049 2833 1252 2896 verbis,
1290 2852 1307 2885 ι
1337 2831 1439 2889 Ubi
1487 2834 1612 2898 duo,
1660 2832 1746 2887 vel
1809 2843 1921 2888 tres
1970 2847 2095 2888 con-

525 2926 729 2996 gregati
773 2925 976 2979 fuerint
1007 2925 1060 2980 in
1113 2925 1330 2980 nomine
1377 2940 1519 2992 meo,
1564 2925 1673 2980 illic
1711 2939 1828 2981 sum
1875 2926 1928 2980 in
1978 2941 2090 2980 me-

522 3017 614 3072 dio
640 3031 826 3072 eorum
849 3016 912 3071 ".
945 3035 966 3071 ι

1109 3109 1340 3166 CAPUT
1369 3110 1506 3170 XIII.

595 3197 762 3255 Vna.
808 3199 864 3264 1,
906 3199 960 3254 9.
1028 3198 1262 3266 «Visio,
1314 3217 1475 3271 quam
1531 3199 1666 3256 vidit
1726 3199 1894 3256 Isaias
1945 3200 2087 3258 ﬁlius

522 3293 711 3357 Amos,
758 3302 946 3349 contra
976 3291 1328 3366 Babylonem.
1375 3291 1544 3363 Super
1600 3302 1836 3349 montem
1879 3307 2089 3364 campie.

521 3393 693 3439 strem
739 3383 914 3439 levate
967 3385 1222 3456 signum,
1283 3387 1516 3438 exaltate
1569 3399 1753 3438 vocem
1810 3385 1988 3453 ipsis:
2023 3400 2088 3440 ne

523 3476 783 3541 limoatis,
818 3478 1077 3532 advocate
1102 3477 1539 3546 manu,.aperite,
1565 3477 1858 3546 principes.
1886 3495 1904 3528 ι
1939 3477 2086 3532 Vat-i-

520 3564 840 3623 einatos'ea
891 3582 1010 3638 qua:
1062 3567 1117 3622 in
1172 3568 1405 3623 adventu
1452 3566 1654 3621 Christi
1704 3566 1886 3621 futura
1939 3576 2083 3634 sunt,

517 3655 662 3714 a'Iiud
705 3659 804 3714 init
845 3670 1222 3729 argumentum
1255 3670 1441 3714 contra
1473 3658 1802 3730 Babylonem
1840 3677 1854 3714 :
1893 3659 2086 3714 deinde

519 3751 810 3807 secundum
851 3753 1002 3806 addit
1033 3751 1100 3806 de
1132 3752 1456 3818 Pbilistmis;
1491 3761 1672 3819 postea
1708 3754 1928 3806 tertium
1953 3765 2086 3806 con-

519 3853 604 3896 tra
639 3841 976 3897 Moabitidem
1005 3881 1021 3907 ,
1069 3843 1197 3898 hinc
1245 3854 1431 3898 contra
1479 3841 1824 3907 Damascum,
1868 3853 1924 3897 et
1965 3852 2085 3911 post

521 3934 636 3990 haec
672 3934 913 4004 sequitur
953 3936 1090 3990 visio
1121 3933 1373 4004 Egypti;
1418 3943 1628 3989 sextum
1682 3933 1894 3999 deinde,
1947 3935 2083 3989 visio

521 4021 786 4086 Idumaeas,
817 4025 918 4078 sub
947 4024 1082 4086 base,
1105 4021 1400 4093 assumptio
1424 4023 1635 4077 Arabiae
1658 4040 1674 4090 ;
1701 4039 1862 4092 quam
1885 4024 2084 4094 excipit

523 4113 660 4168 visio
691 4113 850 4169 vallis
872 4113 1024 4178 Sion,
1063 4113 1278 4168 demum
1316 4113 1452 4168 visio
1477 4111 1627 4184 Tyri.
1669 4113 1762 4166 Hae
1798 4128 1959 4183 porro
1987 4117 2080 4169 de-

519 4220 640 4261 cem
692 4206 988 4275 prophetiae
1036 4213 1221 4260 mutuo
1277 4206 1573 4266 cohaerent,
1633 4204 1698 4258 de
1762 4204 2083 4276 alienigenis

518 4296 773 4364 gentibus
815 4296 1052 4367 prolatae,
1105 4293 1430 4368 quibuscum
1469 4295 1657 4349 vallem
1702 4293 1885 4350 Sionis
1935 4310 2082 4349 com-

519 4388 798 4458 plectitur,
833 4403 954 4443 cum
1001 4389 1323 4461 alienigenis
1347 4389 1630 4446 Iudaicum
1668 4391 1793 4446 item
1827 4387 2080 4458 populum

2207 1912 2281 1985 μὴ
2317 1915 2528 1984 σιωπᾷν
2549 1931 2564 1946 ·
2588 1913 2930 1983 ἐξαγγέλλειν
2945 1913 3003 1968 δὲ
3024 1919 3135 1979 τοῖς
3164 1918 3296 1969 πᾶσι
3324 1918 3416 1970 καὶ
3443 1920 3520 1980 είς
3541 1918 3766 1984 ἐξάκου-

2204 2018 2328 2056 στον
2362 2003 2490 2073 βοᾷν
2519 2005 2616 2076 τῆς
2651 2003 2915 2075 σωτηρίου
2946 2005 3262 2076 εὐεργεσίας
3287 2006 3385 2078 τὴν
3407 2005 3586 2078 χάριν.

2279 2113 2298 2145 t
2355 2095 2704 2164 Ἀγαλλιᾶσθε
2752 2097 2844 2150 καὶ
2887 2097 3260 2170 εὐφραίνεσθε,
3292 2100 3342 2152 oi
3385 2115 3766 2164 κατοικουντες

2201 2181 2354 2247 Σιὼν,
2375 2185 2455 2238 ὅτι
2480 2183 2664 2256 ὑψώθη
2687 2188 2716 2240 ό
2743 2187 2897 2255 ἅγιος
2922 2187 3013 2240 τοῦ
3050 2188 3264 2260 Ίσραηλ
3287 2191 3344 2242 ὲν
3362 2191 3509 2261 μέσῳ
3536 2191 3724 2260 αὐτῆς.
3739 2212 3757 2242 ι

2202 2273 2341 2344 Ἤδη
2383 2275 2440 2328 δὲ
2477 2276 2564 2330 διὰ
2609 2276 2868 2330 πλειόνων
2919 2276 3057 2330 Σιὼν
3089 2278 3320 2350 ἀπεδόθη
3355 2281 3384 2333 δ
3414 2281 3766 2348 εὐαγγελικδς

2198 2363 2373 2433 λόγος,
2427 2367 2510 2436 ἐφ’
2555 2360 2616 2421 οὐ
2669 2369 2701 2438 ὴ
2741 2369 3031 2440 Ἐκκλησία
3071 2370 3166 2423 τοῦ
3213 2371 3346 2425 Θεοῦ
3397 2371 3760 2443 ᾠκοδόμηται.

2210 2455 2360 2508 Ἐπεὶ
2413 2457 2591 2510 τοίνυν
2643 2459 2671 2510 ὁ
2713 2458 2866 2527 ἅγιος
2918 2459 3011 2512 τοῦ
3052 2461 3264 2533 Ἰσραὴλ
3308 2461 3490 2532 ὑψώθη
3525 2465 3580 2515 ὲν
3612 2463 3765 2536 μέσῳ

2189 2546 2292 2618 τῆς
2361 2547 2702 2621 Ἐκκλησίας,
2763 2551 2985 2615 εἰκότως
3055 2553 3398 2622 ἀγαλλιᾶσθε,
3455 2555 3608 2625 φησὶ,
3668 2557 3764 2611 καὶ

2197 2637 2577 2708 εὐφραίνεσθε,
2607 2643 2654 2695 οἰ
2690 2642 2748 2696 ὲν
2773 2643 2911 2713 αὐτῇ
2937 2661 2950 2674 ο
2982 2643 3076 2697 ἅτε
3097 2644 3161 2715 δὴ
3193 2647 3354 2715 μέσον
3373 2647 3534 2698 αὐτὸν
3549 2647 3762 2717 ἔχοντες

2193 2730 2285 2784 τὸν
2340 2731 2493 2800 ἅγιον
2545 2731 2638 2786 τοῦ
2697 2734 2928 2805 Ἰσραὴλ,
2979 2736 3117 2789 κατά
3173 2737 3268 2806 τὴν
3324 2737 3648 2806 ἐπαγγελίαν
3689 2740 3762 2812 ἢν

2193 2821 2357 2887 αὐτὸς
2392 2823 2680 2895 πεποίηται
2706 2827 2913 2896 φήσας⁸
2955 2845 2973 2878 ι
3010 2828 3182 2881 Ὅπου
3224 2828 3329 2880 εἰσὶ
3361 2827 3454 2880 δύο
3485 2830 3580 2882 καὶ
3612 2832 3758 2902 τρεῖς

2194 2916 2524 2988 συνηγμένοι
2567 2918 2625 2972 ὲν
2673 2918 2751 2990 τῷ
2779 2918 2999 2990 ὀνόματί
3040 2937 3164 2992 μου,
3205 2922 3321 2975 ἐκεῖ
3363 2923 3479 2994 είμι
3511 2924 3571 2978 ὲν
3609 2925 3753 2994 μέσῳ

2188 3025 2385 3062 αυτων.
2419 3027 2436 3061 Ι

2704 3101 3095 3157 ΚΕΦΑΛΑΙΟΝ
3134 3100 3229 3156 Il‘.

2268 3209 2288 3244 ι
2335 3193 2562 3264 Ὅρασις
2605 3194 2671 3263 ἢν
2702 3187 2841 3246 εἶδεν
2875 3194 3099 3257 Ἡσαΐας
3124 3194 3247 3258 υίὸς,
3273 3196 3454 3268 ’Δμὼς
3475 3197 3619 3252 κατά
3651 3198 3757 3252 Ba-

2190 3284 2447 3349 ὁυλῶνος.
2484 3285 2599 3338 Ἐπ’
2625 3286 2790 3358 ,ὅρους
2841 3284 3056 3339 πεδινοῦ
3095 3286 3261 3356 ἄρατε
3315 3291 3560 3360 σημεῖον,

2189 3393 2317 3431 σατε
2342 3376 2440 3448 τὴν
2475 3377 2656 3448 φωνὴν
2692 3379 2872 3439 αὐτοῖς
2891 3393 2902 3406 ·
2941 3377 3015 3450 μὴ
3063 3379 3330 3447 φοϐεῖσθε,
3381 3383 3757 3454 παρακαλεῖτε

2185 3469 2252 3539 τῇ
2320 3468 2484 3538 χειρὶ,
2538 3468 2804 3532 ἀνοίξατε,
2841 3469 2891 3520 οί
2939 3469 3216 3539 ἄρχοντες.
3263 3489 3283 3523 ι
3334 3473 3443 3526 Καὶ
3503 3474 3635 3545 μετά
3682 3474 3757 3531 τὰ

2186 3558 2541 3613 θεσπισθέντα
2569 3558 2634 3612 τὰ
2663 3560 2754 3612 ἐπὶ
2785 3559 2884 3630 τῆς
2911 3561 3207 3631 παρουσίας
3233 3561 3325 3615 τοῦ
3369 3565 3599 3635 Χριστοῦ
3657 3583 3747 3635 γεο

2185 3651 2456 3722 νησόμενα
2479 3652 2668 3721 ἑτέρας
2706 3652 2930 3722 ἄρχεται
2965 3652 3268 3718 ὑποθέσεως
3292 3654 3392 3725 τῆς
3417 3658 3555 3711 κατὰ
3580 3659 3757 3712 Βαϐυ-

2184 3740 2380 3804 λῶνοςο
2415 3737 2512 3793 εἷθ’
2541 3741 2666 3812 tea;
2689 3743 2945 3814 δευτέραν
2991 3744 3172 3816 τίθησι
3215 3746 3316 3817 τὴν
3345 3747 3471 3818 περὶ
3504 3748 3608 3801 τῶν
3641 3751 3752 3803 Φυ-

2183 3832 2457 3886 λιστιαίων
2490 3848 2505 3863 ο
2541 3834 2658 3904 μεθ’
2691 3835 2756 3904 ἢν
2794 3834 2974 3905 τρίτον
3013 3837 3132 3892 ἐστὶ
3154 3838 3214 3890 τὺ
3243 3838 3384 3891 κατά
3409 3839 3509 3909 τῆς
3539 3841 3758 3894 Μωαόίο

2183 3923 2324 3988 τιδος
2349 3941 2361 3954 ·
2389 3921 2507 3978 εἶτα
2537 3926 2631 3978 καὶ
2667 3926 2729 3980 τὸ
2760 3927 2902 3983 κατὰ
2930 3929 3240 3999 Δαμασκοῦ,
3283 3931 3374 3983 καὶ
3402 3931 3541 4002 μετά
3576 3932 3750 3986 ταῦτα

2183 4015 2375 4080 ὅρασις
2423 4015 2732 4084 Αίγύπτουο
2769 4013 2868 4070 εἷθ’
2922 4018 3078 4072 ἕκτον
3125 4019 3187 4071 τὸ
3218 4020 3402 4090 ὅραμα
3447 4022 3546 4092 τῆς
3595 4023 3751 4076 Ἰδου-

2185 4107 2383 4178 μαίας’
2446 4107 2634 4160 ἔπειτα
2681 4107 2870 4180 λῆμμα
2923 4113 2988 4181 τῇ
3043 4110 3302 4182 Ἀραϐίᾳ*
3357 4106 3401 4180 ᾧ
3451 4113 3640 4167 ἕπεται
3686 4113 3751 4168 τὸ

2183 4199 2370 4270 ὅραμα
2396 4199 2494 4269 τῆς
2527 4199 2808 4271 φάραγγος
2833 4201 2970 4256 Σιών
2991 4220 3003 4232 -
3039 4204 3131 4255 καὶ
3160 4205 3252 4258 ἐπὶ
3280 4205 3413 4258 πᾶσι
3463 4206 3522 4259 τὸ
3567 4207 3750 4278 ὅραμα

2186 4292 2378 4364 Τύρου.
2417 4293 2555 4346 Δέκα
2590 4292 2648 4345 δὲ
2689 4285 2848 4347 αὗται
2904 4295 2996 4348 καὶ
3049 4296 3400 4366 συνημμέναι,
3425 4299 3748 4368 τυγχάνουσι

2187 4387 2511 4454 προφητεῖαι
2535 4384 2661 4455 περὶ
2692 4384 2800 4437 τῶν
2841 4383 3148 4454 ἀλλοφύλων
3182 4386 3372 4452 ὲθνῶν,
3394 4383 3479 4451 αἷς
3507 4389 3601 4441 καὶ
3649 4389 3749 4460 τὴν

516 4493 769 4535 evocans.
807 4478 918 4536 Cur
963 4493 1138 4536 autem
1168 4481 1357 4535 horum
1393 4491 1599 4536 tantum
1621 4482 1774 4551 quasi
1821 4496 1889 4535 ex
1937 4491 2081 4534 sorte

2194 4475 2448 4547 φάραγγα
2509 4473 2645 4528 Σιὼν
2675 4477 3121 4549 συμπεριείληφε,
3146 4480 3259 4542 τοῖς
3301 4478 3612 4548 ἀλλοφύλοις
3653 4482 3748 4535 καὶ

517 4573 750 4642 quadam
784 4573 1067 4640 meminit,
1098 4573 1324 4628 aliarum
1369 4589 1495 4628 vero
1546 4576 1784 4644 gentium
1829 4573 2086 4628 minimc?

516 4663 930 4733 Respondemus
981 4663 1155 4718 nullas
1206 4664 1341 4717 alias
1389 4671 1514 4718 tunc
1569 4663 1824 4733 temporis
1872 4661 2086 4717 Iudaeo-

519 4766 637 4810 rum
691 4752 885 4822 populo
940 4751 1164 4807 infestas
1210 4750 1400 4817 fuisse,
1436 4753 1538 4806 nisi
1571 4767 1732 4821 supra
1763 4753 2080 4817 recensitas,

519 4859 638 4913 quae
690 4843 1005 4913 frequenter
1050 4853 1238 4900 contra
1289 4844 1414 4898 illos
1471 4845 1871 4916 insurgebant:
1921 4845 2084 4901 modo

519 4933 738 5003 quidem
779 4932 1171 5006 Jerosolymam
1219 4935 1538 5003 expilantes,
1581 4937 1737 4990 modo
1778 4951 1965 4992 eormn
2000 4953 2084 4992 re-

518 5024 730 5094 gioem
759 5034 1056 5081 vastantes.
1103 5025 1464 5093 Quamobrem
1495 5042 1612 5092 eos,
1642 5027 1730 5095 qui
1762 5028 2083 5082 obsideban.

517 5127 626 5183 tur,
665 5118 973 5174 necessario
1010 5116 1282 5188 Scriptura
1313 5119 1469 5174 docet
1499 5134 1559 5174 ea
1582 5160 1597 5185 ,
1632 5134 1757 5188 quae
1783 5119 2083 5174 obsidenti-

516 5209 621 5263 bus
662 5217 922 5267 eventura
964 5218 1138 5264 erant.
1188 5209 1318 5280 Ipsis
1353 5227 1483 5266 vero
1514 5227 1637 5266 cum
1675 5211 1960 5266 scientiam
1991 5225 2085 5280 per

519 5300 792 5356 Christum
818 5300 1231 5366 conciliandam,
1257 5313 1368 5358 tum
1396 5303 1663 5358 bonorqu
1693 5304 2077 5372 promissiones

516 5392 804 5447 annuntiat
836 5410 850 5450 :
886 5392 1241 5462 omnibusque
1273 5394 1575 5461 ,υιιὶνετείιη
1630 5396 1696 5450 de
1739 5395 1946 5465 judicio
1981 5393 2074 5451 Dei

516 5485 676 5540 verba
709 5484 858 5550 facit,
892 5500 1078 5540 omnes
1113 5485 1355 5541 homines
1379 5488 1663 5544 cohortans
1687 5487 1755 5540 ad
1788 5487 1874 5557 pie
1897 5486 2075 5542 viven-

515 5574 664 5642 dum,
699 5573 793 5630 Dei
821 5575 1105 5631 tribunalis
1137 5588 1420 5632 memores.
1461 5574 1694 5632 Primam
1723 5574 1887 5646 igitur
1915 5573 2070 5631 visio-

585 5752 631 5786 "
659 5752 847 5813 Matth.
879 5768 1030 5823 xvnt,
1062 5753 1152 5811 ΞΟ.

2183 4567 2273 4620 τὸν
2315 4566 2424 4619 τῶν
2459 4566 2726 4620 Ἰουδαίων
2775 4566 3114 4637 συγκαλέσας
3149 4568 3294 4624 λαόν.
3330 4569 3393 4624 Τί
3442 4570 3639 4641 δήποτε
3687 4570 3744 4624 δὲ

2182 4657 2386 4713 τούτων
2412 4657 2588 4727 μόνων
2613 4655 2800 4728 ὥσπερ
2825 4659 3286 4730 ἁποκληρωτικῶς
3311 4659 3600 4731 μέμνηται,
3625 4659 3746 4730 οὐχὶ

2181 4749 2239 4803 δὲ
2275 4750 2368 4802 καὶ
2416 4749 2614 4820 ἐτέρων
2647 4749 2855 4815 ἐθνῶν;
2894 4750 3177 4822 Ἐροῦμεν,
3203 4751 3287 4806 δτι
3334 4751 3548 4807 οὐδένες
3595 4751 3742 4806 ἄλλοι

2184 4842 2305 4895 κατ’
2336 4843 2510 4894 ἐκεῖνο
2534 4840 2726 4912 καιροῦ
2759 4841 3129 4914 παρηνόχλουν
3153 4845 3266 4907 τοῖς
3302 4843 3572 4907 Ἰουδαίοις
3620 4843 3653 4914 ἢ
3692 4845 3741 4898 οἱ

2185 4932 2630 5003 καταλεχθέντες,
2667 4933 2906 5003 συνεχῶς
2934 4934 3116 4998 αὐτοῖς
3151 4935 3600 5004 ἐπανιστάμενοι·
3649 4935 3741 4987 καὶ

2183 5026 2313 5078 ποτὲ
2344 5025 2440 5095 μὲν
2468 5025 2565 5097 τὴν
2608 5025 2960 5096 Ἰερουσαλὴμ
2996 5024 3342 5096 πορθοῦντες,
3377 5026 3506 5078 ποτὲ
3543 5027 3600 5079 δὲ
3643 5028 3742 5097 τὴν

2185 5117 2367 5189 χώραν
2386 5118 2561 5174 αὐτῶν
2594 5117 2867 5190 δῃοῦντες.
2905 5119 3097 5190 Διόπερ
3124 5119 3152 5170 ό
3194 5117 3350 5186 λόγος
3369 5121 3494 5182 τοὺς
3521 5119 3740 5189 πολιορ-

2185 5209 2483 5279 κουμένους
2514 5211 2830 5278 ἀναγκαίως
2866 5211 3112 5263 ἐδίδασκε
3139 5209 3207 5266 τὰ
3229 5209 3613 5281 συμϐησόμενα
3632 5212 3742 5272 τοῖς

2185 5299 2369 5363 αὐτοῖς
2403 5301 2768 5372 πολιορκοῦσι.
2805 5303 3005 5360 Γνῶσιν
3035 5303 3090 5356 δὲ
3138 5303 3322 5364 αὐτοῖς
3357 5302 3454 5373 τὴν
3485 5301 3574 5356 διὰ
3604 5303 3741 5360 Xm-

2184 5391 2312 5445 στοῦ
2333 5393 2428 5446 καὶ
2453 5393 2674 5460 ἀγαθῶν
2713 5395 3041 5463 ἐπαγγελίας
3069 5392 3503 5462 εὐαγγελίζεται·
3540 5413 3742 5466 κηρυτ-

2181 5501 2265 5536 τει
2304 5501 2362 5536 τε
2391 5483 2688 5548 καθολικῶς
2737 5488 2850 5550 τοῖς
2888 5489 3021 5540 πᾶσι
3052 5486 3140 5540 τὸν
3185 5488 3310 5558 περὶ
3343 5487 3441 5557 τῆς
3486 5487 3577 5539 τοῦ
3607 5485 3737 5538 Θεοῦ

2187 5575 2420 5646 κρίσεως
2444 5574 2618 5646 λόγον,
2647 5577 2967 5649 προτρέπων
3004 5577 3244 5640 ἅπαντας
3284 5575 3600 5649 ἀνθρώπους
3628 5575 3736 5632 θεο-
