4158 6402
314 385 417 441 185

1265 393 1770 454 COMMENTARIA
1803 401 1872 457 IN
1913 403 2171 460 ISAIADI.
2225 435 2282 446 —
2322 405 2474 462 CAP.
2517 407 2653 466 XIII.

3457 417 3560 473 186

313 499 488 564 σεϐῶς
512 499 636 571 ζῇν,
673 500 768 555 τοῦ
789 501 1170 574 δικαιωτηρίου
1204 505 1297 560 τοῦ
1319 507 1457 560 Θεοῦ
1489 513 1884 583 μεμνημένους.

1997 533 2119 574 nent
2167 517 2320 574 effert
2369 534 2562 578 contra
2608 523 2975 595 Babylonem,
3022 539 3302 600 postquam
3344 533 3396 587 iu
3445 535 3562 604 ipso

312 589 543 664 Πρώτην
593 587 686 647 οὖν
728 593 908 664 τίθησι
961 595 1060 667 τὴν
1106 597 1249 650 κατά
1298 599 1618 666 Βαϐυλῶνος
1674 605 1884 676 ὅρασιν,

311 680 589 754 προειπὼν
632 683 692 736 ἐν
736 684 874 754 ἀρχῇ
914 685 1014 756 τῆς
1058 685 1187 758 ὅλης
1245 687 1427 758 βίϐλου
1472 690 1574 763 τὴν
1618 693 1758 746 κατὰ
1792 695 1889 766 τῆς

322 772 698 847 Ἰερουσαλήμ.
756 777 970 848 Ἐπειδὴ
1004 781 1112 852 γάρ
1163 783 1238 852 μή
1287 783 1404 836 ἐστι
1460 789 1888 861 προσωποληψία

314 867 468 938 παρὰ
499 867 576 938 τῷ
605 867 742 939 Θεῷ,
776 869 870 921 ἀπ’
909 870 1089 924 αὐτῶν
1139 870 1342 943 ἤρξατο
1368 875 1476 928 τῶν
1518 878 1755 940 οἰκείων,
1794 884 1889 936 καὶ

314 961 393 1022 εἰς
425 959 624 1024 αὐτοὺς
648 960 809 1014 πάλιν
833 961 1162 1034 ἀναστρέφει
1195 965 1286 1018 τὸν
1309 964 1467 1035 λόγον
1487 985 1498 995 ·
1529 969 1635 1022 τῶν
1654 970 1708 1023 δὲ
1735 971 1889 1025 ἀλλο-

315 1049 495 1119 φύλων
517 1049 687 1103 ἐθνῶν
708 1050 807 1121 τὴν
854 1051 1146 1106 Βαϐυλῶνα
1189 1056 1506 1126 προτάσσει.
1536 1059 1792 1131 Βασιλικὴ
1831 1061 1888 1116 δὲ

312 1139 453 1212 αὕτη
474 1141 581 1195 τῶν
612 1142 914 1214 Ἀσσυρίων
943 1143 1118 1208 πόλις,
1147 1147 1376 1218 μεγίστη
1402 1150 1498 1202 καὶ
1519 1149 1884 1223 δυνατωτάτη.

311 1231 575 1301 Λέγονται
605 1231 664 1286 δὲ
700 1232 975 1304 Ἀσσύριοι
1019 1235 1224 1307 πρῶτοι
1251 1237 1353 1306 τῆς
1381 1241 1706 1312 οἰκουμένης
1752 1259 1888 1313 κρα-

311 1321 474 1390 τῆσαι
507 1323 592 1390 ἐφ’
617 1321 759 1386 ὅλοις
783 1323 974 1392 χιλίοις
1017 1326 1112 1377 καὶ
1166 1328 1500 1397 τριακοσίοις
1540 1331 1682 1384 ἔτεσι
1727 1333 1889 1402 μέχρι

311 1411 421 1464 τῶν
454 1412 885 1483 πολιορκούντων
935 1416 1034 1485 τὴν
1074 1417 1448 1490 Ἰερουσαλὴμ,
1493 1421 1723 1475 καὶτῶν
1758 1425 1886 1476 Ίου-

311 1501 480 1556 δαίων
537 1504 628 1558 τὸν
675 1504 803 1560 λαὸν
858 1507 1202 1576 αἰχμάλωτον
1276 1511 1590 1579 ἀγαγόντων
1657 1515 1736 1578 εἰς
1788 1516 1886 1587 τὴν

313 1593 496 1646 αὐτῶν
553 1593 757 1666 χώραν.
800 1595 922 1648 Ἐπὶ
965 1596 1137 1668 ταύτῃ
1183 1599 1294 1668 γὰρ
1328 1603 1392 1670 τῇ
1437 1601 1547 1656 τῶν
1591 1604 1886 1674 Ἀσσυρίων

312 1683 529 1754 πράξει,
565 1685 763 1739 αὐτίκα
790 1687 882 1740 καὶ
901 1687 998 1740 οὐκ
1021 1689 1102 1753 είς
1133 1690 1372 1762 μακρὰν,
1403 1693 1463 1746 τὸ
1488 1695 1688 1765 κράτος
1709 1696 1886 1750 αὐτῶν

314 1777 606 1850 κατελύθη.

388 1887 408 1920 ι
461 1869 756 1934 Ἀνοίξατε,
805 1874 854 1925 οἱ
885 1873 1161 1944 ἄρχοντες.
1200 1893 1219 1927 ι
1250 1875 1435 1930 Ταῦτα
1483 1877 1541 1932 δὲ
1590 1879 1648 1934 τὸ
1700 1881 1755 1934 ὲν
1813 1881 1890 1953 τῷ
1923 1883 1964 1937 Β

312 1962 562 2032 προφήτῃ
587 1961 813 2032 Πνεῦμα
842 1961 980 2018 θεῖον
1011 1967 1075 2018 ὲκ
1102 1965 1393 2036 προσώπου
1425 1968 1519 2022 τοῦ
1555 1971 1690 2023 Θεοῦ
1715 1973 1887 2041 Λόγου

312 2053 596 2124 προφέρει.
633 2054 798 2118 Αὐτὸς
823 2058 1002 2111 τοίνυν
1031 2059 1059 2110 ό
1086 2061 1587 2132 παρακελευόμενος
1614 2067 1726 2127 τοῖς
1751 2067 1887 2136 ἀμφ’

311 2141 472 2194 αὑτὸν
495 2143 747 2212 ἀγγέλοις
779 2145 987 2213 ἀνοῖξαι
1018 2147 1186 2220 θύρας
1219 2151 1630 2221 κεκλεισμένας,
1662 2156 1754 2208 καὶ
1788 2174 1890 2210 πα-

313 2234 745 2306 ρακελεύσασθαι
779 2241 888 2302 τοῖς
923 2239 1070 2293 ἔνδον
1115 2237 1232 2294 οὖσι
1281 2243 1558 2314 προῖέναι,
1594 2247 1750 2317 ἥκειν
1795 2250 1888 2302 καὶ

314 2325 564 2378 σπεύδειν
590 2328 682 2380 ἐπὶ
701 2329 800 2396 τὴν
819 2331 926 2382 τῶν
947 2331 1159 2384 ἀσεϐῶν
1180 2333 1468 2405 τιμωρίαν.
1512 2331 1677 2408 Οἶμαι
1709 2338 1763 2392 δὲ
1801 2339 1888 2393 διὰ

310 2420 515 2471 τούτων
552 2420 838 2491 δηλοῦσθαι
867 2421 964 2492 τὴν
999 2424 1384 2496 ἀφωρισμένην
1424 2429 1542 2492 ταῖς
1583 2429 1889 2500 ἀντικειμέ-

309 2523 430 2573 ναις
454 2510 776 2583 δυνάμεσιν·
805 2515 866 2566 ὲν
983 2514 1172 2587 ὥσπερ
1204 2516 1260 2569 ὲν
1284 2514 1639 2590 δεσμωτηρίῳ
1675 2520 1888 2594 καθειρ-

308 2603 510 2674 γμέναι
541 2605 886 2675 τυγχάνουσι.
913 2605 1025 2660 Καὶ
1053 2607 1260 2678 μήποτε
1297 2608 1432 2681 αὕτη
1469 2612 1615 2663 ἐστὶν
1639 2614 1671 2682 ἡ
1698 2613 1887 2666 καλου-

310 2693 446 2764 μένη
473 2692 725 2758 ἄϐυσσος,
751 2696 1218 2769 ὲμπεπληρῶσθαι
1237 2698 1294 2752 δὲ
1316 2700 1623 2770 δρακόντων
1649 2703 1884 2760 διδάσκει

306 2785 335 2837 ό
363 2785 586 2856 φάσκων
617 2785 795 2854 λόγος,
829 2807 848 2838 ι
885 2789 1186 2859 Δράκοντες
1214 2791 1308 2843 καὶ
1350 2794 1518 2846 πᾶσαι
1561 2793 1820 2862 ἀϐυσσοι;
1859 2818 1878 2850 ι

309 2877 472 2932 Ὅθεν
503 2879 596 2932 καὶ
635 2878 727 2933 τὸν
772 2880 998 2953 Σωτῆρα
1031 2883 1370 2953 παρεκάλουν
1414 2887 1461 2938 oi
1494 2887 1772 2958 δαίμονες,
1809 2889 1884 2960 μὴ

309 2968 522 3039 πέμψαι
549 2971 764 3036 αὐτοὺς,
788 2972 1024 3042 ὁπηνίκα
1053 2972 1205 3043 ἔλεγε
1235 2976 1316 3037 τὸ,
1349 2995 1367 3026 ι
1398 2972 1600 3042 τΗλθες
1621 2979 1732 3050 πρὸ
1762 2997 1884 3033 και-

311 3059 410 3133 ροῦ
448 3060 731 3130 βασανίσαι
767 3065 931 3134 ἡμᾶς.
971 3084 989 3115 ι
1025 3065 1099 3117 Οὐ
1139 3065 1248 3136 γὰρ
1278 3067 1507 3135 ἠγνόουν
1543 3070 1730 3141 καιρόν
1762 3088 1886 3127 τινα

306 3150 527 3206 ἔσεσθαι
550 3154 731 3217 αὐτοῖς
759 3155 854 3225 τῆς
877 3157 956 3219 είς
993 3155 1092 3228 τὴν
1119 3157 1354 3211 ἄϐυσσον
1387 3159 1738 3232 καθείρξεως.

1999 609 2120 664 libri
2151 610 2376 666 exordio
2413 612 2676 672 visionem
2721 630 2916 674 contra
2944 619 3241 677 Jerusalem
3296 628 3564 693 premiso-

1997 711 2102 756 rat.
2136 701 2270 769 Quia
2296 704 2440 758 enim
2473 706 2614 759 nulla
2643 719 2726 763 est
2756 727 3116 780 personarum
3148 716 3388 785 acceptio
3418 720 3562 787 apud

1997 795 2190 858 Deum,
2237 811 2265 849 a
2301 796 2696 855 contribulibus
2736 804 2854 856 suis
2879 818 3057 866 orsus,
3095 805 3146 858 in
3195 808 3411 859 eosdem
3441 823 3564 860 rur-

1994 903 2110 941 sum
2139 903 2444 943 sermonem
2477 895 2746 946 convertit
2772 911 2788 959 ;
2813 895 3130 965 alienigenis
3160 911 3288 950 vero
3313 899 3561 966 gentibus

1997 983 2318 1054 Babylonem
2364 988 2662 1055 praemittit.
2701 986 2865 1057 Regia
2897 996 3072 1041 autem
3105 988 3191 1043 illa
3220 990 3563 1062 Assyriorum

1996 1079 2123 1133 urbs
2159 1089 2308 1146 erat,
2357 1083 2587 1134 tuaxima
2637 1089 2799 1149 atque
2856 1083 3248 1150 potentissima.
3302 1085 3564 1144 Dicuntur

1994 1184 2159 1239 porro
2199 1171 2408 1242 Assyrii
2457 1172 2616 1236 primi
2669 1171 2909 1224 onmimn
2943 1172 3062 1226 orbi
3095 1173 3390 1244 imperasse
3420 1187 3562 1233 totos

1996 1261 2142 1314 mille
2174 1272 2228 1316 et
2271 1271 2542 1318 trecentos
2587 1279 2798 1325 annos,
2845 1280 3015 1334 usque
3058 1268 3125 1320 ad
3165 1281 3260 1321 eos
3290 1269 3378 1336 qui
3405 1267 3560 1324 Jeru—

1997 1354 2263 1422 solymam
2289 1355 2640 1419 obsederunt,
2674 1370 2736 1406 ac
2763 1353 3072 1410 Iudaeorum
3102 1359 3352 1426 p0pulum
3385 1361 3561 1429 capti-

1994 1457 2118 1496 vum
2166 1443 2513 1496 abduxerunt
2555 1443 2606 1496 in
2660 1445 2933 1511 regionem
2977 1460 3152 1500 suam.
3197 1446 3425 1516 Propter
3459 1451 3561 1506 hoc

1992 1532 2138 1586 enim
2181 1533 2522 1602 Assyriorum
2577 1533 2825 1602 facinus,
2870 1551 2971 1591 nec
3009 1537 3099 1592 diu
3155 1549 3338 1608 postea
3369 1553 3558 1598 eorum

1994 1623 2276 1694 imperium
2318 1625 2551 1680 solutum
2587 1635 2686 1682 est.

2071 1893 2090 1928 ι
2119 1874 2340 1943 Aperite
2363 1877 2654 1945 principes.
2686 1896 2703 1930 ι
2733 1876 2870 1948 [Haec
2903 1892 3064 1946 porro
3088 1879 3324 1949 Spiritus
3347 1881 3564 1936 divinus

2001 1969 2054 2023 in
2091 1971 2351 2038 propheta
2398 1971 2662 2025 exsistens
2693 1986 2758 2028 ex
2805 1987 3033 2041 persona
3085 1973 3177 2026 Dei
3225 1970 3385 2027 Verbi
3435 1989 3563 2044 pro-

1998 2060 2121 2116 fert.
2147 2060 2286 2116 Idem
2323 2062 2485 2129 igitur
2522 2061 2636 2131 ipse
2661 2072 2743 2117 est
2781 2063 2871 2130 qui
2913 2063 3119 2132 angelis
3159 2064 3563 2118 circumstanti-

2005 2153 2108 2206 bus
2130 2153 2395 2221 praecipit,
2428 2162 2485 2206 ut
2517 2152 2731 2208 clausas
2759 2164 2942 2222 portas
2964 2155 3230 2222 aperiant,
3256 2154 3564 2223 acjnheant

1994 2259 2088 2300 eos
2118 2246 2208 2313 qui
2237 2246 2376 2300 intra
2415 2256 2541 2301 sunt
2564 2247 2798 2317 prodire,
2826 2249 3081 2302 accedere
3108 2262 3163 2302 et
3197 2247 3455 2304 festinare
3491 2251 3560 2303 ad

1994 2336 2286 2406 impiorum
2313 2339 2657 2408 supplicium.
2689 2336 2922 2394 Estimo
2951 2351 3129 2394 autem
3155 2341 3239 2395 his
3267 2339 3562 2411 signiﬁcari

1994 2430 2260 2484 ultionem
2287 2445 2407 2500 qua
2439 2432 2765 2511 adversariis
2814 2433 3175 2499 potestatibus
3209 2433 3508 2487 destinatur
3542 2451 3557 2488 :

1995 2523 2044 2578 in
2071 2538 2174 2590 qua
2213 2537 2311 2577 ceu
2343 2525 2395 2577 in
2424 2539 2642 2578 carcere
2674 2525 3084 2579 concluduntur.
3127 2523 3262 2578 Num
3297 2524 3437 2579 forte
3472 2525 3560 2580 illa

1994 2615 2157 2669 fuerit
2187 2614 2439 2686 abyssus,
2482 2626 2540 2670 ut
2572 2626 2819 2678 vocatur,
2866 2631 3029 2686 quam
3075 2617 3401 2672 draconibus
3444 2617 3559 2686 ple-

1993 2723 2119 2763 nam
2154 2708 2230 2761 ait
2263 2708 2543 2776 Scriptura
2583 2709 2669 2763 bis
2694 2709 2898 2773 verbis,
2943 2728 2961 2759 ι
2995 2707 3264 2764 Dracones
3293 2718 3349 2764 et
3369 2724 3561 2764 omnes

1991 2798 2171 2869 abyssi
2192 2797 2284 2850 "‘I
2313 2816 2332 2850 ι
2389 2796 2540 2854 Unde
2580 2809 2635 2852 et
2665 2796 3002 2853 Salvatorem
3044 2801 3310 2865 rogabant
3358 2800 3560 2857 damno-

1991 2905 2109 2954 nes,
2144 2904 2213 2945 ne
2241 2903 2300 2945 se
2340 2889 2431 2943 illo
2476 2889 2736 2956 mitteret,
2796 2904 2920 2944 cum
2964 2890 3239 2953 dicebant,
3304 2907 3322 2940 ι
3353 2886 3559 2942 Venisti

1990 2991 2115 3036 ante
2144 2993 2355 3051 tempus
2387 2992 2636 3052 torquere
2657 2997 2754 3036 nos
2774 2983 2839 3036 ".
2875 3001 2893 3033 ι
2923 2981 3036 3037 Non
3067 2982 3388 3053 ignorabant
3415 2983 3558 3036 enim

1992 3072 2232 3128 futurum
2271 3084 2478 3144 tempus
2524 3090 2647 3131 esse
2689 3091 2794 3145 quo
2858 3075 2910 3129 in
2961 3078 3158 3144 abysso
3203 3074 3560 3132 concludendi

1990 3175 2164 3219 erant.

384 3261 402 3294 ι
451 3243 590 3311 Ἐγὼ
616 3246 893 3299 συντάσσω
919 3249 1010 3300 καὶ
1033 3248 1145 3318 ἐγὼ
1170 3249 1289 3318 ἀγω
1317 3251 1535 3314 αὐτούς.
1575 3271 1594 3304 ι
1639 3253 1796 3318 Τίνες
1825 3253 1881 3309 δέ

2064 3256 2227 3313 Vens.
2268 3258 2325 3316 5.
2368 3278 2386 3310 ι
2415 3259 2523 3329 Ego
2552 3259 2748 3313 ordino
2775 3268 2830 3314 et
2851 3273 2950 3326 ego
2977 3260 3115 3313 duco
3142 3273 3290 3314 eos.»
3329 3257 3554 3325 Quinam

307 3334 448 3387 είσιν
490 3329 632 3389 οὗτοι
683 3337 809 3408 ἑξῆς
853 3338 1147 3410 παρίστησι
1188 3340 1465 3411 διασαφῶν
1530 3345 1626 3396 καὶ
1678 3345 1879 3415 λέγων’

317 3442 336 3475 ι
383 3425 637 3494 Γίγαντες
679 3427 926 3500 ἔρχονται
963 3431 1248 3502 πληρῶσαι
1271 3432 1361 3486 τὸν
1394 3432 1562 3505 θυμόν
1595 3453 1728 3506 μου,
1763 3439 1885 3507 χαί-

307 3531 495 3589 ροντες
543 3517 658 3589 ἅμα
702 3521 797 3573 καὶ
842 3521 1173 3592 ὑϐρίζοντες.
1233 3543 1253 3575 ι
1305 3525 1617 3596 Συμφώνως
1667 3528 1722 3581 δὲ
1770 3532 1883 3593 τοῖς

313 3605 714 3679 Ἑϐδομήκοντα
742 3611 1088 3683 ἡρμήνευσεν
1113 3612 1141 3663 ὁ
1170 3611 1458 3668 Θεοδοτίων
1482 3614 1651 3669 εἰπών
1673 3633 1686 3647 ·
1719 3636 1736 3668 ι
1774 3617 1883 3670 Καί

302 3713 367 3766 γε
407 3698 642 3754 ἐκάλεσα
695 3701 819 3764 τοὺς
846 3702 1107 3771 γίγαντάς
1140 3720 1269 3774 μου·
1316 3724 1336 3757 ι
1380 3708 1407 3759 ὁ
1435 3706 1492 3760 δὲ
1527 3708 1755 3771 ’Δκύλας
1790 3709 1884 3763 καὶ

301 3791 332 3842 ὁ
371 3789 661 3862 Σύμμαχος
695 3793 815 3846 ἀντὶ
847 3794 962 3857 τοῦ,
1006 3814 1024 3846 ι
1071 3797 1350 3866 γίγαντας,
1406 3817 1524 3850 ι--ι
1550 3799 1807 3864 δυνατοὺς
1855 3819 1874 3853 ι

301 3885 672 3954 ήρμήνευσαν.
706 3885 862 3940 Οὕτω
889 3887 944 3942 δὲ
984 3887 1138 3941 καλεῖ
1180 3889 1277 3952 τὰς
1304 3891 1682 3964 τιμωρητικάς
1721 3892 1880 3945 δυνά-

307 3992 447 4046 μεις,
485 3975 550 4030 δι’
591 3971 665 4031 ὧν
715 3978 783 4031 τά
810 3979 908 4049 τῆς
955 3981 1096 4034 κατά
1137 3981 1246 4034 τῶν
1291 3983 1504 4041 ἀσεϐῶν
1546 3985 1712 4056 ὀργῆς
1745 3984 1880 4057 πλη-

306 4067 518 4140 ροῦται.
558 4071 930 4144 Ἑπιχαίρουσι
957 4076 1117 4130 κακοί
1149 4094 1313 4140 τινες,
1343 4073 1487 4132 οὗτοι
1515 4080 1564 4131 οἱ
1599 4079 1880 4152 λεγόμενοι

303 4161 577 4230 γίγαντες,
609 4163 797 4236 ὥσπερ
821 4168 887 4220 τά
926 4172 1045 4222 κατ’
1079 4169 1244 4240 εύχάς
1273 4171 1634 4242 πράττοντες·
1665 4175 1880 4245 χαῖρον-

300 4270 394 4316 τες
417 4254 510 4306 ἐπὶ
532 4254 609 4326 τῷ
636 4256 876 4330 ὑϐρίζειν
901 4261 994 4314 καὶ
1020 4262 1267 4328 κολάζειν
1287 4265 1414 4328 τοὺς
1438 4264 1674 4331 ἀσεϐεῖς,
1696 4265 1790 4320 ἅτε
1813 4267 1877 4322 ss

303 4341 378 4414 μὴ
412 4342 623 4414 ἔχοντες
651 4347 928 4418 σπλάγχνα
955 4351 1272 4423 οἰκτιρμῶν.

378 4452 394 4482 ι
427 4433 580 4505 Φωνὴ
607 4433 775 4490 ἐθνῶν
809 4439 1015 4494 πολλῶν
1045 4442 1137 4494 ἐπὶ
1169 4442 1275 4496 τῶν
1305 4443 1496 4514 ὀρέων,
1522 4444 1682 4516 ὁμοία
1707 4445 1877 4500 ἐθνῶν

301 4525 531 4579 πολλῶν.
579 4527 734 4600 Φωνὴ
773 4529 1034 4599 βασιλέων
1066 4534 1158 4587 καὶ
1209 4533 1377 4588 ἐθνῶν
1422 4537 1794 4606 συνηγμένων.
1851 4557 1870 4590 ι

301 4618 366 4670 Oi
398 4616 676 4687 μέλλοντες
711 4620 832 4674 τότε
874 4627 937 4694 τῇ
971 4625 1214 4697 τιμωρίᾳ
1263 4626 1650 4696 παραδίδοσθαι
1693 4628 1876 4697 φωνὰς
1911 4609 1952 4662 ί)

298 4709 590 4780 ἀφήσουσι,
620 4711 687 4765 τὰ
711 4713 917 4767 ἑαυτῶν
945 4716 1424 4788 ἐξομολογούμενοι
1454 4719 1602 4773 κακὰ
1619 4737 1631 4749 ·
1659 4719 1791 4791 ὁμοῦ
1820 4720 1877 4774 δὲ

299 4801 394 4855 καὶ
425 4802 568 4855 κατά
592 4804 784 4858 ταύτὸν
811 4805 881 4859 τά
907 4807 1034 4879 ἔθνη
1066 4811 1261 4876 πάντα,
1296 4812 1390 4865 καὶ
1416 4814 1465 4865 οἱ
1491 4812 1693 4865 τούτων
1723 4811 1876 4882 βασι-

298 4892 430 4959 λεῖς,
475 4897 602 4966 μίαν
643 4897 739 4968 τὴν
781 4899 948 4971 αὐτὴν
991 4902 1329 4956 ἀποδώσουσι
1375 4904 1579 4976 φωνὴν,
1618 4905 1877 4975 ὀλοφυρό-

303 4999 454 5053 μενοι
490 4984 589 5048 τὰς
627 4987 832 5040 ἑαυτῶν
871 4991 1174 5064 συμφοράς.
1217 4994 1278 5045 Οί
1310 4993 1366 5047 δὲ
1404 4995 1660 5066 ἀνωτέρω
1691 4995 1878 5063 γίγαν-

295 5089 388 5134 τες
473 5073 863 5143 ὀνομασθέντες
937 5079 1238 5152 ὁπλομάχοι
1294 5083 1527 5139 ἐνταῦθα
1595 5085 1877 5153 λέγονται,

300 5163 519 5235 μακρὰν
543 5166 694 5230 ὄντες
729 5168 914 5234 πάλαι,
939 5172 1031 5224 καὶ
1057 5171 1244 5244 ὥσπερ
1279 5177 1336 5229 ἐν
1358 5175 1622 5246 θεμελίοις
1664 5177 1756 5230 τοῦ
1784 5179 1874 5231 ού-

297 5257 461 5328 ρανοῦ
489 5260 988 5333 ἀποκεκλεισμένοι⁸
1017 5264 1130 5330 οὓς,
1164 5267 1254 5320 ὅτε
1288 5269 1475 5342 καιρὸς
1506 5268 1677 5335 καλεῖ,
1708 5286 1873 5341 προσ-

293 5349 478 5401 τάττει
504 5348 754 5421 έρχεσθαι
781 5355 808 5406 ὁ
833 5355 939 5407 τῶν
970 5357 1104 5411 ὅλων
1137 5358 1326 5430 κριτὴς
1355 5361 1446 5412 ἐπὶ
1471 5359 1547 5431 τῷ
1582 5360 1874 5431 καταφθεῖ-

299 5456 388 5509 ραι
418 5442 600 5494 πᾶσαν
633 5442 729 5512 τὴν
752 5444 860 5498 τῶν
889 5448 1074 5500 κακῶν
1096 5449 1438 5520 οἰκουμένην,
1469 5453 1604 5520 μετά
1627 5451 1716 5505 τὸν
1745 5455 1871 5522 ἀφο-

295 5529 486 5601 ρισμὸν
521 5530 629 5582 τῶν
661 5531 902 5588 δικαίων.
953 5537 1102 5591 Ἐπεὶ
1144 5539 1237 5592 καὶ
1276 5540 1334 5592 ἐν
1372 5543 1481 5604 τοῖς
1520 5541 1866 5610 Εὑαγγελίοις

290 5626 320 5678 ὁ
359 5625 485 5688 Υἱὸς
517 5624 610 5678 τοῦ
658 5627 948 5699 ἀνθρώπου
995 5633 1301 5704 ,ιαθήμενος
1343 5635 1434 5688 ἐπὶ
1483 5635 1668 5706 θρόνου
1713 5636 1865 5711 δόξης

353 5805 406 5837 ’⁵
449 5806 591 5865 Pani.
649 5824 874 5876 αλιι-ιιι,
915 5811 967 5865 7.
1045 5813 1088 5843 "
1127 5811 1317 5867 Matth.
1351 5829 1467 5883 vni,
1503 5815 1592 5871 “l9.

1990 3349 2027 3407 ii
2084 3355 2194 3406 sint
2234 3351 2335 3407 sub
2380 3353 2492 3406 haec
2547 3352 2786 3406 declarat
2833 3351 2916 3404 his
2972 3350 3172 3414 verbis,
3249 3367 3268 3400 ι
3299 3349 3559 3420 Gigantes

1990 3444 2208 3499 veniant
2257 3443 2324 3498 ad
2366 3443 2695 3512 implendum
2741 3442 2979 3497 furorem
3018 3457 3221 3506 meum,
3261 3442 3558 3512 gaudentes

1988 3535 2146 3590 simul
2179 3545 2232 3590 et
2259 3534 2619 3590 contumelias
2647 3534 2964 3591 inferentes.
2995 3554 3014 3588 ι
3048 3533 3348 3588 Theodotio
3374 3544 3552 3588 autem

1987 3626 2211 3697 perinde
2247 3640 2311 3679 ac
2351 3623 2495 3679 LXX
2541 3628 2621 3679 sic
2680 3623 3066 3693 interpretatus
3114 3632 3217 3685 est,
3272 3640 3291 3674 ι
3317 3621 3384 3677 Ει
3427 3636 3556 3676 vero

2005 3716 2189 3770 vocavi
2217 3719 2462 3786 gigantes
2497 3729 2680 3779 meos;
2703 3734 2721 3766 ι
2759 3715 2950 3783 Aquila
2985 3725 3166 3768 autem
3207 3721 3260 3768 et
3301 3713 3552 3784 Symma-

1987 3809 2139 3873 chus,
2167 3823 2264 3876 pro
2290 3809 2401 3872 illo,
2442 3827 2460 3860 ι
2488 3809 2756 3878 gigantes,
2787 3827 2806 3858 ι
2849 3807 3187 3877 interpretati
3219 3817 3363 3871 sunt,
3393 3823 3412 3858 ι
3442 3806 3554 3860 for-

1989 3911 2089 3956 tes.
2121 3919 2141 3954 ι
2175 3900 2268 3956 Sic
2291 3916 2454 3970 porro
2481 3911 2641 3954 vocat
2672 3900 2894 3957 ultrices
2926 3901 3170 3964 virtutes,
3199 3899 3355 3968 queis
3389 3898 3470 3952 ira
3500 3906 3555 3951 et

1987 3991 2123 4045 ultio
2162 3999 2351 4043 contra
2379 3990 2575 4060 impios
2600 4003 2906 4046 exercetur.
2954 3989 3201 4044 Gaudent
3243 3989 3411 4057 igitur
3441 4003 3556 4041 ma-

1988 4081 2116 4152 ligni
2157 4082 2400 4150 quidam,
2435 4083 2678 4152 gigantes
2723 4083 2937 4147 vocati,
2973 4082 3127 4151 quasi
3161 4095 3272 4134 rem
3304 4095 3402 4149 pro
3429 4089 3554 4134 voto

1987 4181 2168 4242 agant,
2201 4171 2254 4226 in
2288 4174 2617 4227 contumelia
2645 4181 2700 4228 et
2745 4175 3008 4244 supplicio
3050 4173 3226 4242 impiis
3273 4170 3553 4228 inferendo

1987 4263 2130 4332 laeti;
2165 4273 2349 4334 utpote
2378 4266 2470 4334 qui
2497 4265 2705 4320 viscera
2743 4267 3130 4322 misericordia:
3157 4280 3262 4320 non
3295 4267 3550 4321 habeant.

2059 4439 2220 4496 Vens.
2261 4441 2314 4495 4.
2363 4459 2382 4491 ι
2414 4441 2524 4495 Vox
2555 4443 2788 4511 gentium
2823 4441 3108 4496 multarum
3156 4444 3210 4497 in
3261 4443 3552 4509 montibus,

1984 4536 2176 4589 similis
2202 4537 2451 4604 gentibus
2489 4536 2687 4588 multis.
2733 4535 2845 4590 Vox
2877 4552 3060 4605 regunt
3078 4547 3128 4589 et
3156 4537 3394 4606 gentium
3427 4552 3552 4591 con-

1983 4638 2399 4698 gregatarum.»
2465 4625 2564 4692 Qui
2628 4637 2754 4680 tunc
2816 4628 3080 4696 supplicio
3128 4628 3372 4682 tradendi
3404 4636 3549 4693 sunt,

1983 4734 2143 4774 voces
2204 4719 2477 4786 emittent,
2545 4719 2684 4773 mala
2741 4734 2834 4772 sua
2894 4722 3250 4774 conititentes:
3285 4718 3551 4787 simulque

1981 4809 2169 4865 eodem
2200 4818 2442 4877 tempore
2469 4819 2656 4878 gentes
2673 4825 2859 4865 omnes
2887 4819 2942 4863 et
2973 4826 3157 4864 earum
3185 4824 3360 4879 reges,
3391 4825 3548 4862 unam

1981 4911 2035 4953 et
2063 4901 2310 4954 eamdem
2345 4903 2550 4954 dabunt
2582 4917 2766 4956 vocem
2794 4941 2810 4965 ,
2849 4901 3184 4956 calamitates
3212 4916 3339 4956 suas
3361 4901 3551 4970 lugen-

1982 5000 2085 5045 tes.
2111 4991 2186 5045 Illi
2230 5005 2356 5047 vero
2389 4994 2631 5062 praadicti
2680 4995 2944 5062 gigantes,
2985 4994 3074 5048 hic
3111 4993 3310 5048 armati
3349 4995 3543 5050 dicun-

1983 5092 2088 5145 tur,
2117 5083 2207 5150 qui
2241 5083 2367 5136 olim
2409 5085 2598 5154 procul
2642 5097 2818 5155 erant,
2851 5098 2904 5141 et
2925 5087 3082 5156 quasi
3110 5088 3163 5140 in
3189 5088 3311 5142 cmli
3351 5088 3546 5141 funda-

1981 5177 2178 5230 mentis
2221 5177 2435 5244 inclusi,
2463 5195 2599 5248 quos
2631 5181 2718 5234 ubi
2749 5192 2959 5250 tempus
3005 5189 3212 5248 evocat,
3239 5182 3392 5252 jubet
3429 5182 3550 5234 uni-

1979 5283 2256 5324 versorum
2302 5270 2466 5339 judex
2525 5271 2805 5336 accedere,
2855 5283 2914 5327 ut
2964 5284 3132 5327 totum
3173 5272 3545 5344 improborum

1976 5359 2192 5424 orbem,
2245 5370 2368 5429 post
2408 5360 2676 5430 justorum
2739 5365 3192 5434 segregationem,
3242 5367 3542 5419 destruant.

1975 5450 2425 5522 Quandoquidem
2497 5463 2550 5507 et
2602 5454 2655 5507 in
2729 5453 3033 5525 Evangeliis
3081 5456 3248 5510 Fi‘lius
3305 5458 3542 5512 hominis

1975 5547 2174 5600 sedens
2203 5546 2255 5600 in
2288 5547 2481 5602 throno
2505 5545 2689 5615 gloria:
2720 5563 2850 5611 suat,
2888 5564 2984 5603 eos
3009 5551 3100 5619 qui
3129 5566 3158 5604 a
3190 5551 3394 5604 dextris
3417 5561 3545 5605 sunt

1983 5639 2200 5711 primos
2223 5638 2290 5696 ad
2312 5649 2559 5710 paratum
2601 5639 2732 5712 ipsis
2771 5657 2994 5711 rcgnum
3041 5655 3166 5700 ante
3200 5644 3544 5702 constitutio-
