4158 6402
643 388 751 450 1ἳὶ

1322 387 1590 443 EL'SEBII
1627 385 2103 444 CESARIENSIS
2139 383 2288 442 OPP.
2328 381 2508 438 PARS
2544 373 2741 439 111.’-ιέ
2782 378 3194 438 EXEGETICA.

3788 381 3893 441 488

649 530 771 566 nem
795 512 1003 577 mundi,
1021 520 1176 566 vocat
1206 528 1219 563 :
1246 512 1444 580 quibus
1472 513 1766 580 assumptis
1788 520 1843 564 et
1862 512 1929 565 ad
1949 510 2200 580 promissa

2316 505 2480 559 αὐτοῦ
2511 505 2637 566 τοὺς
2676 518 2744 557 εκ
2780 504 2972 567 δεξιῶν
3013 519 3263 571 πρωτους
3300 502 3393 554 επὶ
3427 499 3525 572 τὴν
3559 502 3893 573 ἡτοιμασμέ-

642 605 915 667 deductis,
970 604 1023 657 in
1062 603 1297 673 reliquas
1346 612 1541 672 gentes
1588 618 1619 657 a
1661 602 1902 659 sinistris
1942 611 2209 673 repertas,

645 698 785 768 ignis
817 696 1170 751 comminatio
1201 694 1454 750 infertur.

711 955 945 1019 Vsss.6,
968 956 1021 1008 7.
1047 974 1066 1005 ι
1096 954 1325 1017 Ululate,
1368 969 1536 1024 prope
1576 955 1720 1009 enim
1766 956 1878 1011 dies
1907 956 2212 1020 Domini,et

640 1050 900 1104 contritio
931 1065 959 1101 a
990 1047 1220 1101 Domino
1267 1048 1465 1101 veniet.
1509 1048 1735 1118 Propter
1764 1049 1865 1102 hoc
1889 1051 2067 1105 omnis
2097 1066 2210 1103 ma-

640 1160 744 1199 nus
763 1141 1116 1204 dissolvetur,
1166 1151 1219 1194 et
1248 1140 1425 1194 omnis
1466 1141 1646 1193 anima
1678 1140 1914 1195 hominis
1943 1143 2207 1197 formida-

640 1238 759 1292 bit:
798 1236 1165 1290 turbabuntur
1197 1233 1397 1303 legati,
1444 1243 1501 1287 et
1544 1233 1759 1288 dolores
1797 1234 1943 1302 ipsos
1976 1250 2210 1307 occupa-

636 1331 790 1391 bunt,
815 1326 974 1397 quasi
1014 1325 1255 1379 mulieris
1295 1324 1672 1395 parturientis.
1699 1345 1717 1377 ο
1764 1324 2008 1381 Nondum
2050 1343 2207 1397 ergo,

558 1450 565 1451 κ
645 1418 741 1486 ait,
782 1420 989 1473 instant
1015 1434 1077 1471 ea
1102 1433 1222 1487 quae
1249 1418 1303 1471 in
1330 1417 1750 1472 comminatione
1795 1417 2077 1482 feruntur;
2111 1420 2206 1473 sed

584 1546 589 1551 η
633 1510 1035 1581 quamprimum
1092 1518 1315 1563 ventura
1370 1515 1539 1564 sunt.‘
1577 1509 1759 1576 Quare
1820 1521 2209 1579 [invertentes

636 1603 749 1666 illa,
791 1600 953 1665 ﬂetu,
1015 1599 1267 1653 lamentis
1314 1610 1370 1655 et
1422 1599 1632 1653 ululatu
1683 1599 1850 1654 Deum
1905 1602 2206 1671 placantes,

2312 614 2410 667 νην
2447 598 2625 658 αὐτοῖς
2662 594 2941 662 βασιλείαν
2985 595 3092 667 πρὸ
3125 594 3431 663 καταϐολῆς
3463 595 3669 665 κόσμου
3700 594 3886 648 καλεῖ·

2310 683 2385 742 ὧν
2417 687 2882 759 παραληφθέντων
2916 687 3009 740 καὶ
3036 687 3392 757 εἰσαχθέντων
3422 687 3513 739 ἐπὶ
3535 688 3635 757 τὴν
3662 688 3891 771 ἐπαγγε-

2310 778 2448 841 λίαν,
2480 778 2571 830 ἐπὶ
2608 795 2679 832 τα
2715 779 2877 832 λοιπά
2906 778 3032 849 ἔθνη
3065 777 3131 831 τά
3164 780 3222 830 ὲν
3262 780 3373 841 τοῖς
3406 777 3713 848 ἀριστεροῖς
3741 780 3889 851 εὑρε-

2311 869 2587 941 θησόμενα
2619 874 2653 941 ἡ
2682 870 2877 941 ἀπειλὴ
2908 870 3005 923 τοῦ
3033 870 3204 940 πυρὸς
3238 869 3603 940 ἐξενήνεκται.

2388 982 2406 1013 ι
2468 962 2775 1026 ὐλολύζετε
2796 980 2808 992 ·
2842 964 3008 1031 ἐγγὺς
3031 962 3140 1032 γὰρ
3175 962 3357 1035 ἡμέρα
3382 960 3606 1032 Κυρίου,
3634 961 3728 1014 καὶ
3765 980 3888 1015 συν-

2310 1052 2469 1123 τριϐὴ
2504 1051 2653 1122 παρά
2685 1050 2777 1104 τοῦ
2817 1050 3022 1121 Κυρίου
3065 1048 3204 1119 ἣξει.
3254 1048 3353 1101 Διά
3387 1048 3544 1101 τοῦτο
3584 1050 3732 1101 πᾶσα
3767 1051 3887 1119 χεὶρ

2311 1142 2699 1213 έκλυθήσεται,
2729 1143 2823 1195 καὶ
2874 1143 3022 1194 πᾶσα
3068 1140 3214 1209 ψυχὴ
3266 1138 3554 1209 ἀνθρώπου
3588 1138 3845 1193 δειλιάσει
3869 1157 3885 1171 ο

2309 1234 2744 1305 ταραχθησονται
2773 1235 2822 1285 0i
2859 1231 3133 1303 πρέσϐεις,
3162 1232 3255 1284 καὶ
3293 1230 3479 1294 ὠδῖνες
3514 1232 3710 1295 αὐτοὺς
3741 1232 3888 1299 ἐξουσ-

2312 1343 2414 1390 σιν,
2462 1326 2537 1390 ὡς
2582 1326 2838 1395 γυναικὸς
2885 1326 3195 1394 τικτούσης.
3248 1344 3266 1375 ι
3317 1324 3484 1377 Οὔπω
3531 1321 3646 1388 οὖν,
3698 1328 3881 1397 φησιν,

2309 1420 2509 1491 ἐπέστη
2559 1419 2627 1472 τὰ
2674 1418 3048 1489 ὴπειλημέναο
3096 1417 3278 1488 μέλλει
3326 1417 3384 1470 δὲ
3424 1418 3548 1470 ὅσον
3578 1416 3749 1471 οῡπω.
3792 1418 3886 1471 Διὸ

2311 1511 2691 1583 προλαϐόντες,
2738 1509 2999 1580 κλαυθμῷ
3025 1509 3120 1561 καὶ
3152 1508 3359 1579 θρήνῳ,
3399 1510 3493 1561 καὶ
3529 1509 3754 1579 ὀλολυγῇ
3793 1508 3885 1575 ἐξ·

2312 1602 2601 1658 ιλεώσασθε
2621 1602 2689 1655 τά
2712 1602 2921 1655 ἑαυτῶν
2938 1600 3101 1654 κακά·
3131 1599 3310 1669 μέλλει
3336 1599 3444 1671 γὰρ
3470 1602 3503 1670 ἡ
3527 1600 3885 1671 προλεχθεῖσα

636 1694 774 1747 mala
813 1693 1045 1747 avertite
1076 1710 1103 1745 a
1140 1692 1334 1747 vobis:
1356 1690 1578 1761 jamjam
1616 1693 1761 1757 enim
1804 1694 2060 1762 praedicta
2088 1694 2200 1748 dies

2308 1696 2491 1768 ἡμέρα
2539 1696 2636 1765 τῆς
2667 1694 2838 1766 ὀργῆς
2861 1693 2954 1746 τοῦ
2984 1691 3118 1746 Θεοζ
3141 1692 3482 1761 ἐφίστασθαι.
3519 1693 3588 1745 Ἥ
3624 1692 3885 1764 πρέσϐεις

637 1793 732 1845 ira:
780 1790 873 1844 Dei
920 1779 1148 1842 affutura
1196 1797 1299 1844 est.
1351 1786 1580 1857 Legatos
1622 1796 1799 1842 autem
1846 1787 1933 1841 hic
1975 1786 2200 1843 fortasse

2310 1788 2540 1842 ἐνταῦθα
2566 1786 2719 1841 καλεῖ
2744 1787 2869 1850 τοὺς
2894 1784 3323 1859 προϊσταμένους
3346 1784 3451 1837 τῶν
3470 1784 3569 1853 τῆς
3592 1784 3882 1855 ἀθεότητος

634 1892 791 1936 vocat
820 1896 935 1943 eos,
962 1881 1050 1949 qui
1075 1879 1237 1934 dictis
1267 1879 1547 1933 atbeorum
1568 1880 1975 1949 patrocinentur
2004 1899 2017 1934 :
2046 1891 2200 1950 atque

2309 1880 2511 1949 λόγων,
2543 1880 2638 1933 καὶ
2681 1880 2807 1941 τοὺς
2845 1857 3243 1949 πρεσϐεύοντας
3279 1876 3418 1949 ὑπὲρ
3463 1877 3564 1947 τῆς
3604 1877 3886 1931 εἰδωλολαε-

633 1990 729 2027 eos
764 1974 857 2043 qui
888 1972 1209 2027 idololatriae
1243 1986 1485 2025 errorem
1520 1980 1763 2035 tuentur,
1796 1986 2003 2026 necnon
2026 1971 2210 2027 docto-

637 2083 725 2120 res
743 2068 1025 2119 atbeorum
1048 2073 1104 2117 et
1136 2062 1424 2130 impiorum
1462 2065 1773 2134 dogmatum
1799 2102 1817 2129 ,
1851 2079 1987 2133 quos
2017 2080 2206 2119 recen-

632 2158 736 2211 sita
769 2154 951 2209 omnia
993 2151 1269 2205 invadent.

705 2246 868 2300 Vsus.
906 2244 1097 2298 10-12.
1144 2262 1163 2294 ι
1194 2241 1329 2296 Nam
1361 2241 1533 2295 stella:
1566 2240 1711 2305 caeli,
1746 2240 1912 2297 Orion
1940 2251 1994 2297 et
2026 2242 2208 2298 omnis

628 2346 855 2391 ornatus
876 2337 1020 2400 caeli,
1052 2336 1225 2391 lucem
1257 2351 1361 2389 non
1398 2334 1603 2388 dabunt
1625 2375 1641 2398 ,
1673 2343 1739 2387 et-
1760 2336 2207 2391 obtenebrabitur

629 2427 745 2482 sole
772 2427 984 2481 oriente
1006 2468 1022 2491 ,
1058 2436 1110 2481 et
1143 2426 1267 2479 luna
1318 2439 1422 2478 non
1453 2425 1600 2479 dabit
1629 2424 1971 2492 splendorem
2022 2442 2202 2485 suum.

631 2522 694 2575 Et
721 2520 987 2575 mandabo
1016 2521 1134 2573 orbi
1164 2519 1420 2573 universo
1464 2517 1605 2571 mala
1631 2558 1646 2581 ,
1679 2530 1735 2573 et
1768 2518 1951 2586 impiis
1980 2529 2202 2590 peccata

625 2626 837 2665 eorum.
865 2610 933 2665 Et
957 2612 1177 2679 perdam
1221 2610 1473 2676 iniuriam
1513 2609 1821 2677 iniquorum
1840 2620 1895 2663 et
1924 2621 2204 2665 contume-

626 2703 755 2756 liam
791 2704 1151 2771 superborum
1188 2701 1512 2770 deprimam.
1545 2720 1564 2752 ι
1608 2701 1818 2756 Etenim
1859 2716 2203 2757 consumma-

629 2794 791 2849 tionis
814 2804 1057 2862 tempore
1092 2808 1269 2862 neque
1310 2793 1412 2856 sol,
1454 2808 1629 2863 neque
1659 2794 1823 2859 luna,
1861 2810 2034 2865 neque
2069 2795 2202 2850 stel-

628 2887 711 2947 lze,
749 2885 836 2950 iis,
872 2886 964 2955 qui
994 2885 1339 2955 castigationi
1372 2895 1426 2939 et
1457 2886 1721 2953 supplicio
1764 2886 2009 2941 tradendi
2038 2897 2200 2954 sunt,

630 2978 811 3047 impiis
856 2978 1032 3032 lucem
1080 2992 1235 3031 suam
1285 2978 1512 3032 dabunt.
1567 2976 1882 3032 Luminaria
1930 2990 2112 3035 autem
2170 2996 2200 3035 a

630 3071 933 3125 ministerio
965 3086 1063 3125 suo
1099 3081 1279 3124 amota
1332 3070 1399 3123 ad
1456 3069 1619 3123 aliam
1656 3071 2044 3143 melioremque
2076 3088 2201 3128 sor-

2309 1970 2491 2042 τρείας
2524 1970 2751 2041 πλάνης,
2790 1970 2914 2033 τούς
2945 1985 3006 2022 τε
3047 1968 3397 2032 διδασκάλους
3423 1970 3530 2022 τῶν
3571 1970 3745 2023 ἀθέων
3788 1971 3886 2024 καὶ

2309 2062 2517 2117 ἀσεϐῶν
2552 2062 2860 2132 δογμάτων,
2899 2060 2994 2125 οὓς
3027 2058 3406 2131 μετελεύσεται
3443 2061 3511 2114 τὰ
3542 2062 3887 2133 κατηριθμηο

2312 2154 2446 2225 μένα
2481 2154 2679 2208 πάντα.

2384 2264 2403 2295 r
2442 2247 2506 2298 υί
2544 2245 2653 2317 γάρ
2684 2244 2913 2316 ἀστέρες
2943 2245 3035 2298 τοῦ
3062 2244 3311 2317 οὐρανοῦ,
3353 2244 3446 2299 καὶ
3472 2245 3501 2297 ό
3544 2243 3756 2315 Ὠρίων,
3787 2245 3886 2297 καὶ

2307 2337 2414 2399 πᾶς
2442 2337 2471 2387 ό
2506 2335 2709 2407 κόσμος
2740 2335 2832 2387 τοῦ
2874 2334 3127 2406 οὐρανοῦ,
3157 2335 3218 2387 τὸ
3251 2335 3365 2404 φῶς
3397 2335 3457 2388 οὐ
3494 2333 3723 2387 δώσουσι
3743 2375 3757 2398 ,
3790 2336 3886 2387 καὶ

2308 2428 2719 2500 σκοτισθήσεται
2748 2429 2841 2481 τοῦ
2876 2430 3027 2501 ἡλίου
3062 2431 3458 2495 ἀνατέλλοντος,
3495 2432 3589 2483 καὶ
3618 2432 3650 2501 ή
3686 2430 3885 2503 σελήνη

2304 2523 2364 2574 οὐ
2405 2520 2565 2575 δώσει
2604 2522 2662 2576 τὸ
2700 2522 2903 2592 φέγγος
2944 2524 3134 2594 αὐτῆς.
3179 2525 3290 2578 Καὶ
3328 2523 3644 2594 έντελοῦμαι
3696 2527 3762 2594 τῇ
3807 2526 3885 2577 οι-

2305 2613 2540 2685 κουμένη
2571 2613 2667 2687 ὅλῃ
2701 2613 2877 2677 κακὰ,
2922 2615 3014 2667 καὶ
3061 2618 3175 2678 τοῖς
3216 2614 3437 2669 ἀσεϐέσι
3478 2614 3574 2677 τὰς
3612 2615 3887 2684 ἁμαρτίας

2302 2702 2510 2755 αὐτῶν·
2549 2703 2642 2755 καὶ
2682 2703 2866 2756 ἀπολῶ
2897 2702 3054 2773 ὓϐριν
3089 2705 3324 2775 ἀνόμων,
3359 2704 3454 2757 καὶ
3501 2704 3657 2775 ὓϐριν
3716 2706 3888 2775 ὑπερ-

2302 2794 2523 2864 ηφάνων
2548 2794 2886 2850 ταπεινώσω.
2930 2815 2949 2848 ι
2990 2796 3146 2851 Κατά
3187 2796 3296 2868 γὰρ
3328 2797 3418 2850 τὸν
3436 2797 3537 2867 τῆς
3573 2796 3885 2861 συντελείας

2303 2887 2491 2957 καιρὸν
2520 2886 2633 2939 οὔθ’
2665 2890 2695 2941 ό
2739 2887 2909 2957 ἥλιος,
2941 2886 3053 2941 οὗθ’
3093 2889 3126 2958 ἡ
3167 2888 3383 2958 σελήνη,
3419 2886 3532 2940 οὗθ’
3572 2890 3622 2941 οἱ
3654 2888 3881 2959 ἀστέρες

2301 2981 2414 3042 τοῖς
2448 2977 2665 3031 κολάσει
2696 2980 2791 3032 καὶ
2822 2979 3059 3051 τιμωρίᾳ,
3094 2978 3623 3049 παραδοθησομένοις
3661 2980 3871 3033 ἀσεϐέσι

2300 3071 2361 3124 τδ
2390 3070 2597 3124 ἑαυτῶν
2624 3071 2740 3139 φῶς
2773 3073 2833 3125 οὐ
2868 3072 3116 3125 δώσουσι.
3152 3072 3591 3135 Μεταϐάλλοντες
3620 3071 3676 3125 δὲ
3706 3072 3791 3125 καὶ
3823 3073 3876 3123 0i

632 3177 738 3218 tem
790 3163 1116 3226 transibunt,
1166 3161 1321 3231 quasi
1379 3162 1848 3234 regenerationem
1903 3166 2197 3233 quamdam

2304 3165 2586 3235 φωστῆρες
2635 3164 2746 3218 ἀπὸ
2786 3164 2887 3235 τῆς
2942 3164 3149 3217 ἑαυτῶν
3186 3164 3489 3235 ὑπηρεσίας
3545 3166 3639 3217 ἐπὶ
3687 3162 3879 3234 ἑτέραν

626 3266 981 3311 consecutura
1004 3294 1019 3317 ,
1088 3270 1261 3323 neque
1302 3255 1439 3308 ultra
1470 3271 1763 3326 corporum
1813 3256 2043 3311 vanitati
2079 3273 2198 3312 ser—

630 3344 834 3401 vientia
856 3360 871 3410 ;
903 3344 997 3400 sed
1022 3343 1252 3398 liberata
1272 3357 1303 3397 a
1323 3346 1585 3399 servitute
1608 3347 1991 3415 corruptionis,
2011 3363 2201 3403 secun-

627 3440 755 3493 dum
783 3436 1137 3507 apostolicum
1173 3437 1422 3491 verbum.
1461 3436 1672 3492 Caelum
1701 3440 1881 3510 itaque
1915 3454 2073 3497 vocat
2106 3454 2201 3499 aut

630 3533 881 3587 caelestes
939 3540 1256 3601 potestates,
1313 3541 1407 3586 aut
1460 3532 1632 3602 ipsam
1692 3543 2042 3599 creaturam,
2095 3552 2198 3589 una

628 3640 750 3678 cum
806 3624 912 3678 Deo
968 3623 1337 3695 indignantem
1389 3639 1554 3695 super
1604 3625 1834 3690 insania,
1890 3627 2198 3699 arrogantia

627 3727 681 3769 et
709 3716 1006 3784 impietate.

698 3890 858 3944 Vens.
900 3892 986 3951 15.
1032 3892 1118 3945 η.
1164 3910 1183 3943 ι
1214 3892 1278 3946 Et
1324 3900 1483 3947 erunt
1532 3894 1731 3948 residui
1767 3894 1923 3963 quasi
1972 3894 2188 3950 damula

626 3984 875 4055 fugiens,
910 3994 967 4039 et
1004 3987 1157 4054 quasi
1192 3988 1311 4041 ovis
1347 4002 1553 4053 errans_
1605 3998 1655 4042 et
1689 4004 1795 4042 non
1824 3991 1927 4043 erit
1952 3991 2042 4059 qui
2076 4005 2201 4044 con-

627 4087 833 4147 greget,
863 4077 936 4131 ita
964 4087 1020 4132 ut
1048 4079 1210 4133 homo
1243 4083 1307 4133 ad
1336 4082 1589 4151 populum
1618 4097 1774 4135 suum
1800 4093 2151 4138 convertatur
2180 4104 2192 4138 :

625 4180 680 4223 et
739 4172 902 4225 homo
957 4171 1025 4226 ad
1095 4176 1371 4242 regionem
1438 4190 1591 4228 suam
1661 4174 1905 4244 fugiet.»
1971 4176 2199 4246 Fugient

624 4261 825 4331 quippe
856 4262 917 4327 ii,
960 4272 1019 4318 ut
1064 4264 1346 4319 dexterum
1376 4265 1660 4335 quidpiam
1696 4278 2076 4337 assequamur,
2113 4268 2199 4323 vel

624 4365 685 4408 ut
712 4354 1016 4425 perfugium
1051 4357 1192 4427 apud
1226 4359 1535 4428 quempiam
1579 4375 1643 4415 ex
1689 4359 1834 4415 notis
1867 4361 2145 4417 inveniant
2179 4377 2195 4417 :

622 4449 717 4505 sed
749 4466 857 4506 non
895 4436 1177 4505 invenient
1202 4470 1216 4505 :

2302 3255 2490 3325 ἥξουσι
2522 3257 2807 3327 κρείττονα
2838 3255 3012 3325 λῆξιν,
3048 3254 3236 3327 ῶσπερ
3277 3255 3419 3320 τινὸς
3464 3255 3883 3323 παλιγγενεσίας

2298 3347 2644 3418 τευξόμενοι,
2681 3350 2774 3401 καὶ
2826 3348 3021 3418 μηκέτι
3066 3348 3164 3417 μὲν
3196 3350 3262 3416 τῇ
3305 3346 3415 3399 τῶν
3447 3347 3713 3419 σωμάτων
3755 3348 3884 3402 dou-

2299 3439 2545 3503 λεύοντες
2582 3442 2922 3511 ματαιότητι,
2953 3439 3395 3511 ὲλευθερούμενοι
3419 3441 3477 3494 δὲ
3500 3441 3608 3494 ἀπὸ
3632 3442 3731 3511 τῆς
3756 3440 3889 3495 δου-

2300 3533 2447 3596 λείας
2499 3534 2599 3605 τῆς
2654 3532 2891 3604 φθορᾶς,
2947 3532 3089 3586 κατά
3150 3533 3241 3585 τὸν
3295 3533 3644 3586 ἀποστολικδν
3700 3532 3885 3601 λόγον.

2300 3624 2541 3694 Οὐρανὸν
2582 3623 2871 3694 τοιγαροῦν
2899 3623 3050 3691 λέγει
3096 3622 3129 3693 ἢ
3169 3623 3267 3687 τὰς
3299 3624 3555 3694 οὐρανίας
3597 3625 3886 3695 δυνάμεις,

2300 3714 2332 3785 ἦ
2374 3716 2467 3767 καὶ
2514 3716 2686 3786 αὐτὴν
2722 3716 2822 3786 τὴν
2869 3715 3045 3767 κτίσιν
3090 3714 3599 3783 συναγανακτοῦσαν
3629 3715 3705 3787 τῷ
3757 3715 3891 3789 Θεῷ

2299 3809 2393 3861 ἐπὶ
2424 3809 2672 3879 ἀπονοία,
2713 3810 2808 3862 καὶ
2840 3808 3147 3879 ἀλαζονεία,
3187 3808 3282 3860 καί⁸
3308 3806 3573 3877 ἀθεότητι.

2375 3920 2394 3952 ι
2447 3901 2559 3954 Καὶ
2594 3900 2805 3954 ἔσονται
2844 3902 2894 3952 οί
2938 3898 3422 3968 καταλελειμμένοι
3470 3900 3548 3962 ὼς
3599 3899 3893 3970 δορκάδων

2300 3993 2519 4062 φεῦγον,
2552 3992 2646 4045 καὶ
2674 3992 2750 4056 ὡς
2779 3991 3048 4064 πρόϐατον
3084 3990 3456 4060 πλανώμενον,
3483 3992 3576 4044 καὶ
3600 3992 3699 4043 οὐκ
3721 3992 3890 4047 ἕσται

2299 4087 2327 4138 ό
2376 4085 2661 4153 συνάγων·
2716 4084 2857 4137 ῶστε
2917 4084 3201 4155 ἄνθρωπον
3252 4084 3331 4146 είς
3386 4083 3475 4135 τὸν
3528 4084 3654 4136 λαὸν
3707 4084 3889 4139 αὑτοῦ

2301 4173 2741 4245 ἀποστραφῆναι,
2789 4173 2883 4226 καὶ
2914 4173 3200 4244 ἄνθρωπος
3242 4175 3322 4235 είς
3363 4171 3461 4242 την
3496 4170 3680 4244 χώραν
3713 4174 3889 4227 αὐτοῦ

2302 4266 2576 4335 φεύξεται.
2622 4284 2640 4316 r
2676 4264 2966 4329 Φεύξονται
3001 4266 3099 4336 μὲν
3128 4266 3237 4335 γάρ
3266 4265 3317 4316 οἱ
3358 4264 3668 4333 φεύγοντες,
3701 4265 3887 4330 δεξιοῦ

2298 4377 2443 4423 τινος
2476 4362 2679 4430 τυχεῖν,
2717 4360 2750 4429 ἢ
2792 4358 3108 4429 καταφυγὴν
3150 4356 3412 4430 εὑράσθαι
3449 4358 3599 4428 παρά
3626 4376 3731 4410 τινι
3766 4359 3888 4412 τῶν

2298 4452 2611 4524 γνωρίμων,
2643 4452 2705 4504 οὗ
2740 4451 2845 4523 μὴν
2877 4452 3202 4523 εὑρήσουσι·

697 4542 859 4597 Vsus.
904 4542 992 4597 15.
1037 4562 1056 4595 ι
1086 4542 1202 4597 Non
1251 4542 1356 4596 erit
1405 4543 1549 4597 enim
1594 4544 1684 4614 qui
1733 4554 2026 4617 congreget
2077 4563 2192 4603 eos.

2375 4563 2393 4595 ι
2432 4544 2545 4597 Οὐκ
2586 4544 2737 4597 ἔσται
2770 4543 2879 4613 γάρ
2920 4545 2950 4595 ό
2997 4544 3242 4609 συνάγων
3289 4542 3504 4606 αὐτούς.
3550 4544 3645 4605 ’ος
3671 4543 3776 4613 γὰρ
3817 4543 3890 4596 ἂν

622 4632 757 4688 Nam
791 4635 884 4705 qui
915 4644 1109 4703 captus
1153 4635 1337 4699 fuerit,
1368 4637 1725 4706 opprimetur,
1761 4649 1817 4693 et
1840 4638 1933 4707 qui
1966 4653 2196 4710 congre-

619 4725 727 4794 gati
765 4733 915 4788 sunt,
966 4725 1145 4796 gladio
1188 4726 1405 4781 cadent.
1440 4744 1459 4777 ι
1503 4724 1783 4791 Quamvis,
1842 4728 1950 4791 ait,
2004 4744 2192 4783 eorum

620 4814 838 4881 quidam
876 4814 1001 4885 fuga
1033 4815 1263 4869 salutem
1291 4817 1551 4884 consequi
1580 4826 1870 4880 conentur,
1904 4817 1956 4871 hi
1981 4832 2195 4888 quoque

621 4913 780 4971 captu
806 4905 995 4960 faciles
1024 4916 1203 4969 erunt,
1238 4922 1342 4961 non
1366 4906 1541 4961 dumis
1559 4906 1817 4975 perfectis
1846 4907 2189 4972 salientibus,

624 5009 746 5060 qua:
778 4995 951 5049 levem
1000 4997 1346 5068 velocemque
1398 5012 1620 5052 cursum
1659 4999 1895 5066 habent,
1946 5000 2191 5067 similes;

622 5086 715 5140 sed
747 5088 997 5143 damulis.

698 5175 862 5229 Vsus.
903 5177 990 5231 l6.
1034 5194 1055 5228 ι
1080 5177 1145 5231 Et
1186 5178 1324 5234 ﬁlios
1367 5194 1553 5235 eorum
1601 5182 1908 5250 discerpent
1947 5183 1999 5237 in
2057 5198 2194 5238 con-

625 5275 811 5333 spectu
842 5280 1052 5331 eorum,
1096 5278 1150 5321 et
1194 5270 1389 5324 domus
1419 5286 1607 5325 eorum
1644 5274 1954 5337 vastabunt,
1992 5282 2047 5327 et
2075 5290 2193 5327 mu-

621 5357 784 5411 lieres
817 5372 1005 5411 eorum
1038 5358 1333 5415 habebunt.
1367 5382 1385 5415 ι
1431 5364 1664 5419 Perinde
1707 5378 1873 5433 atque
1902 5366 2047 5421 viros
2072 5382 2193 5437 sup-

624 5446 786 5516 plicio
814 5446 1058 5513 affectos,
1097 5451 1355 5506 mulieres
1383 5469 1597 5524 quoque
1638 5454 1975 5525 irreligiosas
2005 5465 2060 5510 et
2091 5458 2192 5510 imo

624 5540 761 5601 pias.
803 5554 927 5608 qua:
978 5541 1182 5610 prolem
1214 5543 1534 5610 ediderant,
1585 5548 1806 5616 paribus
1856 5549 2193 5605 cruciatibus

624 5630 1383 5703 atlicieutzquemadmodum
1438 5648 1495 5692 et
1542 5637 1681 5693 ﬁlios
1726 5655 1915 5695 eorum
1964 5642 2192 5709 impios,

623 5737 854 5791 quorum
899 5726 1114 5790 anim,
1168 5738 1431 5795 quantum
1481 5730 1549 5787 ad
1596 5748 1807 5799 mores,
1874 5736 2191 5806 parentibus

629 5815 833 5873 malitia
869 5818 1070 5875 similes
1095 5828 1240 5876 sunt.

2301 4632 2435 4703 ἁλῷ,
2465 4633 2853 4705 ήττηθήσεται,
2900 4632 2996 4686 καὶ
3028 4633 3222 4696 οἵτινες
3250 4632 3576 4703 συνηγμένοι
3608 4632 3734 4695 εἰσὶ,
3780 4651 3889 4685 πε-

2303 4724 2519 4777 σοῦνται
2554 4724 2819 4795 μαχαίρα.
2859 4742 2877 4773 ι
2916 4722 3033 4775 Κάν
3061 4739 3206 4786 τινες
3234 4718 3345 4785 οὗν,
3385 4721 3570 4791 φησὶν,
3608 4721 3665 4773 ἐν
3694 4722 3889 4785 αὐτοῖς

2301 4815 2609 4886 πειραθεῖεν
2643 4816 2787 4885 φυγῇ
2818 4814 2917 4886 τὴν
2949 4813 3223 4883 σωτηρίαν
3256 4812 3621 4884 πορίσασθαι·
3659 4814 3752 4865 καὶ
3782 4808 3887 4866 οὗ·

2298 4926 2380 4962 τοι
2414 4908 2670 4961 εὐάλωτοι
2697 4909 3035 4979 γενήσονται,
3068 4909 3129 4960 οὐ
3156 4907 3369 4978 δόρκοις
3396 4906 3622 4969 τελείοις
3653 4907 3887 4976 ἀποπη-

2299 4998 2451 5062 δῶσι,
2488 4997 2686 5068 κοῦφόν
2721 5016 2778 5053 τε
2819 5000 2914 5053 καὶ
2954 5001 3125 5070 ταχὺν
3158 4998 3499 5068 ποιουμένοις
3545 4996 3636 5050 τὸν
3674 4996 3891 5068 δρόμον

2300 5091 2560 5156 ἐοικότες,
2594 5090 2731 5144 ἀλλά
2759 5090 3081 5162 δορκαδίοις.

2376 5206 2394 5237 ι
2444 5185 2552 5238 Καὶ
2590 5185 2658 5237 τά
2696 5185 2861 5237 τέκνα
2893 5184 3070 5237 αὐτῶν
3115 5181 3363 5255 ρἠουσιν
3399 5180 3626 5235 ἐνώπιον
3671 5183 3884 5247 αὐτῶν,

2298 5277 2391 5329 καὶ
2428 5277 2525 5339 τὰς
2559 5277 2735 5339 οἰκίας
2780 5275 2960 5329 αὐτῶν
3006 5274 3454 5346 προνομευσουσι,
3502 5275 3595 5327 καὶ
3636 5274 3733 5337 τὰς
3773 5293 3887 5344 γυ-

2298 5372 2491 5431 ναῖκας
2519 5368 2698 5422 αὐτῶν
2724 5368 2952 5432 ἕξουσιν.
2990 5387 3009 5419 ι
3050 5368 3276 5437 Ὁμοίως
3302 5366 3411 5437 γὰρ
3439 5366 3681 5437 ἀραιτοίς
3715 5368 3889 5421 κολα-

2300 5460 2548 5531 ζομένοις
2579 5460 2804 5531 ἀνδράσι
2852 5462 2944 5513 καὶ
2991 5460 3089 5524 τὰς
3131 5459 3331 5512 τούτων
3371 5462 3635 5527 γυναῖκας
3677 5460 3887 5526 ἀθέους

2304 5554 2397 5605 καὶ
2426 5553 2641 5617 ἀσεϐεῖς
2676 5554 2767 5606 καὶ
2802 5554 2900 5617 τὰς
2934 5552 3263 5623 γειναμένας
3291 5554 3413 5615 ταῖς
3459 5552 3602 5615 ίσαις
3631 5550 3882 5606 om“)...

2301 5643 2448 5698 λουσι
2475 5645 2795 5715 τιμωρίαις,
2826 5645 2973 5698 ῶσπε
2983 5663 3015 5716 ρ
3039 5640 3136 5697 οὖν
3162 5645 3254 5697 καὶ
3281 5644 3351 5697 τιά
3378 5645 3543 5697 τέκνα
3579 5643 3756 5696 αὐτῶν
3800 5646 3889 5700 τὰ

2299 5737 2493 5807 ἀσεϐῆ,
2514 5737 2611 5800 τὰς
2629 5737 2855 5801 οἰκείας,
2888 5738 2980 5790 καὶ
3001 5740 3065 5808 τῇ
3093 5736 3201 5791 τῶν
3228 5738 3441 5807 τρόπων
3466 5734 3643 5791 αὐτῶν
3666 5734 3887 5810 μοχθη-

2305 5831 2396 5903 ρία
2423 5829 2851 5896 έξοιιιειωθείσας
2878 5832 2969 5885 καὶ
2999 5830 3464 5903 παρομοιωθείσας
3486 5829 3677 5900 ψυχάς.
