4158 6402
343 388 446 446 189

1299 388 1806 446 COMMENTARIA
1841 389 1907 446 IN
1944 390 2200 447 ISAIAM.
2243 419 2306 433 -—-
2349 390 2506 447 CAP.
2544 388 2685 444 χιιι.

3497 385 3603 443 190

417 523 439 558 ι
504 507 636 562 Ἰδοὺ
683 506 936 579 ἐπεγερῶ
973 505 1101 578 ὑμῖν
1145 504 1273 570 τοὺς
1313 506 1552 578 Μήδους,
1593 507 1642 560 οἳ
1685 509 1744 561 οὐ
1777 508 1924 577 λογί-

2100 508 2266 564 Vsus.
2309 507 2396 562 f7.
2445 528 2464 561 ι
2495 508 2632 564 Ecce
2685 502 2959 563 suscitabo
3023 504 3179 560 vobis
3233 503 3440 569 Medos,
3502 505 3592 573 qui

342 598 524 664 ζονται
557 599 840 670 ἀργύριον,
874 598 996 652 οὐδὲ
1029 598 1250 669 χρυσίου
1282 599 1470 670 χρείαν
1500 599 1702 669 ἔχουσι,
1733 600 1921 665 τοξεύ-

347 707 494 763 ματα
531 689 831 744 νεανίσκων
869 689 1240 760 συντρίψουσι.
1294 710 1314 744 ι
1363 691 1520 758 Μέγα
1562 691 1660 762 μὲν
1682 690 1792 764 γὰρ
1822 692 1918 744 αύο

342 786 456 846 τοῖς
489 783 583 836 ἐπὶ
618 783 738 846 ταῖς
766 781 999 846 τοξείαις
1027 783 1088 835 τὸ
1117 781 1365 854 φύσημα,
1392 783 1487 836 καὶ
1509 783 1569 835 τὸ
1591 783 1838 854 εύτεχνὲς
1867 784 1924 836 έν

341 875 554 941 τούτοις
591 875 869 932 ποιοῦνται
909 875 1038 948 περὶ
1073 875 1269 929 πολλοῦ
1291 892 1305 907 ο
1341 876 1456 929 ἀλλ’
1485 877 1683 948 ήττους
1713 877 1924 931 ἔσονται

343 965 456 1019 τῶν
494 965 722 1039 ἐχθρῶν.
771 966 1008 1038 Σκληροὶ
1041 965 1098 1019 δὲ
1137 966 1278 1020 οὕτω
1321 967 1414 1020 καὶ
1453 965 1925 1039 άφιλοικτίρμονες

344 1057 396 1111 oi
427 1058 788 1128 νενικηκότες,
819 1057 894 1122 ὼς
930 1057 1064 1129 μηδὲ
1095 1057 1195 1128 τῆς
1228 1057 1465 1128 ἐλεεινῆς
1500 1057 1716 1128 ήλικίας
1759 1056 1925 1127 φειδὼ

273 1165 280 1172 ·
346 1148 618 1204 ποιεῖσθαί
655 1165 795 1202 τινα.
833 1149 924 1220 Τῷ
955 1150 1011 1203 δὲ
1045 1150 1305 1220 φάσκοντι
1354 1149 1517 1222 λόγῳ,
1551 1169 1569 1202 ι
1633 1151 1764 1205 Ἰδοὺ
1799 1152 1926 1204 έπε-

344 1240 494 1312 γερῶ
522 1241 651 1313 ὑμῖν
677 1242 802 1306 τοὺς
834 1243 1073 1313 Μήδους,
1113 1261 1131 1293 t
1183 1246 1451 1314 μαρτυρεῖ
1491 1243 1649 1315 ήτῆς
1687 1244 1924 1315 ἱστορίας

345 1337 590 1402 ἔκϐασις,
632 1337 983 1410 ἀνάγραπτος
1019 1333 1152 1391 οὖσα
1198 1337 1348 1409 παρὰ
1390 1341 1505 1401 τοῖς
1561 1338 1826 1409 Ἐλλήνων
1856 1336 1926 1391 τὰ

345 1427 626 1483 Χαλδαϊκὰ
669 1430 762 1483 καὶ
798 1429 868 1482 τὰ
907 1429 1243 1502 Ἀσσυριακὰ
1284 1429 1780 1502 συγγραψαμένους,
1816 1432 1927 1492 τοῖς

345 1536 405 1573 τε
437 1520 507 1574 τά
551 1521 772 1592 Μηδικά
817 1520 1181 1593 ἰστορηκόσινο
1223 1515 1299 1575 ὧν
1343 1523 1436 1574 καὶ
1483 1523 1643 1592 ἡμεῖς
1669 1521 1926 1585 πλείστας

347 1612 715 1684 άνελεξάμεθα
735 1614 1038 1686 μαρτυρίας
1061 1616 1118 1666 ὲν
1146 1616 1258 1678 τοῖς
1288 1613 1597 1684 πονηθεῖσιν
1625 1616 1755 1686 ήμῖν
1781 1615 1926 1683 Χρο-

347 1705 540 1772 νικοῖς
564 1707 977 1779 συγγράμμασι.
1036 1707 1320 1761 Φαίνονται
1375 1707 1553 1760 τοίνυν
1599 1705 1784 1776 Μῆδοι
1826 1705 1924 1778 τὴν

359 1798 661 1871 Ἀσσυρίων
685 1798 1004 1863 καθελόντες
1031 1800 1227 1871 ἀρχήν·
1258 1798 1480 1864 τούτους
1503 1817 1562 1852 τε
1593 1798 1774 1871 Κῦρος
1801 1799 1927 1851 ὑπο-

347 1891 513 1958 τάξας
538 1895 567 1946 ό
599 1892 824 1964 Περσῶν
853 1892 1103 1964 βασιλεὺς
1138 1892 1371 1964 πρῶτος,
1409 1895 1437 1946 ὁ
1477 1893 1568 1947 καὶ
1601 1892 1698 1960 τὴν
1727 1893 1924 1962 αἰχμα-

348 1983 545 2038 λωσίαν
582 1984 692 2038 τῶν
733 1985 1002 2038 Ἰουδαίων
1033 1986 1208 2049 άνείςσ
1257 1985 1351 2039 καὶ
1382 1985 1503 2048 δοὺς
1537 1983 1784 2049 ἐξουσίαν
1811 1985 1922 2047 τοῖς

347 2076 592 2131 θέλουσιν
626 2077 803 2131 αὐτῶν
829 2080 907 2142 εἰς
935 2079 1032 2150 τὴν
1066 2077 1270 2132 οἰκείαν
1304 2077 1582 2132 ἐπανιέναι
1613 2076 1924 2152 χώραν,καὶ

349 2169 650 2241 ἀνεγείρειν
683 2169 774 2223 τὸν
806 2170 932 2223 ναὸν
961 2169 1050 2223 τοῦ
1086 2169 1238 2223 Θεοῦ.

427 2280 446 2312 ι
481 2261 590 2314 Καὶ
618 2261 769 2314 ἔσται
802 2259 1133 2332 Βαϐυλὼν,ή
1174 2261 1416 2315 καλεῖται
1451 2260 1656 2326 ἔνδοξος
1686 2260 1796 2316 άπὸ
1825 2260 1922 2332 βα-

351 2351 546 2418 σιλέως
571 2352 870 2416 Χαλδαίων,
905 2353 964 2406 δν
989 2352 1188 2426 τρόπον
1217 2353 1584 2424 κατέστρεψεν
1615 2354 1644 2406 ό
1672 2353 1802 2416 Θεὸς
1829 2353 1925 2406 Σό-

349 2444 490 2516 δομα
549 2444 644 2499 καί⁸
703 2444 991 2516 Γόμορρα,
1053 2444 1114 2496 οὐ
1175 2443 1632 2514 κατοικηοήσεται
1693 2445 1772 2508 είς
1833 2444 1924 2498 τὸν

348 2533 538 2588 αἰῶνα.
583 2552 602 2586 ι
654 2534 932 2605 Ἀοίκητος
968 2533 1024 2586 δὲ
1065 2533 1159 2586 καὶ
1203 2532 1480 2596 παντελῶς
1522 2533 1724 2604 ἔρημος
1756 2533 1924 2586 εἰσέτι

348 2626 444 2680 καὶ
473 2625 568 2679 νῦν
599 2627 792 2697 δρᾶται
823 2627 856 2697 ή
903 2624 1160 2678 Βαϐυλών
1179 2641 1192 2655 ο
1241 2623 1515 2697 μάρτυρες
1556 2625 1613 2677 δὲ
1640 2625 1842 2678 τούτων
1872 2626 1924 2679 οἱ

347 2721 410 2772 ἐκ
442 2717 551 2770 τῶν
581 2715 762 2770 τόπων
796 2717 1020 2770 ἐκείνων
1054 2714 1189 2787 πρὸς
1227 2716 1374 2786 ἡμᾶς
1412 2715 1812 2787 ἀφικνούμενοι.

419 2826 440 2860 ι
497 2807 620 2862 Οὐδ’
667 2807 728 2860 ού
775 2805 850 2877 μὴ
900 2805 1214 2858 εἰσέλθωσιν
1260 2808 1340 2868 εἰς
1371 2805 1539 2877 αὐτὴν
1582 2805 1671 2860 διὰ
1713 2807 1924 2862 πολλῶν

347 2898 569 2968 γενεῶν,
601 2897 709 2951 οὐδ’
735 2898 797 2950 ού
841 2896 914 2969 μὴ
958 2895 1237 2950 διέλθωσιν
1281 2897 1449 2967 αὐτὴν
1491 2896 1758 2968 Ἀραϐες,
1804 2897 1924 2951 οὐδὲ

349 2990 608 3061 ποιμένες
635 2989 696 3042 ού
742 2987 815 3060 μή
843 2986 1262 3041 άναπαύσωνται
1292 2988 1351 3039 ὲν
1385 2987 1543 3058 αὐτῇ.
1588 3007 1607 3040 ι
1647 2987 1803 3042 Οὕτω
1832 2989 1925 3062 δη-

349 3080 647 3151 λουμένων,
675 3081 748 3144 ὡς
775 3076 948 3152 οἶμαι,
980 3078 1090 3132 τῶν
1120 3081 1251 3150 παρ’
1277 3082 1408 3151 ήμῖν
1445 3078 1790 3151 καλουμένων
1824 3082 1927 3138 Σα-

354 3171 626 3244 ρακηνῶν,
661 3172 733 3235 οἳ,
759 3171 856 3236 τὰς
896 3173 1280 3245 πραγματείας
1325 3172 1670 3245 ποιούμενοι,
1701 3175 1794 3230 καὶ
1837 3177 1924 3230 ἐπ’

353 3263 524 3334 αὐτῆς
551 3263 865 3327 Βαϐυλῶνος
884 3263 944 3316 τὸ
966 3264 1192 3318 παλαιὸν
1213 3264 1676 3334 ὲσκηνοποιοῦντο.
1701 3269 1935 3333 Φευκτὺς

351 3355 406 3408 δὲ
435 3353 577 3407 οὕτω
605 3355 698 3408 καὶ
727 3358 836 3419 τοῖς
863 3357 1104 3429 ὁμόροις,
1133 3357 1226 3410 καὶ
1262 3359 1375 3420 τοῖς
1399 3356 1458 3422 ἐξ
1489 3358 1678 3424 ἔθνους
1716 3361 1931 3434 μακροῦ

352 3445 758 3518 περινοστοῦσιν
806 3448 1004 3520 αὐτὴν,
1057 3449 1133 3513 ὡς
1192 3449 1327 3521 μηδὲ
1377 3451 1643 3522 ποιμένας
1696 3454 1824 3517 τοὺς
1874 3453 1933 3518 ἐξ

363 3535 616 3608 Ἀράϐων
648 3537 1026 3609 κατανεμῆσαί
1066 3557 1118 3592 τι
1167 3539 1274 3592 τῶν
1317 3539 1462 3594 ἰδίων
1502 3539 1833 3612 θρεμμάτων
1875 3544 1932 3597 ὲν

349 3626 509 3699 αὐτῇ,
543 3626 632 3680 διά
677 3644 758 3681 τοι
793 3628 852 3681 τὸ
899 3629 1228 3700 ἠρημῶσθαι
1262 3629 1560 3695 παντελῶς.
1627 3632 1821 3686 ’ἰστέον
1851 3633 1929 3698 δὲ,

347 3717 428 3770 ὅτι
457 3716 526 3770 τὰ
565 3717 897 3790 Σαρακηνῶν
930 3718 1080 3791 ἔθνη,
1111 3720 1206 3772 καὶ
1240 3721 1432 3791 μέχρις
1477 3721 1648 3791 αὐτῆς
1678 3722 1933 3794 διήκοντα

347 3808 445 3879 τῆς
489 3806 787 3880 Ἀσσυρίων
825 3809 919 3861 καί⁷
951 3809 1051 3879 τὴν
1101 3810 1358 3863 ἐσωτάτω
1386 3811 1658 3882 νεμόμενα
1703 3811 1930 3884 ἔρημον,

351 3898 597 3971 ’Ἄραϐας
625 3896 909 3970 ὀνομάζει·
947 3899 1164 3969 γείτονα
1192 3900 1304 3971 γὰρ
1336 3900 1518 3972 έχουσι
1547 3902 1646 3973 τὴν
1687 3902 1933 3974 Ἀράϐων

356 3990 560 4062 χώραν.

427 4101 445 4134 ι
479 4081 588 4136 Καὶ
631 4082 1034 4137 ἀναπαύσονται
1076 4084 1195 4137 ἐκεῖ
1239 4083 1434 4157 θηρίαο
1486 4087 1578 4140 καὶ
1610 4087 1930 4160 ἐμπλησθή-

351 4186 536 4223 σονται
566 4171 623 4223 αἰ
655 4171 819 4225 οἰκίαι
848 4173 982 4244 ήχου
1001 4190 1015 4204 ·
1052 4174 1144 4226 καὶ
1173 4175 1576 4230 ἀναπαύσονται
1608 4179 1722 4231 ἐκεῖ
1756 4178 1934 4251 σειρῆ-

350 4278 460 4326 νες,
496 4263 591 4316 καί
615 4262 863 4334 δαιμόνια
893 4266 1011 4319 ἐκεῖ
1040 4265 1388 4338 όρχήσονται,
1425 4269 1519 4323 καὶ
1557 4269 1932 4343 όνοκένταυροι

351 4357 467 4409 ἐκεῖ
505 4357 959 4428 κατοικήσουσιν·
1002 4359 1100 4412 καὶ
1145 4362 1625 4432 νοσσοποιήσουσιν
1673 4365 1838 4435 ἐχῖνοι
1873 4366 1932 4418 ὲν

349 4451 460 4513 τοῖς
501 4448 672 4513 οίκοις
710 4449 909 4514 αὐτῶν,
963 4453 1096 4522 ταχὺ
1146 4451 1366 4526 ἔρχεται
1399 4455 1494 4508 καὶ
1537 4455 1598 4508 οὑ
1645 4460 1864 4528 χρονιεῖ.
1906 4475 1926 4509 a

350 4539 473 4593 Τῶν
511 4541 610 4611 μὲν
637 4537 731 4595 οὖν
757 4543 984 4614 ἡμέρων
1011 4544 1372 4614 καὶ-λογικῶν
1404 4545 1558 4610 ζώων
1591 4546 1796 4620 ἔρημον
1833 4567 1932 4605 κα-

349 4635 625 4706 ταστήσας
674 4634 1128 4708 τὴνιΒαϐυλῶνα,
1171 4639 1323 4693 οὐδὲν
1355 4642 1596 4713 οίκήσειν
1641 4641 1884 4708 θεσπίζει
1911 4661 1926 4676 ο

351 4726 516 4799 θηρία
550 4727 605 4781 δέ
654 4745 778 4783 τινα
821 4729 996 4801 ἄδηλα
1026 4733 1160 4802 ήμϊν
1207 4733 1302 4786 καὶ
1351 4733 1623 4802 ἄγνωστα,
1671 4734 1928 4806 δαίμονάς

349 4837 501 4885 τινας
522 4821 617 4874 καὶ
647 4821 935 4894 πνεύματά
957 4841 1077 4877 τινα
1108 4823 1294 4896 ἀπηνῆ
1314 4825 1408 4878 καὶ
1432 4826 1682 4900 ἀνήμερα
1709 4826 1927 4882 ἔσεσθαι

351 4912 407 4962 ὲν
437 4911 574 4981 αὐτῇ
625 4927 776 4981 φησι.
825 4911 915 4964 Διὸ
964 4912 1082 4966 ἀντὶ
1121 4913 1239 4978 τοῦ,
1291 4933 1309 4966 ι
1337 4915 1519 4986 θηρία,
1545 4933 1564 4968 ι
1593 4936 1610 4968 ι
1634 4917 1795 4972 σείειν
1821 4937 1837 4970 t
1881 4919 1929 4972 οί

349 5000 526 5056 λοιποὶ
555 5003 887 5074 ἑρμηνευταὶ
913 5004 1241 5059 ὲκδεδώκασι
1259 5023 1273 5036 ·
1304 5007 1397 5060 καὶ
1424 5008 1544 5061 ἀντί
1563 5007 1676 5074 τοῦ,
1706 5028 1725 5060 ι
1755 5011 1932 5081 σειρῆο

349 5111 458 5158 νες,
499 5113 518 5144 ι
551 5113 570 5144 ι
613 5094 1144 5167 στρουθοκαμήλους,
1184 5117 1201 5148 t
1227 5099 1480 5169 εἰρήκασι
1500 5115 1515 5131 ο
1548 5101 1641 5153 καὶ
1667 5101 1788 5154 άντί
1807 5100 1925 5167 τοῦ,

357 5211 375 5234 ι
413 5184 810 5257 όνοκένταυροι,
854 5205 873 5238 ι
917 5205 934 5237 ι
976 5187 1160 5250 σείειν,
1201 5207 1218 5238 ι
1258 5188 1590 5262 ἀνέγραψαν,
1622 5191 1757 5262 αὐτῇ
1790 5209 1928 5264 χρη-

351 5276 574 5346 σάμενοι
601 5279 667 5348 τῇ
709 5276 951 5349 Ἐϐραΐδι
995 5281 1146 5350 φωνῇ
1177 5279 1264 5333 διὰ
1290 5280 1352 5333 τὸ
1385 5281 1578 5353 ἄδηλον
1611 5281 1710 5352 τῆς
1751 5285 1928 5356 ἑρμη-

349 5367 514 5430 νείας·
545 5367 682 5422 ἀλλὰ
717 5369 810 5422 καὶ
835 5371 974 5433 ἀντὶ,
1006 5371 1492 5444 «ἐχίνωνμόμοίως
1505 5375 1552 5427 οἰ
1584 5378 1728 5446 τρεῖς
1756 5377 1930 5448 ἑρμη-

348 5459 553 5520 νευταὶ,
589 5479 606 5510 ι
641 5461 928 5531 σειρῆνας,
968 5481 985 5512 ι
1014 5465 1362 5533 ήρμήνευσαν
1385 5481 1399 5496 ο
1450 5466 1591 5538 τάχα
1607 5484 1707 5520 mu
1734 5467 1823 5521 διὰ
1869 5469 1932 5522 τὸ

339 5549 626 5622 ἆπατηλὸν
647 5551 756 5604 τῶν
783 5553 1040 5607 τοιούτων
1062 5554 1350 5626 δαιμόνων.
1395 5557 1546 5612 Ἐπεὶ
1572 5559 1702 5630 παρ’
1739 5559 1930 5631 Ἕλλη·-

350 5657 433 5694 σιν
478 5642 749 5713 ήδύφωνοί
793 5661 936 5706 τιντς
971 5641 1129 5699 αὗται
1159 5648 1254 5701 καὶ
1288 5648 1554 5720 ἅπατηλοὶ
1603 5650 1929 5720 γεγενῆσθαι

351 5734 802 5804 μνημονεύονται.
851 5755 870 5787 ι
919 5737 1070 5807 Ταχὺ
1114 5737 1349 5809 ἔρχεται,
1398 5740 1493 5794 καὶ
1536 5742 1596 5794 ού
1643 5744 1866 5813 χρονιεῖ.
1906 5763 1924 5796 ι

351 5826 529 5892 Ἅπας
547 5844 607 5896 γε
641 5829 749 5901 μήν
791 5831 880 5884 καὶ
913 5828 1261 5903 νομιζόμενος
1294 5833 1441 5906 παρὰ
1474 5833 1776 5907 ἀνθρώποις
1829 5853 1933 5907 μοις

2027 611 2310 672 argentum
2342 616 2448 656 non
2481 609 2696 664 curant,
2724 613 2823 654 nec
2854 613 2988 653 auro
3009 612 3146 667 opus
3187 597 3409 663 habent,
3437 611 3597 651 arcus

2020 693 2281 763 iuvenum
2329 700 2635 748 conterent.
2671 708 2690 742 ι
2740 689 2964 758 Magnus
3006 688 3224 759 quidem
3262 688 3368 743 illis
3415 697 3598 742 tumor

2025 785 2168 840 inest
2211 787 2281 841 ob
2325 785 2616 852 sagittandi
2653 785 2901 855 peritiam
2930 823 2946 846 ,
2997 797 3160 851 quam
3204 790 3378 834 artem
3428 780 3599 849 pluris

2025 878 2266 944 faciunt,
2317 878 2408 934 sed
2470 879 2704 933 inimicis
2761 877 3048 932 inferiores
3108 883 3291 930 erunt.
3350 871 3600 928 Victores

2025 986 2186 1041 porro
2219 979 2365 1023 tanta
2391 971 2591 1024 duritie
2617 983 2670 1024 et
2697 970 3036 1024 immanitate
3075 976 3237 1022 erunt
3257 1006 3272 1030 ,
3303 975 3361 1021 ut
3388 980 3455 1020 ne
3479 968 3599 1034 qni-

2024 1063 2145 1118 dem
2174 1072 2370 1118 tenerae
2393 1073 2448 1116 et
2476 1063 2541 1118 ad
2572 1062 3004 1117 miscricordiam
3030 1060 3264 1115 moventi
3298 1059 3445 1114 aetati
3473 1074 3600 1128 par-

2025 1162 2169 1208 cant.
2225 1153 2361 1210 Huic
2409 1165 2600 1208 autem.
2641 1153 2821 1218 dicto,
2893 1171 2910 1204 ι
2943 1153 3080 1208 Ecce
3122 1153 3398 1208 suscitabo
3445 1150 3600 1204 vobis

2024 1245 2233 1310 Medos,
2264 1265 2283 1300 ι
2319 1248 2432 1315 ipse
2461 1247 2701 1302 historia:
2723 1254 2948 1302 eventus
2994 1244 3361 1300 testimonium
3399 1241 3549 1298 addit
3579 1255 3597 1296 :

2024 1353 2145 1407 qua:
2176 1339 2396 1393 historia
2418 1339 2555 1410 apud
2582 1337 2821 1401 Graecos,
2853 1338 2943 1408 qui
2965 1336 3278 1400 Cbaldaica,
3301 1335 3591 1406 Assyriaca

2025 1440 2081 1483 et
2151 1429 2355 1484 Medica
2431 1430 2767 1500 scripserunt
2834 1427 3156 1500 reperitur:
3198 1443 3428 1498 quorum
3499 1442 3600 1481 nos

2027 1521 2195 1576 multa
2233 1521 2538 1576 testimonia
2572 1520 2889 1592 collegimus
2931 1520 2984 1574 in
3031 1519 3306 1574 Chronicis
3339 1534 3463 1591 quae
3486 1519 3632 1574 edi--

2025 1613 2224 1668 dimus.
2281 1612 2417 1666 Medi
2475 1613 2654 1683 itaque
2703 1613 3046 1684 Assyriorum
3083 1613 3369 1681 imperium
3399 1621 3603 1666 everteo

2029 1715 2155 1759 runt
2182 1722 2196 1760 :
2227 1704 2346 1760 illos
2376 1719 2506 1760 vero
2537 1706 2639 1760 sibi
2681 1704 2910 1772 subjecit
2939 1705 3135 1774 Cyrus,
3171 1703 3380 1774 primus
3408 1700 3600 1758 Persa-

2030 1813 2147 1852 rum
2176 1811 2288 1857 rex.
2325 1796 2418 1867 qui
2460 1795 2768 1853 Judaaorum
2809 1798 3180 1868 captivitatem
3221 1793 3427 1849 dimisit
3457 1811 3472 1848 :
3509 1793 3601 1848 de-

1958 1875 1998 1930 Β
2027 1887 2212 1958 ditque
2247 1885 2449 1944 Iudaeis
2483 1904 2582 1959 pro
2619 1888 2788 1944 lubito
2832 1889 2882 1943 in
2918 1888 3192 1959 regionem
3236 1900 3392 1940 suam
3438 1885 3603 1941 remi-

2028 1977 2216 2048 grandi
2242 1993 2306 2033 ac
2348 1977 2529 2049 templi
2563 1979 2654 2035 Dei
2681 1979 3024 2034 restaurandi
3051 1976 3388 2034 facultatem.

2103 2247 2264 2301 Vsus.
2305 2245 2394 2302 l9.
2440 2263 2458 2297 ι
2488 2243 2551 2298 Ει
2604 2242 2708 2298 erit
2757 2241 3022 2314 Babylon,
3075 2257 3196 2312 qua:
3238 2250 3464 2296 vocatur
3492 2239 3605 2310 glo-

2029 2340 2170 2395 riosa
2210 2354 2240 2393 a
2291 2355 2419 2409 rege
2462 2337 2862 2402 Chaldmoruut,
2914 2335 3367 2406 quemadmodum
3407 2334 3607 2391 evertit

2028 2434 2169 2490 Deus
2202 2432 2493 2488 Sodomam
2521 2440 2572 2484 et
2603 2429 2963 2486 Gomorrham
2983 2471 2998 2496 ,
3026 2445 3132 2486 non
3171 2429 3514 2484 habitabitur
3544 2429 3600 2484 iu

2029 2527 2305 2581 saeculum.
2336 2543 2356 2577 ι
2410 2521 2710 2578 lnhabitata
2741 2534 2795 2577 et
2826 2523 3094 2578 hactenus
3131 2521 3344 2576 deserta
3377 2530 3460 2576 est
3499 2516 3605 2574 Ba-

2033 2618 2213 2691 bylon,
2257 2631 2417 2683 quam
2449 2631 2563 2672 rem
2600 2614 2961 2670 testificantur
2996 2615 3090 2685 qui
3121 2628 3191 2670 ex
3232 2612 3366 2668 locis
3400 2612 3507 2667 illis
3537 2613 3604 2666 ad

2029 2725 2128 2765 nos
2167 2707 2410 2762 Vt-niuut.

2106 2820 2123 2853 ι
2151 2799 2267 2856 Non
2321 2799 2696 2871 ingredientur
2738 2797 2792 2852 in
2828 2812 2947 2853 eam
2995 2811 3090 2868 per
3131 2797 3328 2851 multas
3375 2809 3607 2866 genera.

2030 2892 2228 2954 tiones,
2284 2904 2462 2960 neque
2510 2887 2819 2944 transibunt
2859 2901 2956 2957 per
3001 2901 3122 2941 eam
3157 2884 3397 2949 Arabes,
3432 2898 3606 2952 neque

2028 2998 2276 3057 pastores
2333 2983 2679 3052 requiescent
2737 2981 2794 3037 in
2857 2996 2943 3036 ea.
2991 2999 3011 3035 ι
3075 2979 3240 3046 Queis
3291 2977 3606 3048 signttlcan-

2031 3087 2140 3140 tur,
2178 3086 2235 3130 ut
2263 3074 2506 3138 astimo,
2554 3073 2613 3138 ii,
2648 3073 2740 3142 qui
2792 3073 2933 3142 apud
2973 3086 3072 3126 nos
3105 3069 3364 3125 Saraceni
3408 3083 3608 3124 vocan-

2033 3178 2140 3233 tur,
2177 3166 2269 3237 qui
2306 3167 2731 3238 negotiationem
2760 3174 3044 3228 excrcenl,
3088 3172 3146 3218 et
3188 3163 3240 3218 in
3281 3164 3397 3233 ipsa
3425 3162 3604 3234 Baby-

1961 3240 2003 3299 ο
2035 3259 2157 3313 loue
2207 3257 2337 3313 olim
2400 3257 2632 3312 tentoria
2690 3259 2981 3326 ponebant.
3015 3254 3198 3325 Usque
3244 3255 3380 3310 adeo
3424 3262 3605 3308 autem

2031 3366 2220 3422 perosa
2257 3359 2378 3405 erat
2407 3360 2517 3405 tum
2553 3350 2749 3405 vicinis
2773 3390 2789 3414 ,
2843 3359 2956 3403 tum
2993 3348 3306 3418 longinquis
3355 3356 3409 3400 ct
3451 3361 3608 3417 pere-

2031 3443 2380 3514 grinantibus
2412 3443 2698 3514 gentibus,
2729 3451 2786 3496 ut
2827 3457 2895 3496 ne
2935 3452 3182 3510 pastores
3215 3440 3433 3509 quidem
3468 3437 3608 3493 Ara-

2030 3533 2158 3588 bum
2219 3547 2413 3604 pecora
2471 3545 2568 3589 sua
2631 3531 2740 3587 illic
2787 3530 3042 3601 pascendi
3100 3543 3266 3586 causa
3322 3528 3604 3592 ducerent,

2031 3628 2158 3699 quia
2227 3629 2445 3698 penitus
2502 3628 2716 3683 deserta
2770 3634 2825 3680 et
2877 3623 3079 3679 inculta
3125 3630 3261 3678 erat.
3313 3618 3603 3675 Sciendum

2031 3727 2211 3773 autem
2263 3729 2349 3772 est
2399 3716 2803 3772 Saracenorum
2860 3723 3078 3783 gentes,
3131 3725 3254 3781 qua:
3306 3723 3477 3779 usque
3536 3708 3605 3763 ad

2032 3812 2203 3881 ipsam
2234 3810 2581 3882 Assyriorum
2614 3816 2816 3864 terram
2853 3805 3190 3876 pertingunt,
3237 3813 3404 3872 atque
3458 3802 3603 3858 inte~

2033 3905 2233 3958 riorem
2267 3901 2616 3958 solitudinem
2645 3899 2910 3960 incolunt,
2935 3897 3148 3952 Arabas
3187 3896 3276 3952 hic
3299 3895 3603 3965 nominari:

2031 4009 2156 4050 nam
2184 3994 2426 4050 Arabum
2457 3992 2731 4063 regionem
2775 3991 3066 4046 finitimam
3094 3989 3324 4044 habent.

2103 4087 2268 4142 Vsus.
2306 4085 2400 4153 21,
2439 4084 2532 4139 22.
2597 4083 2708 4138 «Et
2763 4081 3106 4138 accubabunt
3158 4081 3230 4136 lbi
3282 4081 3504 4147 hesttae;
3551 4089 3608 4135 et

2032 4179 2390 4252 replebuntur
2416 4179 2612 4232 domus
2636 4176 2838 4232 sonitu.
2874 4175 2938 4229 Et
2975 4173 3319 4245 requiescent
3361 4173 3433 4228 ibi
3468 4178 3606 4228 sire-

2032 4287 2153 4337 nes,
2213 4281 2272 4326 et
2318 4270 2587 4324 daemonia
2620 4267 2693 4323 ibi
2757 4267 3055 4332 saltabant,
3105 4263 3458 4320 onocentauri
3496 4263 3609 4318 illic

2031 4362 2404 4420 habitabunt:
2439 4370 2496 4416 et
2530 4359 2884 4418 nidificabunt
2941 4358 3209 4415 heriuacii
3257 4358 3311 4413 in
3359 4357 3609 4413 domibus

2030 4469 2241 4518 eorum,
2287 4453 2396 4508 cito
2443 4452 2642 4518 veniet,
2686 4458 2748 4506 et
2781 4464 2889 4504 non
2945 4449 3199 4504 tardabit.
3231 4466 3250 4501 ι
3313 4447 3606 4516 Postquam

2037 4553 2448 4602 mansuetorunt
2489 4552 2544 4598 et
2600 4541 3002 4597 rationabilium
3042 4540 3356 4596 animalium
3381 4554 3607 4594 vacuam

2037 4640 2370 4712 Babylonem
2412 4639 2798 4700 constituerat,
2845 4652 2876 4691 a
2925 4635 3072 4689 nullo
3108 4633 3454 4689 habitandam
3488 4647 3610 4687 esse

2037 4733 2398 4796 vaticinatur;
2447 4730 2544 4786 sed
2592 4729 2854 4800 quasdam
2888 4727 3101 4798 ignotas
3134 4726 3292 4782 nobis
3333 4725 3512 4788 feras,
3555 4734 3611 4778 et

2039 4823 2315 4878 daemones
2341 4820 2610 4891 quosdam
2641 4819 2975 4890 spiritusque
2994 4817 3244 4874 crudeles
3269 4827 3323 4872 et
3346 4818 3610 4872 immanes

2039 4915 2116 4970 ibi
2156 4913 2374 4969 futuros
2405 4927 2527 4968 esse
2551 4912 2646 4967 ait.
2679 4912 2860 4979 Quare
2883 4927 2980 4982 pro
3005 4910 3096 4966 illo
3131 4929 3150 4962 ι
3178 4909 3384 4974 bestias,
3409 4926 3428 4961 ι
3481 4908 3607 4965 reli-

2038 5007 2130 5077 qui
2165 5006 2512 5074 interpretes,
2574 5026 2593 5058 ι
2617 5006 2721 5062 siin
2750 5023 2769 5057 ι
2825 5003 3147 5068 ediderunt;
3178 5012 3234 5059 et
3281 5002 3398 5058 loco
3439 5001 3609 5065 illius,

2040 5117 2059 5152 ι
2081 5100 2312 5165 sirenes,
2339 5117 2359 5151 ι
2391 5117 2410 5152 ι
2435 5096 2940 5161 ειῐιιιΙιοειιιηειοε,ο
2963 5096 3252 5160 dixerunt;
3285 5108 3349 5150 ac
3374 5108 3472 5166 pro
3497 5093 3608 5159 illo,

2050 5209 2068 5242 ι
2095 5190 2467 5252 onocentauri,
2501 5197 2634 5254 Et”?
2672 5189 2817 5254 siim,
2842 5207 2861 5241 ι
2904 5189 3032 5244 item
3081 5187 3419 5256 interpretati
3459 5197 3608 5249 sunt.

2035 5282 2152 5351 ipsa
2185 5281 2266 5337 usi
2303 5279 2571 5337 Hebraica
2606 5293 2759 5344 voce,
2805 5281 2875 5335 ob
2926 5279 3268 5349 signiﬁcatus
3307 5279 3610 5334 obscurita-

2037 5383 2166 5438 tem,
2202 5377 2312 5429 imo
2343 5373 2509 5428 etiam
2559 5389 2660 5444 pro
2705 5391 2724 5424 ι
2755 5372 3068 5436 herinaciis,
3118 5383 3227 5427 tres
3285 5373 3610 5440 interpretes

2035 5467 2278 5535 pariter,
2336 5482 2355 5514 ι
2387 5466 2596 5520 sirenes
2623 5505 2639 5525 .
2679 5483 2698 5517 ι
2776 5463 3128 5520 reddiderunt
3175 5483 3190 5520 :
3241 5465 3494 5520 fortassis
3540 5466 3610 5520 ob

2037 5559 2225 5612 talium
2251 5558 2556 5613 dtemonum
2590 5557 3038 5613 fraudulentiam.
3070 5557 3202 5612 Nam
3229 5560 3367 5630 apud
3390 5559 3612 5616 Graecos

2035 5650 2255 5705 Sirenes
2328 5649 2624 5705 dulcisonze
2681 5659 2736 5705 et
2789 5647 3012 5706 fallaces
3073 5649 3240 5705 fuisse
3291 5662 3607 5706 narrantur.

2045 5757 2064 5792 ι
2093 5738 2216 5794 Cito
2251 5738 2452 5803 veniet,
2497 5748 2552 5794 et
2583 5753 2692 5794 non
2721 5739 2976 5795 tardabit.
3011 5758 3030 5792 ι
3089 5739 3328 5807 Quodvis
3378 5750 3609 5806 tempus,

2040 5831 2257 5893 etiamsi
2290 5832 2662 5904 longissimum
2702 5832 2842 5906 apud
2890 5832 3138 5891 homines
3191 5847 3309 5888 esse
3363 5839 3608 5900 putetur,
