4158 6402
597 392 695 450 '91

1266 389 1529 446 EUSEBII
1566 389 2046 448 CESARIENSIS
2083 390 2232 448 OPP.
2267 391 2447 450 PARS
2485 392 2573 450 lll.
2611 424 2680 434 —-
2719 393 3126 451 EXEGETICA.

3744 396 3850 454 l92

599 505 977 561 brevissimum
1010 516 1188 561 tamen
1230 506 1368 575 apud
1429 505 1596 561 Deum
1631 505 1872 574 judicem
1917 507 2148 562 habetur

2273 507 2532 577 κρότατος
2553 501 2687 562 εἶναι
2709 507 2896 578 χρόνος
2918 507 3253 578 βραχύτατος
3280 507 3430 580 παρά
3447 507 3531 579 τῷ
3544 507 3663 578 Θεῷ
3680 513 3842 582 κριτῇ

598 597 812 654 Etenim
848 596 991 652 mille
1015 597 1140 651 anni
1165 597 1217 651 in
1250 607 1547 666 conspectu
1575 596 1716 668 ejus,
1761 608 2018 667 tanquam
2049 597 2169 653 dies

601 691 858 744 hesterna
898 697 1232 759 reputantur,
1261 697 1320 743 et
1357 699 1617 759 tanquam
1645 690 1888 746 custodia
1909 691 1963 745 in
1987 702 2164 747 nocte.

597 783 849 836 Attamen
903 797 1006 834 non
1043 791 1164 851 post
1203 781 1403 836 multas
1433 797 1701 836 annorum
1747 783 2003 851 periodos
2031 785 2169 838 vati-

598 872 798 925 cinium
833 871 1108 941 impletum
1155 881 1280 928 est:
1314 873 1581 944 siquidem
1635 872 1872 946 Babylon
1915 879 2019 931 sub
2053 876 2162 934 Meo

597 966 785 1019 dorum
812 964 1037 1035 imperio
1062 979 1225 1035 supra
1267 977 1562 1020 memorata
1589 980 1840 1037 perpessa
1871 979 1978 1024 est.

1160 1057 1391 1113 CAPUT
1463 1057 1601 1115 XIV.

666 1147 834 1206 Vatis.
877 1150 928 1215 l,
967 1148 1025 1202 2.
1075 1167 1095 1198 ι
1125 1147 1192 1204 Ει
1225 1149 1574 1205 miserebitur
1600 1149 1860 1206 Dominus
1882 1150 2072 1219 Jacob,
2111 1164 2166 1208 et

593 1240 754 1310 eliget
802 1241 1056 1297 lsraeletn
1097 1251 1195 1301 :et
1246 1244 1594 1314 requiescent
1641 1245 1693 1299 in
1742 1254 1887 1300 terra
1933 1263 2053 1313 sua,
2113 1255 2168 1302 et

593 1336 795 1389 advena
819 1335 1140 1404 adiungetur
1166 1335 1246 1390 eis
1265 1372 1280 1398 ,
1308 1345 1362 1390 et
1387 1337 1711 1406 adjungetur
1740 1336 1921 1392 domui
1953 1337 2146 1396 Iacob.

595 1425 658 1480 Et
686 1425 955 1494 accipient
977 1441 1072 1480 eos
1100 1437 1307 1496 gentes,
1333 1436 1388 1482 et
1415 1429 1668 1483 inducent
1697 1429 1748 1482 in
1773 1429 1948 1483 locum
1973 1446 2162 1486 suum:

591 1528 646 1572 et
669 1518 1019 1588 possidebunt
1047 1529 1103 1573 et
1139 1519 1647 1589 multiplicabuntur
1678 1536 1843 1591 super
1867 1533 2067 1578 terram
2109 1525 2162 1580 in

591 1624 779 1664 servos
822 1619 878 1663 et
912 1611 1158 1675 ancillas,
1218 1621 1272 1666 et
1326 1620 1483 1665 erunt
1531 1612 1733 1680 captivi
1791 1615 1884 1682 qui
1924 1617 2168 1684 captivos

590 1712 851 1770 ceperant
879 1717 995 1766 eos,
1027 1712 1085 1757 et
1110 1702 1407 1757 dominatui
1446 1720 1637 1758 eorum
1672 1704 2027 1772 schjicientur
2073 1711 2163 1778 qui

592 1790 924 1849 dominatum
946 1796 1292 1850 obtinuerant
1323 1797 1375 1851 in
1399 1813 1516 1851 eos.
1545 1815 1565 1850 ι
1619 1796 2028 1870 Consequenter
2061 1804 2162 1871 igi-

593 1895 678 1940 tur
707 1898 825 1956 post
848 1901 932 1952 ea,
956 1903 1075 1958 quae
1105 1899 1294 1943 contra
1345 1889 1668 1962 Babylonem
1701 1895 1846 1949 dicta
1882 1907 2047 1963 sunt,
2077 1900 2161 1955 liis

589 1972 803 2031 Judaici
835 1979 1014 2047 pepuli
1047 1995 1112 2033 ex
1144 1980 1359 2035 inimica
1385 1991 1530 2035 terra
1567 1985 1618 2037 iu
1648 1983 1946 2040 Jerusalem
1977 2003 2164 2044 rever-

589 2068 816 2132 sionem,
853 2087 974 2138 qua:
1001 2073 1100 2126 sub
1142 2073 1285 2142 Cyro
1323 2076 1574 2146 contigit,
1623 2076 1896 2148 signiﬁcat
1927 2097 1940 2133 :
1972 2081 2157 2135 decla-

588 2176 718 2216 rans
745 2161 863 2218 fore
898 2173 954 2216 ut
985 2164 1058 2218 illi
1088 2178 1212 2234 post
1252 2167 1484 2220 reditum
1519 2170 1569 2220 in
1612 2173 1832 2238 regione
1873 2187 1968 2226 sua
2004 2175 2160 2243 quie-

586 2263 764 2318 scant,
795 2263 850 2308 et
876 2256 1081 2310 advena
1114 2257 1245 2326 ipsis
1283 2257 1628 2329 adjungatnr.
1677 2263 1782 2318 Pro
1822 2263 1912 2318 illo
1954 2276 2155 2331 autem,

590 2362 612 2396 σ
633 2345 862 2411 advena,
891 2365 910 2399 i
941 2347 1129 2418 reliqui
1162 2352 1504 2417 interpretes,
1546 2372 1565 2406 ι
1593 2356 1900 2427 proselytus
1930 2377 1948 2410 i
1986 2361 2157 2414 inter-

585 2438 778 2506 pretati
811 2449 954 2496 sunt.
1000 2439 1093 2497 Sic
1135 2445 1281 2498 enim
1315 2447 1389 2502 ait
1425 2464 1519 2504 eos
1576 2452 1626 2504 in
1694 2463 1835 2506 terra
1887 2468 1982 2507 sua
2041 2469 2154 2508 rem

583 2542 840 2598 prospere
895 2544 1162 2605 gesturos,
1226 2549 1285 2593 ut
1333 2542 1494 2596 etiam
1535 2543 1853 2615 alienigenae
1915 2547 2153 2616 ipsorum

584 2618 896 2687 religionem
930 2626 1345 2698 amplectantur,
1373 2647 1439 2686 ac
1464 2634 1719 2706 proselyti
1758 2636 1912 2704 ﬁant,
1945 2639 2155 2696 domui-

578 2723 687 2783 que
709 2711 880 2770 Jacob
911 2716 1263 2786 adjiciantur.

651 2973 820 3031 Vsus.
858 2977 913 3039 3,
955 2975 1009 3032 4.
1057 2997 1074 3030 ι
1105 2978 1170 3034 Et
1197 2981 1306 3036 erit
1353 2981 1404 3036 in
1451 2983 1538 3038 die
1580 2984 1669 3040 illa
1721 2989 2068 3058 requiescere
2101 3002 2152 3050 te

584 3066 752 3123 faciet
788 3070 931 3124 Deus
963 3086 993 3124 a
1025 3073 1216 3126 dolore
1244 3083 1335 3140 tuo
1358 3085 1412 3129 et
1444 3077 1512 3131 ab
1539 3077 1619 3131 ira
1652 3087 1739 3133 tua
1762 3120 1776 3142 ,
1808 3090 1864 3135 et
1900 3097 1930 3136 a
1976 3085 2150 3139 servi-

2267 597 2588 667 λελόγισται.
2626 599 2786 653 Χίλια
2819 595 2913 653 οὖν
2950 599 3046 670 ἔτη
3080 599 3311 653 ὶνώπιον
3347 599 3513 654 αὑτοῦ
3544 600 3620 664 ὡς
3663 602 3846 673 ἡμέρα

2267 685 2300 754 ή
2327 683 2452 754 χθὲς
2474 685 2800 754 λελόγισται,
2824 687 2918 741 καὶ
2945 687 3020 751 ὼς
3048 687 3262 760 φυλακή
3287 689 3345 742 ὲν
3371 689 3543 743 νυκτί.
3575 690 3734 745 Ἀλλά
3748 696 3846 747 καὶ

2265 779 2364 832 οὐκ
2400 779 2479 842 είς
2510 781 2752 851 μακροὺς
2793 780 2903 835 τῶν
2934 781 3143 852 χρόνων
3173 779 3404 847 κύκλους
3439 783 3538 854 τῆς
3566 783 3845 850 ἐκϐάσεως

2265 871 2335 922 τά
2359 871 2717 925 θεσπισθέντα
2743 871 2920 944 ἔτυχε,
2945 871 3011 925 τὰ
3043 872 3422 945 προρρηθέντα
3446 874 3722 947 παθούσης
3740 875 3842 946 τῆς

2269 965 2581 1030 Βαϐυλῶνος
2613 969 2706 1021 ἐπὶ
2737 967 2836 1038 τῆς
2870 968 3069 1038 Μήδων
3095 969 3288 1039 ἀρχῆς.

2795 1059 3191 1112 ΚΕΦΛΛΑῙΟΝ
3216 1061 3308 1113 ΙΔ’.

2341 1166 2360 1200 ι
2411 1149 2521 1201 Καὶ
2563 1149 2774 1221 ἐλεήσει
2819 1149 3021 1222 Κύριος
3058 1151 3149 1204 τὸν
3193 1151 3403 1210 Ἰακὼϐ.
3435 1152 3531 1206 καὶ
3565 1155 3842 1222 ἐκλέξετα
3945 1179 3952 1186 α

2266 1240 2345 1292 ἔτι
2377 1240 2467 1293 τὸν
2512 1242 2747 1313 Ἰσραὴλ,
2784 1243 2878 1296 καὶ
2910 1243 3312 1296 ἀναπαύσονται
3359 1245 3448 1298 ἐπὶ
3476 1245 3573 1316 τῆς
3607 1247 3709 1316 γῆς
3741 1249 3843 1300 αὑ-

2263 1331 2393 1397 τῶν,
2425 1333 2520 1387 καὶ
2549 1334 2578 1386 ὁ
2601 1333 2838 1406 γειώρας
2865 1334 3292 1409 προστεθήσεται
3317 1335 3456 1407 πρὸς
3487 1338 3712 1401 αὐτούς’
3747 1341 3842 1392 καὶ

2267 1424 2697 1497 προστεθήσεται
2732 1427 2870 1498 πρὸς
2899 1427 2990 1481 τὸν
3014 1423 3160 1481 οἶκον
3201 1429 3410 1484 Ἰακώϐ.
3444 1430 3553 1482 Kal
3581 1429 3841 1500 λήψονται

2266 1511 2460 1574 αὐτοὺς
2484 1511 2634 1579 ἔθνη,
2664 1515 2756 1567 καὶ
2780 1514 3084 1582 είσάξουσιν
3113 1519 3192 1580 είς
3211 1517 3301 1570 τὸν
3330 1519 3493 1572 τόπον
3515 1519 3712 1584 αὐτῶν,
3743 1522 3843 1575 καὶ

2267 1603 2877 1676 κατακληρονομήσουσι
2898 1645 2913 1668 ,
2959 1608 3053 1660 καὶ
3098 1608 3560 1680 πληθυνθήσονται
3602 1613 3694 1665 ἐπὶ
3741 1614 3842 1684 τῆς

2267 1693 2369 1763 γῆς
2398 1695 2474 1756 εἰς
2505 1694 2723 1758 δούλους
2755 1695 2850 1749 καὶ
2885 1695 3094 1762 δούλας,
3130 1699 3225 1752 καὶ
3258 1699 3467 1753 ἔσονται
3506 1701 3840 1772 αἰχμάλωτοι

2267 1785 2317 1836 el
2348 1785 2888 1856 αἰχμαλωτεύσαντες
2931 1792 3148 1855 αὐτοὺς,
3182 1793 3278 1844 καὶ
3314 1794 3754 1865 κυριευθήσονται
3787 1798 3839 1850 οἱ

2268 1876 2652 1948 κυριεύσαντες
2693 1879 2907 1943 αὐτούς.
2948 1900 2966 1932 ι
3021 1881 3348 1947 Ἀκολούθως
3383 1885 3562 1938 τοίνυν
3597 1885 3734 1955 μιτά
3769 1886 3841 1938 τὰ

2263 1966 2628 2036 π’ρολεχθέντα
2674 1969 2816 2022 κατά
2852 1969 2950 2039 τῆς
2980 1969 3328 2035 Βαϐυλῶνος,
3359 1971 3447 2025 διὰ
3492 1971 3694 2025 τούτων
3737 1972 3840 2044 τὴν

2261 2063 2353 2115 ἐπὶ
2386 2063 2568 2134 Κύρου
2602 2065 2896 2135 γενομένην
2928 2065 3262 2137 ἐπιστροφὴν
3290 2066 3382 2119 τοῦ
3414 2068 3522 2120 τῶν
3564 2067 3835 2122 Ἰουδαίων

2259 2151 2389 2208 λαοῦ
2415 2154 2510 2225 τὴν
2533 2156 2640 2208 ἀπὸ
2663 2157 2759 2226 τῆς
2791 2157 3055 2226 πολεμίας
3080 2159 3173 2212 ἐπὶ
3199 2158 3298 2229 τήν
3350 2160 3702 2233 Ἰερουσαλήμ
3736 2179 3839 2232 ση-

2263 2247 2460 2318 μαίνει,
2492 2247 2775 2311 διδάσκων,
2818 2249 2896 2313 ὼς
2936 2249 3337 2306 ἀναπαύσονται
3375 2253 3468 2306 ἐπὶ
3499 2254 3596 2324 τῆς
3625 2255 3836 2309 ἑαυτῶν

2259 2334 2439 2408 χώρας
2465 2336 2879 2402 ἐπανελθόντες,
2913 2339 3007 2392 καὶ
3039 2339 3114 2403 ὡς
3156 2341 3184 2392 ὁ
3206 2341 3440 2411 γειώρας
3476 2342 3839 2413 προστεθήσε-

2257 2444 2344 2480 ται
2382 2428 2580 2492 αύτοῖς.
2630 2431 2773 2482 ’Λντὶ
2814 2429 2870 2483 δὲ
2900 2429 3016 2494 τοῦ,
3069 2451 3087 2482 ι
3127 2433 3156 2484 ό
3197 2431 3452 2503 γειώρας,
3508 2452 3526 2483 ι
3567 2435 3616 2485 nl
3651 2433 3834 2488 λοιποὶ

2257 2520 2617 2591 έρμηνευταὶ,
2657 2541 2676 2572 ι
2735 2522 2764 2573 ὁ
2813 2523 3148 2594 προσήλυτος
3196 2544 3214 2576 ι
3255 2527 3621 2596 ήρμήνευσαν.
3673 2525 3835 2590 Οὕτω

2255 2611 2364 2684 γάρ
2405 2608 2464 2666 εὖ
2507 2613 2730 2684 πράξειν
2756 2616 2949 2684 αὐτοὺς
2984 2617 3076 2670 ἐπὶ
3122 2616 3222 2686 τῆς
3255 2617 3460 2672 ἑαυτῶν
3499 2619 3599 2689 γῆς
3641 2636 3828 2690 φησιν,

2254 2702 2330 2766 ὡς
2364 2704 2458 2756 καὶ
2494 2703 2820 2773 ἀλλοφύλους
2859 2706 3274 2777 ἀντιποιηθῆναι
3303 2707 3400 2778 τῆς
3444 2708 3618 2762 αὐτῶν
3655 2709 3832 2763 θεοσε-

2255 2795 2426 2859 ϐείας,
2471 2795 2723 2864 γενέσθαι
2765 2815 2823 2850 τε
2867 2797 3269 2871 προσηλύτους,
3323 2801 3418 2854 καὶ
3463 2801 3827 2872 προστεθῆναι

2252 2886 2329 2957 τῷ
2353 2888 2484 2958 οἴκῳ
2523 2886 2734 2942 Ἰακώϐ.

2331 2997 2350 3030 ι
2394 2980 2501 3032 Kal
2519 2980 2671 3032 ἔσται
2707 2982 2766 3032 ὲν
2801 2981 2868 3050 τῇ
2907 2981 3089 3051 ἡμέρᾳ
3133 2981 3349 3053 ἐκείνῃ,
3385 2981 3686 3036 ἀναπαύσει
3715 2984 3816 3035 Κύ-

2254 3072 2370 3143 ριός
2410 3089 2468 3126 σε
2502 3072 2612 3125 ἀπὸ
2638 3073 2735 3142 τῆς
2763 3073 2957 3144 ὀδύνης
2992 3074 3084 3126 καὶ
3115 3073 3207 3127 τοῦ
3251 3073 3423 3145 θυμοῦ
3469 3077 3690 3134 σου.καὶ
3722 3077 3816 3145 τῆς

582 3171 694 3217 tute
715 3171 805 3217 tua
834 3164 988 3228 dura,
1017 3180 1122 3234 qua
1153 3167 1419 3220 servivisti
1443 3169 1522 3223 eis
1545 3185 1561 3223 :
1583 3181 1637 3226 et
1664 3187 1846 3228 sumes
1873 3173 2144 3240 planctum

2255 3165 2491 3228 δουλείας
2520 3180 2612 3216 σου
2656 3164 2752 3233 τῆς
2806 3163 3078 3234 σκληρᾶς,
3107 3160 3176 3236 ἧς
3213 3165 3533 3230 ἐϐούλευσας
3559 3207 3572 3230 ,
3604 3167 3786 3231 αὐτοῖς
3805 3185 3818 3197 ο

581 3253 726 3308 hunc
776 3270 939 3324 super
995 3269 1176 3326 regem
1236 3256 1562 3329 Babylonis:
1600 3281 1618 3314 i
1671 3278 1796 3317 nam
1857 3264 2035 3320 Persae
2094 3277 2148 3321 et

2255 3258 2346 3311 καὶ
2391 3257 2537 3330 λήψῃ
2581 3257 2671 3311 τὸν
2715 3256 2908 3328 θρῆνον
2955 3256 3141 3311 τοῦτον
3189 3258 3282 3310 ἐπὶ
3330 3257 3549 3327 βασιλέα
3586 3260 3830 3313 Βαϐυλῶ-

579 3340 756 3408 Medi,
819 3343 1168 3415 Assyriorum
1231 3347 1456 3416 imperio
1518 3361 1574 3405 et
1646 3354 1779 3422 ipsis
1838 3355 2152 3427 Babyloniis

577 3430 636 3488 in
663 3434 981 3491 servitutem
1011 3440 1268 3508 redaCtis,
1299 3459 1393 3499 eos
1421 3460 1532 3500 suae
1569 3447 1759 3502 ditioni
1797 3451 2146 3520 subegerunt.

650 3611 816 3672 νειιε.
857 3616 972 3673 5-8.
1019 3638 1039 3672 ι
1067 3619 1131 3679 Et
1157 3621 1306 3678 dices
1333 3623 1385 3678 in
1429 3623 1520 3680 die
1551 3624 1636 3679 illa
1664 3667 1680 3692 ,
1715 3627 1995 3693 Quomodo
2034 3645 2151 3685 ces-

575 3709 716 3763 savit
772 3724 1017 3776 exactor,
1073 3725 1128 3770 et
1178 3720 1414 3772 cessavit
1463 3719 1830 3775 sollicitator?
1879 3720 2150 3778 Contrivit

579 3799 842 3857 Dominus
879 3803 1067 3871 iugum
1123 3821 1470 3875 peccatorum
1498 3851 1513 3873 ,
1561 3809 1748 3881 jugqu
1798 3812 2143 3881 principum,

525 3905 532 3909 λ
578 3897 893 3961 percutiens
926 3907 1142 3963 gentem
1195 3902 1300 3964 ira,
1341 3904 1497 3971 plaga
1551 3903 1861 3958 insanabili.
1919 3903 2148 3961 Feriens

574 3990 788 4046 gentem
823 3982 973 4053 pLaga
1007 3984 1120 4050 ine,
1161 4003 1266 4040 nun
1295 3991 1558 4058 pepercit,
1596 3993 1862 4060 requievit
1889 3993 1978 4062 qui
2006 4010 2144 4048 con-

577 4074 718 4130 ﬁdit.
767 4075 958 4133 Omnis
1013 4088 1156 4134 terra
1197 4080 1393 4136 clamat
1433 4099 1557 4137 cum
1615 4085 1826 4140 laetitia.
1880 4088 1947 4142 Et
1997 4089 2140 4158 ligna

575 4166 766 4223 Libani
797 4170 972 4224 lanata
1013 4182 1137 4225 sunt
1162 4188 1326 4242 super
1363 4184 1414 4227 te
1437 4216 1452 4240 ,
1485 4185 1538 4228 et
1569 4178 1766 4232 cedrus
1792 4178 1983 4234 Libani
2022 4199 2035 4233 :
2075 4197 2139 4235 ex

571 4277 685 4332 quo
736 4271 792 4316 tu
847 4263 1176 4329 doruiivlsti,
1237 4281 1340 4320 non
1395 4269 1643 4323 ascendit
1701 4271 1791 4340 qui
1840 4274 2142 4330 succideret

2253 3367 2370 3413 νος·
2430 3369 2448 3400 ι
2505 3349 2711 3420 Πέρσαι
2753 3347 2863 3420 γάρ
2913 3349 3003 3402 καὶ
3053 3349 3245 3418 Μῆδοι,
3287 3351 3468 3410 πᾶσαν
3527 3352 3830 3423 Ἀσσυρίων

2252 3441 2454 3514 ἀρχὴν,
2491 3441 2586 3495 κα)⁹
2630 3442 2824 3506 αὐτοὺς
2871 3441 2994 3504 τοὺς
3039 3439 3432 3505 Βαϐυλωνίους,
3479 3443 3828 3514 ὑποχειρίους

2250 3532 2524 3595 λαϐόντες,
2553 3535 2618 3602 τῇ
2651 3533 2860 3586 ἑαυτῶν
2886 3531 3155 3596 ὑπέταξαν
3187 3532 3430 3604 δυνάμει.

2325 3642 2344 3674 ι
2383 3621 2492 3674 Kal.
2525 3623 2667 3692 ἐρεῖς
2692 3624 2748 3675 ὲν
2781 3625 2847 3692 τῇ
2882 3622 3063 3694 ἡμέρᾳ
3091 3623 3305 3695 ὲκείνῃ’
3351 3623 3474 3688 Πῶς
3499 3625 3821 3681 αναπέπαυυ

2248 3732 2338 3768 ται
2369 3717 2398 3768 ὁ
2431 3714 2704 3778 ἀπαιτῶν,
2743 3714 2837 3767 καὶ
2877 3714 3255 3775 ἀναπέπαυται
3295 3717 3324 3768 ὁ
3357 3715 3825 3790 ἑπισπουδαστής;

2248 3805 2539 3877 Συνέτριῷε
2583 3806 2784 3876 Κύριος
2827 3804 2919 3858 τὸν
2953 3803 3114 3872 ζυγὸν
3157 3805 3264 3858 τῶν
3315 3807 3673 3878 ἁμαρτωλῶν,
3729 3811 3830 3864 τὶν

2247 3897 2408 3964 ζυγὸν
2448 3898 2556 3952 τῶν
2597 3897 2894 3968 ἀρχόντων,
2942 3898 3186 3964 πατάξας
3237 3897 3388 3963 ἔθνος
3433 3900 3588 3971 θυμῷ
3637 3902 3821 3974 πληγῇ

2245 3991 2466 4060 ἀνιάτῳ.
2499 3989 2682 4042 Παίων
2709 3987 2858 4051 ἔθνος
2882 3988 3096 4058 πληγὴν
3131 3988 3326 4059 θυμοῦ,
3358 3990 3391 4060 ἢ
3420 3989 3518 4042 οὐκ
3539 3989 3817 4058 ἐφείσατο,

2244 4080 2590 4136 ἀνεπαύσατο
2629 4077 2923 4143 πεποιθώς.
2963 4080 3118 4132 Πᾶσα
3151 4081 3184 4150 ή
3222 4081 3292 4150 γῆ
3478 4083 3593 4151 μετ’
3629 4082 3823 4154 εὐφρο-

2248 4173 2431 4244 σύνης.
2466 4173 2576 4226 Καὶ
2606 4171 2674 4225 τά
2719 4171 2850 4238 ξύλα
2893 4169 2987 4223 τοῦ
3018 4171 3249 4225 Λιϐάνου
3293 4171 3676 4244 εὐφράνθησαν
3723 4175 3818 4228 ἐπὶ

2247 4267 2350 4329 σοὶ,
2387 4266 2480 4319 καὶ
2507 4267 2539 4336 ή
2573 4263 2761 4336 κέδρος
2791 4262 2886 4316 τοῦ
2920 4263 3150 4318 Λιϐάνου
3171 4281 3186 4292 ·
3226 4264 3318 4333 ἀφ’
3343 4257 3403 4317 οὗ
3451 4265 3516 4316 σὺ
3558 4265 3818 4336 κεκοίμη-

569 4374 691 4415 nos.
721 4377 741 4412 ι
776 4359 934 4416 Cedri
975 4361 1139 4430 igitur
1161 4372 1216 4416 et
1241 4363 1397 4431 pinus
1425 4366 1716 4419 secundum
1751 4365 2136 4437 Symmachum

2255 4373 2352 4419 rat,
2383 4357 2485 4410 οὐκ
2520 4355 2690 4426 ἀνέϐη
2725 4358 2753 4409 ὁ
2781 4355 2993 4409 κόπτων
3025 4357 3190 4425 ἡμᾶς.
3231 4375 3248 4408 ι
3286 4357 3480 4428 Κέδροι
3514 4362 3692 4412 τοίνυν
3721 4359 3816 4413 καὶ

568 4467 784 4508 rursum
847 4454 1156 4524 allegorice,
1226 4465 1487 4526 tyrannos
1539 4458 1804 4527 quosdam
1871 4463 2137 4530 superbos

2255 4449 2450 4512 ιτίτυες,
2493 4447 2634 4501 κατά
2661 4448 2751 4501 τὸν
2794 4447 3086 4518 Σύμμαχον
3125 4448 3284 4504 πάλιν
3329 4450 3700 4522 ἀλληγορικῶς
3729 4469 3817 4506 τυ-

563 4546 893 4614 signiticant.
955 4563 984 4601 a
1047 4547 1339 4616 Babylonia
1389 4549 1661 4613 obsessos,
1719 4562 1774 4606 et
1835 4568 1863 4606 a
1918 4557 2132 4624 propria

2255 4543 2467 4612 οάννους
2497 4539 2649 4603 τινὰς
2677 4541 3020 4611 ἐπηρμένους
3056 4542 3429 4612 σημαίνουσιν,
3461 4544 3563 4597 ὑπὸ
3583 4543 3682 4613 τῆς
3708 4545 3814 4600 Βα-

565 4639 785 4707 regione
816 4643 1062 4695 succisos
1083 4682 1098 4706 ,
1148 4655 1284 4710 quos
1315 4645 1380 4694 de
1416 4643 1659 4709 praedicti
1713 4642 2132 4716 Babyloniorum

2255 4633 2508 4696 Ξυλωνίας
2541 4630 3000 4701 πολιορκηθέντας
3038 4634 3130 4686 καὶ
3155 4634 3253 4704 τῆς
3281 4635 3485 4699 οἰκείας
3516 4636 3811 4690 ἀποκοπέν-

562 4731 706 4800 regis
734 4733 887 4788 ruina
918 4735 1157 4803 gaudere
1185 4745 1607 4790 consentaneum
1645 4747 1784 4791 erat.
1819 4735 1826 4746 '

635 4908 797 4965 Vnus.
837 4910 892 4966 9.
930 4929 951 4963 ι
989 4910 1232 4967 lnl'ernus
1257 4911 1444 4966 subter
1474 4911 1829 4966 exacerbatus
1851 4923 1932 4968 est
1947 4929 2138 4969 occur-

563 5013 692 5055 rens
719 5001 857 5054 tibi:
895 5003 1052 5055 simul
1081 5003 1300 5056 excitati
1344 5012 1469 5056 sunt
1517 5003 1609 5058 tibi
1655 5016 1845 5057 omnes
1888 5005 2134 5074 gigantes

565 5093 657 5163 qui
689 5101 845 5147 term
870 5093 1240 5162 imperarunt,
1281 5095 1370 5164 qui
1433 5096 1746 5149 excitarunt
1800 5111 1866 5149 ex
1917 5097 2130 5151 tlirouis

565 5184 680 5236 suis
711 5196 898 5237 omnes
931 5198 1083 5252 reges
1125 5185 1386 5253 gentium.
1427 5202 1449 5237 ι
1481 5183 1588 5240 Nos
1613 5199 1830 5254 quoque
1869 5185 1991 5254 jure
2036 5187 2130 5240 Sa-

563 5287 702 5329 tanae
729 5275 994 5338 dicemus,
1021 5282 1112 5344 qui
1163 5277 1290 5330 olim
1324 5278 1542 5346 quidem
1603 5279 1668 5332 ab
1717 5277 1808 5332 illo
1857 5277 2125 5333 devastati

2240 4744 2338 4790 τας
2361 4724 2540 4796 χώρας
2559 4743 2573 4755 ·
2601 4724 2691 4788 οὓς
2734 4725 2880 4788 εἰκὸς
2911 4720 2979 4795 ἦν
3015 4725 3340 4796 ἐπιχαρῆναι
3368 4729 3434 4796 τῇ
3473 4725 3676 4780 πτώσει
3711 4726 3809 4780 τοῦ

2237 4815 2398 4887 δηλου
2405 4814 2585 4886 μένου.

2313 4927 2329 4958 ι
2376 4907 2543 4979 ᾍδης
2569 4907 2811 4961 κάτωθεν
2840 4905 3141 4978 ἐπικράνθη
3168 4908 3506 4978 συναντήσας
3529 4926 3610 4962 σοι
3633 4925 3647 4938 ·
3687 4927 3810 4962 συν-

2235 4997 2544 5070 ηγέρθησάν
2598 5016 2678 5051 σοι
2732 4999 2931 5059 πάντες
2958 5000 3007 5051 οἰ
3053 4998 3306 5066 γίγαντες
3341 4999 3390 5050 οἱ
3425 5000 3682 5069 ἄρξαντες
3708 5003 3807 5071 τῆς

2236 5088 2358 5157 γῆς,
2385 5089 2432 5141 oi
2459 5089 2768 5158 ἐγείραντες
2791 5090 2855 5141 ὲκ
2882 5086 2990 5138 τῶν
3021 5087 3225 5157 θρόνων
3259 5087 3435 5141 αὐτῶν
3463 5089 3668 5152 πάντας
3709 5091 3808 5159 βα-

2239 5179 2402 5243 σιλεῖς
2435 5179 2624 5233 ἐθνῶν.
2675 5199 2694 5231 ι
2747 5179 3008 5250 Ἑροῦμεν
3045 5179 3102 5232 δὲ
3141 5181 3233 5233 καὶ
3273 5182 3432 5252 ἡμεῖς
3469 5183 3691 5245 εἰκότως
3729 5184 3811 5255 τῷ

2236 5273 2466 5342 Σατανᾷ,
2509 5272 2559 5324 οἱ
2593 5269 2760 5324 πάλαι
2810 5271 2906 5341 μὲν
2945 5271 3072 5342 παρ’
3105 5271 3314 5324 ἐκείνου
3362 5272 3806 5344 πεπορθημένοιο

560 5381 789 5432 sumus;
823 5367 916 5421 sed
944 5367 1154 5420 ﬁrmam
1181 5370 1394 5422 demum
1439 5371 1490 5424 in
1533 5369 1750 5425 Christo
1803 5371 2125 5424 sententiam

2257 5363 2437 5435 δραῖον
2466 5363 2522 5416 δὲ
2551 5363 2736 5416 λοιπὸν
2769 5362 3060 5433 ἐσχηκότες
3100 5365 3156 5414 ὲν
3184 5361 3402 5433 Χριστῷ
3429 5363 3490 5416 τὸ
3526 5366 3807 5436 φρόνημα,

561 5459 898 5522 retinuiinus,
928 5468 1275 5527 mentemque
1302 5461 1368 5513 ad
1409 5462 1667 5529 pietatem
1701 5463 1873 5518 solide
1913 5464 2124 5516 radica-

560 5561 692 5610 tam.
723 5565 926 5616 corque
950 5550 1384 5604 lloritlissitnuni:
1423 5569 1442 5604 ι
1483 5551 1559 5606 Ex
1581 5568 1689 5622 quo
1714 5564 1767 5607 ιιι
1797 5554 2122 5619 dormivisti,

558 5659 664 5699 non
699 5643 942 5697 ascendit
969 5643 1058 5712 qui
1087 5643 1390 5698 succideret
1429 5659 1546 5699 nos.
1581 5665 1600 5698 ι

628 5733 791 5788 Vsus.
811 5735 994 5790 lii-li.
1029 5750 1049 5786 ι
1071 5735 1682 5806 Omnesrcspondebunt
1704 5747 1756 5794 et
1780 5738 1954 5794 dicent
1985 5738 2116 5794 tibi:

557 5820 624 5878 Et
655 5835 707 5879 tu
736 5834 925 5893 captus
959 5840 1015 5881 es
1039 5825 1182 5882 sicut
1209 5833 1263 5881 et
1293 5839 1391 5882 nos
1429 5841 1444 5882 :
1479 5827 1534 5882 in
1575 5825 1728 5886 nobis
1753 5838 1934 5885 autem
1965 5845 2120 5896 repu-

308 5965 772 6284 Χ

2233 5457 2328 5509 καὶ
2372 5455 2495 5509 νοῦν
2551 5457 2630 5519 εἰς
2677 5455 2958 5508 εὐσέϐειαν
3002 5455 3218 5524 ἀσφαλῆ
3270 5455 3362 5507 καὶ
3417 5447 3803 5527 ὲῤῥιξωμένον,

2233 5550 2326 5602 καὶ
2369 5548 2592 5620 καρδίαν
2627 5547 3022 5617 εύθαλεστάτην
3043 5565 3054 5577 ·
3092 5567 3110 5598 ι
3135 5547 3249 5616 Ἀφ’
3273 5542 3333 5600 οὒ
3365 5549 3427 5601 σὺ
3451 5548 3802 5619 κεκοίμησαι,

2232 5642 2330 5694 οὐκ
2357 5641 2524 5711 ἀνέϐη
2555 5643 2584 5694 ὁ
2622 5641 2836 5694 κόπτων
2873 5641 3042 5711 ἡμᾶς.
3079 5659 3096 5691 ι

2307 5755 2324 5785 ι
2369 5735 2570 5798 Πάντες
2604 5733 3061 5805 ἀποκριθήσονται
3100 5734 3194 5786 καὶ
3225 5732 3407 5805 ὲροῦσί
3448 5749 3547 5786 σοι’
3581 5733 3688 5786 Kal
3732 5733 3802 5786 σὺ

2231 5827 2420 5893 ἑάλως,
2453 5826 2639 5894 ῶσπερ
2666 5828 2755 5880 καὶ
2803 5827 2979 5894 ἡμεῖς·
3025 5829 3080 5880 ὲν
3121 5827 3249 5892 ἡμῖν
3295 5826 3351 5880 δὲ
3393 5822 3796 5900 κατελογίσθὴε,
