  <div class='ocr_page' id='page_1' title='image "/cluster/home/n/w/nwhite01/storage/ocr_20150623/24/hvd.32044073501108/104.png"; bbox 0 0 4158 6402; ppageno 0'>
   <div class='ocr_carea' id='block_1_1' title="bbox 367 388 474 443">
    <p class='ocr_par' dir='ltr' id='par_1_1' title="bbox 367 388 474 443">
     <span class='ocr_line' id='line_1_1' title="bbox 367 388 474 443; baseline -0.009 0"><span class='ocrx_word' id='word_1_1' title='bbox 367 388 393 442; x_wconf 70' lang='grc'>1</span> <span class='ocrx_word' id='word_1_2' title='bbox 405 388 474 443; x_wconf 70' lang='lat' dir='ltr'><strong>9J5</strong></span> 
     </span>
    </p>
   </div>
   <div class='ocr_carea' id='block_1_2' title="bbox 1322 363 2705 433">
    <p class='ocr_par' dir='ltr' id='par_1_2' title="bbox 1322 363 2705 433">
     <span class='ocr_line' id='line_1_2' title="bbox 1322 363 2705 433; baseline -0.011 0"><span class='ocrx_word' id='word_1_3' title='bbox 1322 374 1820 433; x_wconf 76' lang='lat' dir='ltr'><strong>COMMENTABIA</strong></span> <span class='ocrx_word' id='word_1_4' title='bbox 1858 370 1926 427; x_wconf 76' lang='lat' dir='ltr'><strong>lN</strong></span> <span class='ocrx_word' id='word_1_5' title='bbox 1962 366 2223 430; x_wconf 69' lang='lat' dir='ltr'><strong>ISAIAM.</strong></span> <span class='ocrx_word' id='word_1_6' title='bbox 2261 400 2334 414; x_wconf 89' lang='lat'><strong><em>—</em></strong></span> <span class='ocrx_word' id='word_1_7' title='bbox 2366 366 2523 425; x_wconf 83' lang='lat' dir='ltr'><strong>CAP.</strong></span> <span class='ocrx_word' id='word_1_8' title='bbox 2564 363 2705 421; x_wconf 76' lang='lat' dir='ltr'><strong>XIV.</strong></span> 
     </span>
    </p>
   </div>
   <div class='ocr_carea' id='block_1_3' title="bbox 3524 350 3625 406">
    <p class='ocr_par' dir='ltr' id='par_1_3' title="bbox 3524 350 3625 406">
     <span class='ocr_line' id='line_1_3' title="bbox 3524 350 3625 406; baseline 0.01 -1"><span class='ocrx_word' id='word_1_9' title='bbox 3524 350 3625 406; x_wconf 70' lang='lat'><strong>196</strong></span> 
     </span>
    </p>
   </div>
   <div class='ocr_carea' id='block_1_4' title="bbox 369 475 1962 579">
    <p class='ocr_par' dir='ltr' id='par_1_4' title="bbox 369 498 1941 579">
     <span class='ocr_line' id='line_1_4' title="bbox 369 498 1941 579; baseline -0.008 -13"><span class='ocrx_word' id='word_1_10' title='bbox 369 507 590 578; x_wconf 66' lang='grc' dir='ltr'>Κατέὸη</span> <span class='ocrx_word' id='word_1_11' title='bbox 620 506 700 565; x_wconf 81' lang='grc' dir='ltr'><strong>είς</strong></span> <span class='ocrx_word' id='word_1_12' title='bbox 720 501 900 579; x_wconf 68' lang='grc' dir='ltr'>ᾅδουή</span> <span class='ocrx_word' id='word_1_13' title='bbox 931 500 1060 567; x_wconf 77' lang='grc' dir='ltr'>δόξα</span> <span class='ocrx_word' id='word_1_14' title='bbox 1090 517 1205 567; x_wconf 91' lang='grc' dir='ltr'>σου,</span> <span class='ocrx_word' id='word_1_15' title='bbox 1232 503 1264 572; x_wconf 82' lang='grc' dir='ltr'>ἡ</span> <span class='ocrx_word' id='word_1_16' title='bbox 1290 500 1459 573; x_wconf 77' lang='grc' dir='ltr'>πολλὴ</span> <span class='ocrx_word' id='word_1_17' title='bbox 1484 498 1788 573; x_wconf 78' lang='grc' dir='ltr'>εὐφροσύνη</span> <span class='ocrx_word' id='word_1_18' title='bbox 1824 515 1941 553; x_wconf 88' lang='grc' dir='ltr'>σου.</span> 
     </span>
    </p>
   </div>
   <div class='ocr_carea' id='block_1_5' title="bbox 2063 475 3622 579">
    <p class='ocr_par' dir='ltr' id='par_1_5' title="bbox 2069 475 3622 555">
     <span class='ocr_line' id='line_1_5' title="bbox 2069 475 3622 555; baseline -0.014 -8"><span class='ocrx_word' id='word_1_19' title='bbox 2069 504 2194 549; x_wconf 85' lang='lat' dir='ltr'><strong>atus</strong></span> <span class='ocrx_word' id='word_1_20' title='bbox 2242 510 2323 548; x_wconf 87' lang='lat' dir='ltr'><strong>es.</strong></span> <span class='ocrx_word' id='word_1_21' title='bbox 2354 490 2639 547; x_wconf 76' lang='lat' dir='ltr'><strong>Descendit</strong></span> <span class='ocrx_word' id='word_1_22' title='bbox 2681 488 2734 544; x_wconf 88' lang='lat' dir='ltr'><strong>in</strong></span> <span class='ocrx_word' id='word_1_23' title='bbox 2766 482 3036 541; x_wconf 90' lang='lat' dir='ltr'><strong>infernum</strong></span> <span class='ocrx_word' id='word_1_24' title='bbox 3072 478 3241 555; x_wconf 91' lang='lat' dir='ltr'><strong>gloria</strong></span> <span class='ocrx_word' id='word_1_25' title='bbox 3291 484 3404 541; x_wconf 88' lang='lat' dir='ltr'><strong>tua,</strong></span> <span class='ocrx_word' id='word_1_26' title='bbox 3455 475 3622 531; x_wconf 85' lang='lat' dir='ltr'><strong>multa</strong></span> 
     </span>
    </p>
   </div>
   <div class='ocr_carea' id='block_1_6' title="bbox 376 592 1944 669">
    <p class='ocr_par' dir='ltr' id='par_1_6' title="bbox 376 592 1944 669">
     <span class='ocr_line' id='line_1_6' title="bbox 376 592 1944 669; baseline -0.008 -9"><span class='ocrx_word' id='word_1_27' title='bbox 376 601 670 660; x_wconf 83' lang='grc' dir='ltr'>’Υποκάτω</span> <span class='ocrx_word' id='word_1_28' title='bbox 713 616 806 655; x_wconf 88' lang='grc' dir='ltr'><strong>σου</strong></span> <span class='ocrx_word' id='word_1_29' title='bbox 849 594 1153 669; x_wconf 80' lang='grc' dir='ltr'>στρώσουσι</span> <span class='ocrx_word' id='word_1_30' title='bbox 1209 595 1392 666; x_wconf 76' lang='grc' dir='ltr'>σῆψιν,</span> <span class='ocrx_word' id='word_1_31' title='bbox 1437 596 1532 651; x_wconf 72' lang='grc' dir='ltr'>καὶ</span> <span class='ocrx_word' id='word_1_32' title='bbox 1589 593 1652 648; x_wconf 82' lang='grc' dir='ltr'>τὸ</span> <span class='ocrx_word' id='word_1_33' title='bbox 1698 592 1944 648; x_wconf 70' lang='grc' dir='ltr'><strong>κατίιπιιά⁴</strong></span> 
     </span>
    </p>
   </div>
   <div class='ocr_carea' id='block_1_7' title="bbox 368 683 1945 767">
    <p class='ocr_par' dir='ltr' id='par_1_7' title="bbox 368 683 1945 767">
     <span class='ocr_line' id='line_1_7' title="bbox 368 683 1945 767; baseline -0.008 -16"><span class='ocrx_word' id='word_1_34' title='bbox 368 694 562 767; x_wconf 84' lang='grc' dir='ltr'>λυμμά</span> <span class='ocrx_word' id='word_1_35' title='bbox 599 710 692 746; x_wconf 90' lang='grc' dir='ltr'><strong>σου</strong></span> <span class='ocrx_word' id='word_1_36' title='bbox 728 686 968 761; x_wconf 80' lang='grc' dir='ltr'>σκώληξ.</span> <span class='ocrx_word' id='word_1_37' title='bbox 1021 687 1149 751; x_wconf 86' lang='grc' dir='ltr'><strong>Πῶς</strong></span> <span class='ocrx_word' id='word_1_38' title='bbox 1195 685 1452 750; x_wconf 82' lang='grc' dir='ltr'>ἐξέπεσεν</span> <span class='ocrx_word' id='word_1_39' title='bbox 1496 686 1562 739; x_wconf 88' lang='grc' dir='ltr'><strong>ἐκ</strong></span> <span class='ocrx_word' id='word_1_40' title='bbox 1592 683 1685 738; x_wconf 82' lang='grc' dir='ltr'>τοῦ</span> <span class='ocrx_word' id='word_1_41' title='bbox 1717 683 1945 756; x_wconf 80' lang='grc' dir='ltr'>ούρανοῦ</span> 
     </span>
    </p>
   </div>
   <div class='ocr_carea' id='block_1_8' title="bbox 368 774 1947 856">
    <p class='ocr_par' dir='ltr' id='par_1_8' title="bbox 368 774 1947 856">
     <span class='ocr_line' id='line_1_8' title="bbox 368 774 1947 856; baseline -0.01 -11"><span class='ocrx_word' id='word_1_42' title='bbox 368 790 399 844; x_wconf 98' lang='lat'><strong>6</strong></span> <span class='ocrx_word' id='word_1_43' title='bbox 443 782 751 856; x_wconf 82' lang='grc' dir='ltr'>Ἐωσφόρος</span> <span class='ocrx_word' id='word_1_44' title='bbox 775 781 807 834; x_wconf 83' lang='lat'><strong>6</strong></span> <span class='ocrx_word' id='word_1_45' title='bbox 840 777 985 853; x_wconf 79' lang='grc' dir='ltr'>πρωῒ</span> <span class='ocrx_word' id='word_1_46' title='bbox 1018 774 1660 847; x_wconf 72' lang='grc' dir='ltr'>ἀνατέλλωνίσυνετρίὸη</span> <span class='ocrx_word' id='word_1_47' title='bbox 1680 775 1815 847; x_wconf 79' lang='grc' dir='ltr'>πρὸς</span> <span class='ocrx_word' id='word_1_48' title='bbox 1848 776 1947 847; x_wconf 85' lang='grc' dir='ltr'>τὴν</span> 
     </span>
    </p>
   </div>
   <div class='ocr_carea' id='block_1_9' title="bbox 369 868 1947 952">
    <p class='ocr_par' dir='ltr' id='par_1_9' title="bbox 369 868 1947 952">
     <span class='ocr_line' id='line_1_9' title="bbox 369 868 1947 952; baseline -0.005 -21"><span class='ocrx_word' id='word_1_49' title='bbox 369 880 475 952; x_wconf 74' lang='grc' dir='ltr'>γῆν</span> <span class='ocrx_word' id='word_1_50' title='bbox 503 880 532 933; x_wconf 90' lang='lat'><strong>6</strong></span> <span class='ocrx_word' id='word_1_51' title='bbox 562 872 907 932; x_wconf 82' lang='grc' dir='ltr'><strong>ἀποστέλλων</strong></span> <span class='ocrx_word' id='word_1_52' title='bbox 952 870 1087 943; x_wconf 80' lang='grc' dir='ltr'>πρὸς</span> <span class='ocrx_word' id='word_1_53' title='bbox 1146 869 1326 925; x_wconf 89' lang='grc' dir='ltr'>πάντα</span> <span class='ocrx_word' id='word_1_54' title='bbox 1371 869 1440 923; x_wconf 87' lang='grc' dir='ltr'><strong>τά</strong></span> <span class='ocrx_word' id='word_1_55' title='bbox 1480 868 1640 939; x_wconf 79' lang='grc' dir='ltr'>ἐθνη;</span> <span class='ocrx_word' id='word_1_56' title='bbox 1680 887 1698 919; x_wconf 72' lang='grc' dir='ltr'><strong>ι</strong></span> <span class='ocrx_word' id='word_1_57' title='bbox 1740 869 1802 920; x_wconf 78' lang='lat' dir='ltr'><strong>Ol</strong></span> <span class='ocrx_word' id='word_1_58' title='bbox 1849 868 1947 940; x_wconf 85' lang='grc' dir='ltr'>μὲν</span> 
     </span>
    </p>
   </div>
   <div class='ocr_carea' id='block_1_10' title="bbox 372 958 1943 1040">
    <p class='ocr_par' dir='ltr' id='par_1_10' title="bbox 372 958 1943 1040">
     <span class='ocr_line' id='line_1_10' title="bbox 372 958 1943 1040; baseline -0.009 -16"><span class='ocrx_word' id='word_1_59' title='bbox 372 970 466 1024; x_wconf 73' lang='grc' dir='ltr'>ἐπὶ</span> <span class='ocrx_word' id='word_1_60' title='bbox 484 968 587 1040; x_wconf 82' lang='grc' dir='ltr'>γῆς</span> <span class='ocrx_word' id='word_1_61' title='bbox 610 966 780 1030; x_wconf 78' lang='grc' dir='ltr'>ὄντες,</span> <span class='ocrx_word' id='word_1_62' title='bbox 818 962 970 1035; x_wconf 77' lang='grc' dir='ltr'>φησὶ,</span> <span class='ocrx_word' id='word_1_63' title='bbox 993 961 1061 1014; x_wconf 86' lang='grc' dir='ltr'><strong>τά</strong></span> <span class='ocrx_word' id='word_1_64' title='bbox 1084 960 1340 1032; x_wconf 81' lang='grc' dir='ltr'><strong>ἀνωτέρω</strong></span> <span class='ocrx_word' id='word_1_65' title='bbox 1360 958 1624 1032; x_wconf 74' lang='grc' dir='ltr'><strong>εἰρημένα</strong></span> <span class='ocrx_word' id='word_1_66' title='bbox 1660 959 1943 1030; x_wconf 79' lang='grc' dir='ltr'><strong>φήσουσιν·</strong></span> 
     </span>
    </p>
   </div>
   <div class='ocr_carea' id='block_1_11' title="bbox 372 1049 1949 1129">
    <p class='ocr_par' dir='ltr' id='par_1_11' title="bbox 372 1049 1949 1129">
     <span class='ocr_line' id='line_1_11' title="bbox 372 1049 1949 1129; baseline -0.009 -12"><span class='ocrx_word' id='word_1_67' title='bbox 372 1065 423 1117; x_wconf 74' lang='grc' dir='ltr'>οἱ</span> <span class='ocrx_word' id='word_1_68' title='bbox 442 1063 499 1119; x_wconf 82' lang='grc' dir='ltr'><strong>δέ</strong></span> <span class='ocrx_word' id='word_1_69' title='bbox 525 1061 616 1117; x_wconf 72' lang='grc' dir='ltr'><strong>τὸν</strong></span> <span class='ocrx_word' id='word_1_70' title='bbox 651 1056 988 1129; x_wconf 83' lang='grc' dir='ltr'>ἀνθρώπινον</span> <span class='ocrx_word' id='word_1_71' title='bbox 1020 1054 1426 1120; x_wconf 78' lang='grc' dir='ltr'><strong>ἀπαλλάξαντες</strong></span> <span class='ocrx_word' id='word_1_72' title='bbox 1466 1052 1599 1124; x_wconf 80' lang='grc' dir='ltr'>βίον,</span> <span class='ocrx_word' id='word_1_73' title='bbox 1630 1052 1720 1107; x_wconf 54' lang='grc' dir='ltr'>καὶ</span> <span class='ocrx_word' id='word_1_74' title='bbox 1761 1049 1949 1122; x_wconf 77' lang='grc' dir='ltr'>ὥσπερ</span> 
     </span>
    </p>
   </div>
   <div class='ocr_carea' id='block_1_12' title="bbox 375 1143 1951 1225">
    <p class='ocr_par' dir='ltr' id='par_1_12' title="bbox 375 1143 1951 1225">
     <span class='ocr_line' id='line_1_12' title="bbox 375 1143 1951 1225; baseline -0.007 -16"><span class='ocrx_word' id='word_1_75' title='bbox 375 1156 437 1209; x_wconf 86' lang='grc' dir='ltr'><strong>ἐν</strong></span> <span class='ocrx_word' id='word_1_76' title='bbox 454 1154 676 1225; x_wconf 79' lang='grc' dir='ltr'><strong>δεσμοῖς</strong></span> <span class='ocrx_word' id='word_1_77' title='bbox 703 1154 818 1215; x_wconf 80' lang='grc' dir='ltr'>τοῖς</span> <span class='ocrx_word' id='word_1_78' title='bbox 841 1149 935 1204; x_wconf 77' lang='grc' dir='ltr'><strong>τοῦ</strong></span> <span class='ocrx_word' id='word_1_79' title='bbox 969 1148 1094 1222; x_wconf 77' lang='grc' dir='ltr'>ᾂδου</span> <span class='ocrx_word' id='word_1_80' title='bbox 1133 1146 1351 1219; x_wconf 83' lang='grc' dir='ltr'><strong>χωρίοις</strong></span> <span class='ocrx_word' id='word_1_81' title='bbox 1381 1145 1818 1215; x_wconf 69' lang='grc' dir='ltr'><strong>ἀπολειφθέντες,</strong></span> <span class='ocrx_word' id='word_1_82' title='bbox 1858 1143 1951 1200; x_wconf 70' lang='grc' dir='ltr'>καὶ</span> 
     </span>
    </p>
   </div>
   <div class='ocr_carea' id='block_1_13' title="bbox 374 1237 1947 1317">
    <p class='ocr_par' dir='ltr' id='par_1_13' title="bbox 374 1237 1947 1317">
     <span class='ocr_line' id='line_1_13' title="bbox 374 1237 1947 1317; baseline -0.006 -16"><span class='ocrx_word' id='word_1_83' title='bbox 374 1247 528 1302; x_wconf 74' lang='grc' dir='ltr'>αὐτοὶ</span> <span class='ocrx_word' id='word_1_84' title='bbox 569 1247 635 1317; x_wconf 78' lang='grc' dir='ltr'>τῇ</span> <span class='ocrx_word' id='word_1_85' title='bbox 676 1242 920 1315; x_wconf 75' lang='grc' dir='ltr'>ἀπωλείᾳ</span> <span class='ocrx_word' id='word_1_86' title='bbox 975 1239 1137 1296; x_wconf 77' lang='grc' dir='ltr'>αὑτοῦ</span> <span class='ocrx_word' id='word_1_87' title='bbox 1193 1238 1406 1304; x_wconf 76' lang='grc' dir='ltr'><strong>λέξουσι</strong></span> <span class='ocrx_word' id='word_1_88' title='bbox 1446 1238 1517 1294; x_wconf 81' lang='grc' dir='ltr'><strong>τά</strong></span> <span class='ocrx_word' id='word_1_89' title='bbox 1559 1237 1947 1310; x_wconf 88' lang='grc' dir='ltr'>ἐπιφερόμενα.</span> 
     </span>
    </p>
   </div>
   <div class='ocr_carea' id='block_1_14' title="bbox 373 1330 1952 1405">
    <p class='ocr_par' dir='ltr' id='par_1_14' title="bbox 373 1330 1952 1405">
     <span class='ocr_line' id='line_1_14' title="bbox 373 1330 1952 1405; baseline -0.004 -14"><span class='ocrx_word' id='word_1_90' title='bbox 373 1338 591 1401; x_wconf 75' lang='grc' dir='ltr'>Φθάσας</span> <span class='ocrx_word' id='word_1_91' title='bbox 619 1337 676 1390; x_wconf 85' lang='grc' dir='ltr'><strong>δέ</strong></span> <span class='ocrx_word' id='word_1_92' title='bbox 698 1336 823 1399; x_wconf 63' lang='grc' dir='ltr'>τοὺς</span> <span class='ocrx_word' id='word_1_93' title='bbox 850 1335 968 1389; x_wconf 78' lang='grc' dir='ltr'>ἐκεῖ</span> <span class='ocrx_word' id='word_1_94' title='bbox 992 1335 1200 1398; x_wconf 81' lang='grc' dir='ltr'>πάντας</span> <span class='ocrx_word' id='word_1_95' title='bbox 1228 1335 1258 1387; x_wconf 86' lang='grc' dir='ltr'>ὁ</span> <span class='ocrx_word' id='word_1_96' title='bbox 1294 1332 1448 1405; x_wconf 70' lang='grc' dir='ltr'>ᾅδης,</span> <span class='ocrx_word' id='word_1_97' title='bbox 1484 1332 1579 1386; x_wconf 72' lang='grc' dir='ltr'>καὶ</span> <span class='ocrx_word' id='word_1_98' title='bbox 1610 1333 1643 1403; x_wconf 81' lang='grc' dir='ltr'><strong>ἡ</strong></span> <span class='ocrx_word' id='word_1_99' title='bbox 1668 1330 1952 1401; x_wconf 87' lang='grc' dir='ltr'>ἐφεστῶσα</span> 
     </span>
    </p>
   </div>
   <div class='ocr_carea' id='block_1_15' title="bbox 373 1422 1952 1499">
    <p class='ocr_par' dir='ltr' id='par_1_15' title="bbox 373 1422 1952 1499">
     <span class='ocr_line' id='line_1_15' title="bbox 373 1422 1952 1499; baseline -0.008 -14"><span class='ocrx_word' id='word_1_100' title='bbox 373 1432 497 1494; x_wconf 84' lang='grc' dir='ltr'>ταῖς</span> <span class='ocrx_word' id='word_1_101' title='bbox 542 1428 650 1484; x_wconf 90' lang='grc' dir='ltr'><strong>τῶν</strong></span> <span class='ocrx_word' id='word_1_102' title='bbox 691 1426 1030 1499; x_wconf 83' lang='grc' dir='ltr'><strong>τεθνηκότων</strong></span> <span class='ocrx_word' id='word_1_103' title='bbox 1070 1425 1265 1497; x_wconf 74' lang='grc' dir='ltr'>ψυχαῖς</span> <span class='ocrx_word' id='word_1_104' title='bbox 1318 1424 1566 1495; x_wconf 88' lang='grc' dir='ltr'>δύναμις,</span> <span class='ocrx_word' id='word_1_105' title='bbox 1622 1422 1813 1494; x_wconf 82' lang='grc' dir='ltr'>ὥσπερ</span> <span class='ocrx_word' id='word_1_106' title='bbox 1867 1436 1952 1484; x_wconf 88' lang='grc' dir='ltr'><strong>τις</strong></span> 
     </span>
    </p>
   </div>
   <div class='ocr_carea' id='block_1_16' title="bbox 372 1511 1953 1591">
    <p class='ocr_par' dir='ltr' id='par_1_16' title="bbox 372 1511 1953 1591">
     <span class='ocr_line' id='line_1_16' title="bbox 372 1511 1953 1591; baseline -0.006 -16"><span class='ocrx_word' id='word_1_107' title='bbox 372 1518 748 1591; x_wconf 78' lang='grc' dir='ltr'>δεσμωτηρίου</span> <span class='ocrx_word' id='word_1_108' title='bbox 795 1516 1138 1588; x_wconf 81' lang='grc' dir='ltr'>τυγχάνουσα</span> <span class='ocrx_word' id='word_1_109' title='bbox 1174 1514 1428 1588; x_wconf 81' lang='grc' dir='ltr'>φρουρὸς,</span> <span class='ocrx_word' id='word_1_110' title='bbox 1478 1512 1721 1567; x_wconf 84' lang='grc' dir='ltr'>κάτωθεν</span> <span class='ocrx_word' id='word_1_111' title='bbox 1755 1514 1817 1566; x_wconf 82' lang='grc' dir='ltr'><strong>ἐκ</strong></span> <span class='ocrx_word' id='word_1_112' title='bbox 1845 1511 1953 1566; x_wconf 89' lang='grc' dir='ltr'><strong>τῶν</strong></span> 
     </span>
    </p>
   </div>
   <div class='ocr_carea' id='block_1_17' title="bbox 307 1603 1956 1687">
    <p class='ocr_par' dir='ltr' id='par_1_17' title="bbox 307 1603 1956 1687">
     <span class='ocr_line' id='line_1_17' title="bbox 307 1603 1956 1687; baseline -0.007 -21"><span class='ocrx_word' id='word_1_113' title='bbox 307 1682 313 1687; x_wconf 23' lang='grc'>.</span> <span class='ocrx_word' id='word_1_114' title='bbox 380 1610 667 1668; x_wconf 83' lang='grc' dir='ltr'>σκοτεινῶν</span> <span class='ocrx_word' id='word_1_115' title='bbox 701 1607 888 1679; x_wconf 82' lang='grc' dir='ltr'>μυχῶν</span> <span class='ocrx_word' id='word_1_116' title='bbox 911 1606 1045 1679; x_wconf 88' lang='grc' dir='ltr'><strong>μετά</strong></span> <span class='ocrx_word' id='word_1_117' title='bbox 1078 1604 1248 1675; x_wconf 81' lang='grc' dir='ltr'>θυμοῦ</span> <span class='ocrx_word' id='word_1_118' title='bbox 1268 1606 1361 1659; x_wconf 76' lang='grc' dir='ltr'>καὶ</span> <span class='ocrx_word' id='word_1_119' title='bbox 1395 1603 1565 1675; x_wconf 76' lang='grc' dir='ltr'>ὀργῆς</span> <span class='ocrx_word' id='word_1_120' title='bbox 1586 1605 1956 1674; x_wconf 78' lang='grc' dir='ltr'>ἐπαναστήσε-</span> 
     </span>
    </p>
   </div>
   <div class='ocr_carea' id='block_1_18' title="bbox 375 1693 1951 1768">
    <p class='ocr_par' dir='ltr' id='par_1_18' title="bbox 375 1693 1951 1768">
     <span class='ocr_line' id='line_1_18' title="bbox 375 1693 1951 1768; baseline -0.004 -15"><span class='ocrx_word' id='word_1_121' title='bbox 375 1700 468 1752; x_wconf 89' lang='grc' dir='ltr'><strong>ταί</strong></span> <span class='ocrx_word' id='word_1_122' title='bbox 494 1714 595 1752; x_wconf 92' lang='grc' dir='ltr'>σοι.</span> <span class='ocrx_word' id='word_1_123' title='bbox 621 1696 822 1751; x_wconf 80' lang='grc' dir='ltr'>Τούτου</span> <span class='ocrx_word' id='word_1_124' title='bbox 844 1697 901 1751; x_wconf 88' lang='grc' dir='ltr'><strong>δέ</strong></span> <span class='ocrx_word' id='word_1_125' title='bbox 923 1695 1110 1768; x_wconf 83' lang='grc' dir='ltr'>ὥσπερ</span> <span class='ocrx_word' id='word_1_126' title='bbox 1130 1693 1389 1767; x_wconf 84' lang='grc' dir='ltr'>ἄρχοντος</span> <span class='ocrx_word' id='word_1_127' title='bbox 1413 1694 1519 1749; x_wconf 81' lang='grc' dir='ltr'><strong>τῶν</strong></span> <span class='ocrx_word' id='word_1_128' title='bbox 1552 1695 1666 1748; x_wconf 84' lang='grc' dir='ltr'>ἐκεῖ</span> <span class='ocrx_word' id='word_1_129' title='bbox 1689 1693 1951 1766; x_wconf 75' lang='grc' dir='ltr'>κρατοῦν-</span> 
     </span>
    </p>
   </div>
   <div class='ocr_carea' id='block_1_19' title="bbox 377 1782 1953 1859">
    <p class='ocr_par' dir='ltr' id='par_1_19' title="bbox 377 1782 1953 1859">
     <span class='ocr_line' id='line_1_19' title="bbox 377 1782 1953 1859; baseline -0.004 -16"><span class='ocrx_word' id='word_1_130' title='bbox 377 1807 468 1853; x_wconf 87' lang='grc' dir='ltr'><strong>τος</strong></span> <span class='ocrx_word' id='word_1_131' title='bbox 493 1788 586 1844; x_wconf 81' lang='grc' dir='ltr'>τοῦ</span> <span class='ocrx_word' id='word_1_132' title='bbox 613 1787 812 1842; x_wconf 79' lang='grc' dir='ltr'>οἰκείου</span> <span class='ocrx_word' id='word_1_133' title='bbox 858 1786 1227 1859; x_wconf 80' lang='grc' dir='ltr'>διεγερθέντος</span> <span class='ocrx_word' id='word_1_134' title='bbox 1269 1784 1481 1856; x_wconf 80' lang='grc' dir='ltr'>θρόνου,</span> <span class='ocrx_word' id='word_1_135' title='bbox 1538 1783 1630 1838; x_wconf 58' lang='grc' dir='ltr'><strong>καὶ⁴</strong></span> <span class='ocrx_word' id='word_1_136' title='bbox 1681 1785 1730 1837; x_wconf 82' lang='grc' dir='ltr'>οἱ</span> <span class='ocrx_word' id='word_1_137' title='bbox 1777 1782 1953 1837; x_wconf 73' lang='grc' dir='ltr'>λοιποὶ</span> 
     </span>
    </p>
   </div>
   <div class='ocr_carea' id='block_1_20' title="bbox 380 1875 1959 1951">
    <p class='ocr_par' dir='ltr' id='par_1_20' title="bbox 380 1875 1959 1951">
     <span class='ocr_line' id='line_1_20' title="bbox 380 1875 1959 1951; baseline -0.004 -15"><span class='ocrx_word' id='word_1_138' title='bbox 380 1881 581 1946; x_wconf 85' lang='grc' dir='ltr'>πάντες</span> <span class='ocrx_word' id='word_1_139' title='bbox 618 1880 889 1951; x_wconf 80' lang='grc' dir='ltr'>γίγαντες,</span> <span class='ocrx_word' id='word_1_140' title='bbox 931 1880 980 1933; x_wconf 84' lang='grc' dir='ltr'>οἱ</span> <span class='ocrx_word' id='word_1_141' title='bbox 1023 1878 1166 1933; x_wconf 88' lang='grc' dir='ltr'><strong>κατά</strong></span> <span class='ocrx_word' id='word_1_142' title='bbox 1204 1879 1329 1942; x_wconf 80' lang='grc' dir='ltr'>τοὺς</span> <span class='ocrx_word' id='word_1_143' title='bbox 1377 1875 1712 1950; x_wconf 77' lang='grc' dir='ltr'>έρμηνευτᾶς</span> <span class='ocrx_word' id='word_1_144' title='bbox 1765 1895 1785 1928; x_wconf 74' lang='grc' dir='ltr'><strong>ι</strong></span> <span class='ocrx_word' id='word_1_145' title='bbox 1835 1875 1959 1931; x_wconf 87' lang='grc' dir='ltr'><strong>Ῥα-</strong></span> 
     </span>
    </p>
   </div>
   <div class='ocr_carea' id='block_1_21' title="bbox 382 1961 1956 2046">
    <p class='ocr_par' dir='ltr' id='par_1_21' title="bbox 382 1961 1956 2046">
     <span class='ocr_line' id='line_1_21' title="bbox 382 1961 1956 2046; baseline -0.004 -18"><span class='ocrx_word' id='word_1_146' title='bbox 382 1973 546 2046; x_wconf 79' lang='grc' dir='ltr'><strong>φαῖμ,</strong></span> <span class='ocrx_word' id='word_1_147' title='bbox 588 1992 607 2025; x_wconf 75' lang='grc' dir='ltr'><strong>ι</strong></span> <span class='ocrx_word' id='word_1_148' title='bbox 650 1972 1071 2043; x_wconf 84' lang='grc' dir='ltr'>συνανέστησαν.</span> <span class='ocrx_word' id='word_1_149' title='bbox 1115 1970 1271 2034; x_wconf 88' lang='grc' dir='ltr'>Τίνες</span> <span class='ocrx_word' id='word_1_150' title='bbox 1306 1968 1364 2023; x_wconf 79' lang='grc' dir='ltr'>δὲ</span> <span class='ocrx_word' id='word_1_151' title='bbox 1406 1961 1572 2033; x_wconf 70' lang='grc' dir='ltr'>οὗτοι,</span> <span class='ocrx_word' id='word_1_152' title='bbox 1611 1967 1956 2041; x_wconf 85' lang='grc' dir='ltr'>διερμηνεύει</span> 
     </span>
    </p>
   </div>
   <div class='ocr_carea' id='block_1_22' title="bbox 375 2058 1958 2138">
    <p class='ocr_par' dir='ltr' id='par_1_22' title="bbox 375 2058 1958 2138">
     <span class='ocr_line' id='line_1_22' title="bbox 375 2058 1958 2138; baseline -0.006 -17"><span class='ocrx_word' id='word_1_153' title='bbox 375 2064 556 2135; x_wconf 80' lang='grc' dir='ltr'>λέγων</span> <span class='ocrx_word' id='word_1_154' title='bbox 578 2081 592 2097; x_wconf 76' lang='grc' dir='ltr'><strong>ο</strong></span> <span class='ocrx_word' id='word_1_155' title='bbox 629 2066 690 2120; x_wconf 85' lang='lat' dir='ltr'><strong>Ol</strong></span> <span class='ocrx_word' id='word_1_156' title='bbox 726 2066 981 2138; x_wconf 79' lang='grc' dir='ltr'>ἄρχοντες</span> <span class='ocrx_word' id='word_1_157' title='bbox 1019 2065 1119 2134; x_wconf 77' lang='grc' dir='ltr'>τῆς</span> <span class='ocrx_word' id='word_1_158' title='bbox 1154 2063 1276 2134; x_wconf 80' lang='grc' dir='ltr'>γῆς,</span> <span class='ocrx_word' id='word_1_159' title='bbox 1313 2063 1360 2115; x_wconf 80' lang='lat' dir='ltr'><strong>oi</strong></span> <span class='ocrx_word' id='word_1_160' title='bbox 1406 2060 1716 2132; x_wconf 74' lang='grc' dir='ltr'>ἐγείραντες</span> <span class='ocrx_word' id='word_1_161' title='bbox 1748 2062 1812 2114; x_wconf 80' lang='grc' dir='ltr'><strong>ἐκ</strong></span> <span class='ocrx_word' id='word_1_162' title='bbox 1850 2058 1958 2114; x_wconf 89' lang='grc' dir='ltr'><strong>τῶν</strong></span> 
     </span>
    </p>
   </div>
   <div class='ocr_carea' id='block_1_23' title="bbox 382 2151 1959 2232">
    <p class='ocr_par' dir='ltr' id='par_1_23' title="bbox 382 2151 1959 2232">
     <span class='ocr_line' id='line_1_23' title="bbox 382 2151 1959 2232; baseline -0.006 -17"><span class='ocrx_word' id='word_1_163' title='bbox 382 2160 587 2232; x_wconf 87' lang='grc' dir='ltr'>θρόνων</span> <span class='ocrx_word' id='word_1_164' title='bbox 615 2157 792 2213; x_wconf 76' lang='grc' dir='ltr'>αὐτῶν</span> <span class='ocrx_word' id='word_1_165' title='bbox 826 2158 1033 2221; x_wconf 78' lang='grc' dir='ltr'>πάντας</span> <span class='ocrx_word' id='word_1_166' title='bbox 1069 2155 1302 2227; x_wconf 78' lang='grc' dir='ltr'>βασιλεῖς</span> <span class='ocrx_word' id='word_1_167' title='bbox 1347 2153 1536 2217; x_wconf 80' lang='grc' dir='ltr'>ἐθνῶν,</span> <span class='ocrx_word' id='word_1_168' title='bbox 1588 2152 1684 2206; x_wconf 74' lang='grc' dir='ltr'>καὶ</span> <span class='ocrx_word' id='word_1_169' title='bbox 1723 2152 1791 2206; x_wconf 84' lang='grc' dir='ltr'>τὰ</span> <span class='ocrx_word' id='word_1_170' title='bbox 1821 2151 1959 2206; x_wconf 80' lang='grc' dir='ltr'>αὐτὰ</span> 
     </span>
    </p>
   </div>
   <div class='ocr_carea' id='block_1_24' title="bbox 382 2246 1956 2323">
    <p class='ocr_par' dir='ltr' id='par_1_24' title="bbox 382 2246 1956 2323">
     <span class='ocr_line' id='line_1_24' title="bbox 382 2246 1956 2323; baseline -0.003 -18"><span class='ocrx_word' id='word_1_171' title='bbox 382 2252 460 2323; x_wconf 83' lang='grc' dir='ltr'>τῷ</span> <span class='ocrx_word' id='word_1_172' title='bbox 513 2251 971 2323; x_wconf 78' lang='grc' dir='ltr'>κατηγορουμένῳ</span> <span class='ocrx_word' id='word_1_173' title='bbox 1017 2248 1226 2320; x_wconf 79' lang='grc' dir='ltr'>βασιλεῖ</span> <span class='ocrx_word' id='word_1_174' title='bbox 1276 2246 1594 2312; x_wconf 80' lang='grc' dir='ltr'>Βαϐυλῶνος</span> <span class='ocrx_word' id='word_1_175' title='bbox 1634 2247 1956 2317; x_wconf 73' lang='grc' dir='ltr'>πράξαντες.</span> 
     </span>
    </p>
   </div>
   <div class='ocr_carea' id='block_1_25' title="bbox 383 2339 1958 2414">
    <p class='ocr_par' dir='ltr' id='par_1_25' title="bbox 383 2339 1958 2414">
     <span class='ocr_line' id='line_1_25' title="bbox 383 2339 1958 2414; baseline -0.002 -16"><span class='ocrx_word' id='word_1_176' title='bbox 383 2345 449 2399; x_wconf 81' lang='grc' dir='ltr'><strong>Οἱ</strong></span> <span class='ocrx_word' id='word_1_177' title='bbox 475 2345 570 2399; x_wconf 77' lang='grc' dir='ltr'>καὶ</span> <span class='ocrx_word' id='word_1_178' title='bbox 594 2343 807 2414; x_wconf 84' lang='grc' dir='ltr'>γυμνὴν</span> <span class='ocrx_word' id='word_1_179' title='bbox 842 2342 936 2398; x_wconf 78' lang='grc' dir='ltr'>καὶ</span> <span class='ocrx_word' id='word_1_180' title='bbox 964 2341 1166 2413; x_wconf 73' lang='grc' dir='ltr'>ἔρημον</span> <span class='ocrx_word' id='word_1_181' title='bbox 1192 2341 1287 2395; x_wconf 79' lang='grc' dir='ltr'><strong>τοῦ</strong></span> <span class='ocrx_word' id='word_1_182' title='bbox 1315 2341 1569 2413; x_wconf 84' lang='grc' dir='ltr'>σώματος</span> <span class='ocrx_word' id='word_1_183' title='bbox 1584 2340 1681 2414; x_wconf 80' lang='grc' dir='ltr'>τὴν</span> <span class='ocrx_word' id='word_1_184' title='bbox 1705 2339 1798 2395; x_wconf 81' lang='grc' dir='ltr'>τοῦ</span> <span class='ocrx_word' id='word_1_185' title='bbox 1830 2358 1958 2395; x_wconf 86' lang='grc' dir='ltr'>ποτε</span> 
     </span>
    </p>
   </div>
   <div class='ocr_carea' id='block_1_26' title="bbox 387 2430 1961 2505">
    <p class='ocr_par' dir='ltr' id='par_1_26' title="bbox 387 2430 1961 2505">
     <span class='ocr_line' id='line_1_26' title="bbox 387 2430 1961 2505; baseline 0 -18"><span class='ocrx_word' id='word_1_186' title='bbox 387 2430 801 2504; x_wconf 80' lang='grc' dir='ltr'>βασιλεύσαντος</span> <span class='ocrx_word' id='word_1_187' title='bbox 850 2431 1166 2496; x_wconf 80' lang='grc' dir='ltr'>Βαὸυλῶνος</span> <span class='ocrx_word' id='word_1_188' title='bbox 1213 2432 1388 2503; x_wconf 81' lang='grc' dir='ltr'>ψυχὴν</span> <span class='ocrx_word' id='word_1_189' title='bbox 1409 2432 1643 2505; x_wconf 85' lang='grc' dir='ltr'>ὁρῶντες</span> <span class='ocrx_word' id='word_1_190' title='bbox 1703 2435 1961 2504; x_wconf 84' lang='grc' dir='ltr'>φήσουσιν</span> 
     </span>
    </p>
   </div>
   <div class='ocr_carea' id='block_1_27' title="bbox 384 2523 1961 2607">
    <p class='ocr_par' dir='ltr' id='par_1_27' title="bbox 384 2523 1961 2607">
     <span class='ocr_line' id='line_1_27' title="bbox 384 2523 1961 2607; baseline 0.001 -27"><span class='ocrx_word' id='word_1_191' title='bbox 384 2527 525 2597; x_wconf 79' lang='grc' dir='ltr'>αὐτῇ</span> <span class='ocrx_word' id='word_1_192' title='bbox 547 2542 561 2556; x_wconf 81' lang='lat'><strong><em>°</em></strong></span> <span class='ocrx_word' id='word_1_193' title='bbox 597 2524 708 2579; x_wconf 79' lang='lat' dir='ltr'><strong>Kal.</strong></span> <span class='ocrx_word' id='word_1_194' title='bbox 741 2523 834 2607; x_wconf 78' lang='grc' dir='ltr'><strong>σοῦ</strong></span> <span class='ocrx_word' id='word_1_195' title='bbox 857 2524 1121 2596; x_wconf 86' lang='grc' dir='ltr'>κρείττων</span> <span class='ocrx_word' id='word_1_196' title='bbox 1163 2525 1353 2594; x_wconf 83' lang='grc' dir='ltr'>γέγονε</span> <span class='ocrx_word' id='word_1_197' title='bbox 1384 2524 1633 2589; x_wconf 86' lang='grc' dir='ltr'>θάνατος,</span> <span class='ocrx_word' id='word_1_198' title='bbox 1664 2526 1739 2590; x_wconf 86' lang='grc' dir='ltr'>ὡς</span> <span class='ocrx_word' id='word_1_199' title='bbox 1772 2526 1866 2581; x_wconf 73' lang='grc' dir='ltr'>καὶ</span> <span class='ocrx_word' id='word_1_200' title='bbox 1901 2527 1961 2583; x_wconf 85' lang='grc' dir='ltr'>σὲ</span> 
     </span>
    </p>
   </div>
   <div class='ocr_carea' id='block_1_28' title="bbox 382 2613 1962 2691">
    <p class='ocr_par' dir='ltr' id='par_1_28' title="bbox 382 2613 1962 2691">
     <span class='ocr_line' id='line_1_28' title="bbox 382 2613 1962 2691; baseline -0.001 -17"><span class='ocrx_word' id='word_1_201' title='bbox 382 2621 569 2691; x_wconf 77' lang='grc' dir='ltr'>ὅμοιον</span> <span class='ocrx_word' id='word_1_202' title='bbox 595 2620 727 2690; x_wconf 78' lang='grc' dir='ltr'>ἡμῖν</span> <span class='ocrx_word' id='word_1_203' title='bbox 754 2617 1084 2687; x_wconf 73' lang='grc' dir='ltr'>ἀπελέγξαις</span> <span class='ocrx_word' id='word_1_204' title='bbox 1135 2617 1303 2673; x_wconf 83' lang='grc' dir='ltr'>Οὐδὲν</span> <span class='ocrx_word' id='word_1_205' title='bbox 1350 2618 1459 2689; x_wconf 77' lang='grc' dir='ltr'>ἄρα</span> <span class='ocrx_word' id='word_1_206' title='bbox 1493 2613 1561 2690; x_wconf 81' lang='grc' dir='ltr'>ἦν</span> <span class='ocrx_word' id='word_1_207' title='bbox 1599 2618 1628 2671; x_wconf 89' lang='grc' dir='ltr'><strong>ό</strong></span> <span class='ocrx_word' id='word_1_208' title='bbox 1673 2618 1814 2691; x_wconf 82' lang='grc' dir='ltr'>ὑπὲρ</span> <span class='ocrx_word' id='word_1_209' title='bbox 1858 2619 1962 2690; x_wconf 79' lang='grc' dir='ltr'>γῆν</span> 
     </span>
    </p>
   </div>
   <div class='ocr_carea' id='block_1_29' title="bbox 385 2709 1964 2783">
    <p class='ocr_par' dir='ltr' id='par_1_29' title="bbox 385 2709 1964 2783">
     <span class='ocr_line' id='line_1_29' title="bbox 385 2709 1964 2783; baseline 0.001 -20"><span class='ocrx_word' id='word_1_210' title='bbox 385 2710 521 2782; x_wconf 83' lang='grc' dir='ltr'>βίος,</span> <span class='ocrx_word' id='word_1_211' title='bbox 552 2711 648 2765; x_wconf 78' lang='grc' dir='ltr'>καὶ</span> <span class='ocrx_word' id='word_1_212' title='bbox 673 2712 702 2764; x_wconf 91' lang='grc' dir='ltr'><strong>ό</strong></span> <span class='ocrx_word' id='word_1_213' title='bbox 737 2709 965 2773; x_wconf 77' lang='grc' dir='ltr'>πλοῦτος</span> <span class='ocrx_word' id='word_1_214' title='bbox 998 2710 1093 2763; x_wconf 73' lang='grc' dir='ltr'>καὶ</span> <span class='ocrx_word' id='word_1_215' title='bbox 1134 2711 1167 2781; x_wconf 78' lang='grc' dir='ltr'>ἡ</span> <span class='ocrx_word' id='word_1_216' title='bbox 1200 2709 1347 2777; x_wconf 75' lang='grc' dir='ltr'>δόξα,</span> <span class='ocrx_word' id='word_1_217' title='bbox 1382 2711 1476 2764; x_wconf 73' lang='grc' dir='ltr'>καὶ</span> <span class='ocrx_word' id='word_1_218' title='bbox 1517 2714 1550 2783; x_wconf 75' lang='grc' dir='ltr'>ἡ</span> <span class='ocrx_word' id='word_1_219' title='bbox 1592 2710 1830 2781; x_wconf 81' lang='grc' dir='ltr'>τοσαύτη</span> <span class='ocrx_word' id='word_1_220' title='bbox 1872 2710 1964 2765; x_wconf 88' lang='grc' dir='ltr'>δυ-</span> 
     </span>
    </p>
   </div>
   <div class='ocr_carea' id='block_1_30' title="bbox 383 2800 1963 2872">
    <p class='ocr_par' dir='ltr' id='par_1_30' title="bbox 383 2800 1963 2872">
     <span class='ocr_line' id='line_1_30' title="bbox 383 2800 1963 2872; baseline 0.001 -16"><span class='ocrx_word' id='word_1_221' title='bbox 383 2803 610 2856; x_wconf 87' lang='grc' dir='ltr'>ναστεία</span> <span class='ocrx_word' id='word_1_222' title='bbox 629 2818 643 2832; x_wconf 84' lang='grc'><em>’</em></span> <span class='ocrx_word' id='word_1_223' title='bbox 687 2800 822 2856; x_wconf 88' lang='grc' dir='ltr'><strong>ἀλλά</strong></span> <span class='ocrx_word' id='word_1_224' title='bbox 863 2800 971 2855; x_wconf 86' lang='grc' dir='ltr'><strong>τῶν</strong></span> <span class='ocrx_word' id='word_1_225' title='bbox 1011 2801 1229 2856; x_wconf 84' lang='grc' dir='ltr'>πάντων</span> <span class='ocrx_word' id='word_1_226' title='bbox 1272 2801 1495 2856; x_wconf 75' lang='grc' dir='ltr'>ἐκείνων</span> <span class='ocrx_word' id='word_1_227' title='bbox 1540 2801 1712 2872; x_wconf 83' lang='grc' dir='ltr'>πέρας</span> <span class='ocrx_word' id='word_1_228' title='bbox 1748 2802 1820 2872; x_wconf 81' lang='grc' dir='ltr'>γῆ</span> <span class='ocrx_word' id='word_1_229' title='bbox 1868 2802 1963 2859; x_wconf 78' lang='grc' dir='ltr'>καὶ</span> 
     </span>
    </p>
   </div>
   <div class='ocr_carea' id='block_1_31' title="bbox 387 2890 1959 2965">
    <p class='ocr_par' dir='ltr' id='par_1_31' title="bbox 387 2890 1959 2965">
     <span class='ocr_line' id='line_1_31' title="bbox 387 2890 1959 2965; baseline -0.002 -14"><span class='ocrx_word' id='word_1_230' title='bbox 387 2895 580 2957; x_wconf 83' lang='grc' dir='ltr'>σποδὸς</span> <span class='ocrx_word' id='word_1_231' title='bbox 631 2895 947 2961; x_wconf 76' lang='grc' dir='ltr'>διαδέξεται,</span> <span class='ocrx_word' id='word_1_232' title='bbox 993 2890 1210 2965; x_wconf 77' lang='grc' dir='ltr'>σκώληξ</span> <span class='ocrx_word' id='word_1_233' title='bbox 1252 2909 1311 2947; x_wconf 89' lang='grc' dir='ltr'><strong>τε</strong></span> <span class='ocrx_word' id='word_1_234' title='bbox 1366 2892 1462 2946; x_wconf 79' lang='grc' dir='ltr'>καὶ</span> <span class='ocrx_word' id='word_1_235' title='bbox 1512 2892 1731 2965; x_wconf 90' lang='grc' dir='ltr'>σαρκῶν</span> <span class='ocrx_word' id='word_1_236' title='bbox 1777 2892 1959 2965; x_wconf 71' lang='grc' dir='ltr'>σῆψις.</span> 
     </span>
    </p>
   </div>
   <div class='ocr_carea' id='block_1_32' title="bbox 396 2983 1962 3061">
    <p class='ocr_par' dir='ltr' id='par_1_32' title="bbox 396 2983 1962 3061">
     <span class='ocr_line' id='line_1_32' title="bbox 396 2983 1962 3061; baseline -0.003 -17"><span class='ocrx_word' id='word_1_237' title='bbox 396 2985 588 3061; x_wconf 77' lang='grc' dir='ltr'>Ἡμεῖς</span> <span class='ocrx_word' id='word_1_238' title='bbox 619 2988 675 3042; x_wconf 85' lang='grc' dir='ltr'><strong>δέ</strong></span> <span class='ocrx_word' id='word_1_239' title='bbox 714 3004 773 3040; x_wconf 91' lang='grc' dir='ltr'><strong>σε</strong></span> <span class='ocrx_word' id='word_1_240' title='bbox 805 2986 866 3041; x_wconf 85' lang='grc' dir='ltr'>οὐ</span> <span class='ocrx_word' id='word_1_241' title='bbox 893 2985 1087 3058; x_wconf 81' lang='grc' dir='ltr'>θνητὸν</span> <span class='ocrx_word' id='word_1_242' title='bbox 1122 2984 1441 3057; x_wconf 70' lang='grc' dir='ltr'>ἐνομίζομεν</span> <span class='ocrx_word' id='word_1_243' title='bbox 1460 3001 1474 3015; x_wconf 78' lang='grc' dir='ltr'><strong>ο</strong></span> <span class='ocrx_word' id='word_1_244' title='bbox 1528 2983 1879 3057; x_wconf 84' lang='grc' dir='ltr'>ἀπατώμενοι</span> <span class='ocrx_word' id='word_1_245' title='bbox 1905 2984 1962 3040; x_wconf 77' lang='grc' dir='ltr'>δὲ</span> 
     </span>
    </p>
   </div>
   <div class='ocr_carea' id='block_1_33' title="bbox 384 3077 1961 3153">
    <p class='ocr_par' dir='ltr' id='par_1_33' title="bbox 384 3077 1961 3153">
     <span class='ocr_line' id='line_1_33' title="bbox 384 3077 1961 3153; baseline -0.012 -14"><span class='ocrx_word' id='word_1_246' title='bbox 384 3083 454 3153; x_wconf 75' lang='grc' dir='ltr'>τῇ</span> <span class='ocrx_word' id='word_1_247' title='bbox 485 3081 617 3153; x_wconf 75' lang='grc' dir='ltr'>περὶ</span> <span class='ocrx_word' id='word_1_248' title='bbox 645 3081 705 3135; x_wconf 88' lang='grc' dir='ltr'><strong>σέ</strong></span> <span class='ocrx_word' id='word_1_249' title='bbox 727 3080 874 3152; x_wconf 79' lang='grc' dir='ltr'>δόξῃ,</span> <span class='ocrx_word' id='word_1_250' title='bbox 902 3077 979 3150; x_wconf 83' lang='grc' dir='ltr'>τῷ</span> <span class='ocrx_word' id='word_1_251' title='bbox 1008 3080 1129 3134; x_wconf 75' lang='grc' dir='ltr'>κατ’</span> <span class='ocrx_word' id='word_1_252' title='bbox 1156 3079 1384 3152; x_wconf 82' lang='grc' dir='ltr'>οὐρανὸν</span> <span class='ocrx_word' id='word_1_253' title='bbox 1428 3078 1796 3153; x_wconf 74' lang='grc' dir='ltr'>λαμπροτάτῳ</span> <span class='ocrx_word' id='word_1_254' title='bbox 1846 3098 1961 3150; x_wconf 79' lang='grc' dir='ltr'>φω-</span> 
     </span>
    </p>
   </div>
   <div class='ocr_carea' id='block_1_34' title="bbox 392 3171 1961 3246">
    <p class='ocr_par' dir='ltr' id='par_1_34' title="bbox 392 3171 1961 3246">
     <span class='ocr_line' id='line_1_34' title="bbox 392 3171 1961 3246; baseline -0.002 -19"><span class='ocrx_word' id='word_1_255' title='bbox 392 3174 574 3244; x_wconf 79' lang='grc' dir='ltr'>στῆρι,</span> <span class='ocrx_word' id='word_1_256' title='bbox 601 3172 679 3243; x_wconf 83' lang='grc' dir='ltr'>τῷ</span> <span class='ocrx_word' id='word_1_257' title='bbox 705 3172 794 3226; x_wconf 77' lang='grc' dir='ltr'><strong>τὸν</strong></span> <span class='ocrx_word' id='word_1_258' title='bbox 821 3172 969 3244; x_wconf 75' lang='grc' dir='ltr'>ἥλιον</span> <span class='ocrx_word' id='word_1_259' title='bbox 987 3171 1450 3246; x_wconf 79' lang='grc' dir='ltr'>προσκαλουμένῳ</span> <span class='ocrx_word' id='word_1_260' title='bbox 1484 3171 1777 3244; x_wconf 84' lang='grc' dir='ltr'>Ἑωσφόρῳ</span> <span class='ocrx_word' id='word_1_261' title='bbox 1803 3172 1961 3225; x_wconf 86' lang='grc' dir='ltr'>ἀπει-</span> 
     </span>
    </p>
   </div>
   <div class='ocr_carea' id='block_1_35' title="bbox 2048 567 3627 640">
    <p class='ocr_par' dir='ltr' id='par_1_35' title="bbox 2048 567 3627 640">
     <span class='ocr_line' id='line_1_35' title="bbox 2048 567 3627 640; baseline -0.013 0"><span class='ocrx_word' id='word_1_262' title='bbox 2048 586 2233 640; x_wconf 60' lang='lat' dir='ltr'><strong>latitia</strong></span> <span class='ocrx_word' id='word_1_263' title='bbox 2268 593 2379 639; x_wconf 88' lang='lat' dir='ltr'><strong>tua.</strong></span> <span class='ocrx_word' id='word_1_264' title='bbox 2408 582 2609 638; x_wconf 87' lang='lat' dir='ltr'><strong>Subter</strong></span> <span class='ocrx_word' id='word_1_265' title='bbox 2647 588 2698 634; x_wconf 91' lang='lat' dir='ltr'><strong>te</strong></span> <span class='ocrx_word' id='word_1_266' title='bbox 2727 583 2971 633; x_wconf 86' lang='lat' dir='ltr'><strong>sternent</strong></span> <span class='ocrx_word' id='word_1_267' title='bbox 2995 572 3218 634; x_wconf 88' lang='lat' dir='ltr'><strong>tineam,</strong></span> <span class='ocrx_word' id='word_1_268' title='bbox 3241 578 3298 627; x_wconf 91' lang='lat' dir='ltr'><strong>et</strong></span> <span class='ocrx_word' id='word_1_269' title='bbox 3321 567 3627 639; x_wconf 83' lang='lat' dir='ltr'><strong>operimen-</strong></span> 
     </span>
    </p>
   </div>
   <div class='ocr_carea' id='block_1_36' title="bbox 2052 654 3625 737">
    <p class='ocr_par' dir='ltr' id='par_1_36' title="bbox 2052 654 3625 737">
     <span class='ocr_line' id='line_1_36' title="bbox 2052 654 3625 737; baseline -0.013 -6"><span class='ocrx_word' id='word_1_270' title='bbox 2052 686 2164 731; x_wconf 90' lang='lat' dir='ltr'><strong>tum</strong></span> <span class='ocrx_word' id='word_1_271' title='bbox 2201 685 2350 730; x_wconf 92' lang='lat' dir='ltr'><strong>tuum</strong></span> <span class='ocrx_word' id='word_1_272' title='bbox 2382 671 2607 728; x_wconf 81' lang='lat' dir='ltr'><strong>vermis.</strong></span> <span class='ocrx_word' id='word_1_273' title='bbox 2639 665 2920 737; x_wconf 82' lang='lat' dir='ltr'><strong>Quomodo</strong></span> <span class='ocrx_word' id='word_1_274' title='bbox 2948 662 3146 721; x_wconf 89' lang='lat' dir='ltr'><strong>cecidit</strong></span> <span class='ocrx_word' id='word_1_275' title='bbox 3196 661 3261 716; x_wconf 87' lang='lat' dir='ltr'><strong>de</strong></span> <span class='ocrx_word' id='word_1_276' title='bbox 3289 658 3428 715; x_wconf 67' lang='lat' dir='ltr'><strong>caelo</strong></span> <span class='ocrx_word' id='word_1_277' title='bbox 3457 654 3625 712; x_wconf 82' lang='lat' dir='ltr'><strong>Luci-</strong></span> 
     </span>
    </p>
   </div>
   <div class='ocr_carea' id='block_1_37' title="bbox 2049 753 3624 838">
    <p class='ocr_par' dir='ltr' id='par_1_37' title="bbox 2049 753 3624 838">
     <span class='ocr_line' id='line_1_37' title="bbox 2049 753 3624 838; baseline -0.016 -12"><span class='ocrx_word' id='word_1_278' title='bbox 2049 769 2152 838; x_wconf 90' lang='lat' dir='ltr'><strong>fer,</strong></span> <span class='ocrx_word' id='word_1_279' title='bbox 2185 768 2275 838; x_wconf 89' lang='lat' dir='ltr'><strong>qni</strong></span> <span class='ocrx_word' id='word_1_280' title='bbox 2309 780 2467 821; x_wconf 88' lang='lat' dir='ltr'><strong>mane</strong></span> <span class='ocrx_word' id='word_1_281' title='bbox 2501 760 2826 820; x_wconf 80' lang='lat' dir='ltr'><strong>oriebatur?</strong></span> <span class='ocrx_word' id='word_1_282' title='bbox 2857 757 3128 815; x_wconf 89' lang='lat' dir='ltr'><strong>contritus</strong></span> <span class='ocrx_word' id='word_1_283' title='bbox 3175 765 3259 809; x_wconf 88' lang='lat' dir='ltr'><strong>est</strong></span> <span class='ocrx_word' id='word_1_284' title='bbox 3307 753 3373 806; x_wconf 89' lang='lat' dir='ltr'><strong>ad</strong></span> <span class='ocrx_word' id='word_1_285' title='bbox 3418 760 3624 805; x_wconf 88' lang='lat' dir='ltr'><strong>terram</strong></span> 
     </span>
    </p>
   </div>
   <div class='ocr_carea' id='block_1_38' title="bbox 2049 844 3620 933">
    <p class='ocr_par' dir='ltr' id='par_1_38' title="bbox 2049 844 3620 933">
     <span class='ocr_line' id='line_1_38' title="bbox 2049 844 3620 933; baseline -0.011 -22"><span class='ocrx_word' id='word_1_286' title='bbox 2049 862 2141 933; x_wconf 83' lang='lat' dir='ltr'><strong>qui</strong></span> <span class='ocrx_word' id='word_1_287' title='bbox 2174 860 2423 914; x_wconf 91' lang='lat' dir='ltr'><strong>mittebat</strong></span> <span class='ocrx_word' id='word_1_288' title='bbox 2447 857 2513 911; x_wconf 91' lang='lat' dir='ltr'><strong>ad</strong></span> <span class='ocrx_word' id='word_1_289' title='bbox 2542 868 2732 912; x_wconf 89' lang='lat' dir='ltr'><strong>omnes</strong></span> <span class='ocrx_word' id='word_1_290' title='bbox 2761 849 2988 922; x_wconf 75' lang='lat' dir='ltr'><strong>gentes?</strong></span> <span class='ocrx_word' id='word_1_291' title='bbox 3030 868 3049 900; x_wconf 73' lang='grc' dir='ltr'><strong>ι</strong></span> <span class='ocrx_word' id='word_1_292' title='bbox 3087 844 3186 916; x_wconf 86' lang='lat' dir='ltr'><strong>Qui</strong></span> <span class='ocrx_word' id='word_1_293' title='bbox 3219 846 3274 900; x_wconf 91' lang='lat' dir='ltr'><strong>in</strong></span> <span class='ocrx_word' id='word_1_294' title='bbox 3302 854 3443 899; x_wconf 90' lang='lat' dir='ltr'><strong>terra</strong></span> <span class='ocrx_word' id='word_1_295' title='bbox 3474 850 3620 907; x_wconf 91' lang='lat' dir='ltr'><strong>sunt,</strong></span> 
     </span>
    </p>
   </div>
   <div class='ocr_carea' id='block_1_39' title="bbox 2048 929 3621 1022">
    <p class='ocr_par' dir='ltr' id='par_1_39' title="bbox 2048 929 3621 1022">
     <span class='ocr_line' id='line_1_39' title="bbox 2048 929 3621 1022; baseline -0.015 -15"><span class='ocrx_word' id='word_1_296' title='bbox 2048 929 2247 1022; x_wconf 78' lang='lat' dir='ltr'><strong>inquit,</strong></span> <span class='ocrx_word' id='word_1_297' title='bbox 2285 966 2371 1016; x_wconf 88' lang='lat' dir='ltr'><strong>ea,</strong></span> <span class='ocrx_word' id='word_1_298' title='bbox 2401 963 2520 1018; x_wconf 61' lang='lat' dir='ltr'><strong>qua</strong></span> <span class='ocrx_word' id='word_1_299' title='bbox 2547 944 2797 1017; x_wconf 84' lang='lat' dir='ltr'><strong>superius</strong></span> <span class='ocrx_word' id='word_1_300' title='bbox 2826 942 2966 997; x_wconf 87' lang='lat' dir='ltr'><strong>dicta</strong></span> <span class='ocrx_word' id='word_1_301' title='bbox 2994 947 3159 1002; x_wconf 87' lang='lat' dir='ltr'><strong>sunt,</strong></span> <span class='ocrx_word' id='word_1_302' title='bbox 3188 935 3499 1007; x_wconf 80' lang='lat' dir='ltr'><strong>proferent;</strong></span> <span class='ocrx_word' id='word_1_303' title='bbox 3528 929 3621 1002; x_wconf 89' lang='lat' dir='ltr'><strong>qui</strong></span> 
     </span>
    </p>
   </div>
   <div class='ocr_carea' id='block_1_40' title="bbox 2052 1018 3623 1099">
    <p class='ocr_par' dir='ltr' id='par_1_40' title="bbox 2052 1018 3623 1099">
     <span class='ocr_line' id='line_1_40' title="bbox 2052 1018 3623 1099; baseline -0.015 -1"><span class='ocrx_word' id='word_1_304' title='bbox 2052 1055 2229 1099; x_wconf 90' lang='lat' dir='ltr'><strong>autem</strong></span> <span class='ocrx_word' id='word_1_305' title='bbox 2258 1042 2494 1097; x_wconf 91' lang='lat' dir='ltr'><strong>humana</strong></span> <span class='ocrx_word' id='word_1_306' title='bbox 2524 1039 2631 1092; x_wconf 86' lang='lat' dir='ltr'><strong>vita</strong></span> <span class='ocrx_word' id='word_1_307' title='bbox 2660 1035 2856 1099; x_wconf 85' lang='lat' dir='ltr'><strong>functi,</strong></span> <span class='ocrx_word' id='word_1_308' title='bbox 2892 1042 2947 1087; x_wconf 92' lang='lat' dir='ltr'><strong>et</strong></span> <span class='ocrx_word' id='word_1_309' title='bbox 2979 1033 3032 1084; x_wconf 91' lang='lat' dir='ltr'><strong>in</strong></span> <span class='ocrx_word' id='word_1_310' title='bbox 3066 1030 3199 1085; x_wconf 84' lang='lat' dir='ltr'><strong>locis</strong></span> <span class='ocrx_word' id='word_1_311' title='bbox 3236 1024 3434 1081; x_wconf 91' lang='lat' dir='ltr'><strong>inferni</strong></span> <span class='ocrx_word' id='word_1_312' title='bbox 3469 1018 3623 1092; x_wconf 85' lang='lat' dir='ltr'><strong>quasi</strong></span> 
     </span>
    </p>
   </div>
   <div class='ocr_carea' id='block_1_41' title="bbox 2053 1113 3629 1195">
    <p class='ocr_par' dir='ltr' id='par_1_41' title="bbox 2053 1113 3629 1195">
     <span class='ocr_line' id='line_1_41' title="bbox 2053 1113 3629 1195; baseline -0.015 -6"><span class='ocrx_word' id='word_1_313' title='bbox 2053 1135 2105 1189; x_wconf 90' lang='lat' dir='ltr'><strong>in</strong></span> <span class='ocrx_word' id='word_1_314' title='bbox 2135 1131 2361 1187; x_wconf 81' lang='lat' dir='ltr'><strong>vinculis</strong></span> <span class='ocrx_word' id='word_1_315' title='bbox 2391 1130 2725 1192; x_wconf 80' lang='lat' dir='ltr'><strong>detinentur,</strong></span> <span class='ocrx_word' id='word_1_316' title='bbox 2759 1122 2860 1195; x_wconf 89' lang='lat' dir='ltr'><strong>ipsi</strong></span> <span class='ocrx_word' id='word_1_317' title='bbox 2912 1135 3125 1192; x_wconf 86' lang='lat' dir='ltr'><strong>quoque</strong></span> <span class='ocrx_word' id='word_1_318' title='bbox 3157 1132 3319 1190; x_wconf 86' lang='lat' dir='ltr'><strong>super</strong></span> <span class='ocrx_word' id='word_1_319' title='bbox 3346 1114 3460 1185; x_wconf 85' lang='lat' dir='ltr'><strong>ejus</strong></span> <span class='ocrx_word' id='word_1_320' title='bbox 3511 1113 3629 1170; x_wconf 83' lang='lat' dir='ltr'><strong>exi-</strong></span> 
     </span>
    </p>
   </div>
   <div class='ocr_carea' id='block_1_42' title="bbox 2056 1203 3631 1293">
    <p class='ocr_par' dir='ltr' id='par_1_42' title="bbox 2056 1203 3631 1293">
     <span class='ocr_line' id='line_1_42' title="bbox 2056 1203 3631 1293; baseline -0.015 -13"><span class='ocrx_word' id='word_1_321' title='bbox 2056 1226 2129 1280; x_wconf 92' lang='lat' dir='ltr'><strong>tio</strong></span> <span class='ocrx_word' id='word_1_322' title='bbox 2162 1239 2225 1278; x_wconf 90' lang='lat' dir='ltr'><strong>ea</strong></span> <span class='ocrx_word' id='word_1_323' title='bbox 2254 1236 2373 1293; x_wconf 68' lang='lat' dir='ltr'><strong>qua:</strong></span> <span class='ocrx_word' id='word_1_324' title='bbox 2399 1217 2747 1289; x_wconf 83' lang='lat' dir='ltr'><strong>superaddita</strong></span> <span class='ocrx_word' id='word_1_325' title='bbox 2776 1223 2905 1268; x_wconf 90' lang='lat' dir='ltr'><strong>sunt</strong></span> <span class='ocrx_word' id='word_1_326' title='bbox 2943 1208 3388 1283; x_wconf 90' lang='lat' dir='ltr'><strong>pronuntiabunt.</strong></span> <span class='ocrx_word' id='word_1_327' title='bbox 3426 1203 3631 1287; x_wconf 72' lang='lat' dir='ltr'><strong>Qumes</strong></span> 
     </span>
    </p>
   </div>
   <div class='ocr_carea' id='block_1_43' title="bbox 2055 1297 3624 1387">
    <p class='ocr_par' dir='ltr' id='par_1_43' title="bbox 2055 1297 3624 1387">
     <span class='ocr_line' id='line_1_43' title="bbox 2055 1297 3624 1387; baseline -0.015 -17"><span class='ocrx_word' id='word_1_328' title='bbox 2055 1332 2216 1387; x_wconf 87' lang='lat' dir='ltr'><strong>porro</strong></span> <span class='ocrx_word' id='word_1_329' title='bbox 2249 1313 2358 1368; x_wconf 87' lang='lat' dir='ltr'><strong>illic</strong></span> <span class='ocrx_word' id='word_1_330' title='bbox 2395 1318 2676 1366; x_wconf 79' lang='lat' dir='ltr'><strong>versantes</strong></span> <span class='ocrx_word' id='word_1_331' title='bbox 2708 1313 3041 1375; x_wconf 73' lang='lat' dir='ltr'><strong>prtevertens</strong></span> <span class='ocrx_word' id='word_1_332' title='bbox 3078 1297 3358 1361; x_wconf 86' lang='lat' dir='ltr'><strong>infernus,</strong></span> <span class='ocrx_word' id='word_1_333' title='bbox 3412 1307 3624 1349; x_wconf 89' lang='lat' dir='ltr'><strong>necnon</strong></span> 
     </span>
    </p>
   </div>
   <div class='ocr_carea' id='block_1_44' title="bbox 2054 1388 3628 1470">
    <p class='ocr_par' dir='ltr' id='par_1_44' title="bbox 2054 1388 3628 1470">
     <span class='ocr_line' id='line_1_44' title="bbox 2054 1388 3628 1470; baseline -0.013 -13"><span class='ocrx_word' id='word_1_334' title='bbox 2054 1406 2229 1460; x_wconf 86' lang='lat' dir='ltr'><strong>virtus</strong></span> <span class='ocrx_word' id='word_1_335' title='bbox 2277 1404 2363 1459; x_wconf 84' lang='lat' dir='ltr'><strong>illa</strong></span> <span class='ocrx_word' id='word_1_336' title='bbox 2410 1414 2532 1470; x_wconf 58' lang='lat' dir='ltr'><strong>quaI</strong></span> <span class='ocrx_word' id='word_1_337' title='bbox 2570 1405 2903 1451; x_wconf 88' lang='lat' dir='ltr'><strong>mortuorutu</strong></span> <span class='ocrx_word' id='word_1_338' title='bbox 2951 1388 3236 1443; x_wconf 88' lang='lat' dir='ltr'><strong>animabus</strong></span> <span class='ocrx_word' id='word_1_339' title='bbox 3264 1393 3491 1457; x_wconf 60' lang='lat' dir='ltr'><strong>praeest;</strong></span> <span class='ocrx_word' id='word_1_340' title='bbox 3528 1398 3628 1440; x_wconf 89' lang='lat' dir='ltr'><strong>ceu</strong></span> 
     </span>
    </p>
   </div>
   <div class='ocr_carea' id='block_1_45' title="bbox 2054 1477 3634 1569">
    <p class='ocr_par' dir='ltr' id='par_1_45' title="bbox 2054 1477 3634 1569">
     <span class='ocr_line' id='line_1_45' title="bbox 2054 1477 3634 1569; baseline -0.016 -18"><span class='ocrx_word' id='word_1_341' title='bbox 2054 1497 2302 1569; x_wconf 62' lang='lat' dir='ltr'><strong>quedam</strong></span> <span class='ocrx_word' id='word_1_342' title='bbox 2329 1487 2567 1548; x_wconf 88' lang='lat' dir='ltr'><strong>carceris</strong></span> <span class='ocrx_word' id='word_1_343' title='bbox 2599 1495 2786 1541; x_wconf 90' lang='lat' dir='ltr'><strong>custos</strong></span> <span class='ocrx_word' id='word_1_344' title='bbox 2815 1499 2881 1539; x_wconf 70' lang='lat' dir='ltr'><strong>ex</strong></span> <span class='ocrx_word' id='word_1_345' title='bbox 2923 1479 3047 1535; x_wconf 84' lang='lat' dir='ltr'><strong>imis</strong></span> <span class='ocrx_word' id='word_1_346' title='bbox 3084 1477 3492 1547; x_wconf 85' lang='lat' dir='ltr'><strong>tenebrosisque</strong></span> <span class='ocrx_word' id='word_1_347' title='bbox 3538 1488 3634 1545; x_wconf 90' lang='lat' dir='ltr'><strong>pe-</strong></span> 
     </span>
    </p>
   </div>
   <div class='ocr_carea' id='block_1_46' title="bbox 2058 1569 3631 1643">
    <p class='ocr_par' dir='ltr' id='par_1_46' title="bbox 2058 1569 3631 1643">
     <span class='ocr_line' id='line_1_46' title="bbox 2058 1569 3631 1643; baseline -0.012 -2"><span class='ocrx_word' id='word_1_348' title='bbox 2058 1584 2356 1643; x_wconf 86' lang='lat' dir='ltr'><strong>netralibus</strong></span> <span class='ocrx_word' id='word_1_349' title='bbox 2402 1595 2524 1637; x_wconf 89' lang='lat' dir='ltr'><strong>cum</strong></span> <span class='ocrx_word' id='word_1_350' title='bbox 2582 1575 2765 1630; x_wconf 88' lang='lat' dir='ltr'><strong>furore</strong></span> <span class='ocrx_word' id='word_1_351' title='bbox 2814 1585 2868 1626; x_wconf 89' lang='lat' dir='ltr'><strong>et</strong></span> <span class='ocrx_word' id='word_1_352' title='bbox 2896 1571 2991 1626; x_wconf 75' lang='lat' dir='ltr'><strong>ira</strong></span> <span class='ocrx_word' id='word_1_353' title='bbox 3038 1569 3283 1640; x_wconf 83' lang='lat' dir='ltr'><strong>insurget</strong></span> <span class='ocrx_word' id='word_1_354' title='bbox 3324 1576 3515 1623; x_wconf 87' lang='lat' dir='ltr'><strong>contra</strong></span> <span class='ocrx_word' id='word_1_355' title='bbox 3554 1575 3631 1622; x_wconf 89' lang='lat' dir='ltr'><strong>te.</strong></span> 
     </span>
    </p>
   </div>
   <div class='ocr_carea' id='block_1_47' title="bbox 2056 1660 3634 1746">
    <p class='ocr_par' dir='ltr' id='par_1_47' title="bbox 2056 1660 3634 1746">
     <span class='ocr_line' id='line_1_47' title="bbox 2056 1660 3634 1746; baseline -0.012 -10"><span class='ocrx_word' id='word_1_356' title='bbox 2056 1680 2169 1738; x_wconf 80' lang='lat' dir='ltr'><strong>Hoc</strong></span> <span class='ocrx_word' id='word_1_357' title='bbox 2203 1688 2382 1733; x_wconf 91' lang='lat' dir='ltr'><strong>autem</strong></span> <span class='ocrx_word' id='word_1_358' title='bbox 2419 1672 2663 1746; x_wconf 83' lang='lat' dir='ltr'><strong>principe</strong></span> <span class='ocrx_word' id='word_1_359' title='bbox 2691 1668 2814 1724; x_wconf 89' lang='lat' dir='ltr'><strong>istic</strong></span> <span class='ocrx_word' id='word_1_360' title='bbox 2841 1667 3162 1738; x_wconf 83' lang='lat' dir='ltr'><strong>imperante,</strong></span> <span class='ocrx_word' id='word_1_361' title='bbox 3197 1679 3263 1719; x_wconf 80' lang='lat' dir='ltr'><strong>ex</strong></span> <span class='ocrx_word' id='word_1_362' title='bbox 3305 1660 3504 1717; x_wconf 85' lang='lat' dir='ltr'><strong>throno</strong></span> <span class='ocrx_word' id='word_1_363' title='bbox 3532 1674 3634 1717; x_wconf 86' lang='lat' dir='ltr'><strong>suo</strong></span> 
     </span>
    </p>
   </div>
   <div class='ocr_carea' id='block_1_48' title="bbox 2055 1754 3632 1836">
    <p class='ocr_par' dir='ltr' id='par_1_48' title="bbox 2055 1754 3632 1836">
     <span class='ocr_line' id='line_1_48' title="bbox 2055 1754 3632 1836; baseline -0.013 -6"><span class='ocrx_word' id='word_1_364' title='bbox 2055 1772 2343 1832; x_wconf 80' lang='lat' dir='ltr'><strong>excitato,</strong></span> <span class='ocrx_word' id='word_1_365' title='bbox 2396 1765 2590 1836; x_wconf 87' lang='lat' dir='ltr'><strong>reliqui</strong></span> <span class='ocrx_word' id='word_1_366' title='bbox 2616 1778 2805 1818; x_wconf 90' lang='lat' dir='ltr'><strong>omnes</strong></span> <span class='ocrx_word' id='word_1_367' title='bbox 2842 1754 3119 1832; x_wconf 75' lang='lat' dir='ltr'><strong>gigantes,</strong></span> <span class='ocrx_word' id='word_1_368' title='bbox 3174 1759 3290 1813; x_wconf 91' lang='lat' dir='ltr'><strong>sive</strong></span> <span class='ocrx_word' id='word_1_369' title='bbox 3335 1755 3632 1813; x_wconf 81' lang='lat' dir='ltr'><strong>secundum</strong></span> 
     </span>
    </p>
   </div>
   <div class='ocr_carea' id='block_1_49' title="bbox 1990 1851 3631 1931">
    <p class='ocr_par' dir='ltr' id='par_1_49' title="bbox 1990 1851 3631 1931">
     <span class='ocr_line' id='line_1_49' title="bbox 1990 1851 3631 1931; baseline -0.013 -12"><span class='ocrx_word' id='word_1_370' title='bbox 1990 1871 2033 1931; x_wconf 75' lang='grc' dir='ltr'><strong>Β</strong></span> <span class='ocrx_word' id='word_1_371' title='bbox 2063 1862 2300 1931; x_wconf 90' lang='lat' dir='ltr'><strong>reliquos</strong></span> <span class='ocrx_word' id='word_1_372' title='bbox 2336 1859 2662 1927; x_wconf 88' lang='lat' dir='ltr'><strong>interpretes</strong></span> <span class='ocrx_word' id='word_1_373' title='bbox 2692 1872 2710 1904; x_wconf 83' lang='grc' dir='ltr'><strong>ι</strong></span> <span class='ocrx_word' id='word_1_374' title='bbox 2738 1851 3026 1923; x_wconf 75' lang='lat' dir='ltr'><strong>Rapltaim,</strong></span> <span class='ocrx_word' id='word_1_375' title='bbox 3060 1868 3079 1902; x_wconf 73' lang='grc' dir='ltr'><strong>ι</strong></span> <span class='ocrx_word' id='word_1_376' title='bbox 3113 1864 3218 1904; x_wconf 89' lang='lat' dir='ltr'><strong>una</strong></span> <span class='ocrx_word' id='word_1_377' title='bbox 3252 1853 3631 1902; x_wconf 85' lang='lat' dir='ltr'><strong>surrexerunt.</strong></span> 
     </span>
    </p>
   </div>
   <div class='ocr_carea' id='block_1_50' title="bbox 2060 1939 3637 2023">
    <p class='ocr_par' dir='ltr' id='par_1_50' title="bbox 2060 1939 3637 2023">
     <span class='ocr_line' id='line_1_50' title="bbox 2060 1939 3637 2023; baseline -0.011 -14"><span class='ocrx_word' id='word_1_378' title='bbox 2060 1955 2291 2023; x_wconf 83' lang='lat' dir='ltr'><strong>Quinam</strong></span> <span class='ocrx_word' id='word_1_379' title='bbox 2331 1965 2461 2006; x_wconf 92' lang='lat' dir='ltr'><strong>vero</strong></span> <span class='ocrx_word' id='word_1_380' title='bbox 2492 1949 2548 2004; x_wconf 88' lang='lat' dir='ltr'><strong>bi</strong></span> <span class='ocrx_word' id='word_1_381' title='bbox 2600 1955 2782 2005; x_wconf 89' lang='lat' dir='ltr'><strong>essent</strong></span> <span class='ocrx_word' id='word_1_382' title='bbox 2826 1944 3060 2016; x_wconf 79' lang='lat' dir='ltr'><strong>explicat</strong></span> <span class='ocrx_word' id='word_1_383' title='bbox 3103 1944 3292 1998; x_wconf 88' lang='lat' dir='ltr'><strong>dicens</strong></span> <span class='ocrx_word' id='word_1_384' title='bbox 3316 1980 3331 2004; x_wconf 85' lang='lat'><strong>,</strong></span> <span class='ocrx_word' id='word_1_385' title='bbox 3362 1939 3637 2012; x_wconf 84' lang='lat' dir='ltr'><strong>principes</strong></span> 
     </span>
    </p>
   </div>
   <div class='ocr_carea' id='block_1_51' title="bbox 2060 2034 3637 2115">
    <p class='ocr_par' dir='ltr' id='par_1_51' title="bbox 2060 2034 3637 2115">
     <span class='ocr_line' id='line_1_51' title="bbox 2060 2034 3637 2115; baseline -0.011 -14"><span class='ocrx_word' id='word_1_386' title='bbox 2060 2056 2242 2109; x_wconf 65' lang='lat' dir='ltr'><strong>terrae,</strong></span> <span class='ocrx_word' id='word_1_387' title='bbox 2275 2042 2366 2115; x_wconf 91' lang='lat' dir='ltr'><strong>qui</strong></span> <span class='ocrx_word' id='word_1_388' title='bbox 2396 2058 2460 2096; x_wconf 79' lang='lat' dir='ltr'><strong>ex</strong></span> <span class='ocrx_word' id='word_1_389' title='bbox 2496 2038 2708 2096; x_wconf 89' lang='lat' dir='ltr'><strong>tbrouis</strong></span> <span class='ocrx_word' id='word_1_390' title='bbox 2749 2039 2863 2094; x_wconf 90' lang='lat' dir='ltr'><strong>suis</strong></span> <span class='ocrx_word' id='word_1_391' title='bbox 2905 2034 3216 2092; x_wconf 80' lang='lat' dir='ltr'><strong>excitarunt</strong></span> <span class='ocrx_word' id='word_1_392' title='bbox 3249 2044 3442 2087; x_wconf 87' lang='lat' dir='ltr'><strong>omnes</strong></span> <span class='ocrx_word' id='word_1_393' title='bbox 3478 2043 3637 2100; x_wconf 84' lang='lat' dir='ltr'><strong>reges</strong></span> 
     </span>
    </p>
   </div>
   <div class='ocr_carea' id='block_1_52' title="bbox 2058 2123 3636 2211">
    <p class='ocr_par' dir='ltr' id='par_1_52' title="bbox 2058 2123 3636 2211">
     <span class='ocr_line' id='line_1_52' title="bbox 2058 2123 3636 2211; baseline -0.012 -18"><span class='ocrx_word' id='word_1_394' title='bbox 2058 2138 2298 2211; x_wconf 90' lang='lat' dir='ltr'><strong>gentium</strong></span> <span class='ocrx_word' id='word_1_395' title='bbox 2337 2156 2349 2192; x_wconf 91' lang='lat'><strong>:</strong></span> <span class='ocrx_word' id='word_1_396' title='bbox 2382 2135 2473 2204; x_wconf 92' lang='lat' dir='ltr'><strong>qui</strong></span> <span class='ocrx_word' id='word_1_397' title='bbox 2510 2132 2661 2199; x_wconf 87' lang='lat' dir='ltr'><strong>paria</strong></span> <span class='ocrx_word' id='word_1_398' title='bbox 2691 2143 2755 2184; x_wconf 90' lang='lat' dir='ltr'><strong>ac</strong></span> <span class='ocrx_word' id='word_1_399' title='bbox 2792 2128 2883 2183; x_wconf 85' lang='lat' dir='ltr'><strong>ille</strong></span> <span class='ocrx_word' id='word_1_400' title='bbox 2911 2142 3035 2182; x_wconf 89' lang='lat' dir='ltr'><strong>reus</strong></span> <span class='ocrx_word' id='word_1_401' title='bbox 3073 2123 3364 2197; x_wconf 85' lang='lat' dir='ltr'><strong>Babylonis</strong></span> <span class='ocrx_word' id='word_1_402' title='bbox 3389 2138 3482 2178; x_wconf 81' lang='lat' dir='ltr'><strong>rex</strong></span> <span class='ocrx_word' id='word_1_403' title='bbox 3511 2136 3636 2191; x_wconf 77' lang='lat' dir='ltr'><strong>per—</strong></span> 
     </span>
    </p>
   </div>
   <div class='ocr_carea' id='block_1_53' title="bbox 2059 2213 3636 2300">
    <p class='ocr_par' dir='ltr' id='par_1_53' title="bbox 2059 2213 3636 2300">
     <span class='ocr_line' id='line_1_53' title="bbox 2059 2213 3636 2300; baseline -0.011 -15"><span class='ocrx_word' id='word_1_404' title='bbox 2059 2237 2362 2300; x_wconf 88' lang='lat' dir='ltr'><strong>petrarunt.</strong></span> <span class='ocrx_word' id='word_1_405' title='bbox 2398 2227 2461 2282; x_wconf 82' lang='lat' dir='ltr'><strong>Hi</strong></span> <span class='ocrx_word' id='word_1_406' title='bbox 2489 2242 2619 2283; x_wconf 85' lang='lat' dir='ltr'><strong>vero</strong></span> <span class='ocrx_word' id='word_1_407' title='bbox 2648 2226 2845 2284; x_wconf 88' lang='lat' dir='ltr'><strong>nudam</strong></span> <span class='ocrx_word' id='word_1_408' title='bbox 2874 2233 2930 2279; x_wconf 88' lang='lat' dir='ltr'><strong>et</strong></span> <span class='ocrx_word' id='word_1_409' title='bbox 2964 2233 3203 2291; x_wconf 87' lang='lat' dir='ltr'><strong>corpore</strong></span> <span class='ocrx_word' id='word_1_410' title='bbox 3252 2216 3446 2271; x_wconf 86' lang='lat' dir='ltr'><strong>orbam</strong></span> <span class='ocrx_word' id='word_1_411' title='bbox 3486 2213 3636 2267; x_wconf 87' lang='lat' dir='ltr'><strong>illius</strong></span> 
     </span>
    </p>
   </div>
   <div class='ocr_carea' id='block_1_54' title="bbox 2060 2309 3633 2394">
    <p class='ocr_par' dir='ltr' id='par_1_54' title="bbox 2060 2309 3633 2394">
     <span class='ocr_line' id='line_1_54' title="bbox 2060 2309 3633 2394; baseline -0.017 -11"><span class='ocrx_word' id='word_1_412' title='bbox 2060 2327 2187 2383; x_wconf 91' lang='lat' dir='ltr'><strong>olim</strong></span> <span class='ocrx_word' id='word_1_413' title='bbox 2224 2322 2533 2394; x_wconf 83' lang='lat' dir='ltr'><strong>Babylonici</strong></span> <span class='ocrx_word' id='word_1_414' title='bbox 2572 2321 2713 2393; x_wconf 88' lang='lat' dir='ltr'><strong>regis</strong></span> <span class='ocrx_word' id='word_1_415' title='bbox 2743 2318 2983 2374; x_wconf 86' lang='lat' dir='ltr'><strong>animam</strong></span> <span class='ocrx_word' id='word_1_416' title='bbox 3033 2322 3349 2375; x_wconf 82' lang='lat' dir='ltr'><strong>cernentes,</strong></span> <span class='ocrx_word' id='word_1_417' title='bbox 3401 2309 3481 2365; x_wconf 88' lang='lat' dir='ltr'><strong>sic</strong></span> <span class='ocrx_word' id='word_1_418' title='bbox 3514 2322 3633 2363; x_wconf 89' lang='lat' dir='ltr'><strong>eam</strong></span> 
     </span>
    </p>
   </div>
   <div class='ocr_carea' id='block_1_55' title="bbox 2060 2400 3637 2488">
    <p class='ocr_par' dir='ltr' id='par_1_55' title="bbox 2060 2400 3637 2488">
     <span class='ocr_line' id='line_1_55' title="bbox 2060 2400 3637 2488; baseline -0.013 -15"><span class='ocrx_word' id='word_1_419' title='bbox 2060 2414 2461 2488; x_wconf 88' lang='lat' dir='ltr'><strong>compellabunt</strong></span> <span class='ocrx_word' id='word_1_420' title='bbox 2491 2431 2504 2466; x_wconf 90' lang='lat'>:</span> <span class='ocrx_word' id='word_1_421' title='bbox 2539 2413 2787 2468; x_wconf 85' lang='lat' dir='ltr'><strong>Etiamne</strong></span> <span class='ocrx_word' id='word_1_422' title='bbox 2812 2418 2866 2465; x_wconf 90' lang='lat' dir='ltr'><strong>te</strong></span> <span class='ocrx_word' id='word_1_423' title='bbox 2900 2408 3098 2465; x_wconf 89' lang='lat' dir='ltr'><strong>fortior</strong></span> <span class='ocrx_word' id='word_1_424' title='bbox 3131 2420 3279 2460; x_wconf 85' lang='lat' dir='ltr'><strong>mors</strong></span> <span class='ocrx_word' id='word_1_425' title='bbox 3307 2401 3427 2466; x_wconf 89' lang='lat' dir='ltr'><strong>fuit,</strong></span> <span class='ocrx_word' id='word_1_426' title='bbox 3476 2400 3547 2454; x_wconf 87' lang='lat' dir='ltr'><strong>ita</strong></span> <span class='ocrx_word' id='word_1_427' title='bbox 3578 2408 3637 2453; x_wconf 92' lang='lat' dir='ltr'><strong>ut</strong></span> 
     </span>
    </p>
   </div>
   <div class='ocr_carea' id='block_1_56' title="bbox 2064 2497 3637 2565">
    <p class='ocr_par' dir='ltr' id='par_1_56' title="bbox 2064 2497 3637 2565">
     <span class='ocr_line' id='line_1_56' title="bbox 2064 2497 3637 2565; baseline -0.01 0"><span class='ocrx_word' id='word_1_428' title='bbox 2064 2518 2114 2565; x_wconf 84' lang='lat' dir='ltr'><strong>te</strong></span> <span class='ocrx_word' id='word_1_429' title='bbox 2145 2508 2374 2564; x_wconf 89' lang='lat' dir='ltr'><strong>similem</strong></span> <span class='ocrx_word' id='word_1_430' title='bbox 2427 2506 2586 2562; x_wconf 87' lang='lat' dir='ltr'><strong>nobis</strong></span> <span class='ocrx_word' id='word_1_431' title='bbox 2632 2519 2753 2560; x_wconf 89' lang='lat' dir='ltr'><strong>esse</strong></span> <span class='ocrx_word' id='word_1_432' title='bbox 2803 2497 3296 2559; x_wconf 70' lang='lat' dir='ltr'><strong>evincereHNibil</strong></span> <span class='ocrx_word' id='word_1_433' title='bbox 3343 2510 3471 2562; x_wconf 82' lang='lat' dir='ltr'><strong>ergo</strong></span> <span class='ocrx_word' id='word_1_434' title='bbox 3517 2504 3637 2549; x_wconf 88' lang='lat' dir='ltr'><strong>erat</strong></span> 
     </span>
    </p>
   </div>
   <div class='ocr_carea' id='block_1_57' title="bbox 2064 2585 3634 2666">
    <p class='ocr_par' dir='ltr' id='par_1_57' title="bbox 2064 2585 3634 2666">
     <span class='ocr_line' id='line_1_57' title="bbox 2064 2585 3634 2666; baseline -0.013 -9"><span class='ocrx_word' id='word_1_435' title='bbox 2064 2611 2278 2657; x_wconf 89' lang='lat' dir='ltr'><strong>terrena</strong></span> <span class='ocrx_word' id='word_1_436' title='bbox 2322 2599 2414 2653; x_wconf 88' lang='lat' dir='ltr'><strong>illa</strong></span> <span class='ocrx_word' id='word_1_437' title='bbox 2444 2597 2576 2661; x_wconf 87' lang='lat' dir='ltr'><strong>vita,</strong></span> <span class='ocrx_word' id='word_1_438' title='bbox 2606 2595 2808 2652; x_wconf 68' lang='lat' dir='ltr'><strong>divitiae</strong></span> <span class='ocrx_word' id='word_1_439' title='bbox 2833 2636 2849 2662; x_wconf 90' lang='lat'><strong>,</strong></span> <span class='ocrx_word' id='word_1_440' title='bbox 2889 2592 3059 2666; x_wconf 81' lang='lat' dir='ltr'><strong>gloria</strong></span> <span class='ocrx_word' id='word_1_441' title='bbox 3086 2602 3141 2646; x_wconf 89' lang='lat' dir='ltr'><strong>et</strong></span> <span class='ocrx_word' id='word_1_442' title='bbox 3179 2597 3326 2644; x_wconf 90' lang='lat' dir='ltr'><strong>tanta</strong></span> <span class='ocrx_word' id='word_1_443' title='bbox 3357 2585 3594 2656; x_wconf 85' lang='lat' dir='ltr'><strong>potentia</strong></span> <span class='ocrx_word' id='word_1_444' title='bbox 3619 2601 3634 2637; x_wconf 89' lang='lat'><strong>:</strong></span> 
     </span>
    </p>
   </div>
   <div class='ocr_carea' id='block_1_58' title="bbox 2062 2675 3638 2756">
    <p class='ocr_par' dir='ltr' id='par_1_58' title="bbox 2062 2675 3638 2756">
     <span class='ocr_line' id='line_1_58' title="bbox 2062 2675 3638 2756; baseline -0.011 -6"><span class='ocrx_word' id='word_1_445' title='bbox 2062 2693 2154 2750; x_wconf 90' lang='lat' dir='ltr'><strong>sed</strong></span> <span class='ocrx_word' id='word_1_446' title='bbox 2180 2692 2433 2748; x_wconf 87' lang='lat' dir='ltr'><strong>omnibus</strong></span> <span class='ocrx_word' id='word_1_447' title='bbox 2460 2691 2544 2746; x_wconf 85' lang='lat' dir='ltr'><strong>his</strong></span> <span class='ocrx_word' id='word_1_448' title='bbox 2578 2690 2700 2745; x_wconf 68' lang='lat' dir='ltr'><strong>lituis</strong></span> <span class='ocrx_word' id='word_1_449' title='bbox 2728 2690 2831 2743; x_wconf 89' lang='lat' dir='ltr'><strong>erit</strong></span> <span class='ocrx_word' id='word_1_450' title='bbox 2871 2699 3014 2743; x_wconf 82' lang='lat' dir='ltr'><strong>terra</strong></span> <span class='ocrx_word' id='word_1_451' title='bbox 3045 2695 3098 2740; x_wconf 89' lang='lat' dir='ltr'><strong>et</strong></span> <span class='ocrx_word' id='word_1_452' title='bbox 3128 2682 3324 2756; x_wconf 77' lang='lat' dir='ltr'><strong>pulvis,</strong></span> <span class='ocrx_word' id='word_1_453' title='bbox 3354 2675 3557 2735; x_wconf 86' lang='lat' dir='ltr'><strong>vermis</strong></span> <span class='ocrx_word' id='word_1_454' title='bbox 3584 2684 3638 2733; x_wconf 84' lang='lat' dir='ltr'><strong>et</strong></span> 
     </span>
    </p>
   </div>
   <div class='ocr_carea' id='block_1_59' title="bbox 2062 2773 3636 2854">
    <p class='ocr_par' dir='ltr' id='par_1_59' title="bbox 2062 2773 3636 2854">
     <span class='ocr_line' id='line_1_59' title="bbox 2062 2773 3636 2854; baseline -0.01 -14"><span class='ocrx_word' id='word_1_455' title='bbox 2062 2784 2245 2840; x_wconf 87' lang='lat' dir='ltr'><strong>carnis</strong></span> <span class='ocrx_word' id='word_1_456' title='bbox 2273 2783 2522 2854; x_wconf 89' lang='lat' dir='ltr'><strong>putredo.</strong></span> <span class='ocrx_word' id='word_1_457' title='bbox 2559 2780 2669 2837; x_wconf 84' lang='lat' dir='ltr'><strong>Nos</strong></span> <span class='ocrx_word' id='word_1_458' title='bbox 2694 2796 2824 2835; x_wconf 89' lang='lat' dir='ltr'><strong>vero</strong></span> <span class='ocrx_word' id='word_1_459' title='bbox 2849 2788 2909 2834; x_wconf 88' lang='lat' dir='ltr'><strong>te</strong></span> <span class='ocrx_word' id='word_1_460' title='bbox 2937 2775 3215 2832; x_wconf 86' lang='lat' dir='ltr'><strong>mortalem</strong></span> <span class='ocrx_word' id='word_1_461' title='bbox 3247 2773 3471 2828; x_wconf 85' lang='lat' dir='ltr'><strong>minime</strong></span> <span class='ocrx_word' id='word_1_462' title='bbox 3512 2783 3636 2826; x_wconf 80' lang='lat' dir='ltr'><strong>esse</strong></span> 
     </span>
    </p>
   </div>
   <div class='ocr_carea' id='block_1_60' title="bbox 2062 2862 3640 2951">
    <p class='ocr_par' dir='ltr' id='par_1_60' title="bbox 2062 2862 3640 2951">
     <span class='ocr_line' id='line_1_60' title="bbox 2062 2862 3640 2951; baseline -0.008 -23"><span class='ocrx_word' id='word_1_463' title='bbox 2062 2873 2386 2951; x_wconf 86' lang='lat' dir='ltr'><strong>putabamus</strong></span> <span class='ocrx_word' id='word_1_464' title='bbox 2418 2892 2433 2929; x_wconf 91' lang='lat'><strong>:</strong></span> <span class='ocrx_word' id='word_1_465' title='bbox 2471 2889 2534 2928; x_wconf 89' lang='lat' dir='ltr'><strong>ac</strong></span> <span class='ocrx_word' id='word_1_466' title='bbox 2570 2871 2744 2943; x_wconf 89' lang='lat' dir='ltr'><strong>gloria</strong></span> <span class='ocrx_word' id='word_1_467' title='bbox 2796 2883 2851 2924; x_wconf 90' lang='lat' dir='ltr'><strong>te</strong></span> <span class='ocrx_word' id='word_1_468' title='bbox 2880 2862 3251 2924; x_wconf 85' lang='lat' dir='ltr'><strong>circumdante</strong></span> <span class='ocrx_word' id='word_1_469' title='bbox 3302 2862 3514 2935; x_wconf 77' lang='lat' dir='ltr'><strong>decepti</strong></span> <span class='ocrx_word' id='word_1_470' title='bbox 3538 2902 3557 2930; x_wconf 90' lang='lat'><strong>,</strong></span> <span class='ocrx_word' id='word_1_471' title='bbox 3583 2868 3640 2917; x_wconf 83' lang='lat' dir='ltr'><strong>te</strong></span> 
     </span>
    </p>
   </div>
   <div class='ocr_carea' id='block_1_61' title="bbox 2074 2952 3639 3038">
    <p class='ocr_par' dir='ltr' id='par_1_61' title="bbox 2074 2952 3639 3038">
     <span class='ocr_line' id='line_1_61' title="bbox 2074 2952 3639 3038; baseline -0.01 -16"><span class='ocrx_word' id='word_1_472' title='bbox 2074 2967 2511 3038; x_wconf 82' lang='lat' dir='ltr'><strong>splendidissimo</strong></span> <span class='ocrx_word' id='word_1_473' title='bbox 2542 2964 2749 3020; x_wconf 70' lang='lat' dir='ltr'><strong>crrlesti</strong></span> <span class='ocrx_word' id='word_1_474' title='bbox 2802 2960 3094 3026; x_wconf 87' lang='lat' dir='ltr'><strong>luminari,</strong></span> <span class='ocrx_word' id='word_1_475' title='bbox 3148 2958 3424 3026; x_wconf 88' lang='lat' dir='ltr'><strong>solemque</strong></span> <span class='ocrx_word' id='word_1_476' title='bbox 3467 2952 3639 3010; x_wconf 87' lang='lat' dir='ltr'><strong>advo-</strong></span> 
     </span>
    </p>
   </div>
   <div class='ocr_carea' id='block_1_62' title="bbox 2062 3046 3641 3126">
    <p class='ocr_par' dir='ltr' id='par_1_62' title="bbox 2062 3046 3641 3126">
     <span class='ocr_line' id='line_1_62' title="bbox 2062 3046 3641 3126; baseline -0.011 -10"><span class='ocrx_word' id='word_1_477' title='bbox 2062 3061 2205 3116; x_wconf 87' lang='lat' dir='ltr'><strong>canti</strong></span> <span class='ocrx_word' id='word_1_478' title='bbox 2235 3059 2482 3114; x_wconf 89' lang='lat' dir='ltr'><strong>Lucifero</strong></span> <span class='ocrx_word' id='word_1_479' title='bbox 2506 3057 2973 3126; x_wconf 86' lang='lat' dir='ltr'><strong>comparabamus.</strong></span> <span class='ocrx_word' id='word_1_480' title='bbox 3009 3050 3090 3107; x_wconf 86' lang='lat' dir='ltr'><strong>Tu</strong></span> <span class='ocrx_word' id='word_1_481' title='bbox 3124 3065 3254 3103; x_wconf 86' lang='lat' dir='ltr'><strong>vero</strong></span> <span class='ocrx_word' id='word_1_482' title='bbox 3284 3058 3335 3105; x_wconf 89' lang='lat' dir='ltr'><strong>te</strong></span> <span class='ocrx_word' id='word_1_483' title='bbox 3366 3046 3525 3102; x_wconf 84' lang='lat' dir='ltr'><strong>etiam</strong></span> <span class='ocrx_word' id='word_1_484' title='bbox 3557 3046 3641 3100; x_wconf 86' lang='lat' dir='ltr'><strong>his</strong></span> 
     </span>
    </p>
   </div>
   <div class='ocr_carea' id='block_1_63' title="bbox 2065 3139 3638 3221">
    <p class='ocr_par' dir='ltr' id='par_1_63' title="bbox 2065 3139 3638 3221">
     <span class='ocr_line' id='line_1_63' title="bbox 2065 3139 3638 3221; baseline -0.01 -14"><span class='ocrx_word' id='word_1_485' title='bbox 2065 3151 2322 3221; x_wconf 79' lang='lat' dir='ltr'><strong>majorem</strong></span> <span class='ocrx_word' id='word_1_486' title='bbox 2375 3148 2753 3216; x_wconf 87' lang='lat' dir='ltr'><strong>arbitrabaris,</strong></span> <span class='ocrx_word' id='word_1_487' title='bbox 2776 3146 3064 3202; x_wconf 83' lang='lat' dir='ltr'><strong>lasciviens</strong></span> <span class='ocrx_word' id='word_1_488' title='bbox 3090 3159 3156 3199; x_wconf 84' lang='lat' dir='ltr'><strong>ac</strong></span> <span class='ocrx_word' id='word_1_489' title='bbox 3195 3141 3393 3198; x_wconf 89' lang='lat' dir='ltr'><strong>mentis</strong></span> <span class='ocrx_word' id='word_1_490' title='bbox 3429 3139 3638 3195; x_wconf 85' lang='lat' dir='ltr'><strong>insania</strong></span> 
     </span>
    </p>
   </div>
   <div class='ocr_carea' id='block_1_64' title="bbox 393 3224 1962 3333">
    <p class='ocr_par' dir='ltr' id='par_1_64' title="bbox 393 3224 1962 3333">
     <span class='ocr_line' id='line_1_64' title="bbox 393 3224 1962 3333; baseline 0.001 -19"><span class='ocrx_word' id='word_1_491' title='bbox 393 3224 661 3333; x_wconf 63' lang='grc' dir='ltr'>κάξὶιμενί</span> <span class='ocrx_word' id='word_1_492' title='bbox 709 3262 780 3316; x_wconf 74' lang='grc' dir='ltr'><strong>ει</strong></span> <span class='ocrx_word' id='word_1_493' title='bbox 830 3224 1057 3316; x_wconf 62' lang='grc' dir='ltr'><strong>ἐειτῖ</strong></span> <span class='ocrx_word' id='word_1_494' title='bbox 1078 3224 1270 3326; x_wconf 81' lang='grc' dir='ltr'>σαυτῷ</span> <span class='ocrx_word' id='word_1_495' title='bbox 1305 3224 1432 3315; x_wconf 50' lang='grc' dir='ltr'>’καί</span> <span class='ocrx_word' id='word_1_496' title='bbox 1482 3224 1711 3332; x_wconf 46' lang='lat' dir='ltr'><strong>seu;</strong></span> <span class='ocrx_word' id='word_1_497' title='bbox 1748 3224 1962 3316; x_wconf 51' lang='lat' dir='ltr'><strong>te...</strong></span> 
     </span>
    </p>
   </div>
   <div class='ocr_carea' id='block_1_65' title="bbox 2063 3224 3642 3333">
    <p class='ocr_par' dir='ltr' id='par_1_65' title="bbox 2069 3234 3642 3314">
     <span class='ocr_line' id='line_1_65' title="bbox 2069 3234 3642 3314; baseline -0.011 -13"><span class='ocrx_word' id='word_1_498' title='bbox 2069 3247 2142 3301; x_wconf 86' lang='lat' dir='ltr'><strong>ita</strong></span> <span class='ocrx_word' id='word_1_499' title='bbox 2171 3244 2516 3314; x_wconf 68' lang='lat' dir='ltr'><strong>super-biens,</strong></span> <span class='ocrx_word' id='word_1_500' title='bbox 2544 3251 2601 3297; x_wconf 87' lang='lat' dir='ltr'><strong>ut</strong></span> <span class='ocrx_word' id='word_1_501' title='bbox 2637 3250 2688 3297; x_wconf 87' lang='lat' dir='ltr'><strong>te</strong></span> <span class='ocrx_word' id='word_1_502' title='bbox 2718 3239 2984 3294; x_wconf 87' lang='lat' dir='ltr'><strong>altissimo</strong></span> <span class='ocrx_word' id='word_1_503' title='bbox 3025 3235 3135 3291; x_wconf 88' lang='lat' dir='ltr'><strong>Deo</strong></span> <span class='ocrx_word' id='word_1_504' title='bbox 3168 3234 3466 3293; x_wconf 77' lang='lat' dir='ltr'><strong>c0uferres.</strong></span> <span class='ocrx_word' id='word_1_505' title='bbox 3501 3245 3562 3286; x_wconf 88' lang='lat' dir='ltr'><strong>ac</strong></span> <span class='ocrx_word' id='word_1_506' title='bbox 3588 3239 3642 3284; x_wconf 90' lang='lat' dir='ltr'><strong>te</strong></span> 
     </span>
    </p>
   </div>
   <div class='ocr_carea' id='block_1_66' title="bbox 391 3354 1964 3428">
    <p class='ocr_par' dir='ltr' id='par_1_66' title="bbox 391 3354 1964 3428">
     <span class='ocr_line' id='line_1_66' title="bbox 391 3354 1964 3428; baseline -0.002 -18"><span class='ocrx_word' id='word_1_507' title='bbox 391 3356 642 3428; x_wconf 81' lang='grc' dir='ltr'>ἐφρόνεις</span> <span class='ocrx_word' id='word_1_508' title='bbox 680 3355 941 3428; x_wconf 83' lang='grc' dir='ltr'>γαυριῶν,</span> <span class='ocrx_word' id='word_1_509' title='bbox 985 3357 1081 3411; x_wconf 81' lang='grc' dir='ltr'>καὶ</span> <span class='ocrx_word' id='word_1_510' title='bbox 1124 3354 1290 3427; x_wconf 60' lang='grc' dir='ltr'>μανία</span> <span class='ocrx_word' id='word_1_511' title='bbox 1320 3354 1530 3427; x_wconf 82' lang='grc' dir='ltr'>φρενῶν</span> <span class='ocrx_word' id='word_1_512' title='bbox 1567 3354 1964 3425; x_wconf 77' lang='grc' dir='ltr'>ἀλαζονευόμε-</span> 
     </span>
    </p>
   </div>
   <div class='ocr_carea' id='block_1_67' title="bbox 390 3446 1965 3520">
    <p class='ocr_par' dir='ltr' id='par_1_67' title="bbox 390 3446 1965 3520">
     <span class='ocr_line' id='line_1_67' title="bbox 390 3446 1965 3520; baseline -0.001 -18"><span class='ocrx_word' id='word_1_513' title='bbox 390 3466 502 3513; x_wconf 89' lang='grc' dir='ltr'>νος,</span> <span class='ocrx_word' id='word_1_514' title='bbox 535 3448 631 3515; x_wconf 83' lang='grc' dir='ltr'><strong>ὡς.</strong></span> <span class='ocrx_word' id='word_1_515' title='bbox 653 3447 846 3503; x_wconf 83' lang='grc' dir='ltr'>σαυτὸν</span> <span class='ocrx_word' id='word_1_516' title='bbox 898 3446 976 3520; x_wconf 81' lang='grc' dir='ltr'>τῷ</span> <span class='ocrx_word' id='word_1_517' title='bbox 1017 3447 1225 3519; x_wconf 68' lang='grc' dir='ltr'>ὑψίστῳ</span> <span class='ocrx_word' id='word_1_518' title='bbox 1269 3446 1389 3517; x_wconf 84' lang='grc' dir='ltr'>Θεῷ</span> <span class='ocrx_word' id='word_1_519' title='bbox 1434 3446 1820 3518; x_wconf 73' lang='grc' dir='ltr'>παραϐάλλειν,</span> <span class='ocrx_word' id='word_1_520' title='bbox 1869 3446 1965 3501; x_wconf 78' lang='grc' dir='ltr'>καὶ</span> 
     </span>
    </p>
   </div>
   <div class='ocr_carea' id='block_1_68' title="bbox 391 3539 1967 3615">
    <p class='ocr_par' dir='ltr' id='par_1_68' title="bbox 391 3539 1967 3615">
     <span class='ocr_line' id='line_1_68' title="bbox 391 3539 1967 3615; baseline -0.001 -21"><span class='ocrx_word' id='word_1_521' title='bbox 391 3541 533 3614; x_wconf 83' lang='grc' dir='ltr'>ὑπὲρ</span> <span class='ocrx_word' id='word_1_522' title='bbox 558 3540 655 3606; x_wconf 88' lang='grc' dir='ltr'><strong>τάς</strong></span> <span class='ocrx_word' id='word_1_523' title='bbox 685 3541 942 3615; x_wconf 73' lang='grc' dir='ltr'>οὐρανίας</span> <span class='ocrx_word' id='word_1_524' title='bbox 974 3540 1170 3613; x_wconf 75' lang='grc' dir='ltr'>ἀψίδας</span> <span class='ocrx_word' id='word_1_525' title='bbox 1199 3542 1291 3595; x_wconf 76' lang='grc' dir='ltr'>τὸν</span> <span class='ocrx_word' id='word_1_526' title='bbox 1323 3540 1519 3595; x_wconf 82' lang='grc' dir='ltr'>σαυτοῦ</span> <span class='ocrx_word' id='word_1_527' title='bbox 1558 3540 1745 3613; x_wconf 90' lang='grc' dir='ltr'>θρόνον</span> <span class='ocrx_word' id='word_1_528' title='bbox 1780 3539 1967 3611; x_wconf 84' lang='grc' dir='ltr'>θήσειν</span> 
     </span>
    </p>
   </div>
   <div class='ocr_carea' id='block_1_69' title="bbox 392 3627 1966 3706">
    <p class='ocr_par' dir='ltr' id='par_1_69' title="bbox 392 3627 1966 3706">
     <span class='ocr_line' id='line_1_69' title="bbox 392 3627 1966 3706; baseline 0 -21"><span class='ocrx_word' id='word_1_529' title='bbox 392 3630 777 3701; x_wconf 76' lang='grc' dir='ltr'>φαντάζεσθαι.</span> <span class='ocrx_word' id='word_1_530' title='bbox 807 3632 992 3689; x_wconf 79' lang='grc' dir='ltr'>Ταῦτα</span> <span class='ocrx_word' id='word_1_531' title='bbox 1020 3634 1117 3705; x_wconf 79' lang='grc' dir='ltr'>μὲν</span> <span class='ocrx_word' id='word_1_532' title='bbox 1141 3627 1236 3687; x_wconf 77' lang='grc' dir='ltr'>οὖν</span> <span class='ocrx_word' id='word_1_533' title='bbox 1265 3633 1393 3705; x_wconf 71' lang='grc' dir='ltr'>περὶ</span> <span class='ocrx_word' id='word_1_534' title='bbox 1419 3631 1512 3686; x_wconf 76' lang='grc' dir='ltr'><strong>σοῦ</strong></span> <span class='ocrx_word' id='word_1_535' title='bbox 1544 3634 1727 3706; x_wconf 79' lang='grc' dir='ltr'>ἡμεῖς,</span> <span class='ocrx_word' id='word_1_536' title='bbox 1752 3631 1966 3704; x_wconf 87' lang='grc' dir='ltr'>θνητοῖς</span> 
     </span>
    </p>
   </div>
   <div class='ocr_carea' id='block_1_70' title="bbox 391 3724 1968 3796">
    <p class='ocr_par' dir='ltr' id='par_1_70' title="bbox 391 3724 1968 3796">
     <span class='ocr_line' id='line_1_70' title="bbox 391 3724 1968 3796; baseline 0.001 -18"><span class='ocrx_word' id='word_1_537' title='bbox 391 3724 668 3795; x_wconf 86' lang='grc' dir='ltr'>λογισμοῖς</span> <span class='ocrx_word' id='word_1_538' title='bbox 691 3724 1062 3796; x_wconf 80' lang='grc' dir='ltr'>ἀπατώμενοι,</span> <span class='ocrx_word' id='word_1_539' title='bbox 1089 3724 1475 3796; x_wconf 68' lang='grc' dir='ltr'>διενοούμεθα*</span> <span class='ocrx_word' id='word_1_540' title='bbox 1512 3724 1736 3781; x_wconf 82' lang='grc' dir='ltr'>τοιαῦτα</span> <span class='ocrx_word' id='word_1_541' title='bbox 1775 3724 1834 3779; x_wconf 83' lang='grc' dir='ltr'>δὲ</span> <span class='ocrx_word' id='word_1_542' title='bbox 1875 3724 1968 3779; x_wconf 76' lang='grc' dir='ltr'>καὶ</span> 
     </span>
    </p>
   </div>
   <div class='ocr_carea' id='block_1_71' title="bbox 394 3796 1969 3890">
    <p class='ocr_par' dir='ltr' id='par_1_71' title="bbox 394 3796 1969 3890">
     <span class='ocr_line' id='line_1_71' title="bbox 394 3796 1969 3890; baseline 0.003 -22"><span class='ocrx_word' id='word_1_543' title='bbox 394 3814 458 3868; x_wconf 73' lang='grc' dir='ltr'>σὺ</span> <span class='ocrx_word' id='word_1_544' title='bbox 480 3813 574 3869; x_wconf 79' lang='grc' dir='ltr'>ἐπὶ</span> <span class='ocrx_word' id='word_1_545' title='bbox 608 3813 788 3885; x_wconf 84' lang='grc' dir='ltr'>σαυτῷ</span> <span class='ocrx_word' id='word_1_546' title='bbox 814 3814 1025 3886; x_wconf 87' lang='grc' dir='ltr'>φρενῶν</span> <span class='ocrx_word' id='word_1_547' title='bbox 1050 3816 1304 3874; x_wconf 82' lang='grc' dir='ltr'>ἐκστάσει</span> <span class='ocrx_word' id='word_1_548' title='bbox 1337 3815 1605 3890; x_wconf 84' lang='grc' dir='ltr'>ἐφρόνεις.</span> <span class='ocrx_word' id='word_1_549' title='bbox 1652 3812 1759 3870; x_wconf 89' lang='grc' dir='ltr'>Ἦν</span> <span class='ocrx_word' id='word_1_550' title='bbox 1784 3796 1830 3869; x_wconf 80' lang='grc' dir='ltr'>δ’</span> <span class='ocrx_word' id='word_1_551' title='bbox 1858 3816 1969 3888; x_wconf 66' lang='grc' dir='ltr'>ἄρα</span> 
     </span>
    </p>
   </div>
   <div class='ocr_carea' id='block_1_72' title="bbox 391 3904 1967 3980">
    <p class='ocr_par' dir='ltr' id='par_1_72' title="bbox 391 3904 1967 3980">
     <span class='ocr_line' id='line_1_72' title="bbox 391 3904 1967 3980; baseline 0.001 -19"><span class='ocrx_word' id='word_1_552' title='bbox 391 3905 485 3961; x_wconf 77' lang='grc' dir='ltr'>καὶ</span> <span class='ocrx_word' id='word_1_553' title='bbox 513 3904 608 3958; x_wconf 82' lang='grc' dir='ltr'><strong>τοῦ</strong></span> <span class='ocrx_word' id='word_1_554' title='bbox 651 3908 781 3977; x_wconf 77' lang='grc' dir='ltr'>περὶ</span> <span class='ocrx_word' id='word_1_555' title='bbox 813 3906 875 3961; x_wconf 84' lang='grc' dir='ltr'><strong>σέ</strong></span> <span class='ocrx_word' id='word_1_556' title='bbox 914 3906 1100 3971; x_wconf 79' lang='grc' dir='ltr'>τέλους</span> <span class='ocrx_word' id='word_1_557' title='bbox 1143 3907 1363 3978; x_wconf 83' lang='grc' dir='ltr'>ἐλεγχος</span> <span class='ocrx_word' id='word_1_558' title='bbox 1391 3910 1422 3962; x_wconf 93' lang='lat'><strong>6</strong></span> <span class='ocrx_word' id='word_1_559' title='bbox 1452 3907 1641 3980; x_wconf 83' lang='grc' dir='ltr'>χρόνος</span> <span class='ocrx_word' id='word_1_560' title='bbox 1670 3907 1791 3963; x_wconf 83' lang='grc' dir='ltr'>καθ’</span> <span class='ocrx_word' id='word_1_561' title='bbox 1818 3908 1848 3961; x_wconf 77' lang='grc' dir='ltr'><strong>δ</strong></span> <span class='ocrx_word' id='word_1_562' title='bbox 1874 3908 1967 3963; x_wconf 78' lang='grc' dir='ltr'>ἐά-</span> 
     </span>
    </p>
   </div>
   <div class='ocr_carea' id='block_1_73' title="bbox 391 3996 1969 4071">
    <p class='ocr_par' dir='ltr' id='par_1_73' title="bbox 391 3996 1969 4071">
     <span class='ocr_line' id='line_1_73' title="bbox 391 3996 1969 4071; baseline 0.001 -20"><span class='ocrx_word' id='word_1_563' title='bbox 391 3996 527 4062; x_wconf 75' lang='grc' dir='ltr'>λωςο</span> <span class='ocrx_word' id='word_1_564' title='bbox 570 3998 692 4052; x_wconf 78' lang='grc' dir='ltr'>οὐδὲ</span> <span class='ocrx_word' id='word_1_565' title='bbox 736 4002 847 4062; x_wconf 84' lang='grc' dir='ltr'>τοῖς</span> <span class='ocrx_word' id='word_1_566' title='bbox 887 4001 1092 4063; x_wconf 81' lang='grc' dir='ltr'>λοιποῖς</span> <span class='ocrx_word' id='word_1_567' title='bbox 1130 3998 1441 4068; x_wconf 80' lang='grc' dir='ltr'>ἀνθρώποις</span> <span class='ocrx_word' id='word_1_568' title='bbox 1481 3999 1674 4071; x_wconf 81' lang='grc' dir='ltr'>ὁμοίαν</span> <span class='ocrx_word' id='word_1_569' title='bbox 1718 4000 1969 4071; x_wconf 83' lang='grc' dir='ltr'>ἐσχηκὼς</span> 
     </span>
    </p>
   </div>
   <div class='ocr_carea' id='block_1_74' title="bbox 393 4089 1970 4164">
    <p class='ocr_par' dir='ltr' id='par_1_74' title="bbox 393 4089 1970 4164">
     <span class='ocr_line' id='line_1_74' title="bbox 393 4089 1970 4164; baseline 0.004 -21"><span class='ocrx_word' id='word_1_570' title='bbox 393 4089 664 4163; x_wconf 79' lang='grc' dir='ltr'>τελευτήν.</span> <span class='ocrx_word' id='word_1_571' title='bbox 695 4092 758 4146; x_wconf 82' lang='lat' dir='ltr'><strong>Ol</strong></span> <span class='ocrx_word' id='word_1_572' title='bbox 790 4091 892 4162; x_wconf 72' lang='grc' dir='ltr'>μὲν</span> <span class='ocrx_word' id='word_1_573' title='bbox 915 4092 1026 4164; x_wconf 85' lang='grc' dir='ltr'><strong>γὰρ</strong></span> <span class='ocrx_word' id='word_1_574' title='bbox 1051 4093 1136 4161; x_wconf 78' lang='grc' dir='ltr'><strong>ἐφ’</strong></span> <span class='ocrx_word' id='word_1_575' title='bbox 1168 4092 1417 4163; x_wconf 82' lang='grc' dir='ltr'>ἡσυχίας,</span> <span class='ocrx_word' id='word_1_576' title='bbox 1446 4093 1631 4164; x_wconf 71' lang='grc' dir='ltr'>ἠρέμα</span> <span class='ocrx_word' id='word_1_577' title='bbox 1650 4094 1745 4147; x_wconf 68' lang='grc' dir='ltr'>καὶ</span> <span class='ocrx_word' id='word_1_578' title='bbox 1778 4092 1970 4164; x_wconf 83' lang='grc' dir='ltr'>πράως</span> 
     </span>
    </p>
   </div>
   <div class='ocr_carea' id='block_1_75' title="bbox 396 4183 1967 4258">
    <p class='ocr_par' dir='ltr' id='par_1_75' title="bbox 396 4183 1967 4258">
     <span class='ocr_line' id='line_1_75' title="bbox 396 4183 1967 4258; baseline 0.001 -21"><span class='ocrx_word' id='word_1_579' title='bbox 396 4184 490 4237; x_wconf 76' lang='grc' dir='ltr'>ἐπὶ</span> <span class='ocrx_word' id='word_1_580' title='bbox 513 4185 613 4255; x_wconf 76' lang='grc' dir='ltr'>τῆς</span> <span class='ocrx_word' id='word_1_581' title='bbox 644 4183 854 4241; x_wconf 75' lang='grc' dir='ltr'>ἑαυτῶν</span> <span class='ocrx_word' id='word_1_582' title='bbox 889 4184 1091 4249; x_wconf 71' lang='grc' dir='ltr'>ἑστίας,</span> <span class='ocrx_word' id='word_1_583' title='bbox 1130 4184 1193 4238; x_wconf 84' lang='grc' dir='ltr'><strong>τδ</strong></span> <span class='ocrx_word' id='word_1_584' title='bbox 1236 4185 1396 4258; x_wconf 79' lang='grc' dir='ltr'>χρέος</span> <span class='ocrx_word' id='word_1_585' title='bbox 1438 4185 1735 4240; x_wconf 77' lang='grc' dir='ltr'>ἀπέδοσανο</span> <span class='ocrx_word' id='word_1_586' title='bbox 1772 4185 1837 4239; x_wconf 76' lang='grc' dir='ltr'>σὺ</span> <span class='ocrx_word' id='word_1_587' title='bbox 1887 4184 1967 4248; x_wconf 74' lang='grc' dir='ltr'>δὲ,</span> 
     </span>
    </p>
   </div>
   <div class='ocr_carea' id='block_1_76' title="bbox 393 4273 1967 4352">
    <p class='ocr_par' dir='ltr' id='par_1_76' title="bbox 393 4273 1967 4352">
     <span class='ocr_line' id='line_1_76' title="bbox 393 4273 1967 4352; baseline 0.003 -24"><span class='ocrx_word' id='word_1_588' title='bbox 393 4276 461 4346; x_wconf 78' lang='grc' dir='ltr'><strong>τῇ</strong></span> <span class='ocrx_word' id='word_1_589' title='bbox 501 4273 607 4329; x_wconf 87' lang='grc' dir='ltr'><strong>τῶν</strong></span> <span class='ocrx_word' id='word_1_590' title='bbox 681 4275 954 4346; x_wconf 71' lang='grc' dir='ltr'>πολεμίων</span> <span class='ocrx_word' id='word_1_591' title='bbox 997 4277 1241 4352; x_wconf 77' lang='grc' dir='ltr'>μαχαίρᾳ</span> <span class='ocrx_word' id='word_1_592' title='bbox 1287 4278 1387 4349; x_wconf 82' lang='grc' dir='ltr'>τὴν</span> <span class='ocrx_word' id='word_1_593' title='bbox 1439 4277 1583 4348; x_wconf 74' lang='grc' dir='ltr'>ζωὴν</span> <span class='ocrx_word' id='word_1_594' title='bbox 1624 4277 1967 4350; x_wconf 70' lang='grc' dir='ltr'>ἀφαιρεθεὶς,</span> 
     </span>
    </p>
   </div>
   <div class='ocr_carea' id='block_1_77' title="bbox 396 4366 1971 4442">
    <p class='ocr_par' dir='ltr' id='par_1_77' title="bbox 396 4366 1971 4442">
     <span class='ocr_line' id='line_1_77' title="bbox 396 4366 1971 4442; baseline 0.003 -22"><span class='ocrx_word' id='word_1_595' title='bbox 396 4368 589 4438; x_wconf 73' lang='grc' dir='ltr'>νεκρὸς</span> <span class='ocrx_word' id='word_1_596' title='bbox 637 4366 842 4435; x_wconf 80' lang='grc' dir='ltr'>ἄταφος</span> <span class='ocrx_word' id='word_1_597' title='bbox 900 4368 1126 4442; x_wconf 76' lang='grc' dir='ltr'>ριφήοῃ,</span> <span class='ocrx_word' id='word_1_598' title='bbox 1189 4368 1353 4442; x_wconf 81' lang='grc' dir='ltr'>θηρσὶ</span> <span class='ocrx_word' id='word_1_599' title='bbox 1420 4368 1555 4442; x_wconf 89' lang='grc' dir='ltr'>βορά</span> <span class='ocrx_word' id='word_1_600' title='bbox 1605 4371 1701 4426; x_wconf 74' lang='grc' dir='ltr'><strong>καὶ</strong></span> <span class='ocrx_word' id='word_1_601' title='bbox 1760 4371 1971 4437; x_wconf 79' lang='grc' dir='ltr'>οἰωνοῖς</span> 
     </span>
    </p>
   </div>
   <div class='ocr_carea' id='block_1_78' title="bbox 396 4454 1967 4532">
    <p class='ocr_par' dir='ltr' id='par_1_78' title="bbox 396 4454 1967 4532">
     <span class='ocr_line' id='line_1_78' title="bbox 396 4454 1967 4532; baseline 0.002 -20"><span class='ocrx_word' id='word_1_602' title='bbox 396 4456 732 4529; x_wconf 75' lang='grc' dir='ltr'>ἐγκείμενος.</span> <span class='ocrx_word' id='word_1_603' title='bbox 781 4457 928 4521; x_wconf 83' lang='grc' dir='ltr'><strong>Ἕως</strong></span> <span class='ocrx_word' id='word_1_604' title='bbox 965 4458 1063 4529; x_wconf 81' lang='grc' dir='ltr'>μὲν</span> <span class='ocrx_word' id='word_1_605' title='bbox 1094 4454 1186 4513; x_wconf 83' lang='grc' dir='ltr'>οὖν</span> <span class='ocrx_word' id='word_1_606' title='bbox 1221 4461 1561 4531; x_wconf 84' lang='grc' dir='ltr'>συνειστήκει</span> <span class='ocrx_word' id='word_1_607' title='bbox 1606 4462 1639 4532; x_wconf 86' lang='grc' dir='ltr'><strong>ἡ</strong></span> <span class='ocrx_word' id='word_1_608' title='bbox 1691 4460 1967 4525; x_wconf 79' lang='grc' dir='ltr'>Βαϐυλὼν,</span> 
     </span>
    </p>
   </div>
   <div class='ocr_carea' id='block_1_79' title="bbox 2070 3323 3639 3404">
    <p class='ocr_par' dir='ltr' id='par_1_79' title="bbox 2070 3323 3639 3404">
     <span class='ocr_line' id='line_1_79' title="bbox 2070 3323 3639 3404; baseline -0.013 -10"><span class='ocrx_word' id='word_1_609' title='bbox 2070 3339 2322 3395; x_wconf 82' lang='lat' dir='ltr'><strong>tltronum</strong></span> <span class='ocrx_word' id='word_1_610' title='bbox 2356 3345 2508 3391; x_wconf 90' lang='lat' dir='ltr'><strong>tuum</strong></span> <span class='ocrx_word' id='word_1_611' title='bbox 2543 3348 2704 3404; x_wconf 84' lang='lat' dir='ltr'><strong>supra</strong></span> <span class='ocrx_word' id='word_1_612' title='bbox 2761 3330 3009 3387; x_wconf 70' lang='lat' dir='ltr'><strong>cmlestes</strong></span> <span class='ocrx_word' id='word_1_613' title='bbox 3057 3327 3292 3382; x_wconf 80' lang='lat' dir='ltr'><strong>fornices</strong></span> <span class='ocrx_word' id='word_1_614' title='bbox 3334 3323 3639 3387; x_wconf 67' lang='lat' dir='ltr'><strong>positurum</strong></span> 
     </span>
    </p>
   </div>
   <div class='ocr_carea' id='block_1_80' title="bbox 2065 3413 3641 3500">
    <p class='ocr_par' dir='ltr' id='par_1_80' title="bbox 2065 3413 3641 3500">
     <span class='ocr_line' id='line_1_80' title="bbox 2065 3413 3641 3500; baseline -0.012 -13"><span class='ocrx_word' id='word_1_615' title='bbox 2065 3446 2186 3487; x_wconf 88' lang='lat' dir='ltr'><strong>esse</strong></span> <span class='ocrx_word' id='word_1_616' title='bbox 2217 3428 2521 3500; x_wconf 74' lang='lat' dir='ltr'><strong>iactitares.</strong></span> <span class='ocrx_word' id='word_1_617' title='bbox 2553 3426 2677 3482; x_wconf 66' lang='lat' dir='ltr'><strong>llaec</strong></span> <span class='ocrx_word' id='word_1_618' title='bbox 2706 3425 2868 3496; x_wconf 82' lang='lat' dir='ltr'><strong>igitur</strong></span> <span class='ocrx_word' id='word_1_619' title='bbox 2903 3436 2999 3478; x_wconf 90' lang='lat' dir='ltr'><strong>nos</strong></span> <span class='ocrx_word' id='word_1_620' title='bbox 3043 3417 3366 3475; x_wconf 85' lang='lat' dir='ltr'><strong>mortalibus</strong></span> <span class='ocrx_word' id='word_1_621' title='bbox 3416 3413 3641 3470; x_wconf 80' lang='lat' dir='ltr'><strong>ratioci-</strong></span> 
     </span>
    </p>
   </div>
   <div class='ocr_carea' id='block_1_81' title="bbox 2069 3509 3644 3591">
    <p class='ocr_par' dir='ltr' id='par_1_81' title="bbox 2069 3509 3644 3591">
     <span class='ocr_line' id='line_1_81' title="bbox 2069 3509 3644 3591; baseline -0.01 -13"><span class='ocrx_word' id='word_1_622' title='bbox 2069 3523 2176 3579; x_wconf 79' lang='lat' dir='ltr'><strong>uiis</strong></span> <span class='ocrx_word' id='word_1_623' title='bbox 2202 3520 2433 3591; x_wconf 86' lang='lat' dir='ltr'><strong>decepti,</strong></span> <span class='ocrx_word' id='word_1_624' title='bbox 2482 3519 2548 3575; x_wconf 90' lang='lat' dir='ltr'><strong>de</strong></span> <span class='ocrx_word' id='word_1_625' title='bbox 2578 3529 2629 3573; x_wconf 91' lang='lat' dir='ltr'><strong>te</strong></span> <span class='ocrx_word' id='word_1_626' title='bbox 2655 3515 3016 3588; x_wconf 80' lang='lat' dir='ltr'><strong>cogitavimus</strong></span> <span class='ocrx_word' id='word_1_627' title='bbox 3049 3527 3064 3566; x_wconf 85' lang='lat'><strong>:</strong></span> <span class='ocrx_word' id='word_1_628' title='bbox 3099 3509 3226 3564; x_wconf 86' lang='lat' dir='ltr'><strong>talia</strong></span> <span class='ocrx_word' id='word_1_629' title='bbox 3263 3518 3319 3564; x_wconf 91' lang='lat' dir='ltr'><strong>et</strong></span> <span class='ocrx_word' id='word_1_630' title='bbox 3348 3517 3402 3562; x_wconf 92' lang='lat' dir='ltr'><strong>tu</strong></span> <span class='ocrx_word' id='word_1_631' title='bbox 3460 3517 3644 3562; x_wconf 87' lang='lat' dir='ltr'><strong>mente</strong></span> 
     </span>
    </p>
   </div>
   <div class='ocr_carea' id='block_1_82' title="bbox 2069 3600 3643 3685">
    <p class='ocr_par' dir='ltr' id='par_1_82' title="bbox 2069 3600 3643 3685">
     <span class='ocr_line' id='line_1_82' title="bbox 2069 3600 3643 3685; baseline -0.013 -16"><span class='ocrx_word' id='word_1_632' title='bbox 2069 3624 2262 3685; x_wconf 86' lang='lat' dir='ltr'><strong>captus</strong></span> <span class='ocrx_word' id='word_1_633' title='bbox 2295 3614 2362 3668; x_wconf 89' lang='lat' dir='ltr'><strong>de</strong></span> <span class='ocrx_word' id='word_1_634' title='bbox 2392 3622 2445 3668; x_wconf 90' lang='lat' dir='ltr'><strong>te</strong></span> <span class='ocrx_word' id='word_1_635' title='bbox 2473 3611 2592 3680; x_wconf 91' lang='lat' dir='ltr'><strong>ipso</strong></span> <span class='ocrx_word' id='word_1_636' title='bbox 2618 3609 2914 3665; x_wconf 85' lang='lat' dir='ltr'><strong>sentiebas.</strong></span> <span class='ocrx_word' id='word_1_637' title='bbox 2952 3605 3024 3660; x_wconf 86' lang='lat' dir='ltr'><strong>At</strong></span> <span class='ocrx_word' id='word_1_638' title='bbox 3069 3602 3151 3658; x_wconf 87' lang='lat' dir='ltr'><strong>vel</strong></span> <span class='ocrx_word' id='word_1_639' title='bbox 3200 3600 3374 3655; x_wconf 85' lang='lat' dir='ltr'><strong>solum</strong></span> <span class='ocrx_word' id='word_1_640' title='bbox 3430 3608 3643 3665; x_wconf 80' lang='lat' dir='ltr'><strong>tempus</strong></span> 
     </span>
    </p>
   </div>
   <div class='ocr_carea' id='block_1_83' title="bbox 2068 3689 3642 3777">
    <p class='ocr_par' dir='ltr' id='par_1_83' title="bbox 2068 3689 3642 3777">
     <span class='ocr_line' id='line_1_83' title="bbox 2068 3689 3642 3777; baseline -0.009 -18"><span class='ocrx_word' id='word_1_641' title='bbox 2068 3720 2176 3777; x_wconf 88' lang='lat' dir='ltr'><strong>quo</strong></span> <span class='ocrx_word' id='word_1_642' title='bbox 2197 3715 2388 3774; x_wconf 89' lang='lat' dir='ltr'><strong>captus</strong></span> <span class='ocrx_word' id='word_1_643' title='bbox 2414 3712 2468 3758; x_wconf 91' lang='lat' dir='ltr'><strong>et</strong></span> <span class='ocrx_word' id='word_1_644' title='bbox 2494 3703 2669 3757; x_wconf 84' lang='lat' dir='ltr'><strong>victus</strong></span> <span class='ocrx_word' id='word_1_645' title='bbox 2695 3716 2754 3757; x_wconf 92' lang='lat' dir='ltr'><strong>es</strong></span> <span class='ocrx_word' id='word_1_646' title='bbox 2777 3742 2792 3768; x_wconf 88' lang='lat'><strong>,</strong></span> <span class='ocrx_word' id='word_1_647' title='bbox 2841 3696 3185 3755; x_wconf 82' lang='lat' dir='ltr'><strong>manifestum</strong></span> <span class='ocrx_word' id='word_1_648' title='bbox 3227 3700 3347 3748; x_wconf 87' lang='lat' dir='ltr'><strong>erat</strong></span> <span class='ocrx_word' id='word_1_649' title='bbox 3394 3690 3517 3746; x_wconf 86' lang='lat' dir='ltr'><strong>finis</strong></span> <span class='ocrx_word' id='word_1_650' title='bbox 3564 3689 3642 3745; x_wconf 90' lang='lat' dir='ltr'><strong>tul</strong></span> 
     </span>
    </p>
   </div>
   <div class='ocr_carea' id='block_1_84' title="bbox 2069 3787 3647 3872">
    <p class='ocr_par' dir='ltr' id='par_1_84' title="bbox 2069 3787 3647 3872">
     <span class='ocr_line' id='line_1_84' title="bbox 2069 3787 3647 3872; baseline -0.011 -16"><span class='ocrx_word' id='word_1_651' title='bbox 2069 3811 2449 3872; x_wconf 74' lang='lat' dir='ltr'><strong>argumentum</strong></span> <span class='ocrx_word' id='word_1_652' title='bbox 2487 3815 2500 3853; x_wconf 88' lang='lat'><strong>:</strong></span> <span class='ocrx_word' id='word_1_653' title='bbox 2538 3812 2713 3867; x_wconf 90' lang='lat' dir='ltr'><strong>neque</strong></span> <span class='ocrx_word' id='word_1_654' title='bbox 2740 3794 2974 3851; x_wconf 90' lang='lat' dir='ltr'><strong>similem</strong></span> <span class='ocrx_word' id='word_1_655' title='bbox 3008 3791 3128 3847; x_wconf 86' lang='lat' dir='ltr'><strong>aliis</strong></span> <span class='ocrx_word' id='word_1_656' title='bbox 3156 3787 3466 3845; x_wconf 85' lang='lat' dir='ltr'><strong>hominibus</strong></span> <span class='ocrx_word' id='word_1_657' title='bbox 3499 3800 3647 3840; x_wconf 86' lang='lat' dir='ltr'><strong>mor-</strong></span> 
     </span>
    </p>
   </div>
   <div class='ocr_carea' id='block_1_85' title="bbox 2071 3879 3645 3957">
    <p class='ocr_par' dir='ltr' id='par_1_85' title="bbox 2071 3879 3645 3957">
     <span class='ocr_line' id='line_1_85' title="bbox 2071 3879 3645 3957; baseline -0.009 -10"><span class='ocrx_word' id='word_1_658' title='bbox 2071 3903 2177 3949; x_wconf 89' lang='lat' dir='ltr'><strong>tem</strong></span> <span class='ocrx_word' id='word_1_659' title='bbox 2213 3906 2272 3947; x_wconf 84' lang='lat' dir='ltr'><strong>es</strong></span> <span class='ocrx_word' id='word_1_660' title='bbox 2316 3897 2657 3947; x_wconf 89' lang='lat' dir='ltr'><strong>consecutus.</strong></span> <span class='ocrx_word' id='word_1_661' title='bbox 2708 3887 2784 3942; x_wconf 90' lang='lat' dir='ltr'><strong>Illi</strong></span> <span class='ocrx_word' id='word_1_662' title='bbox 2824 3886 3022 3957; x_wconf 86' lang='lat' dir='ltr'><strong>quippe</strong></span> <span class='ocrx_word' id='word_1_663' title='bbox 3060 3882 3263 3939; x_wconf 79' lang='lat' dir='ltr'><strong>sensim</strong></span> <span class='ocrx_word' id='word_1_664' title='bbox 3286 3921 3305 3948; x_wconf 87' lang='lat'><strong>,</strong></span> <span class='ocrx_word' id='word_1_665' title='bbox 3370 3879 3556 3950; x_wconf 86' lang='lat' dir='ltr'><strong>quiete</strong></span> <span class='ocrx_word' id='word_1_666' title='bbox 3588 3884 3645 3934; x_wconf 90' lang='lat' dir='ltr'><strong>et</strong></span> 
     </span>
    </p>
   </div>
   <div class='ocr_carea' id='block_1_86' title="bbox 2070 3969 3646 4072">
    <p class='ocr_par' dir='ltr' id='par_1_86' title="bbox 2070 3969 3646 4072">
     <span class='ocr_line' id='line_1_86' title="bbox 2070 3969 3646 4072; baseline -0.01 -31"><span class='ocrx_word' id='word_1_667' title='bbox 2070 3983 2212 4041; x_wconf 89' lang='lat' dir='ltr'><strong>domi</strong></span> <span class='ocrx_word' id='word_1_668' title='bbox 2241 3983 2484 4072; x_wconf 75' lang='lat' dir='ltr'><strong>debitum</strong></span> <span class='ocrx_word' id='word_1_669' title='bbox 2516 3981 2844 4046; x_wconf 87' lang='lat' dir='ltr'><strong>solverunt;</strong></span> <span class='ocrx_word' id='word_1_670' title='bbox 2878 3990 2934 4034; x_wconf 91' lang='lat' dir='ltr'><strong>tu</strong></span> <span class='ocrx_word' id='word_1_671' title='bbox 2961 3992 3090 4032; x_wconf 87' lang='lat' dir='ltr'><strong>vero</strong></span> <span class='ocrx_word' id='word_1_672' title='bbox 3139 3976 3483 4031; x_wconf 86' lang='lat' dir='ltr'><strong>inimicorum</strong></span> <span class='ocrx_word' id='word_1_673' title='bbox 3528 3969 3646 4044; x_wconf 80' lang='lat' dir='ltr'><strong>gla-</strong></span> 
     </span>
    </p>
   </div>
   <div class='ocr_carea' id='block_1_87' title="bbox 2070 4066 3642 4152">
    <p class='ocr_par' dir='ltr' id='par_1_87' title="bbox 2070 4066 3642 4152">
     <span class='ocr_line' id='line_1_87' title="bbox 2070 4066 3642 4152; baseline -0.01 -13"><span class='ocrx_word' id='word_1_674' title='bbox 2070 4081 2161 4139; x_wconf 91' lang='lat' dir='ltr'><strong>dio</strong></span> <span class='ocrx_word' id='word_1_675' title='bbox 2191 4082 2300 4135; x_wconf 89' lang='lat' dir='ltr'><strong>vita</strong></span> <span class='ocrx_word' id='word_1_676' title='bbox 2331 4066 2594 4152; x_wconf 79' lang='lat' dir='ltr'><strong>privatus.</strong></span> <span class='ocrx_word' id='word_1_677' title='bbox 2633 4075 2934 4145; x_wconf 80' lang='lat' dir='ltr'><strong>insepultus</strong></span> <span class='ocrx_word' id='word_1_678' title='bbox 2960 4071 3300 4146; x_wconf 76' lang='lat' dir='ltr'><strong>projieieris,</strong></span> <span class='ocrx_word' id='word_1_679' title='bbox 3328 4079 3388 4126; x_wconf 86' lang='lat' dir='ltr'><strong>et</strong></span> <span class='ocrx_word' id='word_1_680' title='bbox 3432 4068 3544 4124; x_wconf 84' lang='lat' dir='ltr'><strong>eris</strong></span> <span class='ocrx_word' id='word_1_681' title='bbox 3586 4066 3642 4123; x_wconf 91' lang='lat' dir='ltr'><strong>in</strong></span> 
     </span>
    </p>
   </div>
   <div class='ocr_carea' id='block_1_88' title="bbox 2069 4161 3646 4235">
    <p class='ocr_par' dir='ltr' id='par_1_88' title="bbox 2069 4161 3646 4235">
     <span class='ocr_line' id='line_1_88' title="bbox 2069 4161 3646 4235; baseline -0.011 -2"><span class='ocrx_word' id='word_1_682' title='bbox 2069 4190 2255 4233; x_wconf 77' lang='lat' dir='ltr'><strong>escam</strong></span> <span class='ocrx_word' id='word_1_683' title='bbox 2290 4173 2486 4231; x_wconf 83' lang='lat' dir='ltr'><strong>bestiis</strong></span> <span class='ocrx_word' id='word_1_684' title='bbox 2513 4179 2570 4226; x_wconf 87' lang='lat' dir='ltr'><strong>et</strong></span> <span class='ocrx_word' id='word_1_685' title='bbox 2603 4169 2935 4226; x_wconf 87' lang='lat' dir='ltr'><strong>volucribus.</strong></span> <span class='ocrx_word' id='word_1_686' title='bbox 2966 4165 3216 4234; x_wconf 90' lang='lat' dir='ltr'><strong>Quandiu</strong></span> <span class='ocrx_word' id='word_1_687' title='bbox 3265 4163 3431 4235; x_wconf 86' lang='lat' dir='ltr'><strong>igitur</strong></span> <span class='ocrx_word' id='word_1_688' title='bbox 3468 4161 3646 4232; x_wconf 83' lang='lat' dir='ltr'><strong>Baby-</strong></span> 
     </span>
    </p>
   </div>
   <div class='ocr_carea' id='block_1_89' title="bbox 2071 4256 3649 4337">
    <p class='ocr_par' dir='ltr' id='par_1_89' title="bbox 2071 4256 3649 4337">
     <span class='ocr_line' id='line_1_89' title="bbox 2071 4256 3649 4337; baseline -0.011 -13"><span class='ocrx_word' id='word_1_689' title='bbox 2071 4267 2163 4323; x_wconf 88' lang='lat' dir='ltr'><strong>lon</strong></span> <span class='ocrx_word' id='word_1_690' title='bbox 2187 4275 2465 4337; x_wconf 83' lang='lat' dir='ltr'><strong>superstes</strong></span> <span class='ocrx_word' id='word_1_691' title='bbox 2501 4263 2621 4327; x_wconf 86' lang='lat' dir='ltr'><strong>fuit.</strong></span> <span class='ocrx_word' id='word_1_692' title='bbox 2669 4277 2737 4319; x_wconf 89' lang='lat' dir='ltr'><strong>ac</strong></span> <span class='ocrx_word' id='word_1_693' title='bbox 2782 4261 3056 4331; x_wconf 88' lang='lat' dir='ltr'><strong>principes</strong></span> <span class='ocrx_word' id='word_1_694' title='bbox 3106 4256 3229 4327; x_wconf 82' lang='lat' dir='ltr'><strong>ejus</strong></span> <span class='ocrx_word' id='word_1_695' title='bbox 3278 4271 3500 4328; x_wconf 75' lang='lat' dir='ltr'><strong>regnum</strong></span> <span class='ocrx_word' id='word_1_696' title='bbox 3533 4269 3649 4308; x_wconf 82' lang='lat' dir='ltr'><strong>ma-</strong></span> 
     </span>
    </p>
   </div>
   <div class='ocr_carea' id='block_1_90' title="bbox 2069 4348 3646 4435">
    <p class='ocr_par' dir='ltr' id='par_1_90' title="bbox 2069 4348 3646 4435">
     <span class='ocr_line' id='line_1_90' title="bbox 2069 4348 3646 4435; baseline -0.011 -16"><span class='ocrx_word' id='word_1_697' title='bbox 2069 4376 2342 4435; x_wconf 81' lang='lat' dir='ltr'><strong>gnamque</strong></span> <span class='ocrx_word' id='word_1_698' title='bbox 2363 4359 2627 4417; x_wconf 87' lang='lat' dir='ltr'><strong>ditionem</strong></span> <span class='ocrx_word' id='word_1_699' title='bbox 2659 4366 2716 4413; x_wconf 90' lang='lat' dir='ltr'><strong>et</strong></span> <span class='ocrx_word' id='word_1_700' title='bbox 2741 4355 3040 4427; x_wconf 90' lang='lat' dir='ltr'><strong>potentiam</strong></span> <span class='ocrx_word' id='word_1_701' title='bbox 3064 4351 3419 4416; x_wconf 82' lang='lat' dir='ltr'><strong>obtinebant;</strong></span> <span class='ocrx_word' id='word_1_702' title='bbox 3451 4348 3646 4413; x_wconf 83' lang='lat' dir='ltr'><strong>virtus,</strong></span> 
     </span>
    </p>
   </div>
   <div class='ocr_carea' id='block_1_91' title="bbox 2070 4437 3645 4525">
    <p class='ocr_par' dir='ltr' id='par_1_91' title="bbox 2070 4437 3645 4525">
     <span class='ocr_line' id='line_1_91' title="bbox 2070 4437 3645 4525; baseline -0.014 -14"><span class='ocrx_word' id='word_1_703' title='bbox 2070 4468 2193 4525; x_wconf 71' lang='lat' dir='ltr'><strong>quae</strong></span> <span class='ocrx_word' id='word_1_704' title='bbox 2218 4452 2351 4525; x_wconf 88' lang='lat' dir='ltr'><strong>ipsis</strong></span> <span class='ocrx_word' id='word_1_705' title='bbox 2370 4448 2627 4522; x_wconf 65' lang='lat' dir='ltr'><strong>prafecta</strong></span> <span class='ocrx_word' id='word_1_706' title='bbox 2648 4455 2793 4512; x_wconf 85' lang='lat' dir='ltr'><strong>erat,</strong></span> <span class='ocrx_word' id='word_1_707' title='bbox 2823 4460 3016 4514; x_wconf 82' lang='lat' dir='ltr'><strong>magna</strong></span> <span class='ocrx_word' id='word_1_708' title='bbox 3047 4444 3276 4500; x_wconf 82' lang='lat' dir='ltr'><strong>fortasse</strong></span> <span class='ocrx_word' id='word_1_709' title='bbox 3299 4437 3645 4511; x_wconf 81' lang='lat' dir='ltr'><strong>perficiebat:</strong></span> 
     </span>
    </p>
   </div>
   <div class='ocr_carea' id='block_1_92' title="bbox 401 4530 1962 4629">
    <p class='ocr_par' dir='ltr' id='par_1_92' title="bbox 401 4530 1962 4622">
     <span class='ocr_line' id='line_1_92' title="bbox 401 4530 1962 4622; baseline 0.004 -22"><span class='ocrx_word' id='word_1_710' title='bbox 401 4546 668 4618; x_wconf 83' lang='grc' dir='ltr'>βασίλειόν</span> <span class='ocrx_word' id='word_1_711' title='bbox 695 4564 757 4602; x_wconf 80' lang='grc' dir='ltr'><strong>τε</strong></span> <span class='ocrx_word' id='word_1_712' title='bbox 789 4544 859 4620; x_wconf 80' lang='grc' dir='ltr'>ἦν</span> <span class='ocrx_word' id='word_1_713' title='bbox 898 4549 992 4603; x_wconf 71' lang='grc' dir='ltr'>καὶ</span> <span class='ocrx_word' id='word_1_714' title='bbox 1016 4549 1305 4604; x_wconf 84' lang='grc' dir='ltr'>δυναστεία</span> <span class='ocrx_word' id='word_1_715' title='bbox 1353 4530 1562 4622; x_wconf 81' lang='grc' dir='ltr'>μεγάλη</span> <span class='ocrx_word' id='word_1_716' title='bbox 1595 4530 1704 4607; x_wconf 85' lang='grc' dir='ltr'><strong>τῶν</strong></span> <span class='ocrx_word' id='word_1_717' title='bbox 1743 4552 1962 4607; x_wconf 76' lang='grc' dir='ltr'>αὐτόθεν</span> 
     </span>
    </p>
   </div>
   <div class='ocr_carea' id='block_1_93' title="bbox 2063 4530 3648 4629">
    <p class='ocr_par' dir='ltr' id='par_1_93' title="bbox 2073 4530 3648 4616">
     <span class='ocr_line' id='line_1_93' title="bbox 2073 4530 3648 4616; baseline -0.011 -16"><span class='ocrx_word' id='word_1_718' title='bbox 2073 4546 2162 4603; x_wconf 91' lang='lat' dir='ltr'><strong>ubi</strong></span> <span class='ocrx_word' id='word_1_719' title='bbox 2192 4555 2374 4603; x_wconf 82' lang='lat' dir='ltr'><strong>autem</strong></span> <span class='ocrx_word' id='word_1_720' title='bbox 2400 4543 2580 4616; x_wconf 88' lang='lat' dir='ltr'><strong>gentis</strong></span> <span class='ocrx_word' id='word_1_721' title='bbox 2612 4541 2755 4597; x_wconf 89' lang='lat' dir='ltr'><strong>illius</strong></span> <span class='ocrx_word' id='word_1_722' title='bbox 2781 4555 3006 4613; x_wconf 84' lang='lat' dir='ltr'><strong>regnum</strong></span> <span class='ocrx_word' id='word_1_723' title='bbox 3058 4538 3296 4594; x_wconf 87' lang='lat' dir='ltr'><strong>deletum</strong></span> <span class='ocrx_word' id='word_1_724' title='bbox 3341 4544 3445 4598; x_wconf 85' lang='lat' dir='ltr'><strong>est.</strong></span> <span class='ocrx_word' id='word_1_725' title='bbox 3496 4530 3648 4601; x_wconf 85' lang='lat' dir='ltr'><strong>prin-</strong></span> 
     </span>
    </p>
   </div>
   <div class='ocr_carea' id='block_1_94' title="bbox 398 4641 1971 4715">
    <p class='ocr_par' dir='ltr' id='par_1_94' title="bbox 398 4641 1971 4715">
     <span class='ocr_line' id='line_1_94' title="bbox 398 4641 1971 4715; baseline 0.003 -21"><span class='ocrx_word' id='word_1_726' title='bbox 398 4641 742 4714; x_wconf 86' lang='grc' dir='ltr'>κρατούντων</span> <span class='ocrx_word' id='word_1_727' title='bbox 757 4657 771 4672; x_wconf 91' lang='grc'><strong>·</strong></span> <span class='ocrx_word' id='word_1_728' title='bbox 808 4641 951 4712; x_wconf 84' lang='grc' dir='ltr'>τάχα</span> <span class='ocrx_word' id='word_1_729' title='bbox 988 4658 1092 4696; x_wconf 90' lang='grc' dir='ltr'><strong>που</strong></span> <span class='ocrx_word' id='word_1_730' title='bbox 1134 4644 1230 4697; x_wconf 57' lang='grc' dir='ltr'><strong>καὶ⁸</strong></span> <span class='ocrx_word' id='word_1_731' title='bbox 1260 4643 1294 4713; x_wconf 84' lang='grc' dir='ltr'><strong>ή</strong></span> <span class='ocrx_word' id='word_1_732' title='bbox 1342 4642 1705 4699; x_wconf 80' lang='grc' dir='ltr'>ἐπιστατοῦσα</span> <span class='ocrx_word' id='word_1_733' title='bbox 1746 4644 1971 4715; x_wconf 85' lang='grc' dir='ltr'>δύναμις</span> 
     </span>
    </p>
   </div>
   <div class='ocr_carea' id='block_1_95' title="bbox 396 4733 1968 4812">
    <p class='ocr_par' dir='ltr' id='par_1_95' title="bbox 396 4733 1968 4812">
     <span class='ocr_line' id='line_1_95' title="bbox 396 4733 1968 4812; baseline 0.001 -22"><span class='ocrx_word' id='word_1_734' title='bbox 396 4735 582 4797; x_wconf 79' lang='grc' dir='ltr'>αὐτοῖς</span> <span class='ocrx_word' id='word_1_735' title='bbox 610 4733 680 4788; x_wconf 83' lang='grc' dir='ltr'>τὰ</span> <span class='ocrx_word' id='word_1_736' title='bbox 711 4734 923 4805; x_wconf 83' lang='grc' dir='ltr'>μεγάλα</span> <span class='ocrx_word' id='word_1_737' title='bbox 955 4735 1320 4810; x_wconf 79' lang='grc' dir='ltr'>συνέπραττεν</span> <span class='ocrx_word' id='word_1_738' title='bbox 1341 4753 1356 4769; x_wconf 89' lang='grc'><strong>·</strong></span> <span class='ocrx_word' id='word_1_739' title='bbox 1404 4737 1526 4790; x_wconf 77' lang='grc' dir='ltr'>ἐπεὶ</span> <span class='ocrx_word' id='word_1_740' title='bbox 1554 4736 1611 4790; x_wconf 71' lang='grc' dir='ltr'>δὲ</span> <span class='ocrx_word' id='word_1_741' title='bbox 1645 4737 1908 4808; x_wconf 79' lang='grc' dir='ltr'>ἠφάνιστο</span> <span class='ocrx_word' id='word_1_742' title='bbox 1934 4740 1968 4812; x_wconf 73' lang='grc' dir='ltr'>ἡ</span> 
     </span>
    </p>
   </div>
   <div class='ocr_carea' id='block_1_96' title="bbox 400 4825 1971 4902">
    <p class='ocr_par' dir='ltr' id='par_1_96' title="bbox 400 4825 1971 4902">
     <span class='ocr_line' id='line_1_96' title="bbox 400 4825 1971 4902; baseline 0 -21"><span class='ocrx_word' id='word_1_743' title='bbox 400 4825 645 4897; x_wconf 86' lang='grc' dir='ltr'>βασιλεία</span> <span class='ocrx_word' id='word_1_744' title='bbox 675 4825 771 4879; x_wconf 83' lang='grc' dir='ltr'>τοῦ</span> <span class='ocrx_word' id='word_1_745' title='bbox 804 4825 1009 4892; x_wconf 75' lang='grc' dir='ltr'>ἔθνους,</span> <span class='ocrx_word' id='word_1_746' title='bbox 1052 4829 1149 4882; x_wconf 82' lang='grc' dir='ltr'>καὶ</span> <span class='ocrx_word' id='word_1_747' title='bbox 1172 4830 1200 4882; x_wconf 91' lang='lat'><strong>6</strong></span> <span class='ocrx_word' id='word_1_748' title='bbox 1238 4827 1481 4898; x_wconf 85' lang='grc' dir='ltr'>ἐφεστὼς</span> <span class='ocrx_word' id='word_1_749' title='bbox 1537 4829 1719 4893; x_wconf 75' lang='grc' dir='ltr'>αὐτοῖς</span> <span class='ocrx_word' id='word_1_750' title='bbox 1765 4829 1971 4902; x_wconf 79' lang='grc' dir='ltr'>ἄρχων,</span> 
     </span>
    </p>
   </div>
   <div class='ocr_carea' id='block_1_97' title="bbox 396 4916 1972 4999">
    <p class='ocr_par' dir='ltr' id='par_1_97' title="bbox 396 4916 1972 4999">
     <span class='ocr_line' id='line_1_97' title="bbox 396 4916 1972 4999; baseline 0.002 -28"><span class='ocrx_word' id='word_1_751' title='bbox 396 4916 640 4990; x_wconf 77' lang='grc' dir='ltr'>ὡσπερεὶ</span> <span class='ocrx_word' id='word_1_752' title='bbox 668 4916 964 4999; x_wconf 78' lang='grc' dir='ltr'>πληρώσας</span> <span class='ocrx_word' id='word_1_753' title='bbox 986 4920 1115 4982; x_wconf 75' lang='grc' dir='ltr'>τοὺς</span> <span class='ocrx_word' id='word_1_754' title='bbox 1135 4920 1329 4974; x_wconf 64' lang='grc' dir='ltr'>ἑαυτοῦ</span> <span class='ocrx_word' id='word_1_755' title='bbox 1361 4918 1605 4991; x_wconf 84' lang='grc' dir='ltr'>χρόνους,</span> <span class='ocrx_word' id='word_1_756' title='bbox 1631 4921 1713 4983; x_wconf 79' lang='grc' dir='ltr'><strong>είς</strong></span> <span class='ocrx_word' id='word_1_757' title='bbox 1743 4920 1836 4975; x_wconf 79' lang='grc' dir='ltr'>τὸν</span> <span class='ocrx_word' id='word_1_758' title='bbox 1863 4919 1972 4974; x_wconf 91' lang='grc' dir='ltr'><strong>τῶν</strong></span> 
     </span>
    </p>
   </div>
   <div class='ocr_carea' id='block_1_98' title="bbox 402 5006 1973 5087">
    <p class='ocr_par' dir='ltr' id='par_1_98' title="bbox 402 5006 1973 5087">
     <span class='ocr_line' id='line_1_98' title="bbox 402 5006 1973 5087; baseline 0.001 -22"><span class='ocrx_word' id='word_1_759' title='bbox 402 5010 609 5082; x_wconf 76' lang='grc' dir='ltr'>ὁμοίων</span> <span class='ocrx_word' id='word_1_760' title='bbox 665 5010 816 5082; x_wconf 73' lang='grc' dir='ltr'>αὐτῷ</span> <span class='ocrx_word' id='word_1_761' title='bbox 849 5010 1027 5084; x_wconf 77' lang='grc' dir='ltr'>χῶρον</span> <span class='ocrx_word' id='word_1_762' title='bbox 1060 5012 1529 5084; x_wconf 78' lang='grc' dir='ltr'>παρελαμὸἀνετο,</span> <span class='ocrx_word' id='word_1_763' title='bbox 1558 5014 1616 5067; x_wconf 80' lang='grc' dir='ltr'><strong>ἐν</strong></span> <span class='ocrx_word' id='word_1_764' title='bbox 1636 5006 1682 5083; x_wconf 82' lang='grc' dir='ltr'><strong>ᾧ</strong></span> <span class='ocrx_word' id='word_1_765' title='bbox 1709 5014 1973 5087; x_wconf 69' lang='grc' dir='ltr'>συνήντηο</span> 
     </span>
    </p>
   </div>
   <div class='ocr_carea' id='block_1_99' title="bbox 398 5103 1974 5178">
    <p class='ocr_par' dir='ltr' id='par_1_99' title="bbox 398 5103 1974 5178">
     <span class='ocr_line' id='line_1_99' title="bbox 398 5103 1974 5178; baseline -0.003 -17"><span class='ocrx_word' id='word_1_766' title='bbox 398 5118 502 5161; x_wconf 87' lang='grc' dir='ltr'><strong>σαν</strong></span> <span class='ocrx_word' id='word_1_767' title='bbox 520 5103 669 5174; x_wconf 76' lang='grc' dir='ltr'>αὐτῷ</span> <span class='ocrx_word' id='word_1_768' title='bbox 686 5103 888 5168; x_wconf 77' lang='grc' dir='ltr'>πάντες</span> <span class='ocrx_word' id='word_1_769' title='bbox 906 5105 956 5158; x_wconf 72' lang='lat' dir='ltr'><strong>oi</strong></span> <span class='ocrx_word' id='word_1_770' title='bbox 989 5103 1231 5176; x_wconf 74' lang='grc' dir='ltr'>Ῥαφατμ</span> <span class='ocrx_word' id='word_1_771' title='bbox 1258 5105 1599 5178; x_wconf 82' lang='grc' dir='ltr'>καλούμενοι,</span> <span class='ocrx_word' id='word_1_772' title='bbox 1633 5106 1667 5178; x_wconf 81' lang='grc' dir='ltr'>ἢ</span> <span class='ocrx_word' id='word_1_773' title='bbox 1700 5108 1751 5160; x_wconf 80' lang='grc' dir='ltr'>οἱ</span> <span class='ocrx_word' id='word_1_774' title='bbox 1783 5106 1974 5176; x_wconf 65' lang='grc' dir='ltr'>γίγανφ</span> 
     </span>
    </p>
   </div>
   <div class='ocr_carea' id='block_1_100' title="bbox 398 5187 1974 5269">
    <p class='ocr_par' dir='ltr' id='par_1_100' title="bbox 398 5187 1974 5269">
     <span class='ocr_line' id='line_1_100' title="bbox 398 5187 1974 5269; baseline 0.001 -20"><span class='ocrx_word' id='word_1_775' title='bbox 398 5209 523 5259; x_wconf 81' lang='grc' dir='ltr'>τες·</span> <span class='ocrx_word' id='word_1_776' title='bbox 557 5187 703 5252; x_wconf 70' lang='grc' dir='ltr'>οὗτοι</span> <span class='ocrx_word' id='word_1_777' title='bbox 726 5196 791 5251; x_wconf 74' lang='grc' dir='ltr'><strong>δέ</strong></span> <span class='ocrx_word' id='word_1_778' title='bbox 818 5196 912 5253; x_wconf 67' lang='grc' dir='ltr'>καὶ</span> <span class='ocrx_word' id='word_1_779' title='bbox 943 5196 1097 5252; x_wconf 74' lang='grc' dir='ltr'>αὐτοὶ</span> <span class='ocrx_word' id='word_1_780' title='bbox 1131 5196 1387 5269; x_wconf 82' lang='grc' dir='ltr'>δυνάμεις</span> <span class='ocrx_word' id='word_1_781' title='bbox 1416 5198 1537 5261; x_wconf 80' lang='grc' dir='ltr'>,είσί</span> <span class='ocrx_word' id='word_1_782' title='bbox 1576 5215 1739 5263; x_wconf 81' lang='grc' dir='ltr'>τινες,</span> <span class='ocrx_word' id='word_1_783' title='bbox 1782 5198 1860 5263; x_wconf 81' lang='grc' dir='ltr'>αἳ,</span> <span class='ocrx_word' id='word_1_784' title='bbox 1898 5197 1974 5262; x_wconf 85' lang='grc' dir='ltr'><strong>ὡς</strong></span> 
     </span>
    </p>
   </div>
   <div class='ocr_carea' id='block_1_101' title="bbox 399 5284 1975 5363">
    <p class='ocr_par' dir='ltr' id='par_1_101' title="bbox 399 5284 1975 5363">
     <span class='ocr_line' id='line_1_101' title="bbox 399 5284 1975 5363; baseline 0 -20"><span class='ocrx_word' id='word_1_785' title='bbox 399 5288 567 5354; x_wconf 75' lang='grc' dir='ltr'>εἰκὸς,</span> <span class='ocrx_word' id='word_1_786' title='bbox 593 5284 736 5360; x_wconf 79' lang='grc' dir='ltr'>ἦσαν</span> <span class='ocrx_word' id='word_1_787' title='bbox 767 5290 967 5360; x_wconf 79' lang='grc' dir='ltr'>ἐτέρων</span> <span class='ocrx_word' id='word_1_788' title='bbox 1004 5288 1174 5344; x_wconf 82' lang='grc' dir='ltr'>ἐθνῶν</span> <span class='ocrx_word' id='word_1_789' title='bbox 1207 5289 1349 5344; x_wconf 85' lang='grc' dir='ltr'><strong>κατά</strong></span> <span class='ocrx_word' id='word_1_790' title='bbox 1390 5290 1613 5363; x_wconf 86' lang='grc' dir='ltr'>χρόνους</span> <span class='ocrx_word' id='word_1_791' title='bbox 1659 5291 1760 5345; x_wconf 80' lang='grc' dir='ltr'>οὐκ</span> <span class='ocrx_word' id='word_1_792' title='bbox 1800 5289 1975 5363; x_wconf 82' lang='grc' dir='ltr'>ὀρθῶς</span> 
     </span>
    </p>
   </div>
   <div class='ocr_carea' id='block_1_102' title="bbox 400 5376 1975 5454">
    <p class='ocr_par' dir='ltr' id='par_1_102' title="bbox 400 5376 1975 5454">
     <span class='ocr_line' id='line_1_102' title="bbox 400 5376 1975 5454; baseline 0.002 -20"><span class='ocrx_word' id='word_1_793' title='bbox 400 5380 765 5453; x_wconf 73' lang='grc' dir='ltr'>ήγησάμεναι.</span> <span class='ocrx_word' id='word_1_794' title='bbox 787 5382 935 5453; x_wconf 75' lang='grc' dir='ltr'>Μήτ.</span> <span class='ocrx_word' id='word_1_795' title='bbox 955 5378 1050 5437; x_wconf 75' lang='grc' dir='ltr'>οὖν</span> <span class='ocrx_word' id='word_1_796' title='bbox 1079 5383 1242 5447; x_wconf 77' lang='grc' dir='ltr'>αὐτὸς</span> <span class='ocrx_word' id='word_1_797' title='bbox 1289 5376 1444 5446; x_wconf 72' lang='grc' dir='ltr'>οὗτος</span> <span class='ocrx_word' id='word_1_798' title='bbox 1472 5384 1500 5436; x_wconf 87' lang='grc' dir='ltr'><strong>ό</strong></span> <span class='ocrx_word' id='word_1_799' title='bbox 1523 5382 1625 5454; x_wconf 85' lang='grc' dir='ltr'>τῆς</span> <span class='ocrx_word' id='word_1_800' title='bbox 1659 5382 1975 5449; x_wconf 75' lang='grc' dir='ltr'>Βαϐυλῶνος</span> 
     </span>
    </p>
   </div>
   <div class='ocr_carea' id='block_1_103' title="bbox 399 5467 1976 5546">
    <p class='ocr_par' dir='ltr' id='par_1_103' title="bbox 399 5467 1976 5546">
     <span class='ocr_line' id='line_1_103' title="bbox 399 5467 1976 5546; baseline 0.004 -25"><span class='ocrx_word' id='word_1_801' title='bbox 399 5467 584 5541; x_wconf 75' lang='grc' dir='ltr'>ἅρχων</span> <span class='ocrx_word' id='word_1_802' title='bbox 613 5470 744 5523; x_wconf 79' lang='grc' dir='ltr'>ποτὲ</span> <span class='ocrx_word' id='word_1_803' title='bbox 767 5470 1027 5538; x_wconf 84' lang='grc' dir='ltr'>γεγονὼς,</span> <span class='ocrx_word' id='word_1_804' title='bbox 1049 5472 1151 5544; x_wconf 83' lang='grc' dir='ltr'><strong>τὴν</strong></span> <span class='ocrx_word' id='word_1_805' title='bbox 1172 5471 1364 5526; x_wconf 68' lang='grc' dir='ltr'>ἑαυτοῦ</span> <span class='ocrx_word' id='word_1_806' title='bbox 1395 5474 1498 5543; x_wconf 80' lang='grc' dir='ltr'>γῆν</span> <span class='ocrx_word' id='word_1_807' title='bbox 1517 5471 1808 5546; x_wconf 76' lang='grc' dir='ltr'>διέφθειρε,</span> <span class='ocrx_word' id='word_1_808' title='bbox 1841 5472 1976 5537; x_wconf 80' lang='grc' dir='ltr'>Θεὸς</span> 
     </span>
    </p>
   </div>
   <div class='ocr_carea' id='block_1_104' title="bbox 401 5560 1975 5634">
    <p class='ocr_par' dir='ltr' id='par_1_104' title="bbox 401 5560 1975 5634">
     <span class='ocr_line' id='line_1_104' title="bbox 401 5560 1975 5634; baseline 0.003 -21"><span class='ocrx_word' id='word_1_809' title='bbox 401 5560 530 5632; x_wconf 75' lang='grc' dir='ltr'>παρῖ</span> <span class='ocrx_word' id='word_1_810' title='bbox 559 5561 742 5625; x_wconf 71' lang='grc' dir='ltr'>αὐτοῖς</span> <span class='ocrx_word' id='word_1_811' title='bbox 753 5560 1125 5634; x_wconf 78' lang='grc' dir='ltr'>νομιζόμενος,</span> <span class='ocrx_word' id='word_1_812' title='bbox 1169 5563 1311 5618; x_wconf 77' lang='grc' dir='ltr'>οὓτω</span> <span class='ocrx_word' id='word_1_813' title='bbox 1327 5563 1383 5618; x_wconf 75' lang='grc' dir='ltr'>δὲ</span> <span class='ocrx_word' id='word_1_814' title='bbox 1404 5564 1497 5618; x_wconf 74' lang='grc' dir='ltr'>καὶ</span> <span class='ocrx_word' id='word_1_815' title='bbox 1522 5565 1612 5618; x_wconf 86' lang='grc' dir='ltr'>τὸν</span> <span class='ocrx_word' id='word_1_816' title='bbox 1626 5564 1820 5619; x_wconf 69' lang='grc' dir='ltr'>ἑαυτοῦ</span> <span class='ocrx_word' id='word_1_817' title='bbox 1847 5564 1975 5618; x_wconf 83' lang='grc' dir='ltr'>λαόν</span> 
     </span>
    </p>
   </div>
   <div class='ocr_carea' id='block_1_105' title="bbox 397 5651 1975 5730">
    <p class='ocr_par' dir='ltr' id='par_1_105' title="bbox 397 5651 1975 5730">
     <span class='ocr_line' id='line_1_105' title="bbox 397 5651 1975 5730; baseline 0.006 -26"><span class='ocrx_word' id='word_1_818' title='bbox 397 5651 712 5715; x_wconf 78' lang='grc' dir='ltr'>ἀπέκτεινε,</span> <span class='ocrx_word' id='word_1_819' title='bbox 744 5653 840 5708; x_wconf 78' lang='grc' dir='ltr'>καὶ</span> <span class='ocrx_word' id='word_1_820' title='bbox 868 5654 994 5718; x_wconf 76' lang='grc' dir='ltr'>τοὺς</span> <span class='ocrx_word' id='word_1_821' title='bbox 1023 5655 1214 5711; x_wconf 77' lang='grc' dir='ltr'>ἑαυτοῦ</span> <span class='ocrx_word' id='word_1_822' title='bbox 1258 5658 1411 5722; x_wconf 79' lang='grc' dir='ltr'>υἱοὺς</span> <span class='ocrx_word' id='word_1_823' title='bbox 1452 5660 1632 5729; x_wconf 82' lang='grc' dir='ltr'>σφαγῇ</span> <span class='ocrx_word' id='word_1_824' title='bbox 1666 5656 1975 5730; x_wconf 81' lang='grc' dir='ltr'>παραδέδω-</span> 
     </span>
    </p>
   </div>
   <div class='ocr_carea' id='block_1_106' title="bbox 400 5741 1975 5821">
    <p class='ocr_par' dir='ltr' id='par_1_106' title="bbox 400 5741 1975 5821">
     <span class='ocr_line' id='line_1_106' title="bbox 400 5741 1975 5821; baseline 0.001 -22"><span class='ocrx_word' id='word_1_825' title='bbox 400 5758 518 5804; x_wconf 71' lang='grc' dir='ltr'>κεν,</span> <span class='ocrx_word' id='word_1_826' title='bbox 553 5743 633 5807; x_wconf 88' lang='grc' dir='ltr'><strong>είς</strong></span> <span class='ocrx_word' id='word_1_827' title='bbox 655 5741 931 5821; x_wconf 82' lang='grc' dir='ltr'>ἀπώλειαν</span> <span class='ocrx_word' id='word_1_828' title='bbox 963 5747 1075 5810; x_wconf 83' lang='grc' dir='ltr'>τοῖς</span> <span class='ocrx_word' id='word_1_829' title='bbox 1109 5742 1196 5801; x_wconf 66' lang='grc' dir='ltr'><strong>ὑπ’</strong></span> <span class='ocrx_word' id='word_1_830' title='bbox 1225 5746 1391 5801; x_wconf 79' lang='grc' dir='ltr'>αὐτοῦ</span> <span class='ocrx_word' id='word_1_831' title='bbox 1418 5747 1763 5820; x_wconf 78' lang='grc' dir='ltr'>ἀρχομένοις,</span> <span class='ocrx_word' id='word_1_832' title='bbox 1793 5748 1885 5801; x_wconf 74' lang='grc' dir='ltr'><strong>διὰ</strong></span> <span class='ocrx_word' id='word_1_833' title='bbox 1913 5749 1975 5802; x_wconf 80' lang='grc' dir='ltr'>τὸ</span> 
     </span>
    </p>
   </div>
   <div class='ocr_carea' id='block_1_107' title="bbox 401 5833 1973 5908">
    <p class='ocr_par' dir='ltr' id='par_1_107' title="bbox 401 5833 1973 5908">
     <span class='ocr_line' id='line_1_107' title="bbox 401 5833 1973 5908; baseline 0.002 -18"><span class='ocrx_word' id='word_1_834' title='bbox 401 5833 721 5908; x_wconf 69' lang='grc' dir='ltr'>νομισθῆναι</span> <span class='ocrx_word' id='word_1_835' title='bbox 766 5835 895 5908; x_wconf 81' lang='grc' dir='ltr'>παρ’</span> <span class='ocrx_word' id='word_1_836' title='bbox 938 5836 1122 5904; x_wconf 74' lang='grc' dir='ltr'>αὐτοῖς</span> <span class='ocrx_word' id='word_1_837' title='bbox 1164 5836 1295 5902; x_wconf 82' lang='grc' dir='ltr'>Θεὸς</span> <span class='ocrx_word' id='word_1_838' title='bbox 1336 5834 1473 5895; x_wconf 72' lang='grc' dir='ltr'>εἶναι</span> <span class='ocrx_word' id='word_1_839' title='bbox 1503 5837 1770 5908; x_wconf 83' lang='grc' dir='ltr'>γεγονώς;</span> <span class='ocrx_word' id='word_1_840' title='bbox 1819 5839 1883 5893; x_wconf 79' lang='lat' dir='ltr'><strong>El</strong></span> <span class='ocrx_word' id='word_1_841' title='bbox 1929 5838 1973 5893; x_wconf 79' lang='grc' dir='ltr'>δ’</span> 
     </span>
    </p>
   </div>
   <div class='ocr_carea' id='block_1_108' title="bbox 2073 4623 3647 4710">
    <p class='ocr_par' dir='ltr' id='par_1_108' title="bbox 2073 4623 3647 4710">
     <span class='ocr_line' id='line_1_108' title="bbox 2073 4623 3647 4710; baseline -0.015 -11"><span class='ocrx_word' id='word_1_842' title='bbox 2073 4654 2201 4710; x_wconf 68' lang='lat' dir='ltr'><strong>crps</strong></span> <span class='ocrx_word' id='word_1_843' title='bbox 2225 4652 2440 4709; x_wconf 89' lang='lat' dir='ltr'><strong>quoque</strong></span> <span class='ocrx_word' id='word_1_844' title='bbox 2465 4637 2597 4708; x_wconf 86' lang='lat' dir='ltr'><strong>ipsis</strong></span> <span class='ocrx_word' id='word_1_845' title='bbox 2622 4635 2914 4708; x_wconf 68' lang='lat' dir='ltr'><strong>praefectus</strong></span> <span class='ocrx_word' id='word_1_846' title='bbox 2934 4673 2951 4696; x_wconf 89' lang='lat'><strong>.</strong></span> <span class='ocrx_word' id='word_1_847' title='bbox 2975 4641 3164 4702; x_wconf 83' lang='lat' dir='ltr'><strong>utpote</strong></span> <span class='ocrx_word' id='word_1_848' title='bbox 3188 4628 3300 4697; x_wconf 84' lang='lat' dir='ltr'><strong>jam</strong></span> <span class='ocrx_word' id='word_1_849' title='bbox 3332 4643 3430 4684; x_wconf 82' lang='lat' dir='ltr'><strong>suo</strong></span> <span class='ocrx_word' id='word_1_850' title='bbox 3462 4623 3647 4693; x_wconf 86' lang='lat' dir='ltr'><strong>elapso</strong></span> 
     </span>
    </p>
   </div>
   <div class='ocr_carea' id='block_1_109' title="bbox 2075 4716 3647 4802">
    <p class='ocr_par' dir='ltr' id='par_1_109' title="bbox 2075 4716 3647 4802">
     <span class='ocr_line' id='line_1_109' title="bbox 2075 4716 3647 4802; baseline -0.01 -16"><span class='ocrx_word' id='word_1_851' title='bbox 2075 4742 2316 4802; x_wconf 87' lang='lat' dir='ltr'><strong>tempore</strong></span> <span class='ocrx_word' id='word_1_852' title='bbox 2341 4771 2357 4797; x_wconf 87' lang='lat'><strong>,</strong></span> <span class='ocrx_word' id='word_1_853' title='bbox 2389 4731 2443 4787; x_wconf 93' lang='lat' dir='ltr'><strong>in</strong></span> <span class='ocrx_word' id='word_1_854' title='bbox 2469 4732 2569 4788; x_wconf 90' lang='lat' dir='ltr'><strong>sibi</strong></span> <span class='ocrx_word' id='word_1_855' title='bbox 2606 4728 2864 4787; x_wconf 88' lang='lat' dir='ltr'><strong>similium</strong></span> <span class='ocrx_word' id='word_1_856' title='bbox 2901 4728 3078 4782; x_wconf 87' lang='lat' dir='ltr'><strong>locum</strong></span> <span class='ocrx_word' id='word_1_857' title='bbox 3123 4732 3374 4791; x_wconf 83' lang='lat' dir='ltr'><strong>receptus</strong></span> <span class='ocrx_word' id='word_1_858' title='bbox 3405 4728 3521 4784; x_wconf 84' lang='lat' dir='ltr'><strong>est,</strong></span> <span class='ocrx_word' id='word_1_859' title='bbox 3556 4716 3647 4771; x_wconf 88' lang='lat' dir='ltr'><strong>ubi</strong></span> 
     </span>
    </p>
   </div>
   <div class='ocr_carea' id='block_1_110' title="bbox 2073 4807 3645 4895">
    <p class='ocr_par' dir='ltr' id='par_1_110' title="bbox 2073 4807 3645 4895">
     <span class='ocr_line' id='line_1_110' title="bbox 2073 4807 3645 4895; baseline -0.011 -17"><span class='ocrx_word' id='word_1_860' title='bbox 2073 4834 2430 4880; x_wconf 81' lang='lat' dir='ltr'><strong>occurrerunt</strong></span> <span class='ocrx_word' id='word_1_861' title='bbox 2476 4824 2576 4895; x_wconf 90' lang='lat' dir='ltr'><strong>ipsi</strong></span> <span class='ocrx_word' id='word_1_862' title='bbox 2622 4837 2814 4879; x_wconf 87' lang='lat' dir='ltr'><strong>omnes</strong></span> <span class='ocrx_word' id='word_1_863' title='bbox 2882 4819 2975 4890; x_wconf 87' lang='lat' dir='ltr'><strong>qui</strong></span> <span class='ocrx_word' id='word_1_864' title='bbox 3031 4825 3296 4871; x_wconf 85' lang='lat' dir='ltr'><strong>vocantur</strong></span> <span class='ocrx_word' id='word_1_865' title='bbox 3352 4807 3645 4880; x_wconf 81' lang='lat' dir='ltr'><strong>Rapbaim,</strong></span> 
     </span>
    </p>
   </div>
   <div class='ocr_carea' id='block_1_111' title="bbox 2075 4905 3647 4987">
    <p class='ocr_par' dir='ltr' id='par_1_111' title="bbox 2075 4905 3647 4987">
     <span class='ocr_line' id='line_1_111' title="bbox 2075 4905 3647 4987; baseline -0.011 -16"><span class='ocrx_word' id='word_1_866' title='bbox 2075 4915 2191 4970; x_wconf 85' lang='lat' dir='ltr'><strong>sive</strong></span> <span class='ocrx_word' id='word_1_867' title='bbox 2257 4916 2547 4987; x_wconf 78' lang='lat' dir='ltr'><strong>gigantes:</strong></span> <span class='ocrx_word' id='word_1_868' title='bbox 2586 4915 2640 4971; x_wconf 86' lang='lat' dir='ltr'><strong>bi</strong></span> <span class='ocrx_word' id='word_1_869' title='bbox 2690 4915 2857 4971; x_wconf 88' lang='lat' dir='ltr'><strong>etiam</strong></span> <span class='ocrx_word' id='word_1_870' title='bbox 2907 4910 3141 4964; x_wconf 88' lang='lat' dir='ltr'><strong>virtutes</strong></span> <span class='ocrx_word' id='word_1_871' title='bbox 3206 4905 3455 4975; x_wconf 76' lang='lat' dir='ltr'><strong>quaedam</strong></span> <span class='ocrx_word' id='word_1_872' title='bbox 3519 4906 3647 4956; x_wconf 82' lang='lat' dir='ltr'><strong>sunt</strong></span> 
     </span>
    </p>
   </div>
   <div class='ocr_carea' id='block_1_112' title="bbox 2074 4992 3650 5077">
    <p class='ocr_par' dir='ltr' id='par_1_112' title="bbox 2074 4992 3650 5077">
     <span class='ocr_line' id='line_1_112' title="bbox 2074 4992 3650 5077; baseline -0.008 -13"><span class='ocrx_word' id='word_1_873' title='bbox 2074 5024 2231 5077; x_wconf 69' lang='lat' dir='ltr'><strong>qua,</strong></span> <span class='ocrx_word' id='word_1_874' title='bbox 2261 5018 2319 5063; x_wconf 91' lang='lat' dir='ltr'><strong>ut</strong></span> <span class='ocrx_word' id='word_1_875' title='bbox 2341 5009 2565 5065; x_wconf 85' lang='lat' dir='ltr'><strong>credere</strong></span> <span class='ocrx_word' id='word_1_876' title='bbox 2595 5015 2719 5073; x_wconf 85' lang='lat' dir='ltr'><strong>est,</strong></span> <span class='ocrx_word' id='word_1_877' title='bbox 2750 5006 2875 5061; x_wconf 85' lang='lat' dir='ltr'><strong>aliis</strong></span> <span class='ocrx_word' id='word_1_878' title='bbox 2894 5002 3177 5075; x_wconf 79' lang='lat' dir='ltr'><strong>gentibus,</strong></span> <span class='ocrx_word' id='word_1_879' title='bbox 3206 5009 3358 5056; x_wconf 86' lang='lat' dir='ltr'><strong>certo</strong></span> <span class='ocrx_word' id='word_1_880' title='bbox 3388 4992 3650 5063; x_wconf 70' lang='lat' dir='ltr'><strong>temporis</strong></span> 
     </span>
    </p>
   </div>
   <div class='ocr_carea' id='block_1_113' title="bbox 2075 5083 3647 5168">
    <p class='ocr_par' dir='ltr' id='par_1_113' title="bbox 2075 5083 3647 5168">
     <span class='ocr_line' id='line_1_113' title="bbox 2075 5083 3647 5168; baseline -0.01 -16"><span class='ocrx_word' id='word_1_881' title='bbox 2075 5098 2257 5166; x_wconf 84' lang='lat' dir='ltr'><strong>spatio</strong></span> <span class='ocrx_word' id='word_1_882' title='bbox 2287 5113 2394 5153; x_wconf 85' lang='lat' dir='ltr'><strong>non</strong></span> <span class='ocrx_word' id='word_1_883' title='bbox 2425 5106 2571 5154; x_wconf 86' lang='lat' dir='ltr'><strong>recte</strong></span> <span class='ocrx_word' id='word_1_884' title='bbox 2611 5095 2965 5168; x_wconf 68' lang='lat' dir='ltr'><strong>praefuerant.</strong></span> <span class='ocrx_word' id='word_1_885' title='bbox 2997 5090 3138 5145; x_wconf 82' lang='lat' dir='ltr'><strong>Num</strong></span> <span class='ocrx_word' id='word_1_886' title='bbox 3180 5089 3343 5161; x_wconf 84' lang='lat' dir='ltr'><strong>igitur</strong></span> <span class='ocrx_word' id='word_1_887' title='bbox 3377 5085 3468 5141; x_wconf 85' lang='lat' dir='ltr'><strong>hie</strong></span> <span class='ocrx_word' id='word_1_888' title='bbox 3508 5083 3647 5154; x_wconf 80' lang='lat' dir='ltr'><strong>ipse,</strong></span> 
     </span>
    </p>
   </div>
   <div class='ocr_carea' id='block_1_114' title="bbox 2076 5174 3648 5262">
    <p class='ocr_par' dir='ltr' id='par_1_114' title="bbox 2076 5174 3648 5262">
     <span class='ocr_line' id='line_1_114' title="bbox 2076 5174 3648 5262; baseline -0.012 -16"><span class='ocrx_word' id='word_1_889' title='bbox 2076 5192 2205 5246; x_wconf 91' lang='lat' dir='ltr'><strong>olim</strong></span> <span class='ocrx_word' id='word_1_890' title='bbox 2258 5189 2553 5262; x_wconf 78' lang='lat' dir='ltr'><strong>Babylonis</strong></span> <span class='ocrx_word' id='word_1_891' title='bbox 2612 5189 2866 5260; x_wconf 84' lang='lat' dir='ltr'><strong>princeps</strong></span> <span class='ocrx_word' id='word_1_892' title='bbox 2922 5196 3125 5242; x_wconf 75' lang='lat' dir='ltr'><strong>terram</strong></span> <span class='ocrx_word' id='word_1_893' title='bbox 3161 5186 3335 5252; x_wconf 56' lang='lat' dir='ltr'><strong>leuam</strong></span> <span class='ocrx_word' id='word_1_894' title='bbox 3384 5174 3648 5244; x_wconf 87' lang='lat' dir='ltr'><strong>corrupit,</strong></span> 
     </span>
    </p>
   </div>
   <div class='ocr_carea' id='block_1_115' title="bbox 2078 5270 3651 5354">
    <p class='ocr_par' dir='ltr' id='par_1_115' title="bbox 2078 5270 3651 5354">
     <span class='ocr_line' id='line_1_115' title="bbox 2078 5270 3651 5354; baseline -0.011 -17"><span class='ocrx_word' id='word_1_895' title='bbox 2078 5282 2220 5337; x_wconf 88' lang='lat' dir='ltr'><strong>Deus</strong></span> <span class='ocrx_word' id='word_1_896' title='bbox 2253 5298 2421 5354; x_wconf 83' lang='lat' dir='ltr'><strong>penes</strong></span> <span class='ocrx_word' id='word_1_897' title='bbox 2446 5282 2570 5338; x_wconf 88' lang='lat' dir='ltr'><strong>illos</strong></span> <span class='ocrx_word' id='word_1_898' title='bbox 2597 5281 2825 5353; x_wconf 86' lang='lat' dir='ltr'><strong>populos</strong></span> <span class='ocrx_word' id='word_1_899' title='bbox 2851 5278 3224 5341; x_wconf 73' lang='lat' dir='ltr'><strong>existimatus,</strong></span> <span class='ocrx_word' id='word_1_900' title='bbox 3253 5283 3417 5340; x_wconf 83' lang='lat' dir='ltr'><strong>atque</strong></span> <span class='ocrx_word' id='word_1_901' title='bbox 3444 5270 3520 5325; x_wconf 85' lang='lat' dir='ltr'><strong>ita</strong></span> <span class='ocrx_word' id='word_1_902' title='bbox 3553 5281 3651 5335; x_wconf 79' lang='lat' dir='ltr'><strong>po-</strong></span> 
     </span>
    </p>
   </div>
   <div class='ocr_carea' id='block_1_116' title="bbox 2076 5362 3651 5443">
    <p class='ocr_par' dir='ltr' id='par_1_116' title="bbox 2076 5362 3651 5443">
     <span class='ocr_line' id='line_1_116' title="bbox 2076 5362 3651 5443; baseline -0.009 -14"><span class='ocrx_word' id='word_1_903' title='bbox 2076 5375 2259 5443; x_wconf 87' lang='lat' dir='ltr'><strong>pulum</strong></span> <span class='ocrx_word' id='word_1_904' title='bbox 2276 5390 2436 5430; x_wconf 86' lang='lat' dir='ltr'><strong>suum</strong></span> <span class='ocrx_word' id='word_1_905' title='bbox 2450 5374 2673 5439; x_wconf 81' lang='lat' dir='ltr'><strong>occidit,</strong></span> <span class='ocrx_word' id='word_1_906' title='bbox 2696 5388 2760 5428; x_wconf 85' lang='lat' dir='ltr'><strong>ac</strong></span> <span class='ocrx_word' id='word_1_907' title='bbox 2783 5372 2922 5427; x_wconf 85' lang='lat' dir='ltr'><strong>filios</strong></span> <span class='ocrx_word' id='word_1_908' title='bbox 2936 5386 3064 5427; x_wconf 87' lang='lat' dir='ltr'><strong>suos</strong></span> <span class='ocrx_word' id='word_1_909' title='bbox 3082 5369 3198 5425; x_wconf 86' lang='lat' dir='ltr'><strong>uoci</strong></span> <span class='ocrx_word' id='word_1_910' title='bbox 3218 5362 3472 5428; x_wconf 84' lang='lat' dir='ltr'><strong>tradidit;</strong></span> <span class='ocrx_word' id='word_1_911' title='bbox 3491 5371 3651 5429; x_wconf 75' lang='lat' dir='ltr'><strong>atque</strong></span> 
     </span>
    </p>
   </div>
   <div class='ocr_carea' id='block_1_117' title="bbox 2079 5451 3651 5541">
    <p class='ocr_par' dir='ltr' id='par_1_117' title="bbox 2079 5451 3651 5541">
     <span class='ocr_line' id='line_1_117' title="bbox 2079 5451 3651 5541; baseline -0.013 -16"><span class='ocrx_word' id='word_1_912' title='bbox 2079 5471 2131 5525; x_wconf 92' lang='lat' dir='ltr'><strong>iu</strong></span> <span class='ocrx_word' id='word_1_913' title='bbox 2160 5470 2459 5541; x_wconf 86' lang='lat' dir='ltr'><strong>perniciem</strong></span> <span class='ocrx_word' id='word_1_914' title='bbox 2490 5468 2709 5525; x_wconf 84' lang='lat' dir='ltr'><strong>subdito</strong></span> <span class='ocrx_word' id='word_1_915' title='bbox 2741 5467 2843 5523; x_wconf 86' lang='lat' dir='ltr'><strong>sibi</strong></span> <span class='ocrx_word' id='word_1_916' title='bbox 2872 5465 3072 5538; x_wconf 87' lang='lat' dir='ltr'><strong>popqu</strong></span> <span class='ocrx_word' id='word_1_917' title='bbox 3099 5465 3219 5530; x_wconf 85' lang='lat' dir='ltr'><strong>fuit,</strong></span> <span class='ocrx_word' id='word_1_918' title='bbox 3249 5460 3375 5531; x_wconf 87' lang='lat' dir='ltr'><strong>quia</strong></span> <span class='ocrx_word' id='word_1_919' title='bbox 3415 5456 3484 5512; x_wconf 81' lang='lat' dir='ltr'><strong>ab</strong></span> <span class='ocrx_word' id='word_1_920' title='bbox 3518 5451 3651 5525; x_wconf 82' lang='lat' dir='ltr'><strong>ipsis</strong></span> 
     </span>
    </p>
   </div>
   <div class='ocr_carea' id='block_1_118' title="bbox 2078 5548 3649 5625">
    <p class='ocr_par' dir='ltr' id='par_1_118' title="bbox 2078 5548 3649 5625">
     <span class='ocr_line' id='line_1_118' title="bbox 2078 5548 3649 5625; baseline -0.011 -10"><span class='ocrx_word' id='word_1_921' title='bbox 2078 5568 2135 5615; x_wconf 88' lang='lat' dir='ltr'><strong>ut</strong></span> <span class='ocrx_word' id='word_1_922' title='bbox 2157 5559 2300 5614; x_wconf 86' lang='lat' dir='ltr'><strong>Deus</strong></span> <span class='ocrx_word' id='word_1_923' title='bbox 2322 5557 2537 5613; x_wconf 80' lang='lat' dir='ltr'><strong>habitus</strong></span> <span class='ocrx_word' id='word_1_924' title='bbox 2568 5552 2789 5613; x_wconf 83' lang='lat' dir='ltr'><strong>fuerat?</strong></span> <span class='ocrx_word' id='word_1_925' title='bbox 2815 5558 2969 5625; x_wconf 84' lang='lat' dir='ltr'><strong>Quod</strong></span> <span class='ocrx_word' id='word_1_926' title='bbox 2989 5556 3033 5612; x_wconf 91' lang='lat' dir='ltr'><strong>si</strong></span> <span class='ocrx_word' id='word_1_927' title='bbox 3071 5555 3185 5610; x_wconf 65' lang='lat' dir='ltr'><strong>haec</strong></span> <span class='ocrx_word' id='word_1_928' title='bbox 3207 5553 3279 5608; x_wconf 88' lang='lat' dir='ltr'><strong>ita</strong></span> <span class='ocrx_word' id='word_1_929' title='bbox 3304 5565 3365 5608; x_wconf 84' lang='lat' dir='ltr'><strong>se</strong></span> <span class='ocrx_word' id='word_1_930' title='bbox 3387 5548 3649 5607; x_wconf 83' lang='lat' dir='ltr'><strong>habeant,</strong></span> 
     </span>
    </p>
   </div>
   <div class='ocr_carea' id='block_1_119' title="bbox 2079 5639 3647 5722">
    <p class='ocr_par' dir='ltr' id='par_1_119' title="bbox 2079 5639 3647 5722">
     <span class='ocr_line' id='line_1_119' title="bbox 2079 5639 3647 5722; baseline -0.009 -15"><span class='ocrx_word' id='word_1_931' title='bbox 2079 5660 2249 5707; x_wconf 85' lang='lat' dir='ltr'><strong>restat</strong></span> <span class='ocrx_word' id='word_1_932' title='bbox 2273 5661 2331 5705; x_wconf 91' lang='lat' dir='ltr'><strong>ut</strong></span> <span class='ocrx_word' id='word_1_933' title='bbox 2368 5659 2538 5705; x_wconf 88' lang='lat' dir='ltr'><strong>totam</strong></span> <span class='ocrx_word' id='word_1_934' title='bbox 2575 5651 2875 5722; x_wconf 69' lang='lat' dir='ltr'><strong>prophetiae</strong></span> <span class='ocrx_word' id='word_1_935' title='bbox 2899 5650 3241 5711; x_wconf 85' lang='lat' dir='ltr'><strong>sententiam,</strong></span> <span class='ocrx_word' id='word_1_936' title='bbox 3274 5659 3395 5715; x_wconf 68' lang='lat' dir='ltr'><strong>quae</strong></span> <span class='ocrx_word' id='word_1_937' title='bbox 3433 5642 3501 5696; x_wconf 85' lang='lat' dir='ltr'><strong>de</strong></span> <span class='ocrx_word' id='word_1_938' title='bbox 3540 5639 3647 5693; x_wconf 81' lang='lat' dir='ltr'><strong>Ba-</strong></span> 
     </span>
    </p>
   </div>
   <div class='ocr_carea' id='block_1_120' title="bbox 2076 5732 3650 5814">
    <p class='ocr_par' dir='ltr' id='par_1_120' title="bbox 2076 5732 3650 5814">
     <span class='ocr_line' id='line_1_120' title="bbox 2076 5732 3650 5814; baseline -0.01 -16"><span class='ocrx_word' id='word_1_939' title='bbox 2076 5742 2293 5814; x_wconf 81' lang='lat' dir='ltr'><strong>bylonis</strong></span> <span class='ocrx_word' id='word_1_940' title='bbox 2338 5756 2465 5814; x_wconf 79' lang='lat' dir='ltr'><strong>rege</strong></span> <span class='ocrx_word' id='word_1_941' title='bbox 2491 5743 2702 5812; x_wconf 83' lang='lat' dir='ltr'><strong>prolata</strong></span> <span class='ocrx_word' id='word_1_942' title='bbox 2731 5752 2817 5797; x_wconf 90' lang='lat' dir='ltr'><strong>est</strong></span> <span class='ocrx_word' id='word_1_943' title='bbox 2840 5783 2857 5808; x_wconf 91' lang='lat'><strong>,</strong></span> <span class='ocrx_word' id='word_1_944' title='bbox 2895 5743 2948 5797; x_wconf 92' lang='lat' dir='ltr'><strong>in</strong></span> <span class='ocrx_word' id='word_1_945' title='bbox 2980 5741 3125 5797; x_wconf 89' lang='lat' dir='ltr'><strong>illam</strong></span> <span class='ocrx_word' id='word_1_946' title='bbox 3159 5737 3417 5792; x_wconf 78' lang='lat' dir='ltr'><strong>virtutem</strong></span> <span class='ocrx_word' id='word_1_947' title='bbox 3444 5732 3616 5788; x_wconf 76' lang='lat' dir='ltr'><strong>refers</strong></span> <span class='ocrx_word' id='word_1_948' title='bbox 3644 5757 3650 5764; x_wconf 94' lang='lat'>-</span> 
     </span>
    </p>
   </div>
   <div class='ocr_carea' id='block_1_121' title="bbox 2078 5826 3654 5909">
    <p class='ocr_par' dir='ltr' id='par_1_121' title="bbox 2078 5826 3654 5909">
     <span class='ocr_line' id='line_1_121' title="bbox 2078 5826 3654 5909; baseline -0.006 -15"><span class='ocrx_word' id='word_1_949' title='bbox 2078 5852 2200 5894; x_wconf 86' lang='lat' dir='ltr'><strong>mus</strong></span> <span class='ocrx_word' id='word_1_950' title='bbox 2236 5853 2251 5891; x_wconf 90' lang='lat'><strong>:</strong></span> <span class='ocrx_word' id='word_1_951' title='bbox 2283 5850 2403 5908; x_wconf 73' lang='lat' dir='ltr'><strong>qua:</strong></span> <span class='ocrx_word' id='word_1_952' title='bbox 2459 5836 2587 5909; x_wconf 86' lang='lat' dir='ltr'><strong>quia</strong></span> <span class='ocrx_word' id='word_1_953' title='bbox 2642 5836 2735 5893; x_wconf 86' lang='lat' dir='ltr'><strong>Dei</strong></span> <span class='ocrx_word' id='word_1_954' title='bbox 2789 5835 3016 5909; x_wconf 76' lang='lat' dir='ltr'><strong>gloriam</strong></span> <span class='ocrx_word' id='word_1_955' title='bbox 3060 5833 3201 5905; x_wconf 85' lang='lat' dir='ltr'><strong>apud</strong></span> <span class='ocrx_word' id='word_1_956' title='bbox 3236 5828 3338 5890; x_wconf 86' lang='lat' dir='ltr'><strong>sibi</strong></span> <span class='ocrx_word' id='word_1_957' title='bbox 3378 5826 3654 5901; x_wconf 52' lang='lat' dir='ltr'><strong>subditum,</strong></span> 
     </span>
    </p>
   </div>
  </div>
