4158 6402
542 314 651 368 1θό

1216 306 1481 366 ΕυδΕΒιι
1521 302 1997 363 οΕεΑιιιΕΝειδ
2036 302 2188 360 ΟΡΡ.
2228 300 2408 359 PARS
2446 299 2534 357 Ill.
2574 330 2646 346 --
2683 300 3098 358 EXEGETICA.

3707 301 3808 358 196

544 425 802 496 populum
837 431 1022 486 nacta.
1053 421 1221 477 altum
1256 420 1500 492 sapiebat
1523 459 1539 485 ,
1586 419 1708 489 jure
1754 419 2000 491 arguitur
2040 418 2110 473 his

2225 415 2336 488 ἔχει
2364 417 2535 469 ταῦτα
2573 414 2767 480 οὕτως,
2810 415 2927 489 ὥρα
2962 417 3058 471 καὶ
3094 416 3272 471 πάντα
3312 416 3403 472 τὸν
3443 420 3542 489 τῆς
3590 434 3807 491 προφη-

543 517 845 588 Scriptura
872 515 1050 571 verbis
1077 533 1091 569 :

2217 509 2367 572 τείας
2395 508 2569 577 λόγον,
2600 508 2692 561 τὸν
2718 509 2847 580 περὶ
2877 508 2971 562 τοῦ
2996 507 3256 579 βασιλέως
3288 508 3603 573 Βαϐυλῶνος
3640 526 3809 581 προσ·

541 611 918 684 ενηνεγμένον,
975 613 1054 674 είς
1090 607 1302 680 ἐκείνην
1339 607 1631 678 ἀναφέρειν
1678 608 1776 679 τὴν
1824 606 2050 676 δύναμιν
2080 622 2093 635 ·
2116 606 2259 675 ἥτις,
2296 604 2482 674 ἐπειδὴ
2533 602 2667 657 Θεοῦ
2700 602 2859 669 δόξαν
2932 603 3083 676 παρά
3137 606 3248 667 τοῖς
3308 603 3627 675 ἀρχομένοις
3670 620 3807 676 κτη-

544 704 754 775 σαμένη
805 704 945 775 μέγα
989 701 1303 773 ὲφρόνησεν,
1346 699 1572 763 εἰκότως
1619 696 1977 768 ἀπελέγχεται
2010 694 2221 750 ὐπὸτοῦ
2261 694 2563 764 φάσκοντος
2590 691 2748 761 λόγου
2772 709 2789 725 ·

616 799 775 853 Vsus.
795 796 976 857 15,14.
1002 796 1112 850 «Tu
1133 804 1311 849 autem
1334 795 1515 848 dixisti
1540 797 1590 846 in
1609 802 1787 847 mente
1806 803 1914 859 tua,
1933 793 1984 849 it:
2003 807 2117 847 caa-

542 890 651 944 lum
682 888 986 952 ascendam,
1006 896 1056 941 et
1091 903 1253 956 supra
1278 886 1461 941 stellas
1483 885 1604 939 caeli
1635 899 1830 954 ponam
1862 884 2115 939 thronum

541 996 719 1035 meum
751 994 767 1034 :
810 988 865 1032 et
891 977 1081 1032 similis
1115 992 1211 1031 ero
1241 977 1558 1041 Altissimo;
1606 996 1623 1029 ι
1666 989 1719 1033 et
1747 989 1942 1032 caetera
1975 994 2114 1047 quo-

540 1088 644 1141 que
668 1071 795 1126 huic
830 1069 1218 1140 interpretandi
1250 1068 1445 1122 rationi
1476 1068 1787 1137 aptaveris;
1828 1078 2115 1139 postquam

541 1164 593 1219 in
619 1161 779 1218 obvio
807 1176 997 1224 sensu,
1030 1176 1150 1230 quae
1181 1161 1232 1214 in
1275 1159 1557 1230 prophetia
1603 1160 1914 1215 indicantur
1943 1160 2117 1215 sensi-

539 1254 633 1308 bili
665 1253 777 1324 regi
810 1252 1189 1323 applicaveris.

639 1434 801 1488 Vsus.
846 1434 1057 1497 24,25.
1113 1454 1131 1487 ι
1190 1433 1317 1489 Ηιεο
1350 1433 1482 1488 dicit
1534 1433 1793 1489 Dominus
1847 1432 2112 1496 Sabaoth,

543 1526 1008 1593 Quemadmodum
1057 1526 1202 1592 dixi,
1256 1527 1326 1585 ita
1368 1527 1474 1580 erit
1504 1542 1520 1577 :
1555 1535 1609 1581 et
1657 1525 2114 1594 quemadmodum

541 1618 881 1683 deliberavi,
936 1618 1008 1671 ita
1059 1618 1295 1672 manebit
1330 1635 1343 1670 :
1375 1628 1435 1670 ut
1485 1617 1701 1687 perdam
1746 1616 2003 1686 Assyrios
2061 1615 2113 1668 in

544 1723 686 1766 terra
716 1727 831 1764 mea
862 1720 918 1765 et
945 1710 995 1764 in
1026 1711 1300 1767 montibus
1334 1711 1490 1766 meis.
1529 1711 1593 1764 Et
1625 1720 1786 1765 erunt
1816 1711 1867 1763 in
1899 1708 2116 1764 concul-

545 1806 850 1871 catiouem,
881 1813 934 1859 et
974 1804 1253 1858 auferetur
1290 1805 1358 1859 ab
1402 1804 1483 1858 eis
1512 1803 1699 1874 jugum
1746 1802 2008 1872 ipsorum,
2061 1814 2116 1857 et

541 1895 710 1973 gloria
739 1909 927 1949 eorum
954 1894 1023 1947 ab
1051 1894 1292 1947 humeris
1319 1893 1555 1962 ipsorum
1586 1883 1878 1948 auferetur.
1919 1914 1937 1947 ι
1978 1894 2113 1949 Cum

546 1985 699 2052 dicit,
736 2003 756 2037 ι
792 1983 862 2039 Ut
896 1983 1114 2054 perdam
1138 1986 1461 2054 Assyriosin
1490 1994 1630 2039 terra
1651 2001 1767 2039 mea
1798 1987 1924 2053 etin
1956 2004 2105 2042 mon-

543 2075 685 2129 tibus
738 2076 903 2139 meis,
946 2093 964 2126 ι
1009 2074 1164 2128 docet
1203 2073 1623 2145 Babyloniorum
1694 2078 2007 2147 regionem,
2058 2089 2111 2134 et
2143 2062 2184 2116 Β

539 2161 655 2230 ejus
682 2172 889 2218 montes
922 2178 1025 2217 non
1054 2164 1260 2217 alienos
1292 2165 1392 2219 sibi
1428 2179 1547 2219 esse
1582 2181 1595 2217 :
1639 2183 1763 2221 nam
1788 2207 1803 2233 ,
1840 2186 1858 2219 ι
1893 2169 2103 2225 Domini

537 2264 622 2310 est
649 2265 814 2320 terra,
839 2265 891 2310 et
928 2255 1201 2323 plenitudo
1230 2256 1398 2326 ejus.»
1421 2256 1490 2288 ⁷⁸⁹
1512 2256 1679 2311 Erunt
1704 2276 1855 2329 ergo.
1882 2262 1978 2324 ait,
2005 2264 2107 2317 As-

538 2348 669 2420 syrii
699 2349 750 2403 in
775 2349 1262 2413 conculcationem,
1288 2350 1490 2404 subditi
1516 2351 1603 2413 iis,
1638 2352 1730 2421 qui
1763 2368 1857 2407 eos
1885 2369 2109 2422 supera-

540 2440 643 2493 turi
668 2451 817 2496 sunt.
869 2440 1166 2495 Auferetur
1222 2451 1400 2495 autem
1448 2441 1675 2511 jugum,
1729 2446 1871 2513 quod
1926 2456 2109 2502 stante

537 2528 764 2599 imperio
825 2548 946 2597 suo,
1000 2532 1231 2587 subditis
1278 2533 1661 2601 imponehaut;
1703 2537 1891 2606 jugum
1962 2548 2111 2593 certe

533 2634 698 2690 grave
731 2637 793 2677 ac
818 2623 1011 2678 durum
1045 2620 1152 2675 illis
1216 2640 1230 2676 :
1280 2631 1333 2675 et
1380 2622 1550 2691 gloria
1605 2624 1720 2679 sive
1769 2627 1934 2679 decus
1980 2625 2108 2679 olim

536 2714 774 2769 humeris
806 2714 1045 2782 ipsorqu
1082 2713 1398 2782 impositum
1427 2752 1443 2776 ,
1487 2711 1784 2770 auferetur.
1832 2715 2106 2783 Quemad-

536 2806 751 2860 modum
804 2806 948 2858 euim
1000 2805 1065 2857 de
1108 2804 1403 2858 Servatore
1463 2805 1665 2859 dictum
1718 2814 1846 2870 est,
1880 2824 1899 2857 ι
1943 2806 2110 2876 Cujus

536 2895 869 2967 principatus
886 2911 1049 2965 super
1073 2894 1355 2949 humerum
1373 2895 1486 2965 ejus
1509 2895 1632 2964 7’“;
1661 2916 1680 2949 ι
1712 2898 1792 2952 sic
1805 2909 1860 2952 et
1881 2898 1983 2953 hoc
1998 2901 2113 2954 loco

537 2986 708 3055 gloria
737 2986 1086 3057 Assyriorum
1117 2998 1285 3053 super
1312 2983 1572 3039 humeros
1606 2986 1869 3054 ipsorum,
1913 2989 2116 3044 dicitur

533 3092 710 3131 esse:
764 3093 925 3147 quam
993 3075 1343 3131 auferendam
1400 3092 1520 3132 esse
1577 3092 1758 3132 sermo
1799 3080 2118 3135 intermina-

536 3175 644 3221 tur.

2297 809 2314 841 ι
2346 790 2416 842 Σὺ
2446 788 2502 843 δὲ
2534 784 2693 852 εἶπας
2725 788 2783 841 ὲν
2812 790 2879 859 τῇ
2917 787 3125 859 διανοιᾳ
3162 803 3255 841 σου
3276 804 3290 819 ·
3327 787 3423 852 Εἰς
3454 788 3545 841 τὸν
3576 787 3806 859 οὐρανὸν

2218 881 2582 952 ἀναϐήσομαι,
2636 880 2731 934 καὶ
2775 882 2960 935 ἔπάνω
3012 880 3121 934 τῶν
3172 881 3389 952 ἀστρων
3434 880 3530 935 τοῦ
3572 881 3804 953 οὐρανοῦ

2218 974 2367 1047 θήσω
2408 974 2498 1027 τὸν
2546 974 2732 1046 θρόνον
2764 989 2887 1045 μου,
2927 973 3022 1027 καὶ
3055 973 3246 1045 ἔσομαι
3278 975 3463 1045 ὅμοιος
3508 974 3588 1045 τῷ
3645 974 3803 1043 Ὑψί-

2221 1081 2359 1134 στιρ·
2404 1083 2422 1116 ι
2470 1064 2567 1117 καὶ
2599 1064 2667 1117 τά
2686 1063 2850 1117 λοιπά
2881 1064 2937 1117 δὲ
2973 1064 3120 1135 αὐτῴ
3146 1066 3476 1137 ὲφαρμόσεις
3498 1065 3575 1137 τῷ
3607 1067 3806 1120 ἀποδο-

2219 1157 2363 1211 θέντι
2400 1157 2563 1229 λόγῳ,
2598 1157 2735 1229 μετά
2783 1157 2876 1212 τοῦ
2917 1157 3011 1213 καὶ
3051 1156 3128 1228 τῷ
3175 1156 3482 1231 προχείρως
3529 1156 3808 1228 νοουμένῳ

2217 1250 2459 1321 αἰσθητῷ
2494 1250 2703 1320 βασιλεῖ
2738 1248 2806 1304 τά
2842 1249 2929 1305 διὰ
2987 1249 3087 1320 τῆς
3121 1248 3456 1321 προφητείας
3503 1248 3806 1321 δηλούμενα

2215 1341 2670 1413 προσαρμόττειν.
3180 1348 3183 1353 ’

2294 1452 2311 1484 ι
2354 1431 2493 1488 Τάδε
2522 1433 2671 1502 λέγει
2704 1433 2908 1505 Κύριος
2942 1432 3193 1486 Σαϐαὼθ·
3229 1435 3324 1487 Ὃν
3351 1433 3551 1505 τρόπον
3585 1433 3804 1506 εἴρηκα,

2216 1526 2387 1591 οὕτως
2429 1526 2615 1581 ἔσται·
2670 1526 2765 1579 καὶ
2824 1526 2882 1580 ὃν
2941 1526 3141 1598 τρόπον
3192 1523 3583 1597 βεϐούλευμαι,
3630 1525 3806 1591 οὔτως

2220 1621 2401 1691 μενεῖ·
2443 1616 2538 1671 τοῦ
2590 1618 2851 1671 ἀπολέσαι
2898 1617 3025 1680 τούς
3066 1614 3382 1687 Ἀσσυρίους
3424 1617 3517 1669 ἐπὶ
3567 1616 3666 1687 τῆς
3699 1617 3805 1688 γῆς

2214 1711 2312 1780 τῆς
2348 1711 2505 1780 ὲμῆς,
2546 1708 2641 1762 καὶ⁸
2664 1710 2756 1761 ἐπὶ
2792 1707 2899 1760 τῶν
2936 1706 3107 1779 ὁρέων
3152 1724 3271 1778 μου.
3315 1706 3425 1760 Καὶ
3463 1706 3673 1760 ἔσονται
3721 1709 3804 1771 είς

2216 1800 2610 1872 καταπάτημα,
2642 1799 2737 1854 καὶ
2760 1798 3190 1870 ἀφαιρεθήσεται
3228 1799 3323 1851 ἀπ’
3360 1798 3537 1853 αὐτῶν
3578 1800 3606 1851 ό
3639 1796 3805 1865 ζυγὸς

2216 1892 2547 1959 αὐτῶν,.καὶ
2591 1891 2652 1945 τὸ
2692 1890 2853 1955 κῦδος
2892 1890 3071 1944 αὐτῶν
3115 1889 3223 1944 ἀπὸ
3259 1889 3369 1942 τῶν
3412 1888 3577 1960 ὤμων
3620 1890 3803 1943 αὐτῶν

2215 1982 2663 2055 ἀφαιρεθήσεται.
2700 2004 2717 2035 ι
2748 1983 2931 2037 Είπών
2962 1997 3025 2052 γε
3054 1983 3180 2054 μὴν,
3211 2002 3228 2033 ι
3280 1980 3567 2035 Ἀπολέσαι
3602 1982 3800 2035 Ἀσσυ-

2216 2075 2363 2146 ρίους
2389 2076 2481 2129 ἐπὶ
2513 2078 2611 2147 τῆς
2637 2078 2741 2146 γῆς
2768 2078 2866 2146 τῆς
2907 2076 3067 2146 ἐμῆς,
3102 2075 3197 2127 καὶ
3231 2074 3323 2127 ἐπὶ
3347 2073 3455 2127 τῶν
3485 2072 3658 2145 ὀρέων
3686 2074 3802 2127 τῶν

2214 2167 2382 2239 ὲμῶν,
2426 2187 2445 2219 ι
2471 2166 2731 2228 διδάσκει,
2760 2167 2835 2230 ὡς
2858 2167 2949 2221 καὶ
2975 2169 3008 2238 ἡ
3045 2165 3401 2220 Βαϐυλωνίων
3438 2164 3609 2237 χώρα,
3638 2166 3707 2221 τά
3740 2184 3801 2220 τε

2214 2262 2299 2313 ἐπ’
2331 2261 2498 2332 αὐτῆς
2530 2261 2629 2333 ὅρη
2678 2260 2779 2314 οὐκ
2818 2255 2887 2331 ἦν
2931 2258 3186 2331 ἀλλότρια
3228 2256 3425 2311 αὐτοῦ·
3483 2277 3501 2309 r
3537 2258 3643 2310 Τοῦ
3694 2258 3805 2330 γάρ

2212 2353 2416 2425 Κυρίου
2471 2355 2504 2424 ἡ
2545 2356 2614 2423 γῆ
2676 2352 2771 2405 καὶ
2813 2352 2875 2405 τὸ
2920 2350 3190 2424 πλήρωμα
3263 2350 3451 2419 αὐτῆς.
3491 2369 3508 2401 ι
3548 2351 3804 2403 Ἔσονται

2216 2445 2394 2499 τοίνυν
2413 2446 2462 2497 οἱ
2506 2445 2812 2517 Ἀσσύριοι,
2844 2444 3031 2515 φησιν,
3070 2446 3150 2507 εἰς
3177 2441 3570 2512 καταπάτημα,
3590 2442 3791 2511 ὑποχεί-

2219 2553 2322 2609 ριοι
2356 2536 2635 2607 γενόμενοι
2670 2540 2781 2601 τοῖς
2823 2536 2961 2607 μετὰ
3004 2534 3179 2588 ταῦτα
3227 2534 3405 2588 αὐτῶν
3439 2535 3803 2605 κρατήσασιν.

2228 2626 2679 2698 Ἀφαιρεθήσεται
2701 2625 2756 2679 δὲ
2784 2628 2876 2679 καὶ
2908 2626 2936 2678 ὁ
2978 2626 3160 2694 ζυγὸς,
3197 2625 3254 2677 ὃν
3289 2626 3375 2677 ὅτε
3397 2625 3656 2693 ἐκράτουν
3691 2626 3803 2686 τοῖς

2216 2718 2307 2771 ὑπ’
2351 2718 2529 2771 αὐτῶν
2579 2718 2902 2789 ἀρχομένοις
2952 2719 3231 2789 ἐπήρτων,
3280 2715 3444 2784 ζυγὸν
3492 2712 3663 2785 βαρύν
3707 2716 3803 2767 καὶ

2214 2808 2618 2863 δυσϐἀπακτον
2644 2808 3049 2881 ἀπαιωροῦντες
3079 2809 3263 2870 αὐτοῖς
3281 2823 3295 2838 ·
3338 2808 3435 2861 καὶ
3462 2810 3524 2864 τὸ
3562 2805 3721 2869 κυδος
3746 2805 3803 2859 δὲ

2217 2900 2417 2964 αὐτῶν,
2457 2900 2594 2972 ὅπερ
2625 2900 2770 2952 ἐστὶν
2798 2901 2832 2971 ή
2870 2898 3017 2965 δόξα,
3044 2896 3510 2968 ἀφαιρεθήσεται,
3562 2895 3595 2965 ἠ
3640 2893 3797 2950 πάλαι

2216 2996 2328 3057 τοῖς
2356 2992 2525 3063 ὤμοις
2555 2992 2733 3047 αὐτῶν
2761 2994 3106 3063 ὲπικειμενη.
3165 2991 3252 3054 Ὠς
3283 2988 3392 3061 γάρ
3426 2989 3517 3041 ἐπὶ
3549 2986 3646 3042 τοῦ
3683 2989 3792 3039 Σω-

2220 3085 2383 3154 τῆρος
2406 3082 2677 3147 λέλεκται,
2718 3102 2735 3135 ι
2768 3075 2842 3136 Οὐ
2873 3083 2906 3154 ή
2934 3083 3076 3153 ἀρχή
3108 3083 3201 3134 ἐπὶ
3229 3079 3324 3133 τοῦ
3367 3078 3517 3149 ὤμου
3551 3077 3735 3142 αὐτοῦ,
3774 3097 3794 3129 ι

2221 3173 2393 3237 οὕτως
2443 3173 2680 3227 ἐνταῦθα
2724 3172 2787 3227 τὸ
2832 3172 2987 3237 κῦδος
3039 3172 3145 3225 τῶν
3203 3169 3498 3242 Ἀσσυρίων
3557 3171 3651 3224 ἐπὶ
3695 3169 3805 3223 τῶν

536 3251 703 3326 ὤμων
738 3257 917 3310 αὐτῶν
947 3256 1181 3329 εἴρηται·
1222 3260 1357 3331 ὅπερ
1373 3256 1837 3329 ἀφαιρεθήσεσθαι
1872 3258 2053 3314 αὐτῶν
2091 3264 2120 3316 ό
2152 3262 2310 3332 λόγος
2337 3264 2568 3319 ἀπειλεῖ.

606 3345 767 3403 Vens.
790 3347 879 3409 26.
910 3348 1003 3405 27.
1042 3365 1061 3398 ι
1098 3347 1209 3401 Hoc
1237 3347 1622 3401 estconsilium
1660 3349 1800 3416 quod
1835 3351 1980 3417 cepit
2008 3350 2110 3404 Do-

2297 3370 2315 3403 ι
2345 3352 2491 3425 Αὕτη
2523 3356 2556 3423 ἡ
2583 3352 2744 3425 βουλὴ
2785 3354 2850 3425 ἦν
2883 3351 3227 3423 βεϐούλευται
3279 3351 3484 3424 Κύριος
3526 3351 3618 3404 ἐπὶ
3674 3350 3808 3422 ὅλην

534 3434 718 3493 minus
760 3455 923 3508 super
953 3454 1169 3494 omnem
1201 3450 1401 3493 terram
1429 3457 1444 3493 :
1472 3451 1527 3493 et
1557 3440 1674 3493 hzec
1699 3450 1782 3493 est
1807 3455 1999 3494 manus
2015 3456 2112 3495 ex-

533 3527 675 3583 celsa
715 3544 875 3597 super
900 3543 1089 3584 omnes
1115 3540 1322 3599 gentes.
1364 3530 1493 3595 Quae
1524 3530 1667 3583 enim
1716 3530 1857 3584 Deus
1898 3539 2115 3587 sanctus

532 3621 770 3677 decrevit
792 3663 807 3684 ,
839 3623 960 3690 quis
994 3622 1332 3692 dissipabit?
1359 3622 1422 3676 Et
1452 3637 1667 3677 manum
1694 3621 1811 3691 ejus
1843 3623 2111 3679 excelsam

532 3716 655 3784 quis
686 3716 936 3769 avertet?
969 3735 987 3766 ι
1025 3715 1078 3769 ld
1106 3724 1213 3778 est,
1253 3714 1412 3784 quale
1434 3711 1699 3781 judicium
1726 3714 1793 3769 de
1817 3714 2109 3784 Babylone,

530 3815 587 3859 et
615 3810 682 3862 de
710 3807 826 3877 ejus
856 3807 1251 3862 habitatoribus
1278 3806 1443 3859 latum
1501 3816 1585 3858 est
1608 3844 1625 3868 ,
1676 3803 1782 3859 tale
1839 3805 2000 3859 etiam
2048 3806 2113 3859 de

530 3901 663 3955 viris
695 3901 946 3954 omnibus
974 3899 1146 3953 atheis
1175 3908 1227 3953 et
1266 3898 1479 3967 impiis,
1512 3898 1602 3966 qui
1638 3897 1822 3951 orbem
1861 3898 2112 3953 obtinue-

534 3996 696 4053 runt,
727 3988 957 4043 feretur.
1004 3986 1136 4041 Nam
1184 3989 1482 4042 secundum
1528 3987 1804 4056 aequitatis
1846 3987 2109 4041 rationem

533 4080 683 4150 paria
715 4081 1007 4150 patientur.
1037 4079 1125 4148 qui
1157 4079 1209 4133 in
1243 4078 1447 4133 similes
1478 4078 1783 4146 impietates
1830 4077 1961 4146 lapsi
1994 4076 2109 4131 fue-

535 4174 664 4227 rint.
709 4170 810 4226 Ubi
844 4168 1306 4237 subintelligamus
1339 4177 1587 4237 oportet,
1618 4177 1808 4238 gentes
1835 4169 2013 4222 atheis
2045 4175 2101 4222 et

532 4263 711 4332 impiis
739 4261 1047 4317 hominibus
1088 4262 1312 4315 refertas
1343 4280 1355 4315 :
1389 4275 1494 4314 non
1523 4260 1667 4314 enim
1700 4262 1815 4314 haec
1841 4260 1961 4314 sine
1995 4260 2101 4312 ullo

530 4349 865 4413 discrimine,
899 4350 963 4402 de
993 4350 1096 4418 piis
1128 4360 1181 4401 et
1216 4350 1323 4404 Deo
1353 4350 1582 4403 addictis
1610 4350 1764 4413 viris,
1791 4350 2107 4418 accipienda

530 4449 673 4494 sunt.
703 4441 822 4507 Quo
858 4441 1020 4511 igitur
1060 4440 1217 4494 tuodo
1246 4455 1405 4493 orsus
1427 4449 1543 4503 est,
1580 4440 1770 4495 eodem
1825 4448 1879 4494 et
1924 4441 2105 4506 desiit,

533 4532 835 4587 universale
856 4532 948 4587 Dei
985 4532 1051 4586 de
1072 4531 1323 4585 omnibus
1349 4529 1630 4585 ferendqu
1649 4534 1911 4602 judicium
1952 4549 2101 4610 com-

533 4639 842 4679 memorans
868 4665 884 4691 ,
914 4632 973 4677 ut
1020 4638 1209 4678 omnes
1248 4627 1339 4695 qui
1371 4623 1710 4696 Scripturam
1743 4626 2003 4697 legerint,
2037 4629 2101 4682 ad

528 4716 933 4769 conversionem
972 4715 1189 4771 invitet.

603 4892 886 4961 Vsns.28,
917 4897 987 4952 29
1069 4914 1086 4949 t
1130 4897 1183 4951 In
1232 4912 1378 4952 anno
1423 4912 1531 4967 quo
1582 4906 1825 4953 mortuus
1873 4906 1955 4954 est
2012 4913 2108 4952 rex

528 4985 710 5039 Achaz
732 5025 748 5050 ,
771 4985 972 5041 factum
998 4997 1082 5042 est
1107 4989 1326 5044 verbum
1361 4990 1537 5043 istud:
1571 4987 1647 5043 Ne
1676 4989 1949 5056 laetemini,
1973 4989 2104 5043 alie-

531 5074 741 5143 nigena:
769 5091 976 5141 omnes.
1006 5079 1297 5134 contritum
1348 5088 1434 5134 est
1483 5080 1630 5135 enim
1675 5078 1868 5150 iugum
1910 5096 2104 5148 percu-

533 5165 713 5220 tientis
736 5181 831 5221 vos
862 5183 877 5221 :
915 5184 1036 5221 nam
1070 5184 1134 5222 ex
1164 5170 1370 5225 semine
1420 5180 1739 5241 serpentum
1797 5172 2105 5241 egredietur

530 5256 709 5326 proles
732 5259 952 5327 aspidis.
982 5270 1036 5313 et
1068 5260 1159 5314 lilii
1188 5277 1376 5315 eorum
1420 5262 1773 5331 egredientur
1824 5273 2104 5326 serpentes

531 5346 795 5401 volantes.
839 5366 858 5400 ι
905 5346 1103 5403 Laatari
1137 5350 1289 5404 vobis
1324 5354 1560 5405 umidum
1588 5352 1959 5421 permittitur,
2000 5352 2101 5407 etsi

532 5448 745 5493 mortuo
775 5454 898 5510 rege
925 5440 1129 5508 impio,
1178 5444 1244 5498 de
1290 5458 1400 5514 quo
1448 5443 1577 5497 olim
1627 5442 1969 5514 gaudebatis,
2015 5446 2103 5512 pio

532 5539 712 5584 autem
767 5531 884 5585 viro
931 5533 1215 5601 imperium
1248 5535 1612 5603 suscipiente,
1650 5547 1710 5593 ut
1738 5538 1790 5591 in
1822 5536 2101 5605 Paralipo—

532 5635 723 5675 menon
747 5619 789 5675 ll
816 5622 950 5676 libro
986 5623 1051 5679 de
1078 5624 1308 5682 Ezechia
1333 5625 1644 5681 declaratur
1665 5666 1682 5692 ,
1727 5639 1784 5682 et
1812 5626 1864 5682 in
1902 5640 2101 5696 quarto

529 5705 857 5776 Regnorum.
886 5711 1350 5778 Quemadmodum
1383 5714 1525 5768 enim
1557 5715 1656 5772 sub
1685 5716 1850 5787 impio
1892 5718 2071 5773 Acha:

601 5824 662 5857 ¹⁸’
702 5822 847 5881 Psal.
870 5842 1020 5895 χχιιι,
1057 5830 1106 5883 1.
1182 5829 1272 5861 ⁷⁸⁵⁸
1303 5829 1424 5886 lsai.
1458 5844 1542 5899 ιι,
1574 5829 1643 5903 6.!

2218 3445 2314 3517 τὴν
2341 3446 2684 3518 οἰκουμένην,
2721 3446 2815 3499 καὶ
2835 3443 2974 3517 αὐτη
3005 3447 3038 3517 ή
3064 3445 3185 3516 χεὶρ
3218 3445 3250 3513 ή
3285 3443 3464 3515 ὑψηλὴ
3497 3442 3589 3495 ἐπὶ
3625 3443 3808 3496 πάντα

2214 3536 2285 3591 τά
2316 3536 2463 3608 ἔθνη.
2508 3541 2575 3591 Ἃ
2624 3538 2734 3609 γάρ
2779 3539 2807 3589 ό
2850 3537 2982 3601 Θεὸς
3026 3538 3055 3589 ὁ
3098 3536 3252 3604 ἀγιος
3298 3534 3669 3607 βεϐούλευται,
3716 3535 3808 3597 τίς

2212 3625 2590 3691 διασκεδάσει;
2635 3627 2731 3680 καὶ
2761 3629 2861 3700 τὴν
2899 3628 3059 3698 χεῖρα
3105 3625 3273 3679 αὐτοῦ
3324 3626 3422 3697 τὴν
3466 3623 3675 3695 ὑψηλὴν
3716 3623 3807 3686 τίς

2214 3716 2580 3786 ἀποστρέψεις
2627 3735 2645 3767 ι
2687 3718 2758 3771 ’Ἡ
2803 3717 2899 3771 καὶ
2923 3717 3002 3769 ὅτι
3033 3716 3192 3769 ὁποία
3223 3716 3568 3785 ἐξενήνεκται
3619 3713 3805 3783 κρίσις

2214 3807 2341 3877 περὶ
2387 3809 2486 3877 τῆς
2535 3805 2872 3869 Βαϐυλῶνος,
2927 3806 3022 3859 καὶ
3063 3806 3173 3859 τῶν
3216 3805 3423 3875 ταύτης
3476 3806 3805 3875 οἰκητόρων,

2211 3897 2429 3969 τοιαύτη
2452 3914 2536 3961 τις
2565 3896 2720 3951 ἔσται
2760 3897 2857 3950 καὶ
2883 3899 2916 3967 ή
2956 3897 3083 3969 περὶ
3107 3896 3324 3950 πάντων
3355 3893 3463 3948 τῶν
3492 3896 3589 3964 τῆς
3623 3895 3807 3946 οἰκου-

2215 3990 2380 4060 μένης
2412 3988 2801 4061 κρατησάντων
2824 3986 2999 4043 ἀθέων
3018 3988 3112 4042 καὶ
3134 3988 3349 4041 ἀσεϐῶν
3389 3985 3599 4056 ἀνδρῶν
3618 4003 3631 4015 ⁸
3660 3985 3806 4037 κατά

2211 4079 2319 4151 γὰρ
2345 4079 2434 4132 τὸν
2460 4078 2555 4131 τοῦ
2575 4079 2781 4132 δικαίου
2826 4076 2982 4146 λόγον
3016 4077 3293 4149 παρόμοια
3326 4078 3613 4131 πείσονται
3652 4078 3701 4129 οἱ
3728 4076 3805 4130 τά

2210 4172 2371 4241 ὅμοια
2414 4168 2881 4241 δυσσεϐήσαντεςο
2920 4167 3422 4238 προσεπινοούντων
3459 4167 3615 4238 ήμῶν
3645 4165 3799 4235 ἔθνη,

2207 4262 2275 4314 τά
2306 4249 2414 4314 τῶν
2435 4259 2611 4313 ἀθέων
2636 4260 2731 4313 καὶ
2760 4257 2974 4312 ἀσεϐῶν
3013 4257 3253 4331 ἀνδρῶν·
3308 4258 3369 4311 οὐ
3408 4258 3514 4328 γὰρ
3561 4258 3804 4328 ἀκρίτως

2205 4351 2377 4405 ταῦτα
2418 4349 2560 4406 κατά
2587 4349 2694 4404 τῶν
2724 4348 2963 4403 εὐσεϐῶν
3004 4349 3098 4401 καὶ
3148 4348 3256 4401 τῶν
3296 4348 3375 4419 τῷ
3419 4347 3538 4418 Θεῷ
3577 4350 3802 4402 ἀνακει-

2211 4442 2386 4513 μένων
2431 4439 2746 4511 ὲκδέχεσθαι
2795 4441 3092 4511 προσήκει.
3167 4440 3380 4511 Ὥσπερ
3440 4436 3534 4493 οὖν
3573 4439 3798 4511 ἧρξατο,

2206 4534 2392 4588 τοῦτον
2422 4534 2516 4588 καὶ
2549 4533 2859 4586 συνετέλεσε
2890 4530 2982 4585 τὸν
3022 4531 3221 4604 τρόπον
3257 4531 3357 4601 τῆς
3397 4533 3538 4585 κατά
3579 4532 3800 4584 πάντων

2206 4624 2500 4695 καθολικῆς
2546 4623 2640 4676 τοῦ
2679 4621 2814 4675 Θεοῦ
2866 4621 3101 4692 κρίσεως
3144 4621 3459 4691 ἀναγκαίως
3494 4622 3802 4692 μνημονεύ-

2137 4708 2181 4763 Ῑ)
2213 4734 2336 4781 σας·
2363 4716 2502 4770 ὥστε
2537 4713 2861 4787 ἐπιπρέψαι
2892 4712 3101 4776 πάντας
3122 4714 3249 4777 τοὺς
3272 4713 3696 4784 ἐντυγχάνοντας
3725 4716 3795 4784 τῇ

2211 4810 2425 4881 Γραφῇ.

2284 4921 2302 4953 ι
2349 4900 2455 4953 Τοῦ
2490 4899 2642 4962 ἔτους
2680 4890 2741 4952 οὗ
2786 4897 3054 4952 ἀπέθανεν
3082 4898 3112 4950 ὁ
3141 4896 3394 4967 βασιλεὺς
3443 4895 3627 4967 ’Δχάξ,
3672 4897 3797 4965 ἐγε-

2210 4995 2347 5067 νήθη
2373 4992 2435 5046 τὸ
2461 4994 2613 5064 ῥῆμα
2639 4991 2824 5046 τοῦτο·
2853 4990 2946 5063 Μὴ
2969 4991 3385 5062 εὐφρανθείητε,
3426 4991 3479 5044 οἱ
3505 4990 3795 5060 ἀλλόφυλοι

2209 5088 2438 5150 πάντεςο
2473 5083 2762 5157 συνετρίϐη
2792 5084 2902 5156 γὰρ
2934 5086 2963 5138 ὁ
2995 5083 3159 5153 ζυγὸς
3203 5084 3296 5137 τοῦ
3340 5084 3592 5149 παίοντος
3626 5084 3789 5155 ὑμᾶς·

2210 5182 2275 5233 ὲκ
2305 5178 2414 5249 γὰρ
2451 5177 2767 5250 σπέρματος
2796 5176 2972 5246 ὄφεων
3008 5174 3349 5241 ἐξελεύσεται
3386 5176 3585 5245 ἔγγονα
3631 5177 3794 5244 ἀσπί-

2208 5270 2336 5332 δων,
2362 5268 2457 5322 καὶ
2477 5268 2545 5321 τὰ
2572 5268 2769 5337 ἔγγονα
2807 5266 2988 5322 αὐτῶν
3024 5266 3396 5334 ἐξελεύσονται
3447 5267 3598 5335 ὄφεις
3630 5267 3791 5320 πετό-

2212 5378 2383 5433 μενοι.
2420 5378 2437 5411 ι
2469 5359 2666 5413 Οὐκέτι
2704 5358 2923 5429 ἀφίεται
2956 5360 3086 5430 ὑμῖν
3126 5358 3533 5431 εὐφραίνεσθαι,
3559 5359 3755 5412 -ἀποθα
3775 5388 3792 5398 -

2208 5453 2388 5517 νόντος
2441 5452 2539 5523 μὲν
2568 5451 2663 5505 τοῦ
2711 5450 2940 5514 ἀσεϐοῦς
2991 5450 3252 5523 βασιλέως
3298 5452 3382 5520 ἐφ’
3433 5445 3478 5519 ᾧ
3519 5451 3579 5504 τὸ
3622 5450 3791 5505 πάλαι

2209 5545 2464 5617 ἐχάρητε,
2497 5543 2779 5607 θεοσεϐοῦς
2806 5544 2862 5597 δὲ
2899 5542 3093 5615 ἀνδρὸς
3133 5543 3230 5614 τὴν
3268 5544 3444 5616 ἀρχὴν
3476 5543 3793 5614 διαδεξαμέ-

2208 5651 2329 5688 νου’
2373 5636 2448 5699 ὡς
2499 5636 2557 5687 ὲν
2598 5637 2663 5706 τῇ
2710 5635 2940 5706 δευτέρᾳ
2992 5635 3103 5689 τῶν
3170 5635 3661 5705 Παραλειπομένων
3708 5633 3791 5705 τῷ

2221 5724 2435 5798 Ἐζεκίᾳ
2466 5723 2905 5798 μεμαρτύρηται,
2936 5725 3030 5781 καὶ
3058 5727 3116 5781 ὲν
3149 5729 3215 5798 τῇ
3240 5726 3478 5807 τετάρτῃ
3496 5727 3602 5783 τῶν
3625 5727 3787 5782 Βασι-
