4158 6402
337 324 438 387 197
1283 323 1785 382 COMMENTARIA
1825 323 1891 380 ΙΝ
1932 323 1944 378 1

2048 321 2190 381 IAM.
2235 350 2299 364 -
2333 319 2487 379 CAP.
2530 320 2670 378 XIV.
3496 328 3600 384 198

334 451 513 508 λειῶν.
543 452 758 524 Ὠσπερ
779 448 889 523 γὰρ
913 452 1006 504 ὲπι
1033 448 1130 505 τοῦ
1165 447 1395 512 ἀσεϐοῦς
1431 449 1616 520 Ἀχὰζ,
1661 449 1809 512 εἰκὸς
1846 442 1915 519 ἦν

2048 443 2312 515 dlophylis
2358 444 2622 513 gaudendi
2671 450 2725 497 et
2777 440 2988 497 laatandi
3037 455 3200 498 causa
3249 443 3472 506 aderat.
3524 445 3597 500 ita

337 548 546 618 χαίρειν
577 544 673 598 καὶ
721 542 1110 616 εὐφραίνεσθαι
1162 541 1291 604 τοὺς
1341 540 1692 611 ἀλλοφύλους,
1745 539 1920 604 οὕτως

2050 537 2118 590 ub
2144 535 2290 604 justo
2322 533 2440 588 viro
2469 533 2698 588 Ezechia
2724 572 2739 598 ,
2784 544 3083 603 opportune
3128 532 3411 605 Scriptura
3451 535 3599 605 ipsos

340 639 433 692 ἐπὶ
478 637 572 690 τοῦ
623 636 833 690 δικαίου
882 635 1072 707 ἀνδρὸς
1122 634 1216 688 τοῦ
1273 634 1539 699 Ἐζεκίου,
1580 634 1853 707 εὐκαίρως
1885 635 1919 705 ἡ

341 727 648 800 προφητεία
697 727 1090 798 ἀποτεινομένη
1153 727 1289 798 πρὸς
1363 726 1562 791 αὐτούς
1627 744 1779 797 φησιο
1828 725 1921 798 Μὴ

343 820 755 892 εὐφρανθείητε,
790 819 1109 890 ἀλλόφυλοι·
1143 819 1309 874 πάλαι
1342 819 1438 890 μὲν
1473 819 1582 891 γὰρ
1612 821 1692 873 ἑτι
1719 819 1922 884 ζῶντος

341 911 438 966 τοῦ
476 911 663 982 ⁸Λχάζ,
688 911 782 964 καὶ
804 911 872 964 τὰ
900 910 1072 983 ὲχθρά
1101 911 1179 982 τῷ
1218 911 1336 984 Θεῷ
1382 912 1736 982 πράττοντος,
1777 912 1924 976 εἰκὸς

344 1000 413 1076 ἦν
438 1004 580 1076 ὑμᾶς
598 1001 999 1074 εὐφραίνεσθαι,
1021 1000 1207 1073 ἐπειδὴ
1234 1003 1612 1074 συνετέτριπτο
1630 1001 1722 1056 τοῦ
1761 1003 1926 1072 Ἀχάζ

346 1099 376 1149 δ
405 1094 590 1163 ζυγὸς.
635 1093 710 1155 ὡς
753 1093 826 1164 μὴ
875 1093 1132 1147 δύνασθαι
1173 1093 1335 1147 αὐτὸν
1386 1093 1706 1147 ὑποτάττειν
1759 1095 1923 1164 ὑμᾶς,

351 1187 486 1259 μηδὲ
522 1188 614 1240 τὸν
654 1187 754 1257 τῆς
781 1187 956 1259 ἀρχῆς
998 1187 1161 1240 αὑτοῦ
1217 1186 1380 1254 ζυγὸν
1429 1187 1728 1241 ἐπιτιθέναι
1762 1189 1922 1257 ὑμῖν’

346 1281 531 1351 διόπερ
554 1279 882 1352 ἐπληθύνετο
900 1281 969 1334 τά
994 1280 1141 1334 κακά
1164 1281 1254 1334 καὶ
1279 1280 1467 1353 ὥσπερ
1491 1281 1716 1352 μηδενὸς
1745 1281 1930 1335 παίον-

347 1389 458 1436 τος,
487 1371 838 1442 ἡὲρπυστική
865 1388 923 1424 τε
950 1373 1044 1424 καὶ
1077 1371 1279 1434 ίοϐόλος
1325 1371 1434 1425 τῶν
1477 1369 1728 1443 πονηρῶν
1770 1387 1930 1424 πνευ-

355 1463 536 1534 μάτων
588 1461 813 1532 δύναμις
865 1461 1226 1532 ὲπληθύνετο’
1270 1461 1390 1516 νυνὶ
1425 1462 1482 1515 δὲ
1522 1446 1620 1533 την
1653 1462 1929 1532 βασιλείαν

349 1556 732 1626 διαδεξαμένου
759 1554 948 1627 ἀνδρὸς
974 1554 1280 1620 θεοσεϐοῦς,
1311 1556 1493 1609 οὐκέτι
1523 1555 1743 1626 χαίρετε
1772 1555 1846 1620 ὡς
1872 1556 1932 1609 τὸ

354 1647 513 1720 πρίνο
553 1647 822 1717 ἐφέστηκε
860 1645 969 1717 γάρ
997 1646 1123 1717 ὑμῖν
1158 1648 1186 1700 ὁ
1209 1646 1383 1700 παίων
1422 1649 1516 1700 καὶ
1556 1647 1795 1706 τύπτων,
1839 1647 1934 1701 καὶ

2023 627 2304 696 alloquens
2363 625 2469 690 ait,
2542 624 2620 680 Ne
2695 625 2982 688 laetemini,
3045 624 3359 696 alienigenae
3407 643 3422 680 :
3467 626 3597 680 olim

2021 721 2221 789 quippe
2250 717 2469 773 Achazo
2503 716 2815 784 superstite,
2852 732 2916 771 ac
2961 731 3151 786 perosa
3199 716 3310 771 Deo
3360 717 3597 772 facinora

2023 812 2237 876 edente,
2267 824 2432 864 causa
2461 809 2614 863 vobis
2641 809 2901 877 gaudendi
2940 820 3093 875 erat,
3132 809 3254 878 quia
3303 810 3597 864 contritum

2023 911 2142 956 erat
2174 900 2372 956 Achaei
2397 899 2619 970 jugum;
2653 900 2724 952 ita
2771 909 2828 953 ut
2879 915 2984 953 non
3039 911 3221 969 posset
3275 916 3375 954 vos
3433 899 3602 966 subji-

2026 1007 2186 1056 cere,
2234 1005 2407 1058 neqne
2459 989 2669 1058 imperii
2720 988 2802 1042 sui
2843 987 3032 1058 jugum
3087 989 3240 1043 vobis
3269 988 3544 1058 imponere
3584 1005 3598 1044 :

2026 1091 2360 1152 quapropter
2383 1080 2883 1151 multiplicabantur
2917 1079 3055 1134 mala
3079 1119 3094 1142 ,
3124 1095 3189 1134 ac
3209 1119 3226 1143 .
3275 1088 3461 1151 utpote
3513 1095 3604 1134 ne.

2030 1174 2174 1229 mine
2208 1174 2575 1245 percutiente,
2607 1171 2877 1241 reptilium
2915 1180 2967 1226 et
3016 1180 3403 1225 venenatorum
3439 1169 3604 1239 spiri-

2033 1274 2182 1318 tuum
2220 1264 2576 1335 malignorum
2627 1264 2711 1317 vis
2757 1263 3073 1332 augebatur.
3120 1259 3239 1315 Jam
3294 1277 3423 1316 vero
3453 1271 3603 1331 post-
3693 1313 3702 1322 ,

2031 1368 2194 1421 quam
2240 1354 2325 1406 vir
2375 1351 2663 1423 religiosus
2711 1367 2933 1421 regnttm
2977 1355 3230 1421 excepit,
3262 1367 3328 1406 ne
3377 1352 3608 1422 amplius

2033 1446 2285 1500 laetemini
2320 1454 2568 1499 tit-antea
2605 1461 2619 1498 :
2654 1444 2980 1498 instatenim
3014 1443 3167 1500 vobis
3213 1444 3305 1513 qui
3340 1444 3608 1512 percutiat

2032 1550 2086 1592 et
2122 1541 2409 1599 verberet,
2458 1550 2664 1605 vosque
2712 1536 2780 1588 ad
2826 1549 3014 1588 sanam
3079 1543 3311 1589 mentem
3364 1535 3606 1590 reducat.

2035 1627 2158 1684 llam
2183 1643 2343 1699 porro
2375 1627 2441 1681 ad
2471 1627 2704 1683 litteram
2744 1627 3009 1696 completa
3050 1637 3178 1681 sunt
3220 1628 3322 1682 sub
3352 1626 3606 1692 Ezecltia,

356 1717 701 1811 σωφρονίζων
750 1740 912 1811 ὑμᾶς.
966 1738 1300 1810 Ἑπληροῦτο
1339 1739 1396 1793 δὲ
1435 1741 1529 1794 καὶ
1569 1739 1746 1792 ταῦτα
1793 1739 1930 1812 πρὸς

2048 1722 2102 1776 1e
2134 1737 2240 1790 quo
2261 1721 2462 1776 dictum
2485 1732 2568 1776 est
2597 1721 2648 1774 in
2684 1720 2821 1774 libro
2849 1730 3042 1789 quarto
3067 1719 3402 1790 Regnorum,
3433 1737 3452 1770 ι
3484 1717 3606 1789 Ipse

354 1831 497 1896 λέξιν
540 1832 632 1884 ἐπὶ
675 1829 769 1883 τοῦ
814 1829 1076 1893 Ἐζεκίου,
1111 1831 1238 1901 περὶ
1272 1821 1334 1884 οὗ
1379 1828 1593 1900 εἴρηται
1626 1831 1686 1884 ὲν
1732 1833 1816 1901 τῇ,
1841 1849 1932 1883 τε,

2048 1812 2298 1882 percussit
2341 1810 2638 1881 allophylos
2661 1824 2850 1880 .usque
2881 1810 2947 1863 ad
2997 1807 3224 1875 Gazam,
3255 1818 3310 1864 et
3346 1823 3514 1878 usque
3537 1811 3608 1867 ad.

355 1923 528 1996 τάρτῃ
553 1922 662 1975 τῶν
692 1920 1015 1974 Βασιλειῶν·
1063 1940 1081 1971 ι
1119 1921 1290 1984 Αὐτὸς
1331 1921 1571 1986 ἐπάταξε
1608 1923 1734 1985 τοὺς
1777 1919 1934 1975 ἀλλο-

2048 1906 2300 1960 terminos
2323 1903 2462 1972 ejus,
2493 1920 2521 1956 a
2559 1905 2690 1958 turri
2717 1903 3012 1957 Custodum
3043 1917 3214 1972 usque
3242 1902 3309 1957 ad
3339 1903 3610 1962 civitatem

355 1991 554 2077 Φύλοῦς
576 2012 682 2076 ἓως
712 2010 912 2082 Γάζης,
947 2011 1040 2064 και
1071 2012 1176 2075 ἓως
1205 2011 1369 2083 ὁρίων
1391 2012 1561 2082 αὐτῆς
1583 2012 1692 2066 ἀπὸ
1723 2012 1932 2084 πύργου

2048 1997 2298 2050 munitam
2332 1996 2398 2048 ⁷⁸.
2445 2013 2464 2047 ι
2497 1993 2562 2048 Ει
2603 1995 2716 2048 ιιωο
2755 2007 2973 2061 quoque
3017 1991 3148 2046 dicti
3200 1991 3466 2046 sententia
3497 1991 3613 2045 fue-

358 2102 740 2173 φυλασσόντων
764 2102 868 2167 ἕως
900 2103 1106 2166 πόλεως
1133 2103 1357 2174 ὀχυρᾶς.
1389 2123 1407 2155 ι
1439 2103 1547 2156 Καὶ
1578 2103 1780 2173 ταύτην
1806 2104 1849 2156 δ’
1870 2103 1936 2157 ἂν

361 2194 514 2266 σχοίη
544 2193 642 2265 τὴν
669 2194 906 2248 διάνοιαν
932 2194 993 2246 τὸ
1025 2193 1330 2265 εἰρημένον,
1359 2211 1377 2243 ι
1407 2193 1498 2264 Μὴ
1525 2193 1935 2266 εὐφρανθείητε,

360 2285 669 2355 ἀλλόφυλοι,
709 2306 727 2337 ι
766 2286 906 2356 μέγα
936 2284 1258 2356 φρονοῦντες
1287 2285 1378 2337 ἐπὶ
1411 2288 1523 2349 τοῖς
1564 2286 1938 2357 νομιζομένοις

364 2376 493 2448 ὑμῖν
523 2377 682 2441 θεοῖς,
723 2377 802 2448 τῷ
849 2377 1061 2448 μηδένα
1097 2373 1238 2430 εἶναι
1293 2375 1384 2430 τὸν
1411 2377 1762 2447 συντρίϐοντα
1795 2379 1938 2448 ὑμᾶς

362 2470 451 2524 διὰ
473 2484 571 2542 την
598 2469 691 2524 τοῦ
719 2469 985 2540 παρόντος
1027 2467 1216 2539 καιροῦ
1256 2468 1572 2540 μοχθηρίαν.
1609 2471 1672 2523 Εἰ
1699 2470 1807 2542 γὰρ
1844 2471 1940 2524 καὶ

362 2560 432 2613 τά
465 2561 702 2630 μάλιστα
745 2559 1029 2632 συνετρίϐη
1071 2561 1098 2613 ὁ
1131 2559 1292 2628 ζυγὸς
1336 2558 1431 2612 τοῦ
1477 2560 1729 2626 παίοντος
1774 2563 1939 2633 ὑμᾶς,

361 2653 475 2706 ἀλλ’
498 2653 560 2707 οὑ
598 2653 737 2726 πρὸς
765 2654 920 2724 ὑμῶν
960 2654 1176 2721 ἐγένετο
1214 2652 1406 2713 ταῦτα.
1451 2655 1544 2708 ἐπὶ
1585 2653 1740 2725 κακῷ
1777 2655 1833 2709 δὲ
1865 2655 1942 2727 τῷ

364 2743 629 2816 ὑμετέρῳ.
670 2743 914 2815 Μηδενὸς
944 2743 1052 2816 γάρ
1080 2745 1222 2814 ὑμᾶς
1262 2743 1532 2808 παίοντος,
1580 2745 1712 2817 μηδὲ
1749 2763 1942 2799 ταπει-

365 2834 601 2899 νοῦντος,
638 2835 772 2907 μηδὲ
804 2834 1241 2906 ἐπιστρέφοντος,
1285 2833 1451 2904 πολλή
1484 2852 1568 2898 τις
1599 2838 1656 2888 ὲν
1695 2837 1821 2907 ὑμῖν
1848 2837 1943 2904 γέ-

365 2945 518 2997 γονεν
543 2927 798 3000 ἐπιτριεὴ
829 2927 1036 2984 κακῶν.
1083 2928 1143 2980 Οἱ
1187 2928 1294 2997 γὰρ
1343 2927 1509 2980 πάλαι
1567 2929 1741 2997 ὄφεων
1785 2927 1944 3000 δίκην

365 3022 484 3083 ταῖς
528 3019 821 3091 ὑμετέραις
864 3019 1064 3090 ψυχαῖς
1123 3017 1553 3088 ἐμφωλεύοντες,
1608 3018 1665 3072 ἐν
1724 3036 1783 3072 τε
1829 3023 1945 3084 τοῖς

2037 2089 2130 2152 rit,
2177 2106 2197 2138 ι
2236 2085 2314 2142 Ne
2343 2086 2622 2148 laetemini,
2656 2085 2993 2154 alienigenae,
3033 2103 3051 2136 ι
3091 2099 3344 2154 magnum
3376 2084 3614 2138 sentien-

2041 2187 2120 2234 tes
2153 2194 2313 2248 super
2345 2179 2442 2242 iis,
2475 2193 2611 2246 quos
2641 2178 2770 2232 deos
2815 2191 2936 2231 esse
2983 2177 3218 2245 putatis,
3249 2176 3404 2245 quasi
3437 2175 3618 2237 nullus

2038 2274 2109 2326 sit
2136 2271 2204 2326 ob
2235 2272 2519 2338 prazsentis
2551 2268 2810 2336 temporis
2834 2268 3154 2336 nequitiam,
3183 2267 3274 2335 qui
3305 2282 3403 2320 vos
3427 2278 3616 2321 conte-

2042 2377 2124 2419 rat
2157 2374 2212 2420 et
2247 2364 2536 2433 opprimat.
2579 2360 2805 2414 Etiamsi
2835 2363 2980 2415 enim
3019 2360 3270 2413 attritum
3300 2359 3372 2414 sit
3425 2357 3616 2428 jugum

2039 2460 2176 2532 ejus,
2207 2457 2298 2519 qui
2329 2470 2422 2509 vos
2449 2455 2828 2524 percutiebat;
2879 2455 2931 2508 id
2972 2465 3119 2509 certe
3152 2467 3256 2506 non
3296 2467 3327 2505 e
3357 2467 3414 2505 re
3443 2463 3617 2506 ve8tra

2043 2550 2238 2616 fuerit;
2288 2549 2396 2604 into
2449 2548 2627 2616 potius
2673 2546 2726 2600 in
2805 2547 3064 2601 damnum
3111 2554 3350 2598 vestrum
3395 2553 3495 2598 est.
3547 2542 3621 2598 At

2042 2644 2187 2699 enim
2225 2639 2444 2696 nemine
2474 2653 2567 2692 vos
2597 2639 2957 2708 percutiente,
3007 2637 3224 2690 nemine
3255 2636 3618 2706 deprimente.

2045 2734 2130 2789 vel
2164 2733 2515 2801 corripiente,
2555 2746 2745 2798 magna
2789 2730 2840 2784 in
2892 2729 3046 2784 vobis
3091 2727 3354 2782 malorum
3399 2726 3481 2788 vis
3534 2725 3624 2779 in-

2047 2827 2236 2881 valuit.
2270 2824 2407 2879 Nam
2457 2825 2549 2894 qui
2590 2823 2718 2878 olim
2763 2822 3102 2892 serpentium
3133 2822 3304 2874 instar
3332 2819 3384 2874 in
3412 2817 3622 2873 anima-

2047 2936 2168 2974 rum
2207 2929 2510 2972 vestrarum
2543 2915 2784 2971 latibulis
2813 2915 3046 2983 agebant
3071 2953 3086 2978 ,
3119 2921 3286 2982 atque
3337 2911 3392 2965 in
3427 2910 3624 2965 vestris

2049 3012 2292 3068 delubris
2338 3027 2402 3065 ac
2461 3008 2695 3079 templis.
2740 3008 2899 3062 veluti
2943 3006 3054 3071 dii,
3115 3006 3271 3060 sedes
3330 3003 3621 3065 habebant,

371 3114 652 3185 ὑμετέροις
685 3116 852 3184 ἱεροῖς
876 3129 934 3165 τε
961 3113 1055 3166 καὶ
1086 3115 1252 3177 ναοῖς,
1283 3112 1358 3176 ὡς
1390 3112 1453 3185 δὴ
1476 3112 1606 3175 θεοὶ,
1636 3113 1944 3184 ἐφεδρεύον-

2051 3107 2271 3172 maligni
2309 3104 2586 3158 daemones
2614 3140 2630 3159 .
2663 3100 2836 3153 diram
2870 3098 3074 3167 prolem
3109 3111 3172 3150 ac
3201 3109 3383 3150 semen
3418 3094 3624 3162 impro—

370 3219 461 3266 τες
485 3203 705 3275 πονηροὶ
732 3203 1000 3274 δαίμονες,
1036 3202 1213 3274 δεινὴν
1256 3204 1418 3274 γονὴν
1459 3203 1551 3257 καὶ⁵
1597 3203 1817 3274 σπέρμα
1852 3221 1949 3256 πο-

373 3296 536 3366 νηρὸν
556 3296 886 3368 ἀπεκύησαν·
919 3296 995 3359 ὡς
1013 3297 1241 3360 ἀσπίδας
1261 3294 1321 3361 ἐξ
1345 3296 1521 3349 αὐτῶν
1555 3296 1865 3365 γεννᾶσθαι,
1887 3296 1950 3350 τὺ

372 3391 588 3442 πάντων
620 3388 727 3442 τῶν
751 3389 970 3443 ἰοϐόλων
997 3388 1270 3460 χείριστον
1291 3406 1303 3419 ·
1345 3390 1410 3442 ὲκ
1438 3388 1642 3443 τούτων
1675 3407 1734 3443 τε
1769 3388 1950 3444 αὐτῶν

371 3483 562 3546 ἄλλους
592 3484 886 3555 ὑποστῆναι
909 3483 1059 3554 ὄφεις
1074 3482 1160 3536 τὸν
1189 3482 1951 3556 ἀέραιδιιπταμένους.Ταῦτα

375 3577 473 3646 μὲν
509 3571 600 3630 οὖν
626 3577 767 3630 κατὰ
786 3576 879 3630 τὸν
908 3576 1148 3647 παρόντα
1174 3576 1366 3647 καιρὸν
1403 3576 1465 3629 οὐ
1505 3579 1636 3649 παρ’
1674 3577 1802 3648 ὑμῖν
1852 3577 1950 3648 μό-

372 3684 482 3730 νοις
500 3669 610 3730 τοῖς
631 3667 966 3736 ἀλλοφύλοις,
1009 3668 1106 3739 ἤδη
1143 3668 1199 3721 δὲ
1233 3669 1327 3721 καὶ
1359 3669 1484 3740 παρ’
1516 3668 1664 3740 αὑτῷ
1706 3669 1784 3741 τῷ
1819 3687 1954 3742 χρη-

377 3758 651 3828 ματίζοντι
679 3757 795 3828 λαῷ
823 3758 957 3811 Θεοῦ
988 3758 1217 3830 πληθύει
1243 3777 1255 3790 ·
1277 3749 1369 3823 ’ὡς
1401 3761 1577 3814 πάντα
1615 3761 1813 3833 τρόπον
1853 3778 1952 3814 πε-

357 3849 691 3920 πληρῶσθαι
729 3849 818 3904 τὸν
851 3851 1010 3922 ἀέρα,
1048 3851 1415 3922 διιπταμένων
1452 3851 1647 3920 ὄφεων,
1673 3853 1765 3906 καὶ
1793 3853 1954 3921 ἐκγό-

371 3956 477 3992 νων
501 3941 761 4003 ἀσπίδων,
809 3941 1060 4013 πονηρῶν
1089 3960 1248 3996 τινων
1282 3943 1378 3996 καὶ
1409 3942 1751 4013 λυμαντικῶν
1793 3963 1956 3998 πνευ-

379 4031 581 4100 μάτων.
620 4031 1051 4103 Ἀναδειχθέντος
1096 4033 1152 4086 δὲ
1198 4034 1338 4088 κατά
1385 4035 1574 4106 καιρὸν
1614 4034 1708 4088 τοῦ
1737 4035 1953 4089 πάντων

263 4127 271 4135 ’
375 4119 579 4173 τούτων
607 4120 880 4192 όλετῆρος,
933 4122 1242 4192 οίχήσονται
1285 4123 1380 4176 καὶ
1429 4125 1477 4175 oi
1528 4121 1702 4192 ὄφεις,
1758 4122 1852 4175 καὶ
1895 4123 1954 4176 αἱ

378 4213 602 4277 ἀσπίδες
641 4215 714 4267 τά
762 4231 822 4266 τε
869 4214 1074 4268 τούτων
1118 4215 1330 4288 πονηρά
1370 4216 1592 4286 ἔκγονα·
1635 4217 1712 4281 ὡς
1754 4215 1951 4289 μηκέτι

378 4307 619 4378 ἐνεργεῖν
653 4305 825 4360 ταῦτα
854 4307 910 4360 ὲν
941 4306 1271 4379 ἀνθρώποις.

455 4417 474 4448 ι
509 4397 966 4469 Βοσκηθήσονται,
1015 4417 1034 4450 ι
1071 4399 1179 4470 γάρ
1209 4415 1364 4470 φησι,
1395 4417 1413 4450 ι
1443 4400 1647 4469 πτωχοὶ
1675 4399 1741 4453 δι’
1765 4390 1948 4452 αὑτοῦ·

2054 3200 2178 3252 btttn
2205 3195 2539 3259 emiserunt;
2573 3195 2645 3246 ita
2678 3201 2738 3244 ut
2776 3206 2840 3244 ex
2881 3189 2984 3243 illis
3017 3187 3232 3257 aspides
3257 3186 3623 3255 gignerentur,

2051 3290 2192 3360 quod
2245 3297 2330 3342 est
2384 3287 2627 3341 omnium
2677 3291 3070 3338 venenatorum
3133 3281 3507 3342 teterrimum;
3558 3289 3626 3329 ex

2053 3382 2226 3450 iisque
2254 3378 2343 3433 alii
2379 3377 2509 3433 editi
2554 3377 2662 3432 sint
2710 3382 2992 3442 serpentes
3041 3385 3139 3439 per
3185 3383 3313 3422 aera
3360 3365 3623 3418 volantes.

2053 3471 2179 3526 Haec
2223 3485 2384 3540 porro
2438 3470 2490 3522 itt
2543 3463 2822 3535 prazsenti,
2889 3478 2996 3517 non
3059 3460 3201 3530 apud
3272 3472 3368 3512 vos
3419 3465 3626 3510 tantum

2053 3562 2382 3631 alienigenas
2407 3601 2423 3626 ,
2457 3559 2550 3613 sed
2576 3560 2737 3612 etiam
2772 3554 2911 3624 apud
2945 3567 3068 3606 eum
3093 3591 3108 3614 ,
3145 3549 3238 3619 qui
3280 3547 3508 3616 populus
3532 3545 3626 3598 Dei

2055 3665 2296 3720 vocatur,
2326 3667 2518 3722 magno
2553 3663 2782 3705 munero
2822 3648 3126 3707 habentur;
3178 3643 3250 3696 ita
3303 3651 3362 3694 ut
3406 3651 3629 3708 prorsus

2053 3764 2147 3802 aer
2195 3749 2470 3815 repleatur
2520 3743 2870 3811 serpentibus
2931 3735 3320 3798 volitantibus,
3393 3745 3456 3785 ac
3507 3729 3631 3784 ﬁliis

2055 3843 2298 3910 aspidum
2326 3881 2340 3904 ,
2377 3838 2629 3907 malignis
2657 3835 2868 3891 scilicet
2893 3830 3224 3902 quibusdam
3274 3841 3338 3881 ac
3384 3823 3630 3880 exitiosis

2054 3935 2354 4004 spiritibus.
2388 3930 2526 3985 Cum
2557 3938 2737 3983 autem
2773 3927 2818 3981 is
2841 3963 2857 3992 ,
2889 3923 2979 3994 qui
3028 3923 3140 3975 hzcc
3173 3919 3353 3972 omnia
3385 3917 3632 3972 sublatu-

2057 4043 2148 4081 rus
2179 4035 2284 4086 cst,
2315 4039 2414 4079 suo
2448 4032 2692 4090 tempore
2721 4015 3028 4080 advenerit,
3053 4022 3108 4066 et
3140 4009 3474 4082 apparuerit,
3503 4017 3632 4062 tunc

2056 4127 2361 4185 serpentes,
2393 4113 2630 4182 aspides,
2655 4121 2952 4176 earumque
2977 4105 3221 4175 improba
3243 4099 3423 4169 proles
3448 4097 3635 4154 absce-

2057 4210 2226 4272 dent;
2268 4205 2338 4258 ita
2373 4213 2430 4257 ut
2459 4205 2574 4258 haec
2598 4203 2652 4256 in
2687 4201 2935 4255 homines
2967 4197 3076 4250 vim
3125 4192 3264 4248 ultra
3322 4204 3428 4244 non
3479 4203 3635 4242 exer-

2057 4310 2236 4357 ccattt.

2128 4391 2292 4446 Vens.
2329 4388 2418 4443 50.
2445 4385 2578 4441 Nam
2613 4403 2633 4437 ι
2668 4393 2979 4453 pascentur,
3009 4377 3207 4448 inquit,
3231 4391 3329 4446 per
3356 4389 3477 4428 eum
3502 4386 3635 4443 pau-

380 4489 608 4559 πένητες
745 4465 756 4469 ⁷
777 4488 1052 4562 ἄνθρωποι
1084 4465 1184 4543 ιτὲ
1222 4465 1458 4560 *είρήνης
1509 4465 1944 4544 ἀναπαύσονται·

2061 4497 2218 4551 peres
2255 4498 2268 4533 :
2309 4482 2496 4549 inopes
2523 4483 2705 4530 autem
2735 4474 2981 4528 homines
3019 4470 3070 4523 in
3126 4483 3259 4537 pace
3308 4465 3631 4536 quiescent:

380 4583 556 4638 ἀνελεῖ
597 4583 653 4638 δὲ
689 4583 833 4656 λιμῷ
861 4584 924 4636 τδ
965 4584 1186 4655 σπέρμα
1232 4601 1347 4646 σου,
1384 4584 1476 4637 καὶ
1512 4583 1572 4636 τὸ
1605 4582 1955 4652 κατάλειμμά

382 4693 474 4730 σου
500 4676 699 4730 ἀνελεῖ.
725 4697 743 4728 ι
775 4675 946 4730 Τοῦτο
973 4678 1069 4749 μὲν
1100 4672 1193 4730 οῦν
1232 4677 1292 4730 τὸ
1333 4675 1661 4750 έρπυστικδν
1689 4675 1783 4729 καὶ
1811 4673 1954 4728 ἰοϐό-

381 4769 472 4823 λον
519 4767 674 4839 γένος
710 4767 853 4841 λιμῷ
905 4768 1082 4822 ἀνελεῖ
1128 4769 1157 4820 ό
1205 4766 1697 4840 προφητευόμενος,
1755 4764 1955 4837 μηκέτι

383 4861 695 4934 ἐπιτρέπων
722 4862 930 4934 τροφὴν
959 4861 1059 4933 τὴν
1100 4859 1326 4930 συνήθη,
1363 4857 1564 4931 δηλαδὴ
1599 4858 1699 4929 τὴν
1736 4857 1824 4911 διὰ
1859 4855 1956 4911 θυ-

385 4955 515 5010 σιῶν
553 4959 622 5029 τῇ
664 4957 948 5028 δαιμονικῇ
1005 4954 1180 5026 πλάνῃ
1229 4951 1633 5026 προσφέρεσθαι
1665 4969 1678 4982 ο
1723 4953 1850 5015 τοὺς
1883 4951 1960 5004 νδὲ

385 5046 576 5099 ἑαυτοῦ
597 5049 843 5116 πτωχοὺς
892 5045 1169 5119 έκθρέψει,
1197 5043 1290 5097 καὶ
1327 5044 1384 5097 ὲν
1414 5043 1604 5115 εἰρήνῃ
1635 5040 1958 5106 ἀναπαύσει,

389 5142 585 5213 μηκέτι
634 5133 1162 5214 παρενοχλουμένους
1223 5140 1329 5194 ὑπὸ
1383 5137 1493 5192 τῶν
1550 5135 1958 5208 παραδοθέντων

389 5233 650 5306 ἑρπετῶν.
677 5233 910 5287 Δύναται
945 5233 1128 5304 μέντοι
1154 5230 1328 5285 ταῦτα
1371 5229 1465 5284 καὶ
1503 5228 1702 5300 ἑτέρως
1748 5227 1828 5289 είς
1866 5225 1959 5278 τὸν

401 5325 646 5391 Ἐζεκίαν
696 5324 1064 5398 πληροῦσθαιο
1111 5325 1233 5388 τοὺς
1275 5322 1384 5394 γὰρ
1420 5319 1586 5374 πάλαι
1630 5318 1774 5372 κατά
1829 5316 1960 5369 Θεὸν

389 5421 806 5493 πτωχεύσαντας
835 5419 892 5473 ἐν
920 5418 1078 5472 παντὶ
1117 5415 1195 5488 τῷ
1249 5412 1513 5469 Ἰουδαίων
1554 5409 1697 5463 ἔθνει
1735 5407 1965 5477 ἀνεκτή-

391 5531 521 5568 σατο
572 5515 797 5586 τροφαῖς
839 5511 1082 5577 λογικαῖς
1128 5509 1222 5562 καί
1266 5505 1634 5567 διδασκαλίαις
1659 5519 1672 5533 ·
1725 5500 1818 5564 οὓς
1868 5499 1962 5553 καὶ

390 5607 720 5679 κατέστησεν
752 5603 844 5657 ἐπὶ
867 5601 966 5675 τὴν
995 5599 1163 5674 καλὴν
1185 5598 1353 5673 νομὴν
1385 5596 1480 5652 τοῦ
1515 5597 1614 5669 τῆς
1649 5592 1963 5656 θεοσεϐείας

466 5813 509 5846 ’⁸
537 5812 602 5870 ιν
640 5810 770 5882 Reg.
799 5821 952 5872 xvltt,
973 5802 1030 5859 8.

2066 4575 2210 4627 l'ame
2237 4585 2365 4626 vero
2397 4569 2688 4623 interliciet
2723 4579 2910 4620 semen
2932 4573 3105 4624 tuum,
3135 4569 3189 4614 et
3219 4557 3472 4626 reliquias
3518 4562 3636 4608 tuas

2063 4663 2361 4718 interimet.
2406 4678 2424 4712 ι
2461 4659 2576 4713 lloc
2607 4657 2774 4726 igitur
2810 4653 3003 4723 reptile
3027 4661 3082 4706 ct
3105 4657 3428 4704 venenatum
3468 4657 3637 4713 genus

2063 4753 2204 4809 fame
2240 4751 2455 4806 necabit
2484 4751 2549 4817 is,
2590 4748 2686 4818 qui
2712 4747 2765 4801 in
2804 4742 3085 4815 pr0phetia
3133 4741 3302 4793 fertur
3325 4777 3341 4800 ,
3375 4749 3474 4790 nec
3498 4733 3635 4786 ultra

2064 4846 2342 4918 permittet
2366 4853 2424 4898 ut
2453 4849 2745 4897 consuetus
2776 4838 2951 4900 cibus,
2982 4831 3232 4888 videlicet
3276 4843 3371 4900 per
3428 4823 3638 4880 sacrifi-

2067 4936 2568 5003 cia,.d:emoniac:e
2619 4927 2998 5002 superstitioni
3053 4924 3331 4981 offeratur.
3367 4918 3638 4984 Pauperes

2069 5042 2250 5085 autem
2283 5043 2412 5085 suos
2444 5023 2701 5086 eltttlt'lel,
2731 5030 2786 5076 et
2832 5019 2886 5072 in
2942 5029 3075 5086 pace
3124 5011 3406 5084 quiescere
3454 5005 3636 5067 faciet,

2069 5138 2174 5178 non
2198 5121 2335 5176 ultra
2369 5127 2593 5173 vexatos
2617 5130 2647 5168 a
2696 5109 3012 5165 memoratis
3061 5102 3364 5173 reptilibus.
3405 5096 3639 5151 Possunt

2066 5216 2231 5272 etiam
2267 5212 2451 5268 isthtcc
2487 5208 2594 5262 alio
2626 5206 2785 5260 modo
2821 5203 2875 5256 in
2906 5197 3140 5255 Ezechia
3173 5193 3391 5265 impleta
3421 5189 3586 5244 fuisse
3621 5203 3635 5240 :

2069 5308 2184 5379 ipse
2212 5304 2358 5361 enim
2389 5316 2504 5368 eos,
2536 5299 2627 5368 qui
2664 5302 2714 5350 in
2763 5294 3019 5348 universo
3039 5287 3282 5344 «Iudaico
3327 5281 3520 5353 populo
3553 5295 3647 5366 sc—l

2069 5375 2305 5458 cundum
2332 5398 2498 5452 Deum
2523 5405 2785 5464 pauperes
2807 5386 2935 5442 olim
2968 5384 3209 5448 fuerant,
3237 5377 3376 5435 cibis
3405 5375 3649 5464 rationa-l

2069 5492 2208 5548 libus
2237 5499 2292 5545 et
2322 5463 2568 5543 doctrina
2606 5479 2910 5544 recreavit;
2955 5489 3092 5548 quos
3135 5474 3263 5528 item
3316 5469 3368 5523 in
3420 5463 3648 5538 Optimis

2069 5584 2208 5659 ejus,
2236 5595 2357 5652 quae
2383 5580 2526 5652 piatn
2550 5573 2867 5646 religionem
2892 5569 3072 5635 docet,
3103 5563 3235 5636 legis
3263 5559 3480 5634 pascuis
3519 5569 3646 5612 con-
