4158 6402
387 299 484 354 201

1338 295 1662 352 CUMMEN]
1681 297 1846 350 ABIA
1888 298 1951 350 IN
1996 295 2248 354 ISAIAM.
2285 328 2355 338 --
2383 296 2537 353 CAP.
2578 294 2720 351 XVI.

3539 307 3650 364 202

387 434 485 489 νην
512 436 531 469 ‹
573 417 772 491 ,Ὀρᾷς
802 415 862 472 τὸ
893 416 1078 490 θαῦμα
1121 414 1214 469 τοῦ
1262 416 1420 484 λόγου
1467 419 1526 471 ὲν
1569 416 1648 488 τῷ
1685 415 1962 487 συμπερά-

2068 417 2360 485 justitiam.
2393 437 2413 470 ι
2448 416 2632 474 Viden’
2663 415 2930 472 sermonis
2955 417 3256 476 mirabilem
3288 420 3342 477 in
3393 422 3499 480 line
3527 441 3651 497 pro-

388 528 555 582 σματι
589 511 686 582 τῆς
731 511 1066 583 προφητείας
1104 510 1510 581 περιεχόμενον.
1545 509 1703 564 Κατά
1730 511 1788 563 τὸ
1835 510 1967 564 αὐτὸ

387 608 496 678 γὰρ
546 607 811 670 θεσπίσας
860 609 1188 678 ἀφανισμὸν,
1237 606 1648 675 εὐαγγελίζεται
1710 607 1964 672 antea;-

389 696 594 769 σκηνὴν
643 696 806 751 Δαυῖδ
833 699 1030 768 φήσας,
1060 696 1156 750 καὶ
1203 695 1390 767 θρόνον
1437 695 1572 750 Θεοῦ
1615 697 1743 768 παρ’
1786 697 1970 762 αὐτοῖς

387 789 757 861 συστήσασθαι
778 805 792 819 ο
825 791 918 844 κα)⁵
942 789 1115 842 ταῦτα
1142 787 1358 841 ἔσεσθαι
1383 789 1566 841 οὐκέτι
1604 789 1662 854 ἐξ
1695 789 1969 862 ἀνθρωπί-

388 899 486 954 νης
515 884 661 946 τινὸς
692 881 949 951 σπουδῆς,
977 880 1091 935 ἀλλ’
1144 879 1204 946 ἐξ
1254 880 1435 944 ἐλέους
1480 880 1613 933 Θεοῦ
1661 881 1756 934 καὶ
1783 882 1970 950 φιλαν-

389 973 656 1044 θρωπίας.
712 973 804 1027 Διὸ
849 973 1098 1026 λέλεκται
1140 971 1283 1026 κατά
1334 971 1426 1027 τὸν
1485 971 1736 1038 Ἀκύλαν,
1783 991 1802 1024 ι
1857 974 1969 1026 Καὶ

388 1067 843 1138 ὲτοιμασθήσεται
900 1068 958 1118 ὲν
1008 1065 1145 1137 ἐλέῳ
1209 1065 1434 1137 θρόνος·
1491 1084 1511 1118 ι
1564 1063 1707 1119 κατὰ
1770 1065 1827 1118 δὲ
1876 1066 1968 1118 τὸν

386 1158 734 1226 Θεοδοτίωνα,
770 1179 788 1210 ι
829 1159 940 1212 Καὶ
981 1157 1433 1229 ἐτοιμασθήσεται
1482 1159 1598 1228 μετ’
1625 1157 1806 1222 ἐλέους
1846 1157 1971 1230 θρό-

385 1266 493 1313 νος.
540 1268 558 1300 ι
594 1249 712 1304 Τίνι
767 1248 823 1302 δὲ
872 1246 1417 1319 ἐτοιμασθήσεται,ἢ
1471 1248 1686 1311 πάντως
1732 1265 1835 1300 που
1890 1245 1969 1318 τῷ

386 1339 624 1413 Χριστῷ,
649 1339 727 1411 τῷ
755 1341 818 1393 ὲκ
847 1340 1160 1411 σπέρματος
1189 1337 1350 1392 Δαυῒδ
1371 1338 1780 1410 γεγεννημένῳ;
1814 1339 1970 1392 "Ecs-

388 1433 510 1486 σθαι
542 1434 722 1487 τοίνυν
771 1431 922 1505 παρά
969 1434 1082 1497 τοίς
1125 1431 1447 1496 Μωαϐίταις
1489 1431 1678 1504 θρόνον
1730 1429 1968 1503 Χριστοῦ

385 1543 572 1597 φησιν,
603 1525 662 1579 ἐν
682 1518 724 1592 ᾧ
751 1524 1018 1579 καθιείται
1051 1524 1191 1595 μετὰ
1224 1522 1484 1594 ἀληθείας
1514 1523 1574 1578 ὲν
1612 1526 1786 1595 σκηνῇ
1806 1521 1969 1576 Δαυῒδ

383 1618 869 1690 γεννηθησόμενος.
905 1616 1061 1672 Οὕτω
1101 1616 1156 1670 δὲ
1183 1615 1369 1670 καλεῖν
1415 1614 1572 1669 εἴωθε
1607 1614 1668 1668 τὸ
1696 1632 1968 1686 προφητι-

383 1710 481 1766 κὸν
517 1711 734 1782 πνεῦμα
760 1711 857 1783 τὴν
897 1709 1222 1781 Ἐκκλησίαν
1256 1709 1349 1762 τοῦ
1379 1708 1515 1763 Θεοῦ
1542 1725 1556 1739 ο
1592 1709 1715 1762 ἐπεὶ
1746 1708 1840 1762 καὶ
1876 1707 1967 1761 τὸν

2071 509 2270 580 phetiae
2292 510 2654 566 (economiam
2681 511 2704 564 ’ἔ
2732 509 2866 565 Nam
2893 521 3180 584 postquam
3213 515 3486 572 excidium
3514 521 3654 576 vati~

2070 605 2284 660 cinatus
2307 611 2413 670 est,
2437 604 2626 659 eodem
2661 611 2905 673 tempore
2929 619 3078 674 spem
3110 606 3308 662 bonam
3337 609 3649 673 annuntiat.

2071 693 2283 756 dicens.
2321 693 2732 750 tabernaculum
2781 695 2950 752 David
2979 705 3033 751 et
3085 699 3336 754 thronum
3383 700 3476 757 Dei
3508 705 3649 772 apud

2073 783 2192 839 illos
2235 785 2679 839 constituendum
2729 800 2897 852 esse;
2950 787 3174 857 haecque
3242 803 3350 845 non
3412 791 3647 848 humana

2071 875 2302 944 quadam
2342 890 2507 946 Opera
2536 885 2590 929 et
2617 876 2983 932 sollicitudine
3006 919 3020 940 .
3059 882 3153 934 sed
3181 897 3245 934 ex
3277 883 3648 948 misericordia

2071 979 2127 1022 et
2152 967 2441 1022 clementia
2474 966 2590 1022 Dei.
2617 967 2797 1035 Quare
2817 970 3115 1024 secundum
3143 971 3396 1041 Aquilam
3427 975 3648 1045 dicitur,

2077 1079 2096 1114 ι
2141 1061 2630 1132 Etpraeparabitnr
2662 1062 2714 1114 in
2762 1062 3138 1118 misericordia
3185 1065 3450 1132 thronus;
3490 1086 3509 1119 ι
3560 1085 3650 1124 se-

2072 1155 2308 1210 cundum
2359 1154 2785 1209 Tlteodotionem
2838 1169 3004 1220 vero,
3059 1173 3077 1206 ι
3132 1156 3195 1210 Ει
3257 1162 3650 1230 prarparabitur

2070 1261 2194 1301 cum
2227 1246 2602 1301 misericordia
2633 1248 2879 1302 thronus.
2920 1265 2939 1298 ι
2980 1247 3078 1303 Cui
3108 1260 3287 1304 autem
3319 1253 3652 1321 prteparabi-

2074 1347 2182 1402 tur,
2216 1338 2319 1392 nisi
2348 1337 2509 1406 plane
2530 1338 2751 1393 Christo
2775 1379 2790 1403 ,
2820 1338 2913 1409 qui
2945 1353 3010 1394 ex
3040 1341 3251 1396 semine
3286 1341 3453 1398 David
3493 1355 3650 1404 natus

2071 1437 2155 1486 est
2179 1431 2202 1485 ‘?
2225 1430 2314 1483 Ait
2341 1431 2506 1502 igitur
2526 1431 2668 1501 apud
2698 1429 2964 1487 Moabitas
2989 1433 3188 1489 Christi
3220 1434 3471 1492 thronum
3503 1437 3651 1500 futu-

2072 1538 2190 1578 rum
2217 1537 2359 1590 esse,
2405 1523 2457 1578 in
2484 1539 2592 1593 quo
2624 1539 2746 1578 cum
2774 1525 3006 1579 veritate
3051 1527 3261 1582 sedebit
3290 1528 3334 1583 is
3365 1529 3456 1600 qui
3485 1531 3537 1586 in
3570 1542 3650 1586 ta-

2072 1613 2368 1669 bernaculo
2401 1613 2566 1667 David
2597 1615 2906 1670 nasciturus
2945 1629 3051 1670 est.
3106 1616 3196 1673 S'c
3245 1635 3408 1689 porro
3441 1636 3653 1678 nuncu.

2072 1721 2203 1778 pare
2260 1707 2395 1762 solet
2450 1707 2686 1775 Spiritus
2739 1709 3088 1778 pr0pheticus
3146 1711 3444 1768 Ecalesiam
3505 1715 3648 1774 Dei:

383 1803 617 1876 Χριστὸν
649 1803 810 1858 αὑτὸν
841 1803 1004 1857 Δαυῖδ
1028 1800 1316 1875 ὀνομάζειν
1340 1800 1478 1866 ἔθος,
1505 1799 1593 1854 διὰ
1622 1800 1684 1852 τὸ
1711 1800 1776 1852 ὲκ
1802 1796 1962 1870 σπέρ-

2071 1813 2196 1854 nam
2230 1800 2403 1868 ipsum
2448 1812 2664 1867 quoque
2693 1795 2971 1854 Christum
3005 1800 3259 1855 Davidem
3292 1818 3490 1858 vocare
3520 1819 3651 1860 con-

387 1914 554 1968 ματος
607 1895 769 1949 Δαυῒδ
816 1895 954 1949 κατά
1003 1896 1183 1966 σάρκα
1228 1891 1586 1965 γεγεννῆσθαι
1641 1892 1826 1946 αὐτόν.
1878 1891 1969 1944 Διὸ

383 1988 590 2059 σκηνὴν
623 1986 720 2058 μὲν
752 1986 915 2039 Δαυῖδ
956 1986 1054 2055 τὴν
1084 1984 1410 2056 Ἐκκλησίαν
1460 1983 1745 2047 ἀποκαλεῖ,
1779 1983 1968 2054 θρόνον

381 2079 439 2134 δῖε
458 2081 548 2134 τὸν
588 2080 680 2132 ἐπὶ
704 2078 902 2150 ταύτης
931 2077 1022 2130 τὸν
1069 2078 1168 2148 τῆς
1209 2076 1532 2148 Ἐκκλησίας
1568 2075 1862 2148 πρόεδρον,
1907 2074 1967 2140 ὃς

383 2175 474 2227 τὸν
517 2174 828 2245 σωματικὸν
875 2172 1062 2243 ἐπέχει
1104 2171 1315 2243 θρόνον,
1358 2171 1520 2224 τόπον
1567 2169 1748 2241 τηρῶν
1778 2167 1967 2240 ὥσπερ

383 2266 476 2319 τοῦ
515 2264 775 2338 Χριστοῦ.
809 2265 992 2336 ’Ἃπερ
1019 2264 1094 2328 ὠς
1145 2265 1203 2317 ὲν
1253 2262 1569 2334 μυστηρίοις
1611 2260 1756 2316 κατά
1804 2261 1966 2333 μέσον

382 2359 482 2428 τῆς
505 2355 835 2427 προφητείας
861 2353 1328 2426 παρεμϐέϐληται,
1355 2352 1448 2406 τοῦ
1472 2354 1627 2422 ἁγίου
1652 2351 1967 2423 Πνεύματος

385 2449 570 2520 μόνοις
595 2450 704 2511 τοῖς
724 2445 974 2519 μέλλουσι
1011 2445 1268 2510 συνιέναι,
1303 2447 1399 2500 καὶ
1426 2445 1522 2516 τῆς
1560 2445 1764 2499 τούτων
1787 2444 1968 2512 ἀξιοῦ-

383 2541 508 2596 σθαι
539 2540 792 2612 θεωρίας,
819 2539 917 2610 τὴν
940 2539 1144 2593 τούτων
1168 2539 1370 2608 γνῶσιν
1399 2538 1860 2610 ταμιευσαμένου.

457 2742 477 2776 ι
531 2722 876 2794 Ἡκούσαμεν
911 2720 1010 2793 τὴν
1045 2719 1200 2794 ὓϐριν
1225 2719 1429 2774 Μωάϐο
1464 2719 1725 2792 ὑϐριστὴς
1758 2717 1965 2789 σφόδρα

379 2816 480 2890 τὴν
525 2815 916 2888 ὁπερηφανίαν,
947 2817 1042 2870 καὶ
1085 2816 1118 2886 ἡ
1171 2813 1328 2886 ὕϐρις
1358 2812 1524 2866 αὑτοῦ
1573 2812 1668 2867 καὶ
1715 2813 1748 2884 ἡ
1803 2811 1964 2883 μῆνις

381 2909 547 2965 αὑτοῦ
569 2927 584 2940 ·
611 2895 710 2980 οὐχ
734 2908 907 2974 οὕτως
938 2909 971 2980 ὴ
1019 2906 1250 2979 μαντεία
1299 2922 1416 2970 σου,
1460 2905 1560 2976 οὐχ
1587 2904 1779 2968 οὕτως.
1819 2898 1966 2958 Ὀλο-

379 3001 528 3068 λύξει
561 3002 767 3058 Mea/16'
817 3003 876 3056 ὲν
929 3000 1037 3073 γὰρ
1071 3003 1138 3071 τῇ
1177 2997 1482 3054 Μωαϐίτιδι
1533 2997 1732 3063 πάντες
1781 2995 1964 3050 ὀλολύ-

383 3093 561 3158 ξουσιο
612 3097 724 3158 τοῖς
774 3091 1090 3148 κατοικοῦσι
1133 3091 1190 3145 δὲ
1220 3089 1328 3162 Σὴθ
1363 3090 1697 3161 μελετήσεις,
1736 3090 1829 3143 καὶ
1861 3089 1962 3143 οὐκ

2072 1890 2291 1956 suevit,
2345 1892 2470 1962 quia
2519 1906 2585 1946 ex
2631 1892 2838 1947 semine
2882 1892 3050 1947 David
3101 1896 3395 1954 secundum
3424 1911 3650 1953 carnem

2072 1991 2234 2036 natus
2267 1991 2371 2036 est.
2403 1982 2766 2048 Quamobrem
2796 1983 3094 2039 Ecclesiam
3126 1987 3346 2056 quidem
3392 1989 3650 2044 taberna-

2070 2072 2249 2128 culum
2307 2075 2475 2130 David
2512 2075 2792 2145 appellat,
2849 2077 3102 2132 thronum
3157 2089 3339 2134 autem
3407 2079 3649 2152 ejusdem

2071 2164 2327 2221 Ecclesia:
2339 2167 2647 2235 praesidem,
2664 2169 2753 2237 qui
2772 2183 3087 2239 corporeum
3113 2174 3367 2227 thronum
3397 2183 3648 2243 occupat,

2068 2265 2234 2326 atque
2261 2273 2356 2314 ceu
2384 2257 2585 2313 Christi
2631 2260 2802 2314 locum
2843 2270 3004 2316 tenet.
3053 2262 3204 2329 Qua}.
3226 2277 3325 2318 ceu
3357 2263 3411 2318 in
3441 2275 3649 2334 myste-

2069 2349 2187 2414 riis,
2221 2349 2275 2405 in
2324 2351 2504 2405 medio
2551 2351 2844 2421 prophetia:
2872 2353 3074 2407 inserta
3110 2363 3254 2417 sunt,
3283 2352 3485 2424 Spiritu
3523 2370 3651 2410 san-

2073 2451 2162 2498 cto
2195 2442 2386 2497 horum
2411 2444 2665 2498 notitiam
2706 2444 2773 2498 iis
2820 2455 3033 2502 tantum
3067 2445 3157 2515 qui
3186 2445 3541 2512 intellecturi,
3592 2454 3650 2502 et

2067 2532 2329 2590 harumce
2380 2550 2560 2590 rerum
2610 2537 2927 2606 spectaculo
2970 2538 3118 2610 digni
3158 2538 3390 2596 habendi
3446 2547 3645 2611 erant,

2068 2637 2408 2684 reservante.

2143 2719 2306 2778 Vsus.
2353 2720 2427 2788 6,
2463 2720 2514 2775 7.
2572 2740 2592 2774 ι
2640 2722 2958 2781 Audivitnus
3006 2725 3391 2784 contumeliam
3441 2726 3645 2796 Moab,

2065 2814 2493 2872 contumeliosus
2517 2814 2674 2870 valde
2698 2818 3044 2886 superbia,et
3065 2820 3391 2877 contumelia
3419 2821 3558 2893 ejus,
3590 2833 3648 2879 et

2067 2909 2146 2964 ira
2177 2909 2295 2979 ejus
2327 2927 2340 2964 :
2373 2925 2480 2965 non
2531 2911 2608 2965 sic
2643 2911 2910 2968 divinatio
2947 2923 3036 2966 tua
3063 2953 3081 2980 ,
3114 2930 3219 2969 non
3267 2914 3370 2971 sic.
3408 2914 3648 2977 Ululahit

2067 2999 2224 3057 Moab
2261 3020 2274 3057 :
2311 3013 2437 3056 nam
2468 3002 2520 3058 in
2553 3001 2846 3060 Moabitide
2890 3021 3083 3062 omnes
3129 3005 3452 3065 ululabunt:
3486 3009 3646 3068 babi-

2069 3091 2306 3148 tantibus
2335 3091 2467 3148 Seth
2493 3095 2841 3150 meditaberis
2863 3105 2918 3151 et
2943 3113 3047 3152 non
3081 3098 3450 3158 confunderis.
3482 3121 3502 3156 ι
3537 3103 3644 3160 Ge-

383 3187 718 3259 ὲντραπήσῃ.
755 3206 773 3239 ι
809 3187 922 3258 Ούχ
947 3186 1132 3257 ὅμοιαι
1193 3185 1244 3238 αἱ
1275 3183 1505 3256 πράξεις
1528 3185 1641 3246 τοῖς
1667 3182 1765 3254 τῆς
1791 3183 1961 3254 ὑπερ-

2067 3193 2147 3238 sta
2195 3186 2444 3256 superbis
2473 3187 2632 3242 dictis
2661 3187 2855 3242 similia
2886 3204 2990 3245 non
3029 3200 3188 3258 sunt;
3221 3196 3336 3248 sive
3377 3196 3504 3265 quia
3536 3194 3647 3251 Deo

382 3278 609 3350 ηφανίας
635 3278 809 3347 λόγοις
832 3295 845 3308 ·
875 3278 907 3350 ἦ
943 3277 1038 3332 καὶ
1061 3275 1246 3347 ἐπειδὴ
1281 3275 1422 3347 μέγα
1446 3274 1704 3347 ἐφρόνουν
1749 3273 1842 3328 ἐπὶ
1883 3272 1962 3346 τῷ

381 3369 588 3425 ἑαυτῶν
624 3370 749 3442 θεῷ,
794 3371 888 3426 καὶ
935 3372 1056 3433 ταῖς
1086 3367 1277 3422 τούτου
1309 3367 1587 3439 μαντείαις
1607 3385 1621 3398 ο
1666 3366 1764 3438 οὐχ
1795 3365 1959 3430 οὕτω,

381 3466 566 3537 φησιν,
593 3465 766 3528 ἔσται,
803 3465 965 3517 ὁποῖα
1017 3460 1344 3534 μαντεύεται
1385 3463 1415 3515 ό
1457 3462 1588 3532 παρ’
1623 3461 1806 3524 αὐτοῖς
1847 3460 1964 3516 δαί-

381 3576 519 3631 μων,
551 3555 659 3611 οὐδ’
717 3559 878 3611 ὁποῖα
909 3555 994 3610 διὰ
1043 3555 1307 3628 χρησμῶν
1354 3557 1466 3619 τοῖς
1497 3554 1960 3624 ὲξαπατωμένοις,

379 3652 473 3704 καὶ
497 3650 628 3703 Θεὸν
657 3649 817 3704 αὐτὸν
847 3645 987 3702 εἶναι
1013 3648 1326 3719 νομίζουσιν
1357 3645 1752 3719 ἐπηγγέλλετο’
1788 3647 1817 3698 ό
1854 3646 1963 3719 γάρ

378 3741 548 3796 ἐπιὼν
570 3741 759 3815 χρόνος
781 3740 983 3794 τούτων
1007 3739 1184 3794 αὐτῶν
1207 3740 1268 3794 τὸ
1297 3739 1494 3810 ψεῦδος
1519 3737 1801 3806 διελέγξει.

454 3855 474 3885 ‹
515 3833 597 3887 Τά
641 3833 799 3887 πεδία
841 3832 1076 3887 Ἐσεϐὼν
1119 3833 1399 3905 πενθήσει,
1439 3831 1684 3903 ἄμπελος
1708 3829 1961 3902 Σώαμά,

379 3927 772 3989 καταπίνοντες
795 3926 864 3979 τὰ
887 3925 1036 3998 ἔθνη,
1083 3926 1509 3996 καταπατήσατε
1543 3923 1641 3987 τάς
1686 3923 1962 3994 ἀμπέλους

381 4018 574 4090 αὐτῆς,
602 4019 706 4080 ἕως
739 4015 919 4089 Ἰαξὴρ
965 4019 1027 4071 οὐ
1064 4018 1138 4089 μὴ
1175 4017 1470 4088 συνάψητε,
1511 4015 1819 4087 πλανήθητε
1864 4015 1963 4088 τὴν

379 4111 614 4184 ἑρημονσ
645 4112 694 4164 οἱ
727 4109 1130 4182 ἀπεσταλμένοι
1158 4109 1673 4180 ὲγνατελείιρθησαν,
1708 4107 1962 4177 διέϐησαν

375 4203 484 4277 γὰρ
513 4204 648 4275 πρὸς
669 4203 767 4274 τὴν
791 4202 1087 4259 θάλασσαν.
1123 4201 1222 4255 Διά
1249 4200 1408 4255 τοῦτο
1437 4200 1742 4270 κλαύσομαι
1769 4201 1844 4264 ὡς
1872 4199 1962 4253 τὸν

376 4295 651 4368 κλαυθμὸν
690 4297 891 4368 Ἰαζὴρ,
921 4295 1164 4367 ἄμπελον
1199 4292 1450 4365 Σαϐαμά.
1498 4293 1577 4346 Τὰ
1627 4292 1818 4365 δένδρα
1867 4309 1961 4345 σου

377 4389 673 4444 κατέϐαλεν
709 4387 943 4442 Ἐσεϐὼν
970 4386 1066 4441 καὶ
1100 4385 1345 4457 Ἐλεαλὴ,
1371 4386 1455 4438 ὅτι
1486 4385 1580 4438 ἐπὶ
1609 4384 1688 4454 τῷ
1718 4382 1962 4454 θερισμῷ

2064 3289 2162 3330 suo
2184 3316 2200 3342 ,
2229 3276 2453 3346 ejusque
2490 3275 2760 3332 vaticiniis
2790 3279 3022 3336 multum
3070 3281 3304 3342 ﬁdebant
3337 3300 3352 3338 :
3387 3299 3493 3340 non
3522 3284 3600 3340 ita
3623 3325 3642 3350 ,
3739 3326 3746 3334 .

2063 3367 2281 3438 inquit,
2311 3371 2421 3428 erit
2467 3377 2527 3425 ut
2553 3369 2887 3425 vaticinatur
2914 3373 3124 3428 daemon
3173 3373 3386 3430 illorum
3411 3415 3428 3444 ,
3469 3391 3645 3448 neque

2063 3470 2123 3515 ut
2153 3461 2240 3526 iis,
2273 3461 2365 3530 qui
2399 3460 2607 3530 decepti
2641 3461 2789 3516 illum
2839 3478 2937 3531 pro
2960 3463 3060 3518 deo
3092 3464 3388 3530 habebant,
3417 3466 3643 3523 oraculo

2063 3552 2420 3621 pollicebatur
2451 3571 2466 3606 :
2504 3551 2742 3608 futurum
2777 3553 2973 3623 quippe
3006 3562 3216 3622 tempus
3255 3556 3376 3612 illos
3422 3558 3646 3613 menda-

2063 3643 2133 3698 cii
2159 3653 2370 3717 arguet.

2135 3824 2301 3884 Vsns.
2357 3827 2523 3884 8—10.
2579 3846 2600 3880 ι
2637 3827 2901 3884 Planities
2942 3827 3154 3885 Esebon
3195 3830 3437 3902 lugebit,
3484 3831 3642 3889 vinea

2065 3919 2298 3978 Saltama
2325 3962 2341 3992 ,
2378 3921 2469 3991 qui
2525 3920 2802 3994 deglutitis
2829 3932 3016 3991 gentes
3045 3965 3060 3990 ,
3088 3924 3407 3980 conculcate
3448 3925 3640 3981 vineas

2063 4012 2202 4082 ejus,
2231 4028 2404 4084 usque
2448 4011 2608 4068 Jazcr
2650 4029 2717 4068 ne
2764 4013 3071 4086 attingatis,
3108 4023 3291 4070 errate
3333 4030 3429 4086 per
3456 4015 3646 4073 deser-

2065 4115 2177 4162 tum
2213 4123 2226 4160 :
2265 4106 2416 4162 missi
2452 4107 2698 4162 derelicti
2735 4119 2897 4172 sunt,
2934 4108 3370 4176 pertransierunt
3399 4109 3542 4164 enim
3575 4108 3645 4162 ad

2062 4214 2230 4262 mare.
2259 4197 2382 4254 Ideo
2408 4199 2632 4270 plorabo
2663 4209 2939 4270 tamquam
2971 4201 3183 4274 ploratu
3218 4199 3398 4269 Jazer,
3426 4202 3641 4256 vineam

2065 4292 2322 4351 Sabama.
2369 4294 2609 4351 Arbores
2643 4305 2764 4350 tuas
2810 4293 3012 4364 dejecit
3061 4295 3270 4350 Esebon
3323 4304 3376 4349 et
3424 4293 3642 4356 Eleale.

2063 4385 2190 4455 quia
2240 4400 2474 4442 messem
2526 4397 2580 4442 et
2610 4387 2937 4441 vindemiam
2978 4398 3126 4444 tuam
3164 4386 3539 4452 conculcabo,
3589 4395 3644 4442 et

375 4487 472 4540 acati.
511 4485 604 4538 ὲπί
649 4484 726 4554 τῷ
777 4481 1036 4555 τρυγητῷ
1083 4498 1177 4534 σου
1228 4481 1620 4550 καταπατήσω,
1653 4478 1745 4531 καὶ
1780 4477 1959 4530 πάντα

2067 4478 2246 4532 omnia
2295 4481 2511 4534 cadent.
2546 4479 2613 4533 Et
2663 4479 2882 4537 tolletur
2923 4481 3110 4537 laetitia
3147 4495 3201 4538 et
3233 4481 3532 4541 εκευιιειιξι>
3575 4480 3643 4540 δίς

375 4575 694 4631 πεσοῦνται.
721 4575 833 4630 Καὶ
862 4573 1161 4646 ἀρθήσεται
1195 4571 1498 4643 εὐφροσύνη
1529 4571 1623 4624 καὶ
1643 4570 1957 4641 ἀγαλλίαμα

375 4673 440 4724 ὲκ
465 4671 572 4723 τῶν
602 4667 959 4741 ἀμπελώνων,
992 4667 1086 4720 καὶ
1111 4667 1169 4718 ὲν
1191 4668 1304 4728 τοῖς
1327 4663 1612 4735 ἀμπελῶσί
1643 4681 1736 4717 σου
1782 4663 1841 4714 ού
1880 4662 1953 4733 μὴ

375 4759 857 4831 εὐφρανθήσονται,
886 4755 981 4810 καὶ
1006 4757 1065 4809 οὐ
1106 4756 1180 4826 μὴ
1225 4754 1556 4824 πατήσουσιν
1579 4749 1716 4807 οἶνον
1757 4755 1836 4815 είς
1883 4751 1954 4806 τὰ

374 4853 638 4923 ύπολήνια
662 4869 676 4881 ο
703 4850 979 4904 πέπαυται
1001 4849 1129 4921 γάρ.
1159 4867 1176 4900 ι
1210 4845 1471 4917 Σημαίνει
1490 4845 1546 4897 δὲ
1574 4845 1663 4897 διὰ
1688 4845 1787 4914 τῆς
1809 4845 1953 4898 ὀπῶ-

377 4961 474 5014 ρας
505 4943 600 4996 καλ.
620 4941 712 4995 τοῦ
740 4939 1022 5013 θερισμοῦ,
1057 4939 1153 4993 καὶ
1195 4937 1283 4990 διὰ
1322 4937 1423 5008 τῆς
1453 4935 1714 4998 πολλάκις
1757 4937 1954 5006 ὀνομα-

374 5035 596 5105 σθείσης
622 5034 868 5106 ἀμπέλου
918 5033 980 5086 τὸ
1035 5031 1260 5094 εὐθαλὲς
1308 5028 1404 5083 καὶ
1452 5029 1708 5100 ἄκμαιον,
1754 5029 1849 5082 καὶ
1895 5028 1955 5082 τὸ

371 5128 641 5201 τρυφερὸν
683 5128 772 5182 καὶ
802 5127 1003 5198 ὡραῖον
1041 5125 1141 5194 τῆς
1168 5123 1276 5176 τῶν
1309 5121 1653 5194 δηλουμένων
1693 5120 1859 5193 ζωῆς,
1895 5124 1953 5176 ἐν

370 5217 403 5296 ᾖ
449 5221 638 5293 ῶσπερ
701 5218 988 5290 μεθύοντες
1059 5217 1243 5286 διῆγον
1302 5214 1795 5285 ὲνευφραινόμενοι,
1859 5217 1952 5270 καὶ

369 5313 740 5388 ἐντρυφῶντες
766 5312 858 5363 ἐπὶ
881 5313 1002 5373 ταῖς
1030 5308 1211 5372 ἀθέοις
1236 5307 1414 5360 αὐτῶν
1447 5305 1805 5370 δυσσεϐείαις.

446 5425 464 5456 ι
494 5403 594 5457 Διά
619 5403 780 5456 τοῦτο
814 5404 848 5473 ἡ
881 5401 1061 5454 κοιλία
1109 5417 1207 5471 μου
1263 5398 1355 5452 ἐπὶ
1401 5396 1572 5452 Μωάϐ
1620 5397 1696 5460 ὡς
1751 5397 1951 5470 κιθάρα

367 5497 584 5568 ηχὴσει,
613 5495 706 5548 καὶ
751 5492 818 5546 τὰ
859 5492 1010 5555 ἐντός
1037 5508 1138 5562 μου
1166 5491 1297 5544 ὡσεὶ
1321 5492 1498 5559 τεῖχος
1530 5487 1558 5540 ὃ
1589 5487 1950 5552 ὲνεκαίνισας,

371 5590 468 5643 καὶ
503 5588 654 5641 ἔσται
701 5588 780 5649 είς
829 5585 890 5638 τὸ
940 5582 1274 5656 ὲντραπῆναί
1327 5600 1408 5636 σε.
1450 5601 1467 5632 ι
1509 5583 1662 5634 Κατὰ
1707 5579 1763 5633 δὲ
1795 5580 1952 5649 λόγον

370 5681 686 5754 βαθύτερον,
712 5678 850 5751 πρὸς
889 5677 1050 5733 αὑτὸν
1081 5676 1176 5729 καὶ
1196 5674 1292 5728 νῦν
1322 5677 1350 5728 ὁ
1380 5674 1560 5742 λόγος,
1593 5671 1729 5744 πρὸς
1765 5672 1822 5727 ὃν
1857 5673 1951 5726 καὶ

367 5773 450 5840 τὸ,
493 5791 513 5825 ι
544 5771 677 5826 ὡσεὶ
702 5773 876 5839 τεῖχος
897 5768 927 5821 δ
964 5766 1322 5828 ὲνεκαίνισας,
1366 5785 1385 5818 ι
1409 5762 1608 5836 δηλαδὴ
1651 5762 1745 5819 τὸν
1792 5762 1946 5818 Θεόν.

608 5867 883 5928 Parum.
937 5863 1056 5926 Gtt.
1117 5861 1352 5924 XXIV.

2066 4570 2242 4625 vineis
2273 4588 2286 4624 :
2315 4579 2370 4625 et
2403 4570 2458 4624 in
2488 4571 2662 4628 vineis
2696 4574 2801 4630 tuis
2833 4573 3177 4639 laetabuntur,
3215 4592 3314 4633 nec
3355 4577 3644 4634 calcabunt

2062 4661 2247 4714 vinum
2285 4661 2339 4716 in
2389 4661 2754 4719 torcularibus
2810 4684 2821 4719 :
2879 4667 3112 4721 cessavit
3145 4669 3312 4720 enim.
3352 4686 3371 4720 ι
3406 4665 3511 4722 Per
3539 4685 3640 4722 au-

2064 4760 2307 4806 tumnum
2357 4762 2412 4809 et
2447 4771 2678 4811 messem
2705 4797 2720 4821 ,
2775 4773 2839 4812 ac
2890 4775 2990 4830 per
3033 4759 3245 4812 vineam
3283 4760 3479 4828 sapius
3528 4775 3641 4815 me-

2063 4853 2372 4910 moratam,
2423 4845 2706 4904 ﬂorcntem
2737 4889 2752 4914 ,
2806 4850 3167 4922 voluptariam
3229 4860 3282 4905 et
3340 4851 3637 4918 jucundam

2061 4948 2248 4989 eorum
2277 4937 2443 4992 vitam
2482 4939 2684 4995 indicat
2710 4980 2726 5004 ,
2757 4955 2860 5010 qua
2909 4956 3007 4996 ceu
3057 4941 3196 4996 ebrii
3235 4943 3500 5012 degebant
3543 4943 3635 4999 lae-

2065 5035 2242 5085 tantes
2290 5039 2347 5086 ει
2405 5032 2748 5088 laseivientes
2798 5035 2851 5088 in
2906 5032 3130 5091 nefariis
3174 5035 3286 5090 suis
3337 5036 3638 5106 impietati-

2060 5121 2181 5176 bus.

2133 5396 2297 5456 Vens.
2349 5400 2438 5456 ll.
2468 5418 2487 5451 ι
2524 5399 2650 5454 ldeo
2681 5412 2870 5457 venter
2900 5418 3054 5460 meus
3087 5419 3253 5475 super
3281 5403 3438 5459 Moab
3478 5403 3635 5474 quasi

2060 5487 2272 5542 cithara
2318 5489 2575 5554 sonabit,
2620 5499 2675 5545 et
2722 5492 2983 5548 interiora
3037 5510 3152 5550 mea
3198 5495 3354 5566 quasi
3403 5511 3632 5559 murus,

2059 5593 2218 5646 quem
2254 5579 2542 5646 innovasti,
2576 5591 2629 5637 et
2661 5583 2763 5637 erit
2797 5593 2851 5639 ut
2883 5596 2932 5640 te
2961 5598 3336 5644 revereantur.
3373 5607 3394 5642 ι
3427 5588 3638 5643 Secun-

2061 5673 2184 5727 dum
2215 5673 2620 5754 profundiorem
2652 5677 2986 5750 intelligendi
3022 5681 3286 5736 rationem
3317 5724 3334 5749 ,
3363 5697 3486 5738 eum
3520 5681 3634 5752 jam

2056 5761 2354 5835 alloquitur
2406 5766 2490 5822 cui
2521 5765 2646 5822 dicit
2679 5806 2696 5834 ,
2746 5786 2765 5820 ι
2801 5771 2955 5838 quasi
2993 5787 3182 5828 murus
3214 5787 3375 5840 quem
3407 5771 3635 5828 innova-

3268 5870 3308 5929 7
