4158 6402
549 377 655 432 9.05

1227 375 1490 433 EUSEBlI
1527 373 2010 430 CESARIENSIS
2047 375 2196 432 OPP.
2241 376 2419 434 PARS
2457 377 2545 434 Ill.
2587 409 2654 418 ——
2693 377 3098 436 EXEGETICA.

3699 391 3808 446 204

551 491 662 554 sti,
721 509 739 542 ι
793 489 1045 546 videlicet
1076 490 1260 543 Deum.
1313 489 1447 556 Quid
1482 505 1614 560 ergo
1643 491 1744 545 sibi
1791 489 1904 544 vult
1961 491 2089 544 illud

2236 491 2299 543 Τί
2345 485 2437 544 οὖν
2473 491 2718 562 βούλεται
2747 491 2808 544 τὸ
2856 494 3142 566 τολμηρῶς
3183 495 3372 552 δοκοῦν
3423 499 3689 572 εἰρῆσθαι,
3719 506 3804 568 τὸ,

551 580 696 650 quod
731 594 862 636 sane
916 591 1114 634 temere
1163 579 1360 633 dictum
1395 580 1661 646 videatur,
1714 599 1732 630 ι
1777 579 1932 644 Erit,
1980 589 2038 633 ut
2075 589 2126 636 te

551 669 946 726 revereantur?
969 687 986 719 ι
1017 667 1153 733 Ideo,
1191 668 1382 736 inquit,
1417 668 1602 724 firmas
1641 669 1770 723 mihi
1803 670 1946 724 intus
1980 671 2128 740 cogi-

556 764 792 818 tationes
821 761 1077 832 elargitus
1101 775 1160 817 es
1185 802 1198 826 ,
1249 761 1319 815 ita
1357 771 1416 814 ut
1450 761 1540 831 qui
1575 777 1694 817 sese
1725 763 1791 818 ad
1822 772 1874 817 te
1900 763 2124 818 minime

552 861 892 916 convertunt,
925 853 998 904 tui
1029 853 1390 907 reverentiam
1421 853 1676 915 habeant.
1701 855 1769 908 ob
1804 864 2122 924 argumenta

550 961 617 999 ex
645 945 825 999 inditis
853 944 981 999 mihi
1010 943 1318 1014 praevalidis
1363 945 1787 1014 cogitationibus
1819 947 1950 1017 ipsis
1973 948 2124 1002 obla-

552 1046 625 1090 ta.
661 1035 821 1090 Deest
866 1035 1044 1104 itaque
1089 1035 1258 1098 illud,
1296 1053 1314 1086 ι
1354 1035 1495 1104 ipsi,
1539 1057 1555 1088 ι
1591 1047 1647 1091 ιιι
1677 1053 1806 1094 sana
1835 1041 2119 1095 verborum

547 1127 814 1182 sententia
843 1127 1122 1192 reddatur,
1158 1145 1175 1177 ι
1215 1127 1278 1180 Ει
1303 1127 1406 1181 erit
1441 1137 1498 1181 ut
1525 1129 1621 1199 ipsi
1661 1132 2016 1186 reverentiam
2044 1134 2118 1187 tui

549 1221 804 1275 habeant.
867 1237 886 1270 ι
932 1218 1393 1284 Quemadmodum
1444 1222 1586 1275 enim
1623 1223 1714 1290 qui
1753 1223 1802 1278 in
1841 1225 1991 1281 bellis
2027 1227 2119 1280 ad-

547 1327 702 1368 versa
735 1311 874 1366 facie
902 1311 1229 1376 consistunt,
1263 1313 1501 1380 quandiu
1536 1329 1690 1384 aequo
1720 1325 1893 1372 marte
1923 1335 2120 1390 pugna-

547 1411 656 1467 tur,
686 1419 795 1458 non
833 1412 982 1474 terga
1027 1403 1198 1468 dant,
1227 1417 1398 1472 neque
1441 1407 1628 1475 pedem
1675 1408 1957 1474 referunt;
1995 1425 2116 1466 cum

544 1507 724 1550 autem
772 1495 938 1550 altera
993 1511 1118 1565 pars
1153 1495 1448 1566 praevalet,
1487 1505 1613 1552 tunc
1645 1498 1824 1569 fugam
1871 1499 2113 1568 faciunt;

545 1588 618 1642 ita
651 1597 703 1642 et
733 1589 913 1642 anima
952 1588 1295 1658 impudenter
1320 1591 1372 1644 in
1411 1589 1528 1644 acie
1559 1591 1738 1646 stabat
1773 1607 1874 1647 nec
1901 1608 2116 1648 revere-

541 1681 743 1747 batur;
783 1681 950 1735 verbo
983 1689 1162 1734 autem
1209 1681 1411 1738 ellicaei
1445 1685 1689 1737 convicta
1718 1723 1732 1748 ,
1765 1683 1816 1737 in
1851 1684 2113 1752 pudorem

541 1782 595 1826 et
629 1771 990 1826 reverentiam
1021 1772 1270 1825 vertitur.
1303 1772 1366 1827 Et
1405 1776 1529 1842 quia
1556 1773 1608 1827 in
1642 1775 1856 1828 occulta
1883 1775 2114 1830 hominis

539 1873 694 1933 parte
722 1864 838 1917 haec
857 1863 1140 1918 conversio
1165 1861 1414 1928 eﬂicitur,
1441 1865 1698 1936 ἐντροπὴ,
1730 1865 1844 1920 sive
1872 1866 2110 1935 confusio

541 1965 905 2026 nuncupatur.
939 1954 1058 2010 Ideo
1088 1969 1220 2026 ergo
1250 1965 1442 2010 venter
1471 1956 1686 2011 sonabit
1715 1995 1731 2022 ,
1771 1965 1827 2011 et
1855 1957 2110 2012 interiora

542 2048 701 2117 quasi
739 2063 961 2114 murus,
1008 2064 1169 2120 quem
1199 2049 1474 2104 innovavit
1523 2049 1665 2103 Deus
1699 2048 1970 2118 propheta:
2002 2067 2016 2104 :
2055 2059 2112 2103 ut

539 2149 836 2206 mutentur,
863 2151 918 2195 et
942 2141 1361 2206 confundantur,
1396 2141 1674 2210 Deumque
1717 2151 2064 2196 revereantur
2093 2161 2106 2197 :

541 2231 774 2286 antehae
799 2231 948 2286 utilis
971 2234 1198 2302 pudoris
1226 2231 1417 2298 ignari.
1456 2230 1560 2285 Per
1583 2232 1710 2285 illud
1741 2247 1893 2297 sane,

607 2322 770 2380 Vens.
804 2324 889 2377 12.
933 2343 951 2374 ι
1004 2323 1138 2390 Quia
1165 2323 1487 2392 defatigatus
1529 2333 1614 2378 est
1637 2323 1790 2378 Moab
1827 2323 1878 2377 in
1911 2324 2105 2378 altari-

459 2463 470 2470 .
533 2413 636 2470 bus
659 2457 675 2480 ,
703 2425 756 2470 et
787 2415 1120 2487 ingredietur
1149 2418 1200 2470 in
1249 2417 1554 2472 manufacta
1597 2418 1659 2470 ad
1705 2419 1969 2472 orandum
1995 2459 2011 2484 ,
2053 2427 2107 2472 et

533 2522 639 2560 non
679 2516 930 2576 poterunt
972 2523 1161 2562 eruere
1200 2507 1344 2562 illum
1371 2549 1386 2572 ,
1427 2528 1444 2560 ι
1481 2508 1712 2563 fortasse
1762 2511 1940 2564 omnis
1987 2511 2102 2564 ido-

534 2598 759 2652 lolatria:
795 2599 1214 2654 destructionem
1257 2640 1272 2657 .
1316 2599 1366 2652 in
1417 2599 1520 2654 fine
1557 2616 1621 2655 ex
1673 2600 1904 2655 adventu
1945 2601 2103 2656 Verbi

531 2690 764 2746 futuram
795 2731 809 2756 ,
853 2692 1186 2745 vaticinatur
1238 2689 1402 2746 Isaias
1449 2711 1461 2744 :
1509 2692 1631 2760 quia
1666 2707 1858 2746 omnes
1891 2692 1942 2746 in
1975 2708 2106 2747 con-

532 2783 805 2838 struendis
837 2781 1050 2851 templis
1087 2783 1342 2853 insumpti
1381 2781 1593 2836 labores
1636 2784 1755 2836 vani
1807 2791 1978 2848 sunt,
2020 2785 2104 2837 iu-

529 2875 915 2943 fruetuosaque
960 2889 1084 2943 spes
1135 2874 1188 2928 in
1249 2873 1572 2928 manufaetis
1628 2874 1824 2942 posita.
1879 2893 1898 2925 ι
1947 2874 2102 2938 Nam,

529 2967 731 3034 inquit,
775 2967 1047 3034 orabunt,
1088 2978 1138 3022 et
1182 2981 1287 3022 non
1329 2975 1579 3036 p0teruut
1620 2981 1812 3022 eruere
1853 2967 2022 3020 illum.
2079 2989 2096 3019 ι

529 3057 796 3112 Caeterum
853 3058 954 3111 hoc
983 3056 1096 3126 jam
1142 3057 1193 3110 in
1250 3057 1478 3110 adventu
1527 3056 1726 3112 Christi
1776 3058 2100 3128 completum

530 3160 614 3204 εει
659 3167 672 3203 2

527 3239 597 3296 lis
652 3241 920 3296 habentur
965 3263 977 3296 :
1037 3257 1136 3296 nec
1181 3241 1321 3296 ultra
1371 3241 1472 3296 illa:
1529 3241 1829 3296 daemonum
1881 3241 2106 3300 fallacia:

527 3334 863 3396 consistunt,
916 3334 1224 3389 adversaria
1293 3333 1379 3387 illa
1441 3344 1701 3403 potestate
1755 3350 1852 3404 per
1907 3341 2103 3405 myste-

527 3427 669 3480 rium
729 3428 907 3482 crueis
959 3427 1012 3480 in
1067 3435 1178 3482 toto
1235 3427 1365 3481 orbe
1423 3425 1770 3496 praedicatum
1820 3425 1874 3479 in
1923 3424 2102 3496 fugam

527 3531 682 3572 νει-5ο
693 3558 706 3570 .

597 3609 762 3664 Vens.
797 3609 896 3673 15,
939 3607 1025 3663 14.
1077 3628 1098 3658 ι
1147 3608 1260 3662 Hoc
1307 3608 1528 3662 verbum
1577 3607 1720 3676 quod
1767 3607 1973 3661 locutus
2022 3615 2104 3662 est

529 3709 785 3764 Dominus
825 3722 988 3778 super
1019 3705 1172 3760 Moab
1201 3745 1216 3770 ,
1245 3705 1464 3776 quando
1496 3705 1710 3759 loeutus
1730 3713 1834 3759 est.
1866 3703 1932 3759 Et
1958 3718 2102 3758 nunc

527 3802 648 3855 dico
677 3800 730 3853 in
781 3797 952 3851 tribus
985 3797 1140 3850 anuis
1183 3811 1444 3850 annorum
1480 3796 1840 3861 mercenarii,
1869 3795 2100 3852 inhono-

527 3905 735 3962 rabitur
768 3903 939 3974 gloria
968 3899 1143 3964 Moab,
1179 3901 1231 3952 in
1260 3901 1513 3955 omnibus
1535 3900 1739 3955 divitiis
1769 3901 1955 3955 multis
1991 3917 2005 3954 :
2042 3909 2098 3954 et

527 3998 862 4067 relinquetur
897 3995 1189 4057 minimus,
1231 4003 1283 4046 et
1322 4009 1425 4048 non
1462 3995 1780 4048 honoratus.
1823 4011 1841 4045 ι
1873 3992 1978 4048 Pro
2007 3993 2096 4049 illo

525 4092 666 4159 apud
701 4085 840 4143 LXX
868 4085 1190 4154 lnterpretes
1217 4083 1379 4148 dicto,
1413 4103 1433 4136 ι
1473 4085 1527 4137 Ιιι
1563 4086 1734 4139 tribus
1761 4086 1920 4140 annis
1959 4100 2098 4140 mer-

525 4179 730 4236 cenarii
779 4177 1192 4233 inhonorabitur
1242 4176 1410 4247 gloria
1463 4175 1617 4230 Moab
1646 4216 1660 4240 ,
1713 4195 1732 4226 ο
1774 4176 2097 4246 interposita

2235 603 2252 634 ι
2296 586 2489 638 Ἔσται
2510 587 2590 650 είς
2611 588 2669 640 τὸ
2702 587 3034 658 ἐντραπῆναί
3066 605 3148 640 σε.
3185 607 3203 638 ι
3231 589 3329 644 Διά
3351 591 3509 644 τοῦτό
3537 610 3646 663 μοι,
3703 613 3808 668 φη-

2229 675 2331 738 σιν,
2381 676 2630 746 ἰσχυροὺς
2675 676 2912 747 ἐχαρίσω
2953 675 3166 728 ἔνδοθεν
3209 678 3336 741 τοὺς
3379 679 3800 752 διαλογισμούςο

2225 761 2365 816 ὥστε
2388 766 2514 827 τοὺς
2537 765 2632 818 νῦν
2667 767 2740 837 μὴ
2767 765 3191 838 ἐπιστρέφοντας
3235 769 3327 820 ἐπὶ
3365 771 3424 822 σὲ
3470 771 3802 844 ἐντραπῆναί

2227 873 2306 918 σε,
2330 855 2417 908 διὰ
2439 853 2544 908 τῶν
2567 856 2802 927 ἐλέγχων
2831 858 2938 912 τῶν
2965 861 3385 930 προσαγομένων
3417 863 3598 927 αὐτοῖς
3619 865 3684 917 ἐκ
3703 867 3804 936 τῆς

2224 947 2332 1000 τῶν
2357 947 2650 1020 δεδομένων
2684 966 2772 1020 μοι
2787 950 3058 1020 λογισμῶν
3089 951 3350 1016 εὐτονίας.
3381 954 3568 1007 Λείπει
3595 951 3688 1009 οὖν
3717 957 3798 1023 τὸ,

2230 1061 2248 1091 ι
2280 1041 2496 1104 αὐτοὺς,
2543 1061 2561 1092 ι
2595 1043 2682 1094 ἵνα
2704 1043 2874 1111 ὑγιῶς
2903 1045 2932 1095 ὁ
2962 1042 3086 1107 νοῦς
3111 1043 3216 1095 τῶν
3243 1035 3503 1114 ρῖημάτων
3541 1046 3800 1118 ἀποδοθῇ,

2229 1149 2244 1181 ι
2281 1131 2394 1184 Καὶ
2435 1131 2586 1184 ἔσται
2613 1133 2692 1194 είς
2722 1131 2782 1183 τὸ
2815 1134 3148 1204 ἐντραπῆναι
3181 1134 3378 1198 αὐτούς
3406 1152 3489 1192 σε.
3531 1155 3549 1186 ›
3587 1137 3802 1206 Ὠσπερ

2223 1218 2330 1290 γὰρ
2367 1221 2415 1271 οἱ
2441 1221 2499 1272 ἐν
2527 1224 2640 1284 τοῖς
2669 1220 2925 1293 πολέμοις
2949 1224 3351 1294 ἀντιπρόσωποι
3389 1227 3640 1292 ἑστῶτες,
3693 1229 3802 1293 ἕως

2226 1313 2323 1381 μὲν
2351 1311 2622 1376 ἱσοπαλεῖς
2647 1313 2896 1366 δοκοῦσιν
2925 1313 3080 1378 εἶναι,
3123 1317 3183 1369 οὐ
3235 1317 3524 1387 τρέπονται
3562 1321 3682 1372 οὐδὲ
3706 1323 3800 1374 ὲκ-

2219 1401 2512 1465 κλίνουσιν,
2535 1403 2751 1458 ἐπειδὰν
2771 1405 2824 1457 δέ
2852 1405 3094 1480 ὑπερέχῃ
3127 1407 3305 1459 αὐτῶν
3327 1409 3386 1460 τὸ
3405 1409 3590 1480 ἓτερον
3609 1411 3794 1482 μέρος,

2219 1495 2518 1566 τραπέντες
2550 1495 2870 1564 φεύγουσιν*
2903 1498 3045 1551 οῦτω
3077 1497 3171 1551 καὶ
3199 1500 3342 1570 ψυχὴ
3370 1501 3474 1553 ὑπὸ
3521 1503 3800 1566 ἀναιδείας

2219 1587 2675 1659 παρατεταγμένη
2699 1589 2928 1659 ἕστηκεν
2949 1591 3048 1643 οὐκ
3069 1591 3457 1663 ἐντρεπομένη,
3482 1592 3796 1664 ἐλεγχθεῖσα

2216 1678 2272 1731 δέ
2315 1679 2420 1732 ὑπὸ
2471 1679 2627 1748 λόγου
2655 1677 3070 1751 καθαπτομένου
3115 1681 3304 1751 αὐτῆς,
3351 1682 3610 1753 τρέπεται
3655 1685 3796 1756 πρὸς

2217 1770 2499 1841 αἰσχύνην.
2529 1772 2638 1825 Καὶ
2675 1771 2861 1842 ἐπειδὴ
2901 1774 2958 1824 ἐν
3005 1771 3080 1842 τῷ
3111 1773 3336 1844 κρυπτῷ
3361 1773 3457 1827 τοῦ
3499 1775 3794 1848 ἀνθρώπου

2215 1865 2422 1934 γίνεται
2463 1867 2496 1936 ἡ
2522 1864 2718 1936 τροπὴ,
2745 1864 2983 1936 ἐντροπὴ
3014 1867 3473 1938 προσηγόρευται.
3509 1868 3610 1920 Διά
3631 1869 3792 1922 τοῦτο

2223 1955 2314 2012 οὖν
2344 1962 2376 2029 ὴ
2417 1959 2592 2014 κοιλία
2615 1961 2834 2030 ἠχήσει,
2862 1959 2955 2012 καὶ
2985 1958 3050 2012 τὰ
3084 1959 3252 2025 ἐντὸς,
3283 1962 3412 2014 ὡσεὶ
3455 1965 3629 2032 τεῖχος
3653 1963 3682 2016 ὃ
3705 1966 3794 2017 ἐν-

2212 2051 2482 2104 εκαίνισεν
2509 2054 2536 2104 ὁ
2557 2051 2687 2115 Θεὸς
2719 2049 2812 2103 τοῦ
2847 2051 3126 2121 προφήτου
3149 2068 3162 2081 ·
3197 2053 3283 2104 ἵνα
3330 2054 3672 2121 μεταϐάλωσι
3693 2057 3790 2110 καὶ

2209 2143 2538 2214 ἐντραπῶσι,
2569 2141 2662 2196 τοῦ
2707 2141 2970 2196 αἰδεῖσθαι
3023 2142 3176 2204 Θεὸν,
3237 2145 3500 2216 πρότερον
3539 2146 3640 2198 οὐκ
3685 2147 3788 2198 ἐπ-

2213 2237 2486 2306 ιστάμενοι
2513 2240 2608 2308 τὴν
2633 2235 2906 2305 ὠφέλιμον
2933 2233 3213 2306 αἰσχύνην.
3231 2236 3326 2289 Διά
3362 2239 3541 2307 μέντοι
3564 2237 3678 2302 τοῦ,

2286 2349 2303 2379 ι
2342 2331 2464 2381 Ὅτι
2494 2329 2750 2382 ἐκοπίασε
2777 2327 2948 2381 Μωάὀ
2987 2328 3078 2380 ἐπὶ
3135 2331 3248 2392 τοῖς
3280 2329 3506 2400 βωμοῖς,
3550 2331 3645 2384 καὶ
3675 2333 3792 2383 εἰσ-

2209 2421 2482 2474 ελεύσεται
2520 2421 2599 2483 εἰς
2635 2420 2703 2472 τὰ
2755 2419 3126 2491 χειροποίητα,
3179 2421 3318 2474 ὥστε
3364 2421 3788 2493 προσεύξασθαι,

2209 2513 2300 2566 καὶ
2329 2513 2388 2566 οὐ
2421 2511 2494 2584 μὴ
2517 2511 2772 2566 δύνωνται
2819 2511 3091 2575 ἐξελέσθαι
3133 2514 3292 2566 αὐτόν
3311 2529 3324 2543 ·
3359 2532 3376 2564 ι
3403 2513 3542 2583 τάχα
3568 2513 3660 2566 τὸν
3693 2515 3791 2568 ἐπὶ

2205 2605 2348 2658 τέλει
2384 2605 2692 2675 ἀφανισμὸν
2725 2605 2904 2674 πάσης
2949 2605 3393 2676 είδωλολατρείας
3439 2608 3503 2660 ἐκ
3543 2607 3641 2676 τῆς
3686 2605 3788 2660 τοῦ

2207 2697 2364 2765 λόγου
2405 2695 2744 2765 ἐπιφανείας,
2781 2696 3108 2767 προφητεύει
3155 2698 3182 2749 ὁ
3229 2697 3485 2761 Ἡσαΐας·
3545 2699 3626 2751 ὅτι
3679 2699 3788 2769 μά-

2205 2806 2342 2842 ταιοι
2378 2789 2576 2851 πάντες
2615 2789 2663 2840 οἱ
2709 2789 2800 2839 ἐπὶ
2832 2789 2951 2850 ταῖς
2995 2791 3358 2851 κατασκευαῖς
3389 2788 3496 2842 τῶν
3519 2787 3662 2842 ναῶν
3685 2789 3788 2859 μό-

2205 2881 2340 2952 χθοι,
2375 2881 2470 2934 καὶ
2501 2881 2796 2949 ἀνωφελεῖς
2841 2881 2896 2934 αἱ
2941 2883 3019 2944 εἰς
3059 2881 3126 2933 τὰ
3165 2881 3512 2952 χειροποίητα
3545 2881 3782 2944 ἐλπίδες.

2211 2993 2228 3024 ι
2265 2971 2660 3044 Προσεύξονται
2699 2973 2829 3044 γὰρ,
2863 2973 3016 3043 φησι,
3051 2974 3144 3027 καὶ
3175 2973 3234 3025 οὐ
3271 2973 3344 3043 μὴ
3393 2972 3654 3025 δύνωνται
3685 2973 3778 3036 ἐξ·

2203 3065 2417 3119 ελέσθαι
2441 3065 2621 3118 αὐτόν.
2655 3085 2672 3115 ι
2694 3064 2863 3117 Τοῦτο
2883 3065 2940 3117 δὲ
2969 3063 3064 3116 νῦν
3097 3065 3187 3116 ἐπὶ
3215 3064 3312 3134 τῆς
3343 3063 3575 3136 Χριστοῦ
3597 3062 3788 3132 ἐπιδη-

721 3149 806 3202 illa
856 3150 1051 3220 quippe
1096 3149 1224 3204 olim
1277 3149 1481 3203 famosa
1515 3149 1708 3219 templa
1761 3165 1858 3218 pro
1909 3165 2102 3219 scopu—

2208 3158 2332 3228 μίας
2363 3157 2716 3228 πεπλήρωται
2741 3172 2754 3186 ·
2791 3155 2911 3209 ἀντὶ
2959 3156 3235 3208 σκοπέλων
3267 3155 3362 3225 μὲν
3395 3155 3502 3227 γὰρ
3547 3155 3786 3224 ἑστήκα-

2209 3269 2290 3304 σιν
2327 3253 2374 3303 οί
2404 3251 2522 3304 ναοὶ
2554 3247 2888 3320 περιϐόητοι,
2913 3247 3095 3300 οὐκέτι
3125 3247 3182 3300 δὲ
3215 3249 3270 3299 αί
3307 3246 3416 3300 ἀπὸ
3451 3247 3557 3300 τῶν
3585 3247 3782 3316 δαιμό-

2205 3361 2310 3398 νων
2334 3342 2560 3402 ἀπάται,
2594 3339 3020 3410 φυγαδευθείσης
3059 3337 3160 3408 τῆς
3197 3339 3578 3409 ἀντικειμένης
3617 3337 3784 3392 δυνά-

2208 3453 2351 3506 μεως
2374 3434 2462 3488 διὰ
2493 3434 2553 3486 τὸ
2583 3434 2878 3504 μυστήριον
2903 3431 2996 3484 τοῦ
3033 3429 3265 3500 σταυροῦ
3299 3430 3393 3483 τοῦ
3431 3429 3572 3484 κατὰ
3597 3432 3784 3486 πᾶσαν

2202 3527 2298 3598 τὴν
2327 3526 2646 3597 οἰκουμένην
2671 3543 2805 3594 κεκη
2816 3524 3102 3594 ρυγμένου.

2213 3641 2220 3648 ι
2279 3638 2295 3670 ι
2335 3617 2504 3671 Τοῦτο
2543 3618 2604 3670 τὸ
2647 3617 2794 3688 ῥῆμα
2823 3617 2850 3669 ὃ
2893 3617 3122 3688 ἐλάλησε
3179 3614 3382 3686 Κύριος
3435 3615 3529 3666 ἐπὶ
3579 3611 3780 3677 arma,

2199 3712 2358 3767 ὁπότε
2392 3709 2640 3780 ἐλάλησε.
2669 3709 2779 3762 Καὶ
2805 3709 2899 3760 νῦν
2932 3707 3094 3776 λέγω,
3128 3709 3185 3760 ἐν
3219 3707 3394 3776 τρισὶν
3423 3706 3596 3758 ἐτεσιν
3639 3704 3780 3756 ἐτῶν

2204 3799 2472 3874 μισθωτοῦ
2512 3799 2944 3871 ἀτιμασθήσεται
2975 3801 3007 3869 ἡ
3041 3797 3164 3864 δόξα
3189 3796 3361 3850 Μωὰϐ
3385 3799 3442 3849 ἐν
3477 3796 3642 3850 παντὶ
3693 3794 3784 3858 cf,»

2201 3893 2413 3962 πλούτῳ
2433 3891 2512 3964 τῷ
2543 3891 2740 3960 πολλῷ,
2793 3892 2886 3944 καὶ
2913 3889 3409 3962 καταλειφθήσεται
3463 3889 3764 3958 amoene,

2199 3987 2293 4040 καὶ
2318 3987 2418 4038 οὐκ
2442 3985 2676 4055 ἔντιμος.
2718 4003 2734 4034 ι
2782 3983 2926 4037 Ἀντὶ
2963 3984 3142 4053 μέντοι
3172 3981 3265 4035 τοῦ
3301 3981 3451 4050 παρά
3497 3983 3610 4043 τοῖς
3639 3979 3768 4032 Ἐϐ-

2196 4076 2499 4146 δομήκοντα
2573 4073 2870 4142 φάσκοντος
2941 4072 3122 4140 λόγου,
3177 4091 3194 4121 ι
3262 4071 3352 4123 Ἐν
3374 4071 3550 4141 τρισὶν
3595 4068 3776 4121 ἔτεσιν

2201 4165 2468 4239 μισθωτοῦ
2515 4164 2944 4236 ἀτιμασθήσεται
2991 4167 3026 4234 ἡ
3081 4162 3206 4230 δόξα
3267 4161 3460 4225 Μωάὅ,
3505 4180 3522 4210 ι
3563 4161 3596 4228 ἡ
3629 4159 3778 4213 κατὰ.

525 4273 668 4344 apud
693 4271 926 4340 reliquos
970 4270 1290 4338 interpretes
1322 4267 1617 4330 distinctio,
1652 4267 1940 4323 clariorem
1969 4283 2094 4323 sen-

2208 4261 2318 4323 τοὺς
2357 4259 2574 4320 λοιποὺς
2601 4257 2939 4329 ἐρμηνευτὰς
2960 4255 3235 4327 διαστολὴ,
3266 4251 3468 4325 μεταξὺ
3491 4251 3772 4322 βληθεῖσα,

525 4366 751 4422 tentiam
799 4364 965 4418 etiieit
1013 4379 1026 4416 :
1081 4378 1203 4416 nam
1255 4362 1548 4415 secundum
1581 4359 1832 4430 Aquilam
1876 4361 2093 4425 dicitur,

527 4477 548 4510 ι
585 4457 643 4512 In
667 4455 839 4511 tribus
868 4453 1024 4508 annis
1052 4452 1406 4518 mercenarii;
1447 4470 1464 4500 ι
1502 4456 1796 4506 secundum
1841 4451 2092 4522 Symma-

2196 4351 2534 4420 σαφεστέραν
2557 4350 2856 4419 κατέστησε
2890 4347 2987 4418 τὴν
3028 4347 3286 4400 διάνοιαν·
3326 4344 3466 4397 κατά
3517 4343 3614 4412 μὲν
3661 4343 3774 4413 γὰρ

2193 4439 2281 4492 τὸν
2325 4439 2551 4492 Ἀκύλαν
2581 4437 2830 4508 εἴρηται,
2859 4455 2876 4487 ι
2903 4437 2990 4488 Ἐν
3019 4436 3192 4506 τρισὶν
3226 4433 3367 4485 ἔτεσι
3401 4430 3669 4502 μισθωτοῦ
3695 4447 3707 4459 ·
3747 4449 3766 4480 ι

520 4549 684 4603 chum
711 4561 839 4602 vero
863 4589 877 4610 ,
927 4563 946 4595 ι
981 4543 1056 4597 Ex
1102 4559 1166 4598 eo
1204 4553 1445 4612 tempore
1489 4550 1542 4595 et
1589 4557 1734 4595 nunc
1769 4521 1978 4597 locutus
2009 4551 2092 4597 est

2208 4531 2336 4584 ιατά
2385 4531 2442 4583 δὲ
2493 4531 2582 4584 τὸν
2625 4531 2934 4601 Σύμμαχον,
2963 4547 2981 4580 ι
3014 4529 3240 4580 Ἔκτοτε
3284 4524 3377 4577 καὶ
3404 4523 3498 4576 νῦν
3543 4521 3772 4592 ἐλάλησε

519 4640 779 4696 Daminus
808 4639 994 4693 dicens
1020 4676 1034 4700 ,
1064 4635 1118 4689 In
1157 4633 1330 4687 tribus
1375 4634 1528 4686 anuis
1558 4633 1712 4702 quasi
1745 4647 1908 4703 super
1941 4647 2086 4687 mer-

519 4733 831 4798 cenarium;
878 4748 898 4781 ι
927 4727 1222 4784 secundum
1255 4726 1676 4780 Theodotionem
1709 4735 1912 4790 autem,
1948 4743 1967 4775 ι
2007 4724 2090 4780 Ab

521 4838 588 4877 eo
628 4832 862 4892 tempore
911 4831 965 4874 et
1009 4835 1150 4873 nunc
1197 4817 1402 4872 locutus
1435 4827 1519 4872 est
1564 4816 1822 4870 Dominus
1866 4817 2087 4882 dicens,

519 4915 581 4968 In
611 4914 779 4969 tribus
836 4912 992 4966 annis
1013 4952 1027 4976 ,
1061 4911 1214 4980 quasi
1246 4909 1401 4963 annis
1433 4907 1773 4962 mercenarii.
1819 4927 1837 4959 ι
1865 4907 2087 4973 Deinde,

521 5004 630 5060 alio
675 5012 946 5071 resumpto
978 5001 1245 5070 principio
1273 5040 1288 5065 ,
1321 4999 1520 5052 dicitur
1552 4998 1694 5066 apud
1727 4997 1962 5067 reliquos
2009 4998 2093 5051 in-

521 5101 806 5163 terpretes,
844 5107 862 5142 ι
893 5087 960 5142 Ει
987 5089 1400 5145 inbouorabitur
1429 5086 1599 5157 gloria
1629 5084 1788 5140 Moab
1823 5101 1945 5139 cum
1976 5101 2092 5140 om-

520 5184 678 5240 nibus
707 5181 911 5236 divitiis
945 5181 1145 5234 multis.
1201 5197 1218 5230 ι
1263 5179 1394 5234 Nam
1428 5178 1736 5246 eoujunetio
1764 5219 1780 5244 ,
1830 5188 1878 5233 et
1904 5219 1919 5244 ,
1971 5194 2090 5248 quae

521 5277 701 5332 media
733 5273 1116 5343 interponitur,
1141 5273 1301 5326 aliam
1335 5271 1495 5326 etl'ert
1521 5271 1843 5326 sententiam
1867 5311 1882 5334 ,
1915 5271 1983 5324 ab
2010 5271 2091 5324 his

519 5369 720 5436 verbis,
751 5385 768 5418 ι
807 5366 875 5421 Ει
897 5365 1309 5419 inhonorabitur
1339 5365 1503 5434 gloria
1533 5363 1688 5418 Moab
1717 5381 1731 5430 ;
1771 5381 1789 5414 ι
1821 5377 1941 5432 qua:
1962 5375 2090 5416 vero

521 5461 770 5531 superius
817 5465 1093 5527 ponuntur
1143 5455 1448 5524 significant
1500 5453 1784 5509 Dominum
1834 5451 2088 5523 prmdicta

519 5551 700 5606 omnia
734 5549 800 5602 de
829 5546 985 5601 Moab
1033 5547 1084 5599 in
1127 5545 1301 5598 tribus
1348 5547 1505 5599 annis
1550 5545 1782 5598 locutum
1833 5557 1955 5598 esse
1994 5557 2090 5612 per

515 5639 837 5710 'prOphetam
859 5680 873 5705 ,
903 5651 964 5690 ac
995 5637 1039 5690 si
1075 5635 1322 5690 mercede
1356 5635 1700 5689 conduxisset
1731 5649 1852 5690 eum
1881 5674 1896 5698 ,
1925 5641 2088 5702 atque

517 5731 767 5798 ut-hujus
803 5729 1096 5798 prophetiae
1141 5725 1442 5780 ministerio
1475 5735 1690 5781 vacaret
1745 5725 2084 5795 praecepisse.

521 5823 635 5876 Non
668 5823 809 5877 enim
845 5819 1296 5891 quemadmodum
1335 5833 1433 5874 nos
1463 5827 1630 5872 totam
1663 5817 1948 5875 lectionem
1981 5833 2084 5871 una

2197 4625 2401 4696 Κύριος
2429 4625 2624 4692 λέγων,
2673 4624 2758 4676 Ἐν
2811 4623 2985 4692 τρισὶν
3019 4620 3191 4672 ἐτεσιν
3210 4617 3284 4681 ὡς
3317 4615 3408 4668 ἐπὶ
3443 4612 3766 4684 μισθωτῶν»

2197 4715 2338 4770 κατά
2367 4714 2426 4767 δὲ
2457 4713 2548 4766 τὸν
2579 4713 2927 4772 Θεοδοτίωνα,
2963 4730 2980 4762 ι
3027 4707 3158 4762 ’Λπὺ
3209 4707 3328 4759 τότε
3377 4705 3470 4757 ml.
3500 4701 3592 4756 νῦν
3643 4703 3770 4754 ἐλα-

2197 4809 2326 4880 λησε
2383 4806 2584 4878 Κύριος
2630 4807 2824 4875 λέγων,
2866 4803 3131 4875 Ἑντρισὶν
3177 4800 3350 4852 ἔτεσιν
3393 4799 3467 4862 ὡς
3508 4797 3770 4858 ἐνιαυτοῖς

2201 4898 2490 4970 μισθωτοῦ.
2535 4919 2552 4950 ι
2591 4894 2726 4952 Εἶτα
2758 4897 2864 4951 ἀπὸ
2899 4897 3091 4966 ἐτέρας
3139 4891 3314 4963 ἀρχῆς
3352 4890 3562 4960 εἴρηται
3615 4886 3768 4956 παρὰ

2197 4995 2310 5056 τοῖς
2367 4993 2571 5055 λοιποῖς
2627 4991 3002 5062 ἐρμηνευταῖς,
3057 5007 3074 5036 ι
3131 4986 3240 5038 Καὶ
3273 4980 3700 5051 ἀτιμασθήσεται
3731 4980 3768 5050 ή

2197 5085 2324 5150 δόξα
2353 5083 2528 5138 Μωὰϐ
2563 5084 2659 5136 σὺν
2691 5082 2850 5134 παντὶ
2875 5079 2950 5150 τῷ
2979 5077 3170 5149 πλήθει
3192 5075 3268 5146 τῷ
3297 5073 3494 5141 πολλῷ.
3519 5092 3536 5124 ι
3560 5074 3615 5124 ὐ
3637 5073 3766 5142 γὰρ,

2199 5175 2318 5242 καὶ,
2355 5175 2646 5245 σύνδεσμος
2681 5174 2841 5244 μέσος
2861 5169 3280 5242 παρεμϐληθεὶς,
3309 5168 3500 5239 ἑτέραν
3531 5166 3766 5220 διάνοιαν

2200 5266 2508 5338 παρέστησε
2536 5265 2633 5336 τὴν
2653 5265 2759 5317 ἀπὸ
2789 5263 2904 5326 τοῦ,
2931 5282 2950 5312 ‹
2990 5263 3098 5316 Καὶ
3129 5259 3554 5331 ἀτιμασθήσεται
3581 5259 3614 5328 ἡ
3641 5255 3766 5321 δόξα

2198 5357 2371 5412 Μωάὸ
2390 5374 2404 5388 ⁸
2447 5376 2467 5409 ι
2505 5357 2566 5410 τὸ
2596 5357 2652 5409 δέ
2687 5353 2990 5427 ἔμπροσθεν
3019 5353 3206 5423 ἐδήλου
3239 5351 3314 5415 ὡς
3339 5351 3398 5404 ἐν
3424 5349 3599 5422 τρισὶν
3623 5347 3764 5400 ἔτεσι

2196 5451 2262 5506 τὰ
2297 5447 2663 5522 προλεχθέντα
2693 5447 2868 5500 πάντα
2897 5445 3024 5517 περὶ
3055 5445 3154 5516 τῆς
3197 5442 3369 5497 Μωάὃ
3409 5439 3610 5514 Κύριος
3637 5439 3766 5491 ἐλα-

2195 5543 2325 5613 λησε
2353 5540 2441 5594 διὰ
2477 5539 2568 5592 τοῦ
2603 5539 2903 5610 προφήτου,
2930 5537 3117 5608 ὥσπερ
3143 5533 3553 5606 μισθωσάμενος
3583 5529 3764 5588 αὐτὸν,

2196 5635 2290 5688 καὶ
2322 5633 2706 5703 ἀπασχολήσας
2741 5631 2870 5702 περὶ
2905 5630 3003 5698 τὴν
3031 5625 3333 5699 ὑπηρεσίαν
3367 5623 3466 5694 τῆς
3491 5622 3617 5694 περὶ
3644 5619 3764 5672 τού-

2197 5745 2304 5780 των
2345 5724 2694 5797 προφητείας.
2719 5724 2791 5776 Οὐ
2817 5723 2924 5792 γὰρ
2956 5719 3142 5790 ὥσπερ
3174 5719 3332 5788 ἡμεῖς
3369 5715 3580 5786 ἀθρόως
3637 5729 3763 5764 συν-

2197 5819 2454 5880 άπτοντες
2480 5817 2540 5870 τὸ
2573 5817 2678 5870 πᾶν
2727 5813 3054 5883 ἀνάγνωσμα
3073 5809 3411 5882 διερχόμεθα,
3441 5806 3585 5862 οὕτω
3616 5804 3708 5858 καὶ
3735 5805 3762 5855 ό
