4158 6402
503 402 604 462 ⁸2.οἺ

1167 381 1440 453 EUSEBII
1485 389 1966 450 CESARIENSIS
2004 389 2158 449 OPP.
2199 391 2387 450 PARS
2421 393 2512 450 Ill.
2553 423 2622 435 -
2661 394 3071 454 EXEGETICA.

3681 393 3787 454 208

510 524 666 588 cepta
697 525 803 573 est.
836 518 1037 575 Verum
1057 517 1506 589 quemadmodum
1534 515 1738 572 reversi
1757 515 1930 572 Iudici
1967 515 2095 571 Hie-

2201 515 2528 590 ἐπλήρωσαν
2561 518 2885 591 οἰκητόρων,
2917 518 3012 572 τὸν
3060 515 3219 572 αὐτὸν
3257 516 3456 589 τρόπον
3500 515 3594 571 καὶ
3623 516 3657 589 ἡ
3690 518 3790 570 Δα-

512 607 846 679 rosolymam
880 611 1057 666 denuo
1077 609 1412 676 excitarunt,
1436 620 1600 679 alque
1628 610 1910 681 regionem
1938 610 2090 666 ineo-

512 698 582 754 lis
611 699 981 769 repleverunt.
1029 701 1096 754 ad
1121 700 1372 756 eumdem
1417 701 1635 755 modum
1665 709 1722 754 et
1752 700 2050 757 Damascus
2076 741 2094 765 .

514 791 604 848 illa
636 807 888 864 perpessa
917 834 933 856 ,
966 809 1084 862 quae
1138 792 1194 847 in
1251 793 1537 863 prophetia
1577 793 1851 856 feruntur,
1898 808 2094 848 rursus

515 883 571 938 in
601 884 847 955 sequenti
878 893 1120 954 tempore
1147 892 1356 939 structa
1380 881 1482 940 fuit
1502 923 1518 950 ,
1559 883 1633 939 ita
1683 891 1744 938 ut
1771 883 1916 954 regia
1940 887 2097 940 sedes

516 975 572 1030 in
598 988 662 1028 ea
693 975 890 1030 iterum
917 984 1242 1045 poneretur.

588 1087 606 1120 ι
644 1068 707 1122 Et
737 1083 842 1122 uou
874 1069 1012 1123 ultra
1053 1083 1279 1139 regnum
1311 1069 1364 1142 in
1395 1070 1659 1124 Damasco
1686 1083 1702 1123 :
1739 1079 1793 1125 et
1816 1069 2093 1124 residuum

513 1160 802 1232 Syrorum.
834 1178 852 1212 ι
882 1159 1007 1214 Haac
1034 1160 1288 1215 dicuntur
1314 1160 1466 1230 quasi
1501 1160 1800 1216 Damascus
1821 1170 2096 1230 superstes

512 1253 728 1322 quidem
757 1251 936 1306 futura
961 1251 1052 1317 sit,
1077 1251 1174 1306 sed
1205 1266 1310 1305 non
1341 1251 1544 1306 munita
1580 1259 1636 1307 et
1665 1251 1812 1322 regni
1845 1260 2006 1320 caput
2037 1261 2096 1306 ut

511 1345 662 1400 olim.
689 1343 924 1399 Possunt
954 1331 1080 1397 item
1123 1341 1229 1396 alio
1264 1342 1426 1396 modo
1474 1343 1587 1397 haec
1637 1342 1755 1397 loca
1805 1343 2093 1414 explicari,

512 1436 669 1506 quasi
701 1435 912 1491 scilicet
940 1435 1220 1502 prophetia
1247 1432 1503 1489 Damasci
1549 1434 1742 1490 incolis
1784 1435 2094 1505 depressio-

513 1545 638 1585 nem
665 1537 715 1583 et
751 1527 1015 1598 privatam
1046 1526 1210 1581 vitam
1251 1525 1600 1594 prmnuutict.
1630 1525 1709 1580 Ita
1740 1527 1884 1582 enim
1914 1528 2096 1584 dicere

513 1621 755 1676 solemus
788 1619 1056 1675 excidisse
1097 1618 1318 1672 divitem
1338 1655 1352 1681 ,
1384 1631 1509 1672 cum
1548 1618 1600 1672 iu
1630 1626 1936 1673 extremam
1965 1635 2095 1689 pau-

511 1724 783 1786 pertatem
807 1712 1118 1779 devenerit;
1145 1711 1508 1781 similiterque
1535 1711 1712 1765 virum
1743 1710 2092 1776 honoratum,

513 1823 636 1864 cum
671 1806 929 1878 dignitate
971 1819 1068 1860 sua
1109 1803 1372 1874 spoliatus
1419 1803 1600 1859 fuerit.
1635 1800 1752 1858 Non
1783 1804 1926 1859 enim
1955 1819 2095 1874 prm-

2203 609 2434 678 μασκδς,
2471 607 2718 663 παθοῦσα
2746 610 2865 663 τότε
2895 608 2963 664 τὰ
2985 609 3090 663 ὑπὸ
3109 609 3207 680 τῆς
3237 607 3576 680 προφητείας
3602 606 3790 661 θεσπι-

2201 701 2417 763 σθέντα,
2457 699 2612 768 αὖθις
2641 704 2700 756 ἐν
2733 705 2846 768 τοῖς
2892 703 3031 775 μετὰ
3080 702 3255 756 ταῦτα
3279 701 3493 776 χρόνοις
3520 701 3786 772 ἀνῳκοδό-

2203 812 2361 867 μητο,
2391 795 2467 858 ὡς
2498 796 2588 849 καὶ
2613 795 2882 866 βασίλειον
2913 798 2970 850 ἐν
3005 797 3142 868 αὐτῇ
3171 795 3432 866 συστῆναι
3460 793 3642 849 πάλιν.

2276 1093 2293 1122 ε
2337 1074 2446 1128 Καὶ
2473 1073 2653 1126 οὐκέτι
2682 1071 2928 1142 βασιλεία
2966 1073 3023 1124 ἐν
3049 1068 3345 1140 Δαμασκῷ·
3388 1069 3483 1124 καὶ
3510 1068 3572 1122 τὸ
3615 1068 3788 1124 κατά·-

2197 1164 2382 1218 λοιπον
2411 1163 2520 1217 τῶν
2543 1163 2750 1235 Σύρων.
2797 1184 2815 1214 ι
2855 1163 2942 1226 Ὡς
2974 1161 3084 1231 γὰρ
3127 1160 3429 1232 μελλούσης
3477 1159 3574 1230 μὲν
3617 1157 3787 1228 αὐτῆς

2198 1256 2438 1319 ἔσεσθαι,
2460 1257 2521 1310 ού
2549 1255 2655 1327 μὴν
2687 1256 2780 1310 καὶ
2813 1256 3014 1327 ὀχυρᾶς
3044 1241 3277 1308 κατὰδτδ
3311 1253 3540 1308 παλαιὸν
3567 1270 3790 1324 γενησο-

2201 1348 2389 1420 μένης,
2439 1348 2558 1402 ούδέ
2599 1347 2989 1420 βασιλευούσης
3029 1347 3200 1403 ταῦτα
3236 1348 3469 1420 εἴρηται.
3527 1347 3680 1401 Ἔστι
3728 1348 3788 1402 δὲ

2199 1440 2294 1493 καὶ
2327 1439 2500 1503 άλλως
2531 1439 2809 1492 ἐπιϐαλεῖν
2834 1442 2946 1504 τοῖς
2968 1440 3174 1504 τόποις,
3215 1440 3290 1504 ὡς
3323 1441 3422 1510 τῆς
3453 1439 3790 1510 προφητείας

2196 1531 2525 1586 ταπείνωσιν
2553 1535 2663 1596 τοῖς
2695 1534 2974 1605 οἰκήτορσι
3009 1531 3318 1603 Δαμασκοῦ,
3349 1533 3441 1585 καὶ
3461 1531 3573 1602 βίον
3599 1532 3790 1585 ἰδιωτι-

2198 1623 2294 1676 κὸν
2320 1622 2841 1696 προαναφωνούσης.
2872 1623 3026 1676 Οὕτω
3055 1621 3188 1691 γοῦν
3203 1621 3471 1694 εἰώθαμεν
3496 1622 3673 1690 λέγειν
3704 1623 3788 1676 ἐκ·

2197 1715 2542 1769 πεπτωκέναι
2583 1716 2676 1769 τὸν
2709 1714 2980 1781 πλούσιον,
2997 1715 3218 1769 ἐπειδὰν
3249 1715 3324 1779 εἰς
3356 1715 3592 1786 ἐσχάτην
3619 1714 3787 1787 ἐλάσῃ

2202 1806 2412 1860 πενίαν·
2457 1806 2671 1861 καὶτὸν
2702 1806 2941 1880 ἔντιμον,
2983 1807 3202 1861 ἐπειδάν
3235 1801 3296 1860 οὗ
3342 1809 3587 1878 μετεῖχεν
3625 1808 3790 1874 ἀξιώ-

513 1900 750 1956 stantior
782 1908 834 1954 tu
865 1912 926 1954 es
959 1898 1088 1953 ﬁliis
1118 1898 1284 1953 Israel
1349 1906 1403 1950 et
1433 1896 1604 1965 gloria
1634 1911 1845 1953 eorum.
1882 1872 2016 1952 Nam
2051 1899 2094 1954 si

2203 1914 2370 1968 ματος
2405 1896 2668 1968 στερηθῇ.
2704 1897 2777 1952 Οὐ
2813 1872 2922 1970 ,ἀρ
2953 1896 3018 1948 σὺ
3047 1895 3274 1966 βελτίων
3295 1872 3355 1950 τῖ’
3382 1872 3648 1950 τοίως»,
3674 1872 3790 1951 Ἶσ-

514 1989 607 2045 ille
627 1987 754 2045 olim
780 1987 1009 2058 populus
1033 1987 1126 2042 Dei
1147 1995 1514 2057 nuncupatus,
1531 1997 1834 2044 memorato
1857 1997 2098 2059 tempore

515 2080 776 2152 dignitate
797 2094 893 2135 sua
920 2078 1168 2149 lapsurus
1193 2087 1298 2143 est,
1311 2077 1544 2148 pristina
1572 2076 1829 2134 libertate
1853 2086 1908 2134 et
1930 2093 2099 2151 regno

513 2172 851 2245 spoliandus,
898 2187 1004 2226 nou
1029 2179 1112 2227 est
1143 2168 1288 2240 quod
1317 2179 1372 2226 tu
1407 2168 1708 2227 Damascus
1735 2171 1801 2227 de
1826 2170 1941 2242 pari
1965 2185 2095 2228 casu

514 2266 838 2338 indigneris.

587 2453 749 2508 νω.
772 2451 826 2507 ι.
851 2471 870 2504 ι
902 2449 1028 2506 Haec
1046 2449 1178 2506 dicit
1197 2449 1459 2506 Dominus
1481 2449 1716 2509 Sabaoth
1747 2471 1760 2508 :
1785 2451 1902 2509 Erit
1927 2453 1979 2509 in
2005 2453 2095 2520 die

512 2545 603 2602 illa
642 2552 702 2600 ut
738 2544 954 2601 deﬁciat
985 2543 1152 2612 gloria
1193 2541 1361 2598 Jacob
1383 2583 1398 2608 ,
1424 2552 1480 2600 et
1511 2543 1729 2616 pinguia
1753 2545 1938 2616 gloria:
1977 2545 2096 2614 ejus

512 2643 979 2690 commoveantur.
1014 2651 1032 2686 ι
1068 2631 1136 2686 Ει
1163 2631 1568 2686 animadvertas
1591 2631 1780 2697 velim,
1819 2647 1940 2687 cum
1985 2647 2094 2688 nou

513 2725 756 2780 funditus
778 2722 1160 2779 destruendam
1179 2730 1418 2791 gentem,
1433 2725 1527 2778 sed
1550 2732 1758 2778 tantum
1781 2725 1965 2796 gloriae
1986 2727 2096 2795 pri-

513 2817 676 2874 stium
697 2816 968 2887 iacturam
1002 2814 1118 2870 fore
1148 2813 1478 2884 signiﬁcare.
1504 2813 1730 2880 Pinguia
1756 2831 1886 2872 vero
1908 2817 2096 2886 gloriae

513 2910 680 2980 prisci
729 2908 872 2963 illius
906 2907 1114 2978 populi,
1150 2915 1306 2961 erant
1345 2906 1712 2962 sacerdotium
1741 2916 1797 2963 et
1843 2923 2092 2980 regnum,

512 3015 731 3057 sacrum
760 2999 888 3054 item
936 2997 1207 3052 canticum
1248 3005 1306 3050 et
1352 2995 1532 3052 cultus
1571 2997 1868 3068 secundum
1919 2997 2092 3068 legem

511 3090 812 3162 praestitus,
844 3087 1201 3158 prophetandi
1247 3086 1419 3156 gratia
1455 3097 1511 3143 et
1539 3089 1713 3158 gentis
1752 3086 1998 3152 libertas,
2028 3102 2094 3143 ac

515 3190 561 3243 si
610 3204 717 3258 qua
757 3186 859 3240 alia
909 3199 1074 3256 penes
1111 3181 1390 3237 Judaicam
1441 3190 1653 3253 gentem
1704 3181 2090 3236 habebantur:

469 3289 471 3291 ‘
517 3296 640 3351 quae
665 3277 951 3334 confertim
979 3273 1339 3331 concutienda
1355 3282 1410 3329 et
1437 3274 1739 3329 amovenda
1771 3273 1886 3328 fore
1914 3287 2094 3328 sermo

515 3369 779 3442 pradicit.

592 3463 755 3520 Vsus.
783 3463 837 3526 5,
869 3463 923 3517 6.
959 3478 980 3512 ι
1021 3461 1088 3516 Et
1115 3461 1223 3517 erit
1251 3457 1705 3531 quemadmodum
1751 3458 1797 3512 si
1835 3457 1959 3529 quis
1986 3456 2099 3512 col-

518 3555 710 3625 legerit
745 3566 972 3609 messem
1015 3559 1279 3618 stautem,
1308 3559 1364 3604 et
1397 3562 1582 3604 semen
1630 3550 1906 3618 spicarum
1950 3563 2096 3603 mes-

516 3649 704 3706 suerit.
735 3647 800 3701 Et
825 3646 933 3702 erit
965 3645 1416 3716 quemadmodum
1447 3643 1492 3699 si
1519 3645 1642 3715 quis
1680 3643 1961 3714 collegerit
1988 3644 2098 3713 spi-

517 3757 612 3797 cas
644 3742 695 3794 in
721 3740 862 3796 valle
884 3753 1098 3810 aspera,
1123 3749 1180 3793 et
1213 3737 1432 3793 relictus
1447 3737 1612 3791 fuerit
1637 3737 1690 3791 iu
1721 3751 1784 3792 ea
1809 3735 2040 3791 culmus.
2074 3754 2092 3786 ο

517 3834 669 3892 Sicut
700 3833 844 3889 enim
883 3834 937 3887 in
973 3845 1148 3888 messe
1177 3831 1511 3902 colliguntur
1536 3831 1754 3900 quidem
1790 3829 1976 3900 spicae,
2010 3844 2099 3884 re-

517 3929 780 3998 linquitur
799 3935 982 3980 tamen
1019 3925 1072 3979 in
1100 3912 1230 3994 agro
1250 3922 1462 3978 culmus
1490 3923 1671 3978 tenuis
1696 3939 1712 3988 ;
1761 3923 1832 3976 ita
1858 3920 2098 3976 futurum

519 4023 595 4076 ait
623 4019 906 4075 Iudaicum
927 4017 1208 4088 populum,
1230 4031 1396 4088 penes
1416 4031 1579 4086 quem
1607 4015 1772 4087 spicae
1795 4013 1924 4069 olim
1953 4023 2100 4068 stau-

519 4123 603 4168 tes
632 4111 997 4175 suceideutur,
1019 4109 1276 4179 solusque
1304 4107 1644 4176 relinquetur
1676 4107 1904 4162 culmus.
1941 4105 2096 4172 Quod

519 4208 568 4261 si
603 4206 726 4276 quis
753 4205 891 4274 apud
923 4218 1016 4259 eos
1043 4203 1344 4274 reperiatur
1369 4201 1770 4256 existimatione
1801 4198 2020 4270 dignus,
2051 4199 2099 4252 is

518 4297 924 4369 comparabitur
964 4297 1146 4367 spicaa,
1190 4311 1295 4350 non
1345 4295 1397 4349 iu
1435 4293 1656 4363 planitie
1679 4333 1692 4355 ,
1732 4295 1825 4348 sed
1862 4291 1916 4346 iu
1950 4291 2099 4346 valle

520 4391 666 4445 sicea
705 4399 761 4445 ct
807 4402 997 4458 aspera
1041 4385 1306 4442 nascenti.
1351 4383 1616 4438 Caeterum
1657 4383 1808 4454 spica
1869 4382 2098 4437 indicari

518 4493 652 4555 puto
673 4484 898 4538 chorum
928 4479 1316 4550 discipulorum
1345 4477 1872 4548 etevaugelistarum
1907 4470 2098 4532 Salan

2204 1990 2338 2062 ραὴλ
2374 1992 2470 2046 καὶ
2489 1990 2590 2062 τῆς
2617 1990 2776 2063 δόξης
2810 1991 3008 2045 αὐτῶν.
3047 1991 3110 2043 Ei
3135 1991 3247 2062 γὰρ
3277 1993 3306 2045 ό
3333 1991 3502 2045 πάλαι
3532 1991 3627 2045 τοῦ
3649 1991 3789 2046 Θεοῦ

2198 2078 2550 2150 χρηματίζων
2577 2080 2704 2146 λαὸς
2733 2083 2790 2134 ἐν
2817 2083 2929 2144 τοῖς
2953 2080 3269 2152 λεγομένοις
3298 2082 3512 2153 χρόνοις
3540 2084 3792 2136 ἐκπεσεῖ-

2197 2189 2287 2226 ται
2317 2171 2410 2226 τοῦ
2437 2173 2636 2227 οἰκείου
2664 2173 2996 2244 ἀξιώματος,
3017 2173 3230 2243 καὶτῆς
3269 2173 3438 2229 πάλαι
3462 2177 3592 2246 παρ’
3607 2175 3791 2238 αὐτοῖς

2199 2265 2623 2338 πολιτευομένης
2664 2266 2992 2337 αὐτονομίας
3035 2266 3130 2320 καὶ
3175 2265 3473 2334 βασιλείας·
3495 2267 3554 2319 ού
3588 2267 3695 2338 χρή
3731 2283 3790 2318 σι

2197 2357 2296 2429 τὴν
2327 2357 2618 2430 Δαμασκὸν
2649 2357 2718 2412 τὰ
2737 2358 2897 2430 ὅμοια
2933 2357 3243 2428 πάσχουσαν
3261 2356 3607 2426 ἀγανακτεῖν.

2268 2471 2287 2504 ι
2323 2452 2463 2506 Τάδε
2495 2451 2645 2521 λέγει
2673 2451 2878 2522 Κύριος
2916 2449 3164 2504 Σαῦαώθο
3197 2450 3388 2503 Ἔσται
3421 2451 3479 2502 ἐν
3510 2451 3576 2520 τῇ
3605 2447 3793 2520 ἡμέρᾳ

2198 2545 2380 2617 ἐκείνῃ
2407 2543 2646 2613 ἔκλειψις
2676 2543 2774 2613 τῆς
2813 2539 2970 2612 δόξης
3022 2537 3235 2592 Ἰακώϐ⁸
3281 2539 3377 2593 καὶ
3404 2539 3472 2593 τὰ
3501 2539 3661 2592 πίονα
3691 2539 3792 2609 τῆς

2196 2638 2354 2709 δόξης
2385 2635 2551 2690 αὑτοῦ
2587 2634 2951 2704 σεισθήσεται.
2992 2649 3010 2680 ι
3047 2630 3158 2684 Καὶ
3195 2630 3294 2684 θέα
3324 2632 3471 2694 ὅπως
3502 2630 3604 2684 οὐκ
3634 2630 3792 2683 άναί-

2201 2748 2349 2803 ρεσιν
2390 2729 2626 2800 παντελῆ
2657 2727 2753 2781 τοῦ
2800 2725 2984 2786 ἔθνους
3027 2723 3304 2793 σημαίνει,
3337 2721 3474 2776 ἀλλά
3503 2721 3603 2790 τῆς
3627 2719 3790 2790 δόξης

2196 2824 2394 2889 αὐτῶν,
2429 2820 2494 2895 ἦς
2527 2823 2773 2894 μετεῖχον
2822 2820 3104 2892 πρότερον,
3135 2816 3477 2886 καθαίρεσιν.
3515 2813 3684 2868 Πίονσ.
3730 2814 3791 2866 δὲ

2194 2913 2262 2990 ἦν
2292 2918 2390 2988 τῆς
2435 2915 2526 2971 τοῦ
2551 2915 2818 2988 προτέρου
2863 2911 2994 2966 λαοῦ
3023 2911 3180 2982 δόξης
3203 2912 3237 2981 ἡ
3270 2905 3557 2980 ἱερωσύνη,
3610 2906 3706 2960 καὶ
3757 2907 3792 2976 η

2199 3007 2468 3080 βασιλεία,
2498 3006 2559 3060 τό
2589 3023 2648 3058 τε
2691 3005 2846 3073 ἅγιον
2877 2999 3030 3075 ᾆσμα
3074 3001 3168 3054 καὶ
3204 3001 3238 3069 ἡ
3284 2997 3426 3052 κατὰ
3465 2997 3662 3068 νόμους
3689 2995 3790 3048 λα-

2195 3101 2372 3174 τρεία,
2394 3101 2430 3171 ἥ
2458 3117 2519 3153 τε
2547 3099 2857 3171 προφητικὴ
2881 3096 3060 3168 χάρις,
3090 3093 3185 3148 καὶ
3219 3093 3252 3163 ἠ
3277 3090 3372 3144 τοῦ
3401 3089 3587 3153 ἔθνους
3620 3087 3779 3142 ἐλευ-

2119 3227 2163 3286 c
2197 3194 2373 3268 θερία,
2407 3193 2502 3247 καὶ
2530 3194 2631 3247 ὅσα
2671 3190 2804 3246 ἄλλα
2848 3190 2998 3264 παρὰ
3032 3188 3112 3259 τῷ
3149 3183 3422 3240 Ἰουδαίων
3450 3183 3612 3286 ἐθνει·
3643 3184 3795 3255 άπερ

2200 3286 2410 3358 ἁθρόως
2440 3281 2842 3356 σεισθήσεσθαι,
2875 3283 2969 3335 καὶ
2997 3278 3277 3341 παντελῶς
3317 3274 3587 3344 ἐκλείψειν
3641 3291 3785 3348 προ-

2201 3374 2457 3448 αγορεύει
2499 3375 2528 3428 ὁ
2569 3372 2746 3442 λόγος.

2281 3488 2300 3522 ι
2338 3470 2450 3524 Καὶ
2487 3468 2641 3522 ἔσται
2681 3466 2740 3520 ὃν
2783 3466 2984 3538 τρόπον
3011 3463 3105 3518 ἐάν
3137 3479 3223 3526 τις
3263 3461 3543 3533 συναγάγῃ
3581 3458 3795 3530 άμητδν

2201 3558 2491 3629 ἑστηκότα,
2545 3557 2638 3610 καὶ
2689 3555 2910 3626 σπέρμα
2949 3551 3199 3624 σταχύων
3230 3551 3438 3623 άμήσῃ.
3482 3549 3594 3603 Καὶ
3636 3547 3793 3601 ἔσται

2201 3653 2261 3706 δν
2293 3649 2492 3721 τρόπον
2516 3649 2611 3703 ἐάν
2636 3665 2721 3711 τις
2757 3647 3041 3720 συναγάγῃ
3071 3644 3272 3714 στάχυν
3312 3645 3370 3696 ἐν
3396 3642 3639 3714 φάραγγι
3669 3657 3794 3694 στεο

2203 3748 2322 3820 ρεᾷ,
2357 3745 2452 3799 καὶ
2471 3741 2804 3812 καταλειφθῇ
2840 3742 2898 3794 ἐν
2938 3740 3076 3808 αὐτῇ
3111 3736 3353 3807 καλάμη.
3396 3755 3414 3786 ι
3447 3734 3536 3797 Ὦς
3572 3733 3679 3805 γὰρ
3730 3733 3792 3785 ἐν

2201 3836 2399 3910 άμητῷ
2444 3835 2765 3902 συνάγονται
2795 3831 2892 3902 μὲν
2918 3831 2968 3883 ei
3018 3828 3270 3898 στάχυες,
3306 3823 3692 3879 καταλείπεται
3733 3823 3794 3876 δὲ

2203 3933 2260 3985 ἐν
2287 3933 2355 4000 τῇ
2383 3927 2538 4000 χώρᾳ
2589 3925 2811 3996 καλάμη
2857 3923 3008 3993 ψιλή·
3046 3921 3188 3974 οὕτω
3226 3918 3388 3991 φησὶν
3434 3915 3654 3969 ἔσεσθαι
3697 3916 3794 3968 τὸν

2215 4023 2481 4078 Ἰουδαίων
2539 4020 2687 4084 λαὸν,
2722 4015 3108 4087 ἁποτμηθέντα
3148 4012 3248 4083 μὲν
3292 4009 3400 4064 τῶν
3442 4008 3609 4062 πάλαι
3657 4008 3790 4079 παρ’

2203 4117 2385 4177 αὐτοῖς
2409 4111 2677 4182 σταχύων,
2708 4109 2874 4179 μόνης
2907 4105 2964 4158 δὲ
2991 4105 3090 4175 τῆς
3112 4102 3366 4173 καλάμης
3391 4103 3448 4153 ἐν
3476 4100 3657 4162 αὐτοῖς
3689 4116 3793 4151 κα-

2202 4201 2598 4272 ταλειφθείσης.
2654 4199 2717 4252 Ei.
2763 4197 2820 4249 δέ
2866 4195 2958 4248 καί
2998 4194 3100 4246 πού
3139 4209 3223 4255 τις
3267 4188 3461 4260 εὑρεθῇ
3510 4189 3567 4241 ἐν
3606 4187 3790 4250 αὐτοῖς

2203 4297 2350 4362 ἄξιος
2381 4295 2562 4363 λόγου,
2614 4288 3097 4361 παραῦληθήσεται
3125 4277 3278 4346 οὗτος
3306 4281 3515 4351 στάχυῖ,
3557 4278 3678 4349 οὐχὶ
3729 4280 3789 4331 ἐν

2201 4389 2280 4461 τῷ
2303 4387 2466 4459 πεδίῳ
2505 4384 2683 4456 φύντι,
2727 4382 2840 4436 ἀλλ’
2882 4382 2938 4432 ἐν
2981 4378 3183 4432 κοιλάδι
3225 4376 3315 4430 καὶ
3353 4376 3596 4446 φάραγγι
3619 4388 3791 4427 κατα-

2207 4483 2354 4555 ξήρῳ
2401 4481 2495 4535 καὶ
2543 4477 2757 4549 στερεᾷ.
2801 4470 3101 4544 Δηλούσθαι
3139 4470 3197 4523 δὲ
3231 4465 3382 4539 οἶμαι
3411 4465 3497 4520 διὰ
3529 4463 3625 4518 τοῦ
3656 4465 3791 4518 end--
3864 4510 3868 4512 ι

520 4578 657 4633 toris
717 4575 927 4638 nostri,
983 4575 1048 4630 de
1113 4588 1222 4643 quo
1277 4572 1590 4644 superius"
1653 4571 2095 4638 dicebatttr,rEt

2211 4591 2339 4646 χυος
2368 4573 2458 4625 τὸν
2481 4569 2640 4642 χορὸν
2673 4566 2781 4620 τῶν
2809 4564 2904 4618 τοῦ
2934 4563 3186 4633 Σωτῆρος
3213 4565 3246 4631 ἠ
3257 4559 3370 4632 μῶν
3406 4556 3662 4630 μαθητῶν
3693 4556 3791 4608 καὶ

521 4673 628 4727 nisi
653 4672 909 4726 Dominus
930 4667 1169 4724 Sabaoth
1194 4667 1504 4738 reliquisset
1531 4666 1685 4722 uobis
1705 4681 1916 4731 semen,
1939 4664 2094 4735 quasi

523 4763 756 4821 Sodoma
786 4762 1100 4826 fuissemus,
1131 4772 1186 4817 et
1211 4761 1366 4832 quasi
1399 4759 1707 4816 Gomorrha
1734 4758 1939 4813 similes
1967 4757 2093 4813 facti

435 4906 444 4915 .
522 4870 784 4911 essemus.
823 4873 842 4907 ι

599 5057 620 5091 ι
656 5039 763 5094 Aut
791 5049 1042 5107 tanquam
1076 5051 1243 5108 grana
1279 5035 1436 5091 oliva:
1460 5034 1568 5089 duo
1599 5031 1683 5088 vel
1717 5031 1817 5086 tria
1855 5033 1919 5085 ad
1959 5046 2103 5085 sum-

523 5131 766 5188 mitatem
809 5130 1115 5194 sublimem,
1151 5129 1236 5184 vel
1275 5139 1510 5198 quatuor
1536 5124 1618 5180 vel
1650 5125 1892 5195 quinque
1927 5123 1978 5176 in
2007 5137 2097 5176 ra-

523 5223 628 5278 mis
667 5236 854 5277 eorum
903 5220 1090 5275 relicta
1131 5219 1350 5274 fuerint.
1387 5237 1405 5270 ι
1447 5216 1680 5272 Tantam
1725 5216 1927 5286 quippe
1982 5214 2100 5269 fore

524 5316 600 5371 ait
625 5312 941 5383 eorum,qui
965 5311 1254 5368 ex-lsraele
1278 5311 1595 5380 superstites
1620 5318 1798 5372 erunt,
1820 5307 2096 5362 raritatem

524 5413 580 5464 in
615 5419 858 5480 tempore
881 5448 897 5475 ,
928 5408 1070 5478 quod
1110 5407 1163 5460 in
1207 5405 1483 5476 prophetia
1530 5413 1769 5468 notatur,
1823 5413 1879 5456 nt
1908 5415 2098 5455 omnes

523 5501 688 5571 spicas
720 5501 811 5555 uui
849 5498 1150 5569 comparari
1186 5495 1394 5566 possint
1425 5513 1440 5561 ;
1487 5510 1581 5550 eos
1615 5505 1795 5549 autem
1827 5494 1917 5563 qui
1959 5506 2097 5563 pra:-

527 5594 824 5649 stautiores
851 5592 992 5660 apud
1025 5588 1145 5644 illos
1167 5599 1329 5643 eruut
1350 5628 1365 5654 ,
1399 5587 1512 5641 fore
1547 5586 1708 5656 quasi
1735 5588 1842 5640 duo
1877 5584 1959 5640 vel
1995 5584 2098 5638 tria

523 5701 695 5758 grana
729 5686 882 5740 olivae
927 5684 982 5738 in
1015 5682 1330 5738 summitate
1373 5679 1612 5736 sublimi.
1646 5679 1813 5747 Queis
1847 5676 2098 5736 subiudi-

581 5865 630 5898 “
655 5864 784 5934 Cap.
809 5879 848 5933 ι,
885 5878 1024 5921 vers.
1061 5862 1117 5918 9.

2204 4662 2620 4734 εύαγγελιστῶν,
2646 4660 2774 4731 περ)⁸
2806 4651 2867 4710 οὗ
2896 4656 2990 4710 καλ⁸
3007 4656 3062 4707 ἐν
3081 4656 3191 4715 τοῖς
3214 4650 3521 4722 ἔμπροσθεν
3549 4647 3786 4716 ἐλέγετω

2213 4777 2231 4809 ι
2262 4758 2372 4810 Καὶ
2397 4757 2443 4808 εί
2463 4753 2538 4825 μὴ
2572 4750 2774 4822 Κύριος
2804 4745 3030 4800 Σαϐαὼθ
3065 4742 3421 4813 ἐγκατέλιπεν
3455 4741 3585 4810 ἡμῖν
3618 4738 3787 4809 σπέρ-

2212 4868 2306 4922 μα,
2335 4850 2410 4912 (in;
2438 4846 2649 4917 Σόδομα
2679 4843 2744 4896 ἂν
2785 4838 3150 4910 ἐγενήθημεν,
3193 4835 3287 4888 καλ⁵
3319 4834 3396 4896 ὠς
3429 4832 3679 4903 Γόμορρα
3720 4830 3789 4883 ἂν

2207 4935 2593 5008 ὡμοιώθημεν.
2633 4953 2651 4984 ι

2285 5050 2302 5080 ι
2344 5030 2414 5081 Ἦ
2445 5027 2520 5090 ὡς
2544 5026 2718 5098 ρῶγες
2748 5020 2934 5084 ἐλαίας
2976 5018 3069 5072 δύο
3099 5017 3132 5088 ἦ
3167 5020 3315 5086 τρεῖς
3346 5017 3430 5070 ἐπ’
3462 5014 3632 5085 ἄκρου
3687 5027 3786 5082 με·

2205 5120 2432 5192 τεώρου,
2468 5117 2502 5189 ἢ
2532 5116 2815 5186 τέσσαρες,
2852 5111 2884 5182 ἢ
2926 5108 3087 5162 πέντε
3115 5108 3208 5160 ἐπὶ
3234 5106 3342 5159 τῶν
3377 5105 3586 5159 κλάδων
3608 5103 3789 5157 αὐτῶν

2206 5208 2624 5279 καταλειφθῶσι.
2669 5225 2688 5259 ι
2714 5203 2993 5272 Τοσαύτην
3017 5201 3124 5270 γάρ
3153 5214 3315 5267 φησιν
3347 5195 3563 5250 ἔσεσθαι
3591 5193 3786 5247 σπάνιν

2205 5305 2311 5359 τῶν
2338 5306 2402 5356 ἐκ
2433 5300 2525 5354 τοῦ
2565 5296 2782 5368 Ἰσραὴλ
2817 5292 3209 5366 σωθησομένων
3242 5287 3382 5342 κατὰ
3407 5289 3534 5350 τοὺς
3562 5285 3788 5358 χρόνους

2204 5396 2298 5461 οὓς
2388 5391 2692 5466 προφητεία
2728 5387 3002 5461 σημαίνει,
3029 5385 3103 5447 ὡς
3119 5383 3198 5436 ἐνὶ
3223 5382 3415 5452 στάχυϊ
3445 5378 3788 5450 παραϐάλλε-

2208 5489 2331 5542 σθαι
2357 5487 2483 5550 τοὺς
2517 5485 2742 5546 πάντας
2766 5479 2892 5543 τοὺς
2917 5478 2972 5531 δὲ
2992 5477 3049 5528 ἐν
3073 5476 3253 5538 αὐτοῖς
3266 5471 3579 5543 ἐξαιρέτους
3601 5469 3782 5522 τοσούο

2205 5597 2329 5644 τους
2386 5575 2602 5631 ἔσεσθαί
2644 5590 2817 5636 τινας,
2856 5571 3043 5640 ὥσπερ
3087 5568 3134 5620 εί
3179 5565 3361 5638 ῥῶγας
3403 5562 3589 5625 ἐλαίας
3614 5561 3706 5614 δύο
3752 5562 3789 5632 ἢ

2205 5675 2354 5745 τρεῖς
2405 5670 2528 5733 τοὺς
2583 5667 2670 5720 ἐπ’
2708 5665 2879 5736 ἄκρου
2931 5657 3227 5733 μετεώρου,
3280 5652 3648 5726 αἰνιττομένου
3692 5650 3788 5703 τοῦ
