4158 6402
373 348 479 407 209

1327 351 1838 410 COMMENTARIA
1878 357 1942 414 IN
1983 357 2243 415 lSAlAM.
2278 389 2347 401 —
2383 360 2536 416 CAP.
2577 358 2743 418 XVII.

375 466 536 533 λόγου
575 461 701 526 τοὺς
726 462 1064 535 ἀκροτάτους
1087 463 1194 519 τῶν
1225 462 1560 532 ἀποστόλων,
1590 467 1685 532 οὓς
1709 471 1838 523 ποτὲ
1861 472 1957 542 μὲν

2063 485 2258 529 cantur
2285 473 2654 544 apostolorum
2683 470 3125 545 praecipui,un
3153 471 3448 544 aliquando
3479 474 3638 532 binos

377 551 518 606 κατά
547 550 806 630 συζυγίαν
831 555 859 605 6
882 553 1070 626 Σωτὴρ
1105 556 1517 629 προσεκαλεῖτο,
1545 559 1673 613 ποτέ
1708 561 1765 614 δὲ
1788 566 1953 634 τρεῖς·

373 643 469 708 οὓς
499 647 534 718 ἡ
564 645 754 717 Γραφὴ
777 645 870 700 τοῦ
901 646 1232 716 Εὑαγγελίου
1250 648 1520 704 ἐκλεκτῶν
1544 651 1960 728 ἐκλεκτοτέρους

375 740 658 811 εἰσήγαγεο
694 740 838 810 λέγω
866 740 931 813 δὴ
974 741 1179 812 Πέτρον
1213 744 1305 798 καὶ
1355 745 1609 799 Ἰάκωϐον
1652 747 1746 799 καὶ
1787 747 1960 801 Ἰωάν-

376 850 496 906 νην,
524 832 620 897 οῦς
658 835 749 887 ἐπὶ
777 834 838 888 τὸ
880 835 1005 907 ὅρος
1034 836 1280 906 ἀνήγαγε
1321 837 1536 908 μόνους,
1579 839 1959 910 ίστορήσοντας

377 929 479 998 τὴν
503 927 926 998 μεταμόρφωσιν
943 928 1129 991 αὐτοῦ,
1151 930 1246 984 καὶ
1275 929 1368 982 ἐπὶ
1400 931 1496 1001 τῆς
1515 930 1958 1002 ἀναϐιωσκούσης

379 1018 650 1091 θυγατρὸς
694 1019 788 1072 τοῦ
825 1020 1278 1091 ἀρχισυναγώγου
1317 1021 1589 1092 παρέλαϐε
1629 1022 1761 1094 (20).
1802 1024 1866 1076 Οί
1902 1023 1959 1076 δὲ

377 1113 554 1170 λοιποὶ
579 1113 730 1185 παρά
761 1115 888 1179 τοὺς
920 1118 1070 1186 τρεῖς
1096 1115 1317 1180 τούτους
1350 1119 1398 1169 οἱ
1431 1116 1691 1187 τέσσαρές
1721 1119 1826 1169 είσι
1867 1117 1960 1170 καὶ

377 1205 561 1270 πέντε,
593 1205 687 1260 καὶ
719 1207 846 1269 τοὺς
871 1207 1145 1280 τέσσαρας
1183 1209 1278 1263 καὶ
1325 1213 1448 1274 τοὺς
1488 1210 1670 1278 πέντε,
1699 1211 1829 1265 δέκα
1868 1213 1960 1265 καὶ

376 1293 649 1365 τέσσαρας
677 1296 890 1366 ποιήσει
913 1296 1041 1361 τοὺς
1081 1297 1312 1363 πάντας,
1343 1293 1418 1354 ὧν
1449 1299 1660 1355 δώδεκα
1707 1300 1807 1372 μὲν
1835 1301 1960 1365 τοὺς

377 1384 629 1457 πρώτους
672 1387 1001 1454 ἀποστόλους
1034 1391 1208 1456 εἴποις
1251 1391 1318 1446 ἂν
1344 1388 1506 1456 εἶναι,
1547 1397 1648 1447 οὐκ
1668 1393 1874 1448 ἐλάττω
1902 1394 1960 1447 δὲ

377 1477 558 1532 αὐτῶν
593 1479 699 1552 si“
733 1481 933 1554 ἀρετὴν
974 1483 1205 1550 Παῦλον,
1258 1489 1351 1540 καὶ
1381 1487 1543 1540 αὑτὸν
1590 1487 1718 1541 ὄντα
1763 1489 1960 1560 κλητὸν

377 1567 696 1638 ἀπόστολον,
744 1572 839 1625 καὶ
870 1573 962 1626 τὸν
1008 1574 1264 1631 Ἰάκωϐον
1295 1578 1576 1646 γεγονέναι
1614 1579 1705 1633 τὸν
1736 1580 1961 1649 ἀδελφὺν

376 1660 470 1714 τοῦ
509 1662 734 1734 Κυρίου,
764 1664 824 1728 ὃς
851 1664 1067 1735 πρῶτος
1094 1668 1394 1734 ἐπίσκοπος
1414 1671 1512 1741 τῆς
1575 1671 1961 1743 Ἰεροσολύμων

333 1762 341 1770 '
392 1751 714 1824 Ἐκκλησίας
737 1755 830 1808 ὑπ’
859 1757 1022 1810 αὐτοῦ
1067 1760 1399 1831 καταστῆναι
1423 1760 1518 1815 τοῦ
1543 1761 1794 1834 Σωτῆρος
1828 1781 1963 1836 μνη-

2062 565 2323 621 Servator
2362 566 2684 629 advocabat,
2719 563 3012 634 aliquando
3044 571 3248 630 ternos,
3286 577 3422 633 quos
3455 563 3636 618 Evan-

2059 657 2183 725 gelii
2213 656 2502 726 ,scriptura
2546 654 2738 710 electis
2786 653 3075 710 electiores
3122 654 3363 721 inducit,
3413 654 3635 711 Petrum

2061 748 2268 804 scilicet
2300 757 2354 802 et
2392 745 2653 802 Iacobum
2683 754 2738 800 et
2778 744 3077 809 Joannem,
3123 743 3268 800 solos
3297 745 3352 799 in
3394 753 3635 800 montem

2061 842 2324 897 adductos
2347 879 2363 905 ,
2394 848 2454 894 ut
2497 836 2990 906 transﬁgurationis
3027 843 3365 903 spectatores
3409 845 3634 893 essent:

2061 948 2194 1003 quos
2227 932 2356 986 item
2399 945 2523 986 cum
2561 925 2976 997 archisynagogi
3008 925 3172 981 ﬁliam
3201 925 3506 992 suscitavit,
3548 941 3639 982 se-

2061 1042 2182 1081 cum
2210 1021 2524 1092 assumpsit.
2558 1020 2623 1074 Et
2663 1018 2752 1088 qui
2786 1026 2910 1087 post
2939 1027 3050 1072 tres
3082 1016 3202 1070 illos
3253 1016 3450 1071 residui
3484 1027 3635 1085 sunt,

2061 1125 2292 1187 quatuor
2319 1123 2444 1169 sunt
2469 1120 2526 1167 et
2557 1110 2817 1181 quinque,
2839 1124 2902 1164 ac
2926 1108 3026 1165 bos
3055 1117 3288 1178 quatuor
3319 1119 3370 1162 et
3398 1108 3637 1179 quinque

2062 1207 2127 1262 ad
2175 1220 2460 1260 numerum
2498 1199 2907 1272 quatuordecim
2953 1200 3183 1255 deducet
3223 1219 3236 1254 :
3285 1216 3353 1254 ex
3405 1215 3637 1270 quorum

2064 1313 2289 1354 rntmero
2341 1294 2626 1349 duodecim
2675 1293 2893 1361 quidem
2946 1291 3151 1362 primos
3207 1292 3482 1362 apostolos
3517 1307 3638 1348 esse

2064 1391 2230 1452 dicas,
2263 1396 2318 1442 et
2356 1385 2463 1440 illis
2506 1399 2612 1439 non
2641 1385 2842 1440 virtute
2876 1383 3138 1438 minorem
3171 1383 3431 1448 Paulum,
3463 1386 3555 1455 qui
3583 1394 3637 1441 et

2065 1483 2178 1554 ipse
2192 1477 2708 1550 vocatuslapostolus
2725 1487 2826 1542 est,
2843 1486 2901 1533 et
2920 1475 3177 1533 Jacobum
3207 1479 3428 1533 fratrem
3459 1479 3636 1534 Domi-

2065 1573 2252 1643 ni,qui
2277 1572 2484 1642 primus
2530 1568 3041 1640 Hierosolymitanre
3076 1569 3336 1626 Ecclesiae
3355 1571 3638 1642 episcopus

2066 1666 2133 1722 ab
2164 1666 2278 1736 ipso
2299 1662 2584 1720 Salvatore
2610 1660 2944 1716 constitutus
2973 1673 3328 1718 memoratur.
3357 1662 3422 1718 Hi
3453 1679 3638 1719 omnes

2067 1759 2121 1812 in
2145 1757 2456 1812 summitate
2473 1754 2626 1820 oleae,
2649 1753 2901 1810 videlicet
2922 1751 3233 1811 Judaorum
3256 1755 3639 1821 successionis,

380 1841 680 1913 μονεύεται.
717 1837 874 1899 Οὗτοι
899 1846 956 1900 δὲ
990 1849 1190 1914 πάντες
1221 1851 1307 1905 ἐπ’
1336 1850 1507 1925 ἄκρου
1531 1854 1629 1925 τῆς
1643 1853 1849 1918 ἐλαίας,
1879 1855 1957 1908 λέ-

2069 1848 2266 1920 reperti
2316 1848 2368 1902 in
2415 1846 2668 1916 praesenti
2709 1854 3105 1902 memorantur.
3155 1845 3382 1902 Divinas
3424 1861 3640 1918 quoque

376 1949 457 1997 γω
480 1933 544 2006 δὴ
564 1935 662 2006 τῆς
706 1936 975 1994 Ἰουδαίων
998 1940 1251 2013 διαδοχῆς
1274 1943 1407 2016 εὑρη
1417 1945 1567 2015 μένοι
1583 1944 1669 1999 διά
1689 1945 1798 2000 τῶν
1819 1946 1958 2018 μετὰ

376 2026 562 2096 χεῖρας
595 2026 1041 2098 μνημονεύονται.
1064 2031 1174 2084 Kal
1193 2033 1221 2085 6
1237 2031 1379 2096 θεῖος
1397 2033 1453 2086 δὲ
1482 2033 1804 2099 ’Δπόστολος
1815 2030 1958 2089 οἶδεν

375 2114 532 2188 ἐλαίᾳ
575 2117 943 2189 παραϐάλλειν
979 2120 1080 2193 τὴν
1127 2123 1279 2194 παρά
1331 2124 1500 2179 Ἰούδα
1552 2125 1819 2199 διαδοχὴν,
1864 2129 1958 2182 καί⁹

379 2206 535 2277 ῥίζαν
581 2208 743 2276 ἁγίαν
785 2210 878 2264 καὶ
924 2212 1198 2285 ἀπαρχὴν,
1253 2216 1348 2269 καὶ
1389 2215 1735 2273 καλλιελαίαν
1789 2219 1958 2292 αὐτὴν

379 2299 554 2354 καλεί.

454 2411 470 2441 ι
506 2391 644 2444 Τάδε
686 2391 833 2463 λέγει
865 2395 1071 2467 Κύριος
1120 2401 1148 2453 6
1188 2399 1321 2465 Θεὸς
1391 2403 1626 2475 Ἰσραήλο
1672 2406 1749 2477 Τῇ
1778 2407 1960 2479 ἡμέρᾳ⁵

374 2482 556 2555 ἐκείνῃ
579 2485 856 2552 πεποιθὼς
883 2486 1037 2543 ἔσται
1073 2492 1102 2544 6
1129 2491 1415 2564 ἄνθρωπος
1448 2494 1541 2546 ἐπὶ
1567 2494 1646 2566 τῷ
1673 2498 1959 2568 ποιήσαντι

375 2575 558 2629 αὐτόν⁸
585 2578 634 2629 οὶ
663 2577 721 2631 δὲ
739 2579 1007 2652 ὀφθαλμοί
1033 2581 1199 2637 αὑτοῦ
1234 2586 1313 2648 είς
1339 2585 1430 2638 τὸν
1456 2585 1610 2656 ἅγιον
1625 2587 1718 2641 τοῦ
1747 2589 1961 2661 Ἰσραὴλ

374 2667 756 2739 ἐμϐλέψονταιο
815 2674 910 2727 καὶ
959 2673 1021 2727 ού
1079 2675 1154 2747 μὴ
1191 2676 1508 2742 πεποιθότες
1544 2672 1680 2733 ὦσιν
1716 2681 1808 2734 ἐπὶ
1847 2684 1960 2746 τοῖς

375 2759 600 2830 βωμοῖς,
643 2761 766 2816 οὐδὲ
813 2762 910 2816 ἐπὶ
940 2767 1052 2830 τοῖς
1084 2765 1264 2837 ἔργοις
1297 2767 1409 2821 τῶν
1443 2769 1644 2842 χειρῶν
1674 2770 1874 2837 αὐτῶν,
1923 2771 1961 2826 ἀ

373 2849 635 2922 ἐποίησαν
661 2852 712 2906 οἱ
737 2854 992 2909 δάκτυλοι
1024 2856 1224 2910 αὐτῶν·
1254 2857 1369 2911 ἀλλ⁵
1402 2858 1616 2914 ἔσονται
1640 2862 1961 2927 πεποιθότες

375 2941 468 2995 ἐπὶ
491 2944 582 2998 τὸν
609 2944 762 3014 ἆγιον
781 2947 876 3000 τοῦ
911 2948 1149 3020 Ἰσραήλ.
1180 2951 1287 3004 Καὶ
1313 2951 1412 3004 οὐκ
1427 2951 1647 3021 ὄψονται
1671 2953 1740 3008 τά
1766 2953 1959 3028 δένδρα

376 3036 555 3091 αὐτῶν
575 3039 696 3092 οὐδὲ
734 3039 805 3094 τά
850 3040 1194 3114 βδελύγματα
1223 3045 1422 3098 αὐτῶν.
1453 3046 1530 3117 Τῇ
1557 3047 1740 3119 ἡμέρᾳ
1778 3048 1961 3119 ἐκείνῃ

378 3127 587 3184 ἔσονται
628 3133 683 3184 αί
725 3133 905 3198 πόλεις
941 3151 1032 3189 σου
1059 3136 1634 3210 ἐγκαταλελειμμέναι,
1670 3140 1729 3193 ὃν
1759 3142 1960 3212 τρόπον

2063 1940 2354 2013 Apostolus
2379 1937 2533 1995 Iuda:
2558 1938 2962 1995 successionem
2993 1937 3126 1996 oleae
3163 1941 3522 2010 comparavit,
3563 1941 3649 2012 ip-

2064 2047 2289 2104 samque
2320 2031 2556 2089 radicem
2591 2039 2858 2097 sanctam,
2897 2030 3170 2088 primitias
3198 2041 3254 2089 et
3294 2033 3492 2088 bonam
3535 2031 3640 2088 oli-

2063 2141 2187 2182 vam
2215 2135 2392 2184 vocat.

2136 2398 2300 2456 Vens.
2347 2399 2500 2454 7-l0.
2545 2419 2564 2452 ι
2603 2399 2730 2458 llaec
2767 2400 2901 2458 dicit
2939 2401 3204 2458 Dominus
3243 2401 3384 2459 Deus
3434 2401 3640 2459 lsrael:

2065 2491 2123 2546 in
2154 2493 2241 2549 die
2271 2492 2359 2547 illa
2383 2492 2664 2550 conlidens
2688 2492 2796 2548 erit
2819 2492 2982 2548 homo
3007 2493 3060 2548 in
3089 2507 3178 2560 eo,
3203 2494 3295 2565 qui
3323 2495 3452 2550 fecit
3476 2510 3639 2552 eum:

2065 2585 2208 2639 oculi
2241 2593 2420 2640 autem"
2452 2585 2568 2654 ejus
2621 2586 2675 2641 in
2718 2593 2962 2641 sanctum
3003 2585 3175 2641 Israel
3217 2587 3541 2657 respiciant:
3585 2596 3643 2643 et

2066 2691 2173 2730 non
2203 2675 2539 2732 conﬁdentes
2563 2685 2725 2732 erunt
2752 2677 2807 2731 in
2843 2677 3144 2746 altaribus,
3181 2692 3354 2748 neque
3381 2678 3434 2733 in
3463 2678 3642 2748 operi-

2066 2766 2166 2822 bus
2194 2782 2448 2822 manuum
2476 2782 2697 2823 suarum
2725 2807 2740 2833 ,
2769 2784 2889 2838 quae
2933 2769 3182 2824 fecerunt
3215 2769 3366 2839 digiti
3411 2784 3596 2825 eorum
3623 2787 3638 2824 :

2066 2859 2159 2913 sed
2189 2869 2352 2914 erunt
2383 2858 2722 2915 conﬁdentes
2746 2860 2799 2913 in
2835 2871 3025 2915 sancto
3054 2859 3238 2915 Israel.
3265 2860 3330 2916 Et
3357 2876 3463 2916 non
3495 2861 3645 2916 vide-

2067 2948 2199 3003 bunt
2240 2949 2464 3004 arbores
2497 2964 2684 3004 eorum
2719 2965 2820 3005 nec
2861 2949 3297 3007 abominationes
3341 2968 3546 3011 eorum.
3582 2951 3640 3008 In

2067 3039 2154 3094 die
2183 3039 2269 3094 illa
2307 3047 2467 3094 erunt
2498 3037 2773 3095 derelicta:
2818 3042 2981 3094 urbes
3024 3049 3151 3106 tum,
3183 3041 3640 3110 quemadmodum

2069 3131 2474 3200 dereliquerunt
2511 3129 2813 3186 Δηιοπίιωὶ
2863 3141 2918 3186 et
2967 3130 3108 3184 Evasi
3157 3146 3193 3185 a.
3239 3131 3376 3187 facie
3405 3132 3640 3187 ﬁliorum

379 3221 668 3276 κατέλιπον
688 3225 738 3277 οἱ
784 3225 1094 3300 Ἀμορραῖοι
1116 3229 1212 3283 καὶ
1235 3231 1284 3284 οί
1314 3231 1496 3285 Εύαῐοι
1532 3233 1641 3286 ἀπὸ
1674 3232 1957 3304 προσώπου

2072 3223 2254 3280 Israel.
2287 3223 2357 3280 Et
2385 3233 2546 3280 erunt
2573 3224 2833 3292 desertae,
2865 3226 3124 3296 quoniam
3158 3225 3446 3305 deseruisti
3473 3227 3641 3282 Deum

377 3309 490 3364 τῶν
521 3310 650 3364 υἱῶν
695 3313 924 3386 Ἰσραήλ.
985 3319 1096 3372 Καὶ
1127 3319 1342 3374 ἔσονται
1387 3321 1615 3394 ἔρημοι,
1653 3324 1788 3377 διότι
1830 3343 1963 3380 κατ-

377 3397 561 3466 ilum;
579 3408 670 3456 τὸν
687 3403 816 3459 Θεὸν
831 3407 920 3460 τὸν
960 3408 1190 3481 Σωτῆρά
1219 3427 1335 3476 σου,
1356 3413 1450 3466 καὶ
1479 3414 1682 3486 Κυρίου
1716 3416 1810 3470 τοῦ
1833 3417 1960 3490 βοη-

375 3491 472 3546 θοῦ
495 3510 587 3546 σου
616 3497 715 3549 οὐκ
741 3499 1038 3570 ἐμνήσθης.
1069 3503 1168 3555 Διὰ.
1206 3504 1364 3558 τοῦτο
1397 3506 1682 3576 φυτεύσεις
1709 3507 1961 3581 φύτευμα

372 3584 621 3651 ἄπιστον,
653 3589 750 3642 καὶ
803 3591 1028 3664 σπέρμα
1070 3593 1320 3650 ἄπιστον.
1353 3596 1431 3669 Τῇ
1465 3598 1523 3652 δὲ
1569 3599 1770 3672 ἡμέρᾳ,
1807 3596 1841 3676 ᾖ
1892 3601 1959 3656 ἂν

373 3680 666 3753 φυτεύσῃς,
711 3683 1052 3760 πλανηθήση.
1079 3689 1152 3743 Τὸ
1179 3689 1235 3743 δὲ
1278 3689 1425 3762 πρωῒ
1457 3689 1551 3744 ἐὰν
1591 3691 1840 3766 σπείρης,
1866 3693 1961 3747 ἀν-

373 3771 530 3846 θήσει
557 3778 638 3840 είς
653 3777 885 3851 ἀμητὸν,
964 3781 1029 3836 ἂν
1045 3783 1228 3854 ἡμέρᾳ
1251 3784 1530 3858 κληρὼσῃο
1561 3786 1654 3840 καὶ
1679 3787 1755 3850 ὡς
1776 3789 1959 3860 πατὴρ

372 3861 662 3936 ἀνθρώπου
712 3866 970 3942 κληρὼσῃ
1001 3875 1115 3936 τοῖς
1164 3874 1301 3938 υίοτς
1356 3889 1470 3929 σου.
1511 3894 1529 3926 ι
1567 3875 1778 3947 Ὥσπερ
1826 3876 1955 3948 γάρ,

373 3959 559 4028 φησὶν,
595 3960 820 4017 ἐκείνων
841 3963 1218 4029 ἀπολωλότων,
1236 3966 1413 4037 ἕτεροι
1450 3965 1805 4039 παρελθόντες
1830 3985 1959 4021 κατ·-

375 4055 536 4126 ἐσχον
577 4054 755 4109 αὐτῶν
781 4055 881 4120 τὰς
909 4057 1092 4123 πόλεις
1121 4059 1216 4113 καὶ
1267 4060 1366 4123 τὰς
1397 4060 1604 4131 χώρας,
1666 4059 1840 4124 οὕτως
1865 4061 1958 4114 καὶ

375 4147 432 4200 αί
464 4147 556 4200 σαὶ
600 4147 782 4212 πόλεις
807 4149 1029 4222 ἐτέρους
1053 4151 1266 4216 ἕξουσιν
1289 4153 1601 4224 οἰκήτορας,
1643 4152 1796 4224 ὑμῶν
1815 4153 1952 4207 ἀπο-

375 4234 682 4307 ϐληθέντων
732 4239 828 4293 καὶ
875 4237 1234 4303 ὲξωσθέντων.
1292 4259 1310 4290 ι
1351 4241 1462 4294 Kal.
1495 4240 1707 4295 ἔσονται
1738 4241 1953 4314 ἔρημοι,

373 4329 509 4384 διότι
528 4330 820 4397 κατέλιπες
842 4331 934 4387 τὸν
960 4333 1092 4388 Θεὸν
1111 4334 1202 4389 τὸν
1236 4334 1458 4406 σωτῆρά
1485 4353 1598 4402 σου,
1628 4336 1725 4390 καὶ
1747 4336 1953 4409 Κυρίου

373 4421 468 4478 τοῦ
500 4423 637 4478 Θεοῦ
693 4441 786 4478 σου
832 4426 933 4479 οὐκ
966 4428 1264 4499 ἐμνήσθης.
1312 4447 1332 4480 ι
1391 4427 1558 4482 Ἔνθα
1581 4429 1645 4500 δὴ
1677 4428 1770 4482 καὶ
1789 4429 1952 4483 αὑτοῦ

374 4513 555 4587 Ἰησοῦ
583 4514 678 4570 τοῦ
700 4517 953 4589 Σωτῆρος
979 4518 1137 4590 ἡμῶν
1173 4519 1444 4592 μέμνηται
1469 4523 1502 4591 ἠ
1550 4520 1808 4591 Έϐραῖκὴ
1843 4538 1954 4588 φω-

2069 3317 2404 3374 Salvatorem
2447 3327 2622 3383 tuum,
2651 3327 2706 3372 et
2743 3317 2957 3374 Domini
3007 3319 3271 3388 adjutoris
3302 3320 3377 3375 tui
3418 3335 3522 3376 non
3553 3336 3640 3376 re-

2066 3413 2324 3467 cordatus
2367 3426 2449 3467 es.
2492 3411 2724 3482 Pmpter
2769 3413 2872 3468 hoc
2921 3412 3195 3483 plantabis
3251 3413 3639 3482 plantationem

2068 3503 2452 3572 inﬁdelem,et
2497 3518 2682 3558 semen
2729 3502 2966 3561 inﬁdele.
3013 3503 3112 3559 Die
3152 3515 3334 3559 autem
3377 3505 3639 3574 illa,qua

2066 3597 2366 3666 plantabis,
2395 3597 2627 3652 errabis.
2657 3595 2814 3652 Mane
2841 3610 2972 3652 vero
3007 3597 3052 3651 si
3083 3582 3456 3664 seminaveris,
3482 3595 3641 3651 ﬂore-

2066 3690 2145 3744 bit
2166 3691 2220 3744 in
2253 3705 2508 3756 messem,
2531 3705 2636 3760 qua
2665 3689 2753 3744 die
2787 3689 3156 3744 ltzereditatem
3189 3687 3391 3742 adibis:
3424 3697 3478 3744 et
3522 3697 3641 3742 tan-

2065 3797 2231 3851 quam
2287 3792 2442 3852 pater
2489 3781 2729 3836 hominis
2789 3781 3162 3836 lmreditatem
3207 3779 3456 3836 sortieris
3511 3779 3642 3836 ﬁliis

2069 3875 2196 3928 tuis.
2238 3893 2258 3926 ι
2287 3873 2751 3941 Quemadmodum
2800 3873 2969 3938 enim,
3005 3873 3198 3942 inquit,
3234 3872 3338 3928 illis
3367 3873 3640 3942 pereunti-

2066 3965 2188 4032 bus,
2220 3953 2539 4022 accedentes
2575 3966 2667 4020 alii
2711 3979 2903 4021 eorum
2942 3964 3104 4020 urbes
3137 3973 3194 4020 et
3224 3969 3473 4036 regiones
3497 3967 3640 4022 obti-

2067 4063 2334 4121 nuerunt,
2363 4053 2442 4108 sic
2469 4063 2526 4108 et
2549 4053 2713 4108 urbes
2747 4062 2872 4116 tute,
2900 4053 3057 4110 vobis
3076 4055 3268 4125 ejectis
3291 4070 3354 4110 ac
3380 4055 3637 4125 depulsis,
3690 4125 3692 4128 ν

2067 4149 2256 4204 incolis
2294 4149 2417 4206 aliis
2464 4149 2839 4219 replebuntur.
2873 4167 2894 4200 ι
2932 4149 2998 4204 Et
3026 4160 3186 4206 erunt
3219 4152 3474 4218 desertae,
3512 4151 3640 4220 quia

2064 4241 2398 4312 dereliquisti
2429 4241 2596 4297 Deum
2627 4248 2965 4295 servatorem
3001 4251 3150 4295 tuum
3174 4283 3190 4307 ,
3216 4254 3272 4297 et
3305 4242 3512 4297 Domini
3543 4243 3640 4297 Dei

2065 4334 2144 4388 tui
2171 4335 2489 4389 recordatus
2518 4349 2624 4389 non
2651 4349 2732 4389 es.
2772 4349 2792 4384 ι
2822 4331 2922 4387 ilic
2943 4349 3072 4389 vero
3101 4335 3272 4402 ipsum
3305 4334 3486 4414 desum
3519 4333 3640 4389 Sal-

2064 4434 2304 4480 vatorem
2338 4434 2580 4480 nostrum
2609 4425 2872 4483 llebraica
2907 4441 3005 4482 vox
3051 4438 3479 4482 commemorat:
3515 4441 3638 4481 nam

2061 4515 2191 4572 Jesu
2230 4533 2426 4573 nomen
2458 4518 2511 4573 in
2542 4517 2787 4574 Graecam
2821 4518 3060 4589 linguam
3100 4517 3417 4573 translatum
3445 4517 3639 4572 Satra-

377 4607 467 4679 νή·
487 4607 730 4678 σωτῆρα
755 4610 866 4682 γὰρ
883 4610 1034 4681 δηλοῖ
1058 4611 1120 4664 τὸ
1143 4611 1317 4682 Ἰησοῦ
1355 4611 1527 4683 δνομα
1559 4613 1639 4676 είς
1663 4613 1762 4684 τὴν
1779 4613 1957 4668 Ἐλλά-

2063 4617 2228 4663 torem
2256 4608 2546 4679 signiﬁcat.
2581 4610 2704 4664 llaec
2728 4625 2857 4666 vero
2889 4610 2943 4664 in
2973 4625 3137 4665 causa
3174 4610 3288 4665 fore
3315 4606 3642 4676 ait,utipsis

373 4699 443 4754 δα
486 4699 731 4769 γλῶτταν
773 4703 1230 4773 ἑρμηνευόμενον.
1274 4705 1384 4757 Καὶ
1423 4703 1582 4757 τοῦτο
1639 4705 1832 4769 αἴτιον,
1879 4705 1960 4760 διὸ

378 4794 748 4866 συμϐήσεσθαι
777 4796 961 4860 αὐτοῖς
999 4795 1070 4850 τά
1115 4796 1479 4868 προλεχθέντα
1500 4797 1696 4862 πάντα,
1724 4797 1959 4870 εἴρηται,

374 4885 507 4939 διότι
532 4887 823 4941 κατέλιπον
851 4887 944 4942 τὸν
974 4889 1104 4944 Θεὸν
1123 4891 1215 4944 τὸν
1237 4889 1466 4962 Σωτῆρα
1490 4889 1691 4955 αὐτῶν,
1727 4891 1821 4944 καὶ
1847 4893 1960 4946 Κυ-

377 4977 494 5050 ρίου
545 4977 642 5032 τοῦ
687 4978 916 5033 πάντοτε
962 4979 1159 5050 βοηθοῦ
1213 4981 1390 5035 αὐτῶν
1442 4982 1543 5035 ούκ
1590 4981 1957 5056 ἐμνήσθησαν.

387 5069 556 5124 Ἐπὰν
581 5065 697 5136 οὖν,
730 5072 885 5144 φησὶ,
929 5071 992 5126 τὸ
1038 5071 1262 5143 σπέρμα
1296 5073 1455 5127 τοῦτο
1483 5073 1544 5128 τὸ
1588 5073 1814 5128 ἄπιστον
1855 5078 1950 5130 καὶ

371 5157 470 5231 τὴν
503 5160 724 5230 φυτείαν
745 5161 842 5234 τὴν
861 5162 1088 5218 ἄπιστον
1113 5165 1342 5236 σπείρης
1372 5165 1430 5219 ἐν
1451 5165 1516 5235 τῇ
1539 5165 1764 5218 σεαυτοῦ
1779 5165 1946 5238 ψυχῇ,

371 5251 496 5307 τότε
533 5253 876 5328 πλανηθήσῃο
905 5257 956 5310 εί
992 5255 1071 5320 δὲ,
1106 5254 1424 5327 μεταϐαλὼν
1440 5256 1534 5310 ἐπὶ
1557 5255 1654 5328 τὴν
1679 5257 1951 5312 ἀνατείλα-

369 5359 474 5398 σαν
517 5343 597 5416 τῷ
623 5345 814 5418 κόσμῳ
845 5347 1055 5420 πρωῖαν
1082 5346 1178 5402 τοῦ
1225 5347 1401 5418 φωτὸς
1425 5347 1520 5403 τοῦ
1571 5348 1947 5419 εύαγγελικοῦ,

371 5434 558 5508 ἕτερον
582 5437 805 5510 σπέρμα
843 5438 1102 5495 κατάθοιο
1133 5443 1200 5514 τῇ
1235 5441 1430 5494 σαυτοῦ
1464 5441 1692 5512 διανοίᾳ,
1723 5443 1851 5514 περὶ
1887 5437 1949 5498 οῦ

371 5521 619 5582 λέλεκται
665 5531 722 5583 ἐν
757 5530 1126 5600 Εὑαγγελίοις·
1172 5550 1190 5582 ι
1233 5530 1484 5602 Ἐξῆλθεν
1512 5534 1540 5586 ὁ
1568 5531 1808 5604 σπείρων
1858 5533 1950 5587 τοῦ

455 5645 501 5679 ⁷⁸
527 5644 724 5702 Matth.
755 5662 876 5714 xm,
906 5649 957 5706 5.
1031 5650 1077 5682 ⁸⁸
1109 5652 1238 5708 ibid.
1269 5651 1361 5706 24.

2059 4702 2317 4771 praedicta
2335 4703 2516 4756 omnia
2543 4701 3023 4771 contingant,quia
3048 4699 3455 4768 dereliquerunt
3472 4699 3638 4752 Deum

2059 4793 2402 4848 Salvatoreut
2447 4811 2604 4851 suum
2633 4835 2648 4858 ,
2679 4803 2734 4850 et
2760 4795 2972 4850 Domini
3013 4792 3276 4863 adjutoris
3315 4805 3529 4860 semper
3555 4788 3639 4845 sui

2060 4896 2166 4942 non
2201 4887 2588 4942 meminerunt.
2637 4886 2772 4942 Cum
2804 4888 3024 4958 itaque,
3053 4885 3165 4948 ait,
3199 4884 3300 4938 hoc
3328 4898 3512 4938 semen
3555 4883 3639 4937 in-

2061 4979 2364 5045 credulum,
2390 4990 2445 5036 et
2471 4981 2613 5036 lianc
2639 4977 2912 5036 inﬁdelem
2942 4979 3335 5051 plantationem
3369 4979 3424 5031 in
3453 4977 3632 5032 anima

2063 5083 2155 5128 tua
2187 5073 2543 5129 seminaveris
2563 5113 2578 5139 ,
2605 5083 2716 5129 tum
2748 5074 2996 5138 errabis;
3033 5074 3116 5129 sin
3151 5083 3332 5127 autem
3359 5072 3639 5128 exoriente

2061 5167 2113 5221 in
2150 5167 2350 5222 mundo
2384 5167 2681 5238 evangelici
2713 5166 2932 5222 luminis
2963 5165 3224 5231 diluculo,
3272 5175 3474 5221 mutata
3507 5182 3634 5223 sen-

2064 5259 2232 5315 tentia
2267 5259 2414 5314 aliud
2444 5274 2628 5314 semen
2661 5260 2716 5314 in
2745 5268 2927 5313 mete
2959 5266 3049 5313 tua
3073 5257 3294 5328 jeceris,
3324 5259 3392 5312 de
3416 5273 3525 5329 quo
3551 5259 3636 5313 di-

2061 5360 2206 5407 ctum
2234 5361 2320 5406 est
2348 5352 2403 5407 in
2432 5351 2768 5422 Evangeliis,
2802 5369 2823 5404 ι
2859 5349 3005 5405 Exiit
3048 5351 3140 5421 qui
3191 5353 3427 5406 seminat
3471 5353 3633 5405 semi-

2061 5458 2194 5499 nare
2220 5444 2298 5510 ⁷⁹;
2335 5462 2354 5496 ι
2385 5452 2462 5506 et,
2492 5462 2510 5495 ι
2546 5441 2738 5498 Simile
2771 5441 2970 5497 factum
2999 5452 3084 5497 est
3119 5457 3346 5512 regnum
3372 5440 3638 5496 cmlorum

2062 5519 2274 5592 homini
2297 5537 2588 5593 seminanti
2629 5535 2828 5593 bonum
2871 5551 3053 5592 semen
3090 5536 3143 5589 in
3187 5549 3317 5606 agro
3356 5549 3455 5589 suo
3481 5532 3564 5599 ³⁰;
3608 5550 3628 5584 ι

443 5740 716 5822 (29)]1εεο
769 5744 882 5817 ipsa
929 5744 1290 5818 Hieronymus
1321 5749 1387 5805 ad
1432 5749 1574 5808 hunc
1619 5748 1796 5808 locum
1857 5751 1947 5822 qui
1990 5761 2156 5809 totam
2224 5751 2437 5808 Eusebii
2505 5752 2830 5811 sententiam
2862 5761 2920 5808 ut
2963 5765 3115 5806 suam
3157 5746 3366 5805 extulit.
3399 5743 3531 5802 Vide
3570 5739 3632 5802 in

371 5807 714 5872 Praefatione.

3531 368 3653 416 ‘in’
