4158 6402
379 357 486 412 213

1328 355 1833 414 COMMENTARIA
1874 356 1937 412 IN
1980 357 2234 414 lSAIAM.
2275 388 2345 400 -—-
2382 360 2534 417 CAP.
2577 360 2759 420 XVIII.

3525 367 3633 419 ΞΜ»

380 472 625 545 Εὖρομεν
644 471 704 526 ὲν
729 474 842 537 τοῖς
869 472 975 528 τῶν
1005 471 1245 528 παλαιῶν
1285 473 1731 546 συγγράμμασιν,
1771 473 1845 539 ὼς
1900 477 1950 529 οἰ

2057 478 2245 543 rimus,
2270 476 2786 551 llierosolymitanos
2831 477 3071 535 Iudaica:
3115 480 3290 549 gentis
3320 483 3661 537 sacerdotes-

379 564 477 636 τὴν
526 563 1182 636 Ἰερουσαλὴμόἰκοῦντες
1205 564 1299 618 τοῦ
1323 565 1430 618 τῶν
1476 565 1742 620 Ἰουδαίων
1770 567 1956 631 ἔθνους

383 656 547 726 ἱερεῖς
573 655 664 709 καὶ
692 656 1049 728 πρεσϐύτεροι
1080 656 1383 727 γράμματα
1416 657 1843 728 διαχαράξαντες
1878 660 1957 722 είς

380 749 558 802 πάντα
580 746 947 817 διεπέμψαντο
968 747 1038 801 τά
1058 748 1183 819 ἔθνη
1203 750 1314 812 τοῖς
1331 747 1644 818 ἁπανταχοῦ
1684 749 1956 814 Ἰουδαίοις

379 840 752 904 διαϐάλλοντες
804 840 902 911 τὴν
935 839 1173 911 Χριστοῦ
1207 840 1575 906 διδασκαλίαν,
1624 842 1699 905 ὡς
1744 842 1956 914 αἵρεσιν

383 934 576 1004 καινὴν
608 932 702 987 καὶ
726 932 1009 1004 ἀλλοτρίαν
1043 930 1139 986 τοῦ
1174 931 1331 997 Θεοῦ,
1362 933 1737 1006 παρήγγελλόν
1782 951 1843 986 τε
1887 933 1954 987 δι’

382 1027 677 1083 ἐπιστολῶν
728 1026 801 1097 μὴ
852 1024 1259 1097 παραδέξασθαι
1314 1026 1503 1097 αὐτήν.
1540 1023 1709 1078 Τοῦτο
1763 1025 1821 1079 δὲ
1861 1022 1954 1079 οὖν

379 1117 514 1173 αὐτὸ
543 1115 829 1187 σημαίνειν
870 1113 1044 1177 ἔοικεν
1078 1114 1111 1184 ἡ
1145 1113 1284 1184 μετά
1310 1116 1498 1185 χεῖρας
1525 1115 1849 1186 προφητεία,
1898 1116 1955 1167 ὲν

378 1205 425 1278 ᾧ
448 1207 615 1276 λέγει·
649 1225 668 1259 ι
706 1205 842 1259 Οὐαὶ
868 1206 972 1275 γῆς
1004 1204 1223 1267 πλοίων,
1252 1205 1521 1275 πτέρυγες
1553 1205 1805 1259 ἐπέκεινα
1858 1223 1955 1258 πο-

376 1298 565 1370 ταμῶν
602 1297 902 1360 Αἰθιοπίας·
930 1298 958 1349 6
980 1295 1323 1351 ἀποστέλλων
1349 1297 1405 1350 ὲν
1433 1297 1674 1371 θαλάσσῃ
1701 1298 1906 1369 ὅμηρα·
1932 1317 1949 1348 ι

376 1393 492 1447 ἀνθ’
514 1384 576 1446 οὗ
608 1393 637 1446 ό
662 1389 953 1461 Σύμμαχος
973 1389 1357 1456 ἀποστόλους
1370 1386 1491 1443 εἰπε
1516 1392 1713 1463 φήσας,
1748 1410 1766 1442 ς
1788 1392 1956 1444 Ἀπο-

380 1483 612 1539 στέλλων
663 1481 993 1545 ἀποστόλους
1043 1482 1102 1535 ὲν
1139 1480 1401 1553 θαλάσσῃ·
1449 1500 1467 1532 ι
1524 1484 1552 1535 6
1612 1482 1669 1535 δὲ
1716 1481 1957 1544 ,Ἀκύλας

378 1574 718 1644 πρεσϐύτας
732 1571 993 1637 ἐξέδωκεν
1029 1569 1219 1635 εἰπὼν,
1253 1588 1271 1623 r
1315 1571 1373 1625 '0
1406 1572 1748 1625 ἀποστέλλων
1778 1574 1835 1625 ἐν
1862 1571 1956 1625 θα-

378 1666 552 1737 λάσσῃ
579 1663 909 1736 πρεσϐύτας.
952 1683 969 1715 ι
1011 1664 1172 1734 Ὁρᾷς
1223 1663 1370 1726 ὅπως
1401 1665 1429 1716 6
1458 1662 1616 1731 λόγος
1658 1663 1785 1725 τοὺς
1823 1678 1956 1732 προ-

377 1757 665 1829 λεχθέντας
711 1755 980 1809 Ἰουδαίων
1002 1754 1269 1826 ἄρχοντας
1286 1753 1579 1819 ταλανίζει,
1614 1754 1708 1807 καὶ
1732 1755 1830 1823 τὴν
1849 1754 1953 1824 γῆν

2059 576 2115 625 et
2130 569 2393 633 seniores,
2413 568 2625 625 litteras
2644 570 2697 623 in
2727 585 2918 625 omnes
2934 579 3122 640 gentes
3140 571 3349 627 misisse
3365 571 3634 627 alomues

2058 660 2258 729 ubique
2276 656 2491 714 Judazos
2515 700 2530 723 ,
2558 675 2664 728 quo
2692 661 2896 715 Christi
2928 661 3233 715 doctrinam
3264 661 3631 726 traducerent,

2059 758 2116 804 ut
2165 765 2357 805 novam
2395 765 2456 805 ac
2490 750 2600 806 Deo
2646 751 2923 805 inimicam
2972 761 3175 807 sectam
3225 771 3238 805 :
3277 767 3341 807 ac
3390 754 3632 823 epistolis

2058 840 2353 908 monuisse,
2397 850 2456 896 ut
2499 856 2568 896 ne
2600 841 2745 896 illam
2782 842 3104 911 reciperent.
3136 841 3250 897 Hoc
3295 843 3470 909 ipsum
3502 858 3633 913 ergo

2056 932 2365 1003 signiﬁcare
2393 932 2606 987 videtur
2638 946 2876 1002 praesens
2927 932 3220 1002 prophetia
3256 931 3344 986 ubi
3387 932 3627 987 dicitur:

2063 1044 2081 1077 ι
2123 1023 2215 1080 Va:
2248 1034 2405 1079 terrae
2448 1025 2662 1077 navium
2684 1064 2700 1088 ,
2734 1023 2831 1077 alae
2859 1021 2996 1076 ultra
3039 1021 3262 1077 ﬂumina
3296 1021 3640 1093 ﬂthiopiat;

2056 1117 2355 1187 qui-mittit
2382 1117 2434 1170 in
2471 1131 2620 1172 mare
2655 1116 2911 1180 obsides;
2952 1134 2970 1165 ι
3003 1130 3099 1182 pro
3127 1131 3236 1183 quo
3270 1116 3632 1186 Symmachus

2056 1207 2316 1278 apostolos
2345 1207 2482 1262 dixit
2514 1207 2597 1261 his
2634 1208 2813 1261 verbis
2834 1247 2849 1271 ,
2886 1228 2904 1259 ι
2937 1207 3039 1275 Qui
3068 1208 3234 1261 mittit
3261 1216 3317 1261 et
3353 1207 3631 1277 apostolos

2057 1303 2109 1356 in
2140 1314 2330 1365 mare;
2364 1317 2384 1351 ι
2410 1297 2602 1367 Aquila
2629 1313 2756 1353 vero
2793 1299 2988 1370 legatos
3017 1298 3205 1366 edidit,
3236 1300 3444 1366 dicens,
3475 1316 3494 1351 ι
3526 1297 3629 1365 Qui

2059 1392 2224 1446 mittit
2274 1391 2327 1445 in
2376 1404 2525 1444 mare
2571 1388 2795 1460 legatos.
2841 1408 2859 1441 ι
2899 1389 3085 1445 Viden’
3134 1390 3408 1459 quomodo
3446 1404 3639 1444 sermo

2056 1481 2341 1550 praedictos
2384 1478 2689 1536 Judtcorum
2743 1480 3012 1549 principes
3061 1480 3289 1537 miseros
3349 1480 3628 1549 praedicet,

2058 1589 2263 1630 necnon
2283 1584 2481 1628 terram
2504 1588 2711 1637 eorum,
2731 1571 2885 1641 cujus
2904 1571 3107 1626 malitia
3132 1587 3303 1642 usque
3328 1572 3395 1626 ad
3411 1569 3627 1627 JEthio-

2063 1680 2156 1737 pes
2178 1676 2507 1735 pervaserat.
2523 1664 2884 1731 Quamobrem
2904 1664 3196 1719 secundum
3215 1663 3622 1735 Symmachum,

2062 1778 2079 1809 ι
2118 1757 2212 1813 ναξ
2240 1767 2396 1813 terra:
2437 1759 2645 1813 sonitus
2674 1757 2772 1811 ala:
2793 1799 2808 1824 ,
2847 1772 2967 1824 qua!
3000 1756 3137 1811 ultra
3168 1756 3383 1811 lltunina
3413 1755 3628 1812 Ethio-

376 1848 576 1916 αὐτῶν,
617 1845 748 1921 ἦςή
785 1846 948 1902 κακία
979 1848 1169 1919 μέχρις
1190 1847 1461 1902 Αἰθιόπων
1486 1845 1708 1915 ἔφθασε.
1738 1845 1829 1899 Διὸ
1851 1864 1950 1901 κα-

2057 1850 2157 1919 ρῖσι
2186 1867 2205 1901 ι
2230 1866 2245 1904 :
2280 1849 2435 1919 queis
2460 1849 2750 1920 significat,
2773 1849 2935 1903 etiam
2961 1846 3098 1902 ultra
3116 1846 3430 1920 Ethiopum
3450 1850 3629 1920 regio-

376 1942 445 1997 τά
476 1942 569 1995 τὸν
602 1941 895 2012 Σύμμαχον
925 1940 1160 2011 εἴρηται,
1190 1959 1208 1992 ι
1239 1939 1375 1994 Οὐαὶ
1407 1940 1511 2009 γῆς
1534 1942 1562 1993 6
1588 1935 1720 2010 ἦχος
1753 1938 1951 2009 πτέρυ-

374 2051 490 2103 γος,
516 2036 550 2105 ἡ
572 2032 807 2104 πέραθεν
836 2032 1093 2104 ποταμῶν
1110 2033 1407 2097 Αἰθιοπίας·
1441 2052 1460 2085 ›
1486 2034 1552 2086 δι’
1568 2026 1642 2086 ὧν
1675 2033 1948 2104 σημαίνει,

375 2126 451 2191 ῶς
480 2127 575 2179 καὶ
607 2125 782 2196 πέραν
811 2124 911 2195 τῆς
953 2124 1227 2178 Αἰθιόπων
1255 2124 1457 2197 χώρας,
1492 2126 1526 2196 ἢ
1547 2125 1652 2179 τῶν
1683 2123 1949 2195 ἐσχατιῶν

373 2220 474 2289 τῆς
504 2218 628 2290 γῆς,
658 2219 686 2270 ό
713 2218 811 2289 τῆς
834 2217 1095 2289 πονηρίας
1118 2212 1251 2287 ἦχος
1279 2217 1385 2271 τῶν
1410 2216 1508 2288 τὴν
1554 2217 1809 2272 Ἰουδαίαν
1841 2217 1945 2288 γῆν

375 2309 667 2363 οἰκούντων
696 2308 785 2362 διά
817 2325 977 2361 τινων
1014 2307 1202 2379 ῶσπερ
1244 2307 1551 2379 ίπταμένων
1581 2308 1777 2361 πλοίων
1812 2326 1946 2380 προ-

375 2399 561 2470 ῆλθεν,
612 2398 665 2451 οἵ
691 2390 751 2450 τε
795 2397 1080 2451 ἀπόστολοι
1129 2397 1330 2459 αὐτῶν,
1381 2398 1669 2462 ἐπιστολὰς
1713 2398 1952 2469 βιϐλίνας

376 2491 748 2562 κομιζόμενοι,
790 2488 1045 2561 ὑπεράνω
1072 2506 1131 2541 τε
1168 2489 1275 2542 τῶν
1319 2489 1525 2544 ὑδάτων
1552 2490 1952 2562 ναυτιλλόμενοι

374 2583 470 2636 καὶ
496 2582 593 2653 τὴν
623 2579 895 2634 θάλασσαν
910 2579 1259 2649 ἐμπλέοντες,
1292 2581 1602 2652 ἁπανταχοῦ
1624 2583 1726 2653 γῆς
1749 2582 1955 2652 διέτρε-

371 2691 467 2745 χον
520 2673 612 2727 τὸν
648 2675 775 2745 περὶ
801 2672 895 2726 τοῦ
937 2673 1188 2743 Σωτῆρος
1219 2673 1375 2743 ἡμῶν
1408 2674 1843 2740 ἐνδιαϐάλλοντες
1864 2676 1953 2730 λόο

2057 1957 2203 2006 nem,
2247 1941 2361 1997 sive
2394 1941 2533 1996 ultra
2575 1951 2817 1995 extrema
2849 1949 3038 2007 terrae,
3077 1940 3296 1995 malitiae
3326 1940 3625 1996 incolarum

2054 2033 2253 2091 Iudaea:
2291 2036 2549 2101 sonitum,
2580 2051 2676 2091 ccu
2710 2034 3030 2105 quibusdam
3056 2034 3361 2091 volantibus
3391 2036 3620 2091 navibus

2054 2128 2314 2195 delatum,
2348 2128 2680 2199 pervenisse,
2733 2127 3112 2197 apostolosque
3146 2143 3333 2184 eorum
3361 2128 3619 2199 epistolas

2053 2219 2284 2275 biblinas
2326 2219 2661 2285 deierantes,
2695 2237 2757 2278 ac
2788 2238 2951 2289 supra
2989 2223 3211 2279 dorsum
3253 2236 3514 2290 aquarum
3563 2223 3620 2278 iu

2055 2311 2298 2381 marique
2344 2312 2685 2382 navigantes,
2722 2314 2922 2384 ubique
2953 2324 3221 2370 terrarum
3272 2315 3617 2381 discurrisse,

2053 2414 2354 2456 sermonem
2382 2402 2446 2457 de
2479 2401 2767 2460 Servatore
2798 2415 2982 2460 nostro
3028 2406 3314 2462 calunmiis
3357 2407 3620 2462 vellican-

2055 2502 2153 2547 tes.
2204 2493 2488 2563 Apostolus
2529 2511 2661 2552 vero
2711 2498 2874 2553 etiam
2920 2515 3063 2555 nunc
3105 2498 3275 2555 ,ιιιόωί
3312 2514 3627 2570 nuncupare

2052 2585 2230 2640 solent
2257 2601 2372 2654 eos,
2395 2589 2485 2659 qui
2510 2589 2804 2647 circulares
2830 2593 3132 2663 principum
3166 2606 3385 2647 suorum
3414 2591 3624 2648 litteras

2056 2676 2478 2749 circumquaque
2505 2680 2809 2752 deportant.

370 2782 488 2835 γον.
527 2765 880 2829 Ἀποστόλους
929 2764 987 2817 δὲ
1029 2765 1196 2818 εἰσέτι
1240 2766 1337 2819 καί
1364 2765 1457 2821 νῦν
1488 2766 1609 2831 ἔθος
1642 2768 1790 2822 ἐστὶν
1832 2767 2106 2833 Ἰουδαίοις
2142 2769 2430 2842 ὀνομάζειν
2467 2775 2599 2838 τοὺς
2641 2774 2903 2845 ἐγκύκλια
2937 2776 3238 2847 γράμματα
3304 2775 3455 2847 παρά
3515 2773 3623 2830 τῶν

369 2857 646 2929 ἀρχόντων
668 2855 846 2909 αὐτῶν
874 2855 1378 2927 ἐπικομιζομένους.

449 2969 468 3002 ι
491 2949 853 3021 Πορεύσονται
880 2948 988 3020 γὰρ
1020 2948 1238 3017 ἄγγελοι
1270 2948 1459 3017 κοῦφοι
1492 2949 1628 3022 πρὸς
1649 2950 1799 3014 ἔθνος
1830 2968 1954 3023 μετ-

374 3040 544 3113 έωρον
600 3042 694 3095 καὶ
730 3040 877 3109 ξένον
907 3040 1035 3095 λαὸν
1081 3042 1176 3094 καὶ
1208 3041 1459 3111 χαλεπόν.
1497 3041 1592 3105 Τίς
1651 3043 1814 3096 αὑτοῦ
1850 3045 1949 3097 ὲπ-

376 3134 559 3187 έκεινα
578 3150 593 3198 ;
611 3133 761 3196 ἔθνος
784 3133 895 3203 (22)
919 3132 1236 3186 ἀνέλπιστον
1259 3133 1351 3186 καὶ
1368 3135 1910 3207 καταπεπατημένον.
1926 3155 1944 3188 i

388 3224 477 3288 Ὦς
508 3218 644 3277 εἶναι
671 3224 841 3295 ἀρχὴν
874 3222 1198 3294 πράγματος
1218 3240 1231 3252 ·
1270 3222 1364 3275 καί
1400 3239 1491 3293 μοι
1520 3222 1666 3275 δοκεῖ
1696 3222 1853 3277 τοῦτο
1888 3224 1950 3276 τὸ
1977 3264 2018 3322 C

379 3313 703 3385 πρόσταγμα
732 3313 867 3384 πρὸς
912 3314 1037 3376 τοὺς
1096 3311 1342 3383 μαθητὰς
1376 3310 1469 3365 τοῦ
1501 3314 1750 3385 Σωτῆρος
1792 3314 1948 3385 ἡμῶν

376 3403 660 3476 εἰρῆσθαι·
695 3402 785 3468 οὓς
816 3403 906 3457 διά
928 3403 988 3456 τὸ
1012 3405 1176 3457 πᾶσιν
1202 3402 1507 3476 ἀνθρώποις
1536 3405 1757 3474 ἀγαθῶν
1789 3406 1951 3476 εὐαγ-

374 3496 628 3566 γελιστάς
659 3492 819 3560 εἶναι,
850 3497 1115 3566 ἀγγέλους
1150 3497 1245 3550 καὶ
1271 3497 1508 3567 κούφους
1539 3497 1788 3569 ὠνόμασε
1814 3499 1951 3570 πρὸς

373 3589 775 3660 ἀντιδιαστολὴν
802 3588 910 3642 τῶν
953 3588 1252 3644 Ἰουδαϊκῶν
1295 3590 1628 3645 ἀποστόλων.
1663 3592 1832 3661 Φησὶν
1857 3588 1950 3646 οὖν

373 3680 511 3753 πρὸς
542 3679 737 3744 αὐτοὺς
768 3681 892 3744 τοὺς
923 3679 1030 3733 τῶν
1050 3679 1268 3739 ἀγαθῶν
1306 3681 1570 3750 ἀγγέλους
1592 3699 1606 3712 ·
1659 3682 1867 3754 Ὑμεῖς,
1900 3683 1949 3736 οἱ

371 3771 608 3843 Χριστοῦ
633 3770 893 3843 μαθηταὶ,
913 3771 1230 3843 πορεύεσθε,
1254 3771 1441 3842 ῶσπερ
1466 3769 1559 3826 οὖν
1591 3773 1749 3837 αὐτὸς
1778 3775 1806 3826 ό
1834 3775 1949 3827 Σω-

369 3860 477 3933 τὴρ
503 3862 785 3930 διετάξατο
816 3862 952 3934 πρὸς
998 3862 1141 3932 ὑμᾶς
1183 3860 1388 3931 λέγων·
1430 3882 1447 3913 ι
1474 3862 1775 3934 Πορεύεσθε
1814 3864 1948 3935 μᾶλ-

370 3954 463 4008 λον
500 3956 637 4027 πρὶς
663 3954 736 4010 τὰ
777 3954 1025 4029 πρόϐατα
1048 3953 1116 4007 τὰ
1132 3953 1444 4009 ἀπολωλότα
1473 3956 1619 4008 οίκου
1665 3955 1899 4027 Ἰσραὴλ,
1925 3977 1942 4008 ι

374 4047 911 4120 καὶ,‹Πορευθέντες,
933 4045 1308 4119 μαθητεύσατε
1334 4047 1512 4101 πάντα
1539 4047 1606 4101 τά
1633 4047 1760 4120 ἔθνη
1788 4051 1845 4102 ὲν
1872 4049 1949 4121 τῷ

372 4140 597 4212 ὀνόματί
631 4158 752 4212 μου.
781 4159 799 4192 ι
837 4140 1198 4213 Πορευόμενοι
1228 4140 1306 4206 δὲ,
1332 4142 1484 4211 φησί,
1514 4140 1705 4211 κοῦφοι
1733 4143 1947 4211 γίνεσθε

374 4232 469 4285 καὶ
502 4231 801 4297 εὐσταλεῖς,
836 4231 911 4295 ὡς
952 4230 1017 4285 ἂν
1061 4230 1249 4302 ῥᾳδίαν
1293 4231 1391 4303 τὴν
1424 4232 1646 4303 πορείαν
1681 4234 1942 4304 ποιῆσθε·-

370 4322 401 4376 ὃ
431 4323 495 4395 δὴ
522 4323 615 4377 καὶ
647 4324 831 4386 αὐτοῖς
862 4324 1022 4377 πάλιν
1048 4324 1278 4396 παρῄνει
1297 4324 1469 4395 λέγων
1488 4342 1501 4355 ·
1533 4346 1550 4375 ι
1574 4325 1758 4394 Μηδὲν
1777 4326 1946 4398 ἄρητε

373 4414 515 4468 κατὰ
542 4413 639 4485 τὴν
667 4414 784 4468 ὁδόν
807 4431 822 4446 ·
858 4415 934 4485 μὴ
966 4414 1240 4486 κτήσησθε
1274 4414 1471 4486 χρυσὸν
1505 4413 1639 4485 μηδὲ
1679 4414 1943 4487 ἄργυρον,

374 4505 510 4579 μηδὲ
555 4504 753 4576 χαλκὸν
790 4507 869 4569 εἰς
904 4506 1001 4570 τάς
1050 4506 1226 4572 ζώνας
1287 4506 1458 4577 ὑμῶν,
1488 4527 1506 4559 ι
1553 4507 1645 4560 καί.
1693 4506 1761 4560 τὰ
1796 4507 1941 4579 ἑξῆς.

2134 2972 2151 3003 ι
2187 2951 2345 3007 Ibunt
2370 2954 2513 3009 enim
2554 2956 2727 3011 nuntii
2755 2956 2959 3012 celeres
2984 2958 3051 3013 ad
3074 2967 3290 3028 gentem
3322 2957 3621 3013 excelsam:

2053 3052 2108 3099 et
2130 3045 2473 3115 peregrinum
2490 3047 2768 3116 populum,
2786 3058 2840 3102 et
2865 3063 3104 3119 gravem.
3125 3049 3257 3116 Quis
3273 3050 3414 3105 ultra
3446 3050 3623 3105 illum?

2051 3149 2181 3206 gens
2212 3136 2493 3205 desperata
2522 3146 2577 3191 et
2598 3141 2939 3194 conculcata.
2995 3158 3013 3191 ι
3057 3139 3132 3194 ha
3163 3150 3222 3195 ut
3275 3142 3347 3196 sit
3385 3142 3513 3197 illud
3542 3144 3617 3198 rei

2052 3224 2264 3280 initium
2296 3245 2309 3281 :
2347 3227 2671 3299 videturque
2710 3230 2844 3284 mihi
2870 3231 2972 3286 hoc
3004 3240 3336 3302 praeceptum
3372 3233 3623 3288 Salvato-

2053 3316 2128 3372 ris
2151 3317 2319 3373 nostri
2351 3318 2630 3390 discipulis
2653 3318 2767 3373 dari
2794 3338 2808 3386 ;
2843 3320 2934 3392 qui
2975 3322 3117 3391 quod
3166 3324 3425 3379 omnibus
3446 3324 3621 3380 homi-

2052 3408 2210 3464 nibus
2239 3410 2504 3465 bonorum
2552 3412 2725 3466 nuntii
2753 3412 2879 3477 sint,
2915 3413 3086 3468 nuntii
3120 3425 3174 3469 et
3199 3414 3408 3470 celeres
3441 3418 3508 3471 ab
3550 3430 3618 3471 eo
3700 3409 3705 3413 ’

2051 3509 2335 3566 vocantur,
2371 3501 2436 3556 ad
2463 3502 2817 3559 dilferentiam
2846 3503 3194 3560 Judaicorum
3222 3509 3611 3577 apostolorum.

2054 3591 2173 3647 Illos
2216 3592 2379 3662 igitur
2406 3580 2670 3649 bonorum
2715 3597 2933 3653 nuntios
2985 3596 3065 3652 sic
3110 3597 3449 3668 alloquitur:
3488 3599 3616 3666 Vos,

2050 3684 2250 3739 Christi
2275 3685 2547 3756 discipuli,
2571 3687 2661 3750 ite,
2694 3691 3145 3756 quemadmodum
3172 3690 3286 3759 ipse
3313 3689 3463 3745 vobis
3489 3690 3616 3747 Ser-

2050 3785 2206 3830 vator
2232 3775 2511 3846 praecepit,
2547 3796 2564 3827 ι
2603 3774 2681 3831 lte
2701 3777 2878 3848 potius
2901 3778 2966 3832 ad
2996 3793 3145 3843 oves,
3174 3794 3294 3849 qum
3317 3780 3615 3849 perierunt,

2051 3867 2246 3921 domus
2278 3866 2443 3922 Israel
2469 3869 2549 3935 εις
2602 3887 2620 3919 ι
2653 3878 2727 3932 et,
2757 3888 2774 3920 ‹
2806 3869 3008 3925 Euutes
3031 3870 3221 3927 docete
3254 3886 3443 3927 omnes
3475 3889 3608 3944 gen-

2053 3964 2131 4012 tes
2177 3956 2229 4012 in
2260 3959 2479 4014 nomine
2522 3976 2644 4017 meo
2671 3961 2738 4017 θ’.
2772 3979 2790 4014 ι
2843 3960 3047 4017 Euutes
3078 3972 3282 4027 autem,
3326 3965 3424 4031 ait,
3470 3964 3615 4020 leves

2047 4056 2222 4104 estote
2268 4058 2322 4103 et
2361 4052 2621 4119 expediti,
2671 4060 2730 4107 ut
2778 4052 2995 4107 facilius
3050 4054 3191 4108 viam
3236 4056 3612 4113 emetiamini:

2048 4137 2189 4206 quod
2223 4137 2387 4193 etiam
2417 4140 2525 4196 illis
2559 4141 2852 4197 mandabat
2884 4143 2970 4197 bis
3002 4144 3207 4209 verbis,
3237 4164 3253 4196 ι
3288 4145 3430 4201 Nihil
3474 4148 3608 4203 tule-

2050 4227 2168 4284 ritis
2194 4230 2245 4283 iu
2272 4231 2393 4297 via;
2427 4247 2493 4286 ne
2520 4234 2841 4303 possideatis
2877 4250 3089 4302 aurum,
3136 4252 3235 4291 nec
3284 4250 3568 4309 argentum
3595 4281 3612 4305 ,

2050 4335 2147 4374 nec
2179 4336 2253 4375 tes
2277 4322 2327 4375 in
2353 4322 2503 4378 zonis
2532 4324 2727 4380 vestris
2745 4324 2957 4389 ",DCIC.
2989 4323 3148 4380 Jubet
3183 4337 3361 4383 autem
3394 4330 3643 4405 profici-~

2047 4412 2123 4465 sci
2150 4428 2246 4467 eos
2275 4414 2342 4468 ad
2379 4423 2597 4485 gentem
2656 4417 2940 4471 sublimem
2979 4429 3034 4472 et
3066 4420 3428 4489 pcregrinam,
3465 4432 3520 4476 et
3547 4425 3613 4473 ad

2049 4503 2302 4573 populum
2336 4520 2576 4574 gravem.
2613 4505 2729 4561 Non
2761 4509 2903 4563 enim
2940 4510 3004 4560 ad
3040 4520 3198 4564 notos
3226 4509 3311 4564 vel
3357 4510 3616 4565 domesti-

371 4595 597 4651 Κελεύει
639 4597 696 4650 δὲ
733 4596 1058 4669 πορεύεσθαι
1092 4597 1228 4670 πρὸς
1256 4597 1406 4661 ἔθνος
1438 4598 1707 4669 μετέωρον
1733 4599 1823 4652 καὶ
1856 4599 1943 4666 ξέ-

2052 4611 2141 4650 cos
2175 4598 2290 4651 sive
2326 4595 2524 4652 fratres
2550 4598 2923 4662 mittebantur,
2958 4602 3052 4655 sed
3079 4601 3144 4654 ad
3173 4602 3432 4671 quosdam
3468 4616 3614 4670 perc-

370 4700 482 4748 vov,
504 4684 600 4737 ml.
625 4682 761 4756 πρὸς
791 4682 918 4735 λαὸν
944 4684 1195 4753 χαλεπόν.
1229 4683 1303 4736 Ού
1338 4682 1444 4754 γὰρ
1470 4684 1605 4754 πρὸς
1634 4683 1943 4755 γνωρίμους

2052 4686 2233 4755 grinos
2274 4689 2485 4759 ignotos
2520 4691 2667 4746 viros
2726 4702 2781 4747 et
2827 4693 3176 4764 aiienigcnas,
3232 4694 3374 4764 apud
3421 4709 3613 4749 omnes

442 4777 487 4809 ⁸¹
515 4776 705 4831 Matth.
735 4792 789 4841 χ,
812 4776 865 4831 6.
941 4776 986 4808 ⁸³
1014 4776 1204 4831 Matth.
1229 4792 1419 4841 xxviii,
1454 4776 1537 4831 19.
1614 4776 1660 4808 ⁸³
1685 4775 1872 4830 Matth.
1894 4792 1950 4845 Χ,
1986 4775 2039 4832 9.

369 4871 609 4927 breviter
637 4870 914 4935 admonui,
948 4885 1014 4925 ne
1055 4871 1174 4940 quis
1220 4886 1317 4926 nos
1342 4880 1490 4939 putet
1512 4886 1578 4924 ex
1609 4870 1750 4925 illius
1778 4870 1934 4926 fonti-
2038 4869 2357 4929 mentariis,
2392 4870 2558 4941 etiam
2605 4870 2889 4941 allegorice
2933 4872 3072 4925 dicta
3130 4871 3346 4936 hausit,
3381 4887 3609 4941 quorum

369 4941 473 4996 hus
508 4950 780 4995 mutuasse
806 4956 927 5010 qua:
955 4941 1225 5010 dicimus;
1246 4956 1367 4994 nam
1398 4950 1454 4995 et
1482 4943 1535 4995 in
1570 4943 1818 5009 pratsenti
1845 4957 1935 4997 ca-
2037 4955 2298 5009 perquam
2338 4940 2614 4995 minimam
2658 4940 2863 5010 partem
2896 4981 2910 5005 ,
2953 4956 3049 4995 nos
3088 4941 3218 4996 hinc
3258 4951 3313 4996 et
3351 4940 3475 4998 inde
3514 4960 3611 4999 no-

368 5011 540 5081 pitulo
568 5011 855 5081 adversum
879 5009 1093 5065 Iudaeos
1121 5009 1784 5081 etHierosolyimamidicit
1811 5027 1936 5080 pro-
2038 5011 2288 5081 lavimus.

371 5078 613 5150 phetiam
643 5080 802 5147 dirigi
838 5095 854 5133 :
894 5082 1038 5150 quod
1081 5081 1133 5135 in
1169 5078 1581 5150 principio'ﬁdei
1608 5078 1934 5136 Christianae
2098 5078 2231 5150 βξ),
2253 5078 2379 5134 Haec
2410 5079 2463 5132 in
2491 5079 2635 5135 hunc
2666 5080 2841 5136 locum
2892 5079 2950 5137 S.
2991 5080 3353 5150 Hieronymus
3398 5082 3564 5145 habet
3593 5126 3609 5147 ,

373 5152 441 5204 ad
470 5159 611 5204 totas
637 5162 826 5220 gentes
872 5149 1125 5220 epistolas
1166 5149 1441 5214 miserint,
1490 5165 1557 5205 ne
1597 5150 1957 5220 susciperent.
2041 5167 2060 5201 ι
2098 5149 2263 5213 LXX,
2299 5163 2397 5219 pro
2425 5149 2650 5220 eoquod
2679 5166 2779 5205 uos
2807 5150 3040 5206 diximus
3085 5149 3487 5220 exspectantem,
3515 5170 3609 5208 ea:-

370 5218 676 5292 passionem
708 5218 927 5292 Christi,
955 5229 1009 5292 et
1034 5220 1277 5275 miserint
1308 5234 1477 5290 usque
1507 5220 1572 5275 ad
1602 5218 1931 5292 EthiOpiam
2038 5218 2377 5288 spectantem,
2403 5229 2458 5273 et
2485 5219 2538 5273 in
2573 5218 2838 5275 llebraico
2869 5223 3129 5292 scriptum
3152 5218 3256 5287 est,
3288 5233 3607 5292 sperantem,

369 5301 427 5361 et
479 5290 867 5361 occidentalem
937 5289 1184 5361 plagam,
1246 5288 1537 5361 totumque
1581 5288 1935 5361 orbem‘ejus
2042 5298 2377 5361 sperantem,
2425 5303 2456 5343 e
2501 5292 2776 5344 contrario
2835 5288 3168 5361 interpretati
3228 5288 3355 5347 sunt
3382 5291 3605 5347 ἀνέλπι-

369 5357 720 5429 blasphemiae
748 5357 1186 5415 dissem’ina'tione
1218 5357 1622 5429 compleverint.
1658 5378 1678 5410 ι
1715 5359 1777 5429 Et
1808 5373 1937 5429 sane

371 5429 516 5498 quod
555 5430 629 5483 ait
674 5428 1034 5501 Hieronymus
1074 5427 1362 5485 Eusebium
1414 5427 1785 5501 ἀλληγορικῶς
1819 5428 1934 5501 ple-

369 5499 904 5569 rumqnegdictorum
952 5513 1168 5553 sensum
1214 5499 1582 5569 interpretari,
1620 5499 1830 5569 cuique
1857 5500 1937 5554 le-

368 5569 518 5691 genti
549 5567 720 5637 palam
754 5569 897 5630 erit;
926 5569 1066 5636 quod
1092 5583 1223 5624 .vero
1252 5567 1406 5634 dicit,
1437 5584 1497 5625 se
1538 5584 1642 5624 non
1671 5567 1933 5624 ex’Euse-

411 5638 446 5691 ii
479 5636 716 5691 fontibus
743 5648 1033 5691 mutuasse.
1071 5638 1140 5691 de
1171 5648 1281 5691 toto
1312 5643 1701 5691 commentario
1731 5639 1933 5691 intelli-

411 5638 446 5693 ii
479 5636 716 5693 fontibus
743 5648 1033 5700 mutuasse,
1071 5638 1140 5693 de
1171 5648 1281 5692 toto
1312 5643 1701 5694 commentario
1731 5639 1933 5695 intelli-

407 5721 469 5761 as
493 5724 506 5760 :
539 5708 738 5762 etenim
768 5707 1024 5777 pleraque
1053 5707 1141 5762 ille
1182 5708 1357 5772 allert,
1382 5723 1500 5776 quae
1524 5709 1786 5764 Eusebius
1813 5709 1935 5762 nul-

390 5787 582 5833 atenus
623 5777 799 5840 attigit
839 5794 854 5837 ς
902 5779 997 5833 scd
1047 5786 1224 5832 tamen
1268 5779 1431 5833 multa
1480 5782 1544 5835 ex
1597 5778 1743 5835 hisce
1784 5794 1936 5836 com-

2046 5376 2188 5420 στον,
2223 5359 2274 5413 id
2304 5370 2406 5423 est,
2437 5374 2539 5412 non
2563 5372 2877 5424 sperantem.
2912 5359 2988 5416 Et
3006 5364 3073 5418 ob
3103 5364 3244 5418 hanc
3265 5376 3485 5417 causam
3513 5365 3606 5418 de-

2044 5430 2239 5501 derunt
2264 5429 2605 5485 occasionem
2635 5429 2884 5501 Eusebio,
2908 5442 2967 5485 ut
2992 5433 3093 5486 hoc
3121 5434 3188 5488 de
3209 5432 3458 5501 gentibus
3492 5449 3606 5486 ma-

2044 5499 2147 5569 gis,
2177 5513 2296 5567 qua:
2324 5513 2420 5552 nec
2443 5513 2591 5568 spem
2620 5500 2871 5561 habeant,
2920 5516 3020 5556 nec
3048 5499 3457 5557 Testamentum
3486 5501 3603 5565 Dei,

2021 5568 2145 5641 {nec
2175 5569 2487 5641 prophetas,
2512 5568 2938 5641 intelligendum
2977 5574 3280 5639 putaverit;
3325 5585 3488 5641 quam
3540 5575 3608 5625 de

2042 5636 2241 5711 Judzeis
2268 5654 2280 5690 :
2311 5639 2453 5705 quod
2476 5637 2543 5693 ab
2581 5636 2921 5711 ipsis—postea
2951 5636 3221 5702 Ecclesiae,
3251 5636 3456 5711 quem
3486 5657 3603 5711 spe~

2040 5708 2167 5778 cula
2186 5711 2475 5762 constituta
2500 5707 2612 5775 est,
2632 5707 2773 5766 dona
2804 5710 3062 5767 mittenda
3088 5712 3216 5778 siut,
3241 5707 3294 5765 et
3322 5707 3608 5766 oﬂ‘eremta:

2046 5777 2278 5834 victima:
2304 5779 2633 5847 spirituales.
2679 5820 2687 5849 ί
