4158 6402
1303 287 1334 322 ρ

564 385 676 443 223

1247 377 1513 435 EUSEBII
1551 377 2024 438 CESARIENSIS
2059 381 2212 443 OPP.
2253 382 2434 441 PARS
2470 381 2560 439 Ill.
2599 411 2671 423 -—
2703 377 3112 438 EXEGETICA.

3734 383 3843 440 216

571 512 765 574 gentes
796 501 1074 569 dispersos
1107 511 1124 551 :
1155 496 1208 551 in
1254 496 1450 566 quibus
1481 510 1613 553 vere
1641 498 1905 554 sublimes
1937 498 2155 570 quidam

2263 502 2358 554 καὶ
2390 500 2527 574 πρὸς
2558 501 2794 564 οἰκείους
2821 500 2979 564 τινὰς
3012 499 3107 554 καὶ
3138 499 3400 571 ἀδελφοὺς
3427 501 3842 567 ἀπεστέλλοντο,

569 604 752 663 erant,
778 596 830 650 in
863 593 1009 650 nulla
1054 592 1208 646 ﬁrma
1260 606 1319 646 re
1357 591 1748 654 consistentes,
1773 605 1837 645 ac
1867 597 2152 656 errantes,

572 688 664 755 qui
716 686 866 741 omni
916 683 1316 752 superstitionis
1373 692 1538 737 vento
1601 684 2150 738 circumferebantur.

571 779 737 832 Iidem
769 791 932 844 porro
961 791 1092 846 gens
1122 776 1305 844 gravis
1334 785 1515 838 erant,
1551 776 1652 846 pia:
1680 775 1964 846 religionis
1989 779 2156 830 verbo

574 867 759 920 inti-sli
793 875 846 921 et
874 867 1103 922 inimici.
1140 867 1249 921 llos
1303 875 1480 919 tamen
1514 875 1568 920 ut
1604 866 1803 920 adeam
1836 867 2012 920 nuntii
2061 879 2150 920 ve-

575 959 720 1014 loces
749 961 1014 1028 praeripit,
1048 975 1112 1014 ac
1141 959 1249 1014 illis
1277 960 1600 1029 praedicent,
1642 971 1693 1016 et
1743 974 1918 1030 usque
1951 961 2018 1015 ad
2057 975 2155 1015 ex-

572 1060 746 1104 trema
792 1059 954 1106 terrae
1031 1053 1354 1120 pervadant.
1404 1053 1767 1120 Quamobrem
1828 1052 2152 1122 subiungit,

578 1159 599 1192 ι
638 1139 774 1209 Quis
799 1141 942 1197 ultra
969 1141 1164 1197 illum?
1201 1161 1220 1195 ι
1250 1143 1365 1197 sive
1409 1144 1704 1198 secundum
1737 1141 2148 1214 Symmachum,

578 1255 598 1288 ι
633 1233 763 1290 Post
795 1251 960 1305 quem
993 1249 1101 1290 non
1131 1243 1216 1291 est
1242 1235 1408 1290 ultra.
1436 1255 1455 1288 ›
1479 1235 1602 1290 Herc
1636 1245 1820 1290 autem
1870 1249 2002 1307 gens
2058 1249 2153 1305 pe-

572 1331 789 1402 regrina
814 1339 870 1385 et
905 1329 1176 1393 sublimis,
1225 1329 1346 1384 sine
1381 1342 1478 1398 spe
1511 1328 1778 1400 degebat;
1815 1327 1887 1383 ita
1920 1336 1980 1382 ut
2009 1327 2156 1382 dicat

569 1423 886 1496 Apostolus,
927 1442 945 1476 t
971 1423 1201 1479 Eramus
1231 1422 1527 1493 aliquando
1554 1436 1707 1478 suem
1745 1436 1850 1477 non
1893 1421 2156 1478 habentes

569 1528 627 1572 et
657 1516 806 1572 atbei
848 1516 902 1571 in
936 1515 1136 1571 mundo
1158 1517 1224 1571 ⁸⁵.
1253 1533 1274 1568 ι

2261 591 2396 645 ἀλλά
2443 591 2580 662 πρός
2619 608 2771 655 τινας
2808 589 3254 661 ἀπεξενωμὲνους
3290 590 3600 659 ἀγνώστους
3641 593 3845 664 ἀνδρας

2264 683 2356 736 καὶ
2385 682 2714 751 ἀλλαγενεῐς,
2747 683 2873 746 τοὺς
2896 684 2953 735 ὲν
2977 683 3110 736 πᾶσι
3138 685 3251 746 τοῖς
3273 681 3449 736 ἔθνεσι
3468 700 3482 714 ο
3514 685 3571 737 ὲν
3595 678 3675 750 οἷς
3698 680 3843 756 ἦσαν

2267 777 2554 847 μετέωρος
2569 773 2806 846 ἀληθῶς,
2842 777 2934 828 ἐπὶ
2967 775 3133 847 μηδὲν
3162 775 3374 846 ὲδραίου
3418 777 3669 843 ἑστῶτες,
3697 779 3841 832 πλα-

2267 868 2495 939 νώμενοι
2537 869 2631 921 καὶ
2663 868 3082 941 περιφερόμενοι
3125 871 3288 922 παντὶ
3321 869 3506 940 ἀνέμῳ
3544 869 3648 939 τῆς
3675 869 3843 923 ⁴[τολυ-

2267 959 2390 1014 θέου
2431 961 2658 1032 πλάνης.
2703 963 2765 1014 Οἱ
2795 960 2840 1014 δ’
2875 961 3027 1013 αὐτοὶ
3067 961 3161 1014 καὶ
3209 960 3443 1031 χαλεπὸν
3489 960 3639 1026 ἔθνος
3675 957 3843 1034 ἦσαν,

2261 1052 2474 1124 ἐχθρῶς
2500 1053 2594 1107 καὶ
2626 1053 2899 1131 πολεμίως
2919 1053 3247 1125 διακείμενοι
3268 1054 3405 1123 πρὸς
3425 1053 3516 1107 τὸν
3535 1054 3636 1125 τῆς
3656 1054 3812 1110 θεοσε
3835 1084 3843 1095 -

2261 1144 2413 1208 ϐείας
2441 1144 2617 1212 λόγον.
2647 1144 2837 1214 Ὅμως
2866 1145 2911 1196 δ’
2937 1140 3030 1197 οὖν
3065 1131 3201 1216 πρὸς
3223 1144 3445 1208 τούτους
3471 1147 3844 1218 παρακελεύε-

2261 1253 2352 1290 ται
2393 1237 2611 1289 ἀπιέναι
2655 1236 2780 1298 τοὺς
2811 1235 3075 1304 ἀγγέλους
3115 1235 3351 1304 κούφους
3377 1237 3469 1288 καὶ
3495 1237 3706 1302 τούτοις
3737 1257 3843 1310 κη-

2265 1328 2497 1401 ρύττειν,
2536 1327 2831 1381 διαϐαίνειν
2859 1327 2915 1380 δὲ
2965 1327 3057 1380 καὶ
3095 1326 3187 1380 ἔτή
3231 1326 3300 1380 τά
3333 1326 3543 1398 πέρατα
3584 1329 3684 1400 τῆς
3711 1330 3842 1400 γῆς,

2263 1421 2355 1474 Διὸ
2378 1420 2642 1490 ἐπιλέγει,
2666 1441 2683 1471 ι
2707 1420 2803 1484 Τίς
2826 1419 2988 1474 αὐτοῦ
3011 1419 3299 1482 ὲπέκεινας
3325 1438 3342 1473 ι
3370 1421 3401 1492 ἢ
3426 1421 3566 1474 κατὰ
3587 1421 3676 1474 τὸν
3698 1422 3847 1494 Σύμ-

2269 1531 2461 1585 μαχον,
2503 1532 2520 1565 ι
2543 1512 2680 1567 Μεθ’
2708 1511 2768 1566 ὃν
2803 1511 2902 1566 οὐκ
2947 1511 3092 1565 ἐστιν
3125 1512 3398 1566 ἐπέκεινα.
3431 1533 3450 1566 ι
3487 1513 3656 1568 Τοῦτο
3691 1513 3748 1568 δὲ
3779 1515 3847 1569 τὺ

571 1611 984 1684 ἀπεξενωμένον
1028 1613 1122 1666 καὶ
1167 1613 1442 1684 μετέωρον
1489 1611 1664 1680 ἔθνος,
1737 1613 1831 1667 καὶ
1873 1611 2191 1667 ἀνέλπιστον
2227 1606 2322 1682 ἦν’
2387 1611 2464 1675 ὡς
2493 1610 2674 1680 λέγειν
2704 1609 2795 1663 τὸν
2835 1608 3156 1664 Ἀπόστολον
3178 1627 3192 1640 ο
3239 1628 3257 1661 ι
3290 1605 3474 1682 *Ημέν
3513 1629 3615 1664 που
3649 1610 3845 1667 ἐλπίδα

575 1705 652 1777 μὴ
684 1704 917 1776 ἔχοντες,
949 1704 1044 1758 καὶ
1077 1704 1224 1759 ἄθεοι
1256 1707 1315 1759 ἐν
1343 1706 1420 1778 τῷ
1449 1707 1658 1778 κόσμῳ.
1681 1727 1701 1759 ι

646 1801 813 1856 Vens.
849 1800 902 1854 5.
939 1819 956 1851 ι
1005 1798 1157 1856 Nunc
1190 1800 1410 1856 ﬂumina
1440 1810 1602 1858 terra:
1651 1803 1834 1858 omnia
1878 1814 2155 1874 tamquam

2337 1817 2354 1847 ι
2387 1797 2500 1852 Νῦν
2532 1799 2582 1850 oi
2614 1796 2846 1869 ποταμοὶ
2878 1796 2974 1868 τῆς
3005 1796 3109 1868 γῆς
3139 1796 3339 1860 πάντες
3369 1796 3444 1860 ὠς
3471 1795 3623 1868 χώρα
3653 1813 3844 1851 κατοι-

572 1895 723 1962 regio
754 1894 998 1948 habitata
1029 1912 1042 1948 :
1079 1893 1420 1950 habitabitur
1442 1895 1592 1966 regio
1621 1909 1830 1950 eorum.
1875 1915 1894 1950 ι
1931 1897 2157 1952 Videtur

571 1985 707 2039 mihi
731 1985 1100 2050 subindicare,
1145 1984 1459 2042 ﬂuminibus
1481 1985 1724 2057 quidem,
1757 1989 2155 2045 multitudinem

571 2079 818 2148 gentium
841 2093 961 2146 quae
985 2077 1150 2132 Deum
1175 2079 1472 2147 cognitum
1493 2088 1619 2133 Sunt
1645 2096 1661 2144 ;
1695 2081 2005 2150 regionibus
2031 2099 2158 2138 vero

571 2182 786 2234 earum,
831 2169 1093 2224 ecclesias
1147 2187 1161 2224 :
1216 2171 1672 2238 quemadmodum
1723 2172 1866 2226 enim
1911 2175 2158 2240 superius

572 2259 828 2318 luctibus
889 2261 1094 2340 maris,
1146 2260 1515 2332 ﬂuctibusque
1561 2264 1814 2328 turbatis,
1859 2264 2155 2320 iulldelium

569 2351 814 2423 gentium
839 2351 1027 2407 turbas
1047 2350 1417 2422 comparavit;
1453 2352 1531 2407 sic
1562 2360 1616 2406 et
1653 2367 1796 2408 nunc
1825 2351 2003 2408 ﬂuviis
2033 2353 2156 2408 dul-

571 2441 731 2500 cibus
765 2443 1087 2514 placideque
1118 2443 1491 2508 manantibus,
1519 2443 1722 2500 Christi
1755 2444 1979 2515 populos
2003 2445 2158 2500 simi-

568 2534 652 2592 les
708 2535 814 2601 ait;
875 2551 973 2606 per
1003 2537 1278 2606 regionem
1317 2546 1500 2590 autem
1561 2551 1774 2602 eorum,
1813 2537 2018 2593 iudicat
2053 2538 2159 2594 Ec-

569 2627 815 2686 clesiam.
843 2628 988 2686 Olim
1012 2644 1142 2701 ergo
1171 2629 1360 2685 isthaec
1386 2629 1608 2685 ﬂumina
1645 2629 1950 2686 inhabitata
1976 2642 2155 2698 erant,

570 2731 627 2778 et
649 2737 679 2778 a
705 2720 814 2778 Deo
849 2723 1028 2779 aliena
1053 2739 1069 2782 :
1099 2739 1162 2778 ac
1194 2725 1345 2795 regio
1367 2741 1556 2781 eorum
1578 2727 1667 2797 pia
1693 2727 1955 2798 religione
1986 2743 2156 2783 vacua

571 2822 628 2868 et
653 2816 868 2870 deserta
897 2813 1049 2883 :jam
1077 2829 1207 2869 vero
1239 2831 1339 2886 per
1370 2827 1638 2882 nostram,
1671 2819 1865 2888 inquit,
1899 2819 2159 2889 praedica-

570 2905 805 2970 tionem,
835 2914 1132 2959 memorata
1171 2903 1390 2959 ﬂumina
1421 2908 1651 2977 etregio
1671 2923 1882 2976 eorum,
1924 2910 1977 2964 in
2005 2909 2158 2965 habi-

572 3005 746 3051 tatam
779 3005 979 3053 terram
1011 3011 1164 3052 versa
1195 3007 1342 3054 sunt.
1384 2999 1440 3052 Id
1472 3013 1636 3068 porro
1685 3003 2001 3072 procurabit
2053 3003 2158 3059 illis

571 3086 779 3144 Christi
813 3089 1026 3160 signum
1057 3107 1072 3144 :
1103 3109 1121 3141 ι
1175 3087 1355 3146 Velutl
1407 3091 1619 3162 signum
1668 3107 1696 3148 a
1750 3103 1934 3151 monte
1976 3095 2156 3151 eleva-

573 3181 742 3237 bitur.
780 3197 800 3234 ι

655 3270 817 3327 Vens.
842 3272 896 3327 4.
931 3290 950 3324 ι
979 3272 1258 3342 Tanquam
1313 3274 1561 3331 buccinat
1583 3291 1684 3332 vox
1709 3278 1998 3334 audietur:
2033 3280 2159 3351 quia

574 3363 654 3420 sic
687 3364 826 3418 dixit
867 3364 1131 3421 Dominus
1177 3366 1310 3420 mihi
1340 3383 1355 3421 :
1386 3367 1665 3425 Securitas
1709 3371 1816 3425 erit
1849 3371 1900 3426 in
1933 3388 2050 3427 mea
2083 3374 2162 3428 ci-

571 3457 765 3510 Vitate.
798 3475 818 3510 ι
856 3455 1120 3514 Praedicta
1180 3460 1332 3530 regio
1378 3476 1497 3516 mea
1547 3461 1761 3517 Domini
1823 3464 2014 3519 civitas
2039 3477 2159 3520 est:

573 3557 746 3615 quare
781 3547 1052 3602 securitas
1087 3547 1139 3600 in
1174 3562 1238 3602 ea
1269 3549 1395 3612 erit,
1453 3558 1643 3620 utpote
1675 3553 2016 3606 custodiente
2051 3569 2156 3617 me,

574 3646 630 3694 et
657 3638 899 3706 undique
925 3637 1070 3692 illam
1101 3647 1344 3706 tutante;
1375 3639 1448 3694 ita
1485 3639 1685 3710 utjure
1709 3641 1775 3696 de
1804 3642 1892 3696 illa
1925 3643 2158 3710 dicatur,

578 3746 600 3782 ι
619 3728 870 3786 Gloriosa
892 3730 1034 3785 dicta
1057 3740 1185 3785 sunt
1216 3733 1284 3786 de
1308 3741 1380 3796 te,
1405 3732 1598 3788 civitas
1628 3733 1720 3786 Dei
1745 3734 1789 3764 ⁸⁸
1817 3752 1832 3800 ;
1860 3753 1878 3786 ι
1903 3745 1956 3788 et
1986 3753 2003 3784 ι
2029 3733 2161 3788 Flu-

573 3821 743 3877 minis
783 3822 1018 3892 impetus
1069 3821 1351 3879 laetiticant
1397 3825 1678 3880 civitatem
1713 3826 1826 3880 Dei.
1863 3825 2040 3882 Veluti
2069 3828 2160 3882 lux

574 3924 742 3968 aestus
779 3915 1090 3980 meridiani,
1120 3925 1177 3970 et
1210 3924 1273 3971 ut
1306 3918 1482 3974 nubes
1513 3919 1656 3972 roris
1687 3919 1790 3973 diei
1826 3919 2020 3975 messis
2052 3919 2153 3973 ⁸⁸.»

579 4003 660 4057 Ab
687 4002 994 4071 huiusmodi
1019 4004 1162 4069 luce,
1188 4021 1310 4076 qua:
1337 4008 1494 4075 quasi
1535 4018 1702 4064 :estus
1741 4009 2077 4065 meridianus
2100 4011 2154 4064 in

575 4093 800 4150 civitate
827 4107 946 4150 mea
982 4094 1295 4166 eﬂ‘unditur,
1339 4099 1492 4166 nihil,
1535 4101 1730 4170 inquit,
1784 4102 1990 4156 civitati
2028 4117 2160 4157 mea:

577 4185 766 4240 damni
795 4187 1054 4254 infertur,
1087 4204 1264 4260 neque
1289 4190 1442 4246 dolor
1473 4191 1542 4247 iis
1577 4193 1671 4263 qui
1705 4193 2013 4263 hujusmodi
2041 4193 2160 4248 luce

569 4277 1001 4348 perfunduntur.
1019 4279 1134 4337 Lux
1158 4284 1323 4352 igitur
1344 4283 1450 4348 illa,
1475 4296 1558 4340 est
1581 4285 1753 4356 ipsum
1779 4287 1870 4342 Dei
1899 4288 2156 4356 Verbum,

573 4373 719 4442 quod
742 4373 1042 4430 Ecclesiam
1070 4377 1189 4448 ejus
1216 4394 1430 4446 semper
1455 4380 1758 4449 illuminat;
1788 4383 1957 4438 nubes
1977 4393 2156 4438 autem

2261 1889 2531 1961 κουμένηο
2568 1887 3044 1960 κατοικισθήσεται
3090 1889 3122 1959 ἡ
3158 1885 3312 1958 χώρα
3355 1887 3552 1942 αὐτῶν.
3586 1907 3604 1938 ›
3661 1887 3847 1941 Αίνίτ-

2258 1981 2446 2035 τεσθαι
2499 1980 2555 2034 δὲ
2589 1980 2676 2034 διὰ
2722 1980 2928 2034 τούτων
2983 1997 3071 2050 μοι
3103 1979 3249 2033 δοκεῖ
3299 1981 3576 2050 ποταμοὺς
3629 1979 3728 2049 μὲν
3772 1980 3848 2034 τά

2259 2072 2438 2145 πλήθη
2465 2073 2570 2127 τῶν
2596 2073 2686 2125 τὸν
2717 2071 2848 2125 Θεὸν
2881 2071 3330 2142 ὲπιγνωσομένων
3359 2070 3501 2124 λαῶν
3521 2087 3534 2100 ·
3565 2068 3750 2142 χώρας
3782 2067 3847 2125 δὲ

2265 2163 2446 2218 αὐτῶν
2502 2164 2603 2228 τὰς
2653 2162 2972 2234 ἐκκλησίας·
3023 2161 3099 2226 ὡς
3180 2161 3289 2234 γὰρ
3331 2162 3585 2234 ἀνωτέρω
3633 2160 3847 2232 κύμασι

2260 2256 2559 2327 Θαλάσσης,
2590 2255 2684 2309 καὶ
2712 2255 2920 2326 κύμασι
2952 2255 3384 2325 τεταραγμένοις
3419 2254 3487 2309 τά
3517 2255 3693 2326 πλήθη
3733 2254 3846 2309 τῶν

2259 2351 2504 2404 ἀπίστων
2551 2347 2719 2402 ἐθνῶν
2760 2346 3086 2420 παρέϐαλεν,
3121 2347 3262 2401 οῦτω
3293 2347 3386 2401 νῦν
3421 2350 3683 2419 ποταμοῖς
3713 2349 3848 2416 γλυ-

2259 2441 2381 2496 κέσι
2424 2443 2516 2496 καὶ
2559 2440 2834 2506 εὐσταθῶς
2876 2440 3215 2512 κινουμένοις
3257 2443 3381 2505 τοὺς
3413 2439 3648 2513 Χριστοῦ
3675 2439 3848 2504 λαοὺς

2259 2539 2531 2608 ἀφομοιοῖ,
2583 2535 2767 2610 χώραν
2815 2536 2993 2591 αὐτῶν
3048 2535 3293 2608 δηλώσας
3333 2536 3432 2609 τὴν
3488 2535 3844 2608 Ἐκκλησίαν.

2260 2631 2434 2686 Πάλαι
2482 2631 2578 2702 μὲν
2623 2626 2714 2684 οῦν
2752 2626 2892 2702 ἦσαν
2924 2631 2973 2683 οί
3008 2629 3242 2701 ποταμοὶ
3271 2623 3415 2682 οῦτοι
3447 2627 3711 2698 ἀοίκητοι,
3748 2628 3848 2682 καὶ

2260 2723 2528 2796 ἀλλότριοι
2556 2721 2713 2788 Θεοῦ,
2737 2722 2772 2793 ἡ
2798 2738 2855 2775 τε
2884 2720 3038 2792 χώρα
3061 2720 3239 2775 αὐτῶν
3267 2719 3470 2794 ἔρημος
3497 2719 3810 2784 θεοσεϐείας
3827 2736 3846 2752 ο

2260 2817 2376 2870 νυνὶ
2418 2817 2476 2870 δὲ
2529 2815 2618 2869 διά
2675 2814 2770 2868 τοῦ
2815 2813 3105 2886 ἡμετέρου,
3158 2814 3318 2884 φησι,
3370 2811 3743 2884 κηρύγματος,
3792 2813 3848 2866 οἱ

2259 2910 2588 2984 δηὶωθέντες
2621 2908 2854 2979 ποταμοὶ
2887 2907 2981 2960 καὶ
3010 2908 3043 2978 η
3077 2903 3232 2978 χώρα
3265 2905 3441 2959 αὐτῶν
3480 2907 3559 2969 εἰς
3589 2904 3848 2976 οἰκουμέ-

2261 3023 2360 3077 νην
2387 3003 2522 3056 ὲστί.
2549 2999 2878 3073 Προξενήσει
2906 2999 2963 3052 δὲ
2996 2997 3153 3052 τοῦτο
3182 2998 3364 3062 αὐτοῖς
3385 2997 3446 3051 τὸ
3478 2996 3571 3052 τοῦ
3601 2996 3846 3071 Χριστοῦ

2264 3097 2514 3167 σημεῖονο
2554 3112 2572 3145 t
2607 3092 2753 3146 Ὥσεὶ
2782 3094 3007 3164 σημεῖον
3035 3091 3143 3144 ἀπὸ
3181 3090 3340 3164 ὅρους
3378 3088 3536 3162 ἀρθῇ.
3568 3109 3588 3142 ι

2338 3292 2356 3326 ι
2395 3274 2483 3335 Ὠς
2517 3272 2815 3340 σάλπιγγος
2868 3271 3020 3343 φωνὴ
3071 3271 3330 3326 ἀκουστὸν
3364 3270 3549 3324 ἔσται’
3585 3271 3719 3325 διότι
3751 3272 3851 3326 οῦο

2261 3383 2368 3430 τως
2407 3361 2526 3419 εἷπε
2572 3364 2776 3435 Κύριός
2821 3381 2941 3434 μοι’
2987 3363 3279 3433 ’Λσφάλεια
3323 3363 3474 3417 ἔσται
3514 3365 3572 3416 ἐν
3611 3366 3675 3434 τῇ
3732 3365 3848 3436 ἐμῇ

2261 3458 2433 3512 πόλει.
2460 3477 2477 3508 ι
2536 3459 2600 3510 Ἦ
2643 3457 2698 3510 δὲ
2745 3457 3100 3529 προλεχθεῖσα
3144 3456 3295 3529 χώρα
3348 3457 3453 3529 ἐμὴ
3502 3457 3592 3510 τοῦ
3636 3457 3849 3528 Κυρίου

2263 3550 2378 3604 ἐστὶ
2405 3550 2588 3613 πόλις·
2625 3549 2706 3602 διὸ
2737 3549 3005 3617 ἀσφάλεια
3039 3549 3190 3603 ἔσται
3222 3551 3279 3602 ὲν
3313 3550 3469 3620 αὐτῇ,
3500 3548 3575 3612 ὠς
3611 3548 3675 3602 ἀν
3706 3549 3846 3620 ἐμοῦ

2262 3641 2618 3710 φυλάττοντος
2656 3643 2747 3695 καὶ
2796 3641 3126 3712 πανταχόθεν
3163 3641 3331 3713 αὐτὴν
3373 3642 3806 3713 ἀσφαλιζομένου
3829 3658 3847 3674 ⁸

2262 3734 2402 3788 ὥστε
2434 3736 2657 3799 εἰκότως
2715 3734 2842 3806 περὶ
2889 3734 3058 3804 αὐτῆς
3101 3732 3385 3802 λέγεσθαι·
3425 3753 3443 3785 ε
3467 3733 3850 3806 Δεδοξασμὲνα

2262 3826 2494 3899 ἐλαλήθη
2533 3827 2659 3899 περὶ
2693 3824 2808 3892 σοῦ,
2845 3827 2878 3898 ἡ
2934 3825 3088 3889 πόλις
3134 3825 3228 3879 τοῦ
3276 3825 3432 3890 Θεοῦ,
3467 3846 3484 3877 ι
3521 3827 3643 3879 καὶο
3687 3845 3705 3877 t
3731 3826 3849 3880 Τοῦ

2263 3919 2508 3990 ποταμοῦ
2556 3919 2625 3973 τὰ
2669 3919 2970 3990 ὀρμήματα
3013 3919 3363 3990 εὐφραίνουσι
3400 3919 3501 3991 τὴν
3539 3918 3694 3972 πόλιν
3745 3919 3850 3975 τοῦ

2261 4010 2417 4064 Θεοῦ.
2452 4010 2540 4073 Ὠς
2570 4009 2684 4079 φῶς
2717 4008 2994 4080 καύματος
3024 4009 3388 4081 μεσημϐρίας,
3411 4009 3504 4062 καὶ
3535 4009 3611 4073 ὡς
3641 4009 3849 4083 νεφέλαι

2260 4102 2451 4176 δρόσου
2511 4103 2723 4176 ἡμέρας
2774 4101 3006 4173 ἀμητοῦ.
3035 4123 3052 4154 ι
3106 4101 3360 4155 Τοιούτου
3414 4102 3469 4156 δὲ
3521 4101 3698 4173 φωτὸς
3744 4103 3850 4157 καὶ

2261 4193 2449 4268 ὥσπερ
2482 4196 2761 4264 καύματος
2812 4193 3184 4265 μεσημϐρινοῦ
3215 4193 3507 4265 γενομένου
3541 4195 3599 4247 ἐν
3631 4196 3696 4265 τῇ
3732 4195 3848 4267 ἐμῇ

2262 4288 2434 4354 πόλει,
2483 4288 2582 4341 ούκ
2629 4287 2763 4351 ἔστι,
2810 4287 2965 4360 φησὶ,
3019 4286 3211 4359 βλάϐη,
3246 4286 3364 4339 οὐδὲ
3402 4286 3546 4357 λύπη
3592 4289 3700 4351 τοῖς
3737 4287 3848 4340 ὑπὸ

2259 4379 2486 4450 τοιούτῳ
2519 4378 2656 4448 φωτὶ
2691 4377 3207 4450 καταυγαζομένοις.
3257 4378 3375 4441 Φῶς
3412 4379 3508 4448 μὲν
3550 4373 3641 4431 οῦν
3681 4377 3846 4442 αύτός

574 4471 742 4533 ruris,
771 4469 1010 4541 Spiritus
1031 4481 1276 4539 sanctus,
1294 4473 1386 4542 qui
1410 4489 1718 4545 supremam
1744 4475 2006 4547 unigeniti
2033 4475 2155 4530 Filii

2262 4473 2410 4525 ἐστιν
2439 4475 2466 4525 ὁ
2492 4470 2584 4525 τοῦ
2615 4469 2748 4524 Θεοῦ
2781 4471 2970 4540 Λόγος,
2999 4473 3027 4524 ό
3055 4471 3150 4542 τὴν
3179 4470 3504 4542 Ἐκκλησίαν
3530 4469 3692 4523 αὐτοῦ
3721 4470 3845 4522 διαν

572 4558 668 4616 Dei
719 4561 1068 4634 theologiam,
1105 4564 1194 4631 iis,
1249 4567 1343 4636 qui
1375 4581 1496 4621 eam
1547 4582 1747 4638 capere
1801 4583 1907 4621 non
1934 4567 2156 4634 valent,

573 4653 902 4710 adumbrate
943 4656 1135 4723 tradit,
1171 4667 1232 4711 ut
1271 4668 1690 4729 attemperatum
1728 4660 2005 4729 quidpiam
2039 4659 2156 4714 eﬂi-

571 4746 769 4811 ciatur,
784 4743 950 4801 altam
971 4756 1026 4801 et
1048 4761 1317 4802 summam
1339 4750 1406 4804 de
1420 4749 1639 4804 Christo
1659 4749 1986 4819 theologiam
2013 4765 2158 4804 com-

575 4834 854 4905 plectens;
884 4837 1047 4908 idque
1071 4853 1139 4894 ex
1166 4853 1392 4895 accessu
1440 4841 1720 4906 cujusdam
1771 4841 1928 4895 nubis
1978 4841 2151 4897 sancti

577 4927 835 4996 Spiritus.
863 4929 990 4988 llaec
1027 4947 1192 5002 porro
1221 4942 1349 4987 ante
1380 4946 1610 4987 messem
1650 4930 1831 4985 futura
1865 4933 2153 5001 praedicit:

577 5019 682 5075 hac
726 5021 936 5077 ratione
975 5023 1182 5080 fructus
1213 5026 1266 5079 in
1300 5025 1543 5081 Ecclesia
1572 5024 1664 5078 Dei
1697 5023 2023 5094 pullulantes
2077 5026 2156 5078 si-

575 5113 870 5182 gniﬁcans,
903 5116 993 5184 qui
1032 5117 1208 5172 instar
1235 5119 1510 5188 spicarum
1535 5116 1925 5174 eillorescunt:
1962 5134 2066 5186 qua
2091 5118 2156 5170 de

573 5223 632 5262 re
661 5207 914 5278 superius
949 5208 993 5239 ⁸⁷
1029 5211 1143 5265 haec
1169 5211 1508 5277 declarabat,
1549 5233 1569 5265 ι
1607 5212 1675 5266 Ει
1704 5212 2034 5267 laetabuntur
2064 5226 2157 5266 co-

539 5279 690 5362 ’νοω
730 5308 802 5363 te,
829 5298 972 5353 sicut
1010 5300 1102 5369 qui
1140 5301 1392 5362 laetantur
1428 5303 1479 5357 in
1511 5317 1708 5359 messe.
1751 5321 1769 5353 ι
1804 5302 1870 5357 Et
1904 5300 2156 5356 Salvator

570 5387 825 5442 similiter
865 5403 990 5444 cum
1048 5390 1276 5455 diceret,
1312 5411 1332 5444 ι
1359 5391 1563 5449 Levate
1611 5394 1798 5450 oculos
1839 5402 2067 5456 vestros,
2099 5399 2154 5446 et

569 5480 751 5534 \idete
777 5495 960 5551 agros,
989 5484 1249 5552 quoniam
1311 5483 1417 5541 albi
1466 5496 1596 5542 sunt
1645 5489 1714 5543 ad
1766 5502 1997 5541 messem
2023 5484 2088 5541 ⁸⁸.
2127 5503 2146 5536 ι

568 5570 690 5628 Erit
717 5571 903 5641 itaque
951 5573 1044 5628 lux
1073 5573 1377 5632 divinitatis
1425 5577 1616 5644 Verbi,
1653 5579 1706 5634 in
1751 5581 1871 5649 ejus
1904 5577 2149 5642 civitate,

567 5677 677 5717 non
708 5671 1010 5735 temperata
1035 5666 1190 5736 quasi
1213 5665 1402 5739 vigens
1423 5677 1480 5723 et
1506 5669 1840 5738 meridiana;
1870 5670 1997 5742 quia
2022 5682 2152 5724 vero

2266 4562 2467 4627 παντὸς
2513 4563 2792 4633 φωτίζων·
2846 4562 3042 4633 νεφέλη
3079 4561 3135 4615 δὲ
3185 4563 3376 4634 δρόσου
3421 4561 3480 4615 τὸ
3524 4560 3745 4632 Πνεῦμα
3777 4563 3847 4616 τὸ

2267 4656 2441 4725 ἅγιον,
2478 4654 2539 4708 τὸ
2571 4654 2668 4726 τὴν
2711 4654 2886 4726 ἄκραν
2904 4654 3180 4723 θεολογίαν
3224 4653 3317 4707 τοῦ
3357 4653 3678 4724 μονογενοῦς
3707 4653 3847 4708 Υίοῦ

2255 4749 2349 4802 τοῦ
2380 4747 2515 4802 Θεοῦ
2542 4751 2651 4811 τοῖς
2677 4746 2750 4818 μὴ
2786 4747 2920 4811 οἵοις
2949 4766 3007 4800 τε
3045 4749 3217 4820 αὐτὴν
3262 4750 3457 4819 χωρεῖν
3501 4747 3846 4815 ὲπισκιάζον,

2256 4840 2331 4904 ὡς
2365 4839 2705 4912 κεκραμένον
2737 4839 3115 4894 ἀποτελεῖσθαί
3157 4858 3208 4893 τι
3243 4839 3376 4893 πολὺ
3409 4839 3502 4895 καὶ
3542 4841 3848 4913 ἀκρότατον

2252 4937 2350 5004 τῆς
2379 4933 2506 5006 περὶ
2533 4932 2769 5005 Χριστοῦ
2803 4932 3097 5002 θεολογίας,
3115 4932 3199 4987 διὰ
3229 4932 3326 5003 τὴν
3358 4931 3452 4986 τοῦ
3484 4933 3636 5002 ἁγίου
3669 4933 3847 4988 Πνεύση

2263 5041 2431 5095 ματος
2489 5024 2728 5097 ὡσπερεί
2761 5041 2905 5088 τινος
2929 5024 3154 5094 νεφέλης
3178 5024 3510 5095 ὑποδρομὴν.
3537 5025 3646 5077 Καὶ
3666 5023 3847 5080 ταῦτα

2257 5115 2478 5172 ἔσεσθαί
2521 5133 2653 5188 φησι
2689 5117 2796 5189 πρὸ
2829 5116 2920 5169 τοῦ
2967 5114 3263 5187 θερισμοῦ*
3301 5114 3488 5169 τοῦτον
3531 5114 3704 5187 δηλῶν
3745 5115 3850 5170 τὸν

2257 5211 2460 5280 τρόπον
2499 5210 2600 5272 τὰς
2632 5211 2689 5263 ὲν
2725 5213 2842 5272 ταῖς
2901 5209 3218 5279 ἐκκλησίαις
3255 5208 3347 5262 τοῦ
3384 5208 3519 5262 Θεοῦ
3561 5226 3850 5281 καρποφο-

2259 5301 2400 5372 ρίας,
2430 5301 2587 5371 δίκην
2621 5300 2866 5372 σταχύων
2897 5300 3192 5364 ἀνθούσας·
3227 5302 3356 5372 περὶ
3383 5295 3447 5355 οὗ
3470 5301 3561 5354 καὶ
3585 5300 3851 5370 ἀνωτέρω

2256 5393 2443 5463 ἐδήλου
2475 5392 2648 5462 λέγων
2667 5410 2682 5426 α
2707 5413 2724 5444 t
2760 5391 2864 5446 Καὶ
2894 5393 3354 5464 εὐφρανθήσονται
3374 5391 3600 5447 ἐνώπιόν
3632 5393 3851 5457 σου,ὦς

2253 5485 2304 5538 οἱ
2331 5484 2746 5556 εὐφραινόμενοι
2797 5487 2855 5538 ὲν
2903 5483 3119 5556 ἀμητῷ.
3153 5504 3174 5538 ι
3225 5485 3337 5540 Καὶ
3367 5487 3396 5540 ό
3425 5485 3616 5558 Σωτὴρ
3639 5485 3852 5556 ὁμοίως

2251 5574 2320 5630 δι’
2343 5569 2419 5629 ὧν
2446 5575 2631 5644 ἔλεγεν
2655 5593 2668 5606 ·
2703 5596 2722 5627 ι
2761 5576 3033 5648 Ἑπάρατε
3055 5579 3182 5641 τοὺς
3209 5576 3523 5648 ὀφθαλμοὺς
3551 5577 3726 5649 ὑμῶν,
3747 5578 3853 5633 καὶ

2255 5665 2393 5719 ἴδετε
2442 5666 2540 5730 τὰς
2574 5665 2779 5738 χώρας,
2824 5667 2905 5721 ὅτι
2945 5666 3132 5721 λευκαί
3187 5669 3293 5720 είσι
3341 5666 3478 5738 πρὸς
3511 5668 3791 5742 θερισμόν.
3825 5678 3928 5736 »ἐκ

638 5842 686 5876 ⁸⁵
704 5841 903 5916 Ephes.
933 5861 994 5917 ll,
1026 5847 1144 5925 12..
1185 5848 1229 5882 ⁸⁸
1261 5847 1402 5908 Psal.
1435 5865 1657 5918 tuxvt,
1679 5849 1731 5907 '5.
1811 5852 1855 5890 ἰβ
1885 5850 2024 5907 Psal.
2064 5867 2155 5906 xm

2260 5890 2264 5906 .
2339 5851 2382 5884 ⁸⁷
2414 5849 2546 5919 Cap.
2575 5865 2650 5920 ιι,
2675 5865 2815 5909 vers.
2839 5851 2895 5907 '5.
2965 5851 3010 5886 ”
3049 5848 3202 5907 .loan.
3235 5867 3304 5917 ιν,
3359 5852 3448 5908 35.
