4158 6402
415 277 524 335 2ίῖ

1363 285 1869 345 communem
1907 286 1973 341 tu
2015 276 2270 344 tsatau‘.
2309 323 2372 334 -
2411 289 2565 346 car.
2607 287 2798 348 xvut.

3557 295 3662 355 218

421 397 613 449 Ἔσται
665 395 844 450 τοίνυν
875 397 933 451 τὸ
969 399 1066 469 μὲν
1096 417 1208 469 φως
1256 403 1356 473 τῆς
1397 401 1650 473 θεότητος
1695 403 1790 456 τοῦ
1821 404 1970 472 Λόγοι

2096 404 2165 458 ab
2190 405 2498 459 hominibus
2531 406 2649 475 capi
2680 403 2891 475 nequit,
2932 404 3278 461 interced‘ens
3304 407 3478 462 media
3513 423 3664 478 quat-

414 490 651 559 ἄκρατον
682 488 870 562 ὥσπερ
914 493 1147 562 ἀκμαῖον
1181 497 1274 548 καὶ
1310 482 1675 569 μεσημϐρινὸν
1704 499 1762 550 ἐν
1799 500 1864 568 τῇ
1895 498 1989 549 αύ-

413 579 508 631 τοῦ
537 579 718 633 πόλει·
752 579 838 633 διὰ
865 582 922 634 δὲ
952 583 1014 636 τὸ
1045 585 1119 655 μὴ
1151 587 1462 660 χωρηθῆναι
1490 589 1620 642 αὐτὸ
1648 588 1753 641 ὑπὸ
1779 588 1988 660 ἀνθρὼ-

414 687 552 736 πων,
586 669 726 742 μέση
754 671 1036 728 διελθοῦσα
1064 676 1098 746 ή
1127 676 1318 750 νεφέλη
1345 679 1439 732 τοῦ
1471 679 1627 748 ἁγίου
1649 679 1986 749 Πνεύματος,

415 763 606 834 δρόσου
654 762 922 833 ἔμπλεως,
969 766 1275 823 ἐπισκιάσει
1324 770 1422 842 τὴν
1462 770 1630 842 αὐτὴν
1678 770 1853 828 πόλιν,
1879 769 1986 834 ἵνα,

415 854 493 918 ὡς
520 856 578 908 ἐν
605 855 840 928 ἡμέραις
865 858 1234 928 ἀμητοῦ,ταῖς
1267 862 1371 934 πρὸ
1393 862 1486 916 τοῦ
1522 863 1802 935 θερισμοῦ,
1825 859 1989 914 καὶτὸ

418 944 534 1014 φῶς
569 946 823 1020 ἐκλάμπη
858 950 950 1002 καὶ
976 953 1009 1022 ή
1044 953 1237 1022 νεφέλη
1268 955 1557 1026 ἐπισκιάζῃ
1585 957 1773 1027 αὐτήν.

493 1054 512 1088 ι
546 1037 738 1091 Ἔσται
774 1041 879 1110 πρὸ
908 1041 1000 1094 τοῦ
1043 1042 1325 1115 θερισμοῦ,
1355 1045 1482 1099 ὅταν
1529 1046 1851 1118 συντελεσθῇ
1894 1046 1988 1101 ἀν-

419 1125 530 1188 θος,
569 1128 663 1181 καὶ
705 1128 886 1199 δμφαξ
933 1131 1202 1207 ἐξανθήσῃ
1248 1135 1406 1200 ἄνθος
1448 1138 1855 1208 ὀμφακίζουσαο
1892 1138 1987 1191 καὶ

417 1219 606 1286 ἀφελεῖ
631 1220 701 1274 τά
730 1221 983 1293 βοτρύδια
1006 1225 1076 1278 τὰ
1111 1228 1283 1299 μικρά
1305 1232 1417 1294 τοῖς
1437 1230 1743 1301 δρεπάνοις,
1775 1232 1868 1283 καὶ
1887 1231 1987 1294 τάς

419 1310 754 1382 κληματίδας
783 1315 988 1383 ἀφελεῖ,
1022 1318 1116 1371 καὶ
1152 1320 1696 1393 ἀποκόψειηὬσπερ
1720 1320 1847 1391 γὰρ,
1881 1337 1985 1392 φη-

418 1404 522 1466 σὶν,
553 1406 612 1458 ἐν
639 1408 758 1469 ταῖς
788 1408 1069 1478 ἀμπέλοις,
1102 1412 1318 1466 ἐπειδάν
1366 1413 1614 1482 ὄμφακες
1649 1409 1779 1466 ὦσιν
1819 1412 1988 1484 οί-βό-

413 1511 593 1565 τρυες,
647 1497 872 1561 ἐπιστάς
909 1501 938 1553 ό
968 1502 1209 1572 γεωργὸς
1251 1502 1320 1556 τά
1349 1505 1577 1575 περιττά
1602 1505 1694 1557 καὶ
1738 1505 1984 1576 ἄχρηστα

410 1585 518 1637 τῶν
558 1585 850 1656 κλημάτων
881 1589 1159 1654 ἐκκόπτει,
1186 1593 1247 1645 οὐ
1279 1593 1456 1662 μόνον,
1483 1593 1618 1646 ἀλλά
1645 1594 1738 1647 καὶ
1760 1594 1826 1648 τὰ
1858 1594 1982 1646 ἁτε-

411 1670 644 1744 λεσφόρα
670 1676 761 1728 καὶ
789 1675 1030 1746 ὡσπερεὶ
1059 1684 1374 1750 νεκριμαία·
1407 1681 1501 1734 καὶ
1539 1681 1710 1734 ταῦτα
1739 1682 1868 1753 γὰρ,
1907 1681 1984 1745 ὡς

2089 496 2212 549 dum
2257 497 2425 551 nubes
2452 496 2688 564 Spiritus
2720 495 2919 560 sancti,
2939 495 3096 566 plena
3129 497 3293 561 roris,
3315 499 3559 555 eamdem
3585 503 3667 556 ci-

2090 590 2309 642 vitatem
2357 588 2709 653 inumbrabit,
2767 602 2844 654 ut,
2891 590 3342 659 quemadmodum
3389 591 3441 645 iu
3472 591 3665 648 diebus

2091 679 2306 740 messis,
2332 693 2451 748 qua:
2487 680 2656 748 ipsam
2697 693 2924 734 messem
2987 689 3363 748 praevertunt,
3393 691 3450 736 et
3483 681 3662 739 lumen

2091 771 2391 841 splendeat,
2413 781 2470 826 et
2501 771 2671 825 nubes
2702 771 2970 826 inumbret
3003 769 3166 827 illam.

2161 1039 2326 1098 Vens.
2356 1040 2413 1104 5,
2444 1039 2497 1095 6.
2531 1057 2550 1091 ι
2583 1038 2702 1094 Erit
2728 1048 2854 1094 ante
2881 1053 3137 1106 messem,
3164 1053 3285 1093 cum
3317 1035 3479 1092 fuerit
3523 1049 3658 1090 con-

2089 1141 2393 1186 summatus
2421 1129 2542 1196 llos,
2569 1139 2624 1186 et
2654 1145 2757 1184 uva
2791 1146 2895 1185 non
2928 1139 3140 1184 matura
3187 1129 3440 1183 eduxerit
3469 1127 3655 1182 ﬂorem

2088 1224 2401 1294 germinans
2429 1241 2443 1277 :
2477 1233 2534 1278 et
2568 1221 2779 1278 auferet
2819 1222 3124 1278 racemulos
3167 1235 3362 1290 parvos
3393 1219 3617 1274 falcibus
3639 1257 3655 1282 ,

2085 1325 2144 1371 et
2170 1325 2446 1372 sarmenta
2481 1315 2634 1370 tollet
2695 1325 2751 1370 et
2793 1314 3092 1369 abscindet.
3128 1331 3147 1364 ι
3193 1311 3656 1380 Quemadmodum

2085 1409 2254 1472 enim,
2297 1408 2493 1478 inquit,
2521 1408 2572 1460 in
2601 1407 2793 1470 vineis,
2827 1407 2951 1460 dum
2989 1421 3105 1461 uvae
3132 1405 3434 1459 immatura:
3484 1413 3655 1466 sunt,

2087 1501 2384 1554 adventans
2417 1498 2651 1568 agricola
2685 1497 2897 1552 inutiles
2921 1498 3172 1566 palmites
3197 1496 3440 1560 excidit,
3478 1510 3655 1563 neque

2087 1591 2140 1646 id
2164 1599 2394 1656 tantum,
2412 1590 2505 1644 sed
2523 1589 2688 1642 etiam
2715 1587 3050 1642 infructuosa
3077 1601 3302 1656 qua-que
3327 1595 3383 1638 et
3411 1600 3657 1638 arescen-

2089 1685 2162 1738 tia
2192 1691 2400 1738 resecat
2427 1700 2442 1736 :
2491 1681 2691 1736 etenim
2728 1680 2815 1735 illa
2847 1693 3062 1750 quoque
3093 1721 3109 1746 ,
3151 1688 3338 1745 utpote
3371 1690 3490 1746 qua:
3519 1673 3652 1730 nihil

407 1768 508 1820 οὐκ
537 1766 602 1820 ἂν
630 1768 845 1833 ἀλκαῖα,
871 1770 987 1823 οὐδὲ
1017 1771 1227 1844 ἀγαθὴν
1257 1773 1445 1842 ἔχοντα
1467 1773 1657 1828 ἐλπίδα
1682 1773 1818 1845 πρὸς
1845 1790 1970 1844 καρ-

2086 1773 2286 1842 vigoris
2317 1773 2550 1828 habeant
2570 1812 2586 1837 ,
2628 1787 2802 1841 neque
2828 1772 2991 1826 ullam
3019 1772 3086 1824 ad
3122 1769 3333 1824 fructus
3357 1766 3650 1839 perfectio-

409 1856 510 1909 ποῦ
557 1858 852 1924 τελείωσιν,
908 1866 1182 1933 περιαιρεῖ
1230 1865 1505 1936 ἐπιστήμῃ
1540 1868 1841 1936 γεωργικῇ,
1891 1867 1978 1918 ἵνα

411 1949 483 2020 μὴ
523 1950 846 2023 λυμαίνηται
877 1956 985 2017 τοῖς
1018 1955 1352 2026 ἐρρωμένοις
1379 1956 1598 2029 βότρυσι
1641 1956 1710 2010 τὰ
1749 1957 1978 2028 περιττά

405 2041 499 2094 καὶ
526 2041 802 2114 ἀχρηστα·
841 2045 975 2102 διότι
1011 2045 1185 2101 ταῦτα
1220 2047 1318 2118 μὲν
1344 2050 1566 2118 ἀφαιρεῖ
1609 2047 1702 2100 καὶ
1746 2048 1976 2119 παραδί-

401 2131 566 2203 δωσιν
611 2136 690 2198 εἰς
731 2135 932 2208 βρῶσιν
975 2156 995 2189 ι
1019 2141 1128 2201 τοῖς
1170 2140 1432 2201 πετεινοῖς
1484 2136 1576 2190 τοῦ
1619 2139 1849 2210 ούρανοῦ
1884 2139 1977 2192 καὶ⁹

404 2225 518 2285 τοῖς
545 2223 752 2296 θηρίοις
777 2226 877 2296 τῆς
905 2225 1029 2297 γῆς,
1061 2246 1080 2278 t
1116 2229 1184 2281 τὰ
1215 2228 1271 2282 δὲ
1299 2228 1390 2283 τὸν
1419 2230 1608 2300 ἐντελῆ
1641 2229 1976 2293 διασώζοντα

405 2314 616 2386 καρπὸν
645 2315 731 2368 διὰ
758 2317 938 2387 πάσης
967 2318 1281 2388 ἐπιμελείας
1327 2320 1580 2389 φυλάττει
1601 2337 1614 2350 ·
1663 2319 1804 2373 οὕτω
1836 2321 1974 2376 κατὰ

403 2405 496 2458 τὸν
543 2406 731 2476 καιρὸν
769 2407 860 2460 τοῦ
901 2408 1161 2480 θερισμοῦ
1187 2411 1510 2480 γενήσεσθαί
1544 2429 1696 2482 φησι,
1738 2412 1846 2467 τῶν
1875 2413 1974 2483 τῆς

400 2495 649 2567 ἀμπέλου
672 2500 937 2571 περιττῶν
958 2500 1273 2572 κλημάτων,
1291 2501 1504 2554 καὶτῶν
1526 2504 1812 2574 ἀχρήστων
1832 2504 1971 2575 αὐτῇ

400 2587 640 2660 βοτρύων
682 2593 1172 2664 περιαιρουμένων,
1225 2596 1318 2648 καὶ
1370 2596 1846 2666 ἀποκοπτομένων,
1894 2599 1974 2661 είς

399 2681 564 2754 βοράν
605 2700 664 2736 τε
710 2683 1064 2756 ἐκδιδομένων
1102 2688 1222 2751 ταῖς
1269 2691 1616 2751 κολαστικαῖς
1646 2687 1969 2758 δυνάμεσιν,

394 2776 446 2829 οί
495 2775 688 2844 ἀγαθοὶ
735 2776 973 2849 βότρυες,
1006 2781 1060 2833 αἱ
1101 2780 1436 2852 καρποφόροι
1469 2780 1656 2851 ψυχαὶ,
1691 2781 1790 2851 τῆς
1821 2781 1972 2852 παρά

395 2867 529 2919 Θεοῦ
556 2867 832 2934 τεύξονται
870 2869 1085 2939 ἀγαθῆς
1115 2870 1348 2936 ἐλπίδος.
1395 2873 1481 2926 Ἐν
1511 2873 1722 2937 τούτοις
1751 2875 1911 2938 αὐτὸς
1941 2877 1970 2928 ὁ

397 2957 584 3030 Σωτὴρ
613 2960 802 3014 ἑαυτὸν
831 2957 968 3015 εἶναι
989 2963 1088 3034 τὴν
1114 2963 1356 3035 ἄμπελον
1384 2963 1582 3036 ἔφησεν
1600 2983 1613 2995 ·
1632 2969 1761 3029 τοὺς
1785 2966 1841 3020 δὲ
1869 2985 1971 3038 μα-

396 3048 564 3120 θητάς
601 3053 668 3106 τὰ
709 3053 990 3125 κλήματα·
1025 3054 1248 3127 βότρυες
1279 3056 1335 3109 δέ
1376 3057 1484 3110 τῶν
1514 3058 1808 3130 κλημάτων
1837 3060 1969 3112 ἀκό-

398 3140 584 3197 λοδθόν
613 3145 724 3197 ἐστι
745 3150 904 3208 νοεῖν,
921 3149 1044 3210 τοὺς
1073 3147 1177 3200 ὑπὸ
1199 3148 1307 3200 τῶν
1328 3149 1639 3202 ἀποστόλων
1665 3150 1968 3222 μαθητευθ-

399 3241 592 3306 μένους
611 3252 624 3264 ·
648 3228 721 3289 ὧν
745 3236 814 3290 τὰ
835 3236 981 3290 ῶσπε
990 3255 1021 3309 ρ
1042 3241 1334 3309 νεκριμαῖα
1361 3238 1612 3310 βοτρύὸια
1634 3240 1702 3294 τὰ
1724 3241 1970 3314 ἀχρηστα

396 3326 491 3378 καὶ
519 3326 755 3398 ζωτικῆς
785 3329 1066 3400 δυνάμεως
1099 3331 1457 3403 ἐστερημένα,
1478 3332 1618 3385 κατά
1657 3333 1749 3386 τὸν
1780 3335 1970 3406 καιρὸν

397 3416 490 3486 τῆς
522 3419 755 3490 κρίσεως
793 3421 1263 3494 ἀποδληθήσεσθαι
1305 3423 1548 3477 διδάσκει
1567 3440 1580 3454 ·
1618 3425 1712 3477 καὶ
1741 3426 1808 3479 τά
1836 3427 1969 3498 κλή-

391 3525 537 3579 ματα
564 3511 620 3564 δὲ
648 3512 928 3577 ὡσαύτως,
959 3513 1028 3566 τά
1068 3514 1270 3586 μηδένα
1319 3516 1512 3586 βότρυν
1558 3516 1812 3588 φέροντα,
1856 3512 1966 3582 οἷος

389 3597 453 3672 ἦν
474 3602 504 3653 ό
529 3603 794 3674 προδότης
832 3604 1050 3668 Ἰούδας,
1077 3604 1279 3676 ὁμοίως
1307 3609 1419 3671 τοῖς
1446 3607 1746 3679 ἀχρήστοις
1776 3607 1967 3684 βότρυ-

2081 1881 2203 1921 nem
2239 1880 2390 1934 spem
2417 1865 2747 1934 relinquant,
2771 1879 2835 1918 es
2863 1863 3421 1934 agriculturte'peritia
3450 1862 3516 1917 de
3545 1877 3652 1918 me-

2080 1959 2168 2012 dio
2199 1957 2360 2022 tollit,
2424 1971 2493 2011 ne
2533 1957 2806 2026 superﬂua
2845 1966 2900 2009 et
2949 1955 3156 2009 inutilia
3188 1955 3492 2024 vigentibus
3528 1953 3651 2010 uvis

2077 2057 2353 2104 noceant:
2417 2049 2774 2118 quamobrem
2843 2046 2931 2102 illa
2967 2047 3192 2116 quidem
3241 2044 3442 2111 aufert,
3491 2054 3546 2099 et
3591 2045 3646 2100 iu

2078 2157 2257 2198 escam
2301 2160 2320 2194 ι
2342 2141 2658 2197 volatilibus
2679 2140 2800 2196 εωιί
2837 2151 2892 2195 et
2941 2140 3132 2195 bestiis
3165 2150 3322 2194 terra:
3353 2157 3373 2190 ι
3411 2136 3646 2208 abiicit;

2075 2247 2198 2302 quas
2226 2247 2356 2286 vero
2383 2233 2684 2300 perlectum
2727 2231 2959 2285 fructum
3001 2239 3224 2284 servant
3260 2227 3600 2297 retinentque
3625 2262 3644 2291 .

2077 2337 2284 2379 stunma
2329 2322 2689 2378 sollicitudine
2717 2321 2845 2376 colit
2870 2332 2924 2374 et
2959 2332 3172 2385 tuetur;
3206 2320 3286 2374 sic
3319 2320 3372 2372 in
3399 2326 3646 2388 tempore

2076 2414 2274 2471 messis
2305 2411 2544 2468 futurum
2579 2427 2699 2468 esse
2727 2413 2823 2478 ait,
2849 2413 3044 2467 ablatis
3093 2411 3292 2481 quippe
3321 2424 3646 2477 supervaca-

2077 2508 2198 2564 neis
2226 2508 2397 2563 vineae
2423 2505 2758 2576 palmitibus,
2805 2505 3140 2574 suecisisque
3171 2504 3448 2559 inutilibus
3475 2504 3595 2559 uvis
3623 2541 3642 2567 .

2074 2606 2240 2668 atque
2269 2598 2324 2653 in
2351 2611 2531 2654 escam
2558 2597 2830 2652 ultricium
2862 2605 3183 2667 potestatum
3213 2596 3461 2660 traditis;
3490 2594 3646 2650 bona:

2075 2703 2210 2754 uvae,
2240 2690 2353 2744 slve
2365 2690 2564 2744 anima:
2583 2688 2898 2751 fructiferae,
2927 2688 3121 2744 bonam
3152 2701 3299 2757 spent
3321 2702 3351 2740 a
3384 2688 3490 2742 Deo
3507 2701 3645 2741 con-

2073 2789 2388 2848 sequentur.
2415 2780 2471 2834 In
2504 2781 2586 2836 Itis
2601 2795 2765 2850 porro
2791 2780 2907 2850 ipse
2935 2780 3190 2834 Servatur
3206 2793 3264 2834 se
3281 2780 3492 2833 vineam
3520 2791 3643 2833 esse

2074 2873 2244 2939 dixit;
2272 2873 2563 2942 diecipulos
2592 2888 2724 2929 vero
2771 2886 2922 2935 suos.
2961 2872 3241 2940 palmites;
3297 2887 3430 2926 uvas
3463 2880 3642 2924 autem

2072 2965 2352 3034 palmitum
2385 2981 2723 3035 consequens
2755 2975 2916 3021 estut
2949 2964 3306 3035 intelligamus
3359 2977 3480 3018 esse
3507 2976 3601 3016 eos
3626 2999 3643 3025 ,

2073 3058 2165 3128 qui
2202 3059 2270 3112 ab
2297 3059 2555 3129 apostolis
2580 3058 2808 3112 instituti
2845 3057 3098 3112 luerunt:
3133 3071 3361 3126 quorum
3391 3055 3512 3110 illos
3544 3068 3644 3108 ceu

2076 3150 2375 3204 racemulos
2401 3150 2615 3204 inutiles
2644 3165 2710 3205 ac
2753 3150 2900 3204 vitali
2921 3151 3119 3203 virtute
3137 3151 3392 3218 privatos,
3424 3147 3476 3200 in
3508 3155 3646 3200 tem-

2075 3257 2205 3312 pore
2248 3242 2436 3310 judicii
2486 3241 2821 3310 abjiciendos
2877 3256 2997 3295 esse
3047 3243 3235 3304 docet;
3287 3238 3644 3306 similiterque

2072 3336 2321 3405 palmites
2343 3335 2544 3390 nullam
2573 3349 2730 3389 uvam
2765 3333 3020 3398 ferentes,
3049 3331 3225 3402 qualis
3255 3340 3375 3383 erat
3397 3329 3644 3398 proditor

2069 3425 2256 3493 ludas,
2285 3429 2504 3495 perinde
2531 3436 2691 3497 atque
2715 3426 2932 3480 inutiles
2952 3439 3106 3488 uvas,
3132 3437 3162 3475 a
3186 3421 3493 3476 volatilibus
3517 3418 3643 3474 (ξαιΙί

2070 3529 2123 3572 et
2154 3510 2342 3575 bestiis
2369 3529 2548 3582 terrae,
2605 3517 2855 3574 videlicet
2899 3514 3230 3571 adversariis
3267 3523 3324 3567 et
3359 3511 3643 3567 ultricibus

2069 3612 2380 3676 virtutibus,
2411 3613 2652 3666 excisum
2689 3611 2776 3673 iri,

389 3711 497 3762 σιν,
535 3693 983 3766 ἀποκοπήσεσθαι
1011 3699 1124 3760 τοῖς
1165 3701 1430 3762 πετεινοῖς
1477 3697 1573 3752 τοῦ
1597 3700 1824 3773 οὐρανοῦ
1874 3702 1968 3756 καὶ
2003 3703 2116 3766 τοῖς
2149 3703 2358 3776 θηρίοις
2418 3705 2516 3775 τῆς
2557 3704 2680 3775 γῆς,
2714 3702 3084 3773 ἀντικείμεναι
3116 3699 3430 3754 κολαστικαὶ
3485 3696 3641 3770 δηλο-

387 3788 500 3842 νότι
531 3787 810 3858 δυνάμεις.

459 3901 481 3935 ι
523 3883 610 3936 Ἐν
633 3883 712 3954 τῷ
743 3883 918 3956 καιρῷ
942 3883 1134 3955 ἐκείνῳ
1156 3885 1574 3958 ἀνενεχθήσεται
1597 3888 1746 3962 δῶρα
1774 3891 1963 3964 Κυρίῳ

385 3974 614 4030 Σαϐαὼθ
662 3977 727 4029 ἐκ
767 3975 896 4028 λαοῦ
950 3975 1306 4046 τεθλιμμὲνου
1350 3978 1445 4031 καὶ
1487 3978 1822 4050 τετιλμένου,
1869 3983 1963 4035 καὶ

387 4066 494 4121 ἀπὸ
522 4065 654 4121 λαοῦ
688 4067 948 4138 μεγάλου,
1001 4068 1109 4121 ἀπὸ
1152 4065 1246 4121 τοῦ
1290 4068 1385 4123 νῦν
1411 4070 1506 4124 καὶ
1534 4073 1614 4136 εἰς
1659 4073 1749 4125 τὸν
1793 4074 1964 4128 αἰῶνα

388 4157 630 4230 χρόνον.»
656 4159 757 4229 Εῐη
783 4158 827 4211 δ’
859 4158 926 4214 ἂν
951 4154 1104 4223 οὗτος
1132 4162 1163 4214 ὁ
1192 4161 1292 4230 τὴν
1328 4163 1518 4233 στενὴν
1551 4163 1645 4215 καὶ
1671 4163 1964 4234 τεθλιμμέ-

386 4265 484 4320 την
512 4250 710 4304 ὁδεύων
742 4251 844 4322 τὴν
882 4252 1203 4321 ἀπάγουσαν
1238 4255 1318 4316 είς
1367 4253 1465 4325 τὴν
1506 4253 1650 4325 ζωήν
1674 4271 1687 4284 ·
1737 4257 1766 4308 ὁ
1802 4255 1963 4320 αὐτὸς

2143 3889 2306 3945 Vsus.
2327 3887 2379 3941 7.
2408 3905 2428 3940 ι
2471 3885 2527 3940 ln
2551 3893 2793 3954 tempore
2815 3882 2910 3939 illo
2927 3881 3228 3937 aﬂ’erentur
3250 3881 3387 3936 dona
3409 3877 3641 3939 Domino

2069 3979 2332 4045 Sabaoth,
2369 3992 2399 4032 a
2426 3975 2623 4048 populo
2653 3975 2894 4030 contrito
2926 3981 2980 4028 et
3014 3972 3241 4036 divulso,
3283 3981 3336 4026 et
3385 3986 3417 4026 a
3445 3972 3642 4042 popqu

2069 4085 2288 4143 magno,
2308 4069 2376 4125 ab
2408 4070 2510 4124 hoc
2536 4077 2779 4136 tempore
2805 4080 2975 4136 usque
3005 4065 3056 4118 in
3078 4072 3420 4133 perpetuum.
3451 4081 3470 4114 ι
3499 4061 3640 4118 Fue-

2067 4166 2136 4220 rit
2158 4173 2337 4218 autem
2367 4163 2457 4217 hic
2480 4160 2702 4232 populus
2732 4160 2779 4214 is
2805 4159 2898 4228 qui
2919 4159 2971 4211 iu
2995 4167 3224 4226 angusta
3257 4163 3313 4210 et
3341 4165 3492 4210 arcta
3525 4155 3636 4220 via,

2065 4269 2188 4322 quas
2205 4252 2358 4308 ducit
2387 4252 2455 4306 ad
2481 4251 2668 4313 vitam,
2691 4249 2935 4320 graditur
2959 4264 2974 4301 :
3006 4247 3227 4316 ipseque
3259 4245 3502 4299 divulsus
3531 4253 3635 4312 est,

389 4343 483 4394 καὶ
532 4341 907 4412 ἐκτετιλμένος
953 4344 1206 4416 ὑπάρχει,
1270 4345 1346 4409 ὼς
1398 4346 1464 4400 ἂν
1511 4347 1612 4414 τῆς
1643 4347 1827 4418 κοινῆς
1857 4347 1964 4402 τῶν

2073 4355 2251 4414 utpote
2278 4345 2367 4413 qui
2395 4361 2425 4397 a
2459 4341 2739 4398 communi
2777 4339 3057 4394 hominum
3117 4337 3224 4390 vita
3281 4338 3489 4393 alienus
3523 4337 3634 4402 sit,

387 4433 686 4505 ἀνθρώπων
733 4432 881 4505 ζωῆς
909 4436 1360 4508 ὴλλοτριωμένος,
1395 4441 1491 4493 καὶ
1527 4439 1701 4510 μέγας
1740 4440 1796 4494 δέ
1845 4441 1959 4494 ἐστι

386 4526 538 4596 παρά
575 4525 651 4597 τῷ
693 4526 812 4597 Θεῷ
860 4529 954 4581 καὶ
995 4529 1194 4593 πολύςο
1225 4529 1306 4583 διδ
1343 4531 1607 4596 λέλεκται,
1648 4551 1666 4582 ι
1693 4533 1800 4586 ἀπὸ
1827 4531 1957 4586 λαοῦ

389 4617 649 4688 μεγάλου.
672 4636 692 4670 ›
729 4619 839 4671 Καὶ
867 4617 975 4690 γάρ
1011 4619 1068 4673 ἐν
1114 4619 1194 4691 τῷ
1229 4622 1454 4693 παρόντι
1489 4623 1608 4694 βίῳ,
1657 4625 1750 4677 καὶ
1786 4626 1842 4678 ἐν
1881 4624 1959 4696 τῷ

387 4709 630 4782 μέλλοντι
656 4710 712 4763 δὲ
738 4711 893 4764 αἰῶνι
921 4711 991 4764 τά
1018 4711 1209 4783 λογικά
1263 4713 1411 4785 δῶρα
1449 4715 1542 4768 καὶ
1582 4714 1681 4779 τάς
1723 4716 1957 4786 ἀναιμά-

383 4817 548 4865 κτους
601 4801 680 4873 τῷ
718 4803 838 4874 Θεῷ
876 4803 1065 4868 θυσίας
1110 4805 1450 4877 ἀναπέμπων
1473 4807 1532 4860 οὑ
1557 4807 1900 4878 διαλιμπάνει
1927 4809 1957 4860 ό

381 4893 640 4966 δηλωθεὶς
665 4893 810 4959 λαός.

457 5005 477 5038 ι
512 4985 704 5052 Ἐθνος
749 4987 967 5052 ἐλπίζον
1014 4989 1108 5043 καὶ
1157 4993 1706 5064 καταπεπατημένον,
1752 4995 1780 5047 ὅ
1809 4994 1956 5050 ἐστιν

380 5080 439 5134 ἐν
469 5079 625 5151 μέρει
653 5079 897 5152 ποταμοῦ
945 5081 1048 5152 τῆς
1085 5081 1268 5154 χώρας
1305 5083 1472 5137 αὑτοῦ
1520 5086 1602 5148 είς
1639 5085 1730 5138 τὸν
1769 5087 1953 5152 τόπον,

377 5162 439 5224 οὗ
467 5170 530 5224 τὸ
571 5171 739 5243 ὄνομα
782 5173 988 5245 Κυρίου
1036 5173 1279 5239 Σαϐαὼθ,
1334 5177 1415 5239 εἰς
1456 5176 1581 5246 δρος
1622 5175 1793 5245 ἀγιον,
1824 5196 1842 5228 ι
1883 5177 1957 5231 Τὸ

375 5260 487 5333 γάρ
513 5261 663 5328 ἔθνος
701 5263 861 5317 τοῦτο
900 5265 958 5317 ἐν
1007 5265 1161 5337 μέρει
1211 5264 1456 5335 ποταμοῦ
1497 5267 1593 5337 τῆς
1635 5267 1817 5338 χώρας
1854 5267 1948 5320 τοῦ

375 5349 511 5404 Θεοῦ
542 5351 856 5424 ἐτύγχανεν,
891 5353 980 5407 ὅτε
1023 5354 1081 5408 ἐν
1114 5358 1181 5425 τῇ
1225 5355 1518 5426 Ἐκκλησία
1547 5356 1639 5410 τοῦ
1667 5357 1802 5411 Θεοῦ
1825 5359 1954 5412 ἐπο-

376 5441 614 5496 λιτεύετο
632 5461 646 5475 ·
674 5444 751 5508 ὼς
781 5444 961 5513 λέγειν
983 5462 997 5477 ·
1043 5465 1062 5498 ι
1097 5448 1187 5501 Ἐν
1220 5447 1375 5519 μέρει
1405 5451 1744 5519 γινώσκομεν
1768 5452 1863 5504 καὶ
1892 5452 1952 5505 ἐν

382 5532 535 5606 μέρει
564 5536 998 5608 προφητεύομεν.
1027 5557 1045 5592 t
1081 5537 1216 5594 Οὔτε
1243 5539 1352 5608 γὰο
1379 5540 1470 5594 τὸν
1504 5541 1677 5596 πάντα
1708 5544 1950 5614 ποταμὸν

448 5713 492 5747 ³³
519 5713 536 5768 1
565 5713 686 5769 C-u'.
717 5730 836 5773 xm.
870 5713 921 5770 θ.

2067 4450 2297 4506 magnus
2329 4436 2457 4490 item
2508 4443 2562 4490 et
2593 4434 2793 4488 multus
2818 4441 2902 4486 est
2941 4429 3082 4498 apud
3107 4429 3285 4483 ,Deum
3315 4448 3326 4482 :
3357 4443 3524 4498 quare
3551 4427 3637 4481 di-

2065 4541 2209 4584 ctum
2238 4536 2340 4592 est,
2381 4544 2400 4578 ι
2448 4539 2477 4579 a
2507 4524 2701 4595 populo
2736 4537 2951 4592 magno.
2979 4539 2998 4574 ι
3034 4521 3104 4577 At
3131 4520 3274 4575 enim
3303 4520 3355 4574 in
3379 4519 3634 4589 praesenti

2063 4621 2170 4676 vita
2202 4629 2258 4674 et
2287 4621 2343 4675 in
2392 4619 2576 4673 futuro
2613 4617 2848 4681 saeculo,
2900 4614 3242 4670 rationabilia
3273 4613 3435 4680 dona,
3465 4622 3523 4667 et
3549 4612 3635 4666 in-

2063 4724 2319 4770 cruentas
2341 4713 2547 4768 bostias
2569 4711 2680 4766 Deo
2704 4711 2952 4765 emittere
2981 4721 3250 4779 nunquam
3309 4714 3490 4760 cessat
3513 4718 3633 4761 me-

2064 4815 2306 4860 moratus
2337 4805 2582 4875 pupulus.

2139 5008 2157 5040 ι
2186 4989 2338 5044 Gens
2365 4999 2591 5058 sperans
2623 4996 2677 5041 et
2709 4983 3052 5049 conculcata,
3093 4995 3215 5052 qua:
3241 4991 3327 5038 est
3374 4980 3426 5035 in
3475 4989 3636 5052 parte

2057 5081 2203 5137 ﬂuvii
2244 5082 2481 5152 regionis
2512 5079 2650 5149 ejus.
2685 5078 2737 5132 in
2775 5076 2895 5132 loco
2917 5075 3008 5131 ubi
3042 5089 3234 5130 nomen
3275 5073 3496 5128 Domini
3529 5071 3628 5127 Ss-

2057 5176 2242 5242 ltaoth,
2279 5177 2332 5230 in
2366 5183 2546 5229 monte
2599 5179 2810 5226 sancto.
2841 5189 2864 5224 ι
2893 5169 3018 5225 Haec
3046 5169 3188 5224 enim
3229 5183 3360 5238 gens
3391 5167 3443 5220 in
3473 5174 3632 5236 parte

2058 5267 2205 5322 ﬂuvii
2233 5267 2475 5338 regionis
2502 5264 2596 5320 Dei
2620 5273 2761 5331 erat,
2781 5264 2998 5334 quando
3034 5263 3084 5317 in
3116 5259 3354 5316 Ecclesia
3392 5258 3485 5313 Dei
3512 5271 3628 5314 ver-

2061 5361 2317 5424 sabatur;
2351 5359 2425 5412 ita
2458 5368 2518 5412 ut
2549 5359 2717 5423 dicat,
2761 5375 2780 5411 ι
2815 5355 2874 5412 In
2899 5364 3056 5427 parte
3094 5351 3474 5422 cognoscimus
3492 5347 3625 5403 etin

2057 5461 2210 5520 parte
2233 5451 2619 5521 prephetamus
2654 5451 2723 5504 ⁸⁹.
2755 5471 2774 5504 ι
2806 5449 2988 5518 Neque
3007 5447 3150 5504 enim
3181 5455 3352 5500 totum
3377 5440 3618 5504 ﬂuvium,

2058 5543 2269 5601 scilicet
2294 5541 2526 5600 Verbum
2555 5542 2672 5611 Dei,
2718 5541 2965 5612 capiebat
3019 5537 3108 5594 illa
3138 5536 3325 5608 regio:
3360 5544 3530 5608 quare
3561 5529 3622 5588 ia
