4158 6402
552 295 658 352 219

1231 293 1497 350 EUSEBII
1535 292 2005 349 CAESARIENSIS
2040 291 2192 348 OPP.
2233 289 2409 346 PARS
2446 290 2538 346 Ill.
2576 322 2645 332 —-
2682 289 3094 346 EXEGETICA.

3688 293 3802 346 εει)

552 423 708 485 parte
736 409 883 468 lluvii
931 410 1168 483 regionis
1203 409 1296 466 Dei
1346 409 1511 465 fuisse
1549 410 1749 466 dicitur
1795 422 2111 467 memoratus

2227 408 2442 478 ἐχώρει,
2478 409 2620 477 λέγω
2667 409 2723 460 δὲ
2757 408 2848 462 τὸν
2891 408 2984 462 τοῦ
3013 405 3149 460 Θεοῦ
3190 406 3381 475 Λόγον,
3423 409 3456 478 ἡ
3499 407 3803 479 δηλωθεῖσα

551 506 806 578 populus.

1135 683 1364 739 CAPUT
1399 684 1540 740 XIX.

627 778 789 833 Vens.
819 776 872 829 i.
901 793 920 826 ι
943 773 1092 828 Visio
1126 773 1366 844 Egypti.
1402 774 1544 829 Ecce
1568 776 1824 832 Dominus
1860 777 2010 831 sedet
2036 793 2123 830 sn-

550 883 650 938 per
676 867 868 922 uubem
907 865 1102 929 levem,
1125 875 1179 919 et
1202 866 1380 919 veniet
1412 867 1462 918 in
1495 865 1808 936 Egyptum.
1844 887 1861 920 ι
1900 870 2122 922 Attcnte

553 959 1011 1016 considerandum
1047 968 1152 1022 est,
1189 975 1298 1029 quo
1327 971 1484 1024 pacto
1507 961 1755 1025 dicatur,
1789 981 1806 1013 ι
1839 960 1991 1016 Visio
2024 961 2122 1016 ,Ε-

550 1048 719 1120 ΚΥΡῑῙ·
753 1067 773 1100 ν
821 1047 934 1101 Non
965 1048 1112 1102 enim
1142 1050 1590 1118 quemadmodum
1628 1053 1694 1105 de
1723 1051 1995 1124 Babylone
2037 1055 2119 1107 di-

549 1142 796 1206 cebatur,
834 1161 852 1192 ι
894 1139 1045 1196 Visio
1085 1151 1274 1195 contra
1313 1141 1678 1211 Babylonem;
1720 1164 1739 1197 ι
1777 1161 1950 1214 neque
1980 1147 2119 1201 sicut

549 1233 616 1288 de
650 1231 833 1287 Iudaea
880 1242 932 1288 et
976 1231 1294 1300 Jerusalem,
1349 1251 1365 1286 ι
1410 1236 1558 1290 Visio
1590 1252 1748 1305 quam
1794 1237 1924 1293 vidit
1953 1237 2116 1294 Isaias

547 1325 692 1380 ﬁlius
712 1327 908 1388 Amos;
964 1341 1124 1394 quam
1158 1326 1292 1380 vidit
1321 1337 1509 1381 contra
1547 1327 1785 1383 Judzeam
1817 1340 1872 1385 et
1894 1328 2115 1384 Jerusa-

548 1417 686 1480 lem;
716 1438 734 1468 ι
775 1433 950 1486 neque
1000 1427 1058 1472 ut
1108 1419 1174 1473 de
1201 1419 1461 1475 Damasco
1494 1422 1641 1476 etde
1677 1421 1994 1490 Moabitide;
2021 1439 2115 1478 eo-

548 1508 670 1562 dem
697 1508 856 1562 modo
901 1510 966 1563 de
999 1508 1271 1581 Egypto:
1309 1527 1416 1566 non
1467 1513 1613 1567 enim
1646 1513 1864 1576 dicitur,
1905 1533 1922 1566 ι
1967 1516 2116 1570 Visio

549 1611 743 1657 contra
776 1600 1107 1672 Egyptum;
1152 1620 1172 1656 ι
1203 1605 1294 1658 sed
1329 1605 1481 1674 quasi
1518 1605 1784 1676 Egyptus
1817 1608 1996 1662 visura
2017 1650 2031 1674 ,
2061 1620 2116 1665 et

546 1692 721 1747 oculis
755 1695 1095 1748 discernendi
1133 1695 1182 1748 vi
1237 1697 1480 1765 praeditis
1528 1700 1954 1768 contemplatura
1999 1712 2114 1756 erat

2229 498 2378 570 χώρα
2399 518 2412 529 ·
2443 499 2524 553 διὸ
2547 502 2603 552 ὲν
2629 500 2782 569 μέρει
2807 499 2900 553 τοῦ
2926 498 3171 569 ποταμοῦ
3199 501 3296 570 τῆς
3327 498 3509 572 χώρας
3539 502 3634 555 τοῦ
3659 502 3798 556 Θεοῦ

2229 590 2447 659 λέγεται
2473 591 2749 660 γεγονέναι
2777 592 2836 644 τὸ
2857 592 3094 661 δηλωθὲν
3121 590 3287 653 ἕθνοςι

2738 683 3129 736 ΚΕΦΑΛΑΙΟΝ
3169 683 3247 735 18’
3253 723 3268 737 .

2299 795 2316 826 ι
2346 775 2574 845 ’Ὀρασις
2626 774 2921 843 Αἰγύπτου.
2984 775 3113 828 Ἰδοὺ
3173 774 3374 844 Κύριος
3421 775 3656 846 κάθηται
3701 778 3797 830 ἐπὶ

2220 867 2448 937 νεφέλης
2485 867 2712 938 κούφης,
2754 868 2848 920 καὶ
2875 866 2993 937 ἥξει
3026 869 3104 930 εἰς
3146 866 3435 935 Αἴγυπτον.
3463 887 3482 919 ι
3519 869 3796 938 Προσήκει

2219 959 2275 1012 δὲ
2303 959 2392 1011 τὸν
2426 959 2548 1013 νοῦν
2585 960 2876 1028 ἐπιστῆσαι
2921 960 3069 1022 ὅπως
3105 961 3316 1028 εἴρηται
3341 978 3353 990 ·
3401 979 3419 1010 ι
3447 961 3674 1030 ὐρασις
3699 962 3797 1012 Αί-

2219 1050 2446 1119 γύπτου.
2473 1070 2490 1103 ι
2528 1051 2601 1104 Ού
2648 1050 2756 1120 γὰρ
2797 1051 2870 1113 ὼς
2918 1052 3008 1103 ἐπὶ
3049 1049 3148 1120 τῆς
3187 1048 3502 1112 Βαϐυλῶνος
3528 1049 3749 1118 ἐλέγετο
3777 1067 3791 1080 ·

2226 1163 2244 1194 ι
2278 1144 2504 1214 Ὅρασις
2537 1143 2678 1196 κατὰ
2723 1141 3069 1204 Βαϐυλῶνος·
3104 1140 3210 1193 οὐδ’
3250 1139 3326 1203 ὡς
3374 1140 3466 1192 ἐπὶ
3513 1140 3609 1210 τῆς
3669 1142 3795 1193 Ἰου-

2219 1234 2372 1299 δαίας
2394 1235 2486 1288 καὶ
2507 1235 2605 1305 τῆς
2628 1233 2997 1305 Ἰερουσαλὴμ,
3020 1253 3037 1284 ι
3067 1234 3296 1304 Ὄρασις
3316 1235 3381 1305 ἢν
3401 1229 3535 1287 εἶδεν
3563 1235 3794 1297 Ἡσαΐας

2219 1324 2336 1387 υίὸς
2375 1323 2573 1395 Ἀμώς,
2600 1326 2665 1394 ἢν
2696 1319 2804 1376 εἶδε
2835 1323 2974 1376 κατὰ
3015 1323 3112 1393 τῆς
3153 1324 3409 1386 Ἰουδαίας
3446 1324 3541 1375 καὶ
3589 1324 3790 1394 Ἰερου-

2220 1416 2430 1487 σαλήμ·
2455 1436 2472 1466 ι
2510 1415 2616 1467 οὐδ’
2648 1413 2722 1477 ώς
2748 1413 2839 1467 ἐπὶ
2863 1415 2962 1484 τῆς
2999 1413 3288 1483 Δαμασκοῦ
3323 1414 3538 1484 καὶτῆς
3568 1411 3794 1466 Μωαϐι-

2215 1508 2378 1572 τιδος,
2425 1507 2597 1570 οὕτως
2641 1507 2731 1560 ἐπὶ
2784 1506 2882 1575 τῆς
2923 1505 3229 1574 Αἰγύπτου·
3277 1507 3339 1559 ού
3385 1506 3492 1576 γὰρ
3543 1508 3790 1578 εἴρηται,

2223 1618 2239 1649 ι
2269 1601 2497 1670 Ὂρασις
2539 1597 2679 1650 κατὰ
2698 1596 2795 1668 τῆς
2814 1595 3088 1664 Αἰγύπτου
3105 1613 3116 1626 '
3143 1615 3162 1647 ›
3189 1596 3305 1667 ἦτοι
3325 1595 3400 1659 ὡς
3425 1597 3590 1666 αὐτῆ,
3631 1596 3796 1665 Αίγύ-

2219 1709 2351 1744 πτου
2371 1689 2667 1762 μελλούσης
2693 1690 2846 1761 όρᾷν,
2873 1689 2966 1742 καὶ
2988 1688 3208 1759 θεωρεῖν
3244 1688 3538 1759 ὀφθαλμοῖς
3559 1690 3794 1760 διορατι-

546 1799 612 1840 ea
637 1800 752 1853 qua:
781 1787 833 1839 in
865 1786 1115 1840 vaticinio
1146 1787 1390 1842 feruntur
1417 1807 1428 1843 :
1461 1789 1541 1844 vel
1570 1792 1694 1861 quia
1740 1793 2002 1862 propheta
2033 1795 2111 1848 vi-

2222 1783 2336 1845 κοῖς
2363 1782 2429 1835 τὰ
2456 1779 2845 1850 θεσπιζόμενα·
2882 1779 2914 1850 ἢ
2943 1779 3018 1843 ὡς
3045 1778 3137 1833 τοῦ
3168 1781 3448 1850 προφήτου
3475 1783 3573 1851 τὴν
3599 1782 3794 1851 ὅρασιν

550 1879 760 1932 sionem
819 1879 1383 1952 babueratIEgyptiis
1434 1885 1806 1954 pulcherrima
1865 1904 2118 1956 prteuun-

548 1971 768 2025 tiantes.
801 1972 935 2036 Quid
965 1972 1106 2025 enim
1137 1972 1434 2041 pulchrius,
1464 1976 1590 2044 quid
1620 1977 1830 2033 beatius
1851 1978 2119 2051 ASgyptiis

548 2071 868 2115 eventurum
897 2071 1037 2125 erat,
1062 2078 1225 2132 quam
1245 2065 1386 2132 quod
1421 2066 1674 2120 Dominus
1703 2073 1988 2136 praesentia
2020 2087 2114 2126 sua

547 2152 701 2221 ipsos
753 2152 1092 2222 dignatnrus,
1131 2162 1184 2206 et
1237 2154 1479 2207 notitiam
1518 2157 1599 2210 sui
1658 2158 1788 2227 ipsis
1823 2160 2116 2215 collaturus

544 2252 714 2310 esset,
741 2243 1089 2314 facturosque
1131 2247 1235 2300 alia
1265 2249 1445 2303 omnia
1469 2263 1588 2318 qua:
1625 2250 1676 2303 in
1730 2249 2114 2324 Egyptiorum

543 2333 743 2389 bonum
780 2345 1054 2390 verterent
1078 2337 1100 2390 ?

620 2445 640 2480 ι
675 2427 740 2481 Et
775 2429 1131 2484 movebuntur
1170 2431 1474 2486 manufacta
1515 2432 1731 2502 .‘Egypti
1761 2449 1788 2487 a
1820 2435 1953 2490 facie
1977 2438 2111 2502 ejus,

539 2527 597 2573 et
623 2533 715 2572 cor
749 2533 934 2573 eorum
967 2521 1312 2590 superabitur
1345 2524 1396 2576 in
1426 2523 1577 2593 ipsis.
1605 2543 1623 2576 ι
1659 2524 1810 2592 Quod
1838 2542 1969 2581 sane
1993 2531 2115 2597 quis

539 2611 834 2666 secundum
868 2613 1112 2668 historiae
1143 2613 1428 2670 veritatem
1467 2625 1595 2670 tunc
1615 2618 1939 2687 completum
1967 2622 2116 2676 dixe-

541 2704 634 2769 rit,
667 2696 787 2758 cum
821 2704 939 2772 ipse
969 2706 1250 2770 Dominus,
1273 2707 1364 2775 qui
1395 2707 1446 2760 in
1485 2707 1751 2776 principio
1777 2710 1917 2777 apud
1949 2711 2111 2765 Deum

542 2801 687 2856 erat,
725 2794 866 2848 Deus
899 2792 1162 2858 Verbum,
1201 2811 1308 2850 non
1345 2796 1670 2865 incorporeo
1711 2811 1886 2866 neque
1926 2798 2117 2854 invisi-

539 2885 635 2939 bili
669 2886 826 2940 modo
861 2886 914 2940 in
953 2885 1330 2956 Egyptiorum
1378 2889 1601 2957 regione
1644 2890 2110 2959 peregrinabatur,

541 2974 638 3028 sed
670 2974 722 3027 in
749 2976 889 3030 nube
914 2976 1000 3028 illa
1023 2976 1147 3040 levi,
1179 2986 1236 3030 ιιι
1261 2978 1624 3042 existimatur,
1655 2981 1850 3034 sedens
1871 2980 2110 3046 advenit,

539 3064 751 3119 scilicet
775 3065 826 3118 in
853 3071 1101 3133 corpore,
1147 3066 1288 3135 quod
1317 3064 1569 3121 Christus
1623 3080 2012 3138 assumpserat,
2045 3085 2110 3124 ex

541 3156 752 3224 Spiritu
793 3166 981 3211 sancto
1033 3166 1087 3210 et
1141 3173 1208 3211 ex
1241 3168 1427 3212 sancta
1487 3159 1705 3229 Virgine
1733 3163 2107 3216 constitutum.

541 3245 679 3300 Nam
714 3246 760 3300 si
797 3260 904 3300 non
933 3247 1193 3316 scriptum
1220 3258 1366 3301 esset
1401 3248 1574 3316 ipsum
1615 3249 1740 3302 nubi
1787 3250 2108 3304 insidentem

537 3345 830 3390 venturum
851 3351 990 3400 esse,
1029 3347 1205 3407 posset
1226 3337 1496 3406 quispiam
1548 3336 1752 3402 dicere,
1787 3338 1950 3392 Deum
1981 3337 2112 3392 Ver-

536 3429 665 3484 bum
696 3429 1108 3498 iucorporaliter
1135 3440 1190 3484 et
1218 3428 1397 3483 divina
1426 3429 1626 3484 virtute
1648 3430 1847 3499 ubique
1877 3444 2109 3498 prasen-

536 3529 670 3586 tem,
720 3530 904 3591 utpote
939 3524 1026 3590 qui
1055 3521 1232 3576 omnia
1278 3518 1514 3588 impleat,
1558 3535 1683 3573 nam
1731 3538 1750 3570 ι
1798 3519 1854 3573 ln
1915 3519 2111 3574 mundo

534 3623 675 3680 erat,
707 3622 762 3668 et
801 3615 1030 3668 mundus
1065 3602 1362 3683 per'ipsum
1399 3611 1572 3666 factus
1598 3622 1674 3667 est
1710 3612 1778 3676 ὀ,
1811 3630 1830 3663 ι
1866 3611 2109 3666 eamdem

537 3707 593 3762 in
648 3705 878 3777 Egypto
930 3706 1273 3774 prmsentiam
1337 3705 1627 3772 exhibere,
1675 3703 2107 3773 quandoquidem

537 3795 924 3866 inspectionem
964 3806 1019 3850 et
1064 3797 1454 3866 providentiam
1511 3796 1577 3850 ad
1631 3797 1750 3850 illos
1802 3809 1970 3864 usque
2015 3809 2111 3850 ex-

536 3887 730 3942 tendit.
751 3886 948 3943 Verum
972 3887 1061 3942 illo
1087 3887 1241 3943 modo
1267 3903 1372 3942 non
1397 3889 1566 3958 magis
1587 3889 1638 3942 in
1663 3886 1918 3958 Egypto,
1946 3902 2108 3956 quam

538 3977 595 4032 in
635 3978 742 4032 alia
777 3979 1014 4048 qualibet
1046 3979 1229 4033 mundi
1271 3989 1423 4048 parte
1446 3995 1567 4034 esse
1597 3982 1832 4034 dicatur.
1869 3978 1940 4032 At
1968 3993 2111 4034 nunc

539 4069 858 4138 specialiter
881 4079 936 4125 et
965 4071 1218 4126 distincte
1252 4071 1474 4137 dicitur,
1513 4073 1686 4142 ipsum
1718 4073 1845 4127 nubi
1883 4072 1984 4127 levi
2020 4073 2107 4126 iu-

539 4161 811 4219 sidentem
847 4172 1134 4218 venturum
1164 4165 1217 4218 in
1237 4165 1531 4236 Egyptum
1554 4180 1695 4230 esse,
1728 4180 1834 4234 quo
1855 4165 2110 4235 proprius

538 4253 761 4325 quidam
783 4265 837 4311 et
860 4271 1154 4327 corporeus
1182 4258 1298 4327 ejus
1317 4257 1580 4312 adventus
1621 4257 1982 4326 signiﬁcatur.
2011 4256 2108 4310 Cui

538 4344 738 4401 dixerit
764 4346 1035 4416 quispiam
1070 4348 1122 4401 in
1156 4348 1342 4404 eadem
1383 4347 1768 4418 explanatione
1828 4347 2106 4412 insistens,

2218 1873 2544 1944 τεθεαμένου
2568 1873 2665 1942 τὴν
2687 1871 2756 1924 τὰ
2788 1871 3048 1924 κάλλιστα
3074 1874 3188 1934 τοῖς
3213 1872 3525 1939 Αἰγυπτίοις
3547 1891 3793 1942 προανα-

2219 1967 2562 2037 φωνήσασαν.
2582 1963 2645 2018 Τί
2666 1964 2772 2035 γὰρ
2795 1963 3029 2026 κάλλιον,
3043 1963 3163 2016 τίδὲ
3188 1963 3598 2035 μακαριώτερον
3616 1965 3793 2035 ὑπάρ-

2219 2076 2329 2129 χειν
2357 2058 2586 2128 ἤμελλεν
2634 2058 2950 2127 Αἰγυπτίοις
2990 2055 3083 2108 τοῦ
3125 2055 3217 2107 τὸν
3258 2054 3459 2125 Κύριον
3489 2057 3588 2125 τῆς
3623 2056 3791 2109 αὑτοῦ

2219 2149 2518 2220 παρουσίας
2563 2147 2846 2212 καταξιοῦν
2881 2148 3096 2210 αὐτοὺς,
3142 2148 3235 2200 καὶ
3269 2145 3362 2215 τὴν
3395 2144 3558 2198 αὐτοῦ
3589 2146 3792 2214 γνῶσιν

2217 2244 2398 2306 αὐτοῖς
2434 2241 2712 2313 παρέξειν,
2754 2242 2846 2294 καὶ
2897 2241 3140 2311 ποιήσειν
3169 2240 3269 2292 ὃσα
3316 2237 3450 2293 ἄλλα
3492 2239 3792 2310 ἐμφέρεται

2215 2338 2326 2397 τοῖς
2351 2334 2700 2401 Αἰγυπτίοις;

2292 2445 2309 2477 ι
2340 2426 2448 2478 Καὶ
2501 2424 2840 2495 σεισθήσεται
2871 2422 2940 2476 τὰ
2990 2421 3339 2493 χειροποίητα
3371 2419 3643 2488 Αἰγύπτου
3680 2418 3792 2479 ἀπὸ

2217 2519 2506 2589 προσώπου
2538 2515 2725 2579 αὑτοῦ,
2768 2515 2861 2569 καὶ
2895 2516 2928 2586 ἡ
2975 2513 3169 2586 καρδία
3209 2513 3386 2566 αὐτῶν
3425 2512 3790 2584 ἡττηθήσεται

2215 2615 2273 2665 ὲν
2306 2612 2508 2672 αὐτοῖς.
2537 2629 2554 2659 ι
2595 2609 2658 2661 Ὃ
2685 2607 2749 2678 δὴ
2795 2605 3184 2677 πεπληρῶσθαι
3219 2605 3420 2658 εῐποιεν
3451 2605 3515 2658 ἄν
3539 2621 3621 2668 τις
3651 2603 3790 2674 πρὸς

2219 2700 2474 2773 ἱστορίαν,
2517 2700 2607 2751 ὅτε
2645 2696 2805 2773 αὐτὸς
2841 2699 2869 2750 ὁ
2909 2696 3132 2768 Κύριος,
3167 2696 3194 2748 ὁ
3227 2697 3283 2746 ὲν
3335 2695 3475 2766 ἀρχῇ
3530 2695 3663 2763 πρὸς
3696 2693 3792 2746 τὸν

2214 2771 2364 2859 Θεὸν,
2396 2794 2527 2856 Θεὸς
2553 2771 2723 2860 Λόγος
2747 2791 2846 2843 οὐκ
2871 2791 3174 2860 ἀσωμάτως
3203 2788 3323 2842 οὐδὲ
3341 2787 3558 2857 ἀφανῶς
3592 2787 3790 2858 ἐπεδη-

2218 2904 2304 2957 μει
2331 2889 2396 2957 τῇ
2426 2885 2535 2938 τῶν
2563 2883 2871 2952 Αἰγυπτίων
2900 2880 3072 2954 χώρᾳ,
3110 2879 3246 2934 ἀλλὰ
3278 2879 3414 2950 μετὰ
3441 2879 3537 2948 τῆς
3569 2876 3791 2947 νομιζο-

2217 2977 2383 3050 μένης
2417 2977 2624 3048 κούφης
2657 2975 2884 3046 νεφέλης
2933 2973 3240 3045 καθήμενον
3278 2971 3437 3025 αὐτὸν
3471 2969 3788 3040 ἀφικέσθαι,

2213 3066 2306 3120 τοῦ
2363 3066 2613 3137 σώματος
2661 3065 2880 3136 δηλαδὴ,
2915 3057 2976 3118 οῦ
3022 3063 3297 3133 ἀνειλήφει
3340 3065 3368 3115 6
3424 3061 3676 3132 Χριστὸς,
3728 3062 3792 3126 ἐξ

2216 3159 2369 3226 ἁγίου
2423 3158 2740 3228 Πνεύματος
2804 3155 2895 3207 καὶ
2958 3154 3055 3223 τῆς
3141 3152 3302 3221 ἁγίας
3357 3151 3628 3222 Παρθένου
3693 3152 3792 3203 ὲπ-

2213 3249 2632 3321 εσκευασμένον,
2666 3249 2727 3302 Εἰ
2759 3249 2856 3317 μὲν
2876 3247 2983 3317 γὰρ
3015 3246 3088 3318 μὴ
3130 3245 3447 3315 προσέκειτο
3477 3245 3536 3296 τὸ
3581 3244 3672 3296 ἐπὶ
3698 3261 3792 3297 νε·-

2213 3344 2379 3414 φέλην
2424 3341 2725 3412 καθήμενον
2753 3339 2913 3392 αὑτὸν
2941 3337 3255 3407 ἀφικέσθαι,
3285 3337 3403 3408 ἦτοι
3447 3335 3676 3406 ἠδύνατό
3704 3353 3792 3400 τις

2212 3431 2412 3500 λέγειν,
2460 3431 2540 3484 ὅτι
2588 3430 2891 3500 ἀσωμάτως
2937 3428 3029 3480 καί¹
3063 3427 3215 3496 θεῖκῇ
3247 3426 3473 3498 δυνάμει
3510 3425 3790 3494 πανταχοῦ

2213 3524 2402 3596 παρὼν
2453 3526 2482 3577 6
2523 3523 2654 3586 Θεὸς
2682 3522 2873 3590 Λόγος,
2909 3522 3005 3575 ἆτε
3037 3521 3100 3592 δὴ
3134 3521 3312 3575 πάντα
3357 3520 3605 3590 πληρῶν·
3640 3540 3658 3569 t
3699 3520 3794 3572 Ἐν

2211 3615 2288 3687 τῷ
2318 3616 2506 3685 κόσμῳ
2531 3633 2547 3666 ι
2583 3613 2690 3684 γὰρ
2731 3633 2748 3664 t
2772 3609 2860 3684 ἦν,
2895 3613 2988 3666 καὶ
3012 3614 3040 3665 ὁ
3071 3613 3271 3683 κόσμος
3304 3613 3370 3666 δι’
3409 3610 3574 3665 αὑτοῦ
3600 3611 3792 3679 ἐγένε-

2209 3726 2291 3775 το,
2321 3729 2337 3760 ι
2371 3709 2465 3762 καί⁸
2499 3711 2566 3780 τῇ
2599 3705 2858 3777 Αἰγύπτῳ
2884 3707 2982 3777 τὴν
3014 3706 3182 3778 αὐτὴν
3210 3707 3510 3778 παρουσίαν
3535 3705 3787 3776 παρέχει,

2210 3801 2297 3855 διὰ
2329 3800 2422 3853 τοῦ
2464 3800 2562 3872 τὴν
2603 3798 2908 3870 ἐπισκοπὴν
2943 3799 3106 3852 αὑτοῦ
3147 3801 3240 3852 καὶ
3269 3798 3366 3869 τὴν
3405 3799 3656 3870 πρόνοιαν
3691 3798 3794 3866 μὲ-

2210 3910 2333 3964 χρις
2383 3891 2560 3946 αὐτῶν
2629 3890 2910 3944 ἐκτείνειν.
2985 3889 3122 3942 Ἀλλ’
3167 3891 3227 3942 ού
3274 3887 3474 3958 μᾶλλον
3522 3889 3662 3941 εἴποι
3705 3905 3790 3950 τις

2211 3981 2372 4036 αὑτὸν
2420 3983 2476 4036 ὲν
2520 3981 2799 4052 Αἰγύπτῳ,
2829 3980 2862 4051 ἢ
2903 3985 2960 4034 ὲν
2992 3981 3164 4053 ἑτέρῳ
3197 3980 3352 4051 μέρει
3388 3981 3604 4043 πάντως
3643 3980 3792 4034 κατὰ

2211 4073 2396 4127 τοῦτον
2437 4074 2702 4144 ὑπάρχειν
2738 4074 2828 4126 τὸν
2866 4075 3090 4146 τρόπον.
3133 4073 3248 4126 Νῦν
3291 4073 3348 4126 δὲ
3390 4072 3793 4143 ἀφωρισμένως

2212 4165 2290 4227 εἰς
2326 4163 2599 4232 Αἴγυπτον
2625 4163 2787 4216 αὑτὸν
2815 4162 2965 4232 ἥξειν
2993 4165 3020 4216 6
3047 4163 3204 4231 λόγος
3240 4163 3331 4215 ἐπὶ
3370 4162 3598 4232 νεφέλης
3625 4163 3793 4216 αὑτὸν

2210 4257 2499 4328 ὀχούμενον
2533 4256 2740 4328 κούφης
2769 4251 2944 4322 εἶπεν,
2976 4255 3281 4321 ἰδιάζουσαν
3321 4273 3440 4309 τινα
3473 4258 3560 4310 καὶ
3597 4272 3790 4326 σωμαο

2210 4350 2367 4420 τικὴν
2391 4347 2489 4419 τὴν
2515 4348 2812 4418 παρουσίαν
2842 4347 3004 4401 αὑτοῦ
3031 4341 3308 4418 δηλῶν.ᾯ
3334 4346 3396 4418 δὴ
3439 4347 3581 4401 εἴποι
3609 4347 3672 4400 ἄν
3707 4365 3790 4411 τις

536 4443 670 4490 tunc
688 4436 1059 4506 propheticum
1089 4438 1291 4492 dictum
1321 4439 1477 4493 linem
1506 4438 1783 4503 habuisse,
1805 4452 1927 4491 cum
1954 4437 2000 4490 is
2017 4437 2106 4504 qui

2215 4445 2240 4497 6
2267 4441 2437 4512 ταύτῃ
2463 4441 2850 4512 συνιστάμενος
2886 4444 2951 4512 τῇ
2980 4441 3170 4512 ὲκδοχῇ
3203 4441 3388 4505 τέλους
3435 4440 3695 4511 ἠξιῶσθαι
3727 4442 3791 4494 τὸ

534 4542 604 4584 ex
623 4526 841 4598 Virgine
867 4539 1028 4583 natus
1054 4539 1139 4584 est
1163 4529 1325 4596 Deus,
1347 4546 1508 4600 quem
1537 4527 1945 4584 Einmauuelem
1978 4543 2104 4596 pro-

2205 4534 2364 4604 ῥητὸν
2391 4534 2482 4586 ἐπὶ
2507 4535 2573 4602 τῇ
2600 4533 2679 4596 εἰς
2704 4531 3025 4603 ἀνθρώπους
3050 4531 3262 4602 προόδῳ
3288 4531 3380 4583 τοῦ
3410 4533 3474 4583 ὲκ
3499 4532 3595 4602 τῆς
3626 4533 3791 4600 ἁγίας

536 4622 719 4692 phetia
754 4631 931 4686 vocat,
961 4622 1029 4676 ad
1055 4621 1303 4677 homines
1351 4622 1588 4677 advenit.
1639 4618 2104 4688 Quemadmodum

2215 4625 2478 4696 Παρθένου
2533 4623 2882 4694 γεννηθέντος
2926 4621 3082 4686 Θεοῦ,
3137 4623 3194 4675 ὃν
3233 4623 3582 4694 Ἐμμανουὴλ
3632 4623 3790 4677 καλεῖ

535 4713 683 4768 enim
708 4716 880 4769 nubes
896 4729 1000 4767 non
1029 4713 1248 4767 aliunde
1267 4713 1708 4768 constitutionem
1737 4711 1919 4775 habet,
1946 4725 2106 4779 quam

2215 4719 2237 4786 ἡ
2266 4714 2589 4786 προφητεία.
2637 4715 2723 4778 Ὡς
2752 4715 2860 4786 γὰρ
2888 4716 2920 4784 ή
2956 4714 3151 4784 νεφέλη
3177 4714 3275 4766 οὐκ
3307 4713 3527 4768 ἄλλοθεν
3557 4715 3666 4785 ἔχει
3687 4717 3789 4786 τὴν

535 4819 601 4858 ex
640 4819 766 4860 aere
795 4812 849 4857 et
880 4817 948 4859 ex
990 4819 1192 4873 vapore
1245 4816 1439 4868 terrae,
1479 4804 1558 4858 sic
1592 4811 1668 4861 .et
1726 4817 1922 4872 corpus
1965 4803 2109 4870 quod

537 4897 851 4965 assumpsit,
883 4912 949 4951 ex
984 4897 1190 4966 Spiritu
1220 4905 1410 4952 sancto
1436 4905 1492 4950 et
1519 4911 1584 4950 ex
1616 4906 1831 4950 terrena
1856 4896 2110 4950 substan-

537 4989 612 5042 tia
643 4989 1024 5055 constitutum,
1056 4991 1179 5059 jure
1210 4991 1336 5044 nubi
1369 4989 1474 5044 levi
1515 4998 1884 5057 comparatur,
1917 4988 2001 5040 cui
2024 4988 2108 5040 in-

537 5079 721 5134 sidens
749 5079 1017 5144 Christus,
1062 5081 1114 5134 in
1169 5080 1425 5152 Egypto,
1460 5083 1589 5136 dum
1631 5081 1807 5134 adhuc
1855 5087 1999 5133 esset
2030 5078 2108 5132 iu-

536 5174 682 5236 fans,
715 5172 1176 5241 peregrinabatur.
1210 5174 1264 5227 Id
1295 5175 1489 5244 quippe
1513 5184 1629 5228 erat
1652 5171 1920 5243 Egyptiis
1952 5172 2106 5238 satis,

537 5265 628 5333 qui
651 5264 850 5317 virtute
880 5262 1138 5318 inell'abili
1158 5280 1223 5318 ex
1249 5267 1477 5320 adventu
1499 5265 1802 5320 Salvatoris
1855 5277 2108 5331 magnam

473 5353 478 5360 ’
539 5363 668 5410 sunt
702 5355 988 5409 utilitatem
1023 5356 1185 5410 nacti.
1245 5357 1314 5410 At
1364 5361 1654 5412 secundum
1708 5355 2106 5424 profundiorem

541 5452 806 5508 mentem,
831 5442 1044 5498 Domini
1080 5447 1360 5514 prementia
1404 5445 1635 5516 Asgyptii
1672 5445 1940 5514 praecipue
1981 5459 2109 5512 ege-

544 5537 700 5600 bant,
732 5545 914 5604 utpote
933 5537 1174 5592 omnium
1228 5537 1504 5592 hominum
1541 5536 2059 5607 superstitiosissimi
2089 5554 2102 5603 ;

618 5718 661 5752 ⁹⁶
715 5718 870 5775 Joan.
914 5719 1062 5785 1,10.

2210 4807 2500 4868 σύστασιν,
2546 4806 2578 4874 ἢ
2627 4806 2684 4871 ἐξ
2726 4806 2886 4876 ἀέρος
2929 4806 3023 4858 καὶ
3073 4804 3486 4876 ἀναθυμιάσεως
3525 4807 3623 4877 τῆς
3661 4809 3788 4878 γῆς,

2209 4895 2381 4960 οὕτως
2414 4896 2474 4949 τὸ
2526 4895 2683 4966 σῶμα
2738 4897 2766 4948 ὃ
2815 4895 3124 4967 ἀνείληφεν,
3171 4894 3229 4960 ἐξ
3274 4897 3426 4964 ἁγίου
3474 4897 3790 4968 Πνεύματος

2212 4991 2304 5043 καὶ
2356 4990 2456 5058 τῆς
2516 4988 2746 5057 γεώδους
2790 4990 2978 5052 οὐσίας
3031 4987 3268 5042 ὑποστὰν
3310 4989 3535 5052 εἰκότως
3589 4990 3790 5064 νεφέλῃ

2211 5080 2387 5153 κούφῃ
2428 5079 2763 5151 παρεϐλήθη,
2874 5078 3244 5150 ἐγκαθήμενος
3284 5078 3313 5129 6
3338 5077 3570 5149 Χριστὸς
3603 5079 3770 5150 ὲπεδή

2217 5174 2398 5242 μειτῇ
2427 5170 2687 5241 Αἰγύπτῳ
2713 5172 2852 5224 κατὰ
2883 5169 2981 5241 τὴν
3017 5170 3215 5240 νηπίαν
3237 5168 3473 5239 ἡλικίαν.
3525 5170 3791 5241 Ἀπήρκει

2212 5263 2320 5334 γὰρ
2357 5265 2448 5316 καὶ
2492 5261 2647 5315 τοῦτο
2690 5263 3024 5332 Αἰγυπτίοις,
3058 5263 3280 5333 ἀρρήτῳ
3307 5262 3533 5333 δυνάμει
3560 5264 3790 5333 μέγιστα

2214 5354 2611 5425 ὠφελουμένοις
2637 5358 2700 5408 ἐκ
2723 5356 2822 5425 τῆς
2857 5354 2950 5407 τοῦ
2990 5354 3241 5424 Σωτῆρος
3281 5353 3606 5417 ὲπιΰὰσεως.
3635 5356 3795 5409 Κατὰ

2214 5446 2270 5499 δὲ
2311 5446 2604 5515 βαθύτερον
2639 5445 2782 5504 νοῦν,
2830 5446 2928 5516 τῆς
2953 5443 3048 5498 τοῦ
3080 5443 3283 5515 Κυρίου
3312 5447 3612 5517 παρουσίας
3651 5444 3793 5509 ἐξαι-

2219 5538 2386 5608 ρέτως
2423 5538 2590 5592 ἐδεῖτο
2622 5539 2654 5609 ἡ
2700 5537 2990 5607 Αἴγυπτος,
3030 5535 3214 5606 ἐπειδὴ
3243 5535 3460 5591 πάντων
3488 5535 3798 5608 ἀνθρώπων
