4158 6402
307 347 408 403 2ἓί

1257 334 1760 396 COMMENTABIA
1797 332 1864 390 IN
1903 329 2159 388 ISAIAM.
2198 358 2267 370 --
2305 327 2457 384 CAP.
2498 326 2641 382 XIX.

309 468 854 540 δεισιδαιμονέστεροι
900 465 1209 536 γεγόνασιν,
1253 462 1329 526 ὡς
1373 462 1447 533 μὴ
1497 461 1654 532 μόνον
1695 461 1887 530 εἱμαρ-

2012 465 2063 509 ta
2099 462 2159 509 ut
2182 469 2286 509 non
2316 453 2487 509 solum
2510 453 2622 507 fato
2642 459 2697 506 et
2717 447 2888 506 stellis
2919 446 3039 504 caeli
3065 443 3303 501 universi
3333 457 3559 501 causam.

314 563 450 635 μένῃ
479 562 574 615 καὶ
619 561 733 623 τοῖς
776 561 896 613 κατ’
929 556 1156 630 οὐρανὸν
1183 555 1405 626 ἄστροις
1437 552 1535 624 τὴν
1569 551 1660 604 τοῦ
1691 549 1889 612 παντὸς

312 652 620 708 ἀνατιθέναι
662 653 862 715 αἰτίαν,
915 652 1168 704 ἐκπεσεῖν
1210 648 1266 700 δέ
1310 646 1404 700 καὶ
1443 646 1601 716 μέχρι
1643 644 1742 712 τῆς
1780 641 1888 694 τῶν

313 745 523 813 ἀλέγων
549 741 723 807 ζώων,
755 742 848 794 καὶ
871 741 1074 811 Θηρίων
1100 736 1406 792 ἅτιθὰσσων
1454 732 1671 804 πτηνῶν
1712 749 1771 785 τε
1795 730 1890 784 καὶ

317 837 561 909 ἑρπετῶν
601 835 892 898 θεοποιίας.
940 832 1094 886 Οῦτω
1141 831 1197 884 δέ
1255 829 1544 883 ἀδέσποτον
1587 826 1682 880 καὶ
1721 825 1891 895 ἀπρο-

316 929 503 1001 νόητον
553 927 781 999 ἡγοῦντο
823 927 885 979 τὸ
935 926 1081 990 πᾶν,
1143 923 1217 986 ὡς
1276 922 1366 974 καὶ
1434 918 1656 990 βασιλέα
1711 915 1890 970 αὐτῶν

315 1022 497 1091 γυμνῇ
535 1022 601 1090 τῇ
651 1018 861 1088 κεφαλῇ
889 1016 1099 1085 λέγειν’
1135 1033 1154 1067 ι
1179 1014 1292 1068 Ούκ
1312 1009 1427 1067 οἶδα
1468 1012 1560 1066 τὸν
1602 1010 1835 1081 Κύριον,
1867 1027 1884 1060 ι

317 1112 433 1173 καὶ,
464 1130 482 1161 ι
513 1109 608 1172 Τίς
624 1111 770 1162 ἐστιν
795 1102 854 1162 οῦ
883 1106 1274 1178 εἰσακούσομαι
1317 1108 1416 1176 τῆς
1442 1102 1626 1174 φωνῆς
1652 1099 1814 1156 αὐτοῦ
1839 1117 1885 1165 ;›

317 1199 505 1254 Ταῦτα
525 1200 580 1253 δὲ
607 1200 790 1263 αὐτοῖς
812 1199 993 1269 ἔργοις
1013 1198 1168 1260 τέλος
1188 1197 1457 1267 ἐλάμΰανε
1483 1194 1604 1248 καθ’
1620 1193 1678 1246 ὃν
1703 1191 1892 1264 χρόνον

319 1289 603 1359 ἐκκλησίαι
655 1289 751 1359 μὲν
798 1286 933 1340 θεοῦ
991 1285 1108 1340 καθ’
1152 1285 1281 1355 ὅλης
1339 1285 1547 1356 ἵδρυντο
1591 1283 1688 1353 τῆς
1728 1278 1895 1349 Αἰγύ-

329 1398 491 1445 πτου,
541 1380 851 1452 ἐπεδήμησε
879 1378 936 1430 δὲ
963 1377 1123 1439 αὐτὸς
1147 1379 1175 1430 6
1202 1376 1402 1448 Κύριος
1433 1378 1544 1436 τοῖς
1556 1371 1892 1441 Αἰγυπτίοις,

321 1471 635 1526 ἐπισκοπῶν
677 1471 773 1534 τὰς
807 1468 1098 1539 ἐκκλησίας
1122 1467 1283 1522 αὑτοῦ
1307 1465 1448 1520 κατά
1469 1466 1549 1518 τόο
1576 1484 1594 1516 ι
1609 1465 1780 1518 Ὅπου
1802 1462 1896 1516 δύο

321 1565 356 1636 ἢ
379 1568 527 1636 τρεῖς
557 1563 885 1634 συνηγμένοι
912 1563 1046 1616 εἰσὶν
1074 1561 1154 1623 εἰς
1178 1559 1238 1612 τὸ
1269 1559 1398 1629 ἐμὸν
1424 1558 1616 1628 ὄνομα,
1644 1559 1760 1609 ἐκεῖ
1782 1558 1895 1626 εἰμι

323 1658 383 1711 ἐν
406 1658 554 1729 μέσῳ
576 1657 771 1711 αὐτῶν.
802 1675 820 1708 ι
849 1655 1004 1710 Οῦτω
1029 1653 1160 1723 γοῦν
1183 1655 1238 1706 αἰ
1283 1652 1378 1722 μὲν
1400 1650 1771 1722 ἐκκλησίαι-τῇ
1803 1650 1899 1701 αὐ-

322 1746 418 1801 τοῦ
444 1748 737 1818 διέλαμπον
760 1746 962 1818 χάριτι,
992 1746 1026 1815 ή
1059 1744 1116 1797 δὲ
1155 1743 1264 1796 τῶν
1299 1741 1482 1797 αὐτόθι
1506 1742 1774 1812 δαιμόνων
1800 1757 1900 1794 κα-

326 1838 544 1912 θῃρεῖτο
571 1837 764 1907 πλάνη.

402 1950 422 1983 ι
465 1929 572 1982 Καὶ
604 1925 1062 1998 ἐπεγερθήσονται
1109 1923 1395 1992 Αἰγύπτιοι
1427 1924 1511 1976 ἐπ’
1546 1922 1897 1991 Αἰγυπτίους,

326 2023 422 2078 καὶ
470 2021 769 2092 πολεμήσει
810 2018 1098 2089 ἄνθρωπος
1146 2017 1239 2070 τὸν
1290 2017 1517 2086 ἀδελφὸν
1569 2016 1756 2079 αὑτοῦ,
1808 2015 1902 2068 καὶ

326 2115 608 2184 ἄνθρωπος
637 2112 727 2165 τὸν
754 2111 980 2181 πλησίον
1008 2110 1193 2162 αὑτοῦ.
1226 2129 1244 2162 ι
1283 2109 1394 2164 Καὶ
1419 2109 1588 2162 ταῦτα
1615 2110 1714 2180 μὲν
1737 2109 1903 2178 ἐπλη-

330 2204 488 2278 ροῦτο
525 2202 664 2273 μετὰ
703 2202 763 2255 τὸ
797 2201 1152 2269 εύαγγελικδν
1193 2203 1476 2272 κήρυγμα,
1512 2200 1573 2252 τὸ
1612 2201 1691 2262 εἰς
1726 2202 1904 2252 πᾶσαν

329 2296 569 2350 διαδΟΘέν
615 2295 714 2366 τὴν
753 2295 1048 2360 Αἴγυπτον,
1089 2294 1174 2362 ἐφ’
1207 2287 1251 2360 ᾧ
1283 2293 1352 2345 τὰ
1402 2293 1498 2362 μὲν
1533 2291 1712 2361 ἄψυχα
1745 2291 1906 2355 ξόανα

332 2388 431 2458 τῆς
459 2384 520 2450 ἐξ
565 2384 760 2448 αἰῶνος
807 2385 1066 2454 ἀκινήτου
1117 2384 1359 2447 στάσεως
1392 2384 1570 2438 αὐτῶν
1619 2381 1902 2453 ἐσαλεύθη,

332 2477 472 2531 ὥστε
503 2478 576 2548 μὴ
613 2475 967 2548 καθιδρύσθαι
1001 2477 1094 2529 καὶ
1123 2475 1344 2545 βεϐαίαν
1377 2476 1518 2546 ἐχειν
1549 2474 1688 2529 αὐτὰ
1719 2475 1904 2527 στάσιν

329 2568 417 2623 διὰ
459 2567 550 2620 τὸν
603 2568 958 2638 ἐγγενόμενον
994 2569 1178 2631 αὐτοῖς
1221 2567 1376 2632 λαὸν,
1427 2570 1474 2620 οἰ
1522 2567 1579 2620 δέ
1622 2567 1679 2618 ἐν
1726 2566 1905 2630 αὐτοῖς

329 2657 740 2729 ἐμφωλεύοντες
767 2659 1020 2729 δαίμονες
1048 2658 1297 2730 πονηροὶ,
1327 2658 1388 2710 τὸ
1421 2659 1585 2730 μηδὲν
1615 2657 1765 2722 ὄντες
1793 2658 1908 2728 διη-

331 2750 585 2820 λέγχοντο
613 2751 704 2804 ἐπὶ
735 2749 960 2814 τούτοις.
993 2751 1202 2822 Ὥσπερ
1228 2750 1335 2822 γὰρ
1371 2752 1404 2820 ἡ
1435 2749 1696 2820 ἐμφύλιος
1723 2750 1909 2812 στάσις

330 2841 455 2896 καθ’
477 2843 606 2914 ὅλης
630 2841 936 2912 διηγείρετο
964 2842 1062 2912 τῆς
1091 2841 1363 2910 Αἰγύπτου
1386 2860 1398 2872 υ
1428 2841 1783 2912 διισταμένων
1813 2840 1908 2894 ἀπ’

332 2931 576 3003 ἀλλήλων
605 2933 698 2985 καὶ
740 2932 1084 3002 τεμνομένων
1117 2933 1210 2986 καί⁸
1248 2932 1625 3005 μεριζομένων
1668 2934 1790 2986 κατ’
1827 2929 1909 2983 οἰ-

332 3042 482 3090 κους,
516 3027 610 3079 καὶ
640 3025 869 3078 πολιτῶν
892 3025 988 3097 τὴν
1013 3025 1197 3097 χώραν
1226 3025 1538 3088 οἰκούντων,
1561 3024 1640 3094 τῷ
1657 3025 1783 3088 τοὺς
1815 3025 1909 3080 υρὲν

334 3117 513 3172 αὐτῶν
556 3118 911 3188 προστρέχειν
944 3116 1020 3188 τῷ
1051 3116 1371 3189 κηρύγματι
1404 3117 1742 3188 εὐαγγελικῷ
1782 3119 1913 3172 ἀνα-

335 3173 643 3281 χωροῦντας
669 3173 769 3280 τῆις
800 3173 1253 3282 δαιμονίκῆςικαί
1273 3173 1646 3281 Αἰγυπτιακῆς
1678 3173 1905 3280 πλάνης·
1936 3173 1978 3231 C

337 3305 462 3368 τοὺς
507 3305 561 3357 δὲ
611 3306 1042 3374 ἐναπομενοντας
1085 3305 1142 3355 ἐν
1185 3304 1320 3373 αύτῇ
1369 3302 1598 3372 πόλεμον
1645 3302 1908 3356 ἄσπονδον

338 3396 474 3450 κατά
499 3397 704 3450 τούτων
728 3395 961 3465 ἐγείρειν
983 3411 996 3424 ·
1027 3393 1198 3458 οῦτως
1226 3389 1316 3447 οὖν
1357 3393 1712 3446 ἐπανίσταντο
1740 3391 1908 3460 Αἰγύ-

337 3504 479 3540 πτιοι
504 3489 592 3540 ἐπ’
624 3485 977 3554 Αἰγυπτίους.

415 3684 434 3717 ι
468 3664 630 3728 Πόλις
661 3665 753 3717 ἐπὶ
791 3664 964 3729 πόλιν,
997 3667 1090 3719 καὶ
1129 3665 1291 3736 νομὸς
1331 3665 1424 3718 ἐπὶ
1455 3667 1635 3736 νομόν.
1674 3667 1783 3720 Καὶ
1823 3684 1912 3720 τα-

339 3759 669 3832 ραχθήσεται
698 3759 758 3812 τὸ
782 3757 999 3828 πνεῦμα
1028 3759 1137 3811 τῶν
1167 3759 1478 3828 Αἰγυπτίων
1506 3762 1563 3812 ἐν
1590 3760 1790 3824 αὐτοῖς,
1818 3759 1912 3814 καὶ

335 3851 435 3922 τὴν
488 3849 680 3921 βουλὴν
719 3850 897 3905 αὐτῶν
942 3850 1298 3905 διασκεδάσω.
1344 3852 1453 3904 Καὶ
1505 3852 1912 3922 ἐπερωτήσουσι

334 3942 466 4006 τοὺς
500 3941 654 4005 θεοὺς
681 3940 861 3995 αὐτῶν
897 3942 992 3995 καὶ
1037 3940 1105 3994 τὰ
1139 3942 1428 4012 ἀγάλματα
1464 3941 1640 3994 αὐτῶν
1668 3942 1914 4007 καὶτοὺς

337 4031 402 4084 ἐκ
445 4031 543 4100 τῆς
583 4030 686 4100 γῆς
716 4029 1060 4099 φωνοῦντας,
1104 4029 1198 4083 καὶ
1238 4032 1363 4095 τοὺς
1421 4031 1909 4102 ἐγγαστριμύθους.

339 4123 450 4178 Καὶ
492 4121 800 4195 παραδώσω
831 4123 929 4194 τὴν
967 4123 1240 4192 Αἴγυπτον
1267 4125 1347 4187 εἰς
1382 4126 1569 4196 χεῖρας
1613 4124 1914 4197 ἀνθρώπων

315 4213 543 4285 ’κυρίων
575 4214 846 4286 σκληρῶν,
875 4216 968 4268 καὶ
1007 4215 1244 4285 βασιλεῖς
1279 4216 1507 4287 σκληροὶ
1539 4218 1916 4290 κυριεύσουσιν

340 4303 540 4358 αὐτῶν.
579 4323 596 4354 ι
632 4305 806 4375 Νομοὶ
831 4305 887 4358 δὲ
917 4305 1202 4358 καλοῦνται
1231 4306 1360 4378 παρ’
1389 4307 1706 4376 Αἰγυπτίοις
1749 4309 1916 4362 εἰσέτι

340 4397 434 4450 καὶ
462 4395 558 4448 νῦν
590 4397 646 4449 αἰ
679 4397 807 4468 παρ’
855 4399 1037 4460 αὐτοῖς
1075 4398 1268 4469 χῶραι,
1295 4399 1350 4452 αἳ
1381 4401 1475 4452 καὶ
1501 4400 1660 4453 αὐταὶ
1685 4400 1917 4454 διίσταν-

340 4503 430 4549 ται
457 4487 592 4559 πρὸς
619 4487 851 4563 ἀλλήλας
874 4489 974 4558 τῆς
995 4491 1161 4560 αὐτῆς
1189 4490 1372 4544 ἕνεκεν
1396 4492 1722 4558 ὑποθέσεως.
1762 4496 1920 4565 Ἐχω-

344 4579 523 4653 ρίζετο
550 4580 606 4632 δὲ
633 4581 735 4650 τῆς
770 4583 915 4635 κατὰ
941 4582 1076 4635 Θεοῦ
1110 4584 1382 4648 πολιτείας
1400 4586 1428 4638 6
1449 4587 1559 4639 τῶν
1579 4587 1752 4641 ἀθέων
1783 4587 1914 4657 βίος,

341 4673 434 4726 καὶ
460 4674 621 4743 νομὸς
664 4675 988 4746 ἐπηγείρετο
1014 4676 1186 4747 νομῷ,
1221 4677 1313 4730 τοῦ
1358 4679 1714 4748 εύαγγελικοῦ
1747 4681 1914 4751 νόμου

340 4761 409 4815 τὰ
437 4761 543 4820 τῶν
576 4763 888 4830 Αἰγυπτίων
917 4765 1312 4836 ἀνατρέποντος
1341 4769 1565 4839 νόμιμα,
1608 4771 1684 4831 ὡς
1711 4767 1776 4824 αὖ
1809 4772 1916 4824 πά-

342 4852 426 4906 λιν
460 4853 553 4906 τοῦ
589 4855 686 4925 τῆς
725 4856 1166 4928 εἰδωλολατρείας
1209 4859 1374 4928 νόμου
1423 4861 1784 4931 πολεμοῦντος
1825 4863 1916 4916 τὸν

344 4948 610 5018 σωτήριον
647 4946 825 5015 λόγον.
872 4949 1057 5002 Ταῦτα
1099 4951 1154 5005 δὲ
1187 4952 1363 5005 πάντα
1411 4953 1638 5021 ἐγίνετο,
1686 4954 1784 5026 τὴν
1824 4957 1918 5009 ἐπὶ

340 5036 498 5109 κακῷ
532 5041 852 5110 συμφωνίαν
896 5041 1004 5095 τῶν
1044 5044 1356 5112 Αἰγυπτίων
1403 5046 1497 5099 καὶ
1528 5046 1626 5118 τὴν
1666 5048 1917 5118 ὁμόνοιαν

343 5129 522 5184 αὐτῶν
543 5129 642 5201 τὴν
675 5149 741 5183 πε
751 5133 802 5202 pl.
827 5133 928 5202 τὴν
960 5135 1218 5188 πολύθεον
1252 5136 1460 5209 πλάνην
1485 5139 1801 5208 συγχέοντος
1822 5139 1917 5192 τοῦ

343 5219 776 5290 ἐπιδημήσαντος
797 5224 980 5288 αὐτοῖς
1010 5227 1235 5296 Κυρίου.
1268 5228 1357 5280 Διὸ
1392 5229 1604 5302 εἴρηται
1647 5231 1786 5284 κατὰ
1828 5231 1918 5284 τὸν

355 5310 604 5375 Ἀκύλαν,
635 5331 652 5362 ι
687 5314 796 5367 Καὶ
833 5317 1110 5371 στασιὰσω
1143 5320 1460 5386 Αἰγυπτίοις
1499 5322 1853 5390 Αἰγυπτίους·
1893 5342 1910 5375 ι

344 5400 485 5454 κατὰ
526 5400 581 5454 δὲ
619 5402 710 5456 τὸν
743 5403 1056 5476 Σύμμαχον,
1100 5425 1117 5457 ι
1159 5407 1425 5478 Συμϐαλῶ
1453 5410 1778 5478 Αἰγυπτίους
1820 5413 1918 5464 At-

1993 545 2402 611 adscriberent,
2429 545 2521 599 sed
2545 545 2706 598 etiam
2732 540 2798 596 ad
2815 555 2986 608 usque
3010 540 3288 595 brutorum
3314 536 3560 590 animan-

1995 638 2151 702 tium,
2186 637 2424 692 ferarqu
2460 636 2798 699 immanium,
2820 632 3101 689 volucrum
3155 640 3210 686 et
3259 627 3557 698 reptiliurn,

1995 739 2055 784 ut
2091 729 2338 792 deorum,
2369 725 2569 781 cultum
2593 725 2993 779 delaberentur.
3027 722 3101 776 Ita
3128 734 3256 774 vero
3286 717 3562 772 dominatu

1994 831 2052 878 et
2080 819 2414 891 providentia
2441 832 2671 871 vacuum
2696 816 3010 869 universum
3046 809 3474 868 arbitrabantur,
3503 812 3564 858 ut

1997 929 2090 969 rex
2115 905 2336 983 quidam
2366 923 2556 964 eorum
2583 907 2928 975 impudenter
2959 903 3184 965 diceret,
3223 918 3241 950 ι
3276 898 3392 952 Non
3438 893 3563 950 novi

1996 1006 2306 1070 Dominum,
2341 1011 2444 1068 νει,
2477 1019 2495 1052 ι
2528 999 2659 1066 Quis
2684 997 2942 1064 estcuius
2968 1006 3156 1047 vocem
3190 989 3406 1044 audiam
3432 985 3480 1020 “
3501 985 3556 1040 τι

1997 1099 2123 1153 Haec
2153 1111 2314 1166 porro
2368 1093 2496 1164 ipsis
2556 1091 2814 1161 Operibus
2867 1089 3026 1142 tinem
3060 1089 3422 1154 acceperunt,
3457 1091 3565 1148 quo

1999 1201 2243 1260 tempore
2277 1186 2522 1244 ecclesiae
2552 1185 2644 1238 Dei
2681 1197 2776 1253 per
2807 1189 2975 1236 totam
3017 1176 3310 1247 Egyptum
3358 1169 3564 1226 consti-

1999 1283 2309 1347 tuebantur,
2336 1296 2399 1336 ac
2425 1279 2542 1349 ipse
2579 1277 2839 1331 Dominus
2889 1273 2954 1326 ad
3011 1269 3293 1340 [Egyptios
3322 1263 3566 1334 peregri-

2000 1385 2159 1432 natus
2189 1384 2292 1436 est,
2321 1386 2450 1426 suas
2499 1369 2728 1424 visitans
2754 1363 3016 1422 ecclesias
3071 1358 3370 1414 secundum
3411 1353 3564 1414 illud,

2006 1487 2024 1520 ι
2053 1467 2158 1523 Ubi
2189 1466 2295 1519 duo
2332 1462 2417 1516 Vel
2476 1470 2587 1515 tres
2647 1454 2964 1527 congregati
3013 1450 3213 1506 fuerint
3269 1447 3322 1501 in
3353 1443 3568 1499 nomine

2000 1574 2143 1623 meo,
2179 1557 2288 1611 illic
2319 1569 2436 1610 sum
2469 1553 2522 1608 in
2564 1550 2740 1606 medio
2787 1561 2974 1603 eorum
3006 1545 3075 1596 ".
3118 1561 3138 1595 ι
3169 1539 3246 1594 lla
3274 1537 3438 1623 igitur
3479 1549 3567 1588 ec-

2002 1617 2178 1706 clesiie
2213 1649 2427 1717 quidem
2464 1645 2581 1715 ejus
2612 1642 2787 1715 gratia
2816 1638 3115 1710 fulgebant,
3145 1617 3448 1688 daemonum
3477 1641 3568 1682 au-

2003 1755 2108 1801 tem
2137 1743 2208 1799 ibi
2240 1741 2537 1812 vigentium
2565 1752 2720 1793 error
2754 1733 3155 1790 destruebatur.

2075 1924 2241 1979 Vnus.
2277 1923 2331 1977 2.
2371 1941 2389 1974 ι
2424 1923 2489 1976 Et
2519 1916 2901 1974 excitabuntur
2919 1909 3156 1985 Egyptii
3181 1907 3233 1964 in
3259 1907 3568 1977 Egypttos,

2005 2027 2059 2072 et
2101 2017 2323 2072 bellabit
2369 2016 2530 2070 homo
2557 2013 2814 2068 adversus
2853 2007 3078 2065 fratrem
3108 2019 3285 2066 suum,
3326 2010 3380 2054 et
3410 2001 3572 2055 homo

2007 2111 2264 2167 adversus
2294 2107 2601 2178 proximum
2649 2117 2831 2157 suum.
2865 2121 2883 2156 ι
2943 2101 3011 2154 Et
3062 2100 3174 2152 hate
3212 2094 3430 2165 quidem
3473 2093 3573 2146 im-

2003 2203 2288 2274 plebantur
2306 2208 2424 2270 post
2449 2198 2812 2267 evangelicam
2841 2192 3304 2264 praedicationem,
3327 2201 3446 2257 qua:
3477 2198 3576 2254 per

2008 2307 2170 2353 totam
2205 2295 2493 2364 Egyptum
2545 2291 2808 2362 pervasit,
2859 2304 2966 2359 quo
2998 2297 3242 2355 tempore
3279 2284 3573 2337 inanimala

2006 2385 2292 2443 simulacra
2345 2398 2373 2435 a
2427 2382 2665 2436 statione
2726 2395 2822 2435 sua
2872 2393 3031 2448 quam
3068 2392 3098 2429 a
3137 2373 3333 2428 saeculo
3371 2371 3576 2425 obtine-

2006 2480 2157 2541 bant,
2198 2489 2425 2531 excussa
2479 2482 2640 2538 sunt,
2693 2479 2752 2526 ut
2791 2486 2898 2525 nou
2936 2469 3078 2522 ultra
3130 2481 3196 2519 ex
3243 2463 3423 2532 populi
3470 2461 3576 2515 i‘re-

2008 2570 2226 2642 quentia
2269 2569 2504 2623 ﬁrmiter
2550 2575 2716 2629 stare,
2768 2578 2866 2618 nec
2913 2561 3080 2616 solida
3120 2557 3415 2612 subsistere
3450 2568 3575 2622 pos-

2008 2672 2169 2718 sent:
2205 2660 2485 2714 daemones
2515 2673 2645 2712 vero
2687 2655 2945 2725 maligni,
2985 2652 3073 2719 qui
3123 2651 3174 2704 in
3221 2648 3350 2718 ipsis
3391 2661 3488 2702 ceu
3521 2645 3575 2698 in

2009 2752 2244 2808 latibulis
2274 2752 2531 2823 agebant,
2567 2751 2620 2804 in
2651 2749 2716 2802 iis
2757 2748 2886 2816 ipsis
2920 2742 3052 2798 nihil
3091 2756 3210 2796 esse
3242 2735 3576 2808 comprobati

2012 2854 2157 2901 sunt.
2196 2841 2662 2910 Quemadmodum
2693 2839 2837 2894 enim
2869 2835 3046 2891 civilis
3076 2823 3338 2886 tumultus
3371 2842 3468 2897 per
3497 2835 3578 2880 to.

2010 2949 2118 2993 tam
2152 2937 2442 3008 Egyptum
2477 2931 2849 2989 concitabatur
2870 2969 2884 2995 ,
2928 2926 3139 2998 pupulis
3169 2921 3576 2982 dissidentibus,

2012 3030 2307 3100 divisisque
2345 3026 2537 3084 studiis
2565 3039 2661 3094 per
2695 3024 2883 3077 domos
2927 3029 3115 3074 mutuo
3144 3012 3531 3070 altercantibus
3562 3027 3575 3063 :

2014 3122 2155 3194 quod
2192 3137 2260 3177 ex
2296 3120 2504 3176 civibus
2542 3115 2776 3188 regionis
2823 3112 3032 3176 incolis,
3070 3110 3157 3165 alii
3206 3106 3420 3178 quidem
3454 3102 3579 3158 reli-

2015 3224 2102 3269 cto
2135 3214 2401 3269 diabolico
2426 3227 2487 3266 ac
2521 3209 2843 3280 Egyptiaco
2877 3219 3085 3268 errore,
3116 3203 3181 3258 ad
3217 3197 3579 3270 evangelicam

2014 3306 2446 3379 prmdicationem
2478 3303 2831 3362 accederent,
2868 3297 2958 3351 alii
3005 3309 3133 3350 vero
3172 3293 3224 3347 in
3267 3292 3452 3346 eodem
3501 3303 3579 3342 er-

2016 3413 2141 3453 rore
2179 3404 2615 3467 perseverantes,
2647 3389 2974 3460 inexpiabile
3003 3386 3199 3443 bellum
3243 3391 3427 3437 contra
3462 3379 3580 3435 illos

2015 3492 2360 3546 excitarent:
2401 3489 2481 3544 sic
2531 3487 2695 3559 igitur
2731 3480 3077 3552 insurgebant
3117 3475 3349 3547 Egyptii
3390 3482 3579 3528 contra

2016 3583 2318 3654 Ᾱῐεγριῖοεο

2091 3673 2253 3729 Vens.
2285 3672 2411 3741 πε.
2435 3690 2452 3723 ι
2475 3669 2674 3726 Civitas
2707 3668 2965 3722 adversus
2997 3662 3291 3728 civitatem,
3320 3668 3373 3714 et
3392 3672 3580 3713 nemus

2017 3782 2277 3822 adversus
2332 3778 2569 3819 nomum.
2609 3761 2672 3814 Et
2698 3759 3005 3813 turbabitur
3048 3754 3269 3825 spiritus
3304 3750 3579 3822 Egyptia-

2020 3872 2136 3912 rum
2185 3857 2236 3910 in
2289 3854 2453 3924 ipsis,
2499 3861 2553 3907 et
2601 3849 2882 3906 consilium
2927 3861 3110 3903 eorum
3168 3841 3461 3913 dissipabo.
3515 3839 3580 3895 Et

2021 3947 2426 4014 interrogabant
2493 3944 2621 3997 deos
2669 3955 2798 3994 suos
2861 3946 2913 3994 et
2984 3937 3272 3992 simulacra
3321 3947 3460 3996 sua,
3529 3940 3581 3986 et

1958 4107 1962 4112 λ
2021 4055 2136 4101 eos,
2167 4037 2257 4107 qui
2298 4035 2365 4090 de
2413 4043 2555 4088 terra
2612 4032 2908 4101 loquuntur
2936 4069 2951 4094 ,
2993 4037 3048 4082 et
3091 4024 3478 4093 ventriloquos.
3518 4022 3582 4078 Et

2024 4130 2228 4184 tradam
2283 4126 2572 4197 Egyptum
2615 4124 2668 4178 iu
2723 4134 2915 4175 manus
2957 4118 3274 4197 hominum,
3322 4115 3581 4169 durorum

2022 4219 2384 4280 dominorum,
2415 4226 2467 4268 et
2510 4228 2663 4283 reges
2691 4211 2808 4266 duri
2850 4195 3270 4264 dominabuntur
3309 4221 3516 4260 eorum.
3559 4223 3580 4257 ο

2023 4311 2176 4367 Nemi
2236 4309 2376 4378 apud
2426 4305 2710 4376 IEgyptios
2765 4303 3030 4370 hodieque
3093 4310 3354 4352 vocantur
3399 4311 3582 4351 eorum

2023 4405 2291 4474 regiones,
2327 4416 2446 4469 qum
2498 4401 2660 4452 etiam
2709 4396 2896 4450 eadem
2931 4392 2998 4446 de
3036 4405 3198 4447 causa
3245 4398 3430 4442 mut-to
3473 4388 3581 4441 dis-

2025 4497 2222 4550 sident.
2261 4493 2554 4548 Atheorum
2602 4498 2781 4542 autem
2830 4485 2936 4538 vita
2985 4484 3053 4537 ab
3107 4481 3347 4535 instituto
3391 4493 3582 4532 secun-

2024 4588 2147 4641 dum
2205 4587 2368 4638 Deum
2417 4579 2807 4642 dissentiebat,
2853 4587 2908 4630 et
2953 4588 3147 4629 nomus
3185 4573 3441 4625 adversus
3484 4584 3582 4624 no-

2025 4693 2168 4731 nmm
2206 4675 2548 4746 insurgebat,
2590 4670 2898 4738 evangelica
2944 4667 3058 4735 lege
3100 4667 3170 4735 (s.
3213 4661 3382 4733 νόμῳ)
3417 4659 3582 4731 Egy-

2024 4769 2254 4838 ptiorum
2301 4765 2492 4835 legalia
2543 4764 2924 4823 subvertente,
2977 4773 3039 4812 ac
3089 4754 3326 4809 vicissim
3364 4750 3582 4807 idolola-

2026 4861 2140 4914 tria:
2177 4859 2291 4930 lege
2337 4857 2572 4912 salutare
2604 4855 2828 4909 verbum
2854 4857 3218 4920 oppugnante.
3261 4843 3385 4898 Haec
3420 4857 3582 4914 porro

2023 4949 2202 5005 omnia
2252 4948 2672 5018 contingebant,
2727 4941 3104 5014 Egyptiorum
3162 4949 3486 4991 consensum
3525 4941 3583 4988 et

2025 5043 2366 5098 cuttcordiam
2402 5043 2546 5096 circa
2591 5039 2879 5095 multorum
2922 5033 3143 5087 deorum
3180 5041 3418 5086 errorem
3452 5041 3583 5080 cou-

2028 5135 2282 5190 i'undente
2313 5132 2558 5194 Domino,
2612 5128 2703 5198 qui
2748 5129 2814 5181 ad
2861 5125 3008 5193 ipsos
3055 5122 3370 5176 advenerat.
3407 5117 3583 5184 Quare

2024 5228 2316 5281 secundum
2345 5222 2591 5293 Aquilam
2625 5223 2844 5283 tliClltll',
2880 5237 2898 5271 ι
2939 5217 3006 5272 Et
3040 5215 3356 5271 seditionem
3385 5223 3580 5278 ponant

2022 5322 2160 5376 inter
2200 5319 2480 5392 Egyptios
2507 5327 2560 5369 et
2591 5315 2909 5385 Egyptios;
2953 5331 2972 5364 ι
3007 5312 3301 5366 secundum
3339 5307 3582 5377 Symma-

2019 5412 2176 5466 chum
2223 5426 2367 5472 veru,
2423 5426 2441 5460 ι
2499 5406 2840 5462 Cotntnittam
2894 5400 3181 5472 Egyptios
3239 5412 3362 5453 cum
3420 5393 3582 5464 [Egy-

343 5491 610 5558 γυπτίοις.
651 5513 669 5544 ι
719 5494 958 5567 Συγγενῆ
1001 5496 1057 5549 δὲ
1091 5499 1302 5561 τούτοις
1331 5502 1425 5557 κού⁴
1466 5501 1688 5570 ἀδελφὰ,
1718 5502 1907 5573 μᾶλλον

2017 5512 2163 5573 plus.
2209 5520 2227 5553 ι
2278 5495 2370 5554 llis
2418 5513 2578 5568 porro
2621 5493 2796 5549 aﬂiuia
2855 5504 2912 5550 et
2958 5491 3174 5555 similia,
3235 5489 3344 5543 imo
3403 5485 3582 5555 potius

342 5581 400 5636 δὲ
446 5584 512 5636 τὰ
543 5583 682 5638 αὐτὰ
729 5586 936 5659 ἑτέροις
977 5589 1214 5659 ῥήμασιν
1249 5591 1410 5656 αὐτὸς
1451 5594 1479 5644 6
1521 5593 1724 5667 Κύριος
1757 5594 1907 5667 ἡμῶν

2017 5595 2202 5650 eadem
2247 5593 2360 5664 ipsa
2396 5591 2515 5648 aliis
2555 5588 2737 5646 verbis
2781 5586 3034 5644 Dominus
3076 5591 3260 5640 uoster
3299 5583 3353 5636 in
3400 5577 3579 5633 Evan-

420 5759 462 5793 ει
493 5761 662 5819 Exod.
699 5778 728 5816 v
756 5807 770 5832 ,
823 5765 876 5820 9..
953 5768 995 5798 θ’
1031 5766 1215 5823 Matth.
1259 5785 1408 5837 xvm,
1440 5769 1525 5826 9.0.
