4158 6402
575 312 688 372 295

1255 308 1529 366 EUSEBll
1561 306 2043 364 CIESARIENSIS
2076 305 2226 366 OPP.
2271 305 2448 361 PARS
2484 303 2571 360 lll.
2605 333 2676 346 —
2714 302 3124 359 EXEGETICA.

3741 299 3854 356 23$

578 433 738 505 geliis
779 431 986 499 docuit,
1031 433 1243 498 dicens,
1307 450 1324 485 ι
1361 431 1541 488 Nolite
1587 443 1782 503 putare
1827 433 1970 502 quod
1999 445 2145 486 vene

2266 430 2324 482 ἐν
2349 427 2704 497 Εὑαγγελίοις
2746 425 2994 479 ἐδίδασκε
3033 425 3211 493 λέγων
3231 440 3245 454 ’
3299 442 3317 474 ι
3357 421 3448 493 Μὴ
3473 436 3736 493 νομισητε
3763 421 3850 474 ὅτι

579 524 686 581 rint
719 539 912 595 pacem
943 523 1160 578 mittere
1196 538 1362 592 super
1387 533 1628 577 terram:
1677 538 1782 578 non
1821 524 1938 577 veni
1972 537 2159 592 pacem

588 618 826 679 mittere,
859 617 954 671 sed
984 614 1217 687 gladium
1250 614 1318 679 ’³,
1355 632 1373 665 ι
1403 624 1458 669 et
1495 622 1715 668 caetera.
1752 613 1848 668 llis
1877 629 2043 684 porro
2067 627 2162 684 ge-

580 706 706 776 stis,
736 705 1168 762 conturbandum
1200 719 1322 760 esse
1356 705 1432 758 ait
1455 705 1707 774 spiritum
1744 703 2156 777 Egyptiorum;

580 796 879 853 secundum
919 795 1307 867 Symmachum
1360 809 1511 861 vero,
1561 811 1580 846 ι
1629 795 1695 849 Et
1739 806 2019 865 rumpetur
2053 796 2161 865 spi-

580 887 723 944 ritus
759 885 977 958 Egypti
1017 886 1071 940 in
1106 886 1258 957 ipsa;
1307 904 1327 937 ι
1367 885 1666 940 secundum
1709 885 2156 953 Theodotionem,

583 993 610 1030 ι
644 977 709 1032 Et
749 976 1029 1033 scindetur
1069 974 1296 1046 spiritus
1339 971 1560 1044 Ευριί
1604 973 1658 1028 in
1703 973 1856 1042 ipsa;
1901 993 1920 1026 ι
1964 975 2156 1044 Aquila

576 1076 763 1124 autem
798 1067 880 1123 sic
927 1067 1024 1132 ait,
1085 1084 1104 1118 ι
1151 1064 1221 1121 Et
1261 1065 1508 1120 tradetur
1553 1066 1781 1134 spiritus
1828 1066 2048 1138 Egypti
2103 1066 2156 1122 in

575 1161 882 1218 visceribus
909 1160 1047 1229 ejus.
1095 1179 1116 1212 ο
1151 1160 1262 1217 Hoc
1298 1171 1479 1216 autem
1527 1161 1744 1230 dirupto
1787 1176 1847 1215 ac
1875 1176 1941 1216 ex
1974 1160 2159 1216 Eccle-

575 1256 659 1313 sia
706 1257 985 1326 proiecto,
1032 1254 1100 1308 ad
1154 1253 1453 1322 profectum
1505 1252 1886 1324 Egyptiorum
1926 1254 2157 1309 consilia

574 1363 739 1420 prava
771 1346 1092 1410 ineuntium,
1124 1344 1238 1415 Ego
1274 1346 1407 1415 ipse,
1453 1346 1530 1400 ait
1563 1346 1838 1411 Dominus,
1867 1347 2154 1404 consilium

2260 517 2421 592 ἦλθον
2450 520 2629 592 βαλεῖν
2654 520 2878 590 εἰρήνην
2909 518 3000 570 ἐπὶ
3029 518 3132 590 τὴν
3162 516 3288 588 γῆψ
3332 516 3432 570 οὐκ
3464 511 3625 585 ἦλθον
3662 513 3851 582 βαλεῖν

2260 615 2506 686 εἰρήνην,
2535 612 2672 667 ἀλλὰ
2719 612 3013 683 μάχαιραν,
3054 628 3072 660 ι
3103 609 3197 662 καὶ
3229 607 3297 660 τά
3358 607 3503 678 ἑξῆς.
3533 605 3754 659 Τούτων
3787 605 3851 660 δὲ

2258 703 2580 774 γινομένων,
2614 699 3056 772 ταραχθήσεσθαί
3081 715 3243 771 φησιν
3281 698 3310 750 6
3343 697 3499 766 λόγος
3534 697 3596 749 τὸ
3625 694 3848 767 πνεῦμα

2258 794 2367 848 τῶν
2398 794 2710 862 Αἰγυπτίων
2730 810 2744 824 ο
2785 795 2928 846 κατὰ
2953 792 3010 844 δὲ
3037 791 3128 844 τὸν
3148 789 3461 862 Σύμμαχον,
3487 809 3505 840 ι
3528 789 3639 842 Kal
3666 789 3845 859 ῥαγή-

2261 903 2410 940 σεται
2443 884 2662 956 πνεῦμα
2690 884 2966 953 Αἰγύπτου
2993 885 3050 935 ἐν
3082 885 3242 954 αὐτῇ.
3280 901 3297 934 ι
3337 883 3492 935 Κατὰ
3512 881 3568 933 δὲ
3597 880 3691 933 τὸν
3712 879 3846 932 Θεο-

2257 978 2504 1043 δοτίωνα,
2551 998 2569 1029 ι
2617 978 2728 1031 Kal
2759 976 3110 1048 σχισθήσεται
3137 974 3198 1027 τὸ
3229 973 3446 1044 πνεῦμα
3474 971 3753 1040 Αἰγύπτου
3783 971 3843 1022 ἐν

2257 1072 2417 1142 αύτῇ’
2459 1090 2477 1122 ι
2511 1072 2538 1124 ὁ
2565 1071 2623 1124 δέ
2683 1069 2942 1132 Ἀκύλας,
2975 1086 2994 1119 t
3031 1068 3140 1120 Kal
3162 1064 3594 1137 παραδοθήσεται
3622 1061 3844 1134 πνεῦμα

2253 1161 2532 1234 Αἰγύπτου
2563 1165 2620 1216 ἐν
2647 1162 2866 1232 ἐγκάτῳ
2890 1159 3082 1230 αὐτῆς.
3112 1177 3130 1210 ι
3178 1157 3381 1211 Τούτου
3405 1157 3461 1210 δέ
3495 1154 3840 1228 ῥηγνυμένου

2257 1259 2350 1313 καὶ
2382 1255 2926 1330 καταρριπτουμένου
2955 1255 3021 1307 ἐκ
3061 1254 3162 1323 τῆς
3201 1250 3544 1322 Ἑκκλησίας,
3584 1251 3838 1321 προκοπῇ

2256 1353 2364 1408 τῶν
2392 1350 2702 1420 Αἰγυπτίων
2745 1347 2938 1420 βουλὰς
2981 1345 3224 1416 πονηρὰς
3259 1342 3634 1404 ἐπινοούντων,
3674 1338 3837 1408 Ἐγὼ,

574 1455 765 1497 eorum
801 1437 1094 1509 dissipabo.
1147 1455 1166 1490 ι
1222 1437 1288 1492 Et
1325 1437 1739 1507 interrogabant
1772 1439 1914 1508 deos
1943 1453 2073 1493 suos
2104 1447 2145 1490 el

2253 1445 2445 1517 φησὶν,
2462 1443 2623 1507 αὐτὸς
2645 1444 2674 1496 6
2697 1440 2921 1512 Κύριος,
2935 1439 3036 1509 τὴν
3064 1436 3254 1508 βουλὴν
3276 1434 3452 1489 αὐτῶν
3473 1433 3836 1487 διασκεδάσω.

573 1533 868 1590 simulacra
901 1547 1029 1597 sua,
1074 1540 1130 1585 et
1166 1545 1259 1586 eos
1296 1529 1387 1598 qui
1427 1531 1496 1586 de
1541 1540 1683 1586 terra
1737 1531 2064 1602 loquuntur,
2103 1539 2145 1584 el

2259 1557 2280 1590 ι
2317 1539 2426 1592 Kal
2451 1537 2860 1608 ἐπερωτήσουσι
2883 1534 3010 1595 τοὺς
3030 1531 3187 1595 θεοὺς
3216 1529 3414 1595 αὐτῶν,
3443 1528 3540 1583 καὶ
3575 1528 3643 1581 τὰ
3669 1528 3841 1596 ἀγάλ-

571 1623 964 1693 veutriloquos.
1003 1641 1022 1675 ι
1063 1620 1270 1678 Horum
1315 1620 1533 1676 nemine
1573 1635 1672 1690 pro
1713 1629 1973 1676 consueto
2005 1633 2145 1672 more

2260 1646 2404 1701 ματα
2447 1629 2643 1693 αὐτῶν,
2688 1627 2784 1681 καὶ
2823 1626 2949 1688 τοὺς
2987 1625 3053 1678 ἐκ
3095 1624 3193 1694 τῆς
3237 1622 3339 1693 γῆς
3381 1620 3712 1692 φωνοῦντας,
3743 1620 3842 1674 καὶ

574 1726 892 1788 apparente,
939 1716 990 1770 in
1031 1724 1304 1771 extremas
1333 1715 1613 1782 angustias
1642 1714 1980 1769 delabentur.
2029 1731 2046 1764 ι
2089 1713 2145 1766 Et

2255 1722 2382 1784 τοὺς
2413 1717 2904 1790 ἐγγαστριμύθους.
2946 1736 2964 1768 ι
2999 1715 3197 1771 Οὐκέτι
3243 1713 3466 1784 μηδενὸς
3499 1710 3706 1764 τούτων
3740 1711 3839 1764 αύ-

577 1810 788 1864 tradam
814 1807 1105 1881 Egyptum
1137 1809 1191 1864 in
1222 1823 1413 1864 manus
1449 1808 1749 1872 hominum,
1809 1806 2145 1860 dominorum

2255 1814 2369 1874 τοῖς
2398 1809 2640 1880 συνήθως
2687 1806 3037 1879 φαινομένου,
3075 1807 3154 1869 εἰς
3197 1804 3432 1874 ἐσχάτην
3468 1800 3838 1874 ἐμπεσοῦνται

575 1900 864 1968 durorum,
919 1909 976 1956 et
1023 1914 1180 1971 reges
1221 1901 1339 1956 duri
1396 1898 1819 1956 dominabuntur
1863 1912 2075 1952 eorum.
2129 1915 2145 1948 ι

2257 1902 2509 1974 ἀπορίαν,
2555 1921 2570 1954 ς
2608 1902 2720 1955 Kal
2748 1897 3054 1972 παραδώσω
3091 1895 3191 1968 τὴν
3229 1895 3500 1964 Αἴγυπτον
3526 1895 3608 1958 είς
3645 1895 3839 1965 χεῖρας

576 1983 676 2041 His
713 1986 939 2044 indicari
985 1997 1114 2057 pulo
1156 1996 1366 2058 tempus
1423 2003 1531 2058 quo
1605 1996 1861 2042 eventura
1913 1997 2040 2041 sunt
2091 1999 2145 2040 ea

2254 1993 2578 2067 ἀνθρώπων,
2629 1993 2834 2066 κυρίων
2880 1988 3148 2060 σκληρῶν,
3194 1989 3288 2042 καὶ
3330 1988 3568 2059 βασιλεῖς
3604 1987 3838 2059 σκληροὶ

570 2089 694 2146 quae
721 2077 772 2132 in
805 2078 1060 2134 vaticinio
1087 2077 1372 2133 feruntur:
1416 2094 1539 2134 nam
1583 2077 1968 2149 Egyptiorum
1999 2077 2145 2147 regni

2256 2084 2635 2158 κυριεύσουσιν
2702 2083 2902 2138 αὐτῶν.
2963 2101 2982 2134 ι
3065 2078 3332 2134 Ἐνταῦθα
3398 2075 3688 2148 δηλοῦσθαι
3739 2077 3838 2130 τὸν

571 2167 928 2222 mutationem
979 2167 1095 2224 fore
1132 2168 1442 2241 signiﬁcat,
1478 2183 1585 2237 quo
1611 2177 1859 2239 tempore
1897 2169 2145 2225 Dominus

2254 2175 2443 2246 χρόνον
2483 2170 2636 2245 οἶμαι
2675 2173 2776 2244 τῆς
2813 2170 2921 2224 τῶν
2951 2167 3356 2240 θεσπιζομένων
3400 2166 3696 2229 ἐκϐάσεως⁸
3732 2183 3835 2236 με-

573 2256 630 2313 iu
661 2255 962 2329 A'Sgyptum
994 2258 1392 2328 proficiscetur.
1442 2258 1574 2325 Quis
1605 2273 1734 2315 vero
1764 2276 1869 2315 non
1912 2269 2150 2331 stupeat,

573 2349 624 2406 si
701 2361 918 2421 tempus
963 2352 1208 2407 conferat
1255 2353 1511 2409 salutaris
1560 2352 1960 2423 praedicationis
2029 2368 2148 2409 cum

570 2443 724 2514 regni
765 2441 1074 2515 Egyptiaci
1127 2445 1444 2512 eversione,
1501 2445 1772 2516 quomodo
1815 2445 2024 2501 scilicet
2053 2460 2152 2501 ex-

569 2533 694 2590 inde
727 2535 792 2589 ad
828 2536 1150 2591 hodiernum
1190 2552 1362 2608 usque
1411 2538 1580 2605 diem,
1630 2552 1737 2593 non
1792 2537 1934 2592 ultra
1983 2539 2148 2609 prisci

567 2628 644 2683 illi
678 2629 968 2700 principes,
996 2629 1268 2686 Ptolemaei
1299 2647 1514 2702 nempe,
1550 2631 1684 2702 ipsis
1715 2632 2022 2701 imperent_',
2054 2630 2148 2686 sed

567 2717 799 2777 Romani
837 2736 1026 2777 eorum
1054 2721 1299 2777 domini?

633 2987 741 3044 Pro
778 2989 870 3045 illo
901 2998 1107 3055 autem,
1144 3009 1163 3042 ι
1203 3004 1358 3062 reges
1407 2991 1549 3056 duri,
1586 3012 1606 3045 ι
1638 2993 1852 3062 Aquila,
1889 3011 1907 3045 ι
1947 2993 2014 3048 Ει
2050 3008 2146 3048 rex

565 3080 854 3136 roboratus
881 3081 1127 3151 regnabit
1168 3081 1337 3151 ipsis:
1375 3102 1393 3135 ι
1422 3081 1781 3154 Symmachus
1819 3100 1984 3149 vero,
2021 3104 2040 3136 ι
2081 3085 2147 3140 Et

565 3184 662 3224 rex
705 3169 875 3226 durus
899 3179 1224 3241 potestatem
1253 3173 1477 3228 habebit
1528 3174 1583 3228 in
1628 3173 1787 3241 illos;
1823 3193 1841 3226 ›
1893 3173 2144 3229 Theodo-

567 3263 665 3330 lio,
700 3282 719 3316 ι
751 3262 820 3318 Et
857 3280 950 3320 rex
988 3263 1143 3320 fortis
1169 3266 1538 3321 dominabitur
1572 3265 1695 3320 illis.
1733 3287 1752 3320 ι
1793 3267 1944 3322 Hunc
1983 3281 2146 3336 porro

563 3353 768 3410 dixeris
793 3369 915 3410 esse
955 3356 1360 3426 imperatorem,
1411 3356 1502 3426 qui
1541 3364 1782 3426 tempore
1825 3366 1976 3412 ortus
2024 3356 2145 3413 Sal-

562 3444 770 3500 t'atoris
798 3446 975 3500 nostri
1021 3445 1398 3502 Romanorum
1429 3448 1803 3503 monarchiam
1843 3449 2141 3505 obtinebat.

563 3532 716 3592 Tunc
753 3537 898 3592 enim
944 3537 1222 3609 Augustus
1263 3553 1392 3593 vere
1453 3540 1762 3604 roboratus,
1813 3554 1877 3596 ac
1928 3539 2148 3598 fortiter

561 3627 877 3699 imperans,
923 3630 1133 3701 primus
1196 3629 1488 3703 Egyptum
1557 3630 1822 3688 Romanis
1871 3631 2142 3701 subjecit,

558 3732 846 3793 postquam
888 3721 1205 3778 diuturnam
1250 3723 1396 3777 illam
1444 3722 1516 3778 ibi
1572 3723 1916 3794 regnantium
1948 3724 2145 3797 .Ptole-

559 3827 816 3869 micorum
854 3815 1262 3872 successionem
1303 3814 1624 3872 sustulerat.

631 4101 797 4158 Vna.
834 4102 890 4158 5.
925 4121 945 4156 ι
984 4101 1111 4160 Ηςιιο
1141 4106 1276 4161 dicit
1303 4105 1570 4162 Dominus
1614 4105 1889 4165 Sabaoth.
1947 4109 2016 4166 Et
2057 4109 2140 4166 bi-

557 4194 690 4250 bent
719 4194 955 4267 Egyptii
985 4212 1181 4267 aquam
1209 4213 1329 4268 qua:
1355 4207 1438 4254 est
1461 4199 1616 4269 juxta
1650 4215 1824 4258 mare.
1855 4220 1876 4255 ι
1898 4201 2003 4258 Pro
2029 4217 2138 4273 quo

556 4287 784 4358 Aquila,
825 4307 844 4342 ι
877 4289 941 4344 Ει
976 4289 1320 4359 haurientur,
1352 4290 1599 4360 inquit,~¢
1637 4306 1792 4362 aquae
1813 4294 2077 4366 exmari;
2114 4313 2134 4347 ι

557 4379 918 4451 Symmachus
975 4396 1144 4449 vero,
1179 4401 1200 4435 ε
1247 4381 1313 4437 Et
1357 4384 1869 4441 exterminabuntur
1914 4401 1945 4441 a
2000 4389 2138 4443 mari

2251 2265 2481 2337 ταόολην
2516 2264 2622 2336 γὰρ
2665 2261 2884 2316 ἔσεσθαι
2913 2261 3014 2332 τῆς
3053 2259 3340 2331 βασιλείας
3378 2258 3487 2311 τῶν
3518 2257 3836 2325 Αἰγυπτίων

2253 2357 2531 2429 σημαίνει,
2557 2355 2700 2410 κατὰ
2727 2355 2854 2418 τοὺς
2885 2353 3110 2425 χρόνους
3145 2353 3245 2423 τῆς
3273 2349 3367 2404 τοῦ
3394 2350 3602 2421 Κυρίου
3629 2350 3709 2413 εἰς
3736 2347 3838 2402 Αι-

2251 2464 2456 2516 γυπτον
2490 2445 2748 2516 ἀφίξεως.
2781 2443 2893 2497 Kal
2932 2443 3018 2506 τίς
3041 2442 3142 2494 ούκ
3178 2441 3244 2494 ἂν
3273 2437 3594 2508 ἐκπλαγείη,
3622 2435 3837 2507 συμῦα-

2250 2538 2358 2594 λὼν
2385 2539 2510 2604 τοὺς
2538 2538 2632 2592 τοῦ
2668 2536 2936 2608 σωτηρίου
2962 2534 3316 2606 κηρύγματος
3347 2531 3439 2584 καὶ
3465 2529 3565 2599 τῆς
3590 2531 3648 2582 ἐν
3678 2527 3836 2600 αὐτῷ

2250 2628 2599 2693 καταλύσεως
2642 2626 2736 2682 τοῦ
2783 2626 2905 2681 κατ’
2960 2625 3237 2694 Αἴγυπτον
3299 2621 3590 2693 βασιλείου,
3640 2620 3718 2684 ὡς
3769 2621 3834 2688 ἐξ

2249 2724 2456 2779 ἐκείνου
2501 2721 2596 2776 καὶ
2625 2723 2704 2783 εἰς
2744 2719 2902 2792 δεῦρο
2945 2717 3138 2791 μηκέτι
3178 2715 3358 2770 αὐτῶν
3399 2716 3527 2778 τοὺς
3563 2714 3832 2785 πρότερον

2249 2817 2532 2888 ἄρχοντας,
2563 2814 2705 2882 λέγω
2737 2811 2801 2883 δὴ
2829 2813 2954 2874 τοὺς
2981 2807 3370 2880 Πτολεμαίους,
3403 2808 3645 2878 κρατεῖν,
3692 2805 3834 2857 Ῥω-

2251 2909 2445 2980 μαίους
2471 2908 2528 2961 δὲ
2560 2904 2742 2959 αὐτῶν
2775 2903 2997 2975 κυρίους
3025 2899 3436 2971 ἁποφανθῆναι;

2333 3001 2476 3053 Ἀντί
2517 2999 2573 3052 δέ
2605 2997 2722 3061 τοῦ,
2761 3015 2778 3048 ι
2823 2995 3059 3066 βασιλεῖς
3100 2993 3346 3064 σκληροὶ,
3403 3011 3422 3044 ι
3459 2993 3488 3045 6
3525 2991 3622 3061 μὲν
3667 2989 3833 3041 Ἀκύ-

2248 3092 2368 3158 λας,
2408 3110 2427 3144 ι
2465 3091 2577 3144 Kal
2608 3087 2860 3159 βασιλεὺς
2890 3085 3367 3158 κεκραταιωμένος
3391 3083 3698 3154 βασιλεύσει
3727 3083 3834 3135 αύ-

2248 3186 2379 3250 τῶν,
2432 3203 2450 3236 ι
2507 3183 2762 3255 εἴρηκεν·
2806 3181 2834 3232 ὁ
2872 3179 2929 3231 δὲ
2969 3177 3286 3250 Σύμμαχος,
3337 3195 3354 3227 ι
3408 3175 3516 3229 Kal
3569 3173 3834 3244 βασιλεὺς

2251 3278 2483 3349 σκληρὸς
2514 3273 2816 3342 ἐξουσιάσει
2850 3270 3031 3327 αὐτῶν
3051 3288 3065 3301 ο
3105 3290 3122 3322 ι
3167 3270 3196 3322 6
3223 3270 3284 3323 δὲ
3315 3266 3625 3332 Θεοδοτίων,
3664 3285 3682 3316 ι
3716 3267 3836 3321 Kal

2250 3372 2499 3443 βασιλεὺς
2545 3365 2764 3438 ἰσχυρὸς
2803 3363 3080 3433 κυριεύσει
3131 3359 3332 3416 αὐτῶν.
3378 3378 3396 3410 ο
3455 3359 3642 3421 Εἷποις
3673 3357 3720 3410 δ’
3759 3358 3832 3411 ἂν

2247 3463 2434 3517 τοῦτον
2473 3457 2612 3513 εἶναι
2643 3457 2734 3511 τὸν
2771 3455 2913 3510 κατὰ
2944 3457 3070 3518 τοὺς
3115 3453 3339 3524 χρόνους
3386 3450 3486 3521 τῆς
3523 3450 3835 3520 γεννήσεως

2246 3554 2341 3608 τοῦ
2399 3555 2648 3628 Σωτῆρος
2707 3555 2864 3627 ἡμῶν
2920 3553 3028 3608 τῶν
3072 3550 3356 3623 Ῥωμαίων
3409 3548 3835 3619 μοναρχήσαντα

2249 3645 2492 3718 βασιλέα.
2527 3647 2660 3701 Τότε
2676 3647 2807 3717 γοῦν
2835 3645 3142 3715 Αὔγουστος
3175 3639 3654 3714 κεκραταιωμένος
3681 3637 3789 3710 ἀλη
3805 3667 3830 3679 ο

2246 3737 2355 3803 θῶς
2387 3739 2482 3792 καὶ
2520 3737 2758 3811 ἰσχυρῶς
2801 3737 3124 3808 βασιλεύων,
3167 3733 3382 3807 πρῶτος
3421 3731 3519 3803 τὴν
3550 3730 3835 3798 Αἴγυπτον

2246 3831 2480 3898 ὑπέταξε
2526 3832 2837 3903 Ῥωμαίοις,
2868 3828 3113 3885 καθελὼν
3141 3829 3241 3900 τὴν
3272 3829 3338 3880 ἐκ
3371 3823 3582 3897 μακροῦ
3613 3823 3833 3893 κρατή-

2246 3942 2419 3980 σασαν
2443 3924 2694 3998 διαδοχὴν
2721 3923 2829 3978 τῶν
2855 3924 2987 3994 παρ’
3012 3922 3197 3984 αὐτοῖς
3229 3917 3662 3990 βασιλευσάντων
3687 3916 3834 3969 Πτο-

2542 4108 2691 4177 λέγει
2724 4105 2931 4181 Κύριος
2981 4102 3205 4158 Σαϐαὼθ
3227 4119 3240 4135 ·
3287 4103 3398 4156 Kal
3437 4102 3651 4155 πίονται
3678 4099 3834 4174 ὕδωρ

2242 4204 2303 4259 τὸ
2351 4202 2504 4275 παρὰ
2551 4201 2826 4255 θάλασσαν
2863 4200 2913 4252 οἱ
2945 4196 3253 4266 Αἰγύπτιοι.
3307 4215 3323 4248 ι
3394 4193 3535 4248 Ἀνθ’
3569 4187 3631 4247 οὗ
3662 4196 3692 4247 6
3724 4195 3831 4264 μὲν

2256 4295 2504 4359 Ἀκύλας,
2535 4315 2553 4347 ι
2581 4295 2692 4347 Kal
2721 4290 3148 4361 ἀναποθήσεται,
3187 4289 3373 4360 φησὶν,
3402 4287 3570 4342 ὕδατα
3599 4287 3708 4340 ἀπὸ
3734 4286 3833 4340 θα-

2241 4387 2446 4460 λάσσης
2467 4405 2480 4418 ο
2520 4405 2539 4438 ι
2575 4389 2603 4438 6
2630 4386 2686 4438 δὲ
2711 4384 3026 4456 Σύμμαχος,
3068 4401 3086 4434 t
3125 4382 3235 4435 Kal
3262 4379 3686 4452 ἀφανισθήσεται
3715 4380 3832 4434 ἀπὸ

555 4487 732 4544 aquae.
765 4493 787 4529 ι
833 4473 932 4531 Hic
966 4491 1131 4543 porro
1177 4490 1274 4544 per
1318 4475 1489 4532 maria
1543 4477 1908 4535 turbulentam
1962 4477 2136 4552 Egy-

2249 4479 2516 4550 Βαλάσσης
2549 4478 2732 4532 ῦδατα.
2766 4496 2786 4528 ι
2822 4475 3116 4548 Τροπικῶς
3141 4474 3198 4527 δὲ
3221 4477 3249 4528 ὁ
3276 4473 3432 4542 λόγος
3461 4473 3736 4534 θαλάσσας
3764 4473 3830 4526 ἐν

555 4569 793 4638 ptiorum
847 4569 1250 4626 multitudinem
1295 4569 1685 4628 subindicavit.

628 4753 796 4813 Vm.
834 4755 890 4814 6.
931 4775 955 4809 ι
999 4755 1220 4814 Fluvios
1249 4765 1431 4812 autem
1475 4755 1694 4814 deﬁciet
1732 4769 1789 4816 et
1823 4769 2132 4822 .exarescet.

557 4842 626 4899 Et
657 4843 912 4902 deﬁcient
950 4845 1198 4912 ﬂumina,
1236 4857 1292 4903 et
1351 4849 1572 4906 canales
1628 4848 1822 4918 ﬂuvii,
1865 4861 1920 4907 et
1954 4850 2137 4907 exsic-

557 4935 772 4992 cabitur
807 4937 987 4992 omnis
1048 4941 1398 5010 congregatio
1456 4956 1746 5012 aquarum.
1798 4961 1818 4996 ›
1879 4942 1949 4999 Ut
1992 4959 2135 4999 novo

557 5027 680 5084 illos
705 5038 831 5100 potu
861 5030 1141 5102 excipias:
1179 5048 1306 5089 cum
1337 5035 1485 5090 enim
1519 5050 1693 5106 neque
1723 5035 1920 5091 ﬂumen
1957 5051 2134 5107 neque

557 5121 664 5178 alia
703 5121 757 5177 in
802 5123 1037 5195 Egypto
1077 5141 1220 5196 aqua
1249 5129 1509 5200 supersit,
1544 5145 1646 5186 nec
1679 5129 1891 5184 marina
1939 5131 2008 5185 ad
2041 5145 2136 5200 po-

557 5221 672 5268 tum
703 5213 902 5268 idonea
943 5214 1037 5281 sit,
1075 5231 1272 5272 novam
1318 5226 1376 5274 et
1413 5218 1758 5290 peregrinam
1789 5219 1908 5276 illos
1935 5235 2131 5290 aquam

558 5301 829 5359 bibituros
867 5303 964 5360 ait.
1008 5303 1141 5361 Erat
1179 5322 1345 5377 porro
1380 5308 1472 5364 illa
1501 5326 1622 5380 quae
1663 5327 1732 5367 ex
1773 5309 2015 5368 fontibus
2041 5327 2133 5367 sa-

557 5394 753 5452 lutaris
779 5411 809 5451 a
839 5396 1071 5455 Domino
1106 5399 1241 5470 ipsis
1280 5401 1751 5472 suppeditabatur.
1783 5403 1924 5474 Quin
1967 5405 2134 5461 etiam

559 5483 801 5544 Judaicis
834 5489 1215 5549 deﬁcientibus
1245 5494 1426 5564 aquis,
1455 5506 1706 5568 cantores
1736 5497 1994 5566 piscium,
2035 5499 2136 5553 hu-

560 5596 845 5638 manarum
871 5598 1072 5654 nempe
1114 5584 1442 5654 animarum,
1483 5589 1750 5661 plancturi
1782 5605 1902 5647 esse
1943 5590 2132 5647 dicun-

634 5784 682 5820 ⁸³
705 5783 897 5843 Matth.
939 5802 967 5840 κ
989 5825 1003 5851 .
1036 5785 1125 5842 5i.

2243 4572 2453 4636 τούτοις
2495 4572 2557 4626 τὸ
2605 4569 2920 4645 ταραχῶδες
2965 4568 3170 4640 πλῆθος
3209 4567 3317 4621 τῶν
3360 4567 3667 4636 Αἰγυπτίων
3707 4565 3828 4637 ᾐνί-

2245 4665 2392 4734 ξατο.

2320 4778 2338 4810 ι
2389 4757 2446 4812 ’0
2494 4757 2552 4811 δὲ
2585 4757 2826 4828 ποταμὸς
2855 4754 3094 4825 ἐκλείψει
3130 4754 3224 4808 καὶ
3255 4753 3672 4825 ξηρανθήσεται.
3709 4753 3825 4804 Kal

2243 4851 2579 4921 ἐκλείψουσιν
2609 4851 2659 4902 οἱ
2693 4848 2948 4920 ποταμοὶ,
2979 4848 3074 4902 καὶ
3121 4849 3178 4900 ai
3216 4846 3482 4919 διώρυγες
3523 4845 3617 4899 τοῦ
3649 4861 3823 4899 ποτα-

2245 4943 2370 5016 μοῦ,
2419 4945 2512 4998 καὶ
2561 4941 2956 5015 ξηρανθήσεται
3000 4941 3150 4994 πᾶσα
3191 4938 3481 5008 συναγωγὴ
3521 4938 3750 4992 ὑδάτων.
3797 4957 3820 4989 ι

2253 5039 2341 5101 Ὦς
2381 5035 2564 5092 καινὸν
2607 5036 2789 5099 αὐτοῖς
2820 5033 3034 5106 ξενίζῃς
3080 5033 3261 5086 πότον’
3301 5031 3497 5102 μηκέτι
3549 5029 3658 5102 γὰρ
3683 5030 3824 5099 ὑφε-

2244 5129 2445 5192 στῶτος
2473 5126 2566 5181 τοῦ
2597 5125 2865 5197 ποταμοῦ,
2902 5125 3035 5196 μηδὲ
3065 5125 3252 5195 ἐτέρου
3287 5120 3658 5191 Αἰγυπτιακοῦ
3692 5120 3826 5175 ὕδα-

2239 5239 2350 5286 τος,
2374 5219 2510 5275 ἀλλὰ
2543 5219 2676 5292 μηδὲ
2710 5218 2802 5272 τοῦ
2838 5217 3124 5272 θαλαττίου
3160 5215 3464 5287 ἐπιτηδείου
3497 5217 3648 5279 ὄντος
3679 5216 3824 5286 πρὸς

2241 5315 2420 5378 πόσιν,
2462 5313 2579 5366 νέον
2626 5313 2720 5365 καὶ
2758 5311 2907 5377 ξένον
2954 5310 3096 5383 ὕδωρ
3153 5309 3373 5364 πίεσθαι
3417 5310 3614 5373 αύτούς
3656 5326 3821 5381 φησισ

2239 5406 2398 5460 τοῦτο
2429 5405 2484 5459 δέ
2504 5400 2572 5477 ἦν
2606 5405 2667 5457 τὸ
2693 5405 2756 5457 ἐκ
2782 5403 2890 5456 τῶν
2915 5402 3108 5473 πηγῶν
3136 5401 3230 5455 τοῦ
3250 5402 3521 5473 σωτηρίου
3549 5400 3699 5472 παρὰ
3720 5400 3824 5454 τοῦ

2242 5497 2448 5570 Κυρίου
2485 5498 2667 5561 αὐτοῖς
2701 5495 3125 5569 χορηγούμενον.
3186 5494 3346 5549 Ἀλλὰ
3384 5494 3494 5567 γὰρ
3541 5495 3634 5549 καὶ
3671 5493 3822 5547 ἐκλι-

2241 5592 2449 5646 πόντων
2505 5591 2612 5647 τῶν
2671 5588 2978 5644 Ἰουδαϊκῶν
3033 5588 3261 5656 ὑδάτων,
3313 5589 3364 5642 οἱ
3415 5587 3649 5662 θηραταὶ
3704 5587 3822 5643 τῶν
