4158 6402
301 377 409 432 225

1261 370 1771 429 COMMENTARIA
1812 371 1878 426 ΙΝ
1920 372 2175 429 lSAlAM.
2217 402 2287 414 —
2322 375 2477 433 CAP.
2518 376 2664 434 XIX.

3466 381 3576 440 29.6

302 492 522 569 ἰχθύων,
551 494 754 567 δηλαδὴ
790 493 900 549 τῶν
934 492 1291 572 ἀνθρωπίνων
1322 491 1551 564 ίψυχῶν,
1596 492 1875 566 πενθήσειι

1990 499 2100 547 tur.
2149 490 2274 548 Illos
2310 501 2494 549 autem
2533 508 2564 549 a
2615 491 2881 565 propheta
2911 502 3245 551 memoratos
3273 493 3575 566 piscatores

298 587 560 656 λέγονται.
589 587 820 659 Νοήσεις
847 586 904 640 δὲ
933 587 1061 649 τοὺς
1090 587 1149 638 ὲν
1169 583 1248 656 τῷ
1279 585 1532 657 προφήτῃ
1558 584 1887 650 λεγομένους

299 679 470 743 ἁλιεῖς
507 681 603 733 καὶ
635 678 958 750 άμφιόολεϊς
1000 676 1060 745 ἐξ
1098 677 1300 750 ἐτέρων
1332 677 1530 732 ἁλιέων
1577 678 1672 732 καὶ
1716 694 1887 749 σαγη-

292 772 525 833 νευτῶν,
559 771 703 840 λέγω
731 772 794 842 δὴ
825 771 934 825 τῶν
964 771 1298 834 ἀποστόλων,
1345 771 1439 825 καί
1489 771 1746 843 μαθητῶν
1785 771 1885 827 τοῦ

299 865 552 937 Σωτῆρος
601 864 780 936 ήμῶν,
825 859 908 928 οἷς
954 863 1194 932 ἐλέγετο,
1245 883 1264 916 ι
1300 863 1487 930 Δεῦτε,
1529 865 1626 919 καὶ
1672 866 1886 932 ποιήσω

301 958 446 1029 ὑμᾶς
466 957 638 1021 ἁλιεῖς
657 956 977 1029 ἀνθρώπων.
1020 975 1038 1009 ι
1066 957 1128 1010 Εἰ
1162 955 1272 1029 γὰρ
1301 952 1443 1011 οὗτοι
1465 956 1554 1010 διὰ
1578 957 1676 1028 τῆς
1703 957 1886 1010 αὐτῶν

300 1048 644 1112 διδασκαλίας
676 1049 932 1121 ἐθήρευον
960 1047 1061 1112 τάς
1087 1047 1196 1100 τῶν
1222 1049 1524 1121 ἀνθρώπων
1565 1049 1762 1119 ψυχὰς,
1797 1050 1886 1103 ἐλ-

301 1159 488 1207 κοντες
511 1143 605 1196 ἐπὶ
651 1142 946 1213 σωτηρίαν,
981 1143 1070 1197 διά
1108 1143 1171 1208 τί,
1195 1145 1295 1196 οὐκ
1323 1141 1388 1194 ἂν
1428 1142 1602 1205 εἴποις
1634 1142 1728 1196 καὶ
1755 1142 1884 1206 τοὺς

300 1234 615 1303 Αἰγυπτίων
667 1233 991 1304 λεγομένους
1037 1233 1206 1297 ἁλιεῖς
1247 1234 1342 1287 καὶ
1385 1232 1708 1304 ἀμφιϐολείς
1755 1235 1885 1297 τοὺς

299 1324 467 1377 πάλαι
488 1324 843 1387 διδασκάλους
868 1325 967 1395 τῆς
992 1326 1120 1396 παρ’
1151 1325 1335 1388 αὐτοῖς
1370 1323 1688 1393 φιλοσοφίας
1716 1317 1878 1388 εἶναι,

298 1414 349 1466 οἳ
391 1413 480 1468 διὰ
525 1415 625 1486 τῆς
663 1416 1042 1486 Αἰγυπτιακῆς
1093 1416 1368 1487 γοητείας,
1421 1417 1742 1486 ἐπαγίδευον
1787 1417 1882 1470 καὶ

298 1506 487 1578 ῶσπερ
520 1507 800 1573 ἐδελέαζον
830 1509 954 1572 τοὺς
986 1508 1078 1560 ὑπ’
1118 1506 1296 1560 αὐτῶν
1331 1508 1751 1579 ἁλισκομένους

375 1616 393 1646 ι
431 1596 543 1648 Kal.
568 1595 627 1648 ὲν
653 1599 814 1650 παντὶ
844 1597 954 1650 ἕλει
980 1597 1225 1668 καλάμου
1256 1599 1350 1651 καὶ
1390 1597 1668 1670 παπύρου,
1695 1599 1791 1652 καὶ
1817 1598 1879 1652 τὸ

299 1686 393 1755 ἁχὶ
422 1685 483 1738 τὸ
517 1685 745 1758 χλωρὸν,
778 1687 886 1739 πᾶν
919 1688 980 1740 τὸ
1012 1686 1198 1758 κύκλῳ
1221 1687 1315 1740 τοῦ
1341 1688 1610 1758 ποταμοῦ,
1637 1688 1734 1742 καὶ
1767 1689 1874 1742 πᾶν

297 1778 357 1830 τὸ
387 1778 742 1850 σπειρόμενον
781 1778 868 1832 διά
906 1777 1000 1831 τοῦ
1048 1778 1294 1850 ποταμοῦ
1327 1777 1726 1852 ξηρανθήσεται
1754 1779 1880 1832 ἀνε-

1985 593 2043 640 et
2093 584 2230 641 retia
2273 584 2543 653 iacientes
2588 585 2864 658 intelligas
2912 601 2978 644 ex
3039 586 3162 644 aliis
3205 587 3575 658 piscatoribus

1985 685 2039 731 et
2086 678 2304 744 sagenis
2348 678 2660 744 utentibus;
2711 694 2778 736 ex
2831 681 3095 750 apostolis
3145 682 3268 737 dico
3312 689 3367 738 et
3415 681 3577 738 disci-

1985 769 2128 841 pulis
2169 769 2469 825 Salvatoris
2509 771 2717 837 nostri,
2772 773 2968 842 quibus
3020 773 3338 839 dicebatur,
3387 792 3408 826 ι
3467 775 3575 830 V'e-

1985 863 2122 929 nite,
2167 870 2224 918 et
2271 861 2464 916 faciam
2498 877 2594 918 vos
2658 863 2959 933 piscatores
3015 865 3295 921 hominum
3325 865 3392 919 “.
3443 884 3465 920 ι
3512 865 3574 923 Si

1985 955 2129 1010 enim
2177 953 2265 1010 isti
2298 954 2545 1009 doctrina
2578 970 2678 1010 sua
2715 955 2995 1010 hominum
3025 957 3240 1012 animas
3282 955 3575 1027 piscaban-

1986 1058 2096 1112 tur,
2137 1048 2204 1103 ad
2261 1049 2486 1104 salutem
2537 1048 2658 1103 illas
2696 1049 3012 1117 trahentes,
3070 1065 3171 1106 cur
3217 1066 3322 1106 non
3363 1049 3573 1106 dixeris

1985 1152 2316 1196 memoratos
2360 1139 2482 1197 illos
2529 1138 2914 1210 Egyptiorum
2972 1141 3276 1212 piscatores
3331 1150 3386 1196 et
3431 1140 3572 1196 retia

1978 1231 2247 1300 iacientes
2271 1276 2287 1298 ,
2327 1233 2495 1288 fuisse
2541 1232 2662 1288 illos
2705 1233 2836 1288 olim
2881 1232 3239 1304 philosophiae
3276 1234 3571 1298 doctores,

1982 1323 2074 1394 qui
2113 1338 2210 1394 per
2232 1323 2583 1397 Egyptiacas
2612 1326 2919 1397 praestigias
2985 1325 3357 1396 illaqueabant
3395 1334 3450 1380 et
3483 1327 3572 1382 in-

1982 1415 2246 1471 escabant
2269 1431 2363 1472 eos
2394 1431 2531 1489 quos
2567 1429 2764 1487 capere
2795 1426 3050 1488 poterant
3075 1417 3099 1472 ?

2059 1590 2217 1647 Vens.
2238 1593 2292 1661 7,
2324 1590 2378 1647 8.
2413 1609 2433 1645 ι
2469 1591 2537 1647 Ει
2561 1591 2613 1648 in
2643 1595 2790 1648 omni
2827 1591 3018 1662 palude
3047 1590 3240 1647 calami
3268 1599 3322 1647 et
3352 1590 3570 1664 papyri,

1979 1694 2036 1740 et
2087 1683 2214 1740 achi
2242 1684 2428 1740 virens
2451 1698 2615 1740 omne
2652 1685 2860 1740 circum
2886 1683 3111 1746 ﬂumen.
3141 1694 3195 1739 et
3231 1697 3393 1740 omne
3420 1682 3570 1754 quod

1979 1777 2280 1832 seminatur
2318 1775 2386 1830 ad
2416 1773 2642 1842 ﬂumen,
2677 1784 2890 1831 arescet
2935 1784 2990 1831 et
3023 1785 3189 1831 vento
3231 1774 3453 1846 peribit.
3495 1775 3564 1830 Et

300 1869 590 1943 μόφθορον.
620 1871 729 1924 Kal
766 1871 1111 1936 στενάξουσιν
1137 1874 1186 1925 οἱ
1213 1850 1407 1936 ἁλιεῖς,
1437 1873 1529 1926 καὶ
1561 1870 1875 1938 στενάξουσι

1981 1877 2197 1940 gement
2235 1867 2557 1939 piscatores,
2611 1879 2666 1922 et
2711 1874 2930 1938 gement
2963 1883 3153 1925 omnes
3200 1867 3293 1937 qui
3346 1866 3572 1923 mittunt

296 1965 499 2026 πάντες
528 1964 577 2018 οἰ
609 1963 893 2035 βάλλοντες
928 1964 1224 2036 ἄγκιστρον
1253 1965 1334 2028 εἰς
1366 1965 1458 2018 τὸν
1493 1964 1760 2036 ποταμὸν,
1785 1964 1878 2018 κα).

293 2057 344 2110 οἰ
374 2057 655 2127 βάλλοντες
682 2059 924 2128 σαγήνας
953 2057 1049 2110 καὶ
1081 2057 1403 2128 ἀμφιϐολεῖς
1427 2056 1806 2130 πενθήσουσιν.
1854 2075 1888 2108 ι’

295 2149 540 2221 Παντελῆ
571 2149 627 2203 δὲ
665 2145 819 2220 οἶμαι
863 2149 1128 2221 ξηρασίαν
1173 2149 1381 2204 ὑδάτων
1425 2149 1514 2204 διὰ
1557 2150 1762 2204 τούτων
1790 2167 1880 2222 ση-

301 2238 532 2309 μαίνειν,
569 2238 646 2301 ὡς
684 2239 818 2309 μηδέ
864 2238 1010 2309 ἴχνος
1041 2239 1260 2292 νοτίδων
1303 2239 1511 2294 ὑδάτων
1546 2241 1682 2311 μήτε
1709 2241 1766 2293 ἐν
1799 2238 1879 2308 τῷ

297 2331 526 2402 ποταμῷ
561 2331 865 2400 φαίνεσθαι,
904 2332 1040 2402 μήτε
1075 2333 1132 2384 ἐν
1169 2331 1248 2402 τῷ
1270 2330 1379 2384 ἕλει
1427 2332 1552 2403 μήτ’
1582 2332 1725 2402 ἀμφὶ
1771 2331 1879 2384 τῶν

295 2423 558 2494 ποταμῶν
585 2423 758 2486 ἐκτός,
789 2423 913 2492 μήτ’
935 2424 992 2474 ἐν
1011 2421 1159 2493 αὐτῷ
1181 2423 1349 2494 μέσῳ,
1375 2424 1500 2494 μήτ’
1521 2424 1578 2475 ἐν
1601 2422 1876 2494 διώρυξιν,

297 2515 426 2586 μήτ’
451 2516 508 2566 ἐν
533 2515 816 2585 στασίμοις
853 2513 1072 2567 ὕδασιν·
1109 2513 1282 2583 λεῑψιν
1325 2514 1381 2568 δὲ
1415 2513 1629 2586 ἀθρόως
1673 2514 1878 2568 τούτων

292 2607 510 2661 ἔσεσθαι
552 2607 828 2672 ἁπάντων,
863 2607 939 2670 ὡς
972 2607 1224 2679 μηδαμοῦ
1267 2607 1368 2677 τῆς
1408 2608 1726 2675 Αἰγυπτίων
1775 2612 1878 2679 γῆς

294 2698 461 2754 ὓδατα
507 2699 824 2770 ὑφεστάναι.
872 2698 1011 2752 Ἀλλ’
1050 2693 1203 2762 οὗτος
1242 2700 1272 2752 ό
1314 2699 1468 2768 λόγος
1510 2701 1605 2752 καὶ
1643 2699 1734 2753 τὸν
1777 2701 1877 2754 οὐκ

291 2792 542 2868 ἐθέλοντα
568 2793 813 2864 βιάζεται
836 2792 926 2845 ἐπὶ
950 2792 1215 2864 τροπικὴν
1246 2791 1592 2863 μεταϐαίνειν
1619 2792 1874 2864 θεωρίανο

291 2885 433 2939 ὥστε
461 2885 519 2952 ἐξ
550 2885 795 2954 ἀνάγκης
826 2884 1104 2955 ποταμοὺς
1125 2885 1218 2938 καὶ
1247 2885 1414 2938 ὕδατα
1435 2887 1578 2939 νοεῖν
1604 2885 1876 2954 Αἰγύπτια

292 2980 412 3050 ἦτοι
434 2978 501 3032 τὰ
525 2978 701 3050 πλήθη
725 2979 827 3049 τῆς
854 2977 1236 3047 Αἰγυπτιακῆς
1258 2977 1561 3047 δυνάμεως,
1589 2977 1623 3048 ἢ
1647 2977 1746 3049 τήν
1780 2975 1877 3047 βα-

294 3072 498 3125 σιλείαν
541 3071 718 3124 αὐτῶν
767 3071 866 3140 τὴν
915 3069 1081 3124 πάλαι
1127 3067 1376 3140 ποταμοῦ
1420 3069 1578 3139 δίκην
1615 3069 1875 3140 πλημμυ-

295 3163 492 3235 ροῦσαν
518 3163 550 3235 ἢ
581 3163 700 3216 καθ’
733 3162 926 3234 ἑτέραν
970 3161 1218 3234 ἐκδοχὴν,
1255 3162 1356 3234 τὴν
1386 3163 1518 3234 παρ’
1555 3162 1874 3231 Αἰγυπτίοις

289 3257 352 3309 τὸ
373 3256 602 3311 παλαιὸν
624 3255 975 3326 ἀκμάζουσαν
993 3252 1330 3322 φιλοσοφίαν,
1355 3254 1483 3325 περὶ
1508 3247 1575 3326 ἧς
1600 3253 1868 3308 λέλεκταιο

297 3365 317 3400 ι
358 3349 467 3402 Καὶ
503 3345 794 3418 ἐπαιδεύθη
823 3345 1065 3416 Μωῦσῆς
1100 3344 1250 3417 πάσῃ
1276 3344 1439 3416 σοφία
1464 3345 1798 3414 Αἰγυπτίων.
1849 3365 1868 3400 ι

291 3439 469 3512 Πολλὴ
493 3439 600 3511 γάρ
627 3457 709 3504 τις
730 3434 798 3509 ἦν
820 3437 978 3510 αὐτὴ,
1006 3438 1100 3491 καὶ
1127 3437 1299 3506 μέγας
1321 3439 1348 3491 ό
1376 3439 1503 3508 παρ’
1528 3437 1712 3501 αὐτοῖς
1736 3438 1875 3509 ῥέων

291 3532 555 3603 ποταμὸς,
584 3533 614 3583 ό
650 3531 750 3602 τῆς
789 3531 922 3603 παρ’
970 3529 1153 3594 αὐτοῖς
1199 3528 1625 3601 θαυμαζομένης
1680 3530 1875 3600 σοφίας

289 3623 465 3692 λόγος.
493 3622 696 3675 Τούτου
734 3621 791 3674 δὲ
828 3621 1042 3692 ὑπῆρχε
1089 3621 1228 3692 μέρη
1261 3620 1432 3673 πολλά
1464 3618 1876 3693 κατακερματι-

289 3713 518 3787 ζομένου
548 3716 626 3778 εἰς
649 3713 919 3786 διώρυγας
943 3713 1164 3776 πολλὰς,
1195 3713 1292 3766 καὶ
1319 3715 1400 3777 εἰς
1429 3713 1654 3778 πολλοὺς
1699 3715 1877 3787 μαθη-

287 3802 386 3865 τὰς
425 3802 532 3854 τῶν
581 3801 704 3856 καθ’
744 3803 974 3856 ἕκαστον
1027 3801 1137 3854 τῶν
1180 3803 1308 3872 παρ’
1345 3803 1528 3865 αὐτοῖς
1579 3804 1872 3874 μαθήσεων

286 3893 479 3962 λόγων,
510 3893 569 3958 ἐξ
597 3886 672 3948 ὧν
697 3892 856 3963 ἕφυον
881 3894 980 3946 οὐκ
1016 3893 1250 3965 ἄμπελοι
1283 3893 1403 3947 ούδέ
1441 3894 1640 3958 ἐλαῖαι,
1672 3896 1791 3949 οὐδέ
1819 3913 1871 3949 τι

286 3985 393 4038 τῶν
450 3985 742 4058 καρπίμων
782 3985 892 4039 τῶν
935 3987 1247 4053 ἀναγκαίων
1293 3987 1546 4059 δένδρων,
1589 3987 1726 4041 ἀλλά
1775 3990 1874 4042 πά-

287 4093 476 4148 πυρος,
519 4079 761 4148 κάλαμος
787 4079 881 4132 καὶ
912 4079 971 4131 τὸ
1005 4078 1213 4149 χλωρὸν
1246 4081 1357 4151 ἀχί.
1408 4080 1660 4152 Σαγήνας
1687 4081 1742 4134 δὲ
1767 4083 1865 4134 αύ-

286 4168 393 4221 τῶν
421 4171 634 4240 νοήσεις
670 4168 778 4223 ἀπὸ
803 4169 902 4239 τῆς
943 4170 1037 4222 τοῦ
1067 4170 1318 4241 Σωτῆρος
1355 4171 1511 4242 ἡμῶν
1553 4172 1871 4245 παραϐολῆς

286 4257 354 4311 δι’
387 4255 454 4333 ἧς
491 4260 740 4333 εἴρηται·
782 4279 799 4311 ι
846 4261 1036 4332 Ὁμοία
1066 4261 1212 4316 ἐστὶν
1239 4263 1271 4332 ἡ
1300 4261 1540 4332 βασιλεία
1573 4264 1680 4317 τῶν
1704 4267 1869 4336 οὐρα-

286 4352 391 4404 νῶν
419 4354 627 4424 σαγήνῃ
671 4353 930 4426 βληθείσῃ
957 4356 1036 4417 εἰς
1071 4354 1168 4427 τὴν
1206 4354 1502 4423 θάλασσαν,
1542 4359 1635 4410 καὶ
1676 4359 1869 4415 συλλα-

285 4442 454 4518 ϐούσῃ
481 4445 588 4497 ἀπὸ
623 4445 821 4509 παντὸς
853 4445 1042 4515 γένους
1071 4445 1284 4517 ἰχθύων.
1322 4466 1340 4498 ι
1387 4448 1593 4520 ’Ὠσπερ
1623 4449 1678 4502 δὲ
1714 4453 1770 4504 ἐν
1799 4455 1864 4522 τῇ

1983 1960 2202 2017 hamum
2239 1961 2294 2014 in
2334 1958 2556 2024 ﬂumen,
2592 1967 2644 2015 et
2686 1961 2781 2031 qui
2829 1961 3055 2015 mittunt
3091 1973 3344 2030 sagenas,
3380 1968 3438 2015 et
3471 1959 3566 2030 qui

1982 2052 2203 2107 mittunt
2245 2052 2408 2118 retia,
2470 2052 2753 2120 lugebunt.
2804 2071 2824 2105 ι
2869 2050 2965 2107 His
3005 2051 3375 2107 omnimodam
3417 2052 3568 2107 arbi-

1984 2151 2098 2196 tror
2145 2157 2408 2212 aquarum
2463 2142 2776 2196 siccitatem
2830 2141 3100 2208 indicari,
3158 2141 3232 2196 ita
3285 2151 3346 2198 ut
3391 2158 3569 2214 neque

1982 2234 2267 2306 vestigium
2308 2233 2553 2289 humoris
2592 2249 2783 2304 aquae,
2825 2233 2908 2288 vel
2943 2234 2996 2288 in
3033 2233 3223 2298 ﬂuvio,
3259 2235 3343 2289 vel
3385 2237 3436 2290 in
3479 2251 3569 2306 pa-

1982 2326 2128 2391 lude,
2185 2327 2270 2381 vel
2307 2337 2461 2382 extra
2503 2324 2724 2381 flumina
2754 2326 2806 2380 in
2845 2327 3101 2392 circuitu,
3148 2326 3232 2382 vel
3270 2330 3322 2382 in
3363 2329 3565 2394 medio,

1980 2419 2062 2474 vel
2098 2420 2151 2473 itt
2177 2419 2477 2483 canalibus,
2512 2417 2596 2472 vel
2629 2419 2680 2473 in
2719 2420 2876 2488 aquis
2905 2436 3009 2475 non
3044 2418 3359 2488 fluentibus,
3390 2437 3558 2492 appa-

1984 2519 2137 2575 reat,
2193 2509 2287 2563 sed
2329 2511 2574 2564 omnium
2614 2508 2905 2564 confertim
2947 2511 3200 2565 vacuitas
3244 2521 3302 2566 et
3341 2514 3564 2582 penuria

1982 2601 2163 2655 futura
2199 2601 2302 2665 sit,
2355 2600 2430 2655 ita
2463 2610 2520 2656 ut
2565 2602 2618 2655 in
2650 2600 2882 2672 Egypto
2912 2618 3179 2671 nusquam
3221 2618 3377 2672 aqua:
3409 2620 3563 2660 cont-

1980 2705 2225 2761 pareant.
2259 2693 2456 2750 Verum
2492 2694 2580 2749 hic
2606 2710 2786 2749 sermo
2813 2694 2900 2749 vel
2934 2695 3162 2750 invitum
3187 2711 3460 2767 quemque
3494 2698 3564 2750 ad

1981 2786 2260 2855 figuratam
2317 2788 2741 2857 speculationem
2797 2787 2846 2842 vi
2903 2789 3206 2858 pertrahit,
3250 2789 3324 2844 ita
3360 2797 3420 2844 ut
3466 2805 3563 2845 ne~

1979 2879 2218 2933 cessario
2263 2891 2362 2947 per
2387 2879 2714 2952 Egyptiaca
2745 2879 2969 2936 flumina
3030 2893 3086 2936 et
3137 2897 3306 2952 aquas
3367 2883 3561 2940 intelli-

1979 2980 2073 3036 gas
2102 2957 2436 3038 {Egyptiacze
2468 2955 2721 3039 potentia:
2750 2970 2855 3024 vim
2897 2981 2952 3025 et
2989 2972 3412 3040 multitudinem,
3463 2990 3562 3032 nec

1982 3071 2084 3110 non
2127 3072 2347 3128 regnum
2385 3074 2600 3122 eorum,
2642 3061 2786 3131 quod
2825 3062 2952 3117 olim
2995 3062 3232 3121 ﬂuminis
3268 3066 3440 3122 instar
3467 3082 3560 3122 ex-

1979 3151 2256 3220 undahat;
2297 3152 2412 3207 sive
2461 3155 2759 3209 secundum
2805 3155 2968 3210 aliam
3016 3157 3413 3226 interpretandi
3467 3175 3557 3213 ra-

1981 3243 2203 3306 tionem,
2260 3245 2654 3316 pltiloSOphiam
2694 3248 2824 3303 olim
2855 3250 2996 3319 apttd
3040 3248 3331 3322 Egyptios
3359 3253 3558 3309 ﬂoren-

1979 3342 2117 3389 tem:
2157 3335 2223 3392 de
2265 3351 2378 3406 qua
2412 3339 2615 3394 dictum
2659 3353 2773 3404 est,
2820 3359 2840 3392 ι
2890 3342 3177 3398 Institutas
3217 3355 3303 3400 est
3344 3343 3558 3417 Moyses

1977 3421 2030 3478 in
2072 3427 2216 3479 omni
2253 3427 2522 3497 sapientia
2562 3428 2948 3503 Egyptiorntn
2975 3435 3044 3490 ⁸⁵.
3088 3453 3105 3486 ι
3140 3435 3331 3504 Magna
3361 3439 3561 3508 quippe

1975 3517 2280 3587 antiquitus
2326 3519 2414 3574 illa
2459 3531 2616 3585 erat,
2660 3538 2914 3594 maguum
2960 3525 3031 3578 ibi
3070 3525 3308 3596 flumen,
3363 3543 3558 3598 magna

1975 3624 2190 3682 quoque
2217 3627 2385 3681 penes
2426 3614 2547 3670 illos
2583 3627 2704 3671 erat
2745 3619 3052 3687 sapientiae,
3083 3634 3246 3688 quam
3285 3620 3556 3676 miraban-

1977 3711 2085 3768 tur,
2132 3705 2291 3760 ratio.
2326 3706 2507 3761 Multae
2551 3723 2713 3778 porro
2758 3720 2939 3777 partes
2977 3722 3135 3766 erant
3172 3711 3330 3783 hujus
3379 3711 3557 3768 flumi-

1975 3797 2080 3861 nis,
2117 3798 2274 3854 divisi
2307 3816 2501 3869 nempe
2541 3803 2595 3856 itt
2629 3802 2827 3859 multos
2849 3805 3104 3871 canales,
3146 3806 3198 3861 in
3233 3805 3433 3864 multos
3473 3809 3557 3862 ni-

1978 3891 2171 3946 mirum
2213 3893 2508 3964 discipulos
2537 3897 2831 3951 sccundum
2874 3899 3052 3954 varias
3085 3899 3423 3970 singulorum
3473 3902 3555 3958 di-

1973 3983 2272 4053 sciplinas:
2318 3987 2610 4055 exquibus
2633 3988 2973 4057 pullulabant
3011 4006 3116 4046 non
3147 3993 3343 4057 vineae,
3377 4008 3556 4066 neque

1973 4074 2148 4141 olivae,
2197 4091 2374 4146 neque
2421 4078 2529 4132 alia
2570 4082 2836 4151 quaepiam
2867 4097 2932 4137 ex
2972 4082 3242 4141 fructibus
3268 4102 3334 4142 ac
3363 4101 3554 4144 neces-

1973 4166 2136 4220 sariis
2189 4166 2520 4236 arboribus,
2572 4171 2666 4224 sed
2714 4186 2977 4240 papyrus,
3029 4174 3270 4230 calamus
3321 4186 3375 4232 et
3431 4179 3552 4233 aclti

1973 4259 2174 4313 virens.
2204 4257 2448 4330 Sagenas
2475 4276 2637 4329 porro
2670 4276 2860 4318 eorum
2896 4264 3172 4335 intelligas
3197 4281 3264 4320 ex
3290 4269 3551 4337 parabola

1973 4348 2303 4415 Salvatoris,
2378 4366 2483 4420 qua
2564 4352 2796 4418 dit-itur,
2863 4373 2880 4405 ι
2927 4354 3118 4410 Simile
3173 4365 3258 4410 est
3324 4373 3550 4428 regnum

1971 4439 2229 4496 cmlorum
2257 4457 2476 4512 sagente
2506 4444 2681 4500 missae
2705 4445 2756 4499 in
2797 4461 2968 4512 mare,
3002 4459 3056 4501 et
3077 4462 3142 4504 ex
3169 4451 3316 4503 omni
3351 4466 3550 4521 genere

284 4534 568 4607 παραϐολῇ
591 4539 638 4589 οἰ
666 4536 944 4608 ἄνθρωποι
977 4537 1158 4609 ἰχθύες
1187 4537 1454 4609 εἴρηνται,
1485 4542 1576 4593 καὶ
1601 4546 1811 4614 σαγήνη
1837 4545 1866 4596 ὁ

1976 4533 2199 4601 piscium
2233 4539 2582 4606 congreganti
2614 4539 2684 4590 ³⁸.
2728 4556 2746 4589 ι
2805 4539 3277 4606 Quemadmodum
3312 4556 3444 4598 vero
3490 4543 3546 4599 in

283 4639 350 4676 πε
361 4625 411 4696 ρί
440 4623 542 4695 τῆς
569 4625 847 4696 βασιλείας
873 4628 980 4680 τῶν
1010 4627 1255 4700 οὐρανῶν
1297 4629 1649 4698 εύαγγελικὸς
1671 4631 1825 4702 λόγος
1845 4651 1860 4665 ο

281 4716 454 4781 οὕτως
483 4718 575 4770 καὶ
605 4717 840 4772 ἐνταῦθα
867 4720 899 4790 ἡ
937 4718 1278 4784 πολύπλοκος
1300 4722 1540 4793 δεινότης
1569 4723 1661 4776 τοῦ
1703 4726 1865 4794 Αἰγυ-

281 4808 438 4860 πτίου
488 4807 668 4877 λόγου,
712 4809 798 4881 εἴη
848 4808 914 4863 ἂν
970 4813 1177 4883 σαγήνη
1217 4813 1308 4865 καὶ
1353 4812 1422 4865 τὰ
1475 4813 1864 4888 ἀμφίϐληστρα

279 4899 509 4970 ὁμοίως·
537 4905 585 4954 οἰ
615 4901 670 4955 δὲ
702 4905 1125 4976 σαγηνευόμενοι
1150 4905 1288 4976 πρὸς
1326 4905 1506 4960 αὐτῶν
1534 4907 1714 4977 ἰχθύες
1751 4904 1862 4963 εἷεν

277 4991 325 5042 οἰ
365 4993 483 5054 ταῖς
525 4992 829 5064 ἀπατηλαῖς
869 4994 1203 5064 σοφιστείαις
1245 4997 1325 5060 εἰς
1372 4998 1479 5050 πᾶν
1518 4992 1658 5060 εἶδος
1697 4998 1859 5051 ἀθέου

275 5081 696 5155 δεισιδαιμονίας
755 5084 1173 5157 ύποσυρόμενοι.
1231 5087 1516 5153 Στενάξειν
1585 5087 1716 5155 γοῦν
1766 5091 1861 5142 καὶ

277 5173 567 5245 πενθήσειν
591 5174 838 5243 λέγονται
863 5176 911 5228 οἰ
942 5175 1264 5246 ἀμφιϐολεῖς
1293 5176 1391 5245 τῆς
1416 5176 1715 5246 Αἰγύπτου,
1751 5196 1857 5251 μη-

277 5266 394 5321 κέτι
419 5267 630 5338 ἔχοντες
668 5268 929 5340 ἐργασίαν
955 5269 1044 5322 διὰ
1077 5269 1170 5322 τὸν
1207 5268 1626 5340 ἐπιδημήσαντα
1672 5272 1857 5336 αὐτοῖς

274 5357 508 5429 Χριστὸν
543 5360 637 5412 καὶ
676 5359 776 5430 τὴν
813 5361 994 5413 πᾶσαν
1039 5357 1218 5413 αὐτῶν
1255 5357 1447 5428 σοφίαν
1490 5359 1853 5427 ἀπολέσαντα,

275 5447 418 5502 κατά
437 5449 518 5514 τὸ,
546 5469 564 5500 ι
588 5449 797 5503 Ἀπολῶ
813 5450 914 5521 τὴν
939 5449 1128 5518 σοφίαν
1155 5448 1260 5503 τῶν
1278 5450 1476 5519 σοφῶν,
1501 5453 1596 5506 καὶ
1616 5453 1711 5526 τὴν
1741 5453 1855 5507 σύν-

275 5559 388 5595 εσιν
408 5542 516 5596 τῶν
544 5542 778 5596 συνετῶν
798 5542 1067 5597 ἀθετήσω.
1107 5564 1125 5597 ι

349 5827 393 5860 ⁸⁸
423 5827 608 5885 Matth.
646 5829 823 5897 “7,19.
891 5830 946 5906 ,⁸⁸
974 5833 1095 5889 Act.
1121 5845 1227 5904 ﬁn,
1255 5832 1348 5888 ετ.
1426 5834 1472 5867 ’⁸
1498 5833 1683 5892 Matth.
1715 5851 1836 5904 xm,
1859 5835 1949 5892 47.

1967 4627 2226 4697 parabola
2263 4628 2512 4686 homines
2547 4646 2642 4700 pro
2671 4631 3001 4702 piscibus.et
3036 4649 3134 4702 pro
3165 4649 3360 4705 sagena
3379 4651 3548 4691 evan-

1966 4719 2170 4790 gelicus
2215 4721 2282 4776 de
2335 4737 2502 4792 regno
2551 4724 2813 4779 caelorum
2854 4740 3035 4780 sermo
3088 4725 3322 4792 dicitur,
3383 4726 3455 4781 ita
3493 4736 3546 4786 et

1966 4810 2072 4866 hoc
2107 4813 2226 4868 loco
2267 4815 2539 4884 implicata
2575 4817 2664 4872 illa
2705 4817 3014 4888 [Egyptiaci
3055 4821 3325 4877 sermonis
3366 4824 3545 4894 gravi-

1969 4913 2072 4969 tas,
2106 4921 2204 4975 pro
2234 4921 2433 4976 sagena
2466 4918 2521 4964 et
2557 4911 2762 4966 retibus
2787 4910 3043 4967 similiter
3079 4913 3417 4982 accipiatur;
3465 4913 3544 4985 pi-

1966 5013 2088 5053 sces
2122 5013 2250 5054 vero
2291 5000 2355 5055 iis
2426 5003 2572 5072 capti
2631 5001 2855 5069 fuerint,
2890 5004 2982 5073 qui
3033 5003 3316 5063 fallacibus
3363 5007 3541 5077 scphi-

1969 5091 2238 5146 smatibus
2284 5092 2336 5146 in
2394 5108 2612 5148 omnem
2659 5094 2836 5163 impiae
2858 5096 3263 5164 superstitionis
3307 5099 3542 5166 speciem

1961 5179 2341 5234 detrahuntur.
2383 5181 2608 5237 Luctum
2649 5196 2783 5253 ergo
2835 5193 2886 5240 et
2925 5187 3201 5254 planctum
3236 5189 3409 5244 acturi
3454 5189 3539 5242 di-

1957 5279 2156 5325 cuntur
2186 5271 2424 5342 Egyptii
2483 5275 2826 5344 piscatores,
2883 5279 3008 5347 quia
3061 5280 3385 5336 adveniente
3431 5282 3538 5338 sibi

1956 5362 2194 5429 Christo,
2256 5376 2310 5418 et
2347 5380 2563 5422 omnem
2613 5367 2930 5436 sapientiam
2977 5387 3131 5426 suam
3181 5376 3540 5439 destruente,

1965 5455 2171 5509 nullum
2207 5466 2456 5526 superest
2486 5459 2620 5530 ipsis
2651 5476 2787 5531 opus
2815 5463 3103 5532 agendum,
3147 5464 3440 5520 secundum
3476 5464 3535 5518 il-

1957 5544 2088 5599 lud:
2132 5566 2151 5600 ι
2193 5548 2419 5604 Perdam
2461 5551 2786 5620 sapientiam
2830 5557 3181 5626 sapientium,
3218 5567 3272 5615 et
3298 5558 3536 5630 pruden-

1959 5641 2088 5696 tiam
2122 5642 2468 5712 prudentium
2506 5646 2824 5718 despiciam.
2855 5665 2875 5700 ι
