4158 6402
603 431 710 490 227

1311 409 1578 472 EUSEBII
1615 403 2094 466 CESARIENSIS
2122 400 2270 457 OPP.
2311 397 2492 454 PARS
2519 395 2608 452 111.
2638 425 2709 437 -—
2734 392 3145 451 EXEGETICA.

3741 390 3854 447 2'28

677 550 844 607 Vens.
871 547 924 604 9.
962 563 982 598 ι
1020 544 1085 599 Et
1112 535 1355 595 confusio
1381 530 1751 603 apprehendet
1775 541 1893 590 eos,
1928 523 2020 594 qui
2045 535 2172 592 ope-

2350 537 2368 568 ι
2407 516 2518 569 Καὶ
2548 515 2776 584 αἰσχύνη
2801 511 3028 583 λήψεται
3051 510 3178 573 τοὺς
3198 507 3597 580 ἐργαζομένους
3617 507 3681 561 τὸ
3705 507 3857 561 λίνον

606 653 802 699 rantur
828 640 995 694 linum
1031 629 1272 692 scissile,
1308 634 1364 681 et
1395 625 1486 693 qui
1530 628 1825 692 operantur
1867 619 2113 687 byssum.
2147 631 2166 664 ι

609 738 725 793 Hoc
753 733 914 789 modo
960 736 1139 783 mente
1169 722 1352 792 capias
1381 733 1476 773 eos
1511 717 1601 786 qui
1657 719 1952 784 operantur
1978 709 2169 773 linum,

607 840 782 894 neque
831 824 1040 875 ﬁrmum
1077 813 1220 884 quod
1271 811 1445 880 rumpi
1483 815 1745 882 nequeat,
1799 803 1894 858 sed
1926 800 2170 864 scissile,

607 927 911 972 sermonem
956 907 1208 961 videlicet
1267 901 1584 957 dissolutum
1631 906 1688 951 et
1747 895 2070 957 discissum,
2121 900 2175 946 et

607 1011 826 1079 byssum
855 999 1104 1056 similiter
1132 1014 1146 1050 :
1197 994 1324 1064 quia
1353 991 1543 1046 isthcee
1578 989 1645 1042 ab
1674 985 1925 1055 Egyptio
1955 982 2175 1036 ﬂumine

607 1075 930 1152 fovebantur
994 1097 1050 1140 et
1112 1084 1500 1154 irrigabantur.
1559 1077 1740 1144 Quare
1794 1075 1872 1128 ait
1920 1075 2176 1128 harumce

607 1201 790 1243 rerum
845 1179 1083 1236 artiﬁces
1130 1175 1406 1244 planctum
1463 1169 1737 1231 edituros,
1784 1163 1997 1234 quando
2032 1159 2176 1215 nulla

608 1276 840 1342 amplius
881 1269 967 1324 ﬁla
999 1265 1279 1337 sapientia:
1315 1276 1428 1316 suae
1455 1259 1522 1313 ad
1559 1259 1817 1312 amictum
1845 1265 1900 1308 et
1925 1262 2177 1306 ornatum

607 1367 744 1438 ipsis
789 1364 1036 1418 aderunt.
1080 1357 1197 1412 Lini
1235 1354 1379 1410 enim
1424 1365 1490 1405 ac
1538 1349 1686 1419 byssi
1731 1346 1882 1412 copia
1927 1354 2178 1438 ornatum

610 1431 716 1513 sibi
749 1463 804 1510 et
834 1453 1211 1508 indumentum
1243 1440 1644 1511 excogitabant,
1676 1434 1934 1504 captiosis
1957 1431 2182 1501 quibus-

609 1549 737 1604 dam
777 1555 834 1599 et
877 1539 1163 1596 fallacibus
1213 1533 1374 1589 dictis
1416 1527 1692 1586 mendacia
1726 1541 1822 1582 sua
1853 1524 2179 1594 aperientes.

685 1733 848 1788 Vsus.
879 1728 966 1784 10.
1001 1746 1022 1780 ι
1055 1727 1121 1781 Et
1153 1732 1314 1780 erunt
1339 1721 1431 1792 qui
1461 1727 1758 1790 operantur
1780 1732 1843 1773 ea
1873 1718 1926 1772 in
1956 1716 2180 1772 dolore:

615 1835 670 1879 et
701 1835 891 1877 omnes
925 1820 1018 1888 qui
1058 1817 1264 1871 faciunt
1316 1813 1536 1884 zythum
1571 1811 1846 1875 dolebant,
1889 1819 1944 1866 et
1990 1810 2183 1865 animis

2279 611 2338 664 τὸ
2373 609 2606 680 σχιστὸν,
2649 607 2744 660 xui.
2783 605 2910 668 τοὺς
2954 600 3357 674 ἐργαζομένους
3406 600 3506 671 τὴν
3556 599 3773 669 βύσσον.
3826 618 3850 650 ι

2279 701 2434 756 Οὕτω
2471 701 2679 770 νοήσεις
2719 699 2845 759 τοὺς
2890 694 3286 766 ἐργαζομένους
3327 692 3388 744 τὺ
3428 692 3593 754 λίνον,
3624 690 3748 744 οὔτε
3793 690 3860 743 τὸ

2282 794 2505 864 στερρὸν
2534 793 2628 844 xui.
2658 789 2915 861 ἀῤῥαγές,
2946 786 3083 840 ἀλλὰ
3109 785 3168 838 τὸ
3195 784 3430 855 σχιστὸν,
3463 782 3618 851 λόγον
3646 781 3857 853 ,δηλαδὴ

2279 883 2630 956 διερρωγότα,
2676 881 2770 933 xui.
2814 878 3208 948 διεσχισμένον,
3261 876 3354 928 καὶ
3406 874 3504 944 τὴν
3555 873 3750 943 βύσσον
3799 873 3861 925 δὲ

2280 975 2565 1038 ὡσαύτως·
2621 971 2743 1025 ἐπεὶ
2787 971 2880 1023 καὶ
2926 968 3065 1022 αὐτὰ
3106 966 3198 1020 τοῦ
3244 964 3554 1034 Αἰγυπτίων
3605 960 3859 1032 ποταμοῦ

2285 1067 2552 1137 μετεῖχεν,
2588 1062 2647 1129 ἐξ
2694 1059 2860 1116 αὐτοῦ
2906 1058 3261 1130 ἀρδευόμενα.
3308 1056 3400 1109 Διὸ
3431 1055 3526 1109 xui.
3562 1055 3686 1116 τοὺς
3727 1051 3860 1106 τού-

2281 1174 2390 1211 των
2431 1157 2593 1226 φησὶν
2629 1155 2866 1226 ἐργάτας
2905 1150 3180 1214 στενάξειν
3223 1152 3252 1202 ό
3293 1149 3484 1216 λόγος’
3531 1147 3619 1199 ὅτε
3653 1143 3858 1214 μηκέτι

2284 1249 2468 1310 αὐτοῖς
2500 1245 2636 1316 πρὸς
2663 1242 2954 1315 περιϐολὴν
2996 1240 3091 1293 καὶ
3134 1239 3337 1310 κόσμον
3365 1238 3466 1307 τῆς
3500 1236 3626 1306 παρ’
3671 1234 3860 1297 αὺτοῖς

2287 1339 2478 1408 σοφίας
2507 1335 2578 1388 τὰ
2603 1334 2690 1388 διὰ
2733 1333 2935 1386 τούτων
2967 1331 3260 1401 ὑφάσματα
3289 1329 3606 1399 ηὑπόριστο.
3642 1325 3742 1378 Διὰ
3775 1325 3860 1376 λί-

2285 1448 2375 1485 νου
2418 1429 2526 1498 γὰρ
2573 1427 2759 1496 ὥσπερ
2803 1425 2897 1478 καὶ
2940 1423 3136 1493 βύσσου
3185 1421 3386 1490 κόσμον
3428 1419 3520 1471 καὶ
3566 1415 3862 1487 περιϐολὴν

2287 1522 2496 1582 ἑαυτοῖς
2522 1518 2798 1578 ἐπενόουν,
2834 1515 3074 1577 πιθανοῖς
3102 1529 3212 1564 τισι
3237 1512 3330 1564 καὶ
3359 1509 3654 1581 ἀπατηλοῖς
3678 1508 3865 1577 λόγοις

2286 1611 2348 1665 τὸ
2378 1611 2507 1680 παρ’
2541 1609 2722 1670 αὐτοῖς
2752 1605 2945 1676 ψεῦδος
2971 1603 3358 1664 καλύπτοντες.

2363 1720 2381 1752 ι
2417 1702 2527 1755 Καὶ
2563 1701 2774 1754 ἔσονται
2819 1700 2868 1752 οἱ
2902 1697 3256 1769 ἐργαζόμενοι
3293 1693 3430 1748 αὐτὰ
3458 1695 3515 1745 ἐν
3549 1691 3725 1763 ὀδύνῃ·
3767 1690 3866 1743 xui.

2292 1793 2493 1857 πάντες
2537 1794 2586 1845 οἱ
2624 1789 2902 1853 ποιοῦντες
2948 1787 3039 1842 τὸν
3084 1786 3242 1851 ζύθον
3289 1784 3710 1855 λυπηθήσονται,
3768 1783 3866 1836 καὶ

617 1914 832 1969 cadent.
872 1930 891 1963 ι
939 1874 1212 1964 ὸεωὶιυιη
1249 1874 1493 1959 εάἰίυτοε
1527 1903 1603 1957 ait
1648 1903 1736 1971 qui
1785 1874 2024 1965 faciunt,
2078 1916 2181 1953 non

2298 1885 2382 1947 τὰς
2425 1882 2599 1954 ψυχὰς
2642 1881 2950 1934 πεσοῦνται.
2988 1897 3008 1929 ι
3055 1877 3334 1943 Στενάξειν
3375 1876 3434 1929 δέ
3475 1875 3680 1938 πάντας
3714 1874 3868 1943 φησι

616 2005 800 2059 vinum
833 2018 899 2056 ex
929 2000 1061 2063 vite,
1104 1996 1198 2052 sed
1242 1993 1618 2066 Egyptiacum
1659 1991 1908 2063 zythum,
1942 1990 2085 2060 quod
2135 1999 2188 2044 et

618 2098 792 2166 ipsum
837 2092 1081 2163 spurium
1138 2097 1258 2144 erat
1314 2095 1370 2140 et
1431 2085 1738 2149 turbidum;
1785 2098 1893 2152 quo
1947 2081 2189 2154 ,Εεγριίί

618 2197 750 2258 potu
784 2185 1096 2248 utebantur,
1158 2189 1449 2248 antequam
1498 2175 1631 2245 ipsis
1677 2175 1957 2230 adveniret
2005 2174 2188 2228 Domi-

623 2293 754 2332 nus.
789 2274 903 2330 Hoc
933 2287 1096 2342 porro
1128 2269 1454 2332 declinante,
1482 2267 1604 2337 jure
1630 2266 1832 2320 dicitur
1855 2263 2096 2318 futurum
2129 2271 2190 2317 ut

620 2367 740 2439 ejus
779 2365 1018 2419 artiﬁces
1064 2361 1338 2431 planctum
1386 2359 1550 2412 edant
1611 2364 1668 2410 et
1715 2355 1912 2410 animis
1948 2352 2187 2408 doleant.

620 2458 748 2514 Hac
780 2471 908 2510 vero
939 2467 1196 2523 passuros
1226 2449 1589 2504 comminatur
1622 2446 1840 2517 Egypti
1881 2445 2187 2515 sOphistas,

618 2550 764 2622 zytbi
796 2547 1055 2610 artiﬁces,
1092 2560 1156 2598 ac
1205 2544 1296 2597 lini
1326 2542 1555 2597 scissilis
1608 2541 1863 2610 byssique
1905 2539 2189 2608 operarios

616 2654 671 2699 et
697 2641 921 2713 piscium
957 2647 1227 2707 captares.
1279 2635 1372 2705 qui
1421 2633 1806 2703 Egyptiacum
1859 2629 2092 2694 ﬁumen,
2143 2637 2196 2685 et

619 2734 956 2807 Egyptiaca:
995 2728 1274 2798 sapientia:
1304 2740 1610 2782 sermonem
1643 2722 1880 2780 sollicite
1916 2730 2192 2778 curarent.

695 2913 854 2970 Vens.
893 2913 982 2966 ll.
1037 2929 1056 2962 ι
1116 2909 1184 2963 Et
1237 2907 1386 2963 stulti
1427 2915 1587 2962 erunt
1630 2906 1906 2978 principes
1945 2902 2191 2973 Taneos,

623 3009 894 3080 sapientes
925 3002 1226 3059 consiliarii
1282 3001 1459 3070 regis,
1502 3000 1790 3056 consilium
1831 3014 2017 3054 eorum
2063 2997 2200 3052 inla-

625 3099 886 3155 tuabitur.
929 3114 948 3147 ›
991 3092 1067 3148 lbi
1109 3094 1255 3147 enim
1296 3095 1528 3148 maxime
1569 3095 1719 3164 prius
1764 3094 2076 3149 substitisse
2124 3093 2200 3146 ait

2284 1978 2410 2041 τοὺς
2451 1975 2734 2038 ποιοῦντας
2766 1974 2825 2026 οὐ
2864 1973 2956 2025 τὸν
2996 1969 3055 2036 ἐξ
3096 1969 3340 2039 ἀμπέλου
3380 1964 3538 2032 οἶνον,
3584 1965 3720 2019 ἀλλὰ
3772 1965 3866 2017 τὸν

2274 2068 2651 2138 Ἀἰγυπτιακόν
2681 2066 2868 2131 ζύθον·
2911 2065 2971 2128 ὃς
2998 2066 3092 2118 xui.
3121 2063 3284 2126 αὐτὸς
3309 2061 3459 2124 νόθος
3490 2056 3557 2132 ἦν
3589 2061 3682 2112 xui.
3710 2057 3867 2111 τεθο-
3913 2050 3936 2060 ”

2288 2160 2526 2231 λωμένος
2547 2176 2560 2188 ·
2589 2152 2633 2226 ᾧ
2661 2157 2956 2228 ἐκέχρηντο
2987 2157 3106 2209 ἀντὶ
3147 2153 3310 2208 ποτοῦ
3352 2153 3480 2223 πρὶν
3513 2151 3698 2212 αὐτοῖς
3739 2151 3868 2202 ἐπι-

2289 2252 2530 2324 δημῆσαι
2559 2250 2649 2304 τὸν
2687 2249 2890 2320 Κύριον
2917 2250 2965 2301 οἰ
2993 2247 3298 2316 Αἰγύπτιοι.
3336 2243 3443 2298 Καὶ
3464 2242 3655 2296 τούτου
3687 2241 3745 2294 δὲ
3775 2242 3867 2292 ἐκ-

2290 2344 2580 2407 κλίνοντος,
2607 2341 2829 2404 εἰκότως
2867 2340 3138 2404 στενάξειν
3171 2339 3416 2406 λέγονται
3441 2336 3537 2390 xui.
3564 2335 3662 2398 τὰς
3685 2333 3869 2403 ψυχὰς

2302 2435 2559 2506 ἀλγήσειν
2578 2436 2628 2486 οἱ
2651 2433 2839 2486 τούτου
2865 2433 3103 2502 ποιηταί.
3129 2430 3313 2483 Ταῦτα
3343 2429 3439 2500 μὲν
3463 2423 3554 2481 οὖν
3581 2425 3868 2479 πείσεσθαι

2290 2527 2418 2589 τοὺς
2474 2525 2572 2595 τῆς
2619 2523 2893 2592 Αἰγύπτου
2945 2521 3201 2592 σοφιστὰς
3256 2520 3486 2580 ἀπειλεῖ,
3547 2515 3870 2581 ζυθοποιούς

2294 2634 2444 2680 τινας
2474 2617 2568 2670 καὶ
2595 2615 2739 2668 λίνου
2779 2613 2996 2685 σχιστοῦ
3031 2613 3126 2666 καὶ
3158 2612 3352 2682 βύσσου
3382 2610 3636 2682 ἐργάτας,
3669 2605 3870 2677 ἰχθύων

2295 2727 2355 2762 τε
2397 2707 2681 2779 θηρευτὰς,
2722 2706 2813 2759 τὸν
2873 2704 3114 2775 ποταμὸν
3163 2703 3252 2756 τὸν
3293 2700 3662 2770 Αἰγυπτιακόν
3709 2715 3872 2768 περι·

2299 2801 2546 2863 ἐπόντας,
2583 2800 2675 2852 xu‘t
2702 2799 2793 2851 τὸν
2822 2797 2920 2866 τῆς
2952 2795 3326 2864 Αἰγυπτιακῆς
3359 2792 3550 2862 σοφίας
3583 2791 3762 2859 λόγον.

2374 2910 2393 2943 t
2433 2890 2543 2944 Καὶ
2573 2888 2745 2959 μωροὶ
2766 2886 2976 2939 ἔσονται
3006 2886 3053 2936 οἱ
3079 2885 3336 2954 ἄρχοντες
3362 2882 3599 2954 Τάνεως,
3630 2880 3682 2931 οἰ
3715 2877 3875 2946 σοφοὶ

2302 2980 2592 3053 σύμϐουλοι
2613 2979 2708 3031 τοῦ
2737 2977 3017 3048 βασιλέως,
3049 2976 3082 3046 ἠ
3109 2973 3270 3045 βουλὴ
3304 2971 3479 3025 αὐτῶν
3518 2969 3878 3040 μωρανθήσε-

2298 3091 2408 3128 ται.
2441 3092 2459 3124 ι
2503 3073 2588 3124 Ἐν
2618 3071 2790 3142 ταύτῃ
2817 3068 2926 3139 γὰρ
2962 3065 3196 3138 μάλιστά
3225 3082 3356 3134 φησι
3386 3064 3483 3134 τὴν
3518 3065 3696 3114 πᾶσαν
3727 3077 3877 3130 μαγ-

625 3203 814 3245 omnes
861 3187 1142 3242 diabolicae
1199 3185 1521 3242 idololatria:
1569 3153 1918 3258 praestigias:
1971 3187 2195 3240 ibidem-

2298 3163 2518 3235 γανείαν
2566 3165 2664 3233 τῆς
2703 3161 3020 3232 δαιμονικῆς
3066 3154 3506 3226 εἰδωλολατρείας
3552 3153 3881 3207 συνεστάναι

627 3296 732 3351 que
773 3290 1016 3351 tempore
1065 3279 1264 3348 Moysis
1317 3279 1499 3334 sedem
1549 3245 1803 3334 habuisse
1847 3294 1960 3345 eos,
2009 3279 2098 3348 qui
2143 3280 2193 3332 in

2299 3257 2576 3328 πρότερονο
2616 3253 2846 3307 ἐνταῦθα
2872 3252 2928 3305 δὲ
2956 3251 3016 3304 τὸ
3059 3249 3328 3319 βασίλειον
3353 3247 3494 3318 ἐχειν
3522 3249 3646 3309 τοὺς
3684 3247 3739 3298 ἐν
3763 3247 3880 3308 τοῖς

2301 3349 2316 3351 _
2338 3348 2350 3351 _
2485 3347 2494 3351 _
2701 3345 2712 3351 -
2877 3343 2899 3351 λ
2999 3341 3016 3351 .
3076 3339 3087 3351 .
3332 3339 3356 3349 ..
3456 3340 3469 3351 .
3493 3340 3504 3351 .
3562 3338 3572 3351 .
3801 3339 3817 3351 .
3853 3333 3871 3351 ι

628 3372 862 3443 Egypto
917 3369 1237 3441 regnabant.
1298 3371 1480 3437 Quare
1536 3373 1739 3426 dictum
1797 3381 1880 3427 est
1943 3372 2093 3442 signa
2145 3373 2197 3425 in

627 3481 820 3534 campo
853 3465 1067 3519 Tancos
1096 3465 1240 3518 edita
1286 3463 1473 3530 fuisse,
1509 3474 1617 3519 tam
1668 3465 1872 3535 Moysis
1919 3475 2195 3533 tempore,

627 3572 790 3627 qnam
827 3557 878 3610 in
916 3556 1197 3627 presenti.
1238 3554 1427 3625 Itaque
1457 3557 1841 3626 peregrinante
1875 3557 2101 3612 Domino
2147 3559 2198 3613 in

627 3649 882 3721 Egypto,
917 3664 1040 3703 cum
1077 3647 1403 3718 Egyptiaco
1427 3646 1650 3704 ﬁumine
1677 3650 1840 3702 etiam
1873 3658 2202 3705 memoratos

626 3743 750 3797 illos
780 3741 1053 3812 principes
1092 3743 1368 3796 damones
1414 3740 1760 3798 infatuandos
1801 3741 1913 3808 ait,
1962 3743 2199 3808 etiamsi,

629 3836 858 3890 absente
906 3835 1156 3898 Domino,
1199 3834 1522 3902 sapientiam
1568 3845 1754 3904 aperte
1794 3833 2200 3903 proﬁterentur.

628 3926 829 3982 Verum
859 3925 908 3980 is
943 3934 1321 3994 argumentum
1355 3927 1484 3996 ipsis
1525 3927 1741 3989 obtulit,
1783 3943 1848 3982 ac
1877 3927 2062 3990 evicit,
2109 3942 2203 3982 eos

632 4019 766 4073 nihil
794 4018 1074 4086 sapientize
1109 4017 1344 4085 habere;
1375 4018 1472 4073 sed
1504 4018 1560 4073 iu
1581 4019 1794 4074 Domini
1818 4019 2050 4074 adventu
2079 4032 2205 4074 vere

632 4111 828 4165 Stultos
868 4124 1009 4164 esse.

704 4291 868 4347 Vsus.
906 4291 992 4354 12,
1030 4290 1116 4344 15.
1155 4309 1173 4341 ι
1208 4288 1488 4356 Quomodo
1528 4291 1714 4346 dicetis
1753 4291 1897 4361 regi,
1928 4289 2048 4344 Filii
2078 4306 2207 4359 pru-

635 4381 852 4435 dentum
878 4398 997 4446 nos,
1032 4383 1124 4437 ﬁlii
1155 4398 1363 4453 regum,
1387 4383 1478 4452 qui
1525 4385 1591 4436 ab
1631 4383 1785 4437 initio
1817 4382 2076 4436 inerunt?
2105 4381 2206 4437 Ubi

636 4489 776 4527 nunc
799 4473 1064 4542 sapientes
1091 4475 1165 4528 tui
1187 4475 1211 4528 ’ἰ
1234 4484 1288 4528 et
1312 4474 1632 4528 annuntieut
1660 4474 1776 4536 tibi,
1795 4483 1850 4527 et
1873 4474 2051 4528 dicant
2079 4468 2206 4542 quid

635 4565 842 4620 consilii
893 4567 1068 4619 inierit
1107 4566 1366 4619 Dominus
1401 4565 1639 4619 Sabaoth
1689 4580 1850 4634 super
1892 4563 2203 4633 Egyptum.
2239 4583 2282 4638 ι)

638 4654 956 4710 Defecernnt
986 4653 1258 4722 principes
1279 4652 1508 4716 Taneos,
1528 4661 1582 4703 et
1603 4651 1822 4704 exaltati
1857 4661 1982 4704 sunt
2001 4651 2205 4719 princi-

637 4761 729 4814 pes
755 4746 1081 4812 Mempheos,
1104 4757 1159 4797 et
1179 4758 1365 4798 errare
1385 4743 1581 4798 facient
1597 4741 1887 4812 IEgyptnm
1910 4740 2204 4794 secundum

609 4864 611 4868 -
641 4835 827 4888 tribus.
861 4852 878 4884 ι
909 4832 1042 4886 Cum
1080 4848 1184 4887 non
1207 4832 1437 4903 amplius
1476 4846 1654 4902 regem
1689 4830 1953 4894 habeatis,
1984 4843 2204 4898 quomo-

637 4923 707 4977 do
731 4924 956 4991 petestis
987 4923 1052 4977 de
1087 4924 1366 4993 prudentia
1386 4921 1646 4993 gloriari?
1664 4921 1940 4988 Quomodo
1961 4929 2200 4973 veterum

643 5029 821 5079 regum
865 5012 1006 5067 tilios
1029 5029 1123 5067 vos
1163 5029 1284 5068 esse
1322 5014 1534 5077 dicitis,
1572 5011 1762 5074 Orum,
1802 5010 1906 5065 lsin
1946 5022 1998 5064 et
2027 5009 2206 5064 Osirin

640 5115 694 5159 et
721 5102 1032 5173 Typhonem
1065 5104 1405 5173 objicientes,
1431 5117 1593 5172 atque
1612 5103 1924 5171 jactitautes
1958 5103 2208 5165 deorum,

643 5196 862 5247 heroum
901 5203 954 5246 et
979 5205 1308 5248 mortuorum
1349 5208 1546 5262 genera
1587 5194 1712 5247 olim
1749 5192 1803 5245 in
1842 5190 2076 5261 Egypto
2111 5191 2212 5243 im-

643 5300 860 5354 perasse
891 5303 905 5338 :
933 5300 1161 5352 quorum
1194 5287 1414 5340 deorum
1436 5294 1490 5340 et
1521 5299 1702 5355 regum
1741 5299 1858 5346 vos,
1900 5299 1952 5335 ill
1981 5282 2212 5351 prophe-

645 5376 714 5425 tia
753 5374 973 5427 indicati
1004 5374 1272 5443 principes
1297 5375 1509 5430 Taneos
1538 5385 1592 5428 et
1623 5373 1958 5443 Mempbeos,
1992 5371 2130 5425 ﬁlios
2155 5378 2209 5424 et

645 5474 863 5532 nepotes
892 5481 1018 5520 esse
1066 5465 1327 5520 dictitatis
1356 5466 1380 5518 Ἰ
1413 5466 1529 5532 Qua
1575 5466 1783 5519 ratione
1813 5465 1886 5519 dii
1921 5478 1986 5517 ac
2034 5461 2209 5516 omnis

614 5597 618 5603 .
644 5554 918 5620 sapientis:
951 5561 1225 5608 consortes
1253 5567 1373 5608 esse
1397 5553 1636 5620 potestis,
1665 5553 1755 5623 qui
1779 5566 1950 5620 neque
1977 5549 2208 5603 futuram

646 5657 876 5699 vestram
913 5645 1339 5701 confutationem
1373 5644 1666 5713 praevidere
1690 5644 1768 5698 vel
1793 5643 2084 5712 praedicere
2115 5656 2212 5710 po-

2299 3347 2575 3410 Μωῦσέως
2617 3345 2826 3416 χρόνοις
2875 3339 3252 3412 βασιλεύοντας
3297 3339 3397 3409 τῆς
3441 3338 3738 3406 Αἰγύπτου.
3787 3333 3884 3388 Διὸ

2299 3440 2546 3492 λέλεκται
2587 3439 2644 3490 ἐν
2677 3435 2841 3506 πεδίῳ
2875 3433 3091 3496 Τάνεως
3125 3432 3193 3484 τὰ
3235 3433 3434 3502 σημεῖα
3474 3429 3774 3499 γεγονέναι,
3810 3429 3882 3482 τὰ

2302 3531 2394 3583 ἐπὶ
2423 3528 2701 3590 Μωῦσέως
2743 3527 2837 3580 καὶ
2867 3526 2959 3578 ἐπὶ
2991 3522 3084 3576 τοῦ
3119 3522 3401 3593 παρόντος.
3427 3519 3726 3592 Τοιγαροῦν
3756 3522 3887 3573 ἐπι-

2301 3623 2640 3692 δημήσαντος
2668 3618 2762 3672 τοῦ
2808 3618 3014 3689 Κυρίου
3058 3619 3124 3686 τῇ
3156 3615 3438 3684 Αἰγύπτῳ,
3479 3613 3572 3666 σὺν
3606 3610 3684 3681 τῷ
3709 3613 3886 3680 Αἰγυ-

2304 3717 2443 3785 πτίῳ
2510 3711 2736 3782 ποταμῷ
2793 3711 2888 3763 καὶ
2945 3710 3071 3772 τοὺς
3137 3707 3475 3779 δηλωθέντας
3528 3704 3887 3774 ἁρχοντικοὺς

2301 3805 2558 3878 δαίμονάς
2586 3821 2734 3866 τινας
2770 3797 3217 3873 μωρανθήσεσθαί
3252 3815 3405 3868 φησι,
3443 3796 3645 3865 καίπερ
3684 3795 3887 3863 σοφίαν

2305 3895 2812 3968 ἐπαγγελλομένους
2861 3895 2950 3946 ὅτε
3005 3892 3065 3945 οὐ
3122 3890 3301 3960 παρῆν
3354 3888 3535 3950 αὐτοῖς
3581 3889 3610 3938 ό
3649 3886 3885 3956 Κύριος,

2317 3991 2476 4046 Ἀλλὰ
2519 3990 2625 4059 γὰρ
2674 3987 2890 4057 ἔλεγχον
2934 3985 3115 4046 αὐτοῖς
3165 3984 3462 4053 ἐπήγαγεν,
3503 3979 3576 4043 ὡς
3621 3979 3889 4048 οὐδεμιᾶς

2309 4085 2551 4153 μετεῖχον
2583 4077 2801 4146 σοφίας·
2843 4075 3014 4146 μωροὶ
3052 4073 3108 4127 δὲ
3153 4068 3292 4143 ἦσαν
3337 4069 3550 4142 άληθῶς
3591 4070 3648 4121 ἐν
3677 4071 3741 4140 τῇ
3784 4069 3885 4121 τοῦ

2307 4174 2512 4246 Κυρίου
2542 4189 2616 4225 πα
2627 4169 2813 4241 ρουσία

2383 4287 2400 4318 ι
2444 4265 2566 4329 Πῶς
2595 4265 2766 4334 ἐρεῖτε
2797 4259 2874 4330 τῷ
2897 4259 3121 4330 βασιλεῖ,
3147 4256 3267 4310 Υἱοὶ
3299 4254 3533 4308 συνετῶν
3564 4257 3745 4326 ἡμεῖς,
3771 4255 3886 4307 υἱοὶ

2309 4358 2568 4431 βασιλέων
2609 4355 2717 4407 τῶν
2752 4353 2809 4419 ἐξ
2839 4352 3040 4424 ἀρχῆς;
3069 4349 3180 4404 Ποῦ
3219 4351 3324 4402 εἰσι
3349 4348 3443 4401 νῦν
3487 4348 3533 4402 οἰ
3569 4347 3718 4415 σοφοί
3751 4365 3890 4411 σου;

2308 4453 2400 4505 xui
2442 4445 2916 4517 ἀναγγειλάτωσάν
2963 4461 3062 4506 σοι,
3103 4443 3194 4495 καὶ
3249 4442 3562 4494 εἰπάτωσαν
3602 4440 3655 4492 τί
3695 4438 3894 4509 βεϐού-

2307 4543 2490 4596 λευται
2531 4540 2733 4608 Κύριος
2779 4533 3002 4590 Σαϐαὼθ
3048 4535 3132 4586 ἐπ’
3170 4534 3464 4601 Αἴγυπτον.
3527 4531 3804 4598 Ἐξέλιπον
3839 4531 3890 4584 οι

2308 4635 2566 4707 ἄρχοντες
2605 4631 2842 4692 Τάνεως,
2874 4627 2965 4680 καὶ
3010 4624 3300 4695 ὑψώθησαν
3344 4627 3392 4676 οἱ
3419 4625 3684 4694 ,ἄρχοντες
3728 4623 3892 4692 Μέμ-

2309 4742 2472 4795 φεως,
2498 4723 2591 4776 καὶ
2630 4720 2960 4790 πλανήσουσι
2989 4717 3085 4787 τὴν
3128 4715 3400 4784 Αἴγυπτον
3447 4713 3586 4768 κατὰ
3632 4713 3830 4782 φυλάς.
3866 4732 3885 4764 ι

2306 4817 2520 4889 Μηκέτι
2556 4813 2663 4884 γὰρ
2700 4812 3035 4882 ὑπάρχοντος
3070 4809 3197 4877 ὑμῖν
3241 4807 3520 4876 βασιλέως,
3556 4823 3672 4868 πως
3703 4802 3808 4857 οἷοί
3830 4806 3894 4858 τὲ

2307 4911 2430 4962 ἐστε
2459 4907 2551 4960 ἐπὶ
2572 4904 2782 4958 συνέσει
2808 4901 3164 4974 σεμνύνεσθαι
3185 4917 3199 4965 ;
3223 4898 3346 4962 Πῶς
3372 4899 3428 4950 δέ
3454 4899 3602 4960 υἱοὺς
3620 4897 3893 4966 βασιλέων

2309 4997 2552 5052 παλαιῶν
2591 4995 2815 5058 ἑαυτοὺς
2858 4990 2995 5047 εἷναί
3035 5009 3192 5060 φατε,
3234 4987 3422 5060 Ὧρον,
3458 4989 3551 5042 καὶ
3591 4991 3748 5051 Ἶσιν,
3795 4990 3895 5041 καὶ

2313 5093 2526 5162 Ὄσιριν
2547 5087 2969 5159 προϐαλλόμενοι
2986 5085 3079 5139 καὶ
3107 5081 3340 5152 Τυφῶνα
3360 5081 3493 5151 (‘23),
3510 5081 3603 5134 καὶ
3621 5081 3775 5144 θεῶν,
3797 5082 3896 5134 καὶ

2312 5180 2527 5254 ἡρώων,
2563 5180 2657 5233 καὶ
2700 5177 2906 5230 νεκύων
2938 5176 3067 5247 γένη
3099 5177 3397 5244 φάσκοντες
3434 5174 3526 5225 τὸν
3568 5173 3732 5226 πάλαι
3756 5175 3892 5243 χρό-

2313 5293 2403 5329 νον
2433 5275 2540 5343 τῆς
2583 5270 2855 5340 Αἰγύπτου
2905 5267 3327 5339 κεκρατηκέναι,
3368 5258 3442 5318 ὧν
3479 5263 3614 5316 θεῶν
3659 5263 3750 5315 καὶ
3798 5263 3900 5332 βα-

2319 5368 2509 5420 σιλέων
2531 5363 2679 5426 υἱοὺς
2705 5363 2798 5416 xui.
2825 5359 3120 5429 ἀπογόνους
3153 5358 3378 5419 ἑαυτοὺς
3404 5352 3542 5409 εἷναί
3572 5371 3711 5423 φατε
3733 5355 3900 5425 ὑμεῖς

2315 5460 2362 5511 οἱ
2395 5457 2484 5508 διὰ
2523 5455 2621 5524 τῆς
2656 5452 2988 5522 προφητείας
3028 5447 3346 5519 δηλούμενοι
3378 5447 3635 5516 ἄρχοντες
3673 5445 3905 5509 Τάνεως

2320 5549 2413 5598 καὶ
2453 5545 2761 5615 Μέμφεως
2792 5541 2914 5604 Πῶς
2955 5541 2998 5592 6‘
3040 5539 3104 5594 ἂν
3137 5537 3284 5608 εἴητε
3312 5536 3423 5589 θεοὶ
3451 5537 3484 5605 ἣ
3513 5537 3693 5590 πᾶσαν
3731 5553 3906 5606 μετα-

2325 5646 2539 5712 σχοιητε
2593 5634 2803 5703 σοφίαν,
2861 5631 2993 5702 μηδέ
3050 5629 3334 5698 δυνάμενοι
3397 5626 3703 5698 προγνῶναι
3757 5627 3906 5696 μηδὲ

719 5845 826 5911 (‘23)
872 5841 918 5898 S.
951 5842 1326 5908 Hieronymus,
1361 5858 1378 5892 ι
1421 5850 1486 5895 ιιι
1509 5841 1636 5897 deos
1659 5847 1906 5896 auctores
1947 5837 2120 5902 gentis
2143 5835 2397 5895 simulent
2427 5836 2596 5893 Oran,
2625 5843 2679 5889 ct
2715 5831 2841 5891 irin.
2876 5840 2929 5886 et
2957 5829 3160 5888 Osirin.
3191 5837 3245 5886 et
3281 5827 3612 5888 Tvuboucm.
3658 5843 3680 5876 ι

726 6137 878 6293 ι
