4158 6402
291 405 397 463 229

1245 407 1756 468 COMMENTARIA
1792 407 1862 464 IN
1900 407 2160 465 lSAIAM.
2202 442 2272 452 ——
2308 408 2466 465 CAP.
2506 408 2653 467 XIX.

3459 414 3564 475 250

287 532 693 603 προαγορεῦσαι
715 533 806 586 τὸν
851 486 1370 605 ὑμέτερονὶέλεγχον
1404 534 1500 589 καὶ
1529 532 1631 604 τὴν
1651 533 1752 605 τῆς
1775 532 1861 604 βα-

1982 533 2156 599 testis,
2186 546 2366 602 neque
2394 530 2716 586 solutionem
2749 528 2898 599 regni
2923 543 3135 596 eorum,
3171 542 3403 599 quorum
3431 545 3562 587 con-

287 623 491 689 σιλείας
520 625 816 680 κατάλυσιν
843 624 1049 679 τούτων
1085 616 1160 679 ὧν
1194 625 1519 696 ἐτυγχάνετε
1555 624 1870 696 σύμϐουλοι,

287 715 381 781 οὓς
408 718 504 772 καὶ
526 718 836 791 ἐπιτρίϐετε
864 718 1148 783 παντοίαις
1167 718 1398 782 πλάναις
1421 717 1834 790 περιϐάλλοντες
1854 735 1868 783 ;

368 829 392 864 ι
424 809 629 884 Κύριος
675 806 791 883 γὰρ’
842 811 1103 883 ἐκέρασεν
1152 811 1336 876 αὐτοῖς
1400 810 1615 882 πνεῦμα
1667 811 1874 882 πλανή-

298 917 456 966 σεως,
490 900 586 953 καὶ
626 900 940 971 ἐπλάνησαν
980 901 1078 974 τὴν
1130 902 1405 971 Αἴγυπτον
1439 904 1498 956 ἐν
1562 903 1698 955 πᾶσι
1758 903 1873 965 τοῖς

294 991 480 1064 ἔργοις
501 991 701 1054 αὐτῶν,
733 992 808 1055 ὡς
849 991 1116 1047 πλανᾶται
1140 995 1169 1047 ὁ
1201 992 1414 1063 μεθύων
1474 994 1567 1047 καὶ
1633 993 1662 1045 ὁ
1721 992 1870 1062 ἐμῶν

292 1083 429 1153 ἅμα.
474 1100 493 1134 ι
526 1080 929 1157 ξῐεκμαίρεσθαι
957 1081 1014 1136 δέ
1048 1083 1164 1134 ἐστι
1189 1081 1361 1154 ταύτῃ
1397 1084 1496 1153 τῆς
1557 1080 1727 1153 μέθης
1771 1080 1871 1151 τὴν

292 1172 598 1246 ὑπερϐολὴν
619 1173 727 1228 ἀπὸ
755 1172 851 1227 τοῦ
885 1174 1019 1245 μηδέ
1047 1174 1250 1246 ὁμοίως
1281 1176 1395 1237 τοῖς
1419 1173 1625 1237 λοιποῖς
1657 1172 1871 1245 ἀνθρώ-

288 1282 415 1329 ποις
441 1264 923 1338 εἰδωλολατρεῦσαι
952 1267 1172 1330 αὐτοὺς,
1207 1267 1460 1319 ἐκπεσεῖν
1499 1265 1558 1319 δὲ
1583 1264 1676 1319 καὶ
1708 1264 1868 1336 μέχρι

282 1358 387 1429 τῆς
417 1360 526 1412 τῶν
548 1358 758 1428 ἀλόγων
790 1356 944 1424 ζώων
982 1358 1050 1414 ἂν
1083 1359 1543 1429 εἰδωλοποιήσεως
1572 1375 1587 1389 '
1647 1358 1728 1412 διὸ
1791 1357 1871 1411 λέ-

283 1451 496 1516 λεκται,
533 1469 553 1503 ι
584 1451 671 1516 Ὦς
703 1451 968 1506 πλανᾶται
997 1453 1027 1505 ό
1060 1450 1274 1522 μεθύων
1297 1452 1391 1504 καὶ
1415 1452 1444 1504 ό
1475 1450 1625 1522 ἐμῶν
1669 1450 1807 1521 ἅμα.
1843 1468 1862 1501 ι

286 1541 525 1616 Τοιαύτη
555 1545 663 1597 τινὶ
728 1542 869 1617 μέθῃ
926 1541 1026 1606 τάς
1060 1541 1169 1597 τῶν
1202 1542 1514 1613 Αἰγυπτίων
1552 1540 1867 1613 ἐπλάνησαν

283 1632 467 1704 ψυχὰς
496 1634 544 1687 οἰ
566 1632 892 1705 δηλωθέντες
919 1633 1177 1705 ἄρχοντες
1210 1632 1428 1697 Τάνεως
1452 1633 1546 1687 καὶ
1565 1633 1863 1704 Μέμφεως,

281 1720 366 1789 οἷς
417 1725 580 1790 αὐτὸς
620 1727 649 1780 ό
695 1725 898 1795 Κύριος
929 1726 1218 1798 πνεύματα
1256 1724 1574 1796 πλανήσεως
1609 1725 1863 1797 ἐκέρασε.

281 1819 547 1890 Δαίμονες
566 1818 675 1890 γὰρ
698 1818 850 1883 ὄντες
874 1818 1102 1891 πονηροὶ
1130 1819 1225 1873 καὶ
1252 1819 1512 1889 δυνάμεις
1551 1818 1863 1891 ἀντικείμε-

282 1928 393 1976 ναι,
425 1911 643 1965 ἐναντία
673 1910 750 1982 τῷ
782 1910 900 1982 Θεῷ
925 1912 1207 1983 ἐφρόνουν,
1228 1912 1337 1982 ,καὶ
1376 1911 1662 1983 θεομαχεῖν
1716 1913 1863 1966 ἐπει-

286 2001 479 2074 ρῶντο.
505 2001 596 2054 Διδ
630 2000 1008 2072 παρεδόθησαν
1034 2000 1230 2074 πλάνῃ,
1260 2000 1354 2055 τοῦ
1410 2001 1546 2055 Θεοῦ
1579 2001 1865 2073 κρίναντος

281 2093 520 2160 ἐπαξίως
547 2094 648 2164 τῆς
668 2094 936 2167 πονηρίας
975 2092 1155 2147 αὐτῶν
1184 2094 1359 2166 πλάνῃ
1393 2094 1727 2167 παραδοῦναι
1769 2096 1865 2149 αύ-

281 2186 429 2250 τούς.
462 2188 526 2239 Οἰ
552 2187 610 2261 δέ
639 2186 737 2259 τὴν
768 2186 917 2257 σφῶν
968 2185 1166 2240 κακίαν
1200 2186 1293 2239 ἐπὶ
1342 2186 1470 2251 τοὺς
1512 2187 1862 2257 Αἰγυπτίους,

281 2277 473 2350 ὥσπερ
508 2277 632 2331 τινὰ
662 2278 739 2333 ἰὸν
769 2278 1142 2351 θανατηφόρον
1164 2277 1376 2349 διέχεαν
1395 2320 1411 2345 ,
1439 2279 1533 2335 καὶ
1556 2280 1864 2352 ἐπλάνησαν

281 2368 384 2439 τὴν
416 2369 711 2437 Αἴγυπτον,
752 2389 770 2421 ι
810 2368 896 2432 Ὠς
921 2368 1188 2423 πλανᾶται
1225 2371 1255 2423 ὁ
1281 2367 1493 2441 μεθύων
1522 2369 1617 2424 καὶ
1645 2372 1676 2423 ὁ
1714 2371 1864 2442 ἐμῶν

284 2462 422 2532 ἅμα.
456 2482 474 2514 ι
514 2461 674 2515 Ἀλλά
715 2461 1039 2516 καὶτούτων
1081 2461 1258 2516 αὐτῶν
1312 2462 1475 2534 χάριν
1517 2462 1778 2534 ἐπεδήμει
1835 2464 1866 2517 ὁ

282 2553 489 2624 Κύριος
517 2556 582 2625 τῇ
609 2553 891 2625 Αἰγύπτῳ,
920 2555 1028 2619 ἴνα,
1054 2555 1254 2618 αὐτοὺς
1284 2556 1381 2627 τῆς
1432 2555 1641 2627 πλάνης
1673 2557 1865 2629 ἀνανῆ-

279 2645 382 2715 ψαι
420 2647 671 2719 ποιήσας,
697 2646 914 2719 μακρὰν
943 2647 1123 2701 αὐτῶν
1146 2647 1494 2722 ἀποσκεδάσῃ
1520 2650 1647 2714 τοὺς
1680 2648 1859 2714 λαούς.

357 2847 376 2878 ι
408 2828 519 2883 Καὶ
565 2828 663 2882 οὐκ
701 2829 852 2884 ἔσται
897 2830 1010 2892 τοίς
1036 2828 1352 2897 Αἰγυπτίοις
1383 2828 1542 2901 ἔργον
1566 2828 1596 2882 ὃ
1649 2831 1864 2901 ποιήσει

279 2920 526 2993 κεφαλὴν
566 2922 660 2975 καὶ
721 2920 910 2993 οὐρὰν,
939 2919 1114 2993 ἀρχὴν
1156 2922 1250 2975 καὶ
1296 2920 1467 2985 τέλος.
1501 2940 1521 2973 ι
1572 2921 1864 2990 Ἀπρακτα

278 3011 391 3083 γὰρ
412 3013 593 3077 αὐτοῖς
622 3014 738 3066 ἐστι
758 3012 827 3067 τὰ
853 3011 1219 3084 ἐνεργούμενα
1242 3013 1310 3067 τὰ
1332 3012 1504 3067 πολλά
1531 3015 1661 3087 παρ’
1681 3014 1864 3078 αὐτοῖς

277 3104 693 3175 ἓπιτελούμενα,
715 3105 791 3169 ὡς
835 3104 971 3177 μηδὲ
997 3104 1158 3177 ἔργον
1185 3107 1243 3158 ἐν
1264 3104 1447 3169 αὐτοῖς
1494 3107 1633 3178 μήτε
1690 3106 1863 3179 ἀρχὴν

1975 622 2164 680 siliarii
2200 622 2356 687 estis,
2389 636 2528 691 quos
2571 621 2736 676 etiam
2769 620 3106 690 opprimitis,
3140 620 3267 677 dum
3297 622 3566 678 omnimo-

1973 719 2057 772 dis
2082 716 2360 772 erroribus
2391 717 2538 785 ipsos
2567 714 2910 785 complicatis
2935 713 2959 768 ἰ

2044 809 2209 866 Vens.
2237 809 2357 864 Ma
2392 809 2648 863 Dominus
2670 807 2812 862 enim
2840 807 3054 863 miscuit
3083 807 3164 864 eis
3198 808 3445 879 spiritum
3473 822 3565 864 er-

1972 903 2134 966 roris.
2167 912 2222 957 et
2245 916 2434 957 errare
2458 900 2703 956 fecerunt
2737 899 3035 971 Egyptum
3067 901 3119 955 in
3146 902 3400 958 omnibus
3437 917 3565 971 ope-

1973 995 2124 1049 ribus
2151 993 2414 1063 ipsorum,
2444 1000 2502 1047 ut
2524 1002 2674 1047 errat
2710 992 2800 1062 qui
2844 992 3037 1048 ebrius
3060 1004 3160 1058 est,
3185 1003 3239 1049 et
3275 996 3366 1065 qui
3397 995 3565 1051 vomit

1971 1085 2155 1142 simul.
2199 1105 2217 1137 ι
2250 1084 2386 1140 Hinc
2428 1098 2592 1155 porro
2636 1085 3048 1152 coniectandum
3082 1094 3166 1139 est
3196 1095 3438 1155 quantus
3485 1085 3565 1142 ibi

1973 1177 2136 1231 fuerit
2167 1175 2450 1231 ebrietatis
2498 1190 2779 1239 excessus,
2823 1176 2967 1244 quod
2995 1192 3104 1231 non
3146 1178 3370 1246 perinde
3394 1188 3561 1250 atque

1970 1269 2153 1323 caeteri
2208 1267 2459 1322 homines
2504 1266 2828 1323 idololatriae
2867 1268 3034 1323 dediti
3085 1279 3302 1336 essent,
3348 1270 3442 1325 sed
3494 1285 3564 1327 eo

1970 1374 2142 1430 usque
2170 1359 2502 1415 decidissent
2530 1357 2859 1429 impietatis,
2894 1367 2951 1414 ut
2986 1359 3270 1416 hrutorum
3314 1361 3563 1416 animan-

1969 1451 2103 1505 tium
2131 1451 2423 1505 simulacra
2450 1450 2732 1515 facerent;
2760 1466 2933 1521 quare
2956 1452 3156 1506 dictum
3180 1461 3284 1518 est,
3321 1471 3341 1505 ι
3380 1451 3450 1509 Ut
3469 1468 3562 1508 er—

1969 1551 2054 1596 rat
2085 1543 2179 1612 qui
2213 1543 2394 1599 ebrius
2426 1553 2529 1607 est,
2564 1550 2620 1597 et
2641 1542 2731 1612 qui
2767 1543 2935 1599 vomit
2974 1543 3154 1599 simul.
3190 1563 3210 1596 ι
3252 1544 3333 1599 Ad
3378 1545 3562 1614 hujus-

1966 1634 2112 1691 inodi
2130 1634 2452 1691 ebrietatem
2487 1635 2730 1705 prmdicti
2762 1634 3033 1705 principes
3067 1635 3281 1693 Taneos
3303 1645 3370 1693 “et
3392 1637 3561 1692 Mem-

1967 1728 2134 1796 pheos
2158 1724 2535 1797 Egyptiorum
2557 1726 2768 1781 animas
2804 1726 3180 1796 deduxerunt,
3205 1729 3399 1798 quibus
3444 1730 3560 1800 ipse

1968 1818 2224 1873 Dominus
2245 1819 2469 1888 spiritus
2502 1818 2707 1874 erroris
2741 1819 2983 1875 miscuit.
3011 1818 3145 1875 Nam
3193 1836 3317 1878 cum
3360 1823 3562 1878 damo—

1966 1923 2062 1963 nes
2095 1908 2318 1980 maligni
2361 1918 2418 1964 et
2469 1909 2797 1965 adversaria;
2845 1918 3141 1979 potestates
3194 1920 3409 1979 essent,
3448 1911 3561 1968 Deo

1964 2000 2277 2055 adversaria
2310 1999 2640 2069 sentiebant,
2673 2016 2737 2057 ac
2763 2009 2954 2057 contra
2983 2002 3146 2057 Deum
3183 2019 3426 2076 pugnare
3463 2020 3561 2063 co-

1965 2092 2256 2148 nabantur.
2293 2091 2653 2159 Quamobrem
2703 2093 2876 2149 errori
2933 2094 3113 2149 traditi
3162 2105 3322 2163 sunt,
3373 2099 3560 2154 decer-

1964 2194 2129 2239 nente
2149 2183 2280 2249 Deo,
2313 2184 2458 2254 quod
2485 2182 2739 2255 nequitia:
2759 2199 2947 2241 eorum
2964 2195 3390 2242 consentaneum
3415 2198 3558 2254 erat,

1963 2274 2226 2329 ut-errori
2258 2273 2624 2330 traderentur.
2669 2274 2750 2330 Illi
2798 2290 2929 2331 vero
2961 2276 3242 2343 malitiam,
3279 2293 3378 2333 ceu
3410 2281 3558 2337 virus

1965 2366 2238 2435 quoddam
2293 2365 2635 2433 lethil'erum,
2667 2369 2719 2423 in
2769 2368 3059 2442 λεωριίοε
3102 2370 3453 2438 diffuderunt,
3501 2382 3558 2429 et

1962 2457 2256 2529 Egyptum
2287 2457 2342 2512 in
2373 2474 2615 2515 errorem
2642 2461 2994 2525 induxerunt,
3028 2480 3049 2515 ι
3086 2461 3157 2518 Ut
3190 2475 3339 2520 errat
3364 2466 3433 2531 is,
3459 2466 3554 2537 qui

1963 2549 2146 2604 ebrius
2170 2556 2274 2614 est,
2306 2558 2361 2603 et
2388 2548 2482 2618 qui
2514 2551 2681 2604 vomit
2709 2551 2888 2607 simul.
2915 2571 2933 2604 ›
2957 2550 3153 2609 Verum
3181 2568 3369 2609 eorum
3390 2571 3556 2612 causa

1965 2638 2104 2694 Deus
2140 2637 2194 2693 in
2228 2638 2463 2710 Egypto
2500 2641 2976 2711 peregrinabatur,
3012 2654 3091 2710 ut,
3115 2644 3222 2700 illis
3260 2645 3329 2701 ab
3369 2662 3557 2704 errore

1964 2729 2229 2793 deductis,
2256 2729 2484 2800 populos
2515 2729 2583 2784 ab
2607 2731 2686 2786 eis
2708 2734 2894 2801 procul
2939 2734 3259 2791 dimoveret.

2037 2822 2199 2879 Vens.
2240 2823 2326 2878 15.
2358 2842 2377 2876 ι
2414 2823 2480 2878 Ει
2507 2839 2613 2878 non
2661 2827 2765 2880 erit
2795 2824 3068 2897 Egyptiis
3094 2843 3253 2898 opus.
3277 2830 3422 2899 quod
3470 2828 3555 2885 fa-

1964 2914 2073 2970 ciat
2110 2924 2272 2987 caput
2305 2924 2361 2970 et
2391 2916 2641 2981 caudam,
2675 2917 2999 2986 principium
3032 2925 3086 2972 et
3132 2918 3317 2974 linem.
3356 2939 3377 2974 ι
3412 2919 3556 2978 Infe-

1960 3014 2048 3060 cta
2092 3006 2292 3076 quippe
2332 3016 2463 3061 sunt
2519 3005 2626 3060 illis
2664 3020 2831 3076 opera
2874 3007 3043 3062 multa
3097 3022 3218 3078 quae
3251 3010 3391 3080 apud
3430 3010 3555 3067 illos

1961 3098 2390 3167 perﬁcichantur
2422 3138 2437 3162 ,
2474 3098 2547 3152 ita
2579 3107 2639 3152 ut
2663 3113 2799 3169 upus
2821 3112 2987 3169 penes
3020 3100 3139 3157 illos
3173 3116 3278 3157 non
3319 3103 3556 3172 reperia-

278 3193 446 3265 ἔχειν,
474 3195 611 3266 μήτε
629 3194 799 3259 τέλος,
831 3194 925 3249 τοῦ
959 3195 1165 3265 Κυρίου
1200 3195 1296 3248 καὶ
1322 3193 1503 3258 τοῦτο,
1534 3196 1610 3260 ὠς
1631 3194 1858 3264 ἀγαθοῦ,

1964 3195 2074 3254 tur,
2112 3190 2255 3257 quod
2284 3189 2369 3244 vel
2398 3188 2718 3258 principium
2750 3188 2832 3244 vel
2864 3190 3023 3244 tinem
3056 3191 3553 3262 habeatLDomino,

278 3286 682 3359 ἐργασαμένου.
718 3285 897 3341 Πολλὰ
928 3287 1028 3358 μὲν
1055 3287 1165 3358 γὰρ
1199 3287 1259 3339 ἐν
1283 3288 1349 3358 τῇ
1386 3290 1517 3360 παρ’
1541 3289 1859 3357 Αἰγυπτίοις

1964 3288 2150 3351 utpote
2180 3282 2342 3346 bono,
2391 3284 2495 3338 hoc
2526 3284 2596 3338 ita
2634 3293 2953 3355 peragente.
2982 3284 3264 3355 Siquidem
3303 3285 3355 3340 in
3387 3285 3555 3359 Egy-

278 3376 529 3449 πολυθέῳ
557 3376 735 3450 πλάνῃ
767 3376 903 3449 ἔργα
937 3377 1113 3449 ἀρχὴν
1141 3375 1334 3449 ἔχοντα
1362 3375 1430 3451 ἦν
1460 3379 1554 3432 καί⁵
1583 3378 1736 3443 τέλος
1771 3397 1860 3433 νο-

284 3471 549 3543 μιζομένῃ
574 3469 883 3542 ἀκολουθίᾳ.
910 3470 1067 3524 Κατά
1086 3471 1144 3527 δὲ
1165 3472 1299 3535 τοὺς
1313 3471 1715 3544 δεδηλωμένους
1737 3474 1863 3546 χρό-

278 3579 406 3626 νους
434 3562 531 3634 τῆς
573 3562 668 3616 τοῦ
714 3561 920 3634 Κυρίου
960 3563 1040 3626 εἰς
1084 3563 1281 3627 αὐτοὺς
1324 3564 1624 3636 παρουσίας
1679 3564 1859 3619 οὐκέτι

279 3657 503 3711 ἔσεσθαι
526 3656 656 3729 παρ’
684 3656 867 3721 αὐτοῖς
901 3655 1061 3727 ἔργον
1100 3654 1338 3709 τοιοῦτον
1364 3656 1568 3728 πλῆρες
1599 3656 1694 3710 καὶ
1746 3656 1860 3710 ὀλό-

280 3747 480 3820 κληρον
506 3748 598 3801 καὶ
615 3747 819 3801 τέλειον
837 3762 851 3777 ι
889 3745 1005 3799 ἀλλ’
1033 3747 1082 3799 εἰ
1111 3747 1206 3800 καί⁹
1230 3746 1427 3819 εὑρεθῇ
1466 3747 1519 3801 τί
1552 3764 1702 3811 ποτε,
1728 3746 1859 3802 ἀκέ-

277 3840 446 3909 φαλον
486 3839 638 3893 ἐσται
667 3840 761 3894 καὶ
782 3840 1035 3910 ἄναρχον,
1073 3838 1259 3903 ἀτελές
1296 3857 1355 3893 τε
1388 3840 1483 3894 καὶ
1540 3841 1861 3912 ἀσυμπέρα-

282 3948 405 3986 στον
432 3948 447 3961 ·
494 3932 523 3985 ὃ
569 3931 634 4004 δὴ
690 3932 787 3986 καὶ
839 3930 987 3984 ἐστιν
1015 3930 1163 4003 ἔργῳ
1196 3931 1533 4003 παραλαϐεῖν
1556 3948 1569 3962 -
1612 3932 1735 3985 ἐπεὶ⁵
1764 3931 1859 3985 καὶ

276 4023 557 4078 ἐκλέλοιπε
582 4022 860 4086 παντελῶς
889 4021 1069 4077 αὐτῶν
1097 4024 1130 4094 ἠ
1153 4023 1584 4094 εἰδωλολατρεία.
1617 4022 1858 4077 Τοιαῦτα

275 4116 336 4169 δέ
360 4117 474 4169 ἐστι
511 4117 647 4187 μήτε
700 4114 941 4186 κεφαλὴν
986 4114 1128 4186 ἔχειν
1193 4117 1332 4188 μήτε
1379 4115 1533 4181 τέλος
1577 4118 1656 4182 εἰς
1703 4116 1857 4171 λόγον

284 4189 469 4263 ἰκᾶνού
479 4226 631 4263 αενα.

356 4406 374 4439 ι
415 4387 494 4460 Τῇ
523 4387 705 4461 ἡμέρᾳ
729 4389 910 4460 ἐκείνῃ
935 4387 1150 4442 ἔσονται
1177 4387 1464 4457 Αἰγύπτιοι
1492 4386 1568 4450 ὡς
1601 4390 1858 4457 γυναῖκες

275 4478 337 4530 ἐν
373 4477 561 4550 τρόμῳ
588 4479 684 4531 καὶ
726 4480 785 4533 ἐν
836 4478 986 4550 φόϐῳ
1017 4478 1126 4532 ἀπὸ
1184 4477 1473 4548 προσώπου
1519 4480 1620 4549 τῆς
1675 4479 1857 4552 χειρὸς

1960 3372 2139 3442 ptiaca
2162 3372 2450 3428 multorum
2479 3375 2762 3430 numinum
2794 3376 3202 3446 superstitione,
3222 3376 3390 3431 multa
3421 3392 3555 3447 ope-

1961 3480 2022 3518 ra
2076 3464 2398 3535 principium
2445 3475 2501 3521 et
2545 3466 2731 3533 ﬁnem,
2775 3467 3073 3522 secundum
3123 3478 3429 3537 reputatam
3481 3469 3553 3530 ibi

1960 3558 2183 3624 seriem,
2225 3560 2517 3615 habebant.
2558 3562 2627 3616 At
2663 3573 2966 3618 memorato
3003 3564 3267 3620 Dominici
3321 3564 3389 3619 ad
3433 3565 3553 3619 illos

1960 3650 2225 3706 adventus
2249 3654 2602 3721 tempore,ait
2633 3669 2738 3709 non
2762 3654 2901 3709 ultra
2931 3654 3045 3710 fore
3077 3670 3242 3724 penes
3269 3655 3390 3711 illos
3418 3671 3552 3725 opus

1959 3740 2268 3812 hujusmodi
2310 3741 2551 3810 plenum,
2594 3744 2864 3813 integrum
2912 3753 2965 3799 et
2994 3745 3333 3813 perfectum;
3375 3748 3471 3802 sed
3504 3746 3551 3801 si

1959 3831 2249 3903 quodpiam
2273 3833 2642 3901 hujuscemodi
2674 3824 2997 3904 reperiatur,
3021 3836 3196 3906 ipsum
3219 3837 3340 3893 sine
3371 3839 3551 3908 capite

1959 3934 2016 3979 et
2054 3926 2346 3997 principio,
2401 3928 2520 3983 sine
2568 3928 2801 3983 termino
2847 3938 2904 3982 et
2952 3930 3059 3985 ﬁne
3109 3930 3350 3986 futurum
3402 3946 3545 3988 esse.

1959 4014 2113 4083 Quod
2150 4017 2314 4071 etiam
2370 4018 2487 4087 ipso
2531 4032 2694 4086 opere
2743 4020 3068 4088 completum
3119 4024 3550 4076 animadvertere

1958 4120 2082 4179 est;
2113 4128 2237 4189 nam
2273 4112 2582 4168 idololatria
2610 4112 2824 4183 penitus
2846 4115 3063 4172 defecit.
3084 4113 3196 4186 (24)
3223 4114 3355 4169 Illud
3386 4129 3550 4185 porro

1957 4211 2064 4268 est,
2085 4219 2259 4275 neque
2291 4218 2455 4276 caput
2481 4223 2656 4279 neque
2691 4209 2853 4264 tinem
2888 4208 3108 4273 habere,
3144 4218 3202 4262 ut
3234 4208 3368 4264 satis
3395 4222 3547 4262 com-

1959 4306 2318 4353 monstratum
2348 4309 2451 4355 εει.

2031 4387 2197 4447 Vens.
2223 4390 2308 4445 16.
2347 4410 2365 4442 ι
2404 4390 2460 4446 ln
2497 4392 2586 4448 die
2634 4394 2723 4451 illa
2767 4403 2931 4449 erunt
2970 4392 3212 4465 Egyptii
3242 4392 3392 4449 velut
3426 4408 3547 4448 mu-

1958 4477 2120 4534 lieres
2168 4481 2220 4534 in
2260 4493 2494 4539 tremore
2525 4492 2581 4540 et
2624 4486 2679 4540 in
2729 4486 2920 4541 timore
2956 4501 2987 4540 a
3027 4486 3168 4541 facie
3214 4502 3408 4543 manus
3447 4488 3547 4542 Do-

264 4569 484 4640 ’Κυρίου
526 4568 773 4633 Σαϐαὼθ,
816 4571 883 4640 ῆν
903 4569 1066 4633 αὐτὸς
1101 4568 1348 4623 ἐπιϐαλεί
1391 4568 1593 4633 αὐτοῖς.
1638 4588 1657 4622 ι
1697 4570 1855 4624 Κατὰ

1962 4572 2092 4629 mini
2128 4574 2385 4642 Sabaoth,
2443 4592 2600 4647 quam
2642 4579 2755 4649 ipse
2784 4580 3040 4635 immittet
3085 4578 3214 4635 illis.
3253 4598 3274 4633 ι
3333 4579 3539 4635 Memo-

273 4662 409 4724 τοὺς
431 4660 791 4725 ἀποδοθέντας
841 4661 1066 4734 χρόνους
1098 4662 1195 4731 τῆς
1221 4659 1459 4729 ἀφίξεως
1501 4659 1596 4714 τοῦ
1653 4661 1854 4734 Κυρίου

272 4754 375 4825 τῆς
395 4755 474 4819 εἰς
505 4755 797 4823 Αἴγυπτον,
856 4753 1040 4808 ούκέτι
1097 4753 1313 4807 ἔσεσθαι
1363 4754 1477 4818 τοῖς
1534 4754 1855 4823 Αἰγυπτίοις

275 4846 530 4918 φρόνημα
558 4846 829 4919 ἀνδρικὸν,
855 4844 1127 4916 γυναικῶν
1174 4845 1231 4898 δὲ
1281 4844 1437 4917 δίκην
1481 4846 1539 4898 ὲν
1570 4846 1720 4917 φόβῳ
1760 4847 1855 4900 καὶ

275 4939 465 5012 τρόμῳ
487 4940 687 5007 διάξειν
715 4940 895 4994 αὐτῶν
916 4941 1007 4996 τὸν
1038 4939 1151 5011 βίον
1195 4938 1280 4992 διὸ
1327 4938 1423 5010 τὴν
1472 4940 1853 4993 ἐπαναστᾶσαν

278 5031 462 5095 αὐτοῖς
486 5033 644 5103 χεῖρα
667 5030 763 5084 τοῦ
793 5030 927 5084 Θεοῦ
956 5029 1220 5094 θεσπίζει.
1247 5028 1381 5100 Χεὶρ
1402 5028 1460 5082 δὲ
1508 5029 1709 5100 Κυρίου
1771 5030 1854 5095 τίς

276 5121 343 5176 ἂν
372 5122 589 5193 νοηθείη
618 5123 779 5193 ἑτέρα
808 5122 957 5193 παρὰ
983 5121 1081 5193 τὴν
1108 5122 1407 5193 λεγομένην
1450 5120 1629 5185 δεξιὰν
1665 5121 1853 5189 αὑτοῦ,

275 5212 391 5266 ἀλλ’
438 5211 473 5283 ἢ
520 5211 801 5284 Ῥωμαῖκὴ
858 5210 1085 5283 δύναμις
1144 5209 1459 5277 ύποτάξασα
1519 5210 1644 5274 τοὺς
1691 5212 1854 5281 Αἰγυ-

278 5304 467 5369 πτίους
490 5305 584 5359 καὶ
612 5305 959 5376 ὑποχειρίους
986 5304 1331 5376 ποιησαμένη
1354 5303 1443 5357 διὰ
1472 5302 1570 5375 τὴν
1594 5303 1706 5357 τοῦ.
1736 5305 1852 5359 Κυ-

278 5397 393 5468 ρίου
426 5396 758 5468 παρουσίαν;
793 5395 949 5449 Οὕτω
972 5396 1081 5468 γάρ
1106 5412 1234 5449 ποτε
1270 5394 1363 5449 καὶ
1387 5396 1416 5448 ό
1451 5394 1696 5458 διάϐολος
1714 5395 1852 5467 πρὸς

273 5488 364 5541 τὸν
427 5487 558 5542 Θεὸν
607 5489 1014 5560 ἀναγέγραπται
1060 5486 1298 5559 εἰρηκὼς
1355 5488 1483 5560 περὶ
1544 5486 1638 5540 τοῦ
1704 5487 1824 5541 Ἰὼϐ

280 5596 297 5628 ι
339 5577 476 5632 Ἀλλ’
510 5579 827 5633 ἀπόστειλον
865 5577 962 5649 τὴν
988 5578 1149 5650 χεῖρά
1174 5596 1290 5644 σου,
1321 5579 1415 5632 καὶ
1446 5577 1580 5649 ἅψαι
1631 5578 1848 5633 πάντων

268 5663 344 5723 ὧν
370 5669 504 5742 ἔχει,
526 5672 576 5724 εἰ
612 5672 686 5743 μὴ
718 5672 799 5735 εἰς
828 5671 1117 5744 πρόσωπόν
1151 5689 1211 5726 σε
1240 5671 1542 5744 εὐλογήσει.
1579 5691 1597 5725 ι
1637 5674 1699 5726 Οί
1740 5673 1850 5726 τοί-

342 5761 385 5791 ⁹⁷
419 5759 521 5817 Joh
547 5777 589 5827 ι,
615 5762 701 5817 11.

341 5855 454 5927 (2i)
494 5857 667 5915 Locus
695 5858 931 5917 mutilus.

1960 4666 2095 4720 ratis
2142 4668 2405 4724 adventus
2449 4670 2660 4725 Domini
2678 4672 2765 4741 .in
2819 4669 3135 4744 {Egyptum'
3170 4672 3543 4742 temporibus,

1958 4760 2157 4815 nullum
2190 4762 2458 4835 Egyptiis
2484 4766 2723 4821 futurum
2780 4766 2991 4821 virilem
3041 4781 3281 4833 sensum,
3317 4770 3412 4821 sed
3449 4779 3545 4821 eos

1958 4852 2251 4909 mulierum
2280 4856 2453 4911 instar
2488 4858 2545 4913 in
2580 4868 2728 4914 metu
2761 4868 2814 4913 et
2850 4870 3106 4923 tremore,
3140 4859 3212 4913 ob
3255 4858 3544 4912 imminen-

1959 4950 2065 4995 tem
2097 4942 2233 5012 ipsis
2274 4960 2491 5001 manum
2528 4930 2645 5011 Dei,
2671 4947 2833 5001 vitam
2864 4955 3082 5002 acturos
3113 4962 3234 5002 esse
3274 4947 3543 5002 vaticina-

1960 5042 2069 5088 tur.
2117 5034 2306 5093 Manus
2354 5049 2535 5093 autem
2591 5038 2803 5093 Domini
2848 5054 2969 5109 qua:
3018 5040 3121 5093 alia
3169 5048 3389 5109 putetur
3421 5055 3543 5096 esse

1954 5136 2151 5195 printer
2188 5144 2331 5192 eam,
2360 5145 2481 5200 quae
2517 5141 2741 5187 vocatur
2771 5134 2991 5187 dextera
3024 5132 3164 5201 eius,
3205 5133 3311 5187 nisi
3339 5132 3541 5187 Roma-

1956 5232 2145 5273 norum
2176 5222 2440 5289 potentia,
2463 5236 2582 5288 quae
2610 5220 2893 5294 Egyptios
2923 5222 3133 5294 subegit
3163 5238 3225 5278 ac
3262 5222 3366 5278 sibi
3409 5223 3540 5279 sub.

1957 5308 2100 5363 ditos
2145 5310 2411 5376 reddidit,
2450 5313 2610 5382 idque
2653 5316 2723 5368 ob
2765 5314 2981 5369 Christi
3022 5315 3368 5384 praesentiam
3401 5314 3425 5368 ’ἔ
3458 5315 3538 5370 Ita

1957 5401 2155 5471 quippe
2209 5403 2482 5458 diabolum
2540 5404 2606 5460 de
2648 5402 2752 5460 Job
2806 5405 3113 5476 loquentem
3177 5408 3285 5463 Deo
3335 5408 3538 5463 dixisse

1955 5491 2215 5562 scriptum
2256 5506 2341 5550 est
2379 5512 2393 5549 :
2433 5512 2454 5545 ι
2490 5495 2597 5551 Sed
2639 5495 2789 5551 mitte
2818 5513 3033 5552 manum
3064 5508 3241 5561 tuam,
3285 5507 3340 5553 et
3377 5508 3538 5568 tange

1956 5584 2137 5638 omnia
2172 5599 2291 5653 quae
2312 5584 2497 5653 habet,
2530 5587 2631 5642 nisi
2672 5587 2724 5641 in
2756 5587 2949 5644 facient
2974 5589 3258 5644 benedicat
3284 5589 3376 5643 tibi
3398 5589 3482 5641 ’τί
3508 5606 3529 5640 ι

1961 5673 2061 5742 Qui
2092 5690 2221 5747 ergo
2248 5677 2541 5736 voluntatis
2576 5680 2670 5737 Dei
2710 5682 2778 5737 ad
2820 5680 3219 5753 subjugandum
3248 5680 3533 5754 Egyptia-
