  <div class='ocr_page' id='page_1' title='image "/cluster/home/n/w/nwhite01/storage/ocr_20150623/24/hvd.32044073501108/123.png"; bbox 0 0 4082 6398; ppageno 0'>
   <div class='ocr_carea' id='block_1_1' title="bbox 1300 341 3172 404">
    <p class='ocr_par' dir='ltr' id='par_1_1' title="bbox 1300 341 3172 404">
     <span class='ocr_line' id='line_1_1' title="bbox 1300 341 3172 404; baseline -0.003 0"><span class='ocrx_word' id='word_1_1' title='bbox 1300 344 1572 404; x_wconf 81' lang='lat' dir='ltr'><strong>EUSEBII</strong></span> <span class='ocrx_word' id='word_1_2' title='bbox 1609 343 2083 402; x_wconf 62' lang='lat' dir='ltr'><strong>CESARIENSIS</strong></span> <span class='ocrx_word' id='word_1_3' title='bbox 2117 341 2272 400; x_wconf 85' lang='lat' dir='ltr'><strong>OPP.</strong></span> <span class='ocrx_word' id='word_1_4' title='bbox 2309 341 2489 400; x_wconf 72' lang='lat' dir='ltr'><strong>PARS</strong></span> <span class='ocrx_word' id='word_1_5' title='bbox 2524 342 2610 400; x_wconf 86' lang='lat' dir='ltr'><strong>ill.</strong></span> <span class='ocrx_word' id='word_1_6' title='bbox 2650 373 2722 388; x_wconf 81' lang='lat'><em>--</em></span> <span class='ocrx_word' id='word_1_7' title='bbox 2757 343 3172 404; x_wconf 76' lang='lat' dir='ltr'><strong>EXEGETICA.</strong></span> 
     </span>
    </p>
   </div>
   <div class='ocr_carea' id='block_1_2' title="bbox 3749 345 3848 402">
    <p class='ocr_par' dir='ltr' id='par_1_2' title="bbox 3749 345 3848 402">
     <span class='ocr_line' id='line_1_2' title="bbox 3749 345 3848 402; baseline 0 0"><span class='ocrx_word' id='word_1_8' title='bbox 3749 345 3848 402; x_wconf 68' lang='lat'><strong>252</strong></span> 
     </span>
    </p>
   </div>
   <div class='ocr_carea' id='block_1_3' title="bbox 591 461 2167 539">
    <p class='ocr_par' dir='ltr' id='par_1_3' title="bbox 591 465 2167 539">
     <span class='ocr_line' id='line_1_3' title="bbox 591 465 2167 539; baseline -0.003 -13"><span class='ocrx_word' id='word_1_9' title='bbox 591 482 710 526; x_wconf 82' lang='lat' dir='ltr'><strong>rum</strong></span> <span class='ocrx_word' id='word_1_10' title='bbox 745 468 1031 539; x_wconf 88' lang='lat' dir='ltr'><strong>imperium</strong></span> <span class='ocrx_word' id='word_1_11' title='bbox 1061 466 1294 524; x_wconf 74' lang='lat' dir='ltr'><strong>ministri</strong></span> <span class='ocrx_word' id='word_1_12' title='bbox 1328 469 1548 524; x_wconf 79' lang='lat' dir='ltr'><strong>fuerunt</strong></span> <span class='ocrx_word' id='word_1_13' title='bbox 1571 507 1587 532; x_wconf 91' lang='lat'><strong>,</strong></span> <span class='ocrx_word' id='word_1_14' title='bbox 1617 467 1869 524; x_wconf 81' lang='lat' dir='ltr'><strong>videlicet</strong></span> <span class='ocrx_word' id='word_1_15' title='bbox 1897 467 2012 538; x_wconf 87' lang='lat' dir='ltr'><strong>ipsa</strong></span> <span class='ocrx_word' id='word_1_16' title='bbox 2063 465 2167 522; x_wconf 78' lang='lat' dir='ltr'><strong>Ro-</strong></span> 
     </span>
    </p>
   </div>
   <div class='ocr_carea' id='block_1_4' title="bbox 2270 461 3850 539">
    <p class='ocr_par' dir='ltr' id='par_1_4' title="bbox 2271 461 3850 538">
     <span class='ocr_line' id='line_1_4' title="bbox 2271 461 3850 538; baseline 0 -19"><span class='ocrx_word' id='word_1_17' title='bbox 2271 482 2366 522; x_wconf 89' lang='grc' dir='ltr'><strong>νυν</strong></span> <span class='ocrx_word' id='word_1_18' title='bbox 2409 466 2860 538; x_wconf 79' lang='grc' dir='ltr'><strong>διακονησάμενοι</strong></span> <span class='ocrx_word' id='word_1_19' title='bbox 2895 465 2976 538; x_wconf 84' lang='grc' dir='ltr'><strong>τῷ</strong></span> <span class='ocrx_word' id='word_1_20' title='bbox 3019 465 3317 538; x_wconf 83' lang='grc' dir='ltr'><strong>βουλήματι</strong></span> <span class='ocrx_word' id='word_1_21' title='bbox 3351 463 3445 518; x_wconf 90' lang='grc' dir='ltr'><strong>τοῦ</strong></span> <span class='ocrx_word' id='word_1_22' title='bbox 3493 461 3628 518; x_wconf 88' lang='grc' dir='ltr'><strong>Θεοῦ</strong></span> <span class='ocrx_word' id='word_1_23' title='bbox 3667 466 3748 529; x_wconf 83' lang='grc' dir='ltr'><strong>είς</strong></span> <span class='ocrx_word' id='word_1_24' title='bbox 3791 465 3850 519; x_wconf 85' lang='grc' dir='ltr'>τδ</span> 
     </span>
    </p>
   </div>
   <div class='ocr_carea' id='block_1_5' title="bbox 589 557 2174 628">
    <p class='ocr_par' dir='ltr' id='par_1_5' title="bbox 589 557 2174 628">
     <span class='ocr_line' id='line_1_5' title="bbox 589 557 2174 628; baseline -0.001 -12"><span class='ocrx_word' id='word_1_25' title='bbox 589 561 737 616; x_wconf 86' lang='lat' dir='ltr'><strong>mani</strong></span> <span class='ocrx_word' id='word_1_26' title='bbox 783 559 1057 616; x_wconf 77' lang='lat' dir='ltr'><strong>exercitus</strong></span> <span class='ocrx_word' id='word_1_27' title='bbox 1089 559 1346 628; x_wconf 82' lang='lat' dir='ltr'><strong>potentia,</strong></span> <span class='ocrx_word' id='word_1_28' title='bbox 1381 573 1572 614; x_wconf 85' lang='lat' dir='ltr'><strong>manus</strong></span> <span class='ocrx_word' id='word_1_29' title='bbox 1611 568 1856 614; x_wconf 76' lang='lat' dir='ltr'><strong>vocatur.</strong></span> <span class='ocrx_word' id='word_1_30' title='bbox 1893 557 2174 621; x_wconf 80' lang='lat' dir='ltr'><strong>Quomodo</strong></span> 
     </span>
    </p>
   </div>
   <div class='ocr_carea' id='block_1_6' title="bbox 592 649 2174 719">
    <p class='ocr_par' dir='ltr' id='par_1_6' title="bbox 592 649 2174 719">
     <span class='ocr_line' id='line_1_6' title="bbox 592 649 2174 719; baseline -0.001 -16"><span class='ocrx_word' id='word_1_31' title='bbox 592 662 771 704; x_wconf 89' lang='lat' dir='ltr'><strong>autem</strong></span> <span class='ocrx_word' id='word_1_32' title='bbox 806 649 1091 704; x_wconf 84' lang='lat' dir='ltr'><strong>mulierum</strong></span> <span class='ocrx_word' id='word_1_33' title='bbox 1116 649 1290 703; x_wconf 86' lang='lat' dir='ltr'><strong>instar</strong></span> <span class='ocrx_word' id='word_1_34' title='bbox 1339 664 1462 703; x_wconf 87' lang='lat' dir='ltr'><strong>cum</strong></span> <span class='ocrx_word' id='word_1_35' title='bbox 1491 649 1683 703; x_wconf 88' lang='lat' dir='ltr'><strong>timore</strong></span> <span class='ocrx_word' id='word_1_36' title='bbox 1701 655 1752 704; x_wconf 88' lang='lat' dir='ltr'><strong>et</strong></span> <span class='ocrx_word' id='word_1_37' title='bbox 1785 649 2034 719; x_wconf 74' lang='lat' dir='ltr'><strong>angustia</strong></span> <span class='ocrx_word' id='word_1_38' title='bbox 2066 649 2174 703; x_wconf 76' lang='lat' dir='ltr'><strong>Ro-</strong></span> 
     </span>
    </p>
   </div>
   <div class='ocr_carea' id='block_1_7' title="bbox 591 737 2172 810">
    <p class='ocr_par' dir='ltr' id='par_1_7' title="bbox 591 737 2172 810">
     <span class='ocr_line' id='line_1_7' title="bbox 591 737 2172 810; baseline -0.002 -17"><span class='ocrx_word' id='word_1_39' title='bbox 591 741 768 794; x_wconf 84' lang='lat' dir='ltr'><strong>manis</strong></span> <span class='ocrx_word' id='word_1_40' title='bbox 795 740 1035 794; x_wconf 88' lang='lat' dir='ltr'><strong>serviant</strong></span> <span class='ocrx_word' id='word_1_41' title='bbox 1066 737 1308 810; x_wconf 62' lang='lat' dir='ltr'><strong>Egyptii</strong></span> <span class='ocrx_word' id='word_1_42' title='bbox 1333 779 1349 805; x_wconf 94' lang='lat'><strong>,</strong></span> <span class='ocrx_word' id='word_1_43' title='bbox 1395 739 1447 792; x_wconf 88' lang='lat' dir='ltr'><strong>id</strong></span> <span class='ocrx_word' id='word_1_44' title='bbox 1485 751 1616 792; x_wconf 85' lang='lat' dir='ltr'><strong>sane</strong></span> <span class='ocrx_word' id='word_1_45' title='bbox 1658 752 1764 792; x_wconf 89' lang='lat' dir='ltr'><strong>nun</strong></span> <span class='ocrx_word' id='word_1_46' title='bbox 1798 747 1883 792; x_wconf 91' lang='lat' dir='ltr'><strong>est</strong></span> <span class='ocrx_word' id='word_1_47' title='bbox 1905 737 2049 808; x_wconf 91' lang='lat' dir='ltr'><strong>quod</strong></span> <span class='ocrx_word' id='word_1_48' title='bbox 2075 752 2172 792; x_wconf 81' lang='lat' dir='ltr'><strong>ex-</strong></span> 
     </span>
    </p>
   </div>
   <div class='ocr_carea' id='block_1_8' title="bbox 591 833 840 902">
    <p class='ocr_par' dir='ltr' id='par_1_8' title="bbox 591 833 840 902">
     <span class='ocr_line' id='line_1_8' title="bbox 591 833 840 902; baseline 0.008 -19"><span class='ocrx_word' id='word_1_49' title='bbox 591 833 840 902; x_wconf 73' lang='lat' dir='ltr'><strong>plicetur.</strong></span> 
     </span>
    </p>
   </div>
   <div class='ocr_carea' id='block_1_9' title="bbox 663 918 2171 990">
    <p class='ocr_par' dir='ltr' id='par_1_9' title="bbox 663 918 2171 990">
     <span class='ocr_line' id='line_1_9' title="bbox 663 918 2171 990; baseline -0.002 -12"><span class='ocrx_word' id='word_1_50' title='bbox 663 923 828 978; x_wconf 84' lang='lat' dir='ltr'><strong>Vltns.</strong></span> <span class='ocrx_word' id='word_1_51' title='bbox 857 923 945 977; x_wconf 79' lang='lat' dir='ltr'><strong>l7.</strong></span> <span class='ocrx_word' id='word_1_52' title='bbox 974 941 990 973; x_wconf 81' lang='grc' dir='ltr'>ι</span> <span class='ocrx_word' id='word_1_53' title='bbox 1021 921 1088 976; x_wconf 88' lang='grc' dir='ltr'><strong>Ει</strong></span> <span class='ocrx_word' id='word_1_54' title='bbox 1115 922 1222 977; x_wconf 90' lang='lat' dir='ltr'><strong>erit</strong></span> <span class='ocrx_word' id='word_1_55' title='bbox 1267 921 1415 990; x_wconf 80' lang='lat' dir='ltr'><strong>regio</strong></span> <span class='ocrx_word' id='word_1_56' title='bbox 1439 918 1755 974; x_wconf 69' lang='lat' dir='ltr'><strong>Judmorum</strong></span> <span class='ocrx_word' id='word_1_57' title='bbox 1800 918 1852 972; x_wconf 89' lang='lat' dir='ltr'><strong>in</strong></span> <span class='ocrx_word' id='word_1_58' title='bbox 1885 926 2171 975; x_wconf 88' lang='lat' dir='ltr'><strong>terrorem.</strong></span> 
     </span>
    </p>
   </div>
   <div class='ocr_carea' id='block_1_10' title="bbox 591 1009 2176 1081">
    <p class='ocr_par' dir='ltr' id='par_1_10' title="bbox 591 1009 2176 1081">
     <span class='ocr_line' id='line_1_10' title="bbox 591 1009 2176 1081; baseline -0.003 -16"><span class='ocrx_word' id='word_1_59' title='bbox 591 1012 908 1081; x_wconf 84' lang='lat' dir='ltr'><strong>Quicunque</strong></span> <span class='ocrx_word' id='word_1_60' title='bbox 938 1027 1059 1066; x_wconf 89' lang='lat' dir='ltr'><strong>eam</strong></span> <span class='ocrx_word' id='word_1_61' title='bbox 1091 1011 1454 1065; x_wconf 86' lang='lat' dir='ltr'><strong>nominaverit</strong></span> <span class='ocrx_word' id='word_1_62' title='bbox 1477 1011 1634 1078; x_wconf 88' lang='lat' dir='ltr'><strong>ipsis,</strong></span> <span class='ocrx_word' id='word_1_63' title='bbox 1667 1009 2024 1066; x_wconf 76' lang='lat' dir='ltr'><strong>extimescent</strong></span> <span class='ocrx_word' id='word_1_64' title='bbox 2049 1023 2176 1078; x_wconf 82' lang='lat' dir='ltr'><strong>pro-</strong></span> 
     </span>
    </p>
   </div>
   <div class='ocr_carea' id='block_1_11' title="bbox 589 1101 2171 1176">
    <p class='ocr_par' dir='ltr' id='par_1_11' title="bbox 589 1101 2171 1176">
     <span class='ocr_line' id='line_1_11' title="bbox 589 1101 2171 1176; baseline -0.003 -15"><span class='ocrx_word' id='word_1_65' title='bbox 589 1116 710 1176; x_wconf 86' lang='lat' dir='ltr'><strong>pter</strong></span> <span class='ocrx_word' id='word_1_66' title='bbox 770 1105 1074 1165; x_wconf 85' lang='lat' dir='ltr'><strong>consilium,</strong></span> <span class='ocrx_word' id='word_1_67' title='bbox 1110 1101 1249 1171; x_wconf 88' lang='lat' dir='ltr'><strong>quod</strong></span> <span class='ocrx_word' id='word_1_68' title='bbox 1301 1101 1577 1156; x_wconf 85' lang='lat' dir='ltr'><strong>consuluit</strong></span> <span class='ocrx_word' id='word_1_69' title='bbox 1623 1102 1880 1158; x_wconf 85' lang='lat' dir='ltr'><strong>Dominus</strong></span> <span class='ocrx_word' id='word_1_70' title='bbox 1934 1101 2171 1157; x_wconf 84' lang='lat' dir='ltr'><strong>Sabaoth</strong></span> 
     </span>
    </p>
   </div>
   <div class='ocr_carea' id='block_1_12' title="bbox 589 1193 2172 1268">
    <p class='ocr_par' dir='ltr' id='par_1_12' title="bbox 589 1193 2172 1268">
     <span class='ocr_line' id='line_1_12' title="bbox 589 1193 2172 1268; baseline -0.004 -13"><span class='ocrx_word' id='word_1_71' title='bbox 589 1214 752 1268; x_wconf 84' lang='lat' dir='ltr'><strong>super</strong></span> <span class='ocrx_word' id='word_1_72' title='bbox 779 1214 920 1254; x_wconf 87' lang='lat' dir='ltr'><strong>eam.</strong></span> <span class='ocrx_word' id='word_1_73' title='bbox 959 1217 979 1250; x_wconf 75' lang='grc' dir='ltr'><strong>ι</strong></span> <span class='ocrx_word' id='word_1_74' title='bbox 1015 1196 1308 1263; x_wconf 74' lang='lat' dir='ltr'><strong>[legionem</strong></span> <span class='ocrx_word' id='word_1_75' title='bbox 1337 1210 1464 1249; x_wconf 88' lang='lat' dir='ltr'><strong>vero</strong></span> <span class='ocrx_word' id='word_1_76' title='bbox 1502 1193 1809 1250; x_wconf 72' lang='lat' dir='ltr'><strong>Judanorum</strong></span> <span class='ocrx_word' id='word_1_77' title='bbox 1844 1195 1890 1250; x_wconf 90' lang='lat' dir='ltr'><strong>si</strong></span> <span class='ocrx_word' id='word_1_78' title='bbox 1925 1194 2172 1263; x_wconf 88' lang='lat' dir='ltr'><strong>Scriptu-</strong></span> 
     </span>
    </p>
   </div>
   <div class='ocr_carea' id='block_1_13' title="bbox 588 1287 2171 1356">
    <p class='ocr_par' dir='ltr' id='par_1_13' title="bbox 588 1287 2171 1356">
     <span class='ocr_line' id='line_1_13' title="bbox 588 1287 2171 1356; baseline -0.003 -9"><span class='ocrx_word' id='word_1_79' title='bbox 588 1309 706 1348; x_wconf 85' lang='lat' dir='ltr'><strong>ram</strong></span> <span class='ocrx_word' id='word_1_80' title='bbox 736 1292 972 1346; x_wconf 87' lang='lat' dir='ltr'><strong>divinam</strong></span> <span class='ocrx_word' id='word_1_81' title='bbox 1011 1288 1218 1342; x_wconf 79' lang='lat' dir='ltr'><strong>dixeris</strong></span> <span class='ocrx_word' id='word_1_82' title='bbox 1256 1302 1413 1353; x_wconf 88' lang='lat' dir='ltr'><strong>esse,</strong></span> <span class='ocrx_word' id='word_1_83' title='bbox 1441 1287 1754 1356; x_wconf 90' lang='lat' dir='ltr'><strong>neutiquam</strong></span> <span class='ocrx_word' id='word_1_84' title='bbox 1808 1287 2171 1354; x_wconf 84' lang='lat' dir='ltr'><strong>aberraveris,</strong></span> 
     </span>
    </p>
   </div>
   <div class='ocr_carea' id='block_1_14' title="bbox 587 1379 2168 1456">
    <p class='ocr_par' dir='ltr' id='par_1_14' title="bbox 587 1379 2168 1456">
     <span class='ocr_line' id='line_1_14' title="bbox 587 1379 2168 1456; baseline 0 -20"><span class='ocrx_word' id='word_1_85' title='bbox 587 1399 772 1456; x_wconf 79' lang='lat' dir='ltr'><strong>quam,</strong></span> <span class='ocrx_word' id='word_1_86' title='bbox 788 1387 856 1438; x_wconf 91' lang='lat' dir='ltr'><strong>oh</strong></span> <span class='ocrx_word' id='word_1_87' title='bbox 873 1384 978 1437; x_wconf 86' lang='lat' dir='ltr'><strong>vim</strong></span> <span class='ocrx_word' id='word_1_88' title='bbox 996 1382 1210 1452; x_wconf 82' lang='lat' dir='ltr'><strong>pietatis</strong></span> <span class='ocrx_word' id='word_1_89' title='bbox 1227 1392 1280 1435; x_wconf 90' lang='lat' dir='ltr'><strong>et</strong></span> <span class='ocrx_word' id='word_1_90' title='bbox 1303 1380 1449 1445; x_wconf 81' lang='lat' dir='ltr'><strong>ﬁdei,</strong></span> <span class='ocrx_word' id='word_1_91' title='bbox 1467 1381 1558 1449; x_wconf 91' lang='lat' dir='ltr'><strong>qui</strong></span> <span class='ocrx_word' id='word_1_92' title='bbox 1581 1379 1862 1435; x_wconf 90' lang='lat' dir='ltr'><strong>Dominum</strong></span> <span class='ocrx_word' id='word_1_93' title='bbox 1882 1391 2168 1450; x_wconf 84' lang='lat' dir='ltr'><strong>noverunt,</strong></span> 
     </span>
    </p>
   </div>
   <div class='ocr_carea' id='block_1_15' title="bbox 587 1471 2176 1542">
    <p class='ocr_par' dir='ltr' id='par_1_15' title="bbox 587 1471 2176 1542">
     <span class='ocr_line' id='line_1_15' title="bbox 587 1471 2176 1542; baseline -0.004 -10"><span class='ocrx_word' id='word_1_94' title='bbox 587 1493 709 1533; x_wconf 90' lang='lat' dir='ltr'><strong>cum</strong></span> <span class='ocrx_word' id='word_1_95' title='bbox 747 1478 960 1542; x_wconf 87' lang='lat' dir='ltr'><strong>timore,</strong></span> <span class='ocrx_word' id='word_1_96' title='bbox 999 1486 1228 1529; x_wconf 83' lang='lat' dir='ltr'><strong>tremore</strong></span> <span class='ocrx_word' id='word_1_97' title='bbox 1265 1483 1320 1527; x_wconf 91' lang='lat' dir='ltr'><strong>et</strong></span> <span class='ocrx_word' id='word_1_98' title='bbox 1344 1477 1648 1528; x_wconf 86' lang='lat' dir='ltr'><strong>reverentia</strong></span> <span class='ocrx_word' id='word_1_99' title='bbox 1669 1471 1892 1537; x_wconf 86' lang='lat' dir='ltr'><strong>adeunt,</strong></span> <span class='ocrx_word' id='word_1_100' title='bbox 1924 1486 2030 1528; x_wconf 92' lang='lat' dir='ltr'><strong>non</strong></span> <span class='ocrx_word' id='word_1_101' title='bbox 2059 1487 2176 1527; x_wconf 80' lang='lat' dir='ltr'><strong>ant-</strong></span> 
     </span>
    </p>
   </div>
   <div class='ocr_carea' id='block_1_16' title="bbox 586 1563 2169 1640">
    <p class='ocr_par' dir='ltr' id='par_1_16' title="bbox 586 1563 2169 1640">
     <span class='ocr_line' id='line_1_16' title="bbox 586 1563 2169 1640; baseline -0.002 -17"><span class='ocrx_word' id='word_1_102' title='bbox 586 1571 810 1640; x_wconf 87' lang='lat' dir='ltr'><strong>pliusttt</strong></span> <span class='ocrx_word' id='word_1_103' title='bbox 840 1569 966 1623; x_wconf 91' lang='lat' dir='ltr'><strong>olim</strong></span> <span class='ocrx_word' id='word_1_104' title='bbox 1003 1567 1319 1636; x_wconf 78' lang='lat' dir='ltr'><strong>hiasphema</strong></span> <span class='ocrx_word' id='word_1_105' title='bbox 1351 1565 1495 1620; x_wconf 90' lang='lat' dir='ltr'><strong>dicta</strong></span> <span class='ocrx_word' id='word_1_106' title='bbox 1541 1565 1596 1618; x_wconf 88' lang='lat' dir='ltr'><strong>in</strong></span> <span class='ocrx_word' id='word_1_107' title='bbox 1647 1579 1767 1620; x_wconf 88' lang='lat' dir='ltr'><strong>eam</strong></span> <span class='ocrx_word' id='word_1_108' title='bbox 1807 1563 2169 1634; x_wconf 82' lang='lat' dir='ltr'><strong>proferentes,</strong></span> 
     </span>
    </p>
   </div>
   <div class='ocr_carea' id='block_1_17' title="bbox 585 1657 2173 1728">
    <p class='ocr_par' dir='ltr' id='par_1_17' title="bbox 585 1657 2173 1728">
     <span class='ocr_line' id='line_1_17' title="bbox 585 1657 2173 1728; baseline -0.002 -11"><span class='ocrx_word' id='word_1_109' title='bbox 585 1664 681 1718; x_wconf 82' lang='lat' dir='ltr'><strong>sed</strong></span> <span class='ocrx_word' id='word_1_110' title='bbox 711 1663 780 1716; x_wconf 85' lang='lat' dir='ltr'><strong>ob</strong></span> <span class='ocrx_word' id='word_1_111' title='bbox 825 1660 1110 1715; x_wconf 89' lang='lat' dir='ltr'><strong>Dominum</strong></span> <span class='ocrx_word' id='word_1_112' title='bbox 1153 1660 1204 1712; x_wconf 90' lang='lat' dir='ltr'><strong>in</strong></span> <span class='ocrx_word' id='word_1_113' title='bbox 1252 1674 1315 1713; x_wconf 84' lang='lat' dir='ltr'><strong>ea</strong></span> <span class='ocrx_word' id='word_1_114' title='bbox 1361 1657 1747 1728; x_wconf 71' lang='lat' dir='ltr'><strong>praedicatum,</strong></span> <span class='ocrx_word' id='word_1_115' title='bbox 1773 1667 2094 1714; x_wconf 82' lang='lat' dir='ltr'><strong>venerantes</strong></span> <span class='ocrx_word' id='word_1_116' title='bbox 2117 1672 2173 1718; x_wconf 80' lang='lat' dir='ltr'><strong>et</strong></span> 
     </span>
    </p>
   </div>
   <div class='ocr_carea' id='block_1_18' title="bbox 584 1750 2172 1821">
    <p class='ocr_par' dir='ltr' id='par_1_18' title="bbox 584 1750 2172 1821">
     <span class='ocr_line' id='line_1_18' title="bbox 584 1750 2172 1821; baseline -0.004 -10"><span class='ocrx_word' id='word_1_117' title='bbox 584 1756 844 1811; x_wconf 79' lang='lat' dir='ltr'><strong>colentes.</strong></span> <span class='ocrx_word' id='word_1_118' title='bbox 887 1753 1250 1820; x_wconf 88' lang='lat' dir='ltr'><strong>Quamobrem</strong></span> <span class='ocrx_word' id='word_1_119' title='bbox 1286 1751 1535 1821; x_wconf 87' lang='lat' dir='ltr'><strong>quisquis</strong></span> <span class='ocrx_word' id='word_1_120' title='bbox 1579 1750 1725 1806; x_wconf 86' lang='lat' dir='ltr'><strong>illam</strong></span> <span class='ocrx_word' id='word_1_121' title='bbox 1761 1751 1892 1820; x_wconf 83' lang='lat' dir='ltr'><strong>ipsis</strong></span> <span class='ocrx_word' id='word_1_122' title='bbox 1930 1765 2172 1805; x_wconf 86' lang='lat' dir='ltr'><strong>comme-</strong></span> 
     </span>
    </p>
   </div>
   <div class='ocr_carea' id='block_1_19' title="bbox 2279 555 3848 630">
    <p class='ocr_par' dir='ltr' id='par_1_19' title="bbox 2279 555 3848 630">
     <span class='ocr_line' id='line_1_19' title="bbox 2279 555 3848 630; baseline 0.001 -18"><span class='ocrx_word' id='word_1_123' title='bbox 2279 556 2644 630; x_wconf 80' lang='grc' dir='ltr'><strong>χειρώσασθαι</strong></span> <span class='ocrx_word' id='word_1_124' title='bbox 2667 559 2767 630; x_wconf 85' lang='grc' dir='ltr'><strong>τὴν</strong></span> <span class='ocrx_word' id='word_1_125' title='bbox 2793 560 3108 628; x_wconf 79' lang='grc' dir='ltr'><strong>Αἰγυπτίων</strong></span> <span class='ocrx_word' id='word_1_126' title='bbox 3135 557 3332 630; x_wconf 78' lang='grc' dir='ltr'><strong>ἀρχὴν,</strong></span> <span class='ocrx_word' id='word_1_127' title='bbox 3355 557 3584 628; x_wconf 89' lang='grc' dir='ltr'><strong>δύναμις</strong></span> <span class='ocrx_word' id='word_1_128' title='bbox 3627 555 3766 628; x_wconf 83' lang='grc' dir='ltr'><strong>αῦτη</strong></span> <span class='ocrx_word' id='word_1_129' title='bbox 3795 557 3848 614; x_wconf 65' lang='grc' dir='ltr'>δὲ</span> 
     </span>
    </p>
   </div>
   <div class='ocr_carea' id='block_1_20' title="bbox 2273 641 3848 720">
    <p class='ocr_par' dir='ltr' id='par_1_20' title="bbox 2273 641 3848 720">
     <span class='ocr_line' id='line_1_20' title="bbox 2273 641 3848 720; baseline -0.001 -20"><span class='ocrx_word' id='word_1_130' title='bbox 2273 641 2342 717; x_wconf 80' lang='grc' dir='ltr'><strong>ἦν</strong></span> <span class='ocrx_word' id='word_1_131' title='bbox 2377 649 2410 718; x_wconf 82' lang='grc' dir='ltr'><strong>ἠ</strong></span> <span class='ocrx_word' id='word_1_132' title='bbox 2447 647 2757 718; x_wconf 85' lang='grc' dir='ltr'><strong>Ῥωμαϊκοῦ</strong></span> <span class='ocrx_word' id='word_1_133' title='bbox 2787 648 3043 720; x_wconf 88' lang='grc' dir='ltr'><strong>στρατοῦ,</strong></span> <span class='ocrx_word' id='word_1_134' title='bbox 3077 649 3198 718; x_wconf 75' lang='grc' dir='ltr'><strong>χεὶρ</strong></span> <span class='ocrx_word' id='word_1_135' title='bbox 3222 646 3555 718; x_wconf 84' lang='grc' dir='ltr'><strong>ὠνόμασται.</strong></span> <span class='ocrx_word' id='word_1_136' title='bbox 3583 646 3768 707; x_wconf 83' lang='grc' dir='ltr'><strong>Ὅπως</strong></span> <span class='ocrx_word' id='word_1_137' title='bbox 3795 645 3848 698; x_wconf 75' lang='grc' dir='ltr'>δὲ</span> 
     </span>
    </p>
   </div>
   <div class='ocr_carea' id='block_1_21' title="bbox 2274 733 3847 809">
    <p class='ocr_par' dir='ltr' id='par_1_21' title="bbox 2274 733 3847 809">
     <span class='ocr_line' id='line_1_21' title="bbox 2274 733 3847 809; baseline -0.002 -19"><span class='ocrx_word' id='word_1_138' title='bbox 2274 737 2552 805; x_wconf 86' lang='grc' dir='ltr'><strong>γυναικῶν</strong></span> <span class='ocrx_word' id='word_1_139' title='bbox 2581 738 2738 808; x_wconf 86' lang='grc' dir='ltr'>δίκην</span> <span class='ocrx_word' id='word_1_140' title='bbox 2771 738 2909 809; x_wconf 80' lang='grc' dir='ltr'><strong>μετὰ</strong></span> <span class='ocrx_word' id='word_1_141' title='bbox 2941 738 3106 808; x_wconf 78' lang='grc' dir='ltr'>φόϐου</span> <span class='ocrx_word' id='word_1_142' title='bbox 3134 737 3229 791; x_wconf 74' lang='lat' dir='ltr'><strong>xa‘t</strong></span> <span class='ocrx_word' id='word_1_143' title='bbox 3265 736 3503 805; x_wconf 78' lang='grc' dir='ltr'><strong>ἀγωνίας</strong></span> <span class='ocrx_word' id='word_1_144' title='bbox 3545 733 3847 789; x_wconf 74' lang='grc' dir='ltr'><strong>δουλεύουσι</strong></span> 
     </span>
    </p>
   </div>
   <div class='ocr_carea' id='block_1_22' title="bbox 2286 829 3430 902">
    <p class='ocr_par' dir='ltr' id='par_1_22' title="bbox 2286 829 3430 902">
     <span class='ocr_line' id='line_1_22' title="bbox 2286 829 3430 902; baseline -0.002 -18"><span class='ocrx_word' id='word_1_145' title='bbox 2286 830 2575 902; x_wconf 85' lang='grc' dir='ltr'><strong>Ῥωμαίοις</strong></span> <span class='ocrx_word' id='word_1_146' title='bbox 2605 831 2912 900; x_wconf 81' lang='grc' dir='ltr'><strong>Αίγύπτιοι,</strong></span> <span class='ocrx_word' id='word_1_147' title='bbox 2943 831 3092 885; x_wconf 79' lang='grc' dir='ltr'>οὐδὲν</span> <span class='ocrx_word' id='word_1_148' title='bbox 3125 831 3206 883; x_wconf 84' lang='grc' dir='ltr'>δεῖ</span> <span class='ocrx_word' id='word_1_149' title='bbox 3232 829 3430 899; x_wconf 81' lang='grc' dir='ltr'><strong>λέγειν.</strong></span> 
     </span>
    </p>
   </div>
   <div class='ocr_carea' id='block_1_23' title="bbox 2342 920 3848 996">
    <p class='ocr_par' dir='ltr' id='par_1_23' title="bbox 2342 920 3848 996">
     <span class='ocr_line' id='line_1_23' title="bbox 2342 920 3848 996; baseline -0.002 -21"><span class='ocrx_word' id='word_1_150' title='bbox 2342 941 2362 975; x_wconf 78' lang='grc' dir='ltr'><strong>ι</strong></span> <span class='ocrx_word' id='word_1_151' title='bbox 2404 924 2512 978; x_wconf 79' lang='grc' dir='ltr'><strong>Καὶ</strong></span> <span class='ocrx_word' id='word_1_152' title='bbox 2535 923 2689 980; x_wconf 75' lang='grc' dir='ltr'><strong>ἔσται</strong></span> <span class='ocrx_word' id='word_1_153' title='bbox 2717 927 2751 995; x_wconf 86' lang='grc' dir='ltr'>ἡ</span> <span class='ocrx_word' id='word_1_154' title='bbox 2787 927 2939 996; x_wconf 83' lang='grc' dir='ltr'><strong>χώρα</strong></span> <span class='ocrx_word' id='word_1_155' title='bbox 2964 925 3072 978; x_wconf 82' lang='grc' dir='ltr'><strong>τῶν</strong></span> <span class='ocrx_word' id='word_1_156' title='bbox 3110 923 3379 977; x_wconf 80' lang='grc' dir='ltr'><strong>Ἰουδαίων</strong></span> <span class='ocrx_word' id='word_1_157' title='bbox 3408 925 3518 986; x_wconf 84' lang='grc' dir='ltr'><strong>τοῖς</strong></span> <span class='ocrx_word' id='word_1_158' title='bbox 3537 920 3848 991; x_wconf 55' lang='grc' dir='ltr'><strong>Αἰγυπτίοις</strong></span> 
     </span>
    </p>
   </div>
   <div class='ocr_carea' id='block_1_24' title="bbox 2273 1014 3846 1088">
    <p class='ocr_par' dir='ltr' id='par_1_24' title="bbox 2273 1014 3846 1088">
     <span class='ocr_line' id='line_1_24' title="bbox 2273 1014 3846 1088; baseline -0.009 -9"><span class='ocrx_word' id='word_1_159' title='bbox 2273 1015 2354 1078; x_wconf 73' lang='grc' dir='ltr'><strong>εἰς</strong></span> <span class='ocrx_word' id='word_1_160' title='bbox 2385 1015 2672 1088; x_wconf 66' lang='grc' dir='ltr'><strong>φόϐητρον.</strong></span> <span class='ocrx_word' id='word_1_161' title='bbox 2717 1018 2832 1080; x_wconf 75' lang='grc' dir='ltr'><strong>Πᾶς</strong></span> <span class='ocrx_word' id='word_1_162' title='bbox 2868 1018 2927 1081; x_wconf 86' lang='grc' dir='ltr'><strong>ὃς</strong></span> <span class='ocrx_word' id='word_1_163' title='bbox 2983 1017 3078 1070; x_wconf 75' lang='grc' dir='ltr'><strong>ἐὰν</strong></span> <span class='ocrx_word' id='word_1_164' title='bbox 3133 1015 3374 1087; x_wconf 75' lang='grc' dir='ltr'><strong>ὀνομάσῃ</strong></span> <span class='ocrx_word' id='word_1_165' title='bbox 3423 1014 3592 1084; x_wconf 74' lang='grc' dir='ltr'><strong>αὐτὴν</strong></span> <span class='ocrx_word' id='word_1_166' title='bbox 3647 1014 3846 1076; x_wconf 80' lang='grc' dir='ltr'><strong>αὐτοῖς,</strong></span> 
     </span>
    </p>
   </div>
   <div class='ocr_carea' id='block_1_25' title="bbox 2273 1095 3850 1178">
    <p class='ocr_par' dir='ltr' id='par_1_25' title="bbox 2273 1095 3850 1178">
     <span class='ocr_line' id='line_1_25' title="bbox 2273 1095 3850 1178; baseline -0.007 -16"><span class='ocrx_word' id='word_1_167' title='bbox 2273 1105 2671 1178; x_wconf 80' lang='grc' dir='ltr'><strong>φοϐηθήσονται</strong></span> <span class='ocrx_word' id='word_1_168' title='bbox 2697 1107 2782 1160; x_wconf 75' lang='grc' dir='ltr'><strong>διὰ</strong></span> <span class='ocrx_word' id='word_1_169' title='bbox 2805 1107 2903 1177; x_wconf 79' lang='grc' dir='ltr'><strong>τὴν</strong></span> <span class='ocrx_word' id='word_1_170' title='bbox 2937 1106 3152 1177; x_wconf 80' lang='grc' dir='ltr'>βουλὴν,</span> <span class='ocrx_word' id='word_1_171' title='bbox 3182 1107 3249 1177; x_wconf 80' lang='grc' dir='ltr'><strong>ἢν</strong></span> <span class='ocrx_word' id='word_1_172' title='bbox 3279 1104 3482 1174; x_wconf 80' lang='grc' dir='ltr'><strong>Κύριος</strong></span> <span class='ocrx_word' id='word_1_173' title='bbox 3510 1095 3732 1155; x_wconf 84' lang='grc' dir='ltr'>Σαϐαὼθ</span> <span class='ocrx_word' id='word_1_174' title='bbox 3764 1099 3850 1170; x_wconf 83' lang='grc' dir='ltr'><strong>βε-</strong></span> 
     </span>
    </p>
   </div>
   <div class='ocr_carea' id='block_1_26' title="bbox 2273 1191 3848 1271">
    <p class='ocr_par' dir='ltr' id='par_1_26' title="bbox 2273 1191 3848 1271">
     <span class='ocr_line' id='line_1_26' title="bbox 2273 1191 3848 1271; baseline -0.004 -19"><span class='ocrx_word' id='word_1_175' title='bbox 2273 1198 2556 1254; x_wconf 85' lang='grc' dir='ltr'><strong>ϐούλευται</strong></span> <span class='ocrx_word' id='word_1_176' title='bbox 2578 1200 2662 1252; x_wconf 78' lang='grc' dir='ltr'><strong>ἐπ’</strong></span> <span class='ocrx_word' id='word_1_177' title='bbox 2689 1201 2879 1271; x_wconf 82' lang='grc' dir='ltr'><strong>αὐτήν.</strong></span> <span class='ocrx_word' id='word_1_178' title='bbox 2907 1219 2924 1250; x_wconf 78' lang='grc' dir='ltr'><strong>ι</strong></span> <span class='ocrx_word' id='word_1_179' title='bbox 2955 1198 3153 1268; x_wconf 81' lang='grc' dir='ltr'><strong>Χώραν</strong></span> <span class='ocrx_word' id='word_1_180' title='bbox 3183 1198 3242 1250; x_wconf 76' lang='grc' dir='ltr'>δὲ</span> <span class='ocrx_word' id='word_1_181' title='bbox 3284 1194 3551 1250; x_wconf 79' lang='grc' dir='ltr'><strong>Ἰουδαίων</strong></span> <span class='ocrx_word' id='word_1_182' title='bbox 3578 1193 3674 1265; x_wconf 78' lang='grc' dir='ltr'><strong>τὴν</strong></span> <span class='ocrx_word' id='word_1_183' title='bbox 3702 1191 3848 1245; x_wconf 86' lang='grc' dir='ltr'><strong>θείαν</strong></span> 
     </span>
    </p>
   </div>
   <div class='ocr_carea' id='block_1_27' title="bbox 2272 1283 3850 1364">
    <p class='ocr_par' dir='ltr' id='par_1_27' title="bbox 2272 1283 3850 1364">
     <span class='ocr_line' id='line_1_27' title="bbox 2272 1283 3850 1364; baseline -0.006 -17"><span class='ocrx_word' id='word_1_184' title='bbox 2272 1292 2373 1347; x_wconf 80' lang='grc' dir='ltr'>οὐκ</span> <span class='ocrx_word' id='word_1_185' title='bbox 2401 1291 2468 1346; x_wconf 80' lang='grc' dir='ltr'><strong>ἂν</strong></span> <span class='ocrx_word' id='word_1_186' title='bbox 2504 1293 2771 1364; x_wconf 78' lang='grc' dir='ltr'><strong>ἁμάρτοις</strong></span> <span class='ocrx_word' id='word_1_187' title='bbox 2813 1291 2983 1346; x_wconf 76' lang='grc' dir='ltr'><strong>εἰπὼν</strong></span> <span class='ocrx_word' id='word_1_188' title='bbox 3021 1293 3060 1344; x_wconf 90' lang='grc' dir='ltr'><strong>Γ</strong></span> <span class='ocrx_word' id='word_1_189' title='bbox 3065 1292 3274 1362; x_wconf 80' lang='grc' dir='ltr'><strong>ραφήν·</strong></span> <span class='ocrx_word' id='word_1_190' title='bbox 3329 1291 3396 1360; x_wconf 73' lang='grc' dir='ltr'><strong>ἢν</strong></span> <span class='ocrx_word' id='word_1_191' title='bbox 3442 1288 3509 1342; x_wconf 82' lang='grc' dir='ltr'><strong>δι’</strong></span> <span class='ocrx_word' id='word_1_192' title='bbox 3550 1283 3850 1357; x_wconf 78' lang='grc' dir='ltr'>ὑπερϐολὴν</span> 
     </span>
    </p>
   </div>
   <div class='ocr_carea' id='block_1_28' title="bbox 2275 1377 3848 1453">
    <p class='ocr_par' dir='ltr' id='par_1_28' title="bbox 2275 1377 3848 1453">
     <span class='ocr_line' id='line_1_28' title="bbox 2275 1377 3848 1453; baseline -0.008 -12"><span class='ocrx_word' id='word_1_193' title='bbox 2275 1387 2562 1450; x_wconf 83' lang='grc' dir='ltr'><strong>εὐλαϐείας</strong></span> <span class='ocrx_word' id='word_1_194' title='bbox 2601 1387 2694 1442; x_wconf 80' lang='grc' dir='ltr'><strong>καὶ</strong></span> <span class='ocrx_word' id='word_1_195' title='bbox 2733 1385 2968 1448; x_wconf 87' lang='grc' dir='ltr'><strong>πίστεως</strong></span> <span class='ocrx_word' id='word_1_196' title='bbox 2995 1385 3046 1438; x_wconf 85' lang='lat' dir='ltr'><strong>oi.</strong></span> <span class='ocrx_word' id='word_1_197' title='bbox 3092 1385 3182 1436; x_wconf 74' lang='grc' dir='ltr'><strong>τὸν</strong></span> <span class='ocrx_word' id='word_1_198' title='bbox 3218 1381 3418 1453; x_wconf 77' lang='grc' dir='ltr'><strong>Κύριον</strong></span> <span class='ocrx_word' id='word_1_199' title='bbox 3479 1377 3848 1447; x_wconf 77' lang='grc' dir='ltr'><strong>ἐπεγνωκότες</strong></span> 
     </span>
    </p>
   </div>
   <div class='ocr_carea' id='block_1_29' title="bbox 2275 1469 3846 1550">
    <p class='ocr_par' dir='ltr' id='par_1_29' title="bbox 2275 1469 3846 1550">
     <span class='ocr_line' id='line_1_29' title="bbox 2275 1469 3846 1550; baseline -0.007 -17"><span class='ocrx_word' id='word_1_200' title='bbox 2275 1480 2414 1550; x_wconf 75' lang='grc' dir='ltr'><strong>μετὰ</strong></span> <span class='ocrx_word' id='word_1_201' title='bbox 2435 1477 2600 1549; x_wconf 81' lang='grc' dir='ltr'>φόϐου</span> <span class='ocrx_word' id='word_1_202' title='bbox 2636 1478 2730 1533; x_wconf 77' lang='grc' dir='ltr'><strong>καὶ</strong></span> <span class='ocrx_word' id='word_1_203' title='bbox 2772 1477 2977 1549; x_wconf 77' lang='grc' dir='ltr'><strong>τρόμου</strong></span> <span class='ocrx_word' id='word_1_204' title='bbox 3037 1477 3132 1530; x_wconf 77' lang='grc' dir='ltr'><strong>καὶ</strong></span> <span class='ocrx_word' id='word_1_205' title='bbox 3183 1473 3466 1536; x_wconf 77' lang='grc' dir='ltr'>εὐλαϐείας</span> <span class='ocrx_word' id='word_1_206' title='bbox 3514 1469 3846 1544; x_wconf 86' lang='grc' dir='ltr'><strong>προσίενται,</strong></span> 
     </span>
    </p>
   </div>
   <div class='ocr_carea' id='block_1_30' title="bbox 2272 1561 3846 1638">
    <p class='ocr_par' dir='ltr' id='par_1_30' title="bbox 2272 1561 3846 1638">
     <span class='ocr_line' id='line_1_30' title="bbox 2272 1561 3846 1638; baseline -0.006 -16"><span class='ocrx_word' id='word_1_207' title='bbox 2272 1567 2458 1622; x_wconf 77' lang='grc' dir='ltr'>οὐκέτι</span> <span class='ocrx_word' id='word_1_208' title='bbox 2488 1567 2564 1631; x_wconf 84' lang='grc' dir='ltr'><strong>ὡς</strong></span> <span class='ocrx_word' id='word_1_209' title='bbox 2595 1566 2657 1620; x_wconf 82' lang='grc' dir='ltr'><strong>τὸ</strong></span> <span class='ocrx_word' id='word_1_210' title='bbox 2704 1569 2833 1638; x_wconf 78' lang='grc' dir='ltr'><strong>πρὶν</strong></span> <span class='ocrx_word' id='word_1_211' title='bbox 2889 1563 3332 1637; x_wconf 80' lang='grc' dir='ltr'><strong>βλασφημοῦντες</strong></span> <span class='ocrx_word' id='word_1_212' title='bbox 3389 1563 3578 1633; x_wconf 77' lang='grc' dir='ltr'><strong>αὐτὴν,</strong></span> <span class='ocrx_word' id='word_1_213' title='bbox 3603 1561 3737 1616; x_wconf 81' lang='grc' dir='ltr'>ἀλλὰ</span> <span class='ocrx_word' id='word_1_214' title='bbox 3761 1576 3846 1613; x_wconf 88' lang='grc' dir='ltr'><strong>τι-</strong></span> 
     </span>
    </p>
   </div>
   <div class='ocr_carea' id='block_1_31' title="bbox 2275 1652 3847 1729">
    <p class='ocr_par' dir='ltr' id='par_1_31' title="bbox 2275 1652 3847 1729">
     <span class='ocr_line' id='line_1_31' title="bbox 2275 1652 3847 1729; baseline -0.006 -16"><span class='ocrx_word' id='word_1_215' title='bbox 2275 1658 2484 1729; x_wconf 67' lang='grc' dir='ltr'><strong>μῦντες</strong></span> <span class='ocrx_word' id='word_1_216' title='bbox 2514 1658 2607 1714; x_wconf 71' lang='grc' dir='ltr'><strong>καὶ</strong></span> <span class='ocrx_word' id='word_1_217' title='bbox 2637 1658 2884 1722; x_wconf 82' lang='grc' dir='ltr'><strong>σέϐοντες</strong></span> <span class='ocrx_word' id='word_1_218' title='bbox 2907 1657 2994 1712; x_wconf 70' lang='grc' dir='ltr'><strong>διὰ</strong></span> <span class='ocrx_word' id='word_1_219' title='bbox 3025 1657 3114 1711; x_wconf 83' lang='grc' dir='ltr'><strong>τὸν</strong></span> <span class='ocrx_word' id='word_1_220' title='bbox 3160 1658 3218 1710; x_wconf 85' lang='grc' dir='ltr'><strong>ὲν</strong></span> <span class='ocrx_word' id='word_1_221' title='bbox 3276 1655 3414 1726; x_wconf 78' lang='grc' dir='ltr'><strong>αὐτῇ</strong></span> <span class='ocrx_word' id='word_1_222' title='bbox 3449 1652 3847 1726; x_wconf 78' lang='grc' dir='ltr'><strong>κηρυττόμενον</strong></span> 
     </span>
    </p>
   </div>
   <div class='ocr_carea' id='block_1_32' title="bbox 2275 1744 3846 1823">
    <p class='ocr_par' dir='ltr' id='par_1_32' title="bbox 2275 1744 3846 1823">
     <span class='ocr_line' id='line_1_32' title="bbox 2275 1744 3846 1823; baseline -0.005 -17"><span class='ocrx_word' id='word_1_223' title='bbox 2275 1751 2480 1823; x_wconf 78' lang='grc' dir='ltr'><strong>Κύρων</strong></span> <span class='ocrx_word' id='word_1_224' title='bbox 2497 1768 2510 1782; x_wconf 86' lang='grc'><strong>·</strong></span> <span class='ocrx_word' id='word_1_225' title='bbox 2542 1752 2622 1806; x_wconf 85' lang='grc' dir='ltr'>διὸ</span> <span class='ocrx_word' id='word_1_226' title='bbox 2643 1751 3089 1823; x_wconf 74' lang='grc' dir='ltr'><strong>πᾶςόόνομὰζων</strong></span> <span class='ocrx_word' id='word_1_227' title='bbox 3122 1750 3289 1821; x_wconf 79' lang='grc' dir='ltr'><strong>αὐτὴν</strong></span> <span class='ocrx_word' id='word_1_228' title='bbox 3315 1751 3494 1813; x_wconf 73' lang='grc' dir='ltr'><strong>αὐτοῖς</strong></span> <span class='ocrx_word' id='word_1_229' title='bbox 3522 1745 3684 1816; x_wconf 80' lang='grc' dir='ltr'>φόϐον</span> <span class='ocrx_word' id='word_1_230' title='bbox 3711 1744 3846 1799; x_wconf 87' lang='grc' dir='ltr'><strong>Θεοῦ</strong></span> 
     </span>
    </p>
   </div>
   <div class='ocr_carea' id='block_1_33' title="bbox 584 1831 2167 1916">
    <p class='ocr_par' dir='ltr' id='par_1_33' title="bbox 584 1841 2165 1914">
     <span class='ocr_line' id='line_1_33' title="bbox 584 1841 2165 1914; baseline -0.003 -12"><span class='ocrx_word' id='word_1_231' title='bbox 584 1856 791 1911; x_wconf 81' lang='lat' dir='ltr'><strong>morat.</strong></span> <span class='ocrx_word' id='word_1_232' title='bbox 826 1847 1075 1900; x_wconf 89' lang='lat' dir='ltr'><strong>timorem</strong></span> <span class='ocrx_word' id='word_1_233' title='bbox 1119 1845 1209 1900; x_wconf 89' lang='lat' dir='ltr'><strong>Dei</strong></span> <span class='ocrx_word' id='word_1_234' title='bbox 1242 1844 1374 1914; x_wconf 84' lang='lat' dir='ltr'><strong>ipsis</strong></span> <span class='ocrx_word' id='word_1_235' title='bbox 1424 1843 1688 1909; x_wconf 85' lang='lat' dir='ltr'><strong>immittit,</strong></span> <span class='ocrx_word' id='word_1_236' title='bbox 1736 1857 1859 1896; x_wconf 87' lang='lat' dir='ltr'><strong>nam</strong></span> <span class='ocrx_word' id='word_1_237' title='bbox 1894 1860 1913 1894; x_wconf 84' lang='grc' dir='ltr'>ι</span> <span class='ocrx_word' id='word_1_238' title='bbox 1947 1841 2165 1897; x_wconf 86' lang='lat' dir='ltr'><strong>Initium</strong></span> 
     </span>
    </p>
   </div>
   <div class='ocr_carea' id='block_1_34' title="bbox 2270 1831 3844 1916">
    <p class='ocr_par' dir='ltr' id='par_1_34' title="bbox 2270 1841 3844 1916">
     <span class='ocr_line' id='line_1_34' title="bbox 2270 1841 3844 1916; baseline 0.001 -22"><span class='ocrx_word' id='word_1_239' title='bbox 2270 1842 2482 1914; x_wconf 69' lang='grc' dir='ltr'><strong>ἐμποιεῖ</strong></span> <span class='ocrx_word' id='word_1_240' title='bbox 2528 1845 2744 1908; x_wconf 81' lang='grc' dir='ltr'><strong>αὐτοῖς·</strong></span> <span class='ocrx_word' id='word_1_241' title='bbox 2799 1863 2818 1902; x_wconf 77' lang='grc' dir='ltr'><strong>ι</strong></span> <span class='ocrx_word' id='word_1_242' title='bbox 2855 1843 3064 1916; x_wconf 71' lang='grc' dir='ltr'><strong>’Δρχὴι</strong></span> <span class='ocrx_word' id='word_1_243' title='bbox 3103 1844 3214 1915; x_wconf 81' lang='grc' dir='ltr'><strong>γὰρ</strong></span> <span class='ocrx_word' id='word_1_244' title='bbox 3252 1862 3271 1896; x_wconf 85' lang='grc' dir='ltr'>ι</span> <span class='ocrx_word' id='word_1_245' title='bbox 3295 1843 3486 1914; x_wconf 81' lang='grc' dir='ltr'>σοφίας</span> <span class='ocrx_word' id='word_1_246' title='bbox 3537 1841 3698 1911; x_wconf 75' lang='grc' dir='ltr'>φόϐος</span> <span class='ocrx_word' id='word_1_247' title='bbox 3730 1841 3844 1896; x_wconf 79' lang='grc' dir='ltr'><strong>Κυ-</strong></span> 
     </span>
    </p>
   </div>
   <div class='ocr_carea' id='block_1_35' title="bbox 583 1938 1416 2009">
    <p class='ocr_par' dir='ltr' id='par_1_35' title="bbox 583 1938 1416 2009">
     <span class='ocr_line' id='line_1_35' title="bbox 583 1938 1416 2009; baseline -0.006 -13"><span class='ocrx_word' id='word_1_248' title='bbox 583 1941 861 2009; x_wconf 69' lang='lat' dir='ltr'><strong>sapieutiae</strong></span> <span class='ocrx_word' id='word_1_249' title='bbox 891 1942 1054 1994; x_wconf 87' lang='lat' dir='ltr'><strong>timor</strong></span> <span class='ocrx_word' id='word_1_250' title='bbox 1079 1938 1369 1994; x_wconf 83' lang='lat' dir='ltr'><strong>Domini”.</strong></span> <span class='ocrx_word' id='word_1_251' title='bbox 1397 1956 1416 1990; x_wconf 76' lang='grc' dir='ltr'><strong>ι</strong></span> 
     </span>
    </p>
   </div>
   <div class='ocr_carea' id='block_1_36' title="bbox 659 2027 2165 2098">
    <p class='ocr_par' dir='ltr' id='par_1_36' title="bbox 659 2027 2165 2098">
     <span class='ocr_line' id='line_1_36' title="bbox 659 2027 2165 2098; baseline -0.002 -13"><span class='ocrx_word' id='word_1_252' title='bbox 659 2032 819 2086; x_wconf 73' lang='lat' dir='ltr'><strong>Vsus.</strong></span> <span class='ocrx_word' id='word_1_253' title='bbox 850 2032 935 2086; x_wconf 80' lang='grc'><strong>18.</strong></span> <span class='ocrx_word' id='word_1_254' title='bbox 978 2050 996 2084; x_wconf 86' lang='grc' dir='ltr'><strong>ι</strong></span> <span class='ocrx_word' id='word_1_255' title='bbox 1036 2029 1093 2093; x_wconf 85' lang='lat' dir='ltr'><strong>In</strong></span> <span class='ocrx_word' id='word_1_256' title='bbox 1125 2031 1215 2086; x_wconf 88' lang='lat' dir='ltr'><strong>die</strong></span> <span class='ocrx_word' id='word_1_257' title='bbox 1247 2030 1334 2084; x_wconf 90' lang='lat' dir='ltr'><strong>illa</strong></span> <span class='ocrx_word' id='word_1_258' title='bbox 1359 2037 1522 2084; x_wconf 89' lang='lat' dir='ltr'><strong>erunt</strong></span> <span class='ocrx_word' id='word_1_259' title='bbox 1555 2029 1794 2098; x_wconf 86' lang='lat' dir='ltr'><strong>quinque</strong></span> <span class='ocrx_word' id='word_1_260' title='bbox 1825 2028 2072 2084; x_wconf 83' lang='lat' dir='ltr'><strong>civitates</strong></span> <span class='ocrx_word' id='word_1_261' title='bbox 2112 2027 2165 2082; x_wconf 92' lang='lat' dir='ltr'><strong>in</strong></span> 
     </span>
    </p>
   </div>
   <div class='ocr_carea' id='block_1_37' title="bbox 585 2121 2167 2194">
    <p class='ocr_par' dir='ltr' id='par_1_37' title="bbox 585 2121 2167 2194">
     <span class='ocr_line' id='line_1_37' title="bbox 585 2121 2167 2194; baseline -0.002 -16"><span class='ocrx_word' id='word_1_262' title='bbox 585 2133 727 2178; x_wconf 90' lang='lat' dir='ltr'><strong>terra</strong></span> <span class='ocrx_word' id='word_1_263' title='bbox 755 2122 1000 2194; x_wconf 64' lang='lat' dir='ltr'><strong>Egypti,</strong></span> <span class='ocrx_word' id='word_1_264' title='bbox 1037 2122 1319 2191; x_wconf 83' lang='lat' dir='ltr'><strong>loquentes</strong></span> <span class='ocrx_word' id='word_1_265' title='bbox 1354 2121 1537 2191; x_wconf 78' lang='lat' dir='ltr'><strong>lingua</strong></span> <span class='ocrx_word' id='word_1_266' title='bbox 1566 2121 1979 2188; x_wconf 83' lang='lat' dir='ltr'><strong>Chanaanitide,</strong></span> <span class='ocrx_word' id='word_1_267' title='bbox 2009 2131 2065 2175; x_wconf 89' lang='lat' dir='ltr'><strong>et</strong></span> <span class='ocrx_word' id='word_1_268' title='bbox 2084 2121 2167 2191; x_wconf 41' lang='lat' dir='ltr'><strong>jus</strong></span> 
     </span>
    </p>
   </div>
   <div class='ocr_carea' id='block_1_38' title="bbox 583 2213 2168 2286">
    <p class='ocr_par' dir='ltr' id='par_1_38' title="bbox 583 2213 2168 2286">
     <span class='ocr_line' id='line_1_38' title="bbox 583 2213 2168 2286; baseline -0.001 -16"><span class='ocrx_word' id='word_1_269' title='bbox 583 2226 768 2272; x_wconf 89' lang='lat' dir='ltr'><strong>rantes</strong></span> <span class='ocrx_word' id='word_1_270' title='bbox 795 2232 890 2286; x_wconf 90' lang='lat' dir='ltr'><strong>per</strong></span> <span class='ocrx_word' id='word_1_271' title='bbox 935 2231 1132 2271; x_wconf 90' lang='lat' dir='ltr'><strong>nomen</strong></span> <span class='ocrx_word' id='word_1_272' title='bbox 1182 2213 1392 2269; x_wconf 88' lang='lat' dir='ltr'><strong>Domini</strong></span> <span class='ocrx_word' id='word_1_273' title='bbox 1428 2214 1668 2269; x_wconf 83' lang='lat' dir='ltr'><strong>Sabaoth</strong></span> <span class='ocrx_word' id='word_1_274' title='bbox 1700 2215 1932 2270; x_wconf 87' lang='lat' dir='ltr'><strong>:civitas</strong></span> <span class='ocrx_word' id='word_1_275' title='bbox 1959 2215 2168 2269; x_wconf 86' lang='lat' dir='ltr'><strong>Asedec</strong></span> 
     </span>
    </p>
   </div>
   <div class='ocr_carea' id='block_1_39' title="bbox 583 2306 2165 2376">
    <p class='ocr_par' dir='ltr' id='par_1_39' title="bbox 583 2306 2165 2376">
     <span class='ocr_line' id='line_1_39' title="bbox 583 2306 2165 2376; baseline -0.003 -11"><span class='ocrx_word' id='word_1_276' title='bbox 583 2309 862 2365; x_wconf 84' lang='lat' dir='ltr'><strong>vocabitur</strong></span> <span class='ocrx_word' id='word_1_277' title='bbox 915 2323 1020 2362; x_wconf 91' lang='lat' dir='ltr'><strong>una</strong></span> <span class='ocrx_word' id='word_1_278' title='bbox 1072 2307 1284 2362; x_wconf 84' lang='lat' dir='ltr'><strong>civitas.</strong></span> <span class='ocrx_word' id='word_1_279' title='bbox 1317 2326 1335 2359; x_wconf 72' lang='grc' dir='ltr'>ι</span> <span class='ocrx_word' id='word_1_280' title='bbox 1379 2307 1493 2361; x_wconf 90' lang='lat' dir='ltr'><strong>Etsi</strong></span> <span class='ocrx_word' id='word_1_281' title='bbox 1531 2309 1769 2376; x_wconf 89' lang='lat' dir='ltr'><strong>quinque</strong></span> <span class='ocrx_word' id='word_1_282' title='bbox 1824 2308 2068 2361; x_wconf 84' lang='lat' dir='ltr'><strong>civitates</strong></span> <span class='ocrx_word' id='word_1_283' title='bbox 2113 2306 2165 2361; x_wconf 90' lang='lat' dir='ltr'><strong>in</strong></span> 
     </span>
    </p>
   </div>
   <div class='ocr_carea' id='block_1_40' title="bbox 581 2395 2166 2467">
    <p class='ocr_par' dir='ltr' id='par_1_40' title="bbox 581 2395 2166 2467">
     <span class='ocr_line' id='line_1_40' title="bbox 581 2395 2166 2467; baseline 0 -16"><span class='ocrx_word' id='word_1_284' title='bbox 581 2398 836 2456; x_wconf 86' lang='lat' dir='ltr'><strong>vaticinio</strong></span> <span class='ocrx_word' id='word_1_285' title='bbox 897 2396 1176 2460; x_wconf 77' lang='lat' dir='ltr'><strong>ferantur,</strong></span> <span class='ocrx_word' id='word_1_286' title='bbox 1236 2409 1289 2451; x_wconf 80' lang='lat' dir='ltr'><strong>at</strong></span> <span class='ocrx_word' id='word_1_287' title='bbox 1343 2412 1448 2451; x_wconf 91' lang='lat' dir='ltr'><strong>non</strong></span> <span class='ocrx_word' id='word_1_288' title='bbox 1518 2396 1871 2467; x_wconf 72' lang='lat' dir='ltr'><strong>ignorantium</strong></span> <span class='ocrx_word' id='word_1_289' title='bbox 1930 2406 2012 2450; x_wconf 87' lang='lat' dir='ltr'><strong>est</strong></span> <span class='ocrx_word' id='word_1_290' title='bbox 2048 2395 2166 2451; x_wconf 81' lang='lat' dir='ltr'><strong>illas</strong></span> 
     </span>
    </p>
   </div>
   <div class='ocr_carea' id='block_1_41' title="bbox 582 2488 2165 2569">
    <p class='ocr_par' dir='ltr' id='par_1_41' title="bbox 582 2488 2165 2569">
     <span class='ocr_line' id='line_1_41' title="bbox 582 2488 2165 2569; baseline -0.002 -24"><span class='ocrx_word' id='word_1_291' title='bbox 582 2493 822 2562; x_wconf 90' lang='lat' dir='ltr'><strong>quinque</strong></span> <span class='ocrx_word' id='word_1_292' title='bbox 871 2504 1031 2544; x_wconf 90' lang='lat' dir='ltr'><strong>unam</strong></span> <span class='ocrx_word' id='word_1_293' title='bbox 1063 2503 1203 2544; x_wconf 89' lang='lat' dir='ltr'><strong>esse.</strong></span> <span class='ocrx_word' id='word_1_294' title='bbox 1251 2488 1430 2556; x_wconf 82' lang='lat' dir='ltr'><strong>Quare</strong></span> <span class='ocrx_word' id='word_1_295' title='bbox 1485 2504 1679 2543; x_wconf 89' lang='lat' dir='ltr'><strong>nomen</strong></span> <span class='ocrx_word' id='word_1_296' title='bbox 1732 2503 1898 2569; x_wconf 76' lang='lat' dir='ltr'><strong>unum</strong></span> <span class='ocrx_word' id='word_1_297' title='bbox 1925 2489 2165 2543; x_wconf 88' lang='lat' dir='ltr'><strong>omnium</strong></span> 
     </span>
    </p>
   </div>
   <div class='ocr_carea' id='block_1_42' title="bbox 585 2580 2165 2650">
    <p class='ocr_par' dir='ltr' id='par_1_42' title="bbox 585 2580 2165 2650">
     <span class='ocr_line' id='line_1_42' title="bbox 585 2580 2165 2650; baseline -0.004 -11"><span class='ocrx_word' id='word_1_298' title='bbox 585 2583 834 2648; x_wconf 86' lang='lat' dir='ltr'><strong>additur,</strong></span> <span class='ocrx_word' id='word_1_299' title='bbox 864 2581 1106 2642; x_wconf 81' lang='lat' dir='ltr'><strong>Asedec,</strong></span> <span class='ocrx_word' id='word_1_300' title='bbox 1143 2580 1288 2649; x_wconf 82' lang='lat' dir='ltr'><strong>quod</strong></span> <span class='ocrx_word' id='word_1_301' title='bbox 1340 2581 1729 2649; x_wconf 85' lang='lat' dir='ltr'><strong>interpretatur</strong></span> <span class='ocrx_word' id='word_1_302' title='bbox 1770 2580 2165 2650; x_wconf 81' lang='lat' dir='ltr'><strong>Symmachus,</strong></span> 
     </span>
    </p>
   </div>
   <div class='ocr_carea' id='block_1_43' title="bbox 591 2671 2164 2739">
    <p class='ocr_par' dir='ltr' id='par_1_43' title="bbox 591 2671 2164 2739">
     <span class='ocr_line' id='line_1_43' title="bbox 591 2671 2164 2739; baseline -0.003 -11"><span class='ocrx_word' id='word_1_303' title='bbox 591 2694 611 2728; x_wconf 85' lang='grc' dir='ltr'>ι</span> <span class='ocrx_word' id='word_1_304' title='bbox 645 2675 793 2730; x_wconf 88' lang='lat' dir='ltr'><strong>solis.</strong></span> <span class='ocrx_word' id='word_1_305' title='bbox 827 2692 845 2724; x_wconf 75' lang='grc' dir='ltr'>ι</span> <span class='ocrx_word' id='word_1_306' title='bbox 885 2672 1057 2739; x_wconf 89' lang='lat' dir='ltr'><strong>Quam</strong></span> <span class='ocrx_word' id='word_1_307' title='bbox 1085 2686 1212 2725; x_wconf 85' lang='lat' dir='ltr'><strong>vero</strong></span> <span class='ocrx_word' id='word_1_308' title='bbox 1237 2672 1440 2725; x_wconf 81' lang='lat' dir='ltr'><strong>dixeris</strong></span> <span class='ocrx_word' id='word_1_309' title='bbox 1471 2686 1590 2725; x_wconf 90' lang='lat' dir='ltr'><strong>eam</strong></span> <span class='ocrx_word' id='word_1_310' title='bbox 1613 2685 1754 2737; x_wconf 86' lang='lat' dir='ltr'><strong>esse,</strong></span> <span class='ocrx_word' id='word_1_311' title='bbox 1785 2671 1886 2726; x_wconf 81' lang='lat' dir='ltr'><strong>nisi</strong></span> <span class='ocrx_word' id='word_1_312' title='bbox 1917 2678 2164 2724; x_wconf 78' lang='lat' dir='ltr'><strong>sanctam</strong></span> 
     </span>
    </p>
   </div>
   <div class='ocr_carea' id='block_1_44' title="bbox 586 2759 2166 2832">
    <p class='ocr_par' dir='ltr' id='par_1_44' title="bbox 586 2759 2166 2832">
     <span class='ocr_line' id='line_1_44' title="bbox 586 2759 2166 2832; baseline -0.004 -10"><span class='ocrx_word' id='word_1_313' title='bbox 586 2767 679 2822; x_wconf 90' lang='lat' dir='ltr'><strong>Dei</strong></span> <span class='ocrx_word' id='word_1_314' title='bbox 713 2765 1026 2823; x_wconf 77' lang='lat' dir='ltr'><strong>Ecclesium,</strong></span> <span class='ocrx_word' id='word_1_315' title='bbox 1077 2778 1197 2832; x_wconf 66' lang='lat' dir='ltr'><strong>qua!</strong></span> <span class='ocrx_word' id='word_1_316' title='bbox 1230 2763 1526 2817; x_wconf 89' lang='lat' dir='ltr'><strong>secundum</strong></span> <span class='ocrx_word' id='word_1_317' title='bbox 1580 2759 1722 2815; x_wconf 77' lang='lat' dir='ltr'><strong>LXX</strong></span> <span class='ocrx_word' id='word_1_318' title='bbox 1770 2763 1992 2832; x_wconf 83' lang='lat' dir='ltr'><strong>quidem</strong></span> <span class='ocrx_word' id='word_1_319' title='bbox 2028 2761 2166 2816; x_wconf 80' lang='lat' dir='ltr'><strong>dici~</strong></span> 
     </span>
    </p>
   </div>
   <div class='ocr_carea' id='block_1_45' title="bbox 585 2851 2164 2923">
    <p class='ocr_par' dir='ltr' id='par_1_45' title="bbox 585 2851 2164 2923">
     <span class='ocr_line' id='line_1_45' title="bbox 585 2851 2164 2923; baseline -0.004 -11"><span class='ocrx_word' id='word_1_320' title='bbox 585 2868 677 2912; x_wconf 85' lang='lat' dir='ltr'><strong>tur</strong></span> <span class='ocrx_word' id='word_1_321' title='bbox 703 2857 926 2918; x_wconf 81' lang='lat' dir='ltr'><strong>Asedec,</strong></span> <span class='ocrx_word' id='word_1_322' title='bbox 959 2855 1102 2922; x_wconf 82' lang='lat' dir='ltr'><strong>quod</strong></span> <span class='ocrx_word' id='word_1_323' title='bbox 1148 2852 1439 2923; x_wconf 79' lang='lat' dir='ltr'><strong>signiﬁcat,</strong></span> <span class='ocrx_word' id='word_1_324' title='bbox 1477 2870 1496 2904; x_wconf 84' lang='grc' dir='ltr'>ι</span> <span class='ocrx_word' id='word_1_325' title='bbox 1536 2851 1793 2920; x_wconf 70' lang='lat' dir='ltr'><strong>iustitiae;</strong></span> <span class='ocrx_word' id='word_1_326' title='bbox 1825 2871 1844 2904; x_wconf 86' lang='grc'><strong>›</strong></span> <span class='ocrx_word' id='word_1_327' title='bbox 1871 2853 2164 2908; x_wconf 89' lang='lat' dir='ltr'><strong>secundum</strong></span> 
     </span>
    </p>
   </div>
   <div class='ocr_carea' id='block_1_46' title="bbox 586 2943 2164 3020">
    <p class='ocr_par' dir='ltr' id='par_1_46' title="bbox 586 2943 2164 3020">
     <span class='ocr_line' id='line_1_46' title="bbox 586 2943 2164 3020; baseline -0.004 -17"><span class='ocrx_word' id='word_1_328' title='bbox 586 2948 972 3020; x_wconf 84' lang='lat' dir='ltr'><strong>Symmachum</strong></span> <span class='ocrx_word' id='word_1_329' title='bbox 1018 2959 1180 3009; x_wconf 81' lang='lat' dir='ltr'><strong>vero,</strong></span> <span class='ocrx_word' id='word_1_330' title='bbox 1219 2962 1239 2996; x_wconf 80' lang='grc' dir='ltr'><strong>ι</strong></span> <span class='ocrx_word' id='word_1_331' title='bbox 1298 2943 1449 3006; x_wconf 82' lang='lat' dir='ltr'><strong>solis,</strong></span> <span class='ocrx_word' id='word_1_332' title='bbox 1501 2962 1521 2997; x_wconf 71' lang='grc' dir='ltr'><strong>ι</strong></span> <span class='ocrx_word' id='word_1_333' title='bbox 1564 2944 1630 2997; x_wconf 85' lang='lat' dir='ltr'><strong>de</strong></span> <span class='ocrx_word' id='word_1_334' title='bbox 1667 2959 1773 3012; x_wconf 89' lang='lat' dir='ltr'><strong>quo</strong></span> <span class='ocrx_word' id='word_1_335' title='bbox 1815 2944 2016 3004; x_wconf 85' lang='lat' dir='ltr'><strong>dictum</strong></span> <span class='ocrx_word' id='word_1_336' title='bbox 2059 2954 2164 3008; x_wconf 86' lang='lat' dir='ltr'><strong>est,</strong></span> 
     </span>
    </p>
   </div>
   <div class='ocr_carea' id='block_1_47' title="bbox 591 3031 2167 3102">
    <p class='ocr_par' dir='ltr' id='par_1_47' title="bbox 591 3031 2167 3102">
     <span class='ocr_line' id='line_1_47' title="bbox 591 3031 2167 3102; baseline -0.001 -12"><span class='ocrx_word' id='word_1_337' title='bbox 591 3055 612 3090; x_wconf 81' lang='grc' dir='ltr'>ι</span> <span class='ocrx_word' id='word_1_338' title='bbox 652 3035 989 3091; x_wconf 81' lang='lat' dir='ltr'><strong>Timentibus</strong></span> <span class='ocrx_word' id='word_1_339' title='bbox 1019 3042 1193 3088; x_wconf 90' lang='lat' dir='ltr'><strong>autem</strong></span> <span class='ocrx_word' id='word_1_340' title='bbox 1219 3047 1305 3087; x_wconf 90' lang='lat' dir='ltr'><strong>me</strong></span> <span class='ocrx_word' id='word_1_341' title='bbox 1338 3032 1544 3086; x_wconf 82' lang='lat' dir='ltr'><strong>orietur</strong></span> <span class='ocrx_word' id='word_1_342' title='bbox 1581 3031 1660 3087; x_wconf 86' lang='lat' dir='ltr'><strong>sui</strong></span> <span class='ocrx_word' id='word_1_343' title='bbox 1689 3032 1934 3102; x_wconf 64' lang='lat' dir='ltr'><strong>iustitiae,</strong></span> <span class='ocrx_word' id='word_1_344' title='bbox 1960 3043 2014 3086; x_wconf 91' lang='lat' dir='ltr'><strong>et</strong></span> <span class='ocrx_word' id='word_1_345' title='bbox 2054 3047 2167 3088; x_wconf 81' lang='lat' dir='ltr'><strong>me-</strong></span> 
     </span>
    </p>
   </div>
   <div class='ocr_carea' id='block_1_48' title="bbox 587 3125 2164 3196">
    <p class='ocr_par' dir='ltr' id='par_1_48' title="bbox 587 3125 2164 3196">
     <span class='ocr_line' id='line_1_48' title="bbox 587 3125 2164 3196; baseline -0.004 -12"><span class='ocrx_word' id='word_1_346' title='bbox 587 3129 722 3184; x_wconf 73' lang='lat' dir='ltr'><strong>dela:</strong></span> <span class='ocrx_word' id='word_1_347' title='bbox 751 3131 804 3182; x_wconf 89' lang='lat' dir='ltr'><strong>in</strong></span> <span class='ocrx_word' id='word_1_348' title='bbox 830 3127 928 3181; x_wconf 89' lang='lat' dir='ltr'><strong>alis</strong></span> <span class='ocrx_word' id='word_1_349' title='bbox 972 3127 1123 3196; x_wconf 82' lang='lat' dir='ltr'><strong>ejus;</strong></span> <span class='ocrx_word' id='word_1_350' title='bbox 1162 3146 1181 3178; x_wconf 75' lang='grc' dir='ltr'><strong>ι</strong></span> <span class='ocrx_word' id='word_1_351' title='bbox 1207 3127 1498 3180; x_wconf 86' lang='lat' dir='ltr'><strong>secundum</strong></span> <span class='ocrx_word' id='word_1_352' title='bbox 1541 3135 1852 3180; x_wconf 88' lang='lat' dir='ltr'><strong>accuratam</strong></span> <span class='ocrx_word' id='word_1_353' title='bbox 1888 3139 2016 3180; x_wconf 78' lang='lat' dir='ltr'><strong>vero</strong></span> <span class='ocrx_word' id='word_1_354' title='bbox 2053 3125 2164 3179; x_wconf 83' lang='lat' dir='ltr'><strong>dis-</strong></span> 
     </span>
    </p>
   </div>
   <div class='ocr_carea' id='block_1_49' title="bbox 2267 1933 2472 2005">
    <p class='ocr_par' dir='ltr' id='par_1_49' title="bbox 2267 1933 2472 2005">
     <span class='ocr_line' id='line_1_49' title="bbox 2267 1933 2472 2005; baseline -0.005 -17"><span class='ocrx_word' id='word_1_355' title='bbox 2267 1933 2406 2005; x_wconf 85' lang='grc' dir='ltr'><strong>ρίου.</strong></span> <span class='ocrx_word' id='word_1_356' title='bbox 2453 1952 2472 1987; x_wconf 75' lang='grc' dir='ltr'><strong>ι</strong></span> 
     </span>
    </p>
   </div>
   <div class='ocr_carea' id='block_1_50' title="bbox 2342 2021 3844 2099">
    <p class='ocr_par' dir='ltr' id='par_1_50' title="bbox 2342 2021 3844 2099">
     <span class='ocr_line' id='line_1_50' title="bbox 2342 2021 3844 2099; baseline -0.001 -21"><span class='ocrx_word' id='word_1_357' title='bbox 2342 2045 2361 2078; x_wconf 84' lang='grc' dir='ltr'>ι</span> <span class='ocrx_word' id='word_1_358' title='bbox 2390 2026 2468 2096; x_wconf 79' lang='grc' dir='ltr'><strong>Τῇ</strong></span> <span class='ocrx_word' id='word_1_359' title='bbox 2529 2024 2714 2096; x_wconf 76' lang='grc' dir='ltr'><strong>ἡμέρᾳ.</strong></span> <span class='ocrx_word' id='word_1_360' title='bbox 2766 2025 2950 2099; x_wconf 80' lang='grc' dir='ltr'><strong>ἐκείνῃ</strong></span> <span class='ocrx_word' id='word_1_361' title='bbox 3007 2024 3218 2080; x_wconf 72' lang='grc' dir='ltr'><strong>ἔσονται</strong></span> <span class='ocrx_word' id='word_1_362' title='bbox 3259 2025 3420 2080; x_wconf 87' lang='grc' dir='ltr'><strong>πέντε</strong></span> <span class='ocrx_word' id='word_1_363' title='bbox 3481 2023 3656 2087; x_wconf 81' lang='grc' dir='ltr'>πόλεις</span> <span class='ocrx_word' id='word_1_364' title='bbox 3692 2023 3746 2078; x_wconf 65' lang='lat' dir='ltr'><strong>tv</strong></span> <span class='ocrx_word' id='word_1_365' title='bbox 3771 2021 3844 2094; x_wconf 72' lang='grc' dir='ltr'><strong>γῇ</strong></span> 
     </span>
    </p>
   </div>
   <div class='ocr_carea' id='block_1_51' title="bbox 2264 2115 3847 2190">
    <p class='ocr_par' dir='ltr' id='par_1_51' title="bbox 2264 2115 3847 2190">
     <span class='ocr_line' id='line_1_51' title="bbox 2264 2115 3847 2190; baseline -0.003 -17"><span class='ocrx_word' id='word_1_366' title='bbox 2264 2117 2563 2187; x_wconf 78' lang='grc' dir='ltr'><strong>Αἰγύπτου,</strong></span> <span class='ocrx_word' id='word_1_367' title='bbox 2588 2116 2843 2171; x_wconf 89' lang='grc' dir='ltr'><strong>λαλοῦσαι</strong></span> <span class='ocrx_word' id='word_1_368' title='bbox 2894 2120 2962 2189; x_wconf 81' lang='grc' dir='ltr'><strong>τῇ</strong></span> <span class='ocrx_word' id='word_1_369' title='bbox 2991 2117 3210 2190; x_wconf 81' lang='grc' dir='ltr'>γλώσσῃ</span> <span class='ocrx_word' id='word_1_370' title='bbox 3245 2120 3310 2189; x_wconf 82' lang='grc' dir='ltr'><strong>τῇ</strong></span> <span class='ocrx_word' id='word_1_371' title='bbox 3343 2115 3723 2178; x_wconf 85' lang='grc' dir='ltr'><strong>Χαναανίτιδι,</strong></span> <span class='ocrx_word' id='word_1_372' title='bbox 3753 2115 3847 2168; x_wconf 76' lang='grc' dir='ltr'><strong>καὶ</strong></span> 
     </span>
    </p>
   </div>
   <div class='ocr_carea' id='block_1_52' title="bbox 2265 2208 3846 2282">
    <p class='ocr_par' dir='ltr' id='par_1_52' title="bbox 2265 2208 3846 2282">
     <span class='ocr_line' id='line_1_52' title="bbox 2265 2208 3846 2282; baseline -0.004 -16"><span class='ocrx_word' id='word_1_373' title='bbox 2265 2211 2557 2282; x_wconf 74' lang='grc' dir='ltr'><strong>ὀμνύοντες</strong></span> <span class='ocrx_word' id='word_1_374' title='bbox 2582 2210 2660 2281; x_wconf 82' lang='grc' dir='ltr'><strong>τῷ</strong></span> <span class='ocrx_word' id='word_1_375' title='bbox 2681 2211 2904 2281; x_wconf 86' lang='grc' dir='ltr'><strong>ὀνόματι</strong></span> <span class='ocrx_word' id='word_1_376' title='bbox 2929 2212 3136 2282; x_wconf 84' lang='grc' dir='ltr'><strong>Κυρίου</strong></span> <span class='ocrx_word' id='word_1_377' title='bbox 3153 2211 3408 2266; x_wconf 78' lang='grc' dir='ltr'><strong>Σαϐαὼθ·</strong></span> <span class='ocrx_word' id='word_1_378' title='bbox 3441 2210 3596 2274; x_wconf 82' lang='grc' dir='ltr'>πόλις</span> <span class='ocrx_word' id='word_1_379' title='bbox 3627 2208 3846 2262; x_wconf 77' lang='grc' dir='ltr'><strong>’Δσεδὲκ</strong></span> 
     </span>
    </p>
   </div>
   <div class='ocr_carea' id='block_1_53' title="bbox 2266 2300 3848 2378">
    <p class='ocr_par' dir='ltr' id='par_1_53' title="bbox 2266 2300 3848 2378">
     <span class='ocr_line' id='line_1_53' title="bbox 2266 2300 3848 2378; baseline -0.005 -18"><span class='ocrx_word' id='word_1_380' title='bbox 2266 2306 2597 2378; x_wconf 86' lang='grc' dir='ltr'>κληθήσεται</span> <span class='ocrx_word' id='word_1_381' title='bbox 2633 2306 2731 2376; x_wconf 87' lang='grc' dir='ltr'><strong>μία</strong></span> <span class='ocrx_word' id='word_1_382' title='bbox 2759 2305 2932 2369; x_wconf 81' lang='grc' dir='ltr'>πόλις.</span> <span class='ocrx_word' id='word_1_383' title='bbox 2972 2324 2989 2357; x_wconf 77' lang='grc' dir='ltr'>ι</span> <span class='ocrx_word' id='word_1_384' title='bbox 3028 2306 3092 2360; x_wconf 84' lang='grc' dir='ltr'><strong>Εἰ</strong></span> <span class='ocrx_word' id='word_1_385' title='bbox 3117 2304 3176 2358; x_wconf 79' lang='grc' dir='ltr'>δὲ</span> <span class='ocrx_word' id='word_1_386' title='bbox 3205 2303 3366 2357; x_wconf 90' lang='grc' dir='ltr'><strong>πέντε</strong></span> <span class='ocrx_word' id='word_1_387' title='bbox 3396 2303 3642 2370; x_wconf 85' lang='grc' dir='ltr'><strong>λέγονται</strong></span> <span class='ocrx_word' id='word_1_388' title='bbox 3666 2300 3848 2363; x_wconf 83' lang='grc' dir='ltr'><strong>πόλεις</strong></span> 
     </span>
    </p>
   </div>
   <div class='ocr_carea' id='block_1_54' title="bbox 2265 2390 3846 2473">
    <p class='ocr_par' dir='ltr' id='par_1_54' title="bbox 2265 2390 3846 2473">
     <span class='ocr_line' id='line_1_54' title="bbox 2265 2390 3846 2473; baseline -0.008 -19"><span class='ocrx_word' id='word_1_389' title='bbox 2265 2400 2321 2454; x_wconf 84' lang='grc' dir='ltr'><strong>αἱ</strong></span> <span class='ocrx_word' id='word_1_390' title='bbox 2353 2397 2766 2469; x_wconf 78' lang='grc' dir='ltr'><strong>θεσπιζόμεναι,</strong></span> <span class='ocrx_word' id='word_1_391' title='bbox 2799 2399 2914 2452; x_wconf 71' lang='grc' dir='ltr'>ἀλλ’</span> <span class='ocrx_word' id='word_1_392' title='bbox 2945 2399 3006 2453; x_wconf 82' lang='grc' dir='ltr'><strong>ού</strong></span> <span class='ocrx_word' id='word_1_393' title='bbox 3043 2396 3146 2468; x_wconf 80' lang='grc' dir='ltr'><strong>χρὴ</strong></span> <span class='ocrx_word' id='word_1_394' title='bbox 3176 2398 3409 2473; x_wconf 67' lang='grc' dir='ltr'><strong>ἀγνοεῖν,</strong></span> <span class='ocrx_word' id='word_1_395' title='bbox 3443 2394 3520 2458; x_wconf 79' lang='grc' dir='ltr'><strong>ὡς</strong></span> <span class='ocrx_word' id='word_1_396' title='bbox 3575 2395 3630 2446; x_wconf 86' lang='grc' dir='ltr'><strong>αἱ</strong></span> <span class='ocrx_word' id='word_1_397' title='bbox 3685 2390 3846 2444; x_wconf 83' lang='grc' dir='ltr'><strong>πέντε</strong></span> 
     </span>
    </p>
   </div>
   <div class='ocr_carea' id='block_1_55' title="bbox 2269 2483 3846 2562">
    <p class='ocr_par' dir='ltr' id='par_1_55' title="bbox 2269 2483 3846 2562">
     <span class='ocr_line' id='line_1_55' title="bbox 2269 2483 3846 2562; baseline -0.006 -18"><span class='ocrx_word' id='word_1_398' title='bbox 2269 2491 2398 2562; x_wconf 89' lang='grc' dir='ltr'><strong>μίαν</strong></span> <span class='ocrx_word' id='word_1_399' title='bbox 2426 2491 2775 2562; x_wconf 77' lang='grc' dir='ltr'><strong>τυγχάνουσι.</strong></span> <span class='ocrx_word' id='word_1_400' title='bbox 2800 2491 2893 2549; x_wconf 84' lang='grc' dir='ltr'><strong>Διὸ</strong></span> <span class='ocrx_word' id='word_1_401' title='bbox 2928 2490 3023 2543; x_wconf 68' lang='grc' dir='ltr'><strong>καὶ</strong></span> <span class='ocrx_word' id='word_1_402' title='bbox 3048 2488 3106 2542; x_wconf 76' lang='grc' dir='ltr'><strong>ἓν</strong></span> <span class='ocrx_word' id='word_1_403' title='bbox 3131 2487 3303 2557; x_wconf 80' lang='grc' dir='ltr'><strong>όνομα</strong></span> <span class='ocrx_word' id='word_1_404' title='bbox 3323 2483 3467 2539; x_wconf 77' lang='grc' dir='ltr'><strong>κατὰ</strong></span> <span class='ocrx_word' id='word_1_405' title='bbox 3503 2483 3693 2537; x_wconf 81' lang='grc' dir='ltr'>πασῶν</span> <span class='ocrx_word' id='word_1_406' title='bbox 3725 2483 3846 2534; x_wconf 79' lang='grc' dir='ltr'><strong>ἐπι-</strong></span> 
     </span>
    </p>
   </div>
   <div class='ocr_carea' id='block_1_56' title="bbox 2265 2575 3846 2651">
    <p class='ocr_par' dir='ltr' id='par_1_56' title="bbox 2265 2575 3846 2651">
     <span class='ocr_line' id='line_1_56' title="bbox 2265 2575 3846 2651; baseline -0.007 -15"><span class='ocrx_word' id='word_1_407' title='bbox 2265 2581 2481 2651; x_wconf 86' lang='grc' dir='ltr'><strong>λέγεται</strong></span> <span class='ocrx_word' id='word_1_408' title='bbox 2513 2582 2576 2636; x_wconf 81' lang='grc' dir='ltr'><strong>τὸ</strong></span> <span class='ocrx_word' id='word_1_409' title='bbox 2616 2583 2858 2645; x_wconf 78' lang='grc' dir='ltr'>Ἀσεδὲκ,</span> <span class='ocrx_word' id='word_1_410' title='bbox 2887 2583 3025 2651; x_wconf 83' lang='grc' dir='ltr'><strong>ὅπερ</strong></span> <span class='ocrx_word' id='word_1_411' title='bbox 3079 2582 3104 2634; x_wconf 85' lang='grc' dir='ltr'><strong>ό</strong></span> <span class='ocrx_word' id='word_1_412' title='bbox 3153 2580 3448 2650; x_wconf 81' lang='grc' dir='ltr'><strong>Σύμμαχος</strong></span> <span class='ocrx_word' id='word_1_413' title='bbox 3500 2575 3846 2646; x_wconf 74' lang='grc' dir='ltr'><strong>ἡρμήνευσεν</strong></span> 
     </span>
    </p>
   </div>
   <div class='ocr_carea' id='block_1_57' title="bbox 2273 2663 3848 2746">
    <p class='ocr_par' dir='ltr' id='par_1_57' title="bbox 2273 2663 3848 2746">
     <span class='ocr_line' id='line_1_57' title="bbox 2273 2663 3848 2746; baseline -0.006 -18"><span class='ocrx_word' id='word_1_414' title='bbox 2273 2695 2293 2728; x_wconf 82' lang='grc' dir='ltr'>ι</span> <span class='ocrx_word' id='word_1_415' title='bbox 2332 2675 2503 2746; x_wconf 83' lang='grc' dir='ltr'><strong>ήλίου.</strong></span> <span class='ocrx_word' id='word_1_416' title='bbox 2531 2693 2549 2726; x_wconf 77' lang='grc' dir='ltr'><strong>ι</strong></span> <span class='ocrx_word' id='word_1_417' title='bbox 2585 2673 2718 2727; x_wconf 91' lang='grc' dir='ltr'><strong>Τίνα</strong></span> <span class='ocrx_word' id='word_1_418' title='bbox 2742 2674 2839 2744; x_wconf 77' lang='grc' dir='ltr'><strong>μὲν</strong></span> <span class='ocrx_word' id='word_1_419' title='bbox 2872 2669 2964 2726; x_wconf 76' lang='grc' dir='ltr'><strong>οὖν</strong></span> <span class='ocrx_word' id='word_1_420' title='bbox 2994 2672 3169 2733; x_wconf 77' lang='grc' dir='ltr'>εἴποις</span> <span class='ocrx_word' id='word_1_421' title='bbox 3201 2671 3266 2724; x_wconf 85' lang='grc' dir='ltr'>ἂν</span> <span class='ocrx_word' id='word_1_422' title='bbox 3287 2669 3490 2738; x_wconf 80' lang='grc' dir='ltr'><strong>ταύτην</strong></span> <span class='ocrx_word' id='word_1_423' title='bbox 3522 2663 3716 2737; x_wconf 80' lang='grc' dir='ltr'><strong>εἷναιῆ</strong></span> <span class='ocrx_word' id='word_1_424' title='bbox 3747 2666 3848 2737; x_wconf 71' lang='grc' dir='ltr'><strong>τὴν</strong></span> 
     </span>
    </p>
   </div>
   <div class='ocr_carea' id='block_1_58' title="bbox 2265 2759 3844 2837">
    <p class='ocr_par' dir='ltr' id='par_1_58' title="bbox 2265 2759 3844 2837">
     <span class='ocr_line' id='line_1_58' title="bbox 2265 2759 3844 2837; baseline -0.006 -16"><span class='ocrx_word' id='word_1_425' title='bbox 2265 2768 2428 2837; x_wconf 81' lang='grc' dir='ltr'>ἁγίαν</span> <span class='ocrx_word' id='word_1_426' title='bbox 2456 2765 2550 2820; x_wconf 89' lang='grc' dir='ltr'><strong>τοῦ</strong></span> <span class='ocrx_word' id='word_1_427' title='bbox 2577 2765 2712 2820; x_wconf 82' lang='grc' dir='ltr'><strong>Θεοῦ</strong></span> <span class='ocrx_word' id='word_1_428' title='bbox 2757 2764 3099 2830; x_wconf 75' lang='grc' dir='ltr'>Ἐκκλησίαν,</span> <span class='ocrx_word' id='word_1_429' title='bbox 3125 2764 3264 2818; x_wconf 76' lang='grc' dir='ltr'>κατὰ</span> <span class='ocrx_word' id='word_1_430' title='bbox 3295 2762 3393 2834; x_wconf 72' lang='grc' dir='ltr'><strong>μὲν</strong></span> <span class='ocrx_word' id='word_1_431' title='bbox 3419 2762 3543 2824; x_wconf 74' lang='grc' dir='ltr'><strong>τοὺς</strong></span> <span class='ocrx_word' id='word_1_432' title='bbox 3579 2759 3844 2828; x_wconf 80' lang='grc' dir='ltr'><strong>Ἑϐδομή-</strong></span> 
     </span>
    </p>
   </div>
   <div class='ocr_carea' id='block_1_59' title="bbox 2266 2851 3848 2929">
    <p class='ocr_par' dir='ltr' id='par_1_59' title="bbox 2266 2851 3848 2929">
     <span class='ocr_line' id='line_1_59' title="bbox 2266 2851 3848 2929; baseline -0.007 -16"><span class='ocrx_word' id='word_1_433' title='bbox 2266 2876 2430 2914; x_wconf 81' lang='grc' dir='ltr'><strong>κοντα</strong></span> <span class='ocrx_word' id='word_1_434' title='bbox 2458 2857 2799 2929; x_wconf 84' lang='grc' dir='ltr'><strong>καλουμενην</strong></span> <span class='ocrx_word' id='word_1_435' title='bbox 2847 2858 3090 2918; x_wconf 75' lang='grc' dir='ltr'>Ἀσεδέκ,</span> <span class='ocrx_word' id='word_1_436' title='bbox 3118 2855 3146 2909; x_wconf 84' lang='grc' dir='ltr'><strong>δ</strong></span> <span class='ocrx_word' id='word_1_437' title='bbox 3171 2857 3237 2926; x_wconf 82' lang='grc' dir='ltr'>δὴ</span> <span class='ocrx_word' id='word_1_438' title='bbox 3281 2853 3535 2924; x_wconf 75' lang='grc' dir='ltr'>σημαίνει</span> <span class='ocrx_word' id='word_1_439' title='bbox 3592 2871 3610 2904; x_wconf 83' lang='grc' dir='ltr'><strong>ι</strong></span> <span class='ocrx_word' id='word_1_440' title='bbox 3643 2851 3848 2904; x_wconf 86' lang='grc' dir='ltr'>δικαιο-</span> 
     </span>
    </p>
   </div>
   <div class='ocr_carea' id='block_1_60' title="bbox 2268 2934 3845 3024">
    <p class='ocr_par' dir='ltr' id='par_1_60' title="bbox 2268 2934 3845 3024">
     <span class='ocr_line' id='line_1_60' title="bbox 2268 2934 3845 3024; baseline -0.005 -20"><span class='ocrx_word' id='word_1_441' title='bbox 2268 2951 2461 3024; x_wconf 87' lang='grc' dir='ltr'><strong>σύνης·</strong></span> <span class='ocrx_word' id='word_1_442' title='bbox 2503 2969 2522 3003; x_wconf 74' lang='grc' dir='ltr'><strong>ι</strong></span> <span class='ocrx_word' id='word_1_443' title='bbox 2552 2949 2699 3005; x_wconf 80' lang='grc' dir='ltr'>κατὰ</span> <span class='ocrx_word' id='word_1_444' title='bbox 2728 2949 2784 3003; x_wconf 81' lang='grc' dir='ltr'>δὲ</span> <span class='ocrx_word' id='word_1_445' title='bbox 2816 2948 2908 3004; x_wconf 82' lang='grc' dir='ltr'><strong>τὸν</strong></span> <span class='ocrx_word' id='word_1_446' title='bbox 2944 2948 3261 3022; x_wconf 84' lang='grc' dir='ltr'><strong>Σύμμαχον,</strong></span> <span class='ocrx_word' id='word_1_447' title='bbox 3285 2967 3304 2998; x_wconf 82' lang='grc' dir='ltr'>ι</span> <span class='ocrx_word' id='word_1_448' title='bbox 3335 2945 3509 3018; x_wconf 74' lang='grc' dir='ltr'><strong>ἡλίου,</strong></span> <span class='ocrx_word' id='word_1_449' title='bbox 3540 2964 3560 2996; x_wconf 71' lang='grc' dir='ltr'>ι</span> <span class='ocrx_word' id='word_1_450' title='bbox 3596 2943 3725 3014; x_wconf 81' lang='grc' dir='ltr'><strong>περὶ</strong></span> <span class='ocrx_word' id='word_1_451' title='bbox 3783 2934 3845 2996; x_wconf 80' lang='grc' dir='ltr'><strong>οῦ</strong></span> 
     </span>
    </p>
   </div>
   <div class='ocr_carea' id='block_1_61' title="bbox 2266 3036 3849 3112">
    <p class='ocr_par' dir='ltr' id='par_1_61' title="bbox 2266 3036 3849 3112">
     <span class='ocr_line' id='line_1_61' title="bbox 2266 3036 3849 3112; baseline -0.005 -15"><span class='ocrx_word' id='word_1_452' title='bbox 2266 3044 2512 3097; x_wconf 87' lang='grc' dir='ltr'><strong>λέλεκται</strong></span> <span class='ocrx_word' id='word_1_453' title='bbox 2530 3060 2544 3074; x_wconf 92' lang='grc'><strong>·</strong></span> <span class='ocrx_word' id='word_1_454' title='bbox 2585 3062 2604 3095; x_wconf 82' lang='grc' dir='ltr'><strong>ι</strong></span> <span class='ocrx_word' id='word_1_455' title='bbox 2635 3043 2762 3106; x_wconf 80' lang='grc' dir='ltr'>Τοῖς</span> <span class='ocrx_word' id='word_1_456' title='bbox 2802 3042 2861 3097; x_wconf 79' lang='grc' dir='ltr'>δὲ</span> <span class='ocrx_word' id='word_1_457' title='bbox 2890 3040 3242 3112; x_wconf 80' lang='grc' dir='ltr'><strong>φοϐουμένοις</strong></span> <span class='ocrx_word' id='word_1_458' title='bbox 3291 3056 3357 3110; x_wconf 81' lang='grc' dir='ltr'><strong>με</strong></span> <span class='ocrx_word' id='word_1_459' title='bbox 3410 3037 3656 3092; x_wconf 81' lang='grc' dir='ltr'><strong>ἀνατελεῖ</strong></span> <span class='ocrx_word' id='word_1_460' title='bbox 3699 3036 3849 3107; x_wconf 80' lang='grc' dir='ltr'>ἦλιος</span> 
     </span>
    </p>
   </div>
   <div class='ocr_carea' id='block_1_62' title="bbox 2265 3127 3842 3207">
    <p class='ocr_par' dir='ltr' id='par_1_62' title="bbox 2265 3127 3842 3207">
     <span class='ocr_line' id='line_1_62' title="bbox 2265 3127 3842 3207; baseline -0.007 -18"><span class='ocrx_word' id='word_1_461' title='bbox 2265 3135 2630 3207; x_wconf 82' lang='grc' dir='ltr'>δικαιοσύνης,</span> <span class='ocrx_word' id='word_1_462' title='bbox 2657 3135 2752 3188; x_wconf 71' lang='grc' dir='ltr'><strong>καὶ</strong></span> <span class='ocrx_word' id='word_1_463' title='bbox 2785 3135 2956 3197; x_wconf 82' lang='grc' dir='ltr'><strong>ίάσεις</strong></span> <span class='ocrx_word' id='word_1_464' title='bbox 2999 3133 3058 3186; x_wconf 75' lang='grc' dir='ltr'><strong>ὲν</strong></span> <span class='ocrx_word' id='word_1_465' title='bbox 3106 3133 3229 3196; x_wconf 79' lang='grc' dir='ltr'>ταῖς</span> <span class='ocrx_word' id='word_1_466' title='bbox 3279 3130 3534 3200; x_wconf 77' lang='grc' dir='ltr'><strong>πτέρυξιν</strong></span> <span class='ocrx_word' id='word_1_467' title='bbox 3583 3127 3780 3183; x_wconf 80' lang='grc' dir='ltr'><strong>αὐτοῦ·</strong></span> <span class='ocrx_word' id='word_1_468' title='bbox 3821 3144 3842 3178; x_wconf 78' lang='grc' dir='ltr'><strong>ι</strong></span> 
     </span>
    </p>
   </div>
   <div class='ocr_carea' id='block_1_63' title="bbox 587 3195 2167 3299">
    <p class='ocr_par' dir='ltr' id='par_1_63' title="bbox 587 3195 2162 3286">
     <span class='ocr_line' id='line_1_63' title="bbox 587 3195 2162 3286; baseline -0.002 -13"><span class='ocrx_word' id='word_1_469' title='bbox 587 3218 800 3274; x_wconf 85' lang='lat' dir='ltr'><strong>serendi</strong></span> <span class='ocrx_word' id='word_1_470' title='bbox 851 3195 1142 3279; x_wconf 87' lang='lat' dir='ltr'><strong>rationem,</strong></span> <span class='ocrx_word' id='word_1_471' title='bbox 1193 3227 1353 3270; x_wconf 79' lang='lat' dir='ltr'><strong>terra:</strong></span> <span class='ocrx_word' id='word_1_472' title='bbox 1403 3215 1599 3270; x_wconf 88' lang='lat' dir='ltr'><strong>civitas</strong></span> <span class='ocrx_word' id='word_1_473' title='bbox 1633 3216 1866 3280; x_wconf 85' lang='lat' dir='ltr'><strong>dicitur,</strong></span> <span class='ocrx_word' id='word_1_474' title='bbox 1897 3219 2040 3286; x_wconf 84' lang='lat' dir='ltr'><strong>quod</strong></span> <span class='ocrx_word' id='word_1_475' title='bbox 2090 3216 2162 3270; x_wconf 86' lang='lat' dir='ltr'><strong>ita</strong></span> 
     </span>
    </p>
   </div>
   <div class='ocr_carea' id='block_1_64' title="bbox 2270 3195 3848 3299">
    <p class='ocr_par' dir='ltr' id='par_1_64' title="bbox 2270 3195 3848 3299">
     <span class='ocr_line' id='line_1_64' title="bbox 2270 3195 3848 3299; baseline -0.006 -17"><span class='ocrx_word' id='word_1_476' title='bbox 2270 3228 2412 3284; x_wconf 77' lang='grc' dir='ltr'><strong>κατὰ</strong></span> <span class='ocrx_word' id='word_1_477' title='bbox 2462 3227 2518 3280; x_wconf 82' lang='grc' dir='ltr'>δὲ</span> <span class='ocrx_word' id='word_1_478' title='bbox 2551 3195 2870 3299; x_wconf 50' lang='lat' dir='ltr'><strong>«Lemma;</strong></span> <span class='ocrx_word' id='word_1_479' title='bbox 2902 3195 3002 3295; x_wconf 61' lang='grc' dir='ltr'>της</span> <span class='ocrx_word' id='word_1_480' title='bbox 3029 3223 3193 3279; x_wconf 81' lang='grc' dir='ltr'><strong>αὐτοῦ</strong></span> <span class='ocrx_word' id='word_1_481' title='bbox 3213 3195 3514 3289; x_wconf 65' lang='grc' dir='ltr'><strong>διαλέέεως</strong></span> <span class='ocrx_word' id='word_1_482' title='bbox 3556 3221 3660 3292; x_wconf 75' lang='grc' dir='ltr'><strong>γῆς</strong></span> <span class='ocrx_word' id='word_1_483' title='bbox 3696 3219 3848 3286; x_wconf 84' lang='grc' dir='ltr'>πόλις</span> 
     </span>
    </p>
   </div>
   <div class='ocr_carea' id='block_1_65' title="bbox 587 3305 2157 3378">
    <p class='ocr_par' dir='ltr' id='par_1_65' title="bbox 587 3305 2157 3378">
     <span class='ocr_line' id='line_1_65' title="bbox 587 3305 2157 3378; baseline -0.002 -17"><span class='ocrx_word' id='word_1_484' title='bbox 587 3308 734 3362; x_wconf 82' lang='lat' dir='ltr'><strong>reddi</strong></span> <span class='ocrx_word' id='word_1_485' title='bbox 762 3308 950 3378; x_wconf 85' lang='lat' dir='ltr'><strong>possit,</strong></span> <span class='ocrx_word' id='word_1_486' title='bbox 989 3323 1010 3358; x_wconf 87' lang='grc' dir='ltr'><strong>ι</strong></span> <span class='ocrx_word' id='word_1_487' title='bbox 1043 3305 1249 3361; x_wconf 84' lang='lat' dir='ltr'><strong>Civitas</strong></span> <span class='ocrx_word' id='word_1_488' title='bbox 1281 3315 1439 3360; x_wconf 75' lang='lat' dir='ltr'><strong>terra:</strong></span> <span class='ocrx_word' id='word_1_489' title='bbox 1471 3306 1751 3360; x_wconf 85' lang='lat' dir='ltr'><strong>vocabitur</strong></span> <span class='ocrx_word' id='word_1_490' title='bbox 1777 3321 1884 3360; x_wconf 80' lang='lat' dir='ltr'><strong>una</strong></span> <span class='ocrx_word' id='word_1_491' title='bbox 1911 3306 2157 3361; x_wconf 63' lang='lat' dir='ltr'><strong>civitas.»</strong></span> 
     </span>
    </p>
   </div>
   <div class='ocr_carea' id='block_1_66' title="bbox 583 3396 2164 3470">
    <p class='ocr_par' dir='ltr' id='par_1_66' title="bbox 583 3396 2164 3470">
     <span class='ocr_line' id='line_1_66' title="bbox 583 3396 2164 3470; baseline -0.002 -15"><span class='ocrx_word' id='word_1_492' title='bbox 583 3396 703 3469; x_wconf 82' lang='lat' dir='ltr'><strong>Ipsa</strong></span> <span class='ocrx_word' id='word_1_493' title='bbox 732 3399 929 3470; x_wconf 91' lang='lat' dir='ltr'><strong>quippe</strong></span> <span class='ocrx_word' id='word_1_494' title='bbox 955 3399 1065 3454; x_wconf 83' lang='lat' dir='ltr'><strong>sola</strong></span> <span class='ocrx_word' id='word_1_495' title='bbox 1087 3399 1142 3452; x_wconf 89' lang='lat' dir='ltr'><strong>in</strong></span> <span class='ocrx_word' id='word_1_496' title='bbox 1166 3399 1411 3454; x_wconf 85' lang='lat' dir='ltr'><strong>universa</strong></span> <span class='ocrx_word' id='word_1_497' title='bbox 1444 3408 1584 3453; x_wconf 87' lang='lat' dir='ltr'><strong>terra</strong></span> <span class='ocrx_word' id='word_1_498' title='bbox 1619 3399 1725 3452; x_wconf 89' lang='lat' dir='ltr'><strong>Deo</strong></span> <span class='ocrx_word' id='word_1_499' title='bbox 1745 3398 1934 3453; x_wconf 85' lang='lat' dir='ltr'><strong>civitas</strong></span> <span class='ocrx_word' id='word_1_500' title='bbox 1964 3399 2164 3454; x_wconf 78' lang='lat' dir='ltr'><strong>consti-</strong></span> 
     </span>
    </p>
   </div>
   <div class='ocr_carea' id='block_1_67' title="bbox 587 3489 2166 3560">
    <p class='ocr_par' dir='ltr' id='par_1_67' title="bbox 587 3489 2166 3560">
     <span class='ocr_line' id='line_1_67' title="bbox 587 3489 2166 3560; baseline 0.001 -15"><span class='ocrx_word' id='word_1_501' title='bbox 587 3492 777 3560; x_wconf 88' lang='lat' dir='ltr'><strong>tuitur,</strong></span> <span class='ocrx_word' id='word_1_502' title='bbox 833 3491 904 3547; x_wconf 87' lang='lat' dir='ltr'><strong>ita</strong></span> <span class='ocrx_word' id='word_1_503' title='bbox 955 3501 1015 3546; x_wconf 90' lang='lat' dir='ltr'><strong>ut</strong></span> <span class='ocrx_word' id='word_1_504' title='bbox 1052 3493 1117 3546; x_wconf 88' lang='lat' dir='ltr'><strong>de</strong></span> <span class='ocrx_word' id='word_1_505' title='bbox 1153 3491 1242 3544; x_wconf 86' lang='lat' dir='ltr'><strong>illa</strong></span> <span class='ocrx_word' id='word_1_506' title='bbox 1291 3489 1832 3558; x_wconf 73' lang='lat' dir='ltr'><strong>dicatur,cGloriosa</strong></span> <span class='ocrx_word' id='word_1_507' title='bbox 1859 3491 2001 3546; x_wconf 86' lang='lat' dir='ltr'><strong>dicta</strong></span> <span class='ocrx_word' id='word_1_508' title='bbox 2035 3501 2166 3547; x_wconf 85' lang='lat' dir='ltr'><strong>sunt</strong></span> 
     </span>
    </p>
   </div>
   <div class='ocr_carea' id='block_1_68' title="bbox 585 3583 2162 3654">
    <p class='ocr_par' dir='ltr' id='par_1_68' title="bbox 585 3583 2162 3654">
     <span class='ocr_line' id='line_1_68' title="bbox 585 3583 2162 3654; baseline -0.001 -14"><span class='ocrx_word' id='word_1_509' title='bbox 585 3585 653 3640; x_wconf 86' lang='lat' dir='ltr'><strong>de</strong></span> <span class='ocrx_word' id='word_1_510' title='bbox 683 3593 757 3649; x_wconf 85' lang='lat' dir='ltr'><strong>te.</strong></span> <span class='ocrx_word' id='word_1_511' title='bbox 786 3586 979 3639; x_wconf 86' lang='lat' dir='ltr'><strong>civitas</strong></span> <span class='ocrx_word' id='word_1_512' title='bbox 1025 3584 1118 3639; x_wconf 88' lang='lat' dir='ltr'><strong>Dei</strong></span> <span class='ocrx_word' id='word_1_513' title='bbox 1137 3585 1204 3638; x_wconf 82' lang='lat'><strong>&quot;.</strong></span> <span class='ocrx_word' id='word_1_514' title='bbox 1240 3603 1259 3638; x_wconf 73' lang='grc' dir='ltr'>ι</span> <span class='ocrx_word' id='word_1_515' title='bbox 1303 3583 1554 3654; x_wconf 85' lang='lat' dir='ltr'><strong>Quinque</strong></span> <span class='ocrx_word' id='word_1_516' title='bbox 1599 3593 1779 3638; x_wconf 89' lang='lat' dir='ltr'><strong>autem</strong></span> <span class='ocrx_word' id='word_1_517' title='bbox 1821 3585 2072 3639; x_wconf 84' lang='lat' dir='ltr'><strong>civitates</strong></span> <span class='ocrx_word' id='word_1_518' title='bbox 2110 3585 2162 3638; x_wconf 93' lang='lat' dir='ltr'><strong>in</strong></span> 
     </span>
    </p>
   </div>
   <div class='ocr_carea' id='block_1_69' title="bbox 585 3675 2162 3740">
    <p class='ocr_par' dir='ltr' id='par_1_69' title="bbox 585 3675 2162 3740">
     <span class='ocr_line' id='line_1_69' title="bbox 585 3675 2162 3740; baseline -0.001 -8"><span class='ocrx_word' id='word_1_519' title='bbox 585 3677 825 3733; x_wconf 83' lang='lat' dir='ltr'><strong>Ecclesia</strong></span> <span class='ocrx_word' id='word_1_520' title='bbox 875 3677 1321 3733; x_wconf 76' lang='lat' dir='ltr'><strong>luerintdiversa:</strong></span> <span class='ocrx_word' id='word_1_521' title='bbox 1344 3677 1576 3732; x_wconf 91' lang='lat' dir='ltr'><strong>instituti</strong></span> <span class='ocrx_word' id='word_1_522' title='bbox 1610 3686 1666 3732; x_wconf 90' lang='lat' dir='ltr'><strong>et</strong></span> <span class='ocrx_word' id='word_1_523' title='bbox 1695 3675 1854 3732; x_wconf 75' lang='lat' dir='ltr'><strong>cilicii</strong></span> <span class='ocrx_word' id='word_1_524' title='bbox 1887 3677 2162 3740; x_wconf 83' lang='lat' dir='ltr'><strong>rationes;</strong></span> 
     </span>
    </p>
   </div>
   <div class='ocr_carea' id='block_1_70' title="bbox 584 3768 2164 3841">
    <p class='ocr_par' dir='ltr' id='par_1_70' title="bbox 584 3768 2164 3841">
     <span class='ocr_line' id='line_1_70' title="bbox 584 3768 2164 3841; baseline -0.003 -15"><span class='ocrx_word' id='word_1_525' title='bbox 584 3772 822 3841; x_wconf 86' lang='lat' dir='ltr'><strong>quinque</strong></span> <span class='ocrx_word' id='word_1_526' title='bbox 843 3786 970 3826; x_wconf 80' lang='lat' dir='ltr'><strong>vero</strong></span> <span class='ocrx_word' id='word_1_527' title='bbox 1003 3781 1131 3824; x_wconf 89' lang='lat' dir='ltr'><strong>sunt</strong></span> <span class='ocrx_word' id='word_1_528' title='bbox 1168 3769 1387 3826; x_wconf 86' lang='lat' dir='ltr'><strong>ordines</strong></span> <span class='ocrx_word' id='word_1_529' title='bbox 1409 3770 1688 3834; x_wconf 84' lang='lat' dir='ltr'><strong>distincti;</strong></span> <span class='ocrx_word' id='word_1_530' title='bbox 1720 3778 1832 3823; x_wconf 89' lang='lat' dir='ltr'><strong>tres</strong></span> <span class='ocrx_word' id='word_1_531' title='bbox 1860 3769 2069 3824; x_wconf 88' lang='lat' dir='ltr'><strong>scilicet</strong></span> <span class='ocrx_word' id='word_1_532' title='bbox 2091 3768 2164 3822; x_wconf 87' lang='lat' dir='ltr'><strong>ita</strong></span> 
     </span>
    </p>
   </div>
   <div class='ocr_carea' id='block_1_71' title="bbox 585 3862 2162 3932">
    <p class='ocr_par' dir='ltr' id='par_1_71' title="bbox 585 3862 2162 3932">
     <span class='ocr_line' id='line_1_71' title="bbox 585 3862 2162 3932; baseline -0.001 -15"><span class='ocrx_word' id='word_1_533' title='bbox 585 3878 840 3918; x_wconf 88' lang='lat' dir='ltr'><strong>numeres</strong></span> <span class='ocrx_word' id='word_1_534' title='bbox 866 3881 880 3917; x_wconf 91' lang='lat'><strong>:</strong></span> <span class='ocrx_word' id='word_1_535' title='bbox 914 3863 1118 3932; x_wconf 89' lang='lat' dir='ltr'><strong>primus</strong></span> <span class='ocrx_word' id='word_1_536' title='bbox 1140 3872 1223 3917; x_wconf 88' lang='lat' dir='ltr'><strong>est</strong></span> <span class='ocrx_word' id='word_1_537' title='bbox 1246 3863 1533 3931; x_wconf 67' lang='lat' dir='ltr'><strong>pratsuluin</strong></span> <span class='ocrx_word' id='word_1_538' title='bbox 1564 3863 1717 3924; x_wconf 85' lang='lat' dir='ltr'><strong>ordo,</strong></span> <span class='ocrx_word' id='word_1_539' title='bbox 1743 3862 2008 3915; x_wconf 91' lang='lat' dir='ltr'><strong>secundus</strong></span> <span class='ocrx_word' id='word_1_540' title='bbox 2037 3875 2162 3930; x_wconf 81' lang='lat' dir='ltr'><strong>pre—</strong></span> 
     </span>
    </p>
   </div>
   <div class='ocr_carea' id='block_1_72' title="bbox 585 3950 2164 4024">
    <p class='ocr_par' dir='ltr' id='par_1_72' title="bbox 585 3950 2164 4024">
     <span class='ocr_line' id='line_1_72' title="bbox 585 3950 2164 4024; baseline -0.003 -16"><span class='ocrx_word' id='word_1_541' title='bbox 585 3953 947 4024; x_wconf 81' lang='lat' dir='ltr'><strong>sbyterorum,</strong></span> <span class='ocrx_word' id='word_1_542' title='bbox 991 3953 1343 4006; x_wconf 85' lang='lat' dir='ltr'><strong>diaconnrutn</strong></span> <span class='ocrx_word' id='word_1_543' title='bbox 1376 3953 1600 4016; x_wconf 89' lang='lat' dir='ltr'><strong>tertius,</strong></span> <span class='ocrx_word' id='word_1_544' title='bbox 1641 3961 1866 4020; x_wconf 89' lang='lat' dir='ltr'><strong>quartus</strong></span> <span class='ocrx_word' id='word_1_545' title='bbox 1895 3950 2164 4004; x_wconf 83' lang='lat' dir='ltr'><strong>illumina-</strong></span> 
     </span>
    </p>
   </div>
   <div class='ocr_carea' id='block_1_73' title="bbox 589 4042 2160 4112">
    <p class='ocr_par' dir='ltr' id='par_1_73' title="bbox 589 4042 2160 4112">
     <span class='ocr_line' id='line_1_73' title="bbox 589 4042 2160 4112; baseline -0.001 -14"><span class='ocrx_word' id='word_1_546' title='bbox 589 4057 764 4098; x_wconf 88' lang='lat' dir='ltr'><strong>torum</strong></span> <span class='ocrx_word' id='word_1_547' title='bbox 796 4044 851 4097; x_wconf 91' lang='lat' dir='ltr'><strong>in</strong></span> <span class='ocrx_word' id='word_1_548' title='bbox 887 4044 1121 4109; x_wconf 87' lang='lat' dir='ltr'><strong>Christo,</strong></span> <span class='ocrx_word' id='word_1_549' title='bbox 1155 4054 1456 4112; x_wconf 87' lang='lat' dir='ltr'><strong>postremus</strong></span> <span class='ocrx_word' id='word_1_550' title='bbox 1495 4058 1706 4104; x_wconf 85' lang='lat' dir='ltr'><strong>eorum.</strong></span> <span class='ocrx_word' id='word_1_551' title='bbox 1734 4045 1826 4111; x_wconf 87' lang='lat' dir='ltr'><strong>qui</strong></span> <span class='ocrx_word' id='word_1_552' title='bbox 1857 4042 2160 4098; x_wconf 80' lang='lat' dir='ltr'><strong>initiantur.</strong></span> 
     </span>
    </p>
   </div>
   <div class='ocr_carea' id='block_1_74' title="bbox 588 4114 2162 4206">
    <p class='ocr_par' dir='ltr' id='par_1_74' title="bbox 588 4114 2162 4206">
     <span class='ocr_line' id='line_1_74' title="bbox 588 4114 2162 4206; baseline -0.003 -13"><span class='ocrx_word' id='word_1_553' title='bbox 588 4138 877 4193; x_wconf 84' lang='lat' dir='ltr'><strong>Sciendum</strong></span> <span class='ocrx_word' id='word_1_554' title='bbox 919 4151 1048 4206; x_wconf 78' lang='lat' dir='ltr'><strong>ergo</strong></span> <span class='ocrx_word' id='word_1_555' title='bbox 1080 4147 1166 4190; x_wconf 82' lang='lat' dir='ltr'><strong>est</strong></span> <span class='ocrx_word' id='word_1_556' title='bbox 1190 4136 1408 4191; x_wconf 85' lang='lat' dir='ltr'><strong>ordines</strong></span> <span class='ocrx_word' id='word_1_557' title='bbox 1439 4137 1677 4206; x_wconf 89' lang='lat' dir='ltr'><strong>quinque</strong></span> <span class='ocrx_word' id='word_1_558' title='bbox 1709 4135 1762 4190; x_wconf 90' lang='lat' dir='ltr'><strong>in</strong></span> <span class='ocrx_word' id='word_1_559' title='bbox 1801 4114 2040 4190; x_wconf 76' lang='lat' dir='ltr'><strong>Ecclesia</strong></span> <span class='ocrx_word' id='word_1_560' title='bbox 2070 4135 2162 4189; x_wconf 85' lang='lat' dir='ltr'><strong>Dei</strong></span> 
     </span>
    </p>
   </div>
   <div class='ocr_carea' id='block_1_75' title="bbox 587 4228 2161 4300">
    <p class='ocr_par' dir='ltr' id='par_1_75' title="bbox 587 4228 2161 4300">
     <span class='ocr_line' id='line_1_75' title="bbox 587 4228 2161 4300; baseline -0.003 -18"><span class='ocrx_word' id='word_1_561' title='bbox 587 4229 823 4295; x_wconf 88' lang='lat' dir='ltr'><strong>versari;</strong></span> <span class='ocrx_word' id='word_1_562' title='bbox 851 4244 1018 4300; x_wconf 86' lang='lat' dir='ltr'><strong>quare</strong></span> <span class='ocrx_word' id='word_1_563' title='bbox 1045 4229 1283 4298; x_wconf 88' lang='lat' dir='ltr'><strong>quinque</strong></span> <span class='ocrx_word' id='word_1_564' title='bbox 1325 4229 1572 4283; x_wconf 89' lang='lat' dir='ltr'><strong>civitates</strong></span> <span class='ocrx_word' id='word_1_565' title='bbox 1607 4229 1706 4282; x_wconf 85' lang='lat' dir='ltr'><strong>sub</strong></span> <span class='ocrx_word' id='word_1_566' title='bbox 1746 4243 1849 4280; x_wconf 82' lang='lat' dir='ltr'><strong>una</strong></span> <span class='ocrx_word' id='word_1_567' title='bbox 1887 4228 2161 4292; x_wconf 78' lang='lat' dir='ltr'><strong>dicuntur,</strong></span> 
     </span>
    </p>
   </div>
   <div class='ocr_carea' id='block_1_76' title="bbox 589 4315 2164 4390">
    <p class='ocr_par' dir='ltr' id='par_1_76' title="bbox 589 4315 2164 4390">
     <span class='ocr_line' id='line_1_76' title="bbox 589 4315 2164 4390; baseline -0.004 -15"><span class='ocrx_word' id='word_1_568' title='bbox 589 4321 867 4390; x_wconf 87' lang='lat' dir='ltr'><strong>loquentes</strong></span> <span class='ocrx_word' id='word_1_569' title='bbox 917 4319 1092 4389; x_wconf 81' lang='lat' dir='ltr'><strong>lingua</strong></span> <span class='ocrx_word' id='word_1_570' title='bbox 1127 4334 1246 4389; x_wconf 65' lang='lat' dir='ltr'><strong>quae</strong></span> <span class='ocrx_word' id='word_1_571' title='bbox 1294 4318 1422 4372; x_wconf 91' lang='lat' dir='ltr'><strong>olim</strong></span> <span class='ocrx_word' id='word_1_572' title='bbox 1452 4318 1592 4386; x_wconf 90' lang='lat' dir='ltr'><strong>apud</strong></span> <span class='ocrx_word' id='word_1_573' title='bbox 1635 4317 1919 4386; x_wconf 64' lang='lat' dir='ltr'><strong>Egyptios</strong></span> <span class='ocrx_word' id='word_1_574' title='bbox 1947 4315 2164 4373; x_wconf 85' lang='lat' dir='ltr'><strong>Chana-</strong></span> 
     </span>
    </p>
   </div>
   <div class='ocr_carea' id='block_1_77' title="bbox 591 4407 2163 4485">
    <p class='ocr_par' dir='ltr' id='par_1_77' title="bbox 591 4407 2163 4485">
     <span class='ocr_line' id='line_1_77' title="bbox 591 4407 2163 4485; baseline -0.005 -16"><span class='ocrx_word' id='word_1_575' title='bbox 591 4430 702 4469; x_wconf 73' lang='lat' dir='ltr'><strong>ntca</strong></span> <span class='ocrx_word' id='word_1_576' title='bbox 753 4414 1130 4485; x_wconf 87' lang='lat' dir='ltr'><strong>reputabatur,</strong></span> <span class='ocrx_word' id='word_1_577' title='bbox 1157 4422 1214 4466; x_wconf 91' lang='lat' dir='ltr'><strong>et</strong></span> <span class='ocrx_word' id='word_1_578' title='bbox 1249 4409 1495 4480; x_wconf 74' lang='lat' dir='ltr'><strong>iurantes</strong></span> <span class='ocrx_word' id='word_1_579' title='bbox 1521 4425 1631 4465; x_wconf 79' lang='lat' dir='ltr'><strong>non</strong></span> <span class='ocrx_word' id='word_1_580' title='bbox 1667 4425 1764 4479; x_wconf 87' lang='lat' dir='ltr'><strong>per</strong></span> <span class='ocrx_word' id='word_1_581' title='bbox 1804 4423 1933 4472; x_wconf 89' lang='lat' dir='ltr'><strong>eos,</strong></span> <span class='ocrx_word' id='word_1_582' title='bbox 1968 4409 2057 4477; x_wconf 90' lang='lat' dir='ltr'><strong>qui</strong></span> <span class='ocrx_word' id='word_1_583' title='bbox 2085 4407 2163 4464; x_wconf 88' lang='lat' dir='ltr'><strong>dii</strong></span> 
     </span>
    </p>
   </div>
   <div class='ocr_carea' id='block_1_78' title="bbox 593 4498 2161 4579">
    <p class='ocr_par' dir='ltr' id='par_1_78' title="bbox 593 4498 2161 4579">
     <span class='ocr_line' id='line_1_78' title="bbox 593 4498 2161 4579; baseline -0.006 -17"><span class='ocrx_word' id='word_1_584' title='bbox 593 4507 745 4579; x_wconf 90' lang='lat' dir='ltr'><strong>patrii</strong></span> <span class='ocrx_word' id='word_1_585' title='bbox 793 4507 1274 4567; x_wconf 79' lang='lat' dir='ltr'><strong>existimabantur,</strong></span> <span class='ocrx_word' id='word_1_586' title='bbox 1315 4503 1408 4558; x_wconf 86' lang='lat' dir='ltr'><strong>sed</strong></span> <span class='ocrx_word' id='word_1_587' title='bbox 1441 4503 1494 4557; x_wconf 88' lang='lat' dir='ltr'><strong>in</strong></span> <span class='ocrx_word' id='word_1_588' title='bbox 1542 4501 1759 4554; x_wconf 90' lang='lat' dir='ltr'><strong>nomine</strong></span> <span class='ocrx_word' id='word_1_589' title='bbox 1799 4499 2010 4554; x_wconf 85' lang='lat' dir='ltr'><strong>Domini</strong></span> <span class='ocrx_word' id='word_1_590' title='bbox 2059 4498 2161 4555; x_wconf 89' lang='lat' dir='ltr'><strong>Sa-</strong></span> 
     </span>
    </p>
   </div>
   <div class='ocr_carea' id='block_1_79' title="bbox 2268 3311 3850 3394">
    <p class='ocr_par' dir='ltr' id='par_1_79' title="bbox 2268 3311 3850 3394">
     <span class='ocr_line' id='line_1_79' title="bbox 2268 3311 3850 3394; baseline -0.006 -19"><span class='ocrx_word' id='word_1_591' title='bbox 2268 3320 2538 3382; x_wconf 80' lang='grc' dir='ltr'><strong>λὲλεκται,</strong></span> <span class='ocrx_word' id='word_1_592' title='bbox 2565 3321 2702 3394; x_wconf 84' lang='grc' dir='ltr'><strong>ὅπερ</strong></span> <span class='ocrx_word' id='word_1_593' title='bbox 2747 3319 2921 3382; x_wconf 80' lang='grc' dir='ltr'><strong>οὕτως</strong></span> <span class='ocrx_word' id='word_1_594' title='bbox 2951 3318 3017 3374; x_wconf 77' lang='grc' dir='ltr'><strong>ἂν</strong></span> <span class='ocrx_word' id='word_1_595' title='bbox 3057 3316 3438 3391; x_wconf 76' lang='grc' dir='ltr'><strong>έρμηνευθείη,</strong></span> <span class='ocrx_word' id='word_1_596' title='bbox 3490 3334 3510 3366; x_wconf 85' lang='grc' dir='ltr'><strong>ι</strong></span> <span class='ocrx_word' id='word_1_597' title='bbox 3539 3313 3699 3377; x_wconf 85' lang='grc' dir='ltr'>Πόλις</span> <span class='ocrx_word' id='word_1_598' title='bbox 3748 3311 3850 3381; x_wconf 77' lang='grc' dir='ltr'><strong>τῆς</strong></span> 
     </span>
    </p>
   </div>
   <div class='ocr_carea' id='block_1_80' title="bbox 2268 3403 3850 3484">
    <p class='ocr_par' dir='ltr' id='par_1_80' title="bbox 2268 3403 3850 3484">
     <span class='ocr_line' id='line_1_80' title="bbox 2268 3403 3850 3484; baseline -0.007 -16"><span class='ocrx_word' id='word_1_599' title='bbox 2268 3413 2374 3483; x_wconf 76' lang='grc' dir='ltr'><strong>γῆς</strong></span> <span class='ocrx_word' id='word_1_600' title='bbox 2404 3412 2786 3484; x_wconf 83' lang='grc' dir='ltr'>κληθήσεταιή</span> <span class='ocrx_word' id='word_1_601' title='bbox 2821 3412 2920 3482; x_wconf 86' lang='grc' dir='ltr'>μία</span> <span class='ocrx_word' id='word_1_602' title='bbox 2952 3411 3126 3474; x_wconf 84' lang='grc' dir='ltr'>πόλις.</span> <span class='ocrx_word' id='word_1_603' title='bbox 3163 3429 3182 3462; x_wconf 75' lang='grc' dir='ltr'><strong>ι</strong></span> <span class='ocrx_word' id='word_1_604' title='bbox 3214 3407 3366 3478; x_wconf 79' lang='grc' dir='ltr'><strong>Αῦτη</strong></span> <span class='ocrx_word' id='word_1_605' title='bbox 3399 3407 3506 3480; x_wconf 80' lang='grc' dir='ltr'><strong>γὰρ</strong></span> <span class='ocrx_word' id='word_1_606' title='bbox 3535 3406 3670 3478; x_wconf 87' lang='grc' dir='ltr'>μόνη</span> <span class='ocrx_word' id='word_1_607' title='bbox 3723 3403 3850 3458; x_wconf 86' lang='grc' dir='ltr'>καθ’</span> 
     </span>
    </p>
   </div>
   <div class='ocr_carea' id='block_1_81' title="bbox 2266 3496 3850 3577">
    <p class='ocr_par' dir='ltr' id='par_1_81' title="bbox 2266 3496 3850 3577">
     <span class='ocr_line' id='line_1_81' title="bbox 2266 3496 3850 3577; baseline -0.006 -19"><span class='ocrx_word' id='word_1_608' title='bbox 2266 3504 2397 3577; x_wconf 83' lang='grc' dir='ltr'>ὅλης</span> <span class='ocrx_word' id='word_1_609' title='bbox 2422 3505 2525 3575; x_wconf 80' lang='grc' dir='ltr'><strong>γῆς</strong></span> <span class='ocrx_word' id='word_1_610' title='bbox 2560 3505 2772 3575; x_wconf 83' lang='grc' dir='ltr'><strong>ἵδρυται</strong></span> <span class='ocrx_word' id='word_1_611' title='bbox 2813 3503 2893 3574; x_wconf 80' lang='grc' dir='ltr'><strong>τῷ</strong></span> <span class='ocrx_word' id='word_1_612' title='bbox 2919 3503 3040 3574; x_wconf 83' lang='grc' dir='ltr'><strong>Θεῷ</strong></span> <span class='ocrx_word' id='word_1_613' title='bbox 3067 3503 3240 3567; x_wconf 64' lang='grc' dir='ltr'><strong>¹πόλις,</strong></span> <span class='ocrx_word' id='word_1_614' title='bbox 3299 3501 3375 3565; x_wconf 89' lang='grc' dir='ltr'><strong>ὡς</strong></span> <span class='ocrx_word' id='word_1_615' title='bbox 3425 3500 3664 3570; x_wconf 80' lang='grc' dir='ltr'>ὲρείσθαι</span> <span class='ocrx_word' id='word_1_616' title='bbox 3715 3496 3850 3570; x_wconf 77' lang='grc' dir='ltr'><strong>περὶ</strong></span> 
     </span>
    </p>
   </div>
   <div class='ocr_carea' id='block_1_82' title="bbox 2269 3587 3851 3668">
    <p class='ocr_par' dir='ltr' id='par_1_82' title="bbox 2269 3587 3851 3668">
     <span class='ocr_line' id='line_1_82' title="bbox 2269 3587 3851 3668; baseline -0.006 -17"><span class='ocrx_word' id='word_1_617' title='bbox 2269 3597 2462 3668; x_wconf 80' lang='grc' dir='ltr'><strong>αὐτῆς,</strong></span> <span class='ocrx_word' id='word_1_618' title='bbox 2492 3615 2511 3648; x_wconf 85' lang='grc' dir='ltr'><strong>ι</strong></span> <span class='ocrx_word' id='word_1_619' title='bbox 2545 3595 2917 3666; x_wconf 77' lang='grc' dir='ltr'><strong>Δεδοξασμένα</strong></span> <span class='ocrx_word' id='word_1_620' title='bbox 2947 3593 3182 3666; x_wconf 75' lang='grc' dir='ltr'>ἐλαλήθη</span> <span class='ocrx_word' id='word_1_621' title='bbox 3207 3594 3337 3666; x_wconf 72' lang='grc' dir='ltr'><strong>περὶ</strong></span> <span class='ocrx_word' id='word_1_622' title='bbox 3366 3592 3480 3656; x_wconf 91' lang='grc' dir='ltr'><strong>σοῦ,</strong></span> <span class='ocrx_word' id='word_1_623' title='bbox 3509 3594 3543 3663; x_wconf 86' lang='grc' dir='ltr'><strong>ἡ</strong></span> <span class='ocrx_word' id='word_1_624' title='bbox 3572 3590 3724 3654; x_wconf 88' lang='grc' dir='ltr'>πόλις</span> <span class='ocrx_word' id='word_1_625' title='bbox 3753 3587 3851 3643; x_wconf 87' lang='grc' dir='ltr'><strong>τοῦ</strong></span> 
     </span>
    </p>
   </div>
   <div class='ocr_carea' id='block_1_83' title="bbox 2267 3679 3851 3753">
    <p class='ocr_par' dir='ltr' id='par_1_83' title="bbox 2267 3679 3851 3753">
     <span class='ocr_line' id='line_1_83' title="bbox 2267 3679 3851 3753; baseline -0.006 -13"><span class='ocrx_word' id='word_1_626' title='bbox 2267 3686 2424 3740; x_wconf 88' lang='grc' dir='ltr'><strong>Θεοῦ.</strong></span> <span class='ocrx_word' id='word_1_627' title='bbox 2469 3705 2488 3738; x_wconf 75' lang='grc' dir='ltr'>ι</span> <span class='ocrx_word' id='word_1_628' title='bbox 2519 3685 2686 3739; x_wconf 82' lang='grc' dir='ltr'><strong>Πέντε</strong></span> <span class='ocrx_word' id='word_1_629' title='bbox 2709 3686 2766 3738; x_wconf 83' lang='grc' dir='ltr'>δὲ</span> <span class='ocrx_word' id='word_1_630' title='bbox 2799 3685 2983 3748; x_wconf 88' lang='grc' dir='ltr'>πόλεις</span> <span class='ocrx_word' id='word_1_631' title='bbox 2999 3685 3058 3738; x_wconf 84' lang='grc' dir='ltr'><strong>ὲν</strong></span> <span class='ocrx_word' id='word_1_632' title='bbox 3096 3683 3390 3753; x_wconf 63' lang='grc' dir='ltr'>Ἐκκλησία</span> <span class='ocrx_word' id='word_1_633' title='bbox 3410 3682 3520 3736; x_wconf 79' lang='grc' dir='ltr'><strong>εἷεν</strong></span> <span class='ocrx_word' id='word_1_634' title='bbox 3551 3681 3615 3736; x_wconf 79' lang='grc' dir='ltr'><strong>ἂν</strong></span> <span class='ocrx_word' id='word_1_635' title='bbox 3648 3681 3704 3734; x_wconf 83' lang='grc' dir='ltr'><strong>αἱ</strong></span> <span class='ocrx_word' id='word_1_636' title='bbox 3731 3679 3851 3732; x_wconf 83' lang='grc' dir='ltr'><strong>διὰ-</strong></span> 
     </span>
    </p>
   </div>
   <div class='ocr_carea' id='block_1_84' title="bbox 2269 3770 3853 3850">
    <p class='ocr_par' dir='ltr' id='par_1_84' title="bbox 2269 3770 3853 3850">
     <span class='ocr_line' id='line_1_84' title="bbox 2269 3770 3853 3850; baseline -0.005 -18"><span class='ocrx_word' id='word_1_637' title='bbox 2269 3795 2426 3850; x_wconf 84' lang='grc' dir='ltr'><strong>φοροι</strong></span> <span class='ocrx_word' id='word_1_638' title='bbox 2459 3777 2752 3831; x_wconf 68' lang='grc' dir='ltr'><strong>πολιτεῖαι.⁹</strong></span> <span class='ocrx_word' id='word_1_639' title='bbox 2799 3775 2912 3846; x_wconf 68' lang='grc'><strong>(25)</strong></span> <span class='ocrx_word' id='word_1_640' title='bbox 2943 3775 3101 3830; x_wconf 86' lang='grc' dir='ltr'><strong>πέντε</strong></span> <span class='ocrx_word' id='word_1_641' title='bbox 3129 3775 3186 3830; x_wconf 81' lang='grc' dir='ltr'>δὲ</span> <span class='ocrx_word' id='word_1_642' title='bbox 3217 3775 3472 3844; x_wconf 83' lang='grc' dir='ltr'><strong>τάγματα</strong></span> <span class='ocrx_word' id='word_1_643' title='bbox 3523 3770 3853 3844; x_wconf 76' lang='grc' dir='ltr'><strong>διῃρημένα,</strong></span> 
     </span>
    </p>
   </div>
   <div class='ocr_carea' id='block_1_85' title="bbox 2267 3863 3858 3942">
    <p class='ocr_par' dir='ltr' id='par_1_85' title="bbox 2267 3863 3858 3942">
     <span class='ocr_line' id='line_1_85' title="bbox 2267 3863 3858 3942; baseline -0.005 -19"><span class='ocrx_word' id='word_1_644' title='bbox 2267 3871 2434 3942; x_wconf 82' lang='grc' dir='ltr'><strong>ἧγουν</strong></span> <span class='ocrx_word' id='word_1_645' title='bbox 2463 3873 2612 3942; x_wconf 84' lang='grc' dir='ltr'><strong>τρεῖς</strong></span> <span class='ocrx_word' id='word_1_646' title='bbox 2643 3867 3076 3941; x_wconf 82' lang='grc' dir='ltr'><strong>ἀριθμήσεις,τδ</strong></span> <span class='ocrx_word' id='word_1_647' title='bbox 3133 3867 3348 3940; x_wconf 81' lang='grc' dir='ltr'><strong>πρῶτον</strong></span> <span class='ocrx_word' id='word_1_648' title='bbox 3404 3865 3512 3919; x_wconf 82' lang='grc' dir='ltr'><strong>τῶν</strong></span> <span class='ocrx_word' id='word_1_649' title='bbox 3574 3863 3858 3935; x_wconf 82' lang='grc' dir='ltr'><strong>προέδρων</strong></span> 
     </span>
    </p>
   </div>
   <div class='ocr_carea' id='block_1_86' title="bbox 2266 3954 3854 4032">
    <p class='ocr_par' dir='ltr' id='par_1_86' title="bbox 2266 3954 3854 4032">
     <span class='ocr_line' id='line_1_86' title="bbox 2266 3954 3854 4032; baseline -0.006 -16"><span class='ocrx_word' id='word_1_650' title='bbox 2266 3962 2478 4032; x_wconf 79' lang='grc' dir='ltr'><strong>τάγμα,</strong></span> <span class='ocrx_word' id='word_1_651' title='bbox 2507 3963 2681 4016; x_wconf 79' lang='grc' dir='ltr'><strong>καὶτὸ</strong></span> <span class='ocrx_word' id='word_1_652' title='bbox 2701 3962 2950 4032; x_wconf 87' lang='grc' dir='ltr'><strong>δεύτερον</strong></span> <span class='ocrx_word' id='word_1_653' title='bbox 2974 3959 3084 4014; x_wconf 80' lang='grc' dir='ltr'><strong>τῶν</strong></span> <span class='ocrx_word' id='word_1_654' title='bbox 3109 3958 3494 4031; x_wconf 79' lang='grc' dir='ltr'><strong>πρεσϐυτέρων</strong></span> <span class='ocrx_word' id='word_1_655' title='bbox 3515 3997 3530 4022; x_wconf 91' lang='grc'><strong>,</strong></span> <span class='ocrx_word' id='word_1_656' title='bbox 3562 3956 3624 4009; x_wconf 90' lang='grc' dir='ltr'>τό</span> <span class='ocrx_word' id='word_1_657' title='bbox 3652 3972 3710 4008; x_wconf 89' lang='grc' dir='ltr'><strong>τε</strong></span> <span class='ocrx_word' id='word_1_658' title='bbox 3741 3954 3854 4008; x_wconf 74' lang='grc' dir='ltr'><strong>τῶν</strong></span> 
     </span>
    </p>
   </div>
   <div class='ocr_carea' id='block_1_87' title="bbox 2267 4046 3855 4126">
    <p class='ocr_par' dir='ltr' id='par_1_87' title="bbox 2267 4046 3855 4126">
     <span class='ocr_line' id='line_1_87' title="bbox 2267 4046 3855 4126; baseline -0.004 -19"><span class='ocrx_word' id='word_1_659' title='bbox 2267 4053 2530 4110; x_wconf 87' lang='grc' dir='ltr'>διακόνων</span> <span class='ocrx_word' id='word_1_660' title='bbox 2558 4054 2620 4108; x_wconf 78' lang='grc' dir='ltr'><strong>τὸ</strong></span> <span class='ocrx_word' id='word_1_661' title='bbox 2646 4055 2846 4126; x_wconf 87' lang='grc' dir='ltr'><strong>τρίτον,</strong></span> <span class='ocrx_word' id='word_1_662' title='bbox 2879 4053 2973 4108; x_wconf 74' lang='grc' dir='ltr'><strong>καὶ</strong></span> <span class='ocrx_word' id='word_1_663' title='bbox 3002 4052 3111 4108; x_wconf 80' lang='grc' dir='ltr'><strong>τῶν</strong></span> <span class='ocrx_word' id='word_1_664' title='bbox 3159 4053 3216 4106; x_wconf 76' lang='grc' dir='ltr'><strong>ὲν</strong></span> <span class='ocrx_word' id='word_1_665' title='bbox 3244 4053 3466 4122; x_wconf 81' lang='grc' dir='ltr'><strong>Χριστῳ</strong></span> <span class='ocrx_word' id='word_1_666' title='bbox 3497 4046 3855 4120; x_wconf 79' lang='grc' dir='ltr'><strong>πεφωτισμέ-</strong></span> 
     </span>
    </p>
   </div>
   <div class='ocr_carea' id='block_1_88' title="bbox 2269 4143 3855 4215">
    <p class='ocr_par' dir='ltr' id='par_1_88' title="bbox 2269 4143 3855 4215">
     <span class='ocr_line' id='line_1_88' title="bbox 2269 4143 3855 4215; baseline -0.003 -17"><span class='ocrx_word' id='word_1_667' title='bbox 2269 4163 2374 4198; x_wconf 91' lang='grc' dir='ltr'><strong>νων</strong></span> <span class='ocrx_word' id='word_1_668' title='bbox 2423 4145 2717 4215; x_wconf 85' lang='grc' dir='ltr'><strong>τέταρτον,</strong></span> <span class='ocrx_word' id='word_1_669' title='bbox 2753 4146 2848 4199; x_wconf 74' lang='grc' dir='ltr'><strong>καὶ</strong></span> <span class='ocrx_word' id='word_1_670' title='bbox 2902 4146 2994 4197; x_wconf 75' lang='grc' dir='ltr'><strong>ἐπὶ</strong></span> <span class='ocrx_word' id='word_1_671' title='bbox 3049 4143 3258 4208; x_wconf 88' lang='grc' dir='ltr'><strong>τούτοις</strong></span> <span class='ocrx_word' id='word_1_672' title='bbox 3313 4143 3421 4197; x_wconf 82' lang='grc' dir='ltr'><strong>τῶν</strong></span> <span class='ocrx_word' id='word_1_673' title='bbox 3472 4145 3530 4197; x_wconf 80' lang='grc' dir='ltr'><strong>ἐν</strong></span> <span class='ocrx_word' id='word_1_674' title='bbox 3571 4143 3855 4211; x_wconf 75' lang='grc' dir='ltr'><strong>είσαγωγῇ</strong></span> 
     </span>
    </p>
   </div>
   <div class='ocr_carea' id='block_1_89' title="bbox 2269 4231 3858 4309">
    <p class='ocr_par' dir='ltr' id='par_1_89' title="bbox 2269 4231 3858 4309">
     <span class='ocr_line' id='line_1_89' title="bbox 2269 4231 3858 4309; baseline -0.004 -19"><span class='ocrx_word' id='word_1_675' title='bbox 2269 4239 2662 4309; x_wconf 86' lang='grc' dir='ltr'><strong>τυγχανόντων.</strong></span> <span class='ocrx_word' id='word_1_676' title='bbox 2712 4237 2924 4300; x_wconf 83' lang='grc' dir='ltr'><strong>Ἰστέον,</strong></span> <span class='ocrx_word' id='word_1_677' title='bbox 2945 4237 3021 4300; x_wconf 84' lang='grc' dir='ltr'><strong>ὡς</strong></span> <span class='ocrx_word' id='word_1_678' title='bbox 3053 4235 3216 4289; x_wconf 85' lang='grc' dir='ltr'><strong>πέντε</strong></span> <span class='ocrx_word' id='word_1_679' title='bbox 3235 4235 3492 4306; x_wconf 78' lang='grc' dir='ltr'><strong>τάγματα</strong></span> <span class='ocrx_word' id='word_1_680' title='bbox 3507 4231 3858 4288; x_wconf 85' lang='grc' dir='ltr'><strong>πολιτεύεται</strong></span> 
     </span>
    </p>
   </div>
   <div class='ocr_carea' id='block_1_90' title="bbox 2269 4323 3857 4400">
    <p class='ocr_par' dir='ltr' id='par_1_90' title="bbox 2269 4323 3857 4400">
     <span class='ocr_line' id='line_1_90' title="bbox 2269 4323 3857 4400; baseline -0.003 -20"><span class='ocrx_word' id='word_1_681' title='bbox 2269 4329 2328 4380; x_wconf 84' lang='grc' dir='ltr'><strong>ὲν</strong></span> <span class='ocrx_word' id='word_1_682' title='bbox 2352 4331 2418 4400; x_wconf 82' lang='grc' dir='ltr'><strong>τῇ</strong></span> <span class='ocrx_word' id='word_1_683' title='bbox 2461 4329 2755 4400; x_wconf 74' lang='grc' dir='ltr'>Ἐκκλησία</span> <span class='ocrx_word' id='word_1_684' title='bbox 2781 4329 2874 4382; x_wconf 89' lang='grc' dir='ltr'><strong>τοῦ</strong></span> <span class='ocrx_word' id='word_1_685' title='bbox 2900 4328 3034 4382; x_wconf 86' lang='grc' dir='ltr'><strong>Θεοῦ</strong></span> <span class='ocrx_word' id='word_1_686' title='bbox 3057 4345 3072 4360; x_wconf 76' lang='grc' dir='ltr'>ο</span> <span class='ocrx_word' id='word_1_687' title='bbox 3088 4328 3170 4384; x_wconf 76' lang='grc' dir='ltr'>διὸ</span> <span class='ocrx_word' id='word_1_688' title='bbox 3190 4327 3348 4382; x_wconf 81' lang='grc' dir='ltr'><strong>πέντε</strong></span> <span class='ocrx_word' id='word_1_689' title='bbox 3372 4327 3554 4392; x_wconf 81' lang='grc' dir='ltr'>πόλεις</span> <span class='ocrx_word' id='word_1_690' title='bbox 3590 4326 3696 4378; x_wconf 79' lang='grc' dir='ltr'><strong>ὑπὸ</strong></span> <span class='ocrx_word' id='word_1_691' title='bbox 3723 4323 3857 4396; x_wconf 87' lang='grc' dir='ltr'><strong>μίαν</strong></span> 
     </span>
    </p>
   </div>
   <div class='ocr_carea' id='block_1_91' title="bbox 2272 4415 3862 4491">
    <p class='ocr_par' dir='ltr' id='par_1_91' title="bbox 2272 4415 3862 4491">
     <span class='ocr_line' id='line_1_91' title="bbox 2272 4415 3862 4491; baseline 0.001 -23"><span class='ocrx_word' id='word_1_692' title='bbox 2272 4416 2538 4488; x_wconf 77' lang='grc' dir='ltr'><strong>εἴρηνται,</strong></span> <span class='ocrx_word' id='word_1_693' title='bbox 2554 4419 2813 4473; x_wconf 86' lang='grc' dir='ltr'>λαλοῦσαι</span> <span class='ocrx_word' id='word_1_694' title='bbox 2837 4422 2903 4490; x_wconf 82' lang='grc' dir='ltr'><strong>τῇ</strong></span> <span class='ocrx_word' id='word_1_695' title='bbox 2927 4419 3167 4491; x_wconf 75' lang='grc' dir='ltr'>γλώσσῃ,</span> <span class='ocrx_word' id='word_1_696' title='bbox 3191 4419 3356 4474; x_wconf 79' lang='grc' dir='ltr'>πάλαι</span> <span class='ocrx_word' id='word_1_697' title='bbox 3379 4420 3507 4488; x_wconf 81' lang='grc' dir='ltr'><strong>παρ’</strong></span> <span class='ocrx_word' id='word_1_698' title='bbox 3535 4415 3862 4485; x_wconf 76' lang='grc' dir='ltr'><strong>Αἰγυπτίοις</strong></span> 
     </span>
    </p>
   </div>
   <div class='ocr_carea' id='block_1_92' title="bbox 2271 4509 3862 4583">
    <p class='ocr_par' dir='ltr' id='par_1_92' title="bbox 2271 4509 3862 4583">
     <span class='ocr_line' id='line_1_92' title="bbox 2271 4509 3862 4583; baseline -0.002 -20"><span class='ocrx_word' id='word_1_699' title='bbox 2271 4509 2600 4583; x_wconf 77' lang='grc' dir='ltr'><strong>νομιζομένῃ</strong></span> <span class='ocrx_word' id='word_1_700' title='bbox 2627 4512 2994 4575; x_wconf 88' lang='grc' dir='ltr'><strong>Χαναανίτιδι,</strong></span> <span class='ocrx_word' id='word_1_701' title='bbox 3023 4513 3117 4567; x_wconf 74' lang='grc' dir='ltr'><strong>καὶ</strong></span> <span class='ocrx_word' id='word_1_702' title='bbox 3149 4511 3438 4581; x_wconf 84' lang='grc' dir='ltr'><strong>ὀμνύοντες</strong></span> <span class='ocrx_word' id='word_1_703' title='bbox 3462 4510 3523 4563; x_wconf 88' lang='grc' dir='ltr'><strong>ού</strong></span> <span class='ocrx_word' id='word_1_704' title='bbox 3571 4510 3702 4571; x_wconf 80' lang='grc' dir='ltr'><strong>τοὺς</strong></span> <span class='ocrx_word' id='word_1_705' title='bbox 3752 4525 3862 4561; x_wconf 84' lang='grc' dir='ltr'><strong>πα-</strong></span> 
     </span>
    </p>
   </div>
   <div class='ocr_carea' id='block_1_93' title="bbox 592 4588 2167 4676">
    <p class='ocr_par' dir='ltr' id='par_1_93' title="bbox 592 4588 2167 4668">
     <span class='ocr_line' id='line_1_93' title="bbox 592 4588 2167 4668; baseline -0.004 -15"><span class='ocrx_word' id='word_1_706' title='bbox 592 4599 772 4663; x_wconf 87' lang='lat' dir='ltr'><strong>haoth,</strong></span> <span class='ocrx_word' id='word_1_707' title='bbox 809 4597 898 4666; x_wconf 90' lang='lat' dir='ltr'><strong>qui</strong></span> <span class='ocrx_word' id='word_1_708' title='bbox 928 4596 1054 4649; x_wconf 90' lang='lat' dir='ltr'><strong>olim</strong></span> <span class='ocrx_word' id='word_1_709' title='bbox 1116 4591 1314 4649; x_wconf 64' lang='lat' dir='ltr'><strong>Judmis</strong></span> <span class='ocrx_word' id='word_1_710' title='bbox 1340 4591 1588 4668; x_wconf 72' lang='lat' dir='ltr'><strong>cegnitus</strong></span> <span class='ocrx_word' id='word_1_711' title='bbox 1616 4589 1756 4645; x_wconf 86' lang='lat' dir='ltr'><strong>Deus</strong></span> <span class='ocrx_word' id='word_1_712' title='bbox 1785 4599 1922 4644; x_wconf 84' lang='lat' dir='ltr'><strong>erat.</strong></span> <span class='ocrx_word' id='word_1_713' title='bbox 1953 4588 2051 4643; x_wconf 90' lang='lat' dir='ltr'><strong>Hic</strong></span> <span class='ocrx_word' id='word_1_714' title='bbox 2081 4588 2167 4646; x_wconf 92' lang='lat' dir='ltr'><strong>ille</strong></span> 
     </span>
    </p>
   </div>
   <div class='ocr_carea' id='block_1_94' title="bbox 2270 4588 3864 4676">
    <p class='ocr_par' dir='ltr' id='par_1_94' title="bbox 2275 4601 3864 4676">
     <span class='ocr_line' id='line_1_94' title="bbox 2275 4601 3864 4676; baseline -0.003 -22"><span class='ocrx_word' id='word_1_715' title='bbox 2275 4601 2483 4673; x_wconf 84' lang='grc' dir='ltr'><strong>τρῴους</strong></span> <span class='ocrx_word' id='word_1_716' title='bbox 2515 4602 2671 4666; x_wconf 78' lang='grc' dir='ltr'><strong>θεοὺς</strong></span> <span class='ocrx_word' id='word_1_717' title='bbox 2710 4603 2803 4668; x_wconf 80' lang='grc' dir='ltr'><strong>οὓς</strong></span> <span class='ocrx_word' id='word_1_718' title='bbox 2827 4604 3093 4676; x_wconf 74' lang='grc' dir='ltr'>ἐνόμιζον,</span> <span class='ocrx_word' id='word_1_719' title='bbox 3128 4603 3244 4658; x_wconf 79' lang='grc' dir='ltr'>ἀλλ’</span> <span class='ocrx_word' id='word_1_720' title='bbox 3277 4604 3309 4674; x_wconf 81' lang='grc' dir='ltr'>ἢ</span> <span class='ocrx_word' id='word_1_721' title='bbox 3348 4601 3425 4673; x_wconf 83' lang='grc' dir='ltr'><strong>τῷ</strong></span> <span class='ocrx_word' id='word_1_722' title='bbox 3467 4601 3706 4672; x_wconf 70' lang='grc' dir='ltr'><strong>ὀνόματι.</strong></span> <span class='ocrx_word' id='word_1_723' title='bbox 3743 4601 3864 4652; x_wconf 78' lang='grc' dir='ltr'><strong>Κυ-</strong></span> 
     </span>
    </p>
   </div>
   <div class='ocr_carea' id='block_1_95' title="bbox 593 4681 2172 4762">
    <p class='ocr_par' dir='ltr' id='par_1_95' title="bbox 593 4681 2172 4762">
     <span class='ocr_line' id='line_1_95' title="bbox 593 4681 2172 4762; baseline -0.006 -15"><span class='ocrx_word' id='word_1_724' title='bbox 593 4703 707 4747; x_wconf 89' lang='lat' dir='ltr'><strong>erat</strong></span> <span class='ocrx_word' id='word_1_725' title='bbox 735 4693 825 4762; x_wconf 91' lang='lat' dir='ltr'><strong>qui</strong></span> <span class='ocrx_word' id='word_1_726' title='bbox 855 4693 909 4745; x_wconf 86' lang='lat' dir='ltr'><strong>in</strong></span> <span class='ocrx_word' id='word_1_727' title='bbox 941 4690 1081 4744; x_wconf 86' lang='lat' dir='ltr'><strong>nube</strong></span> <span class='ocrx_word' id='word_1_728' title='bbox 1107 4686 1235 4752; x_wconf 87' lang='lat' dir='ltr'><strong>levi,</strong></span> <span class='ocrx_word' id='word_1_729' title='bbox 1269 4686 1356 4740; x_wconf 88' lang='lat' dir='ltr'><strong>hic</strong></span> <span class='ocrx_word' id='word_1_730' title='bbox 1402 4694 1518 4740; x_wconf 89' lang='lat' dir='ltr'><strong>crat</strong></span> <span class='ocrx_word' id='word_1_731' title='bbox 1546 4683 1636 4751; x_wconf 90' lang='lat' dir='ltr'><strong>qui</strong></span> <span class='ocrx_word' id='word_1_732' title='bbox 1675 4682 1741 4737; x_wconf 90' lang='lat' dir='ltr'><strong>ad</strong></span> <span class='ocrx_word' id='word_1_733' title='bbox 1780 4681 1924 4752; x_wconf 85' lang='lat' dir='ltr'><strong>ipsos</strong></span> <span class='ocrx_word' id='word_1_734' title='bbox 1955 4681 2172 4739; x_wconf 80' lang='lat' dir='ltr'><strong>advenit</strong></span> 
     </span>
    </p>
   </div>
   <div class='ocr_carea' id='block_1_96' title="bbox 593 4784 858 4837">
    <p class='ocr_par' dir='ltr' id='par_1_96' title="bbox 593 4784 858 4837">
     <span class='ocr_line' id='line_1_96' title="bbox 593 4784 858 4837; baseline 0 -1"><span class='ocrx_word' id='word_1_735' title='bbox 593 4784 858 4837; x_wconf 80' lang='lat' dir='ltr'><strong>Christus.</strong></span> 
     </span>
    </p>
   </div>
   <div class='ocr_carea' id='block_1_97' title="bbox 661 4958 2168 5019">
    <p class='ocr_par' dir='ltr' id='par_1_97' title="bbox 661 4958 2168 5019">
     <span class='ocr_line' id='line_1_97' title="bbox 661 4958 2168 5019; baseline -0.003 0"><span class='ocrx_word' id='word_1_736' title='bbox 661 4965 827 5019; x_wconf 74' lang='lat' dir='ltr'><strong>Vsus.</strong></span> <span class='ocrx_word' id='word_1_737' title='bbox 871 4964 956 5018; x_wconf 81' lang='lat' dir='ltr'><strong>l9.</strong></span> <span class='ocrx_word' id='word_1_738' title='bbox 989 4983 1006 5014; x_wconf 84' lang='grc' dir='ltr'><strong>ι</strong></span> <span class='ocrx_word' id='word_1_739' title='bbox 1042 4963 1099 5017; x_wconf 88' lang='lat' dir='ltr'><strong>lu</strong></span> <span class='ocrx_word' id='word_1_740' title='bbox 1150 4965 1236 5018; x_wconf 91' lang='lat' dir='ltr'><strong>die</strong></span> <span class='ocrx_word' id='word_1_741' title='bbox 1270 4961 1356 5016; x_wconf 90' lang='lat' dir='ltr'><strong>illa</strong></span> <span class='ocrx_word' id='word_1_742' title='bbox 1388 4960 1494 5017; x_wconf 93' lang='lat' dir='ltr'><strong>erit</strong></span> <span class='ocrx_word' id='word_1_743' title='bbox 1533 4958 1701 5014; x_wconf 88' lang='lat' dir='ltr'><strong>altare</strong></span> <span class='ocrx_word' id='word_1_744' title='bbox 1740 4959 1968 5015; x_wconf 88' lang='lat' dir='ltr'><strong>Domino</strong></span> <span class='ocrx_word' id='word_1_745' title='bbox 2001 4959 2052 5015; x_wconf 92' lang='lat' dir='ltr'><strong>in</strong></span> <span class='ocrx_word' id='word_1_746' title='bbox 2083 4974 2168 5015; x_wconf 87' lang='lat' dir='ltr'><strong>re-</strong></span> 
     </span>
    </p>
   </div>
   <div class='ocr_carea' id='block_1_98' title="bbox 593 5052 2166 5129">
    <p class='ocr_par' dir='ltr' id='par_1_98' title="bbox 593 5052 2166 5129">
     <span class='ocr_line' id='line_1_98' title="bbox 593 5052 2166 5129; baseline -0.002 -18"><span class='ocrx_word' id='word_1_747' title='bbox 593 5060 748 5129; x_wconf 75' lang='lat' dir='ltr'><strong>gione</strong></span> <span class='ocrx_word' id='word_1_748' title='bbox 783 5055 1180 5126; x_wconf 67' lang='lat' dir='ltr'><strong>Egyptiornm,</strong></span> <span class='ocrx_word' id='word_1_749' title='bbox 1208 5067 1262 5111; x_wconf 90' lang='lat' dir='ltr'><strong>et</strong></span> <span class='ocrx_word' id='word_1_750' title='bbox 1308 5055 1556 5110; x_wconf 88' lang='lat' dir='ltr'><strong>columna</strong></span> <span class='ocrx_word' id='word_1_751' title='bbox 1599 5053 1666 5106; x_wconf 87' lang='lat' dir='ltr'><strong>ad</strong></span> <span class='ocrx_word' id='word_1_752' title='bbox 1711 5053 1996 5107; x_wconf 89' lang='lat' dir='ltr'><strong>terminum</strong></span> <span class='ocrx_word' id='word_1_753' title='bbox 2049 5052 2166 5122; x_wconf 87' lang='lat' dir='ltr'><strong>ejus</strong></span> 
     </span>
    </p>
   </div>
   <div class='ocr_carea' id='block_1_99' title="bbox 597 5143 2163 5215">
    <p class='ocr_par' dir='ltr' id='par_1_99' title="bbox 597 5143 2163 5215">
     <span class='ocr_line' id='line_1_99' title="bbox 597 5143 2163 5215; baseline -0.003 -12"><span class='ocrx_word' id='word_1_754' title='bbox 597 5149 840 5202; x_wconf 88' lang='lat' dir='ltr'><strong>Domino.</strong></span> <span class='ocrx_word' id='word_1_755' title='bbox 873 5164 891 5197; x_wconf 71' lang='grc' dir='ltr'><strong>ι</strong></span> <span class='ocrx_word' id='word_1_756' title='bbox 926 5146 998 5199; x_wconf 91' lang='lat' dir='ltr'><strong>De</strong></span> <span class='ocrx_word' id='word_1_757' title='bbox 1023 5146 1304 5200; x_wconf 87' lang='lat' dir='ltr'><strong>divinitate</strong></span> <span class='ocrx_word' id='word_1_758' title='bbox 1330 5145 1424 5198; x_wconf 88' lang='lat' dir='ltr'><strong>Dei</strong></span> <span class='ocrx_word' id='word_1_759' title='bbox 1452 5145 1503 5199; x_wconf 90' lang='lat' dir='ltr'><strong>in</strong></span> <span class='ocrx_word' id='word_1_760' title='bbox 1527 5143 1760 5215; x_wconf 64' lang='lat' dir='ltr'><strong>IEgypm</strong></span> <span class='ocrx_word' id='word_1_761' title='bbox 1783 5145 2163 5200; x_wconf 78' lang='lat' dir='ltr'><strong>conStituenda</strong></span> 
     </span>
    </p>
   </div>
   <div class='ocr_carea' id='block_1_100' title="bbox 593 5237 2164 5304">
    <p class='ocr_par' dir='ltr' id='par_1_100' title="bbox 593 5237 2164 5304">
     <span class='ocr_line' id='line_1_100' title="bbox 593 5237 2164 5304; baseline -0.001 -10"><span class='ocrx_word' id='word_1_762' title='bbox 593 5252 645 5294; x_wconf 77' lang='lat' dir='ltr'><strong>et.</strong></span> <span class='ocrx_word' id='word_1_763' title='bbox 679 5244 744 5295; x_wconf 90' lang='lat' dir='ltr'><strong>de</strong></span> <span class='ocrx_word' id='word_1_764' title='bbox 769 5238 998 5295; x_wconf 87' lang='lat' dir='ltr'><strong>diversis</strong></span> <span class='ocrx_word' id='word_1_765' title='bbox 1027 5239 1079 5292; x_wconf 92' lang='lat' dir='ltr'><strong>in</strong></span> <span class='ocrx_word' id='word_1_766' title='bbox 1115 5238 1333 5293; x_wconf 85' lang='lat' dir='ltr'><strong>civitate</strong></span> <span class='ocrx_word' id='word_1_767' title='bbox 1354 5237 2005 5304; x_wconf 83' lang='lat' dir='ltr'><strong>ordinibus,vatictnatus,</strong></span> <span class='ocrx_word' id='word_1_768' title='bbox 2032 5253 2164 5292; x_wconf 86' lang='lat' dir='ltr'><strong>con—</strong></span> 
     </span>
    </p>
   </div>
   <div class='ocr_carea' id='block_1_101' title="bbox 599 5330 2166 5402">
    <p class='ocr_par' dir='ltr' id='par_1_101' title="bbox 599 5330 2166 5402">
     <span class='ocr_line' id='line_1_101' title="bbox 599 5330 2166 5402; baseline -0.004 -10"><span class='ocrx_word' id='word_1_769' title='bbox 599 5343 884 5402; x_wconf 71' lang='lat' dir='ltr'><strong>sequenter</strong></span> <span class='ocrx_word' id='word_1_770' title='bbox 913 5331 1084 5386; x_wconf 82' lang='lat' dir='ltr'><strong>altare</strong></span> <span class='ocrx_word' id='word_1_771' title='bbox 1108 5331 1158 5385; x_wconf 93' lang='lat' dir='ltr'><strong>in</strong></span> <span class='ocrx_word' id='word_1_772' title='bbox 1180 5331 1402 5387; x_wconf 89' lang='lat' dir='ltr'><strong>civitate</strong></span> <span class='ocrx_word' id='word_1_773' title='bbox 1431 5331 1523 5387; x_wconf 88' lang='lat' dir='ltr'><strong>Dei</strong></span> <span class='ocrx_word' id='word_1_774' title='bbox 1572 5330 1807 5385; x_wconf 77' lang='lat' dir='ltr'><strong>futurum</strong></span> <span class='ocrx_word' id='word_1_775' title='bbox 1837 5344 2166 5386; x_wconf 84' lang='lat' dir='ltr'><strong>commemo-</strong></span> 
     </span>
    </p>
   </div>
   <div class='ocr_carea' id='block_1_102' title="bbox 665 5443 1712 5510">
    <p class='ocr_par' dir='ltr' id='par_1_102' title="bbox 665 5443 1712 5510">
     <span class='ocr_line' id='line_1_102' title="bbox 665 5443 1712 5510; baseline 0.001 -11"><span class='ocrx_word' id='word_1_776' title='bbox 665 5448 711 5480; x_wconf 83' lang='grc'><strong>⁹⁶</strong></span> <span class='ocrx_word' id='word_1_777' title='bbox 733 5446 872 5500; x_wconf 80' lang='lat' dir='ltr'><strong>Psal.</strong></span> <span class='ocrx_word' id='word_1_778' title='bbox 900 5461 990 5510; x_wconf 72' lang='lat' dir='ltr'><strong>ex,</strong></span> <span class='ocrx_word' id='word_1_779' title='bbox 1019 5444 1103 5500; x_wconf 82' lang='lat' dir='ltr'><strong>lO.</strong></span> <span class='ocrx_word' id='word_1_780' title='bbox 1179 5444 1225 5476; x_wconf 80' lang='lat'><strong>&#39;°</strong></span> <span class='ocrx_word' id='word_1_781' title='bbox 1249 5443 1392 5499; x_wconf 85' lang='lat' dir='ltr'><strong>Psal.</strong></span> <span class='ocrx_word' id='word_1_782' title='bbox 1423 5445 1712 5509; x_wconf 77' lang='lat' dir='ltr'><strong>uxxvi,‘5.</strong></span> 
     </span>
    </p>
   </div>
   <div class='ocr_carea' id='block_1_103' title="bbox 667 5579 2171 5656">
    <p class='ocr_par' dir='ltr' id='par_1_103' title="bbox 667 5579 2171 5656">
     <span class='ocr_line' id='line_1_103' title="bbox 667 5579 2171 5656; baseline -0.001 -18"><span class='ocrx_word' id='word_1_783' title='bbox 667 5585 780 5656; x_wconf 66' lang='lat'><strong>(25)</strong></span> <span class='ocrx_word' id='word_1_784' title='bbox 822 5583 921 5656; x_wconf 84' lang='lat' dir='ltr'><strong>llic</strong></span> <span class='ocrx_word' id='word_1_785' title='bbox 967 5582 1361 5656; x_wconf 61' lang='lat' dir='ltr'><strong>Hieropymus,</strong></span> <span class='ocrx_word' id='word_1_786' title='bbox 1392 5599 1422 5656; x_wconf 68' lang='grc' dir='ltr'><strong>Δι</strong></span> <span class='ocrx_word' id='word_1_787' title='bbox 1479 5579 1647 5656; x_wconf 77' lang='lat' dir='ltr'><strong>Porro</strong></span> <span class='ocrx_word' id='word_1_788' title='bbox 1685 5580 1786 5656; x_wconf 77' lang='lat' dir='ltr'><strong>qui</strong></span> <span class='ocrx_word' id='word_1_789' title='bbox 1827 5580 1880 5656; x_wconf 87' lang='lat' dir='ltr'><strong>in</strong></span> <span class='ocrx_word' id='word_1_790' title='bbox 1938 5580 2171 5656; x_wconf 76' lang='lat' dir='ltr'><strong>adventu</strong></span> 
     </span>
    </p>
   </div>
   <div class='ocr_carea' id='block_1_104' title="bbox 597 5650 2178 5722">
    <p class='ocr_par' dir='ltr' id='par_1_104' title="bbox 597 5650 2178 5722">
     <span class='ocr_line' id='line_1_104' title="bbox 597 5650 2178 5722; baseline -0.004 -10"><span class='ocrx_word' id='word_1_791' title='bbox 597 5650 852 5722; x_wconf 66' lang='lat' dir='ltr'><strong>Christi,»</strong></span> <span class='ocrx_word' id='word_1_792' title='bbox 879 5655 975 5716; x_wconf 87' lang='lat' dir='ltr'><strong>ait.</strong></span> <span class='ocrx_word' id='word_1_793' title='bbox 997 5670 1016 5704; x_wconf 84' lang='grc' dir='ltr'>ι</span> <span class='ocrx_word' id='word_1_794' title='bbox 1041 5662 1090 5707; x_wconf 90' lang='lat' dir='ltr'><strong>et</strong></span> <span class='ocrx_word' id='word_1_795' title='bbox 1120 5650 1362 5705; x_wconf 81' lang='lat' dir='ltr'><strong>Roinano</strong></span> <span class='ocrx_word' id='word_1_796' title='bbox 1390 5651 1618 5722; x_wconf 83' lang='lat' dir='ltr'><strong>imperio</strong></span> <span class='ocrx_word' id='word_1_797' title='bbox 1638 5651 1973 5722; x_wconf 71' lang='lat' dir='ltr'><strong>prpphetiam</strong></span> <span class='ocrx_word' id='word_1_798' title='bbox 2003 5653 2178 5705; x_wconf 84' lang='lat' dir='ltr'><strong>disse-</strong></span> 
     </span>
    </p>
   </div>
   <div class='ocr_carea' id='block_1_105' title="bbox 604 5719 2174 5796">
    <p class='ocr_par' dir='ltr' id='par_1_105' title="bbox 604 5719 2174 5796">
     <span class='ocr_line' id='line_1_105' title="bbox 604 5719 2174 5796; baseline -0.004 -15"><span class='ocrx_word' id='word_1_799' title='bbox 604 5735 750 5790; x_wconf 87' lang='lat' dir='ltr'><strong>runt,</strong></span> <span class='ocrx_word' id='word_1_800' title='bbox 781 5719 1314 5796; x_wconf 74' lang='lat' dir='ltr'><strong>quinquecivitates</strong></span> <span class='ocrx_word' id='word_1_801' title='bbox 1351 5720 1435 5775; x_wconf 91' lang='lat' dir='ltr'><strong>vel</strong></span> <span class='ocrx_word' id='word_1_802' title='bbox 1470 5719 1649 5789; x_wconf 80' lang='lat' dir='ltr'><strong>legem</strong></span> <span class='ocrx_word' id='word_1_803' title='bbox 1698 5719 1949 5796; x_wconf 84' lang='lat' dir='ltr'><strong>Domini,</strong></span> <span class='ocrx_word' id='word_1_804' title='bbox 1976 5736 2094 5796; x_wconf 74' lang='lat' dir='ltr'><strong>qna-</strong></span> <span class='ocrx_word' id='word_1_805' title='bbox 2123 5723 2174 5776; x_wconf 91' lang='lat' dir='ltr'><strong>in</strong></span> 
     </span>
    </p>
   </div>
   <div class='ocr_carea' id='block_1_106' title="bbox 601 5791 2175 5860">
    <p class='ocr_par' dir='ltr' id='par_1_106' title="bbox 601 5791 2175 5860">
     <span class='ocr_line' id='line_1_106' title="bbox 601 5791 2175 5860; baseline -0.004 -8"><span class='ocrx_word' id='word_1_806' title='bbox 601 5791 949 5854; x_wconf 59' lang='lat' dir='ltr'><strong>Alexandria</strong></span> <span class='ocrx_word' id='word_1_807' title='bbox 973 5793 1204 5860; x_wconf 85' lang='lat' dir='ltr'><strong>primum</strong></span> <span class='ocrx_word' id='word_1_808' title='bbox 1257 5793 1607 5858; x_wconf 87' lang='lat' dir='ltr'><strong>interpretata</strong></span> <span class='ocrx_word' id='word_1_809' title='bbox 1652 5801 1762 5856; x_wconf 90' lang='lat' dir='ltr'><strong>est,</strong></span> <span class='ocrx_word' id='word_1_810' title='bbox 1801 5791 1886 5847; x_wconf 90' lang='lat' dir='ltr'><strong>vel</strong></span> <span class='ocrx_word' id='word_1_811' title='bbox 1940 5794 2175 5856; x_wconf 83' lang='lat' dir='ltr'><strong>quinque</strong></span> 
     </span>
    </p>
   </div>
   <div class='ocr_carea' id='block_1_107' title="bbox 2279 4691 3862 4764">
    <p class='ocr_par' dir='ltr' id='par_1_107' title="bbox 2279 4691 3862 4764">
     <span class='ocr_line' id='line_1_107' title="bbox 2279 4691 3862 4764; baseline -0.003 -17"><span class='ocrx_word' id='word_1_812' title='bbox 2279 4693 2394 4764; x_wconf 89' lang='grc' dir='ltr'><strong>ρίου</strong></span> <span class='ocrx_word' id='word_1_813' title='bbox 2449 4694 2699 4759; x_wconf 86' lang='grc' dir='ltr'>Σαϐαὼθ,</span> <span class='ocrx_word' id='word_1_814' title='bbox 2754 4696 2848 4750; x_wconf 86' lang='grc' dir='ltr'><strong>τοῦ</strong></span> <span class='ocrx_word' id='word_1_815' title='bbox 2899 4696 3099 4750; x_wconf 83' lang='grc' dir='ltr'><strong>πάλαι.</strong></span> <span class='ocrx_word' id='word_1_816' title='bbox 3129 4695 3401 4758; x_wconf 81' lang='grc' dir='ltr'>Ἰουδαίοις</span> <span class='ocrx_word' id='word_1_817' title='bbox 3447 4691 3862 4764; x_wconf 78' lang='grc' dir='ltr'><strong>γνωριζομένου</strong></span> 
     </span>
    </p>
   </div>
   <div class='ocr_carea' id='block_1_108' title="bbox 2277 4773 3864 4857">
    <p class='ocr_par' dir='ltr' id='par_1_108' title="bbox 2277 4773 3864 4857">
     <span class='ocr_line' id='line_1_108' title="bbox 2277 4773 3864 4857; baseline -0.003 -20"><span class='ocrx_word' id='word_1_818' title='bbox 2277 4783 2431 4838; x_wconf 88' lang='grc' dir='ltr'><strong>Θεοῦ.</strong></span> <span class='ocrx_word' id='word_1_819' title='bbox 2469 4780 2635 4849; x_wconf 76' lang='grc' dir='ltr'><strong>Οὗτος</strong></span> <span class='ocrx_word' id='word_1_820' title='bbox 2661 4785 2718 4838; x_wconf 80' lang='grc' dir='ltr'>δὲ</span> <span class='ocrx_word' id='word_1_821' title='bbox 2761 4783 2829 4857; x_wconf 77' lang='grc' dir='ltr'><strong>ἦν</strong></span> <span class='ocrx_word' id='word_1_822' title='bbox 2856 4789 2884 4840; x_wconf 89' lang='grc' dir='ltr'>ὁ</span> <span class='ocrx_word' id='word_1_823' title='bbox 2931 4787 3024 4839; x_wconf 76' lang='grc' dir='ltr'><strong>ἐπὶ</strong></span> <span class='ocrx_word' id='word_1_824' title='bbox 3055 4785 3284 4857; x_wconf 81' lang='grc' dir='ltr'>νεφέλης</span> <span class='ocrx_word' id='word_1_825' title='bbox 3310 4783 3552 4853; x_wconf 83' lang='grc' dir='ltr'>κούφης,</span> <span class='ocrx_word' id='word_1_826' title='bbox 3585 4773 3748 4845; x_wconf 73' lang='grc' dir='ltr'><strong>οὗτος</strong></span> <span class='ocrx_word' id='word_1_827' title='bbox 3800 4778 3864 4833; x_wconf 75' lang='grc' dir='ltr'>δὲ</span> 
     </span>
    </p>
   </div>
   <div class='ocr_carea' id='block_1_109' title="bbox 2275 4869 3266 4949">
    <p class='ocr_par' dir='ltr' id='par_1_109' title="bbox 2275 4869 3266 4949">
     <span class='ocr_line' id='line_1_109' title="bbox 2275 4869 3266 4949; baseline 0.003 -19"><span class='ocrx_word' id='word_1_828' title='bbox 2275 4869 2343 4947; x_wconf 75' lang='grc' dir='ltr'><strong>ἦν</strong></span> <span class='ocrx_word' id='word_1_829' title='bbox 2369 4878 2398 4930; x_wconf 86' lang='grc' dir='ltr'><strong>ό</strong></span> <span class='ocrx_word' id='word_1_830' title='bbox 2431 4877 2770 4949; x_wconf 82' lang='grc' dir='ltr'>ἐπιδημήσας</span> <span class='ocrx_word' id='word_1_831' title='bbox 2804 4877 3036 4949; x_wconf 82' lang='grc' dir='ltr'><strong>Χριστὸς</strong></span> <span class='ocrx_word' id='word_1_832' title='bbox 3062 4878 3266 4941; x_wconf 76' lang='grc' dir='ltr'><strong>αὐτοῖς.</strong></span> 
     </span>
    </p>
   </div>
   <div class='ocr_carea' id='block_1_110' title="bbox 2351 4963 3867 5044">
    <p class='ocr_par' dir='ltr' id='par_1_110' title="bbox 2351 4963 3867 5044">
     <span class='ocr_line' id='line_1_110' title="bbox 2351 4963 3867 5044; baseline 0 -23"><span class='ocrx_word' id='word_1_833' title='bbox 2351 4988 2368 5020; x_wconf 87' lang='grc' dir='ltr'>ι</span> <span class='ocrx_word' id='word_1_834' title='bbox 2404 4971 2481 5042; x_wconf 77' lang='grc' dir='ltr'>Τῇ</span> <span class='ocrx_word' id='word_1_835' title='bbox 2535 4971 2716 5044; x_wconf 66' lang='grc' dir='ltr'><strong>ἡμέρᾳ.</strong></span> <span class='ocrx_word' id='word_1_836' title='bbox 2738 4971 2921 5042; x_wconf 80' lang='grc' dir='ltr'><strong>ἐκείνῃ</strong></span> <span class='ocrx_word' id='word_1_837' title='bbox 2946 4971 3099 5024; x_wconf 76' lang='grc' dir='ltr'><strong>ἔσται</strong></span> <span class='ocrx_word' id='word_1_838' title='bbox 3137 4969 3522 5039; x_wconf 84' lang='grc' dir='ltr'><strong>θυσιαστήριον</strong></span> <span class='ocrx_word' id='word_1_839' title='bbox 3559 4965 3637 5038; x_wconf 81' lang='grc' dir='ltr'><strong>τῷ</strong></span> <span class='ocrx_word' id='word_1_840' title='bbox 3666 4963 3867 5036; x_wconf 80' lang='grc' dir='ltr'><strong>Κυρίῳ</strong></span> 
     </span>
    </p>
   </div>
   <div class='ocr_carea' id='block_1_111' title="bbox 2273 5055 3868 5134">
    <p class='ocr_par' dir='ltr' id='par_1_111' title="bbox 2273 5055 3868 5134">
     <span class='ocr_line' id='line_1_111' title="bbox 2273 5055 3868 5134; baseline 0 -22"><span class='ocrx_word' id='word_1_841' title='bbox 2273 5060 2333 5114; x_wconf 84' lang='grc' dir='ltr'><strong>ὲν</strong></span> <span class='ocrx_word' id='word_1_842' title='bbox 2354 5060 2506 5133; x_wconf 68' lang='grc' dir='ltr'><strong>χώρᾳ</strong></span> <span class='ocrx_word' id='word_1_843' title='bbox 2538 5064 2870 5130; x_wconf 82' lang='grc' dir='ltr'><strong>Αἰγυπτίων,</strong></span> <span class='ocrx_word' id='word_1_844' title='bbox 2905 5063 3073 5134; x_wconf 85' lang='grc' dir='ltr'>στήλη</span> <span class='ocrx_word' id='word_1_845' title='bbox 3103 5062 3239 5133; x_wconf 81' lang='grc' dir='ltr'><strong>πρὸς</strong></span> <span class='ocrx_word' id='word_1_846' title='bbox 3271 5061 3331 5114; x_wconf 84' lang='grc' dir='ltr'><strong>τὸ</strong></span> <span class='ocrx_word' id='word_1_847' title='bbox 3377 5061 3523 5130; x_wconf 84' lang='grc' dir='ltr'><strong>ὃριον</strong></span> <span class='ocrx_word' id='word_1_848' title='bbox 3568 5059 3742 5127; x_wconf 73' lang='grc' dir='ltr'>αὐτῆς</span> 
     </span>
    </p>
   </div>
   <div class='ocr_carea' id='block_1_112' title="bbox 2273 5148 3869 5234">
    <p class='ocr_par' dir='ltr' id='par_1_112' title="bbox 2273 5148 3869 5234">
     <span class='ocr_line' id='line_1_112' title="bbox 2273 5148 3869 5234; baseline -0.004 -27"><span class='ocrx_word' id='word_1_849' title='bbox 2273 5154 2481 5226; x_wconf 82' lang='grc' dir='ltr'><strong>Κυρίῳ.</strong></span> <span class='ocrx_word' id='word_1_850' title='bbox 2524 5175 2542 5205; x_wconf 75' lang='grc' dir='ltr'>ι</span> <span class='ocrx_word' id='word_1_851' title='bbox 2569 5155 2958 5234; x_wconf 69' lang='grc' dir='ltr'><strong>ῌροξρητεύσας</strong></span> <span class='ocrx_word' id='word_1_852' title='bbox 2979 5157 3006 5206; x_wconf 90' lang='grc' dir='ltr'>ὁ</span> <span class='ocrx_word' id='word_1_853' title='bbox 3027 5153 3183 5223; x_wconf 86' lang='grc' dir='ltr'><strong>λόγος</strong></span> <span class='ocrx_word' id='word_1_854' title='bbox 3213 5153 3342 5224; x_wconf 78' lang='grc' dir='ltr'><strong>περὶ</strong></span> <span class='ocrx_word' id='word_1_855' title='bbox 3374 5151 3582 5214; x_wconf 87' lang='grc' dir='ltr'><strong>πόλεως</strong></span> <span class='ocrx_word' id='word_1_856' title='bbox 3615 5149 3753 5203; x_wconf 89' lang='grc' dir='ltr'><strong>Θεοῦ</strong></span> <span class='ocrx_word' id='word_1_857' title='bbox 3803 5148 3869 5201; x_wconf 73' lang='grc' dir='ltr'><strong>ὲν</strong></span> 
     </span>
    </p>
   </div>
   <div class='ocr_carea' id='block_1_113' title="bbox 2273 5239 3870 5318">
    <p class='ocr_par' dir='ltr' id='par_1_113' title="bbox 2273 5239 3870 5318">
     <span class='ocr_line' id='line_1_113' title="bbox 2273 5239 3870 5318; baseline -0.002 -21"><span class='ocrx_word' id='word_1_858' title='bbox 2273 5245 2535 5318; x_wconf 83' lang='grc' dir='ltr'><strong>Αἰγύπτῳ</strong></span> <span class='ocrx_word' id='word_1_859' title='bbox 2557 5249 2984 5318; x_wconf 82' lang='grc' dir='ltr'><strong>συστησομένης,</strong></span> <span class='ocrx_word' id='word_1_860' title='bbox 3032 5247 3127 5302; x_wconf 75' lang='grc' dir='ltr'>καὶ</span> <span class='ocrx_word' id='word_1_861' title='bbox 3153 5245 3262 5300; x_wconf 81' lang='grc' dir='ltr'><strong>τῶν</strong></span> <span class='ocrx_word' id='word_1_862' title='bbox 3293 5247 3350 5298; x_wconf 80' lang='grc' dir='ltr'><strong>ἐν</strong></span> <span class='ocrx_word' id='word_1_863' title='bbox 3381 5246 3448 5315; x_wconf 79' lang='grc' dir='ltr'><strong>τῇ</strong></span> <span class='ocrx_word' id='word_1_864' title='bbox 3493 5242 3648 5296; x_wconf 84' lang='grc' dir='ltr'>πόλει</span> <span class='ocrx_word' id='word_1_865' title='bbox 3672 5239 3870 5309; x_wconf 66' lang='grc' dir='ltr'>διαφό-</span> 
     </span>
    </p>
   </div>
   <div class='ocr_carea' id='block_1_114' title="bbox 2279 5334 3872 5411">
    <p class='ocr_par' dir='ltr' id='par_1_114' title="bbox 2279 5334 3872 5411">
     <span class='ocr_line' id='line_1_114' title="bbox 2279 5334 3872 5411; baseline -0.002 -21"><span class='ocrx_word' id='word_1_866' title='bbox 2279 5355 2385 5409; x_wconf 90' lang='grc' dir='ltr'><strong>ρων</strong></span> <span class='ocrx_word' id='word_1_867' title='bbox 2418 5340 2735 5411; x_wconf 84' lang='grc' dir='ltr'><strong>ταγμάτων,</strong></span> <span class='ocrx_word' id='word_1_868' title='bbox 2759 5341 3064 5404; x_wconf 84' lang='grc' dir='ltr'>ἀκολούθως</span> <span class='ocrx_word' id='word_1_869' title='bbox 3092 5338 3478 5410; x_wconf 86' lang='grc' dir='ltr'><strong>θυσιαστηρίου</strong></span> <span class='ocrx_word' id='word_1_870' title='bbox 3504 5338 3565 5390; x_wconf 84' lang='grc' dir='ltr'><strong>ὲν</strong></span> <span class='ocrx_word' id='word_1_871' title='bbox 3601 5337 3670 5408; x_wconf 78' lang='grc' dir='ltr'><strong>τῇ</strong></span> <span class='ocrx_word' id='word_1_872' title='bbox 3707 5334 3872 5388; x_wconf 82' lang='grc' dir='ltr'>πόλει</span> 
     </span>
    </p>
   </div>
   <div class='ocr_carea' id='block_1_115' title="bbox 2281 5580 3866 5653">
    <p class='ocr_par' dir='ltr' id='par_1_115' title="bbox 2281 5580 3866 5653">
     <span class='ocr_line' id='line_1_115' title="bbox 2281 5580 3866 5653; baseline -0.006 -14"><span class='ocrx_word' id='word_1_873' title='bbox 2281 5585 2540 5641; x_wconf 80' lang='lat' dir='ltr'><strong>Ecclesiae</strong></span> <span class='ocrx_word' id='word_1_874' title='bbox 2573 5583 2812 5646; x_wconf 82' lang='lat' dir='ltr'><strong>ordines,</strong></span> <span class='ocrx_word' id='word_1_875' title='bbox 2839 5583 3126 5652; x_wconf 83' lang='lat' dir='ltr'><strong>episcopos</strong></span> <span class='ocrx_word' id='word_1_876' title='bbox 3145 5622 3163 5650; x_wconf 83' lang='lat'><strong>,</strong></span> <span class='ocrx_word' id='word_1_877' title='bbox 3195 5580 3562 5653; x_wconf 47' lang='lat' dir='ltr'><strong>presbyterog</strong></span> <span class='ocrx_word' id='word_1_878' title='bbox 3578 5580 3866 5653; x_wconf 75' lang='lat' dir='ltr'><strong>diaconos,</strong></span> 
     </span>
    </p>
   </div>
   <div class='ocr_carea' id='block_1_116' title="bbox 2283 5647 3873 5722">
    <p class='ocr_par' dir='ltr' id='par_1_116' title="bbox 2283 5647 3873 5722">
     <span class='ocr_line' id='line_1_116' title="bbox 2283 5647 3873 5722; baseline -0.004 -14"><span class='ocrx_word' id='word_1_879' title='bbox 2283 5655 2468 5711; x_wconf 82' lang='lat' dir='ltr'><strong>ﬁdeles</strong></span> <span class='ocrx_word' id='word_1_880' title='bbox 2528 5664 2582 5709; x_wconf 88' lang='lat' dir='ltr'><strong>et</strong></span> <span class='ocrx_word' id='word_1_881' title='bbox 2614 5647 3056 5722; x_wconf 75' lang='lat' dir='ltr'><strong>catechumenos,</strong></span> <span class='ocrx_word' id='word_1_882' title='bbox 3095 5671 3116 5708; x_wconf 73' lang='grc' dir='ltr'><strong>ι</strong></span> <span class='ocrx_word' id='word_1_883' title='bbox 3147 5647 3241 5708; x_wconf 79' lang='lat' dir='ltr'><strong>ubi</strong></span> <span class='ocrx_word' id='word_1_884' title='bbox 3291 5647 3476 5722; x_wconf 74' lang='lat' dir='ltr'><strong>aperte</strong></span> <span class='ocrx_word' id='word_1_885' title='bbox 3522 5647 3741 5707; x_wconf 83' lang='lat' dir='ltr'><strong>Eusebii</strong></span> <span class='ocrx_word' id='word_1_886' title='bbox 3786 5648 3873 5703; x_wconf 77' lang='lat' dir='ltr'><strong>in-</strong></span> 
     </span>
    </p>
   </div>
   <div class='ocr_carea' id='block_1_117' title="bbox 2285 5726 2724 5797">
    <p class='ocr_par' dir='ltr' id='par_1_117' title="bbox 2285 5726 2724 5797">
     <span class='ocr_line' id='line_1_117' title="bbox 2285 5726 2724 5797; baseline 0 -18"><span class='ocrx_word' id='word_1_887' title='bbox 2285 5734 2571 5797; x_wconf 86' lang='lat' dir='ltr'><strong>terpretem</strong></span> <span class='ocrx_word' id='word_1_888' title='bbox 2595 5726 2724 5796; x_wconf 76' lang='lat' dir='ltr'><strong>agit.</strong></span> 
     </span>
    </p>
   </div>
  </div>
