4158 6402
346 234 454 292 955

1298 228 1803 287 COMMENTARIA
1844 229 1911 285 IN
1949 229 2207 287 ISAIAM.
2248 261 2318 271 —
2351 228 2504 287 CAP.
2544 228 2690 286 XIX.

3508 222 3617 290 284

339 351 436 406 τοῦ
471 348 609 404 Θεοῦ
643 349 1008 422 γενησομένου
1040 347 1391 422 μνημονεύει,
1410 349 1504 403 καὶ
1534 347 1691 403 τοῦτο
1712 347 1929 402 ἔσεσθαι

2042 356 2136 413 rat,
2168 346 2310 416 quod
2349 347 2510 403 modo
2549 362 2809 418 perquam
2856 346 3088 403 mirabili
3126 346 3254 404 fore
3297 346 3447 405 dicit.
3480 347 3617 407 Nam

341 442 681 516 παραδόξως.
704 442 824 496 Τῶν
849 444 957 514 γὰρ
983 441 1150 496 πάλαι
1180 443 1309 513 παρ’
1353 440 1669 510 Αἰγυπτίοις
1717 439 1931 511 νομιζο-

2042 454 2155 493 num
2186 439 2259 492 illi
2286 437 2420 494 olim
2448 439 2586 510 apud
2626 438 2915 512 Egyptios
2957 440 3190 509 reputati
3219 440 3293 495 dii
3335 440 3615 512 perierint,

346 535 525 607 μένων
559 534 696 588 θεῶν
733 533 1112 598 ἀπολωλότων,
1161 533 1257 587 καὶ
1288 530 1385 586 τοῦ
1446 528 1695 603 ποταμοῦ
1751 529 1933 585 αὐτῶν

2042 532 2232 587 lluinen
2261 531 2499 602 ipsorum
2530 531 2814 598 defecerit,
2836 531 3111 604 principes
3137 531 3350 589 Tancos
3375 542 3430 588 et
3454 532 3619 588 Mem-

342 627 719 692 ἐκλελοιπότος
737 667 751 693 ,
783 628 877 680 καί
905 627 1012 681 τῶν
1057 625 1332 698 ἀρχόντων
1370 623 1591 688 Τάνεως
1632 626 1727 678 καὶ
1780 623 1935 694 Μέμ-

345 737 493 791 φεως
530 720 1069 793 ἀπομωρανθέντων,
1115 720 1178 772 τὸ
1206 721 1335 792 παρ’
1374 718 1648 782 Ἰουδαίοις
1671 716 1934 790 ὀνομαζὸ-

348 827 511 883 μενον
555 810 744 882 Κυρίῳ
792 809 1179 882 θυσιαστήριόν
1207 826 1342 881 φησι
1366 808 1765 880 συστήσεσθαι·
1796 808 1825 861 ὂ
1868 808 1935 879 δὴ

346 903 444 957 καὶ
470 905 506 975 ἡ
538 902 647 957 τῶν
681 904 1025 976 πραγμάτων
1069 902 1294 969 ἔκϐασις
1332 903 1636 974 ὀφθαλμοῖς
1670 905 1801 975 ἡμῖν
1839 903 1937 956 αύ-

345 995 462 1058 τοῖς
510 993 783 1073 δείκνυσιν
810 1007 825 1023 ⁸
883 993 960 1058 ὼς
1020 995 1219 1066 μηκέτι
1278 997 1360 1059 εἰς
1419 994 1682 1067 μέλλοντα
1746 994 1938 1067 καιρὸν

349 1087 655 1161 προσδοκᾷν
679 1087 772 1142 τοῦ
815 1088 976 1158 λόγου
1001 1089 1062 1143 τὸ
1094 1088 1461 1160 ἀποτέλεσμα.
1481 1088 1594 1160 (26)
1637 1090 1724 1153 Ὠς
1757 1088 1815 1141 δὲ
1840 1087 1940 1160 μία

349 1181 532 1246 πίστις
570 1182 661 1235 καὶ
696 1181 754 1234 ἓν
781 1182 1063 1254 βάπτισμα
1094 1184 1189 1236 καὶ
1225 1182 1325 1254 μία
1369 1180 1669 1254 Ἐκκλησία
1694 1180 1937 1254 εἴρηται,

348 1274 492 1328 οὕτω
524 1274 618 1328 καὶ
648 1274 1036 1348 θυσιαστήριον
1078 1275 1137 1329 ἓν
1178 1275 1300 1331 καθ’
1329 1275 1457 1346 ὅλης
1510 1275 1609 1346 τῆς
1660 1274 1938 1343 Αἰγύπτου

351 1367 719 1441 ἐγηγερμένον
748 1370 804 1422 ὲν
841 1372 959 1434 ταῖς
983 1369 1300 1439 ἐκκλησίαις
1314 1369 1409 1423 τοῦ
1422 1368 1558 1423 Θεοῦ
1581 1368 1941 1440 θυσιαστήρια

348 1460 627 1530 τυγχάνει,
685 1459 778 1513 καὶ
810 1459 910 1531 μία
954 1459 1018 1529 δὴ
1054 1459 1166 1531 (27)
1198 1460 1368 1529 στήλη
1396 1461 1584 1531 γραφὴ
1614 1458 1711 1512 σὺν
1742 1457 1821 1530 τῷ
1851 1458 1943 1512 θυ-

353 1548 655 1624 σιαστηρίῳ
682 1553 740 1606 ὲν
780 1551 1083 1622 δηλωθείσῃ
1128 1550 1284 1604 πόλει
1317 1551 1570 1621 συνέστη,
1635 1549 1943 1622 διορίζουσα

2038 625 2204 694 pheos
2226 625 2472 680 infatuati
2498 624 2719 691 fuerint,
2746 635 2873 682 tunc
2891 626 3065 681 altare
3092 627 3234 696 apud
3262 611 3476 683 Iudwos
3512 627 3620 683 Do-

2039 718 2186 771 mino
2235 724 2639 786 nuncupatum,
2678 718 3118 773 constituendum
3177 719 3294 775 fore
3337 717 3621 790 ait,quod

2037 820 2169 861 sane
2202 807 2277 860 rei
2313 814 2544 861 eventus
2569 806 2725 861 nobis
2754 807 2824 861 ob
2853 805 3042 862 oculos
3069 807 3258 878 ponit;
3284 808 3357 863 ita
3393 816 3453 863 ut
3485 808 3618 862 dicti
3720 842 3723 845 ν

2039 899 2490 968 complementum
2543 897 2609 953 ad
2656 896 2894 952 futurum
2936 908 3148 968 tempus
3186 915 3294 954 non
3335 910 3619 970 exspecte-

2044 1006 2184 1045 mus.
2222 989 2686 1058 Quemadmodum
2722 1000 2901 1045 autem
2919 1005 3024 1045 una
3057 990 3213 1057 ﬁdes,
3246 1008 3410 1047 unum
3443 990 3624 1063 baptid

2042 1097 2178 1149 sma,
2215 1091 2271 1137 et
2305 1097 2412 1137 una
2440 1080 2680 1137 Ecclesia
2716 1081 2948 1148 dicitur,
2978 1082 3057 1138 sic
3079 1093 3134 1140 et
3156 1083 3348 1139 altaria
3387 1083 3622 1156 plurima

2042 1175 2095 1228 in
2134 1182 2245 1229 tota
2272 1172 2507 1243 IEgypto
2531 1171 2843 1235 constituta,
2872 1186 2971 1242 pro
3006 1188 3111 1227 uno
3142 1171 3298 1227 altari
3338 1174 3393 1227 in
3432 1171 3624 1228 Eccle-

2043 1266 2139 1322 siis
2187 1264 2278 1320 Dei
2332 1264 2632 1320 constituto
2666 1263 2914 1318 habenda
2952 1272 3111 1328 sunt,
3142 1273 3198 1320 et
3226 1278 3332 1319 una
3372 1258 3622 1320 columna

2042 1360 2157 1414 sive
2198 1358 2387 1428 cippus
2428 1370 2550 1411 cum
2595 1355 2754 1410 altari
2800 1355 2853 1409 iu
2892 1354 2981 1409 illa
3017 1355 3243 1412 civitate
3287 1356 3465 1427 posita
3505 1364 3622 1422 est,

2044 1449 2231 1506 ﬁdeles
2275 1444 2560 1521 Egyptios
2598 1446 2667 1503 ab
2703 1439 3008 1504 intidclibus
3052 1461 3349 1519 segregans
3380 1462 3448 1504 ac
3484 1447 3626 1503 divid

2046 1547 2198 1603 dens.
2230 1545 2401 1618 Regio
2427 1545 2593 1617 igitur
2620 1544 2709 1599 illa
2744 1543 3079 1615 Judzuorum,
3105 1562 3226 1618 qua:
3263 1547 3317 1603 in
3356 1559 3624 1605 terrorem

351 1648 477 1710 τοὺς
509 1646 736 1710 πιστοὺς
754 1644 870 1698 τῶν
902 1643 1237 1714 Αἰγυπτίων,
1268 1643 1365 1696 καί
1396 1643 1730 1716 ἀφορίζουσα
1744 1643 1940 1709 αὐτοὺς

2045 1640 2319 1712 Λῖίζγιιιίἱε
2341 1639 2520 1695 futura
2551 1638 2771 1703 dicitur,
2809 1631 3086 1694 Judaicam
3132 1637 3444 1695 subindicat
3478 1640 3627 1698 Scri~

350 1706 746 1792 τῶν-ἀπίστων.
795 1737 859 1790 Ἦ
891 1706 995 1808 μὲν⁷
1012 1731 1105 1790 οὖν
1138 1706 1396 1808 ἀνωτέρω
1425 1706 1805 1807 εἰς’φόόητρον
1825 1706 1937 1799 τοῖς

2044 1741 2293 1804 pturam,
2330 1747 2394 1786 ac
2445 1730 2657 1788 Veteris
2697 1730 3032 1787 Testamenti
3082 1732 3342 1798 verbum;
3375 1732 3626 1789 columna

351 1830 668 1898 Αἰγυπτίοις
712 1828 931 1883 ἔσεσθαι
977 1828 1244 1899 λεγομένη
1286 1826 1442 1899 χώρα
1492 1825 1601 1881 τῶν
1648 1825 1934 1891 Ἰουδαίων,

352 1922 451 1995 τὴν
485 1921 780 1994 Ἰουδαῖκὴν
802 1920 1098 1976 αἰνίττεται
1122 1920 1363 1991 Γραφὴν,
1391 1920 1487 1974 καὶ
1525 1919 1618 1973 τὸν
1668 1918 1769 1990 τῆς
1820 1919 1936 1972 Πα-

351 2012 510 2078 λαιᾶς
540 2013 815 2084 Διαθήκης
838 2012 995 2081 λόγον
1018 2028 1032 2042 ·
1055 2012 1088 2082 ἡ
1112 2011 1171 2064 δὲ
1196 2011 1275 2083 τῷ
1304 2010 1540 2083 Χριστοῦ
1561 2009 1934 2081 θυσιαστηρίῳ

2043 1839 2174 1881 vero
2206 1840 2327 1879 cum
2349 1822 2550 1879 Christi
2591 1823 2747 1879 altari
2780 1822 3087 1893 conjuncta,
3117 1821 3250 1879 Novi
3298 1815 3629 1881 Testamenti

2044 1916 2395 1989 Evangelium
2442 1915 2864 1981 fuerit,Christi
2914 1916 3100 1973 ﬁdeles
3132 1933 3200 1972 ex
3250 1911 3521 1989 Egyptiis
3556 1918 3629 1972 ab

2041 2008 2348 2063 infidelibus
2371 2007 2775 2063 disterminans.

355 2107 755 2180 συνεζευγμένη
786 2106 956 2178 στήλη
985 2105 1046 2159 τὸ
1077 2106 1177 2177 τῆς
1206 2106 1416 2178 Καινῆς
1444 2104 1719 2178 Διαθήκης
1752 2104 1838 2177 εἴη
1872 2106 1937 2159 ἂν
1978 2102 2329 2173 Εὐαγγέλιον,
2357 2099 2591 2175 διορίζον
2648 2101 2776 2166 τοὺς
2838 2101 2918 2167 εἰς
2973 2099 3066 2156 τὸν
3114 2100 3348 2176 Χριστὸν
3413 2099 3632 2158 πιστεύ⁶

355 2220 551 2267 σαντας
565 2201 673 2255 τῶν
695 2199 1005 2269 Αἰγυπτίων
1032 2199 1140 2254 ἀπὸ
1162 2199 1272 2253 τῶν
1297 2199 1566 2254 ἀπίστων.

429 2312 450 2346 ι
489 2292 600 2347 Καὶ
651 2291 801 2345 ἔσται
850 2293 931 2355 εἰς
982 2293 1207 2363 σημεῖον
1240 2291 1321 2356 εἰς
1346 2291 1437 2345 τὺν
1472 2290 1644 2345 αἰῶνα
1665 2290 1854 2363 Κυρίῳ
1880 2291 1940 2344 ὲν
2018 2310 2033 2325 υ

353 2384 510 2458 χώρα
542 2385 843 2455 Αἰγύπτου,
868 2384 951 2437 ὅτι
980 2382 1338 2456 κεκράξονται
1406 2383 1542 2460 πρὸς
1594 2382 1800 2456 Κύριον
1852 2381 1940 2436 διὰ

348 2479 476 2542 τοὺς
498 2478 778 2541 θλίϐοντας
805 2476 1024 2540 αύτούς.
1049 2478 1162 2531 Καὶ
1185 2477 1474 2532 ἀποστελεῖ
1498 2477 1684 2542 αὐτοῖς
1725 2475 1937 2549 ἄνθρω-

352 2586 454 2623 πον
510 2567 570 2634 ὃς
628 2566 790 2622 σώσει
847 2568 1076 2638 αύτούςο
1126 2567 1327 2641 κρίνων
1362 2567 1526 2623 σώσει
1546 2570 1766 2633 αύτούς.
1827 2569 1940 2624 Καὶ

350 2661 592 2731 γνωστὸς
615 2660 766 2715 ἔσται
795 2660 995 2734 Κύριος
1020 2663 1132 2726 τοῖς
1158 2663 1492 2733 Αἰγυπτίοις,
1516 2662 1611 2718 καὶ
1637 2660 1937 2733 γνώσονται

351 2756 402 2808 οἱ
438 2754 724 2824 Αἰγύπτιοι
773 2754 864 2807 τὸν
929 2755 1134 2827 Κύριον
1191 2755 1251 2808 έν
1294 2757 1360 2827 τῇ
1407 2753 1591 2827 ἡμέρα
1616 2752 1938 2828 ὲκείνῃ,καὶ

353 2849 639 2919 ποιήσουσι
668 2845 857 2900 θυσίαν
880 2847 974 2901 καὶ
1006 2845 1200 2919 δῶρον,
1225 2847 1319 2902 καὶ
1351 2846 1597 2913 εὔξονται
1636 2844 1805 2917 εὐχὰς
1856 2844 1935 2916 τῷ

353 2939 564 3011 Κυρίῳ,
595 2937 689 2992 καὶ
740 2936 1101 2992 ἀποδώσουσι.
1141 2956 1162 2990 ι
1209 2937 1301 2992 Διὸ
1351 2936 1428 3009 τῷ
1491 2935 1703 3008 σημείῳ
1760 2934 1935 3006 τούτῳ

2118 2291 2283 2347 Vsus.
2313 2291 2405 2359 20,
2426 2290 2520 2345 21.
2554 2306 2575 2342 ι
2617 2287 2683 2342 Ει
2705 2285 2811 2343 erit
2841 2286 2894 2341 in
2916 2286 3129 2358 signum
3160 2286 3215 2342 iu
3244 2287 3501 2344 saeculum
3524 2286 3631 2341 Doa

2044 2388 2191 2442 mino
2217 2385 2271 2441 in
2302 2384 2520 2456 regione
2540 2380 2781 2454 Egypti,
2805 2371 3061 2448 quoniam
3087 2378 3402 2435 clamabunt
3425 2379 3493 2433 ad
3525 2378 3633 2434 Dio-

2042 2482 2246 2537 minum
2285 2487 2506 2550 propter
2536 2475 2905 2545 opprimentes
2949 2485 3065 2527 eos.
3100 2470 3169 2526 Et
3211 2471 3389 2527 mittet
3420 2472 3502 2529 eis
3534 2472 3635 2529 ho-

2043 2574 2267 2637 minem,
2310 2569 2401 2641 qui
2434 2566 2665 2625 salvabit
2682 2580 2813 2633 eos;
2847 2564 3101 2636 judicans
3144 2563 3375 2619 salvabit
3406 2579 3523 2620 eos.
3563 2565 3634 2620 Et

2042 2678 2203 2723 noms
2238 2663 2344 2721 erit
2382 2660 2647 2718 Dominus
2674 2657 2964 2730 .lEgyptiis,
2995 2665 3049 2712 et
3099 2665 3427 2727 cognoscent
3458 2655 3633 2730 Egy-s

2044 2758 2140 2829 ptii
2184 2755 2468 2811 Dominum
2514 2751 2568 2808 in
2623 2752 2710 2807 die
2739 2751 2848 2818 illa,
2896 2759 2954 2804 et
2986 2748 3188 2804 facient
3220 2747 3550 2805 sacrificium
3579 2758 3637 2804 ct

2042 2852 2267 2918 donum,
2316 2860 2372 2905 et
2418 2847 2689 2902 vovebunt
2742 2855 2868 2900 vota
2918 2841 3167 2908 Domino,
3214 2850 3269 2898 et
3319 2842 3565 2902 reddent.
3606 2861 3629 2894 ι

2043 2942 2427 3012 Quamobrem,
2460 2954 2601 2995 cum.
2626 2938 2731 2994 hoc
2757 2936 2914 3007 signo
2941 2951 3063 2993 sese
3092 2935 3304 2991 munire
3342 2935 3637 2992 didicerint

356 3028 905 3101 κατασφραγίζεσθαι
941 3030 1320 3103 μεμαθηκότες
1349 3031 1399 3083 οἰ
1420 3029 1511 3083 τὸν
1536 3030 1740 3102 Κύριον
1762 3046 1940 3101 παρα-

2043 3033 2308 3108 ΔΕιινιιιίἰ,
2334 3033 2428 3104 qui
2454 3030 2738 3088 Dominum
2776 3038 3149 3100 susceperunt,
3179 3030 3282 3085 hoc
3336 3036 3638 3085 tutamenta

352 3119 662 3191 δεδεγμένοι
690 3119 979 3189 Αἰγύπτιοι
1013 3120 1368 3191 φυλακτηρίῳ
1398 3118 1573 3192 τούτῳ
1605 3120 1903 3192 κέχρηνται
1923 3136 1937 3149 ο

355 3209 493 3266 ὥστε
522 3212 617 3265 καὶ
648 3212 706 3265 ὲν
738 3215 859 3276 ταῖς
892 3211 1133 3283 θλίψεσιν
1157 3211 1308 3284 αὐτῷ
1341 3212 1554 3284 σημείῳ
1587 3211 1769 3284 βοηθῷ
1796 3211 1942 3285 χρώ-ο

357 3319 505 3357 aevo:
549 3302 785 3374 ἀναὸοᾷν
823 3303 917 3356 καὶ
936 3303 1314 3358 ἐπικαλεῖσθαι
1350 3304 1443 3358 τὸν
1475 3302 1679 3377 Κύριον
1699 3302 1787 3358 διὰ
1813 3303 1942 3369 τοὺς

352 3395 726 3460 διαθλίόοντας
758 3393 975 3460 αὐτούς.
1015 3397 1173 3461 Τίνες
1192 3396 1248 3449 δὲ
1275 3392 1415 3468 ἦσαν
1437 3391 1601 3461 οὗτοι,
1635 3395 1748 3450 ἀλλ’
1803 3395 1837 3466 ἢ
1890 3395 1941 3449 οἱ

352 3486 749 3555 ἀπομείνανεες
774 3489 841 3558 τῇ
869 3486 1115 3559 ἀπωλείᾳ
1148 3487 1438 3556 Αἰγύπτιοι
1460 3527 1477 3551 ,
1524 3487 1652 3559 περί
1700 3480 1775 3541 ὧν
1818 3489 1940 3541 κατ’

352 3580 528 3651 ἀρχὰς
570 3578 786 3649 ἐλέγετο
834 3580 933 3650 τῆς
990 3580 1347 3651 προφητείας,
1410 3599 1430 3632 ι
1467 3581 1578 3634 Kat
1635 3581 1943 3652 ἐπαναστή-

356 3689 540 3726 σονται
571 3672 859 3742 Αἰγύπτιοι
900 3672 1040 3745 πρὸς
1100 3673 1449 3742 Αἰγυπτίους,
1503 3673 1600 3727 καὶ
1642 3674 1939 3746 πολεμήσει

355 3764 644 3833 ἄνθρωπος
672 3764 763 3819 τὸν
792 3765 1020 3835 ἀδελφὸν
1052 3764 1242 3828 αὑτοῦ,
1274 3765 1427 3831 πόλις
1462 3766 1555 3820 ἐπὶ
1613 3766 1792 3831 πόλιν,
1846 3768 1939 3821 καὶ

358 3859 520 3930 νομὸς
546 3860 640 3913 ἐπὶ
670 3859 852 3931 νομόν.
898 3878 917 3910 ι

433 3971 452 4004 ι
487 3953 599 4006 Καὶ
630 3951 858 4016 παταξει
885 3953 1089 4025 Κύριος
1116 3952 1242 4016 τοὺς
1268 3950 1599 4021 Αἰγυπτίους
1634 3949 1817 4023 πληγῇ
1844 3950 1940 4005 καὶ

359 4043 569 4097 ἰάσεται
619 4044 849 4108 αὐτούς’
885 4044 980 4098 καὶ
995 4044 1496 4117 ἐπιστραφήσονται
1530 4040 1669 4116 πρὸς
1710 4042 1937 4115 Κύριον,

358 4135 455 4191 καὶ
477 4135 857 4190 εἰσακούσεται
890 4135 1094 4198 αὐτῶν,
1130 4135 1225 4189 καὶ
1251 4134 1464 4189 ίάσεται
1492 4133 1688 4199 αὐτοὺς
1723 4134 1882 4189 ἰάσει.
1913 4152 1932 4186 ι

371 4228 522 4283 Ἐπεὶ
552 4228 660 4300 γάρ
685 4247 703 4279 ι
729 4227 789 4284 ὃν
823 4230 1016 4300 ἀγαπᾷ
1046 4228 1250 4300 Κύριος
1270 4267 1285 4293 ,
1316 4227 1410 4281 καὶ
1442 4225 1711 4280 παιδεύει·
1748 4243 1940 4298 μαστι-

358 4323 446 4389 γοῖ
467 4321 525 4374 δὲ
576 4320 753 4375 πάντα
785 4322 921 4387 υἱὸν,
955 4323 1015 4376 ὃν
1061 4321 1425 4395 παραδέχεται
1448 4336 1462 4349 ·
1490 4339 1509 4370 ι
1557 4319 1782 4384 εἰκότως
1844 4319 1938 4375 καὶ

2045 3136 2303 3193 utentur;
2333 3126 2410 3181 ita
2446 3134 2505 3178 ut
2543 3123 2598 3180 in
2652 3122 2914 3179 aerumnis
2958 3123 3148 3179 eodem
3178 3123 3334 3192 signo
3356 3135 3455 3193 pro
3482 3119 3638 3192 adju-

2047 3231 2163 3276 tore
2211 3217 2316 3284 nsi,
2346 3215 2582 3271 clament
2611 3224 2670 3271 et
2721 3215 2979 3271 invocent
3030 3213 3322 3271 Dominum
3376 3213 3640 3270 adversus

2043 3326 2137 3368 eos
2205 3313 2295 3382 qui
2334 3326 2394 3368 se
2450 3308 2776 3381 oppriment.
2826 3306 3058 3374 Quinam
3093 3315 3291 3362 .autem
3340 3304 3417 3361 illi
3455 3316 3636 3370 erant,

2043 3404 2148 3459 nisi
2174 3404 2208 3459 ii
2239 3404 2332 3475 qui
2361 3404 2414 3459 in
2445 3401 2686 3474 pernicie
2711 3409 3032 3457 manserunt
3060 3398 3325 3471 Egyptii,
3345 3397 3413 3454 de
3442 3397 3639 3468 quibus

2043 3496 2097 3552 in
2128 3496 2424 3567 prophetia:
2447 3495 2602 3551 initio
2627 3493 2928 3560 dicebatur,
2950 3510 2969 3543 ι
2993 3491 3064 3547 Ει
3108 3489 3639 3562 insurgenUEgyptii

2042 3595 2231 3643 contra
2259 3584 2573 3659 Egyptios,
2589 3596 2645 3642 et
2674 3584 2895 3641 bellabit
2932 3583 3098 3640 homo
3122 3581 3385 3636 adversus
3415 3581 3638 3636 fratrem

2041 3692 2221 3744 suum,
2278 3679 2468 3733 civitas
2497 3677 2759 3733 adversus
2789 3674 3063 3732 civitatem
3083 3715 3098 3741 ,
3121 3681 3180 3729 et
3220 3686 3418 3730 nomus
3444 3673 3640 3728 adven

2041 3783 2135 3825 SIIS
2160 3784 2401 3824 nonnum.
2446 3789 2464 3822 Ι

2115 3954 2276 4012 Vens.
2300 3950 2393 4009 εε.
2412 3972 2431 4005 ι
2451 3953 2517 4007 Ει
2547 3950 2816 4022 percutiet
2834 3949 3093 4007 Dominus
3120 3948 3411 4023 Egyptios
3432 3949 3588 4022 plaga
3613 3984 3632 4013 ,

2041 4059 2097 4113 et
2127 4046 2342 4103 sanabit
2381 4059 2497 4102 eos.
2548 4044 2616 4099 Et
2672 4051 3056 4099 convertentur
3100 4042 3169 4097 ad
3223 4039 3535 4107 Dominum,
3577 4053 3636 4097 et

2040 4137 2292 4194 exaudiet
2316 4151 2432 4203 eos,
2464 4145 2521 4192 et
2554 4135 2775 4193 sanabit
2810 4149 2906 4191 eos
2942 4133 3249 4190 sanatione.
3277 4152 3298 4189 ι
3329 4133 3463 4203 Quia
3486 4132 3634 4190 enim

2047 4248 2066 4282 ι
2109 4245 2268 4302 quem
2299 4228 2470 4301 diligit
2499 4228 2662 4294 Deus,
2698 4229 2972 4298 castigat;
3011 4225 3249 4299 ﬂagellat
3291 4237 3474 4284 autem
3514 4240 3635 4282 oma-
3700 4248 3703 4251 π

2041 4339 2167 4380 nem
2200 4323 2391 4388 ﬁlium,
2416 4335 2578 4391 quem
2616 4320 2848 4390 suscipit
2874 4322 2930 4389 ¹;
2970 4339 2991 4373 ι
3030 4319 3153 4390 jure
3181 4317 3469 4391 Egyptios
3503 4312 3657 4389 per-'

355 4412 482 4475 τοὺς
514 4413 843 4481 Αἰγυπτίους
878 4416 1146 4468 πατάσσει
1170 4411 1420 4482 ἀγαπῶν,
1445 4410 1664 4465 ἐπειδὰν
1693 4411 1753 4464 ὲν
1783 4411 1940 4483 χρείᾳ

2043 4417 2237 4483 cntiet,
2282 4414 2387 4472 etsi
2417 4413 2626 4486 diligat,
2649 4412 2696 4469 si
2726 4412 2947 4483 quando
3003 4412 3363 4484 castigatione
3400 4416 3459 4467 et
3496 4424 3633 4466 cons

359 4501 614 4569 γίνωνται
634 4503 882 4568 παιδείας
915 4504 1008 4558 καὶ
1038 4502 1393 4576 ἐπιστροφῆς,
1427 4501 1542 4556 ἀλλ’
1586 4502 1688 4555 ούκ
1717 4502 1799 4565 εἰς
1830 4520 1938 4574 μα-

360 4593 533 4667 κράν·
591 4594 757 4666 μηδὲν
807 4594 863 4648 δὲ
911 4594 1281 4668 ὑπερθέμενος
1334 4595 1477 4648 ίᾶται
1534 4596 1600 4666 τῇ
1647 4592 1812 4648 αὐτοῦ
1859 4594 1940 4649 ίά-

365 4702 467 4739 σει.

438 4797 457 4829 ι
487 4779 566 4850 Τῇ
626 4778 809 4851 ἡμέρα
859 4778 1045 4853 ἐκείνῃ
1101 4775 1254 4831 ἔσται
1299 4776 1419 4841 ὁδὸς
1464 4776 1741 4847 Αἰγύπτου
1803 4777 1940 4850 πρὸς

372 4869 706 4941 Ἀσσυρίους,
738 4871 833 4924 καὶ
872 4869 1274 4924 εἰσελεύσονται
1318 4868 1594 4942 Ἀσσύριοι
1646 4869 1785 4943 πρὸς
1841 4869 1939 4924 Αἴ-

360 4976 585 5029 γυπτον,
612 4965 707 5017 καὶ
734 4963 1020 5033 Αἰγύπτιοι
1048 4962 1404 5034 πορεύσονται
1427 4961 1564 5033 πρὸς
1600 4961 1939 5034 Ἀσσυρίους,

360 5053 454 5106 καὶ
474 5053 844 5111 δουλεύσουσιν
872 5055 1160 5125 Αἰγύπτιοι
1201 5056 1314 5118 τοῖς
1352 5053 1709 5127 Ἀσσυρίοις.»
1744 5054 1941 5123 ,Ἀσσυ-

363 5144 511 5215 ρίους
535 5145 591 5198 δὲ
620 5146 857 5202 ἐνταῦθα
880 5143 1033 5220 οἶμαι
1062 5146 1247 5202 καλεῖν
1290 5145 1390 5219 τὴν
1424 5143 1648 5218 Γραφὴν
1666 5147 1796 5210 τοὺς
1829 5146 1926 5200 νῦν

359 5234 728 5307 καλουμένους
752 5236 957 5309 Σύρους
975 5255 989 5270 ·
1025 5236 1167 5293 κατά
1185 5238 1248 5293 τὸ
1264 5238 1430 5293 πάλαι
1458 5237 1517 5291 δὲ
1537 5238 1588 5291 oi
1617 5235 1717 5308 τὴν
1740 5236 1938 5306 Συρίαν

432 5350 450 5382 ³
484 5348 648 5405 llcbr.
683 5367 780 5419 xu,
805 5357 858 5410 6.

432 5461 545 5534 (26)
592 5483 610 5517 ι
662 5466 738 5519 Ita
768 5476 946 5521 autem
984 5483 1147 5522 unum
1189 5469 1360 5525 altare
1399 5466 1620 5528 dicitur,
1666 5464 1939 5534 quomodo

361 5550 483 5608 una
520 5536 675 5608 tides,
700 5546 755 5590 et
804 5551 969 5590 unum
1016 5540 1304 5608 baptisma,
1335 5549 1387 5592 et
1432 5552 1556 5608 una?
1581 5535 1841 5608 Ecclesia.
1873 5535 1943 5589 Et

363 5604 565 5678 titulus
583 5604 1228 5678 juxtauterminnm’ejns
1263 5608 1510 5673 Domino,
1549 5607 1691 5661 haud
1719 5606 1940 5678 dubium

362 5676 494 5746 quin
526 5675 947 5746 Evangeliumet
970 5675 1340 5747 apostolorum
1373 5679 1575 5749 scripta
1614 5675 1934 5748 significet.»

570 5794 845 5857 Panos.
889 5770 1006 5855 Cn.
1054 5775 1286 5856 XXIV.

2041 4508 2293 4564 versione
2345 4520 2483 4578 opus
2528 4504 2808 4571 habeant;
2846 4505 2940 4560 sed
2989 4504 3044 4560 id
3082 4520 3188 4561 non
3226 4505 3293 4560 ad
3320 4503 3634 4559 diuturnum

2045 4608 2257 4671 tempus
2290 4598 2490 4666 faciet;
2519 4612 2585 4653 ac
2610 4597 2745 4652 nihil
2776 4596 3262 4667 comperendinans
3297 4594 3636 4652 curationem

2045 4700 2100 4746 et
2130 4689 2395 4745 medelam
2426 4689 2727 4746 adhibebit.

2117 4780 2283 4837 Vens.
2305 4780 2396 4836 25.
2423 4800 2442 4834 ι
2476 4782 2532 4837 lu
2559 4782 2647 4838 die
2681 4782 2771 4837 illa
2798 4781 2906 4838 erit
2927 4781 3013 4836 via
3035 4779 3256 4860 Egypti
3276 4781 3343 4835 ad
3360 4779 3635 4853 Assyrios,

2046 4881 2104 4928 et
2158 4872 2530 4943 iugredientur
2572 4874 2779 4946 Assyrii
2816 4876 2870 4928 in
2916 4871 3211 4946 Egyptum
3237 4913 3252 4940 ,
3291 4881 3347 4929 et
3389 4870 3637 4945 [Egyptii

2046 4962 2205 5021 ibunt
2244 4965 2312 5020 ad
2350 4965 2605 5038 Assyrios
2648 4978 2704 5023 et
2737 4967 2980 5024 servient
3021 4964 3261 5039 Egyptii
3310 4966 3574 5038 Assyriis.
3610 4983 3630 5018 ι

2046 5056 2304 5129 Assyrios
2340 5058 2429 5114 hic
2473 5070 2602 5131 puto
2628 5075 2660 5114 a
2696 5059 2981 5131 Scriptura
3007 5062 3192 5118 vocari
3220 5075 3338 5127 eos,
3370 5060 3465 5131 qui
3492 5073 3639 5114 nunc

2048 5145 2172 5220 Syri
2200 5151 2572 5221 appellantur;
2604 5151 2734 5207 olim
2762 5151 2962 5223 quippe
2988 5152 3196 5224 Assyrii
3224 5149 3639 5217 vocabanturii,

2046 5243 2137 5298 cui
2185 5242 2400 5316 Syriam
2438 5256 2495 5300 et
2531 5243 2978 5301 Mesonotamiam
3038 5246 3370 5304 incolebant.
3424 5244 3637 5309 Inimici

2040 5465 2189 5555 ‘11ch
2219 5466 2616 5555 ῇίετοιιῖηιιιε,
2662 5472 2754 5555 qui
2806 5474 2970 5530 etiam
3008 5473 3236 5532 inferius
3269 5476 3336 5530 de
3379 5472 3538 5548 Syris
3581 5484 3636 5531 et

2049 5537 2118 5593 ΛΕ
2159 5553 2191 5609 y
2232 5538 2320 5592 tiis
2348 5537 2452 5594 non
2487 5555 2662 5610 pauca
2681 5537 2812 5599 hinc
2842 5555 3139 5603 mutuatur.

2124 5554 2237 5679 isi);
2272 5611 2693 5679 Στηλοῃοαςρία
2722 5614 2861 5672 alius
2880 5619 3101 5679 γραφεῖ.

2216 5613 2237 5681 )
2272 5611 2693 5682 Στηλοποαφία
2722 5614 2861 5672 alius
2880 5619 3101 5688 γραφεῖ.
