4082 6398
551 266 665 320 ἐὶΞῦ

1307 263 1572 319 EUSEBII
1613 263 2080 320 CESARIENSIS
2118 263 2266 318 OPP.
2307 261 2486 318 PARS
2525 261 2611 317 ιιι.
2641 294 2712 304 -ι
2743 263 3155 321 EXEGETICA.

3706 273 3798 330 236

560 399 738 443 autem
777 393 963 440 nmtuo
997 393 1150 440 erant
1187 383 1422 456 {Egyptii
1471 397 1524 439 et
1559 387 1786 457 Assyrii,
1825 401 1886 440 ac
1931 401 2138 455 semper

2251 385 2342 438 καὶ
2375 385 2798 454 Μεσοποταμίαν
2829 384 3106 446 οἰκοῦντες
3151 383 3419 456 Ἀσσύριοι
3449 385 3796 458 ἐχρημάτιζον,

559 487 751 534 mutuo
782 475 987 534 infesti.
1025 475 1180 531 Nunc
1211 489 1392 530 autem
1427 493 1664 548 praesens
1697 493 1878 533 sermo
1909 493 2152 534 comnm-

567 573 782 626 nioucm
839 571 969 642 ipsis
1017 581 1072 624 et
1127 571 1560 626 rommistioncm
1613 571 1964 636 vaticinatur,
2011 573 2155 641 quod

563 678 836 733 nunquam
871 664 1003 718 alias
1030 661 1229 716 factum
1267 661 1610 716 fuerat.Nam
1647 673 1770 716 ante
1789 661 2156 716 Romanorum

562 755 848 824 imperium
881 755 1131 825 proprios
1161 768 1314 824 reges
1338 753 1612 809 habebant
1637 752 1881 824 [Egyptii
1901 763 1956 808 et
1986 753 2155 825 Assy—

563 843 922 916 rii;}Egyptii
975 843 1194 914 quidem
1253 840 1608 910 Ptolemaeos,
1641 843 1766 914 Syri
1820 851 2001 897 autem
2047 843 2158 898 An-

563 942 724 998 tiochi
765 951 818 998 et
854 939 1107 996 Demetrii
1141 949 1409 1010 posteros,
1445 941 1499 994 in
1547 954 1782 1010 quorum
1821 939 2001 995 medio
2045 939 2152 996 sita

557 1035 764 1100 Judzca,
791 1051 819 1088 τι
852 1034 1086 1104 propriis
1118 1033 1245 1088 item
1293 1033 1629 1104 principibus
1677 1033 1987 1104 regebatur.
2019 1033 2154 1090 Cum

561 1135 737 1180 autem
763 1125 986 1180 Judaica
1021 1139 1152 1196 gens
1190 1124 1512 1178 intermedia
1547 1135 1712 1188 esset,
1735 1125 1894 1180 modo
1922 1139 1950 1178 a
1977 1123 2155 1197 Syris,

561 1218 719 1270 tundo
767 1232 795 1269 a
837 1213 1142 1269 I‘tolemmis
1193 1211 1336 1266 bello
1397 1213 1778 1282 impetebatur.
1823 1213 1936 1269 lmo
1991 1215 2154 1269 etiam

559 1307 827 1380 [Egyptiis
867 1305 1074 1362 inimici
1127 1303 1248 1376 Syri
1298 1315 1479 1372 erant,
1531 1314 1586 1360 et
1621 1305 1862 1378 Egyptii
1915 1307 2156 1378 Assyriis

559 1405 783 1464 hostes;
814 1410 870 1454 ut
895 1400 1118 1453 minime
1155 1398 1329 1452 libera
1381 1409 1526 1454 esset
1578 1399 1807 1454 alterius
1862 1399 2044 1469 populi
2087 1399 2156 1452 ad

561 1493 788 1546 alterum
823 1491 1107 1562 profectio.
1141 1489 1256 1546 Hoc
1286 1503 1440 1562 pacto
1473 1507 1532 1545 se
1563 1505 1651 1546 res
1689 1492 1816 1545 olim
1857 1491 2150 1546 habebant.

557 1585 629 1638 At
679 1591 796 1654 post
858 1583 1144 1638 adventum
1211 1583 1422 1638 Domini
1479 1584 1529 1635 in
1584 1581 1915 1653 Λῖεγριιιιιι,
1967 1595 2155 1651 pacem

561 1675 1060 1746 profundissimam,
1092 1691 1156 1731 ac
1191 1677 1624 1730 communionem
1651 1675 2153 1745 commerciumque

2271 477 2484 550 Ἐχθροὶ
2505 478 2560 532 δὲ
2581 473 2720 549 ἦσαν
2757 479 3046 546 Αἰγύπτιοι
3080 478 3173 530 καὶ
3219 477 3509 548 Ἀσσύριοι,
3549 482 3637 534 καὶ
3666 484 3803 540 πολέ-

2263 587 2372 640 μιοι
2399 569 2666 623 διετέλουν
2697 569 2849 634 ὄντες
2884 571 2949 622 ἐκ
2971 569 3064 623 τοῦ
3100 571 3317 633 παντός.
3351 569 3464 623 Νῦν
3487 571 3540 624 δὲ
3572 575 3598 625 6
3639 575 3807 632 παρὼν

2258 663 2414 730 λόγος
2445 659 2728 715 κοινωνίαν
2759 661 2941 723 αὐτοῖς
2983 659 3076 714 καὶ
3105 659 3384 730 ἐπιμιξίαν
3406 659 3660 728 θεσπίζει,
3687 667 3806 738 οπερ

2257 755 2376 808 οὐδὲ
2393 755 2578 810 ἄλλοτε
2610 755 2802 824 γέγονέ
2841 771 2991 808 ποτε.
3017 755 3132 825 Πρὸ
3161 755 3271 824 γὰρ
3293 754 3394 826 τῆς
3435 755 3528 808 Ῥιι
3545 757 3704 826 μαίων
3724 759 3808 831 ἁρ-

2258 847 2360 918 χῆς
2395 847 2692 914 ίδιάςοντας
2721 841 2866 918 εἶχον
2915 845 3171 915 βασιλέας
3200 846 3252 899 οἵ
3306 861 3366 898 τε
3417 847 3688 915 Αἰγύπτιοι
3728 852 3810 905 καὶ

2271 938 2580 1010 Ἀσσύριοι·
2645 941 2694 992 οἱ
2751 938 3039 1006 Αἰγύπτιοι
3101 939 3201 1010 μὲν
3254 939 3384 1003 τοὺς
3431 939 3807 1010 Πτολεμαίους,

2258 1030 2417 1103 Σύροι
2459 1033 2516 1085 δὲ
2571 1033 2696 1096 τοὺς
2735 1033 2842 1086 ἀπὸ
2905 1033 3178 1102 Ἀντιόχου
3235 1032 3329 1085 καὶ
3389 1033 3685 1104 Δημητρίου
3711 1027 3807 1090 ’ὧν

2261 1127 2399 1196 μέση
2421 1125 2648 1196 κειμένη
2685 1129 2717 1197 ἡ
2759 1125 2989 1180 Ἰουδαία
3031 1127 3125 1178 καὶ
3158 1124 3309 1188 ἰδίοις
3337 1125 3430 1178 καὶ
3449 1125 3583 1196 αὑτὴ
3609 1125 3807 1196 ἄρχουσι

2257 1217 2606 1288 ἐκυϐερνᾶτο.
2643 1218 3123 1290 Μεσολαϐούμενον
3148 1217 3206 1271 δὲ
3247 1218 3309 1271 τὸ
3353 1217 3613 1272 Ἰουδαίων
3658 1218 3807 1284 ἔθνος,

2257 1309 2387 1362 ποτὲ
2422 1309 2520 1380 μὲν
2561 1309 2664 1362 ὑπὸ
2691 1309 2876 1382 Σύρων
2903 1309 3217 1382 ἐπολεμεῖτο
3236 1351 3250 1371 ,
3281 1309 3413 1363 ποτὲ
3454 1309 3510 1363 δὲ
3543 1309 3641 1362 ὑπὸ
3692 1311 3808 1364 Πτο-

2257 1402 2516 1474 λεμαίων.
2583 1403 2741 1456 Ἀλλὰ
2770 1405 2866 1457 καὶ
2897 1403 3215 1473 Αἰγυπτίοις
3267 1403 3560 1472 ἐτύγχανον
3593 1403 3639 1456 οἱ
3670 1401 3807 1474 Σύροι

2259 1493 2529 1564 πολέμιοι·
2567 1495 2856 1564 Αἰγύπτιοι
2897 1495 2954 1548 δὲ
2996 1499 3108 1559 τοῖς
3153 1494 3463 1566 Ἀσσυρίοις
3502 1495 3806 1565 διεμάχοντο,

2256 1585 2330 1650 ὡς
2363 1587 2567 1660 ἄμικτα
2601 1583 2740 1642 εἶναι
2765 1589 2946 1652 αὐτοῖς
2976 1588 3068 1642 καὶ
3100 1588 3397 1653 ἁδιαϐἀτας
3443 1588 3538 1652 τὰς
3585 1587 3708 1659 πρὸς
3729 1587 3808 1641 ἁλι

2258 1678 2454 1749 λήλους
2485 1680 2729 1752 πορείας.
2763 1679 2998 1734 Τοιαῦτα
3027 1681 3127 1753 μὲν
3159 1675 3251 1734 οὖν
3293 1681 3583 1750 ἐτύγχανον
3621 1679 3683 1732 τὰ
3721 1679 3808 1734 πά-

559 1767 692 1836 ipsis
732 1766 970 1820 futurum
999 1781 1241 1837 praesens
1289 1781 1473 1823 sermo
1501 1768 1850 1836 prtenuntiat.
1891 1765 1982 1820 Ille
2021 1779 2138 1819 verr.

2253 1769 2361 1825 λαι.
2405 1750 2568 1825 Meri
2601 1771 2658 1825 δὲ
2709 1773 2808 1845 τὴν
2839 1750 3145 1844 ἄφιξινήτοῦ
3179 1772 3389 1844 Κυρίου
3434 1773 3529 1844 τὴν
3561 1773 3635 1836 είς
3663 1772 3804 1841 Λίγυ-

559 1874 673 1924 eos,
705 1859 796 1930 qui
832 1858 957 1912 olim
991 1858 1194 1914 inimici
1229 1869 1404 1924 erant,
1436 1858 1605 1929 Syros
1645 1859 1788 1923 dico,
1811 1857 2065 1928 Assyrios
2097 1867 2153 1910 et

559 1949 832 2016 Israclcm,
861 1959 1046 2006 mutuo
1077 1951 1350 2017 conciliat,
1383 1961 1548 2020 atque
1573 1965 1734 2005 unam
1769 1965 1959 2006 omnes
1983 1964 2012 2003 a
2039 1949 2149 2004 Deo

559 2045 993 2100 benedictionem
1023 2054 1342 2116 accepturos
1377 2045 1540 2112 dicit;
1569 2046 1640 2099 ita
1673 2053 1734 2100 ut
1765 2043 1876 2114 jam
1903 2059 2008 2099 non
2036 2059 2150 2098 am-

557 2137 698 2207 plius
732 2135 896 2192 Israel
923 2139 1090 2192 altum
1115 2137 1315 2207 sapiat,
1355 2153 1532 2208 neque
1554 2147 1612 2192 ut
1637 2137 1796 2193 solus
1835 2137 2150 2194 benedictus

557 2239 748 2284 contra
773 2229 908 2283 alios
936 2244 1053 2286 sese
1074 2231 1321 2286 extollat.
1355 2229 1488 2297 Quis
1516 2243 1645 2302 ergo
1683 2229 1957 2286 Romanos
1989 2245 2150 2285 exer-

557 2323 698 2377 citus
727 2337 793 2377 ex
831 2321 1092 2394 Syrorum
1126 2324 1318 2378 militia
1363 2324 1556 2378 videns
1587 2321 1963 2394 {Egyptiorum
1992 2323 2144 2393 capi-
2183 2313 2196 2328 '

559 2417 702 2470 tibus
734 2415 1040 2482 imminere,
1079 2423 1134 2471 et
1183 2415 1470 2488 Egyptios
1511 2415 1616 2472 illis
1650 2417 1878 2480 servire,
1913 2418 2148 2487 prophe-

559 2509 646 2559 tia:
681 2515 933 2562 eventum
959 2523 1063 2561 non
1099 2507 1444 2563 admiretur?
1472 2507 1605 2574 Quis
1657 2519 1762 2561 non
1805 2507 2148 2577 Obstupescat

557 2613 790 2654 cernens
835 2597 1118 2671 Egyptios
1161 2601 1332 2657 libero
1375 2602 1608 2656 transitu
1637 2599 1854 2672 Syriam
1901 2609 2147 2670 petentes

557 2706 620 2745 ac
649 2691 888 2746 vicissim
913 2691 1083 2763 Syros
1114 2694 1233 2750 sine
1255 2695 1408 2750 obice
1447 2692 1500 2747 in
1539 2691 1836 2764 [Egyplum
1883 2693 2145 2748 accc-den.

555 2789 657 2848 tes,
689 2791 851 2852 atque
873 2798 966 2839 eos
985 2785 1032 2838 vi
1050 2785 1420 2840 dominatricis
1439 2785 1690 2853 potentia:
1717 2783 1964 2838 subditos
1989 2785 2145 2839 esse?

553 2875 817 2945 Quodque
851 2877 1089 2930 omnium
1121 2875 1586 2930 mirabilissimum
1621 2885 1723 2938 est,
1763 2876 1814 2928 in
1863 2874 2145 2944 prophetia

557 2969 718 3031 dixit,
740 2968 928 3022 eodem
966 2975 1210 3037 tempore
1250 2967 1390 3038 apud
1427 2965 1596 3038 Syros
1627 2977 1682 3022 et
1717 2965 2041 3038 Egyptios,
2077 2983 2144 3022 ac

555 3061 610 3114 in
654 3069 795 3114 terra
823 3057 991 3114 Israel
1035 3059 1259 3131 populos
1300 3059 1392 3115 Dei
1435 3061 1575 3126 fore,
1623 3061 1876 3131 ipsosque
1916 3060 2140 3116 benedi-

557 3164 707 3206 ctos:
738 3162 796 3206 ut
825 3149 984 3206 Israel
1015 3167 1122 3208 non
1147 3151 1376 3222 amplius
1401 3149 1614 3206 diﬂ’erat
1638 3152 1708 3207 ab
1733 3150 2006 3221 Egyptio,
2041 3165 2136 3205 nc-

553 3261 658 3315 que
707 3261 734 3299 a
783 3245 963 3316 Syro;
1027 3259 1200 3315 neque
1260 3247 1400 3314 apud
1450 3245 1617 3300 Deum
1659 3245 1830 3313 pluris
1870 3243 2134 3298 habeatur

553 3339 748 3410 Syrus,
779 3351 939 3407 quam
975 3337 1139 3392 Israel
1197 3337 1282 3392 vel
1335 3335 1658 3407 Egyptius;
1696 3351 1867 3406 neque
1890 3336 2133 3390 vicissim

551 3429 839 3502 JEgyptius
875 3431 1052 3484 minor
1077 3433 1148 3486 sit
1174 3431 1316 3501 apud
1353 3429 1520 3486 Deum
1551 3428 1749 3484 Isracle
1781 3439 1836 3484 et
1867 3428 2022 3500 Syro.

2253 1881 2386 1918 πτον
2425 1865 2648 1937 εἰρήνην
2677 1865 3000 1937 βαθυτάτην,
3039 1869 3323 1933 κοινωνίας
3353 1885 3412 1920 τε
3441 1868 3533 1920 καὶ
3561 1863 3807 1936 ἐπιμιξίας

2251 1959 2280 2010 6
2311 1955 2500 2027 παρὼν
2529 1957 2687 2026 λόγος
2711 1960 2896 2024 αὐτοῖς
2928 1959 3360 2030 εὐαγγελίζεται.
3401 1961 3462 2014 Ὀ
3495 1960 3588 2030 μὲν
3629 1957 3687 2027 δὴ
3729 1951 3807 2010 οὖν

2253 2050 2478 2120 συνάγει
2533 2053 2660 2113 τοὺς
2715 2052 2882 2106 πάλαι
2928 2053 3174 2126 ἐχθροὺς,
3229 2053 3378 2124 λέγω
3423 2053 3487 2124 δὴ
3521 2053 3708 2124 Σύρους
3726 2051 3806 2103 καὶ

2252 2143 2586 2212 Αἰγυπτίους
2613 2146 2708 2198 καὶ
2747 2145 2837 2198 τὸν
2877 2146 3122 2217 Ἰσραὴλ,
3161 2149 3294 2217 μιᾶς
3337 2165 3397 2200 τε
3441 2143 3681 2213 εὐλογίας
3721 2141 3804 2212 τῆς

2252 2235 2404 2307 παρὰ
2435 2235 2570 2289 Θεοῦ
2599 2233 2880 2301 τεύξεσθαι
2911 2234 3108 2300 αύτούς
3141 2251 3306 2306 quas“
3342 2235 3419 2298 ὡς
3458 2233 3645 2306 μηκέτι
3686 2231 3806 2302 μέγα

2251 2330 2467 2401 φρονεῖν
2491 2327 2581 2381 τὸν
2613 2327 2855 2400 Ἰσραὴλ,
2879 2328 3013 2399 μηδὲ
3041 2329 3473 2400 κατεπαίρεσθαι
3495 2327 3598 2380 τῶν
3634 2326 3804 2386 ἄλλων,

2249 2422 2326 2484 ὡς
2355 2420 2514 2492 μόνον
2545 2419 2931 2492 ηύλογημένον.
2951 2421 3046 2485 Τίς
3063 2415 3177 2484 οῦν,
3193 2421 3494 2492 ὀφθαλμοῖς
3519 2419 3652 2492 ὁρῶν
3667 2435 3804 2490 στρα-

2247 2511 2447 2565 τόπεδα
2494 2511 2781 2584 Ῥωμαῖκὰ
2801 2511 2989 2583 Σύρων
3011 2513 3220 2584 ἀνδρῶν
3260 2513 3406 2568 κατὰ
3427 2509 3657 2582 κεφαλῆς
3711 2507 3803 2562 τῶν

2249 2603 2560 2671 Αἰγυπτίων
2589 2603 2964 2674 ἐγκαθήμενα,
3010 2603 3344 2672 Αἰγυπτίους
3369 2621 3426 2657 τε
3455 2601 3657 2663 τούτοις
3701 2599 3803 2652 δου-

2247 2695 2520 2760 λεύοντας,
2559 2697 2662 2750 οὐκ
2707 2695 2772 2749 ἂν
2831 2695 3134 2767 ἐκπλαγείη
3192 2695 3291 2768 τὴν
3338 2697 3439 2766 τῆς
3499 2689 3802 2766 προφητείας

2203 2781 2623 2852 ’ἔκϐασινςτίς
2673 2786 2730 2840 δὲ
2784 2788 2845 2840 ού
2899 2787 3236 2858 θαυμάσεται
3293 2787 3439 2858 ὁρῶν
3501 2781 3802 2854 Αἰγυπτίους

2247 2877 2416 2942 ἀδεῶς
2441 2877 2532 2931 ἐπὶ
2559 2879 2658 2948 τὴν
2693 2879 2878 2950 Σύρων
2907 2879 3276 2944 διαϐαίνοντας
3309 2881 3514 2951 χώραν,
3539 2875 3728 2949 Σύρους
3749 2889 3799 2926 τε

2245 2969 2537 3034 ἀκωλύτως
2565 2969 2946 3033 ἐπιϐαίνοντας
2984 2973 3097 3034 τοῖς
3139 2972 3481 3040 Αἰγυπτίοις,
3511 2968 3722 3040 δυνάμει
3747 2977 3798 3016 τε

2243 3061 2572 3133 ὰρχοντικῆς
2601 3061 2850 3127 ἐξουσίας
2896 3063 3472 3135 καταδεδουλωμένους
3497 3059 3682 3122 αὐτούς
3697 3077 3711 3124 ὶ
3739 3053 3800 3108 Τδ

2241 3154 2298 3207 δὲ
2327 3153 2582 3207 ἁπάντων
2632 3153 3060 3225 παραδοξότατον
3079 3195 3093 3218 ,
3119 3154 3324 3226 ταύτην
3351 3157 3527 3228 ἤρατο
3565 3149 3697 3206 κατὰ
3723 3147 3802 3199 τδν

2241 3248 2402 3312 αὐτὸν
2449 3247 2638 3319 χρόνον
2673 3248 2822 3319 παρὰ
2857 3247 3048 3319 Σύροις
3090 3250 3185 3302 καὶ
3214 3251 3340 3320 παρ’
3379 3245 3684 3318 Αἰγυπτίοις
3723 3239 3802 3293 καὶ

2243 3342 2300 3392 ὲν
2335 3343 2401 3410 τῇ
2427 3343 2498 3412 γῇ
2527 3339 2621 3393 τοῦ
2667 3340 2882 3411 Ἰσραὴλ
2915 3340 3078 3402 λαοὺς
3125 3340 3343 3394 ἔσεσθαι
3400 3339 3479 3411 τῷ
3536 3335 3667 3407 Θεῷ,
3721 3345 3801 3384 και

2243 3430 2464 3495 τούτους
2485 3431 2931 3504 ἰἰιίιλογημένους⁹
2971 3433 3048 3496 ὡς
3102 3434 3235 3505 μηδὲ
3292 3434 3499 3506 μηκέτι
3549 3427 3799 3498 διαφέρειν

550 3526 640 3578 τὸν
683 3525 897 3599 Ἰσραὴλ
923 3527 1017 3580 τοῦ
1061 3526 1377 3596 Αἰγυπτίου,
1418 3525 1556 3596 μήτε
1602 3523 1696 3578 τοῦ
1738 3523 1934 3598 Σύρου,
1989 3525 2122 3596 μηδὲ
2159 3525 2494 3581 διαλλάττειν
2553 3527 2704 3600 παρὰ
2755 3527 2873 3598 Θεῷ
2890 3527 3123 3600 κρείττω
3144 3528 3235 3588 τὸν
3257 3529 3434 3592 Σύρον
3457 3525 3552 3581 τοῦ
3585 3519 3794 3594 Ἰσραὴλ,

553 3619 686 3691 μηδὲ
745 3620 838 3673 τοῦ
869 3619 1194 3688 Αἰγυπτίου,¹
1252 3617 1374 3690 μηδ’
1407 3613 1477 3672 αὖ
1531 3615 1693 3672 πάλιν
1747 3616 1839 3670 τὸν
1876 3616 2194 3688 ⁵Αίγύπτιον
2233 3618 2584 3674 ἐλαττοῦσθαι
2638 3621 2789 3690 παρὰ
2849 3619 2970 3691 Θεῷ
3027 3619 3122 3674 τοῦ
3191 3620 3410 3692 Ἰσραὴλ
3455 3621 3488 3692 ἢ
3555 3615 3644 3671 τοῦ
3707 3612 3796 3666 Σύ-

617 3731 668 3765 υ.

617 3731 668 3765 υ.

553 3729 789 3860 “Vsus.
830 3805 924 3859 24.
971 3823 990 3856 4
1019 3806 1076 3858 ιιι
1117 3805 1206 3859 die
1259 3805 1348 3860 illa
1397 3805 1503 3860 erit.
1538 3805 1703 3859 Israel
1739 3805 1932 3860 tertius
1983 3805 2128 3859 inter

2307 3822 2325 3854 ⁸
2351 3802 2430 3872 Τῇ
2455 3797 2639 3870 ἡμέρᾳ
2673 3797 2856 3868 ἐκείνῃ
2875 3795 3030 3849 ἔσται
3069 3794 3285 3866 Ἰσραὴλ
3308 3794 3496 3867 τρίτος
3519 3793 3576 3844 ἐν
3592 3789 3695 3850 τοῖς
3723 3783 3795 3836 Λί-

551 3895 857 3966 IEgyptios,
907 3905 956 3949 et
999 3897 1139 3950 inter
1187 3896 1438 3966 Assyrios
1495 3897 1814 3952 benedictus
1853 3897 1905 3950 in
1955 3905 2123 3961 terra,

2242 3893 2498 3964 γυπτίοις,
2548 3889 2642 3942 καὶ¹
2667 3889 2724 3940 ὲν
2767 3890 2879 3950 τοῖς
2916 3887 3224 3958 Ἀσσυρίοις
3253 3883 3622 3956 ηύλογημὲνος
3661 3879 3716 3934 ἐν
3739 3873 3794 3940 τῇ

551 3999 714 4053 quam
751 3981 1028 4038 benedixit
1067 3983 1326 4037 Dominus
1355 3983 1612 4047 Sabaoth,
1646 3988 1736 4056 qui
1767 3987 1918 4052 dicit,
1957 3985 2125 4040 Bene-

553 4077 732 4134 dictus
762 4075 993 4146 populus
1023 4090 1197 4144 meus,
1217 4077 1311 4146 qui
1351 4087 1433 4132 est
1459 4079 1510 4132 ἱη
1529 4078 1858 4150 Egypto,et
1881 4080 1934 4133 in
1951 4083 2123 4151 Assy-

551 4169 671 4232 riis,
719 4177 772 4223 et
811 4167 1102 4222 hmreditas
1151 4185 1270 4224 mea
1321 4169 1559 4224 Israel”
1620 4169 1776 4235 Quod
1803 4171 1848 4226 si
1884 4171 2116 4235 dicatur,

549 4263 767 4321 tertium
795 4261 956 4316 Israel
991 4261 1136 4316 inter
1163 4261 1453 4334 Egyptios
1487 4275 1542 4317 et
1586 4263 1841 4334 Assyrios
1874 4263 2116 4318 futurum

547 4368 688 4418 esse,
729 4353 1074 4409 benedictum
1121 4352 1174 4406 in
1229 4365 1394 4419 terra,
1427 4367 1588 4424 quam
1625 4353 1905 4408 benedixit
1941 4353 2123 4408 Domi-

547 4461 652 4500 nus
697 4443 1054 4509 exercituum,
1083 4459 1151 4499 ne
1191 4445 1353 4498 aliam
1380 4453 1632 4512 putemus
1667 4457 1788 4498 esse
1823 4451 2024 4498 terram
2055 4445 2121 4497 ab

545 4535 790 4592 Ecclesia
849 4536 965 4590 Dei.
1016 4533 1122 4590 Per
1175 4535 1344 4590 Israel
1389 4545 1572 4586 autem
1625 4531 1853 4603 intelligi
1913 4541 2117 4603 potest,

545 4631 749 4687 chorus
777 4631 956 4686 omnis
988 4639 1304 4685 sanctorum
1335 4627 1824 4700 religiosorumque
1854 4627 2113 4687 virorum,

543 4725 637 4795 qui
667 4740 732 4780 ex
767 4721 990 4780 Judaica
1015 4733 1176 4796 gente
1203 4723 1447 4778 defuncti
1479 4729 1622 4776 sunt.
1667 4719 2012 4790 Quapropter
2032 4719 2117 4772 di-

545 4820 705 4881 citur,
755 4837 773 4870 ι
803 4817 868 4872 Et
901 4818 1189 4874 haereditas
1225 4831 1345 4872 mea
1385 4815 1576 4870 Israel.
1611 4813 1742 4868 Nam
1774 4813 1994 4882 quando
2037 4812 2118 4866 dt-

543 4909 764 4964 videbat
791 4910 1111 4966 Altissimus
1150 4917 1366 4980 gentes,
1418 4907 1560 4962 facta
1597 4917 1682 4962 est
1734 4921 1862 4976 pars
1905 4905 2116 4961 Domini

543 4998 774 5068 p0pulus
802 4997 920 5064 ejus
963 4997 1156 5064 Jacob,
1204 4997 1480 5053 funiculus
1513 4995 1850 5050 hmreditatis
1885 4995 2004 5063 ejus
2043 4995 2118 5047 Is-

542 5089 654 5145 rael
679 5091 755 5144 ³.»
785 5087 934 5144 Nunc
958 5099 1139 5144 autem
1167 5088 1410 5161 [Egyptii
1445 5089 1675 5160 populus
1705 5089 1844 5156 ejus,
1875 5093 1928 5140 et
1953 5101 2116 5155 popu-

545 5181 628 5233 lus
660 5181 776 5250 ejus
807 5179 1145 5246 benedictus,
1181 5193 1480 5244 vocantur;
1513 5189 1566 5234 et
1593 5178 1804 5248 Assyrii
1836 5175 2110 5229 similiter.

543 5272 674 5326 Illud
699 5283 900 5336 autem,
951 5269 1048 5323 «In
1097 5279 1268 5346 terra,
1331 5287 1492 5342 quam
1549 5269 1828 5324 benedixit
1855 5265 2117 5321 Dominus

544 5363 806 5427 Sabaoth,
847 5384 866 5414 ι
909 5363 976 5418 ad
1019 5363 1300 5418 caelestem
1333 5377 1548 5432 quoque
1589 5370 1789 5415 terram
1821 5356 2112 5418 referatur,

542 5459 608 5512 de
645 5473 750 5526 qua
785 5457 919 5510 dicit
945 5455 1220 5524 Salvator,
1267 5473 1286 5508 ι
1323 5454 1474 5510 Beati
1510 5455 1689 5520 mites,
1709 5450 1968 5522 quoniam
2011 5448 2112 5516 ipsi

612 5675 630 5705 '
660 5675 812 5728 Deut.
849 5689 1022 5737 xxx“,
1053 5673 1106 5724 8.

2227 3991 2320 4058 γῇ,
2351 3987 2417 4056 ἣν
2447 3981 2718 4053 ηὐλὸγησε
2750 3979 2954 4052 Κύριος
3005 3976 3232 4034 Σαϐαὼθ
3281 3980 3310 4031 6
3336 3978 3509 4047 λέγων
3531 3991 3546 4005 ·
3581 3969 3795 4034 Εὐλογη-

2229 4080 2386 4150 μένος
2410 4079 2439 4128 ὁ
2467 4075 2594 4139 λαός
2628 4091 2727 4145 μου
2765 4073 2794 4126 6
2821 4073 2878 4126 ὲν
2899 4071 3178 4142 Αἰγύπτῳ,
3212 4073 3307 4124 καὶ
3334 4071 3364 4122 6
3391 4074 3448 4124 ὲν
3488 4061 3788 4150 Ἀσσυρίοις)

2223 4147 2318 4224 καὶ
2347 4171 2379 4238 ἡ
2408 4165 2739 4239 κληρονομία
2774 4182 2874 4235 μου
2907 4163 3140 4235 Ἰσραήλ.
3168 4181 3186 4214 ι
3224 4163 3350 4216 Ἐὰν
3371 4163 3429 4216 δὲ
3461 4161 3676 4228 λέγηται
3700 4147 3793 4219 τρί-

2226 4277 2317 4324 τος
2355 4257 2570 4330 Ίσραὴλ
2615 4259 2672 4310 ἐν
2721 4259 2832 4320 τοῖς
2875 4255 3196 4322 Αἰγυπτίοις
3227 4253 3322 4307 καὶ
3375 4256 3434 4307 ὲν
3463 4251 3574 4312 τοῖς
3617 4247 3788 4330 ’Δοσιθ-

2232 4353 2364 4423 ρίοις
2393 4327 2630 4412 ἔσεσθαι,
2653 4347 3012 4418 εὐλογημένος
3043 4347 3100 4398 ὲν
3129 4348 3195 4416 τῇ
3225 4347 3294 4414 γῇ
3323 4345 3390 4416 ἦν
3415 4342 3668 4409 εὐλόγησε
3689 4327 3788 4423 Κιλ-

2232 4419 2344 4514 ριος
2371 4439 2618 4502 Σαϐαὼθ,
2655 4438 2728 4508 μὴ
2751 4437 2942 4508 ἑτέραν
2969 4435 3274 4506 νομίζωμεν
3307 4431 3446 4489 εἶναι
3469 4434 3568 4505 τὴν
3592 4429 3687 4496 γῆν
3706 4419 3791 4488 τῆς

2241 4533 2566 4603 Ἐκκλησίας
2602 4531 2693 4584 τοῦ
2731 4529 2887 4583 Θεοῦ.
2957 4528 3170 4599 Ἰσραὴλ
3201 4527 3256 4580 δὲ
3297 4527 3533 4584 νοεῖσθαι
3588 4518 3786 4574 δύναται

2229 4627 2322 4680 καὶ
2344 4627 2453 4689 πᾶς
2479 4627 2506 4677 6
2551 4623 2708 4694 χορὸς
2743 4621 2848 4674 τῶν
2878 4622 3048 4689 ἁγίων
3092 4620 3186 4673 καὶ
3219 4618 3480 4687 θεοφιλῶν
3507 4609 3708 4682 ἀνδρῶν
3731 4605 3788 4694 ὲκ

2221 4719 2314 4772 τοῦ
2353 4718 2616 4772 Ἰουδαίων
2647 4715 2832 4776 ἔθνους
2863 4711 3365 4784 προεξεληλυθότων
3407 4709 3502 4764 τοῦ
3545 4706 3674 4777 βίου.
3707 4693 3786 4749 Δεδ

2223 4809 2472 4862 λέλεκται
2491 4825 2503 4835 ·
2543 4825 2560 4856 ‹
2585 4807 2746 4876 Καὶὴ
2776 4802 3107 4875 κληρονομία
3134 4819 3234 4872 μου
3276 4803 3514 4872 Ἰσραήλ.
3550 4797 3672 4849 Ὅτε
3689 4785 3784 4856 γὰρ

2221 4899 2526 4971 διεμέριζεν
2553 4901 2581 4950 6
2618 4897 2876 4966 Ὕψιστος
2923 4895 3071 4964 ἔθνη,
3109 4892 3338 4964 ἐγενήθη
3391 4909 3546 4964 μεμς
3595 4879 3782 4972 Κυρίου

2223 4993 2350 5055 λαὸς
2404 4989 2568 5047 αὐτοῦ
2633 4986 2844 5053 Ἰακὼϐ,
2900 4987 3182 5056 σχοῐνισμα
3233 4981 3592 5054 κληρονομίας
3637 4973 3781 5026 αὐτου

2235 5081 2468 5152 Ἰσραήλ.
2503 5097 2520 5132 ι
2551 5077 2664 5132 Νῦν
2691 5079 2748 5131 δὲ
2779 5079 2870 5131 καὶ
2893 5075 3176 5144 Αἰγύπτιοι
3212 5073 3338 5136 λαὸς
3370 5071 3534 5127 αὑτοῦ
3565 5067 3780 5136 εἴρηται,

2222 5175 2316 5224 καὶ
2348 5171 2474 5234 λαὸς
2507 5169 2671 5223 αὑτοῦ
2711 5169 3090 5239 εὐλογημένος,
3141 5167 3234 5220 καὶ
3271 5165 3540 5236 Ἀσσύριοι
3579 5153 3778 5228 ὁμοίως·

2221 5263 2295 5315 Τδ
2318 5263 2396 5327 δι,
2433 5281 2450 5312 ι
2472 5263 2560 5314 Ἑν
2591 5265 2657 5332 τῇ
2692 5264 2760 5332 γῇ
2791 5261 2858 5332 ἢν
2887 5253 3156 5330 ηύλὸγησε
3187 5259 3390 5328 Κύριος
3423 5251 3663 5313 Σαϐαὼθ,
3687 5265 3704 5297 ι
3731 5241 3779 5294 ἐ·

2221 5373 2305 5426 χοι
2331 5355 2396 5408 ἂν
2419 5353 2516 5426 τὴν
2551 5353 2828 5424 ἀναφορὰν
2869 5353 2964 5406 καὶ
3014 5353 3106 5404 ἐπὶ
3139 5351 3236 5422 τὴν
3283 5352 3618 5422 ἐπουράνιον,
3669 5333 3780 5426 πεῲ

2219 5445 2287 5520 ἧς
2319 5465 2480 5518 φησιν
2508 5451 2536 5501 6
2567 5448 2792 5518 Σωτήρ,
2824 5467 2840 5498 ι
2865 5445 3139 5516 Μακάριοι
3197 5446 3244 5498 οἰ
3279 5447 3494 5516 πραεῖς,
3522 5441 3600 5494 ὅτι
3643 5421 3779 5483 αὑτηὶ
