4158 6402
513 395 626 459 950

1228 397 1501 454 ensem!
1541 398 2020 456 cmsammvsrs
2056 399 2203 456 OPP.
2247 399 2429 456 PARS
2469 403 2558 456 ιιι.
2603 384 2668 443 ζ-
2712 402 3122 459 EXEGETICA.

3694 406 3803 459 250

517 529 704 587 ventu,
739 531 796 576 et
828 521 894 575 de
921 519 1078 574 bonis
1110 517 1307 572 ibidem
1342 519 1394 572 in
1430 517 1722 590 Egyptios
1749 519 2090 574 conlcrendis

2206 519 2429 589 Πνεῦμα
2455 520 2555 590 τῆς
2591 521 2716 582 περὶ
2744 519 2836 572 τοῦ
2869 521 3077 592 Κυρίου
3110 521 3188 582 εἰς
3234 518 3508 588 Αἴγυπτον
3537 519 3800 589 ἀφίξεως.

518 617 872 677 vaticinatus,
900 629 961 667 ea
995 629 1114 681 qua:
1153 627 1273 666 mox
1305 611 1464 665 linem
1509 621 1734 666 nactura
1769 623 1928 666 erant
1970 614 2099 667 sub-

519 709 677 770 didit,
735 716 793 760 ut
839 721 866 756 a
922 705 1268 772 pra‘sentium
1302 714 1500 757 eventu
1542 719 1626 765 ea,
1671 720 1791 773 qua:
1845 705 2100 758 diuturno

520 813 640 871 post
671 811 914 870 tempore
941 799 1119 851 futura
1161 807 1344 862 erant,
1373 797 1656 851 credibilia
1685 806 1871 851 essent
1905 798 1973 852 iis
2006 799 2098 864 qui

519 902 649 945 tunc
675 889 1112 960 prOpheticorum
1138 902 1448 941 sermonum
1467 888 1744 941 auditores
1765 897 1943 943 erant.
1977 887 2101 942 llzcc

516 997 646 1052 ergo
672 996 793 1052 qua:
812 980 924 1049 jam
960 988 1278 1040 tractamus,
1313 995 1416 1032 non
1464 989 1624 1032 erant
1674 987 1800 1032 ante
1847 995 2099 1049 praznun-

518 1074 666 1130 tiatis
687 1071 998 1128 contraria:
1029 1071 1118 1124 illa
1151 1072 1354 1140 quippe
1384 1086 1482 1139 pro
1508 1073 1846 1142 temporibus
1880 1073 1936 1125 in
1974 1087 2099 1142 pro-

512 1168 695 1238 phetia
728 1167 964 1230 notatis;
1008 1166 1124 1220 luce
1171 1178 1302 1218 vero
1337 1179 1436 1234 pro
1475 1163 1636 1219 rebus
1673 1180 1796 1219 mox
1845 1165 2099 1236 gerendis

515 1259 857 1316 enuntiabat.

585 1442 754 1498 Vens.
786 1440 842 1494 5.
889 1458 907 1490 ι
935 1439 998 1492 Et
1031 1437 1438 1493 confundentur
1467 1439 1708 1508 superati
1743 1436 1984 1509 Egyptii
2029 1436 2097 1490 ab

513 1535 886 1606 AithiOpibus,
927 1533 980 1587 in
1007 1532 1204 1600 quibus
1233 1532 1583 1586 conﬁdebant
1623 1532 1903 1604 Egyptii:
1939 1540 2096 1586 erant

512 1628 658 1682 enim
699 1625 832 1696 ipsis
859 1623 1052 1696 gloria.
1077 1642 1097 1677 ι
1146 1624 1550 1679 Erubescentes
1591 1623 1807 1679 scilicet
1849 1623 1916 1678 de
1945 1624 2012 1678 iis
2041 1623 2094 1677 in

512 1722 712 1790 quibus
734 1718 1116 1781 conﬁdebant;
1161 1717 1234 1771 ita
1270 1727 1329 1771 ut
1363 1733 1487 1772 sese
1527 1718 1628 1786 ipsi
1674 1719 2000 1772 damnarent
2037 1728 2096 1773 et

513 1820 824 1879 arguerem.

589 1903 749 1958 Vens.
784 1901 834 1956 6.
877 1921 894 1950 ι
921 1901 1192 1956 Etdicent
1217 1901 1307 1970 qui
1344 1901 1590 1956 habitant
1643 1901 1696 1955 in
1744 1901 1921 1956 insula
1967 1887 2170 1966 hac,'B

511 1995 652 2050 Ecce
703 2008 802 2050 nos
849 1991 1280 2056 conlidebamus,
1347 2003 1399 2044 ut
1454 1993 1518 2046 ad
1571 2006 1761 2047 eorum
1823 1991 2091 2046 auxilium

492 2087 952 2157 confogeremus.
1014 2086 1104 2155 qui
1148 2101 1254 2139 non
1309 2093 1606 2154 potuerunt
1646 2084 1854 2139 servari
1907 2099 1938 2139 a
1967 2098 2096 2154 rege

509 2179 880 2251 Assyriorum,
912 2189 968 2232 et
988 2177 1259 2246 quomodo
1284 2191 1382 2230 nos
1416 2175 1796 2230 servabimur?
1820 2194 1839 2227 ι

1098 2267 1324 2324 CAPUT
1367 2268 1508 2323 XXI.

585 2363 826 2428 VensJ,
857 2364 912 2419 2.
969 2381 988 2414 ι
1024 2362 1170 2417 Visio
1221 2362 1444 2417 deserti.
1493 2360 1649 2414 Sicut
1702 2359 1940 2430 procella
1997 2374 2092 2431 per

509 2462 784 2514 desertum
827 2457 1047 2518 transit,
1083 2469 1149 2509 ex
1176 2453 1394 2507 deserto
1434 2451 1660 2506 veniens
1689 2467 1717 2504 a
1749 2463 1892 2506 terra
1929 2468 1944 2504 :
1981 2460 2094 2505 ter-

509 2551 684 2609 ribilis
708 2550 845 2604 visio
881 2559 935 2603 et
976 2547 1132 2608 dura,
1168 2545 1478 2599 renuntiata
1516 2554 1600 2598 est
1634 2543 1788 2597 mihi.
1833 2545 2091 2598 Contem-

507 2654 630 2713 ptor
659 2640 980 2701 contemnit,
1014 2648 1068 2693 et
1107 2633 1543 2707 iniquns‘inique
1569 2637 1700 2702 agit.
1744 2636 1824 2689 Ad
1851 2650 1938 2690 me
1965 2635 2087 2688 Ela-

507 2737 673 2801 tnitm,
705 2745 761 2788 et
795 2733 956 2802 legati
1003 2733 1292 2786 Persarum
1339 2729 1404 2782 ad
1453 2744 1543 2782 me
1583 2729 1824 2781 veniunt.
1857 2747 1876 2780 ι
1908 2727 2091 2782 Persa:

510 2832 692 2898 itaque
717 2843 823 2880 non
861 2826 950 2880 diu
980 2833 1164 2892 postea
1200 2821 1477 2876 Medorum
1505 2821 1791 2890 imperium
1825 2821 2091 2890 excipien-

508 2933 612 2984 tes,
650 2918 940 2989 Babylonis
985 2915 1247 2985 reliquias
1276 2922 1609 2968 everterunt.
1636 2911 1765 2968 Jure
1813 2914 1980 2984 igitur
2018 2929 2091 2968 ze-

509 3011 672 3064 stimo
702 3009 820 3063 hmc
858 3008 1072 3062 hostilia
1102 3006 1243 3059 faeta
1278 3005 1344 3059 de
1370 3005 1647 3076 Babylone
1673 3006 1798 3060 dici.
1825 3005 1962 3073 Quid
1985 3007 2088 3062 sibi

507 3102 625 3154 vult
659 3109 839 3154 autem
872 3113 994 3153 cum
1020 3098 1119 3161 ait,
1157 3118 1175 3148 ‹
1205 3096 1353 3152 Visio
1378 3096 1622 3151 deserti?
1654 3116 1672 3148 ο
1727 3097 1847 3152 Jam
1892 3097 2088 3152 exhinc

507 3189 840 3258 Babylonem
867 3195 1026 3242 vocat
1056 3188 1355 3251 desertum,
1407 3195 1630 3256 propter
1660 3201 1722 3239 ea
1751 3201 1870 3256 quae
1900 3188 1966 3240 de
2000 3202 2089 3240 va-

507 3282 694 3336 stitate
743 3279 860 3348 ejus
899 3280 953 3332 in
998 3276 1283 3347 prophetia
1334 3275 1602 3330 feruntur.
1651 3276 1835 3343 Quare
1869 3293 1931 3332 cx
1967 3294 2084 3346 per-

506 3387 641 3428 sona
688 3371 856 3441 ipsius
898 3367 1195 3439 Babylonis
1246 3367 1359 3421 lucc
1404 3367 1548 3421 dicta
1598 3367 1768 3422 fuisse
1826 3369 2086 3434 arbitror,

507 3465 662 3534 quasi
705 3463 863 3527 mala,
898 3477 1020 3531 quae
1043 3469 1304 3514 eventura
1334 3459 1435 3513 sibi
1467 3469 1623 3513 erant
1663 3459 1884 3514 auribus
1924 3477 2085 3514 acce-

507 3559 695 3628 pisset,
725 3571 787 3609 ac
819 3562 1161 3625 precaretur,
1196 3561 1253 3605 ut
1278 3551 1471 3604 horum
1512 3549 1732 3604 auditus
1783 3551 2086 3621 pertransi-

507 3661 612 3714 ret.
651 3660 817 3719 utque
851 3664 934 3710 ea,
979 3662 1099 3716 qua:
1130 3646 1588 3713 exspectabantur
1620 3660 1724 3697 non
1754 3646 2082 3700 acciderent.

579 3743 744 3797 Vens.
770 3741 822 3795 3.
859 3758 877 3790 ι
915 3739 1068 3793 Nunc
1099 3737 1294 3804 lugebo
1335 3747 1389 3788 et
1419 3735 1748 3790 consolabor
1799 3751 1902 3790 me.
1947 3735 2086 3809 Pro;

507 3832 963 3905 ptereaimpletus
987 3839 1070 3885 est
1101 3829 1315 3883 lumbus
1351 3843 1502 3882 meus
1524 3827 1814 3892 solutione,
1851 3836 1906 3881 et
1931 3827 2086 3883 dolo-

509 3944 596 3982 res
631 3927 946 3980 invaserunt
975 3938 1060 3978 me
1081 3933 1335 3990 tanquam
1366 3921 1781 3990 parturientem.
1813 3939 1830 3972 ι
1857 3920 2080 3985 Verum,

510 4028 570 4072 ut
595 4032 692 4085 par
724 4024 824 4079 est,
855 4030 998 4067 mine
1037 4011 1251 4083 lugebo.
1295 4013 1439 4081 quod
1475 4027 1578 4065 non
1615 4021 1777 4066 antea
1823 4011 2080 4077 feceram,

509 4108 635 4178 quia
664 4107 894 4176 superba
923 4119 1094 4169 eram,
1124 4113 1180 4156 et
1213 4104 1477 4156 adversus
1517 4101 1756 4170 reliquas
1779 4111 1968 4171 gentes
1998 4117 2082 4156 me

510 4197 838 4254 extollebant
869 4235 885 4258 ,
925 4195 996 4247 ita
1043 4203 1102 4247 ut
1148 4193 1270 4247 aliis
1303 4208 1475 4247 essent
1512 4192 1686 4245 luctus
1717 4208 1903 4247 causa.
1930 4191 2084 4246 Nune

508 4306 640 4346 vero
667 4303 766 4360 ego
793 4291 903 4358 ipsa
935 4286 1194 4356 Babylon,
1235 4300 1356 4338 cum
1405 4285 1604 4354 popqu
1636 4300 1753 4338 meo
1783 4285 1999 4356 lugebo,
2031 4295 2086 4340 et

504 4387 654 4442 luctu
712 4398 797 4440 me
839 4380 1199 4442 consolabor;
1234 4380 1360 4450 quia
1403 4395 1488 4432 me
1538 4394 1720 4434 rerum
1774 4378 2083 4446 hujusmodi

503 4477 754 4533 nuntium
783 4472 1040 4545 perculit:
1087 4472 1242 4540 cujus
1273 4486 1437 4526 causa
1475 4471 1715 4540 repletus
1753 4479 1836 4523 est
1871 4470 2084 4523 lumbus

2204 614 2297 665 καὶ
2331 613 2459 682 περὶ
2500 613 2608 664 τῶν
2647 613 2734 665 ἐπ’
2766 613 2902 682 αὐτῇ
2934 610 3314 682 γενησομένων
3337 615 3449 674 τοῖς
3482 612 3803 680 Αἰγυπτίοις

2203 705 2422 774 ἀγαθῶν
2454 706 2741 769 θεσπίσαν,
2781 706 2848 758 τὰ
2905 705 3248 777 παραχρῆμα
3305 705 3564 775 μέλλοντα
3607 707 3799 772 τέλους

2202 799 2490 867 τυγχάνειν
2527 797 2763 867 συνῆψεν
2788 815 2801 827 ο
2850 798 2937 851 ἵνα
2970 798 3078 850 ἀπὸ
3110 798 3209 868 τῆς
3246 797 3356 850 τῶν
3382 797 3668 870 παρόντων
3704 800 3800 852 ὲκ-

2202 891 2412 954 ϐάσεως
2442 892 2534 943 καὶ
2563 891 2632 944 τὰ
2669 893 2900 962 μακροῖς
2934 889 3158 962 ὕστερον
3191 889 3404 960 χρόνοις
3439 891 3700 960 μέλλοντα
3722 891 3801 960 γί-

2200 982 2387 1035 νεσθαι
2425 980 2737 1051 πιστευθείη
2772 983 2883 1044 τοῖς
2918 981 3040 1033 τότε
3067 978 3371 1050 τηνικαῦτα
3397 980 3506 1033 τῶν
3531 998 3797 1052 προφητιο

2201 1075 2312 1128 κῶν
2336 1075 2510 1143 λόγων
2542 1073 2892 1127 ἐπακούουσι.
2931 1074 3044 1146 Οὐκ
3086 1067 3154 1144 ἦν
3183 1069 3274 1126 οὖν
3301 1073 3518 1127 ἐναντία
3560 1073 3628 1126 τὰ
3661 1092 3795 1144 προ-

2200 1167 2428 1238 κείμενα
2449 1167 2558 1220 τῶν
2577 1165 2666 1220 διὰ
2694 1165 2800 1218 τῶν
2824 1147 3134 1236 ἔμπροσθεν
3157 1165 3646 1237 προφητευομένων
3670 1183 3683 1196 ⁸
3721 1166 3797 1219 τὰ

2202 1261 2300 1331 μὲν
2348 1259 2456 1330 γὰρ
2489 1261 2568 1322 εἰς
2597 1261 2723 1322 τοὺς
2772 1257 3287 1329 προφητευομένους
3339 1258 3599 1329 χρόνουςο
3635 1259 3701 1311 τὰ
3734 1260 3792 1312 δὲ

2200 1353 2453 1425 περὶτῶν
2483 1353 2709 1422 ἔγγιστα
2737 1354 3118 1423 γενησομένων
3151 1351 3418 1420 ἁνεφώνει

2276 1463 2295 1497 ι
2323 1445 2432 1499 Καὶ
2481 1443 3000 1516 ἀναισχυνθήσονται
3039 1444 3362 1515 ἡττηθέντες
3406 1447 3456 1497 οἱ
3503 1445 3790 1514 Αἰγύπτιοι

2197 1541 2290 1592 ἐπὶ
2320 1541 2432 1602 τοῖς
2464 1537 2729 1607 Αἰθίοψιν,
2759 1539 2845 1606 ἐφ’
2883 1533 2965 1601 οἷς
3009 1533 3148 1609 ἦσαν
3183 1537 3500 1602 πεποιθότες
3541 1541 3590 1591 οἱ
3625 1539 3793 1607 Αίγύ⁴

2198 1647 2342 1683 πτιοι
2363 1646 2376 1660 ’
2420 1625 2558 1701 ἦσαν
2587 1628 2697 1700 γὰρ
2725 1629 2908 1692 αὐτοῖς
2939 1628 3064 1695 δόξα
3087 1646 3101 1659 ’
3127 1648 3146 1680 ι
3203 1629 3562 1700 ἐρυθριῶντες
3597 1631 3681 1698 ἐφ’
3705 1626 3790 1693 οἷς

2196 1722 2460 1793 ἐθάρσουν
2491 1720 2584 1773 καὶ
2627 1719 3040 1774 ἐπεποίθεισαν·
3094 1719 3170 1784 ὡς
3217 1719 3646 1788 καταγινώσκειν
3687 1723 3788 1774 καὶ

2200 1811 2514 1884 μέμφεσθαι
2545 1812 2740 1874 αὐτοὺς
2767 1810 3013 1875 ἑαυτούς.

2277 1923 2295 1954 ι
2323 1905 2432 1958 Καὶ
2456 1903 2672 1975 ἐροῦσιν
2703 1905 2752 1958 οἱ
2801 1901 3183 1966 κατοικοῦντες
3222 1905 3281 1956 ἐν
3299 1904 3368 1974 τῇ
3395 1904 3543 1974 νήσῳ
3569 1903 3741 1978 ταύτῃ
3767 1921 3782 1934 ο

2219 1997 2350 2050 Ἰδοὺ
2381 1999 2544 2068 ήμεῖς
2575 1992 2719 2068 ἦμεν
2751 1995 3070 2059 πεποιθότες
3115 1995 3212 2049 τοῦ
3242 1999 3432 2065 φυγεῖν
3476 1998 3556 2059 είς
3588 1999 3786 2060 αὐτοὺς

2196 2092 2276 2152 εἰς
2305 2090 2579 2161 βοήθειαν,
2605 2091 2655 2144 οἳ
2686 2091 2785 2144 οὐκ
2810 2089 3070 2161 ἠδύναντο
3104 2089 3340 2160 σωθῆναι
3383 2090 3491 2143 ἀπὸ
3517 2089 3784 2160 βασιλέως

2209 2183 2505 2255 Ἀσσυρίων
2527 2201 2541 2214 ⁸
2570 2184 2662 2238 καὶ
2698 2184 2813 2247 πῶς
2838 2186 3000 2254 ἡμεῖς
3032 2182 3395 2255 σωθησόμεθα
3419 2199 3433 2248 ;
3461 2203 3478 2234 ι

2709 2274 3103 2330 ΚΕΦΑΛΑΙΟΝ
3134 2278 3265 2330 KA'.

2275 2386 2292 2418 ι
2318 2367 2388 2420 Τὸ
2443 2369 2626 2440 ὅραμα
2653 2368 2749 2440 τῆς
2794 2370 3021 2440 ἐρήμου.
3073 2367 3159 2432 Ὠς
3185 2367 3436 2434 καταιγὶς
3479 2365 3545 2420 δι’
3575 2367 3782 2437 ἐρήμου

2195 2451 2411 2525 διέλθοι,
2445 2459 2503 2525 ἐξ
2531 2461 2736 2532 ἐρήμου
2768 2460 3034 2532 ἐρχομένη
3065 2460 3129 2513 ἐκ
3154 2459 3257 2529 γῆς
3277 2473 3292 2488 ’
3327 2458 3552 2529 φοϐερὸν
3575 2458 3634 2510 τὸ
3651 2459 3785 2528 δρα-

2197 2572 2296 2625 μα,
2330 2555 2426 2608 καὶ
2454 2554 2688 2625 σκληρὸν
2721 2552 2994 2623 ἀνηγγέλη
3029 2570 3140 2625 μοι.
3184 2553 3242 2604 '0
3274 2551 3480 2605 ἀθετῶν
3527 2549 3726 2616 ἀθετεῖ,
3752 2553 3785 2604 ό

2194 2643 2413 2714 ἀνομῶν
2443 2645 2657 2714 ἀνομεῖ.
2721 2643 2838 2695 Ἐπ’
2870 2643 2992 2712 ἐμοὶ
3049 2642 3100 2694 οἱ
3137 2641 3416 2711 Ἐλαμῖται
3446 2639 3537 2693 καὶ
3565 2640 3613 2693 οἱ
3649 2639 3785 2710 πρέ-

2195 2737 2344 2799 σϐεις
2374 2735 2482 2788 τῶν
2517 2733 2741 2806 Περσῶν
2783 2733 2868 2786 ἐπ’
2902 2733 3001 2804 ἐμὲ
3035 2733 3303 2802 ἔρχονται.
3335 2752 3352 2783 ι
3393 2732 3600 2805 Πέρσαι
3626 2732 3781 2801 γοῦν,

2191 2827 2410 2900 Μήδους
2430 2829 2530 2882 οὐκ
2563 2829 2640 2891 είς
2671 2827 2887 2898 μακρὰν
2927 2825 3319 2896 διαδεξάμενοι,
3343 2825 3410 2879 τὰ
3433 2825 3657 2895 λείψανα
3682 2826 3783 2896 τῆς

2192 2921 2511 2984 Βαϐυλῶνος
2546 2919 2814 2973 καθεῖλον.
2843 2917 3080 2981 Εἰκότως
3107 2913 3200 2970 οὖν
3224 2918 3350 2990 περί
3376 2917 3691 2980 Βαϐυλῶνος
3709 2918 3782 2970 τὰ

2192 3015 2464 3086 πολεμικὰ
2494 3011 2744 3084 εἰρῆσθαι
2777 3009 3036 3082 ἠγοῦμαι.
3067 3010 3131 3062 Τί
3165 3009 3222 3062 δέ
3282 3009 3526 3080 βούλεται
3569 3009 3597 3060 ὁ
3622 3008 3781 3077 λόγος

2192 3109 2440 3178 φάσκων,
2479 3126 2496 3158 ι
2519 3105 2592 3160 Τὸ
2638 3105 2820 3175 ὅραμα
2871 3103 2974 3172 τῆς
3024 3104 3230 3174 ἐρήμου
3256 3118 3270 3167 ;
3301 3122 3318 3154 ι
3371 3100 3648 3154 Ἐντεῦθεν
3675 3101 3777 3171 ήδη

2186 3199 2486 3252 ’Βαϐυλῶνα
2529 3197 2733 3269 ἔρημον
2765 3194 3019 3266 ὀνομάζει
3049 3195 3135 3248 διὰ
3165 3196 3234 3248 τὰ
3262 3194 3621 3248 θεσπισθέντα
3648 3193 3782 3265 περὶ

2190 3293 2291 3363 τῆς
2325 3291 2558 3364 ἐρημίας
2587 3289 2777 3359 αὐτῆς.
2810 3287 2900 3341 Διὸ
2926 3289 2990 3341 ἐκ
3027 3286 3317 3359 προσώπου
3343 3287 3442 3358 τῆς
3465 3285 3779 3348 Βαϐυλῶνος

2191 3384 2360 3454 αὐτῆς
2387 3380 2539 3455 οἶμαι
2565 3380 2739 3436 ταῦτα
2766 3380 3036 3449 λέγεσθαι,
3068 3381 3144 3444 ὡς
3167 3381 3248 3443 είς
3269 3380 3437 3451 ἀκοὴν
3475 3377 3781 3449 παραδεξα-

2194 3477 2361 3548 μένης
2381 3479 2448 3530 τὰ
2479 3475 2740 3546 μέλλοντα
2767 3474 2904 3544 αὐτῇ
2933 3473 3144 3526 ἐπιέναι
3175 3471 3341 3534 κακὰ,
3377 3470 3676 3542 εὐχομένης
3715 3486 3778 3522 τε

2190 3566 2479 3639 παρελθεῖν
2502 3566 2599 3636 τήν
2632 3564 2820 3634 ἀκοὴν,
2857 3564 2952 3617 καὶ
2987 3562 3060 3634 μὴ
3091 3562 3342 3631 γενέσθαι
3368 3563 3436 3615 τὰ
3466 3559 3777 3634 προσδοκιῦ-

2193 3679 2352 3733 μένα.

2265 3776 2283 3807 ι
2305 3755 2418 3809 Νῦν
2447 3754 2687 3818 στενάξω
2719 3754 2812 3808 καὶ
2846 3749 3215 3823 παρακαλέσω
3237 3749 3489 3818 ἐμαυτόν.
3525 3748 3623 3801 Διὰ
3655 3746 3778 3800 τοῦ-

2188 3863 2248 3899 το
2277 3842 2582 3915 ἐνεπλήσθη
2613 3845 2646 3914 ή
2671 3841 2842 3912 ὀσφύς
2875 3859 2975 3913 μου
3002 3838 3292 3903 ἐκλύσεως,
3317 3838 3411 3892 καὶ
3442 3838 3628 3900 ὠδῖνες
3651 3837 3774 3894 ἰλα-

2190 3939 2280 3992 ϐόν
2316 3955 2382 4008 με
2413 3937 2488 4001 ὡς
2537 3935 2846 3989 τίκτουσαν.
2873 3955 2890 3986 ι
2935 3933 3072 3986 Ἀλλ’
3097 3933 3174 3996 ὡς
3206 3931 3348 3986 ἔοικε
3389 3931 3483 3986 νῦν
3517 3931 3771 3997 στενάξω,

2187 4030 2322 4099 ὅπερ
2359 4027 2621 4097 πρότερον
2657 4025 2757 4078 οὐκ
2783 4024 3073 4097 ἔπραττον,
3113 4022 3461 4093 ὑπερήφανος
3490 4017 3645 4083 οὖσα.
3681 4023 3775 4076 καὶ¹

2187 4119 2294 4172 τῶν
2321 4115 2521 4170 λοιπῶν
2574 4114 2741 4169 ἐθνῶν
2785 4112 3225 4183 κατεπαιρομένη
3254 4129 3266 4141 ·
3321 4111 3396 4176 ὡς
3432 4112 3638 4184 ἑτέροις
3678 4114 3775 4183 ἐμ-

2189 4213 2361 4263 ποιεῖν
2387 4206 2738 4278 στεναγμούς.
2783 4204 2896 4258 Νῦν
2927 4204 2984 4256 δέ
3019 4202 3157 4272 αὑτὴ
3187 4201 3297 4271 ἐγὼ
3326 4201 3602 4266 Βαϐυλὼν,
3631 4203 3725 4256 καὶ
3746 4205 3774 4254 ό

2191 4304 2246 4354 ἐν
2279 4302 2401 4372 ἐμοὶ
2419 4299 2568 4363 λαὸς,
2605 4295 2866 4362 στενάξω,
2898 4296 2992 4352 καὶ
3023 4294 3384 4368 παρακαλέσω
3413 4295 3655 4366 ἐμαυτὴν
3686 4295 3771 4348 διὰ

2187 4393 2280 4446 τοῦ
2307 4390 2616 4462 στεναγμοῦ
2638 4407 2650 4421 ⁸
2678 4389 2865 4458 ἐπειδὴ
2883 4387 3167 4459 καθήψατό
3221 4405 3320 4457 μου
3342 4389 3376 4457 ἡ
3407 4387 3535 4458 περὶ
3561 4385 3667 4438 τῶν
3696 4385 3774 4438 λεο

2188 4483 2424 4554 χθέντων
2440 4474 2768 4550 ἀγγελία,ἦς
2780 4479 2940 4534 ἕνεκα
2969 4475 3211 4549 ἐπλήσθη
3241 4479 3274 4548 ἡ
3299 4475 3469 4546 ὀσφύς
3493 4494 3594 4548 μου
3618 4476 3774 4530 ἐκλύ-

501 4585 658 4624 meus
695 4567 984 4628 solutione,
1027 4567 1117 4634 qui
1169 4565 1298 4618 olim
1357 4564 1683 4634 praecinctus
1747 4571 1958 4618 eratet
2003 4565 2081 4615 la-

2193 4593 2328 4635 σεως
2379 4573 2544 4628 πάλαι
2579 4571 2986 4642 κατεσφιγμένη
3051 4572 3145 4624 καὶ
3173 4569 3584 4640 νεανιευομένηο
3614 4568 3771 4638 ὀδύνη

506 4662 790 4717 sciviebat.
823 4659 985 4713 Dolor
1012 4657 1141 4712 item
1181 4665 1236 4710 et
1266 4655 1478 4710 labores
1511 4667 1597 4707 me
1622 4662 1983 4722 occuparunt,
2011 4653 2082 4706 ita

504 4768 565 4808 ιιι
598 4770 698 4825 ego
730 4753 990 4822 Babylon,
1025 4750 1154 4820 olim
1201 4749 1418 4803 caeteris
1451 4745 1727 4809 terribilis,
1766 4745 1897 4800 nihil
1927 4745 2081 4800 diﬂ'e-

506 4863 622 4902 ram
653 4863 681 4900 a
718 4847 944 4901 muliere
997 4843 1262 4914 pariente.
1312 4839 1438 4895 Hmc
1479 4854 1642 4908 porro
1689 4839 1818 4892 mihi
1865 4840 2081 4893 accide-

504 4950 655 5005 runt,
692 4940 818 5008 quia
871 4939 1046 4992 lateor
1080 4951 1165 4990 me
1205 4934 1390 5003 inique
1425 4931 1625 5000 egisse,
1658 4945 1780 4985 cum
1812 4930 2081 4984 neminem

506 5028 1082 5084 commonefacientem
1109 5041 1196 5081 me
1228 5025 1496 5085 audirem.
1535 5031 1588 5076 et
1617 5037 1741 5077 cum
1779 5021 1907 5076 mihi
1939 5037 2084 5076 cura:

507 5133 671 5184 esset.
712 5130 773 5174 ut
798 5131 1005 5174 rectum
1031 5119 1164 5173 nihil
1196 5119 1517 5188 aspicerem.
1555 5115 1760 5182 Quare,
1794 5115 1894 5179 ait,
1942 5131 2086 5168 nunc

506 5212 817 5268 conﬁtendo
852 5211 995 5265 dico.

579 5303 745 5360 Vens.
781 5303 838 5356 4.
885 5320 904 5353 ι
938 5302 1122 5371 Inique
1163 5302 1272 5372 egi,
1311 5305 1454 5371 quod
1507 5316 1616 5355 non
1666 5299 1906 5371 viderem
1938 5317 1952 5352 :
1987 5314 2082 5354 cor

509 5413 687 5452 meum
739 5405 913 5461 errat,
959 5395 1222 5462 iniquitas
1269 5410 1391 5447 mea
1432 5393 1697 5463 demergit
1743 5407 1828 5445 me
1857 5407 1872 5444 :
1903 5391 2083 5444 anima

508 5507 624 5545 mea
657 5491 709 5544 in
745 5498 893 5544 metu
924 5497 1192 5540 versatur.
1220 5504 1238 5537 ι
1271 5483 1397 5538 llaec
1427 5499 1560 5538 sane
1596 5493 1728 5554 puto
1762 5501 1792 5537 a
1818 5482 2083 5552 propheta

507 5585 645 5637 dicta
702 5581 890 5646 fuisse,
949 5577 1244 5648 Babylonis
1299 5591 1584 5646 personam
1638 5584 1977 5644 assumente,
2030 5585 2086 5628 et

504 5675 658 5744 quasi
693 5674 956 5743 ejusdem,
994 5671 1109 5728 sive
1141 5669 1318 5740 gentis
1366 5669 1611 5722 eamdem
1661 5668 1949 5725 incolentis
1987 5682 2084 5722 no-

507 5771 653 5824 mine
692 5767 807 5822 liccc
831 5767 975 5822 dicta
1015 5763 1269 5834 proferri.

583 5858 830 5916 Vens.
898 5876 917 5910 ι
948 5856 1198 5926 Praepara
1260 5867 1529 5921 mensam,
1570 5854 1859 5922 comedite,
1879 5858 2082 5926 bibite;

2187 4684 2244 4719 τε
2279 4668 2372 4719 καὶ
2423 4665 2574 4718 πόνοι
2605 4663 2905 4718 κατέλαϐόν
2941 4680 3029 4733 με,
3082 4662 3158 4726 ὡς
3194 4662 3360 4734 μηδὲν
3398 4661 3676 4733 διαφέρειν
3705 4679 3772 4732 με

2187 4759 2284 4830 τὴν
2311 4758 2625 4820 Βαϐυλῶνα,
2657 4757 2756 4828 τὴν
2786 4755 2950 4810 πάλαι
2971 4756 3178 4827 ἑτέροις
3197 4751 3360 4809 οὖσαν
3391 4753 3647 4827 φοϐερὰν,
3677 4771 3774 4822 γυ-

2190 4849 2375 4912 ναικὸς
2393 4847 2699 4916 τικτούσης.
2732 4845 2916 4900 Ταῦτα
2944 4846 3002 4898 δέ
3039 4863 3126 4916 μοι
3169 4844 3534 4916 συμϐέϐηκεν,
3565 4846 3776 4916 ἐπειδή-

2189 4957 2292 5011 περ
2312 4938 2555 5010 ὁμολογῶ
2577 4938 2914 5009 ἠδικηκέναι,
2940 4938 3027 4990 ὅτε
3049 4937 3272 5009 μηδενὸς
3294 4938 3488 5008 ήκουον
3507 4937 3615 4991 τῶν
3634 4955 3773 5010 παρ-

2188 5031 2479 5084 αινούντων
2509 5047 2620 5101 μοι,
2655 5030 2746 5082 καὶ
2797 5030 2886 5084 ὅτε
2917 5029 3152 5098 σπουδὴν
3177 5029 3474 5100 ἐποιούμην
3497 5030 3661 5101 μηδὲν
3679 5031 3772 5103 όρ-

2189 5121 2278 5174 θὸν
2314 5122 2552 5192 βλέπειν.
2581 5121 2690 5184 Διὸ,
2729 5123 2880 5192 φησι,
2916 5120 3010 5174 νῦν
3043 5120 3505 5192 ἐξομολογουμένη
3545 5120 3707 5194 φημί·

2264 5321 2281 5353 ι
2306 5302 2568 5373 Ἡδίκησα
2585 5299 2678 5354 τοῦ
2706 5301 2780 5372 μὴ
2807 5300 3050 5371 βλέπειν·
3077 5301 3346 5355 πλανᾶται
3367 5303 3400 5371 ή
3428 5302 3623 5374 καρδία
3647 5319 3773 5373 μου,

2190 5397 2280 5448 καὶ
2315 5395 2574 5466 ήάνομία
2609 5412 2710 5466 μου
2751 5392 2999 5464 βαπτίζει
3034 5410 3134 5463 με·
3169 5395 3201 5464 ἡ
3230 5392 3374 5465 ψυχή
3409 5412 3511 5464 μου
3543 5394 3772 5466 ἐφέστη-

2187 5505 2282 5540 κεν
2301 5489 2379 5550 είς
2404 5486 2582 5556 φόϐον.
2619 5505 2636 5536 ι
2670 5485 2854 5539 Ταῦτα
2883 5486 2979 5557 μὲν
3007 5480 3159 5555 οἶμαι
3183 5483 3433 5574 λελέχθαι
3454 5485 3529 5556 τῷ
3559 5487 3772 5558 προφή-

2186 5594 2276 5649 τῃ,
2308 5576 2738 5649 προσωποιοῦντι
2792 5578 2890 5649 τὴν
2915 5575 3230 5640 Βαϐυλῶνα,
3254 5577 3350 5629 καὶ
3403 5577 3478 5640 ὠς
3501 5575 3558 5642 ἐξ
3581 5577 3771 5648 αὐτῆς,

2186 5671 2220 5741 ἦ
2250 5670 2344 5723 καὶ
2377 5669 2469 5722 τοῦ
2509 5671 2567 5721 ἐν
2602 5671 2741 5741 αὐτῇ
2782 5667 3159 5731 κατοικοῦντος
3201 5666 3386 5732 ἔθνους
3417 5669 3486 5722 τὰ
3507 5669 3772 5740 εἰρημένα

2186 5763 2566 5834 προέρχεσθαι.

2262 5854 2620 5923 «Ἑτοίμασον
2671 5855 2770 5926 τὴν
2815 5854 3114 5926 τράπεζαν,
3166 5857 3389 5928 φάγετε,
3441 5854 3771 5910 πίετε’ἀνα-
