4158 6402
393 375 494 432 241

1350 371 1859 429 ΟΟΜΜΕΝΤΑΒΙΑ
1902 369 1965 427 IN
2008 370 2265 429 lSAlAM.
2308 404 2373 415 -—
2411 372 2565 429 CAP.
2606 369 2747 427 XXI.
2780 354 2787 361 ’

3565 366 3674 425 ειε

395 491 640 556 στάντες,
671 490 721 545 οἱ
756 490 1393 562 ἄρχοντες,ἁνασπάσατε
1425 491 1671 564 θυρεούς.
1696 511 1713 541 ο
1746 492 1820 545 Τὸ
1855 509 1976 563 προ-

2096 500 2416 563 surgentes.
2452 491 2752 563 principes,
2772 490 2995 561 arripite
3017 489 3257 560 clypeos.
3288 508 3308 543 ι
3332 489 3536 555 Medos,
3555 491 3674 545 Ela-

393 583 624 655 φητικὸν
658 582 879 653 πνεῦμα
919 582 1053 655 πρὸς
1078 583 1204 647 τούς
1235 583 1449 654 Μήδους
1476 585 1570 638 καὶ
1596 586 1722 648 τοὺς
1763 584 1981 654 Ἐλαμί-

390 691 509 741 τας,
533 674 629 728 καὶ
658 674 795 746 πρὸς
816 674 942 738 τοὺς
965 673 1221 744 πρέσϐεις
1240 672 1347 728 τῶν
1372 673 1597 745 Περσῶν
1617 674 1977 740 ἀποτείνεται,

390 766 657 839 διεγεῖρον
706 767 801 821 καὶ
833 765 1131 837 παρορμῶν
1161 766 1357 829 αὐτοὺς
1384 766 1475 819 ἐπὶ
1502 766 1593 819 τὸν
1630 766 1769 820 κατὰ
1800 766 1979 822 Βαϐυ-

392 858 601 913 λωνίων
625 858 879 930 πόλεμον.
921 857 1013 911 Διὸ
1041 857 1117 921 ὡς
1146 858 1282 929 πρὸς
1311 857 1507 923 αὐτούς
1532 876 1697 929 φησιν
1716 876 1729 889 ’
1768 880 1785 911 ι
1808 858 1980 914 ἸΞτοί-

395 968 570 1022 μασον
592 950 690 1023 τὴν
721 949 1022 1023 τράπεζαν.
1053 949 1279 1019 φάγετε,
1306 970 1325 1002 ι
1365 950 1458 1004 καὶ
1490 950 1559 1005 τὰ
1587 951 1734 1021 ἑξῆς.

467 1044 626 1098 «Ὅτι
664 1043 837 1108 οὓτως
861 1039 983 1097 εἶπε
1012 1042 1218 1117 Κύριος
1250 1044 1387 1117 πρὸς
1418 1045 1485 1115 μέ.
1505 1062 1521 1076 ο
1553 1044 1784 1108 Βαδίσας
1821 1062 1978 1099 σεαυ-

390 1131 475 1206 τῷ
505 1133 707 1204 στῆσον
752 1134 974 1199 σκοπὸν,
1007 1136 1101 1189 καὶ
1124 1136 1153 1189 ὃ
1183 1136 1277 1190 ἑὰν
1302 1135 1439 1209 ἴδῃς,
1485 1135 1823 1205 άνάγγειλον.
1873 1138 1980 1191 Καὶ

392 1224 533 1282 εἶδον
564 1228 841 1292 ἀναϐάτας
885 1230 1069 1293 ἱππεῖς
1123 1228 1234 1293 δύο,
1270 1228 1362 1282 καὶ
1393 1228 1671 1300 ἀναϐάτην
1710 1230 1852 1295 ϐνου,
1888 1230 1981 1283 καὶ

389 1319 668 1391 ἀναϐάτην
689 1319 957 1391 καμήλου.
1012 1320 1303 1390 ’Δκρόασαι
1335 1320 1599 1391 ἀκρόασιν
1636 1321 1854 1393 πολλὴν,
1887 1323 1981 1376 καὶ

390 1411 623 1465 κάλεσον
648 1412 853 1483 Οὐρίαν
873 1413 952 1476 είς
981 1411 1079 1484 τὴν
1101 1412 1351 1467 σκοπιάν.
1380 1432 1398 1464 ι
1426 1413 1637 1484 Σημεῖα
1651 1413 1707 1466 δὲ
1734 1415 1829 1467 καὶ
1853 1414 1983 1484 σύμ-

391 1503 524 1558 ϐολα
548 1500 618 1575 ἦν
644 1503 818 1557 ταῦτα
847 1505 946 1575 τῆς
970 1503 1079 1558 τῶν
1106 1504 1380 1575 πολεμίων
1412 1505 1792 1578 παρατάξεως,
1828 1498 1903 1559 ὧν
1930 1508 1977 1559 oi

393 1595 495 1667 μὲν
517 1595 605 1665 ἐφ’
638 1595 901 1666 ἁρμάτων
928 1594 1210 1667 ὀχούμενοι
1239 1595 1496 1667 ἐπῄεσαν,
1525 1598 1574 1651 οί
1602 1596 1659 1650 δὲ
1688 1599 1780 1650 ἐπὶ
1812 1616 1977 1652 νωτο-

390 1686 595 1760 φόρων,
623 1686 693 1740 τὰ
724 1686 912 1741 δέοντα
947 1688 1081 1759 πρὸς
1105 1687 1292 1760 χρείας
1324 1688 1671 1759 ἐπαγόμενοι.
1712 1709 1730 1741 ι
1753 1690 1977 1761 Ἀκρόα·

391 1796 481 1834 σαι
504 1779 766 1851 ἀκρόασιν
792 1778 1014 1852 πολλὴν,
1041 1780 1134 1834 καὶ
1158 1780 1386 1835 κάλεσον
1411 1780 1614 1853 Οὐρίαν
1634 1783 1714 1845 είς
1735 1783 1833 1854 τὴν
1856 1800 1981 1838 σκοο

382 1867 543 1938 πιὰν,
568 1893 586 1925 ι
621 1874 720 1944 τὴν
738 1872 1070 1946 ῥηθήσεσθαι
1100 1874 1400 1945 μέλλουσαν
1416 1874 1626 1942 ἔπειτα,
1658 1875 1810 1948 ἢτὴν
1836 1876 1983 1930 λέαι-
2016 1865 2056 1920 Β

386 1966 571 2037 ναν,ἢ
626 1965 717 2020 τὸν
762 1967 949 2039 Ἀριὴλ
1002 1967 1251 2032 κάλεσαι,
1306 1968 1455 2032 ὅπως
1501 1969 1594 2022 καὶ
1618 1968 1781 2032 αὐτὸς
1808 1968 1977 2023 ἐλθὼν

387 2054 495 2108 ὐπὸ
522 2055 617 2108 τοῦ
648 2056 851 2110 σκοποῦ
880 2056 1121 2130 θεαθείη,
1163 2058 1256 2113 τοῦ
1288 2061 1569 2132 προφήτου
1602 2058 1718 2131 ἅμα
1750 2058 1829 2130 τῷ
1854 2077 1981 2113 σκο-

386 2147 475 2220 πῷ
504 2148 800 2220 θεωμένου.
844 2150 904 2203 Ὀ
940 2149 997 2203 δὲ
1032 2151 1312 2223 σημαίνων
1352 2152 1501 2222 λέγει
1527 2151 1596 2205 τὰ
1639 2150 1783 2221 ἑξῆς.
1818 2146 1983 2222 Οἶμαι

386 2240 476 2294 διὰ
494 2240 698 2295 τούτων
725 2242 1086 2313 σημαίνεσθαι
1109 2242 1211 2314 τῆς
1252 2244 1553 2317 ’Δσσυρίων
1577 2243 1854 2315 βασιλείας
1884 2244 1982 2314 τὴν

316 2328 321 2335 ’
388 2331 631 2403 ⁴ι”αντελῆ
661 2331 978 2403 καθαίρεσιν
1007 2333 1143 2387 Θεοῦ
1187 2334 1366 2405 κρίσει
1390 2334 1709 2407 γενομένην.
1758 2336 1901 2389 Ἀντί
1927 2335 1982 2389 δὲ

386 2424 504 2489 τοῦ,
537 2444 554 2476 ι
580 2426 805 2498 Οὐρίαν,
833 2447 851 2477 ι
888 2427 917 2479 6
945 2427 1042 2497 μὲν
1079 2426 1329 2492 Ἀκύλας,
1367 2447 1387 2481 ι
1413 2428 1621 2493 λέοντα,
1656 2448 1674 2480 ι
1707 2430 1735 2481 6
1754 2428 1812 2483 δὲ
1838 2428 1983 2500 Σύμ-

393 2534 593 2588 μαχος,
637 2535 656 2569 ι
696 2517 975 2582 λέαιναν,›
1012 2521 1042 2572 6
1077 2518 1135 2572 δὲ
1177 2518 1490 2586 Θεοδοτίων,
1546 2519 1794 2591 «Ἀριὴλ,
1822 2541 1840 2573 ι
1892 2521 1979 2589 ἐξ·

391 2606 615 2662 ἔδωκεν.
650 2609 837 2671 Οὐδεὶς
867 2611 1043 2666 τοίνυν
1075 2610 1276 2682 Οὐρίαν
1299 2612 1611 2683 ὠνόμασεν·
1640 2614 1761 2667 ἐπεὶ
1801 2614 1921 2667 οὐδὲ
1946 2617 1980 2688 ἡ

398 2699 663 2771 Ἢϐραῖκὴ
687 2703 839 2773 φωνὴ
862 2702 1237 2774 ἐμνημόνευσε
1266 2703 1360 2756 τοῦ
1392 2704 1585 2774 Οὐρία.

461 2812 478 2843 ι
502 2792 613 2846 Καὶ⁵
645 2789 827 2847 εἶπεν·
860 2794 1022 2864 ἔστην
1055 2795 1348 2859 διαπαντὸς
1374 2796 1606 2867 ἡμέρας,
1638 2798 1731 2851 καὶ
1764 2798 1856 2851 ἐπὶ
1879 2799 1978 2870 τῆς

389 2883 740 2956 παρεμϐολῆς
759 2884 921 2958 ἔστην
951 2885 1078 2958 ὅλην
1114 2887 1215 2958 τὴν
1252 2889 1441 2943 νύκτα.
1470 2908 1488 2939 ι
1522 2890 1778 2963 Είστήκει
1798 2892 1978 2947 τοίνυν

388 2979 483 3032 καὶ
507 2980 536 3032 ὀ
566 2980 852 3052 προφήτης
882 2980 999 3051 ἅμα
1015 2980 1094 3051 τῷ
1118 2981 1326 3053 σκοπῷ,
1363 2985 1681 3057 καραδοκῶν
1716 2987 1814 3058 τὴν
1851 2987 1977 3058 μέλ-

387 3073 585 3128 λουσαν
616 3074 798 3138 αὐτοῖς
851 3073 1185 3144 ὀφθήσεσθαι
1218 3074 1341 3145 ὄψιν
1393 3076 1485 3130 τοῦ
1521 3077 1731 3142 λέοντος
1764 3079 1978 3150 καὶτῆς

387 3167 625 3241 λεαίνης,
660 3169 693 3241 ἢ
719 3167 809 3223 τοῦ
858 3169 1067 3242 Ἀριήλ.
1117 3171 1566 3242 Διακαρτερήσας
1598 3170 1656 3225 δὲ
1687 3172 1779 3225 τὸν
1799 3172 1975 3227 πάντα

387 3259 488 3330 τῆς
531 3259 738 3332 ἡμέρας
785 3260 880 3315 καὶ
917 3261 1009 3316 τὸν
1051 3261 1151 3332 τῆς
1204 3262 1397 3324 νυκτὸς
1440 3262 1649 3333 χρόνον,
1708 3263 1968 3333 ὲπιλέγει’

394 3371 413 3400 ι
445 3349 557 3402 Καὶ
593 3349 700 3404 ίδού
729 3350 892 3414 αὐτὸς
919 3349 1160 3422 ἔρχεται.
1190 3367 1209 3400 ι
1251 3348 1347 3414 Τίς
1376 3349 1432 3402 δὲ
1462 3341 1637 3416 οὗτος,
1661 3351 1694 3421 ἢ
1730 3350 1972 3422 δηλονότι

398 3441 584 3515 Ἀριθςλ
627 3441 971 3514 ἐπιϐεϐηκὼς
1021 3441 1304 3514 ξυνωρίδι;
1340 3442 1431 3495 Διό
1460 3458 1626 3513 φησι’
1670 3463 1687 3494 ι
1714 3444 1824 3498 Καὶ
1861 3443 1969 3497 ἰδοὺ

386 3535 549 3599 αὐτὸς
580 3534 797 3606 ἔρχεται
826 3536 919 3590 καὶ
952 3535 1231 3608 ἀναϐάτης
1258 3535 1567 3608 ξυνωρίδος.
1609 3555 1628 3588 ι
1650 3538 1746 3602 Τίς
1796 3537 1852 3592 δὲ
1881 3530 1972 3591 οὗ·

384 3645 479 3693 τος
500 3630 610 3701 ἄρα
631 3626 721 3702 ἦν,
746 3630 779 3702 ἢ
807 3631 1046 3703 τιμωρός
1072 3649 1154 3696 τις
1194 3630 1443 3700 ἄγγελος,
1472 3632 1539 3686 δι’
1569 3624 1629 3685 οὐ
1657 3631 1725 3686 τὰ
1748 3633 1847 3705 τῆς
1874 3650 1972 3687 πο-

382 3718 629 3792 λιορκίας
657 3721 757 3792 τῆς
811 3722 1127 3786 Βαϐυλῶνος
1155 3722 1343 3795 ἔμελλε
1399 3722 1768 3796 πληροῦσθαι;
1819 3724 1975 3795 Τάχα

386 3830 488 3866 που
523 3813 712 3885 Ἀριὴλ
762 3812 1182 3886 ὀνομαζόμενος,
1209 3816 1241 3887 ἢ
1288 3816 1380 3871 καὶ
1412 3815 1574 3880 αὐτὸς
1604 3817 1810 3881 ἐκεῖνος
1836 3817 1865 3870 6
1896 3817 1973 3881 ὡς

383 3904 522 3958 λέων
536 3905 866 3977 ὠρυόμενος,
891 3907 985 3960 καὶ
1017 3907 1336 3976 περιπατῶν
1368 3906 1545 3979 ζητῶν
1566 3908 1688 3962 τίνα
1704 3908 1970 3981 καταπίῃ.

382 3995 496 4049 Kal.
509 3995 571 4068 δὴ
596 3996 932 4068 θεασάμενος
950 3998 1111 4052 αὐτὸν
1135 3999 1164 4050 6
1194 4000 1499 4071 προφήτης,
1529 3999 1766 4053 συνεῖδεν
1795 4001 1871 4064 ὡς
1902 4017 1975 4053 τι·

387 4090 700 4161 μωρητικὸς
730 4088 808 4143 ῶν
833 4089 1063 4159 ἄγγελος
1092 4091 1192 4161 τὴν
1225 4092 1325 4163 τῆς
1352 4091 1671 4155 Βαϐυλῶνος
1695 4092 1971 4147 ἀπώλειαν

383 4180 706 4251 ἐργάζεται·
738 4181 820 4235 διὸ
861 4180 1057 4253 ὲπιϐοᾷ
1098 4180 1307 4250 λέγων·
1350 4200 1367 4232 ι
1396 4182 1680 4244 Πὲπτωκε,
1717 4182 1971 4236 πέπτωκε

382 4270 661 4339 Βαϐυλὼν,
689 4272 785 4326 καὶ
813 4273 989 4327 πάντα
1015 4272 1084 4326 τὰ
1108 4272 1399 4344 ἀγάλματα
1425 4273 1615 4345 αὐτῆς,
1646 4274 1739 4327 καὶ
1765 4274 1834 4329 τὰ
1863 4292 1975 4346 χει-

2091 583 2279 649 mitas,
2302 592 2358 639 et
2388 581 2683 639 Persarum
2735 584 2945 654 legatos
2994 581 3285 652 compellat
3323 584 3672 653 prOpheticus

2089 676 2335 745 spiritus,
2358 677 2605 732 excitans
2638 690 2733 731 eos
2761 676 2828 730 ad
2859 674 3059 730 bellum
3094 684 3288 730 contra
3318 674 3666 747 Babylonius.

2089 769 2272 836 Quare
2308 768 2464 838 quasi
2496 768 2562 823 ad
2601 768 2723 824 illos
2750 768 2881 823 talia
2916 766 3090 833 fatur,
3156 785 3176 819 ι
3218 765 3469 838 Praepara
3512 781 3672 821 men-

2089 875 2228 924 sam,
2272 857 2565 924 comedite,
2599 876 2617 909 ι
2646 866 2699 913 et
2722 867 2946 913 ca-tera.
3624 862 3629 871 '

2164 1046 2332 1101 Vens.
2370 1042 2491 1099 6--8.
2536 1042 2805 1111 Quoniam
2856 1044 2934 1098 sic
2981 1041 3120 1097 dixit
3149 1042 3407 1096 Dominus
3439 1042 3508 1096 ad
3559 1034 3667 1108 me,

2088 1138 2373 1195 Proiectus
2400 1148 2579 1192 statue
2615 1137 2708 1191 tibi
2742 1135 3163 1206 speculatorem,
3194 1135 3410 1205 etquod
3442 1135 3670 1199 videris.

2090 1232 2366 1288 renuntia.
2401 1229 2468 1284 Et
2496 1228 2607 1283 vidi
2654 1242 2896 1284 sessores
2931 1229 3142 1298 equites
3188 1228 3345 1293 duos,
3394 1242 3681 1283 sessorem

2091 1325 2253 1390 asini,
2306 1332 2361 1379 et
2398 1338 2670 1379 sessorem
2731 1322 2953 1377 cameli.
2998 1321 3136 1375 Audi
3165 1320 3499 1377 auditionem
3531 1304 3671 1375 mul-

2091 1428 2224 1483 tam,
2259 1427 2314 1472 et
2348 1431 2483 1471 voca
2511 1415 2699 1471 Uriam
2739 1416 2805 1469 ad
2838 1413 3135 1484 speculam.
3164 1433 3182 1465 |
3237 1412 3399 1486 Signa
3442 1428 3577 1467 vero
3616 1394 3671 1466 ἐι

2089 1509 2336 1581 symbola
2368 1511 2486 1564 haec
2517 1519 2669 1562 erant
2710 1508 2847 1562 aciei
2888 1507 3258 1572 inimicorum,
3289 1522 3521 1578 quorum
3575 1486 3669 1560 alii

2089 1599 2341 1655 curribus
2369 1599 2508 1654 vecti
2542 1599 2847 1661 irruebant,
2905 1597 2997 1651 alii
3032 1597 3295 1666 jumentis
3334 1598 3582 1653 sarcinas
3613 1584 3669 1651 et

2087 1702 2452 1748 commeatum
2487 1693 2743 1760 agebant.
2801 1708 2819 1740 ι
2851 1690 2990 1744 Audi
3031 1690 3362 1743 auditionem
3416 1689 3666 1752 multam,

2086 1797 2143 1843 et
2166 1801 2299 1841 voca
2345 1784 2530 1841 Uriam
2577 1786 2641 1839 ad
2694 1784 3053 1853 speculam“
3115 1782 3366 1837 videlicet
3399 1794 3544 1846 eam,
3600 1768 3669 1835 di:

2086 1899 2192 1955 qua
2215 1892 2406 1952 postea
2431 1896 2635 1947 sermo,
2671 1882 2784 1935 sive
2809 1881 3059 1945 lemnain,
3104 1879 3221 1936 sive
3256 1877 3401 1933 Ariel
3460 1864 3663 1942 evoca';

2086 1985 2147 2031 ut
2177 1989 2237 2031 et
2272 1977 2389 2047 ipse
2414 1976 2642 2029 veniens
2667 1990 2694 2027 a
2730 1973 3071 2043 speculatore
3097 1973 3367 2037 videatur,
3402 1962 3665 2047 pr0phcta

2087 2069 2215 2124 item
2256 2083 2380 2123 cum
2416 2066 2762 2137 speculatore
2797 2080 2902 2119 una
2955 2062 3350 2133 conspiciente.
3394 2062 3488 2119 llle
3536 2038 3666 2118 vero

2086 2160 2402 2230 speculator
2430 2173 2658 2213 monens
2683 2158 2968 2226 sequentia
3008 2156 3160 2211 dicit.
3191 2154 3288 2210 His
3326 2165 3504 2208 autem
3535 2162 3673 2223 putc‘

2087 2251 2384 2324 signiﬁcari
2412 2250 2760 2321 Assyriorum
2795 2264 3046 2318 regnum,
3075 2246 3280 2318 judicio
3313 2245 3404 2300 Dei
3424 2245 3667 2305 funditus

2084 2360 2363 2402 eversum.
2393 2341 2502 2399 Pro
2532 2343 2624 2397 illn
2653 2353 2857 2404 autem,
2891 2360 2908 2393 ι
2942 2340 3151 2407 Uriam,
3178 2359 3196 2391 ι
3250 2338 3470 2409 Aquila,
3504 2358 3523 2391 ι
3556 2336 3658 2392 leo!

2085 2452 2231 2504 nem,
2279 2456 2298 2490 ι
2354 2435 2738 2508 Symmachus,
2770 2453 2788 2485 ι
2825 2433 3076 2495 leaenam,
3110 2449 3129 2481 ι
3162 2430 3485 2495 Thcodmio,
3534 2448 3553 2480 ι
3595 2428 3666 2483 Al

2086 2530 2207 2595 riel,
2235 2549 2254 2583 ι
2284 2527 2473 2585 edidit.
2503 2526 2673 2583 Nemo
2703 2526 2867 2597 igitur
2904 2524 3090 2581 Uriam
3127 2523 3451 2580 memoravit
3479 2543 3491 2578 :
3530 2509 3665 2591 quol-

2082 2624 2231 2678 niam
2266 2636 2368 2678 nec
2392 2620 2658 2678 Hebraica
2689 2637 2789 2676 vox
2821 2619 3007 2676 Uriam
3040 2618 3306 2673 nominat.
3478 2614 3499 2631 ’“
3647 2618 3653 2637 ¹

2155 2800 2322 2859 Vsus.
2350 2801 2406 2857 9.
2449 2818 2467 2851 ι
2499 2799 2565 2854 Et
2588 2798 2767 2854 dixit:
2799 2796 2941 2853 Steti
2977 2804 3089 2851 t0ta
3120 2794 3227 2859 die,
3266 2802 3322 2849 et
3372 2793 3423 2846 in
3465 2789 3663 2845 castris

2082 2896 2207 2951 steti
2239 2904 2351 2951 tota
2381 2905 2562 2949 nocte.
2599 2912 2617 2945 ι
2651 2890 2817 2947 Stetit
2852 2905 2985 2960 ergo
3014 2887 3278 2960 pmpheta
3319 2900 3442 2940 cum
3469 2896 3666 2951 specu-

2081 2985 2275 3049 latore,
2308 2995 2637 3055 exspectans
2670 2983 2908 3038 futuram
2939 2980 3085 3034 illam
3131 2979 3426 3041 visionem,
3461 2975 3661 3037 leonis,

2081 3077 2163 3133 vel
2198 3078 2402 3143 learna',
2434 3077 2519 3130 vel
2551 3074 2722 3130 Ariel.
2755 3073 2886 3129 Cum
2917 3082 3103 3127 autem
3154 3081 3267 3124 tuto
3320 3070 3426 3124 diei
3462 3079 3518 3122 et
3564 3083 3664 3121 no-

2080 3172 2184 3225 ctis
2218 3180 2461 3239 tempore
2488 3168 2835 3238 perstitisset,
2871 3166 3075 3230 subdit,
3108 3184 3126 3216 ι
3166 3165 3227 3219 Ει
3252 3177 3381 3219 ecce
3425 3163 3536 3230 ipse
3569 3173 3664 3212 ve-

2083 3262 2181 3317 nit.
2218 3281 2236 3312 ι
2270 3259 2403 3327 Quis
2434 3259 2522 3314 ille
2557 3268 2735 3312 autem
2783 3266 2889 3321 est,
2932 3256 3037 3311 nisi
3072 3254 3221 3308 Ariel
3251 3254 3372 3325 biga
3424 3250 3662 3307 vectus?

2081 3356 2262 3421 Quare
2285 3354 2382 3419 ait,
2436 3371 2456 3405 ι
2488 3352 2554 3407 Ει
2580 3366 2710 3407 ecce
2754 3352 2867 3419 ipse
2920 3348 3093 3412 venit,
3148 3360 3408 3401 ascensor
3442 3344 3602 3414 bigae.
3634 3361 3654 3395 ο

2081 3446 2216 3514 Quis
2243 3461 2374 3500 vero
2400 3453 2520 3499 erat
2551 3443 2664 3507 ille,
2698 3441 2799 3496 nisi
2829 3440 2975 3496 ultor
3002 3438 3226 3509 quidam
3276 3435 3521 3507 angelus,
3559 3450 3659 3488 cu-

2075 3541 2166 3613 jus
2193 3555 2355 3611 opera
2385 3537 2675 3609 Babylonis
2703 3535 2919 3591 obsidio
2953 3530 3281 3602 perficienda
3322 3530 3487 3583 erat?
3518 3526 3654 3581 For-

2083 3643 2227 3688 tasse
2263 3630 2410 3686 Ariel
2450 3629 2649 3685 dicitur
2677 3627 2763 3683 vel
2805 3626 2946 3680 idem
2980 3625 3095 3694 ipse
3128 3622 3222 3693 qui
3252 3620 3410 3692 quasi
3447 3620 3531 3675 leo
3568 3635 3664 3672 ru-

2081 3715 2236 3793 giens
2260 3720 2459 3775 circuit
2486 3732 2737 3788 qumrens
2771 3730 2935 3786 quem
2964 3717 3210 3771 devoret.
3270 3713 3335 3766 Et
3367 3725 3501 3766 sane
3530 3725 3661 3765 con-

2081 3822 2269 3883 specto
2312 3811 2427 3876 illo,
2458 3809 2722 3880 propheta
2749 3807 3030 3882 intellexit
3065 3823 3210 3869 eum,
3261 3815 3450 3876 utpote
3492 3818 3661 3874 ange—

2081 3905 2193 3960 lum
2227 3904 2482 3971 ulterem,
2508 3902 2802 3973 Babylonis
2846 3902 3071 3957 exitium
3115 3913 3453 3972 procurare:
3487 3910 3661 3968 quare

2080 3999 2353 4055 exclamat
2379 3997 2466 4052 bis
2490 3996 2699 4058 verbis,
2731 4016 2750 4048 ι
2781 3995 3012 4060 Cecidit,
3044 3995 3244 4050 cecidit
3288 3990 3552 4063 Babylon,
3603 3999 3661 4044 et

2079 4092 2262 4148 omnia
2301 4089 2591 4144 simulacra
2633 4090 2773 4159 ejus,
2818 4097 2875 4142 et
2918 4088 3227 4142 manufacta
3272 4084 3390 4153 ejus
3421 4084 3659 4138 contrita

2081 4192 2210 4238 sunt
2259 4181 2312 4237 in
2371 4191 2600 4236 terram.
2649 4199 2668 4233 ι
2728 4179 2864 4234 Nam
2911 4179 3064 4249 quasi
3092 4177 3146 4233 id
3182 4192 3450 4248 peragere
3476 4178 3662 4245 jussus

2080 4285 2225 4332 esset
2258 4274 2434 4338 Ariel,
2479 4273 2626 4329 hanc
2652 4273 2859 4328 emittit
2890 4272 3157 4342 propheta
3187 4285 3375 4326 vocem
3401 4289 3413 4324 :

386 4368 650 4441 ροπυίητα
676 4369 849 4440 αὐτῆς
870 4368 1160 4440 συνετρίϐη
1202 4370 1279 4433 είς
1318 4369 1417 4441 τὴν
1439 4369 1560 4441 γῆν.
1590 4388 1609 4421 ι
1650 4369 1739 4434 Ὠς
1787 4369 1896 4443 γὰρ
1955 4369 2130 4426 ταῦτα
2174 4369 2379 4443 πρᾶξαι
2419 4367 2842 4440 κεκελευσμένου
2884 4366 2978 4421 τοῦ
3012 4366 3218 4439 Ἀριὴλ,
3264 4365 3465 4437 ταύτην
3508 4364 3663 4435 ἠφίει

382 4463 481 4534 τὴν
507 4466 695 4537 φωνὴν
721 4465 750 4518 ὁ
783 4466 1067 4537 προφήτης
1095 4482 1109 4495 °

464 4577 481 4606 ι
506 4556 823 4621 Ἀκούσατε,
845 4558 896 4611 οἱ
916 4556 1401 4629 καταλελειμμένοι
1424 4557 1515 4611 καὶ
1546 4559 1596 4611 oi
1620 4557 1971 4630 ὀδυνώμενοι,

2153 4556 2320 4612 Vnus.
2360 4550 2446 4606 lO.
2483 4568 2503 4601 ι
2536 4547 2733 4603 Audite
2768 4546 2863 4618 qui
2899 4547 3142 4604 derelicti
3170 4551 3327 4614 estis,
3354 4560 3407 4603 et
3437 4550 3531 4619 qui
3555 4550 3658 4605 do-

385 4648 677 4712 ἀκούσατε,
710 4648 749 4703 ἃ
776 4649 987 4721 ἤκουσα
1034 4648 1189 4721 παρὰ
1234 4649 1440 4722 Κυρίου
1480 4649 1733 4716 Σαϐαὼθ,
1767 4654 1796 4704 6
1834 4652 1967 4716 Θεὸς

385 4738 481 4792 τοῦ
523 4740 737 4811 Ἰσραὴλ
784 4740 1106 4811 ἀνήγγειλεν
1147 4743 1296 4813 ἡμῖν.
1323 4760 1341 4791 ι
1379 4742 1445 4794 Ἀ
1472 4742 1581 4813 γὰρ
1617 4743 1740 4813 ἐμοὶ
1761 4743 1970 4796 ἀπεκά-

386 4830 542 4901 λυψε,
561 4830 736 4886 ταῦτα
765 4832 860 4885 καὶ
889 4833 1017 4903 ὑμῖν
1038 4832 1295 4902 ἐξέφηνεν
1328 4832 1403 4896 ὡς
1427 4832 1492 4885 δι’
1511 4833 1793 4904 ἑρμηνέως
1807 4832 1964 4905 ἐμοῦ.

465 4943 483 4974 ι
508 4921 582 4976 Τὸ
602 4924 786 4994 ὅραμα
819 4922 918 4992 τῆς
957 4923 1275 4994 Ἰδουμαίας.
1306 4923 1450 4993 Πρὸς
1476 4925 1578 4994 ἐμὲ
1634 4924 1790 4979 κάλει
1817 4926 1970 4998 παρὰ

384 5015 478 5070 τοῦ
511 5015 696 5088 Σηείρ.
729 5015 1035 5070 Φυλάσσετε
1059 5015 1330 5082 ἐπάλξεις.
1358 5036 1377 5067 ι
1417 5018 1599 5071 Ἐοικε
1618 5017 1675 5071 δὲ
1702 5022 1815 5084 τοῖς
1844 5021 1971 5073 ἑαυ-

384 5108 480 5163 τοῦ
509 5108 805 5181 γνωρίμοις
841 5110 870 5161 6
896 5108 1029 5172 Θεὸς
1062 5111 1403 5180 προσφωνεῖν
1434 5108 1607 5179 λέγων
1628 5127 1640 5140 ·
1692 5131 1710 5163 ι
1737 5112 1881 5184 Πρὸς
1914 5115 1969 5166 ὲ-

389 5201 458 5272 μὶ
485 5200 640 5254 κάλει
695 5200 848 5271 παρὰ
875 5199 969 5253 τοῦ
1002 5201 1196 5273 Σηείρο
1229 5220 1248 5252 ›
1294 5222 1311 5252 ι
1332 5202 1457 5265 τοὺς
1482 5222 1501 5253 ι
1542 5202 1652 5273 γὰρ
1697 5223 1715 5254 ι
1741 5203 1969 5274 φεῦγον-

384 5309 485 5357 τας
512 5291 663 5364 παρὰ
696 5292 790 5346 τοῦ
835 5293 1022 5364 Σηεὶρ,
1049 5312 1068 5344 ο
1128 5291 1267 5346 κατὰ
1295 5293 1422 5357 τοὺς
1448 5292 1667 5358 λοιποὺς
1706 5296 1972 5367 ἑρμηνευ-

383 5384 506 5449 τὰς,
545 5403 564 5436 ι
590 5385 728 5456 πρὸς
762 5384 862 5455 ἐμὲ
897 5385 1074 5449 κάλει,
1101 5403 1119 5436 ι
1153 5384 1337 5455 φησίν.
1368 5385 1535 5458 Σηεὶρ
1566 5385 1623 5440 δὲ
1649 5386 1892 5441 ἐκαλεῖτο
1911 5392 1970 5442 ὲν

383 5479 451 5547 τῇ
498 5474 725 5547 Ἀραϐία
752 5474 878 5547 ὅρος
907 5474 1001 5528 τοῦ
1035 5473 1227 5539 Ἠσαῦ,
1270 5475 1329 5528 ὲν
1354 5467 1400 5543 ᾧ
1438 5475 1775 5547 συνειστήκει
1804 5475 1969 5530 αὐτοῦ

385 5565 455 5621 τὰ
492 5567 770 5637 βασίλειαο
799 5565 1126 5636 γνωρίζεται
1166 5565 1224 5619 δὲ
1274 5568 1386 5631 τοῖς
1447 5566 1760 5637 ἐπιχωρίοις
1805 5567 1971 5619 είσέτι

390 5662 483 5716 καὶ
504 5660 600 5716 νῦν
625 5660 769 5715 οὕτω
797 5657 1149 5730 καλούμενον.
1187 5658 1312 5721 Τοῖς
1336 5653 1431 5712 οὖν
1450 5657 1722 5727 ἀγωνιῶσι
1743 5657 1836 5711 τὸν
1864 5658 1972 5712 ἀπὸ

387 5752 494 5806 τῶν
538 5752 852 5824 Ἰδουμαίων
884 5751 1047 5822 φόϐον
1084 5751 1281 5821 φάσκει
1301 5767 1314 5780 ’
1343 5750 1488 5822 Πρὸς
1517 5749 1615 5821 ἐμὲ
1640 5749 1969 5814 σπουδάζον-

2080 4646 2204 4701 lctis
2228 4643 2433 4704 audite,
2466 4655 2589 4708 qua:
2626 4639 2808 4694 audivi
2858 4653 2890 4693 a
2942 4638 3173 4694 Domino
3201 4640 3467 4705 Sabaoth,
3515 4641 3661 4697 Deus

2077 4736 2244 4794 Israel
2275 4732 2620 4789 aummtiavit
2645 4731 2820 4785 nobis.
2853 4749 2872 4783 ι
2913 4729 3043 4797 Quae
3095 4731 3241 4785 enim
3274 4730 3366 4785 ille
3398 4730 3661 4787 revelavit

2080 4830 2235 4894 mihi,
2267 4829 2458 4885 eadem
2490 4825 2643 4879 vobis
2673 4840 2758 4878 me
2793 4825 3096 4894 interprete
3126 4823 3450 4882 declaravit.

2155 4919 2315 4976 Vens.
2348 4920 2436 4975 Η.
2470 4937 2490 4971 ι
2523 4916 2670 4974 Visio
2700 4915 2969 4971 Idumam.
3014 4916 3093 4971 Ad
3134 4930 3221 4972 me
3251 4932 3380 4971 voca
3408 4917 3477 4971 de
3513 4918 3657 4973 Seir.

2077 5015 2362 5072 Custodite
2392 5012 2822 5084 prepuguacula,
2853 5030 2871 5063 ι
2912 5009 3086 5066 Notos
3119 5024 3249 5065 suos
3280 5009 3482 5078 alloqui
3514 5009 3659 5065 Deus

2077 5108 2293 5164 videtur
2324 5107 2410 5161 his
2444 5104 2649 5171 verbis,
2701 5122 2719 5155 ι
2761 5104 2842 5158 Ad
2881 5117 2967 5157 me
3005 5117 3140 5158 voca
3182 5102 3249 5158 de
3275 5102 3433 5158 Seir:
3472 5121 3493 5156 ι
3530 5118 3656 5157 nam

2081 5219 2099 5252 ι
2134 5198 2405 5271 fugientes
2434 5198 2502 5252 de
2531 5195 2676 5261 Seir,
2709 5214 2727 5247 ι
2768 5195 3068 5249 secundum
3099 5194 3342 5265 reliquos
3385 5198 3657 5263 interpre-

2080 5301 2182 5359 tes,
2214 5311 2234 5343 ι
2266 5293 2333 5347 ad
2378 5307 2465 5345 me
2497 5305 2655 5356 voca,
2687 5308 2706 5341 ι
2748 5289 2948 5357 inquit.
2983 5289 3109 5343 Seir
3145 5299 3324 5344 autem
3358 5287 3656 5343 vocabatur

2078 5384 2133 5438 iu
2162 5383 2362 5438 Arabia
2397 5395 2551 5435 mons
2587 5380 2748 5445 Esau,
2805 5381 2857 5435 in
2907 5396 3015 5450 quo
3065 5381 3253 5435 stabat
3294 5379 3410 5448 ejus
3462 5380 3654 5450 regia:

2080 5475 2352 5543 hodieque
2382 5485 2543 5529 notus
2578 5473 2773 5529 incolis
2800 5482 2885 5528 est
2927 5474 3117 5528 eodem
3167 5474 3388 5528 nomine
3414 5472 3657 5542 appella-

2080 5579 2188 5622 tus.
2231 5568 2302 5621 lis
2339 5566 2526 5635 itaque
2570 5581 2634 5620 ex
2673 5563 2926 5622 Idumaeis
2969 5566 3061 5637 qui
3110 5574 3257 5620 metu
3308 5565 3654 5632 laborabant,

2076 5660 2173 5723 ait,
2212 5676 2231 5710 ι
2262 5656 2339 5711 Ad
2362 5671 2446 5711 me
2470 5657 2792 5714 festinantes
2809 5659 3010 5723 vcnitc,
3037 5666 3236 5714 etcum
3262 5656 3330 5712 ad
3362 5672 3446 5713 me
3473 5670 3661 5713 acces~

2076 5749 2286 5815 seritis,
2328 5751 2590 5805 custodito
2625 5749 3027 5822 prepuguacula
3060 5756 3235 5804 vestra
3264 5764 3278 5802 :
3317 5764 3338 5799 ι

387 5842 477 5914 τες
508 5847 692 5921 ἥκετε,
728 5847 821 5903 καὶ
853 5851 979 5921 παρ’
1010 5848 1133 5920 ἐμοὶ
1192 5845 1465 5918 γενόμενοι
1528 5843 1828 5915 φυλάσσετε
1875 5843 1970 5911 τὰς
2009 5845 2215 5903 ἑαυτῶν
2245 5844 2533 5913 ἐπάλξεις·
