4158 6402
552 324 662 380 τιὸ

1245 323 1510 380 EUSEBII
1545 321 2026 380 CESARIENSIS
2061 321 2214 380 OPP.
2255 323 2434 380 PARS
2469 323 2560 378 111.
2597 355 2668 366 —-
2705 321 3118 380 EXEGETICA.

3719 325 3788 378 ει
3799 325 3826 379 ι

627 439 795 510 Vsus.
821 439 912 496 19.
973 460 992 493 ι
1039 441 1104 496 Et
1133 455 1236 511 ego
1265 441 1574 498 custodiam
1603 457 1705 502 vos
1739 442 1826 498 die
1856 457 1920 500 ac
1953 453 2110 500 nocte

2309 462 2331 498 t
2357 443 2526 512 Κάγὼ
2553 443 2610 498 δὲ
2641 444 2860 514 φυλάξω
2888 446 3031 515 ὑμᾶς
3055 445 3123 504 δι’
3151 445 3364 516 ἡμέρας
3381 447 3473 500 καὶ
3499 445 3712 510 νυκτὸς,
3731 449 3829 500 καὶ

553 547 612 592 et
645 535 788 606 apud
817 551 904 594 me
931 535 1105 592 eritis.
1140 555 1161 590 ι
1207 535 1265 590 Si
1311 536 1436 608 quis
1469 537 1524 590 in
1562 537 1720 594 vobis
1754 537 1959 606 auxilio
2001 553 2138 610 opus

553 625 773 692 habeat,
797 641 828 680 a
861 641 951 684 me
980 633 1191 696 quaerat
1218 641 1375 696 opem
1408 646 1422 682 :
1455 636 1510 684 et
1534 627 1580 694 si
1609 627 1732 696 quis
1771 627 2004 684 salutem
2042 643 2138 682 cu-

555 727 644 774 rat
694 733 870 784 suam,
904 719 972 774 ad
1000 733 1088 776 me
1116 720 1322 798 veniat.
1365 739 1384 772 ι
1415 719 1544 778 Haec
1567 721 1788 794 quidem
1812 721 1956 778 dicta
2001 721 2135 775 mihi

549 811 810 866 videntur
839 813 904 866 ad
937 827 1036 868 eos
1079 827 1146 868 ex
1201 813 1475 884 ldummis,
1503 814 1595 884 qui
1624 823 1832 870 terrore
1882 822 2133 870 conster-

551 903 666 958 nati
697 909 874 968 erant,
903 917 1042 972 quos
1071 903 1142 960 ad
1177 919 1239 960 se
1265 913 1426 960 vocat
1466 905 1633 970 Deus,
1682 903 1958 974 pollicitus
2003 904 2135 973 ipsis

547 993 810 1050 auxilium
839 1009 1023 1062 suum,
1057 996 1104 1051 si
1132 1005 1318 1054 tamen
1351 997 1408 1052 in
1444 1013 1504 1056 se
1533 1007 1914 1068 permaneant.

616 1175 784 1250 velis.
815 1179 1009 1234 l5-l5.
1051 1197 1070 1232 ι
1097 1179 1154 1236 ln
1209 1179 1350 1236 saltu
1389 1195 1617 1251 vespere
1651 1179 1916 1240 dormias,
1946 1189 2038 1231 aut
2075 1181 2128 1232 iu

541 1271 630 1326 via
661 1271 881 1336 Dacdan,
917 1273 972 1328 in
1002 1287 1292 1330 occursum
1342 1273 1551 1332 sitienti
1597 1287 1792 1340 aquam
1840 1271 2001 1334 ferte,
2037 1271 2126 1340 qui

541 1361 803 1442 habitatis
861 1365 914 1418 in
961 1365 1184 1436 regione
1227 1365 1486 1420 Tltteman
1515 1381 1529 1418 :
1558 1365 1791 1436 panibus
1849 1363 2130 1430 occurrite

541 1455 898 1528 fugientibus,
931 1467 1152 1530 pr0p_ter
1190 1459 1590 1514 multitudinem
1637 1459 1971 1522 occisorum,
2000 1471 2126 1526 pru-

541 1559 666 1618 pler
695 1549 1096 1606 multitudinem
1131 1552 1456 1610 errantium.
1480 1560 1702 1620 propter
1729 1549 2124 1604 multitudinem

537 1641 726 1716 gladii,
773 1651 831 1697 et
879 1651 1100 1714 propter
1147 1643 1548 1698 multitudinem
1597 1657 1826 1696 arcuum
1883 1640 2124 1694 intonso-

537 1749 682 1800 rum,
723 1741 780 1790 et
811 1743 1034 1804 propter
1077 1733 1484 1792 multitudinem
1543 1747 1735 1786 eorum
1783 1731 1874 1802 qui
1907 1730 2122 1784 cecide-

2239 536 2370 608 παρ’
2398 537 2522 607 ἐμοὶ
2549 535 2791 606 γένεσθε.
2825 556 2844 590 ι
2881 538 2949 592 Ei’
2981 553 3066 602 τις
3096 539 3153 594 ἐν
3195 539 3322 608 ὑμῖν
3353 537 3606 610 βοηθείας
3633 538 3824 600 δεῖται,

2237 631 2369 702 παρ’
2412 629 2550 702 ἐμοῦ
2591 629 2824 702 ζητείτω
2857 631 2960 703 τὴν
3015 631 3299 702 βοήθειαν·
3331 631 3428 690 καὶ
3449 631 3502 684 εἴ
3525 649 3608 694 τις
3658 631 3826 684 αὑτοῦ

2237 721 2566 794 πεφρόντικε
2605 721 2899 794 σωτηρίας,
2933 725 3062 796 παρ’
3091 723 3218 794 ἐμοὶ
3267 723 3464 796 ἡκέτω.
3499 721 3684 778 Ταῦτα
3723 723 3826 792 μὲν

2235 813 2485 886 εἰρῆσθαί
2519 831 2610 886 μοι
2639 815 2784 868 δοκεῖ
2811 815 2948 886 πρὸς
2995 817 3124 882 τοὺς
3151 816 3520 888 ἐπτοημένους
3545 815 3636 870 τὸν
3659 814 3824 884 φόϐον

2235 907 2344 962 τῶν
2383 907 2719 978 Ἰδουμαίων,
2759 908 2852 972 οὓς
2887 908 3025 980 πρὸς
3073 909 3265 964 ἑαυτὸν
3306 909 3570 966 ἀνακαλεῖ
3609 910 3638 962 6
3665 907 3820 970 Θεὸς,

2235 999 2704 1072 ἐπαγγελλόμενος
2730 999 2828 1073 τὴν
2880 1003 3008 1073 παρ’
3056 999 3222 1058 αὐτοῦ
3257 999 3529 1074 βοήθειαν,
3561 1001 3608 1054 εἰ
3643 1017 3822 1070 παρα·-

2237 1093 2450 1164 μένοιεν
2471 1095 2529 1148 ὲν
2563 1093 2734 1166 αύτῷ.

2307 1204 2326 1236 t
2373 1185 2463 1238 ’Ev
2509 1183 2588 1256 τῷ
2631 1183 2822 1256 δρυμῷ
2859 1183 3100 1256 ἑσπέρας
3135 1183 3426 1256 κοιμηθῇς,
3459 1184 3492 1256 ἢ
3529 1185 3586 1238 ὲν
3617 1185 3684 1256 τῇ
3713 1181 3820 1256 ὁδῷ

2229 1274 2448 1328 Δαιδάν·
2479 1275 2561 1339 εἰς
2595 1275 2922 1346 συνάντησιν
2953 1273 3178 1344 διψῶντι
3201 1274 3346 1346 ὕδωρ
3377 1274 3591 1346 φέρετε,
3623 1275 3822 1326 οἱὲνοι-

2231 1363 2454 1432 κοῦντες
2483 1366 2542 1420 ἐν
2563 1367 2630 1438 τῇ
2681 1365 2835 1438 χώρᾳ
2859 1365 3092 1438 Θαιμάν·
3124 1365 3309 1438 άρτοις
3361 1367 3656 1420 συναντᾶτε
3703 1367 3820 1427 τοῖς

2229 1457 2522 1526 φεύγουσιν
2551 1457 2641 1514 διὰ
2659 1455 2719 1514 τὸ
2745 1456 2948 1530 πλῆθος
2973 1459 3083 1516 τῶν
3115 1459 3554 1530 πεφονευμένων,
3587 1459 3680 1512 καὶ
3727 1458 3819 1512 διὰ

2227 1549 2290 1604 τὸ
2323 1549 2529 1622 πλῆθος
2575 1550 2686 1604 τῶν
2733 1549 3126 1622 πλανωμένων,
3151 1553 3246 1607 καὶ
3267 1551 3354 1606 διὰ
3381 1551 3441 1606 τὸ
3469 1551 3672 1623 πλῆθος
3715 1551 3816 1620 τῆς

2230 1641 2526 1713 μαχαίρας,
2573 1640 2668 1696 καὶ
2717 1641 2806 1698 διὰ
2835 1641 2899 1694 τὸ
2936 1641 3140 1712 πλῆθος
3173 1641 3283 1694 τῶν
3323 1641 3670 1711 τοξευμάτων
3705 1639 3814 1692 τῶν

2227 1732 2652 1804 διατεταμένων,
2703 1733 2797 1786 καὶ
2829 1731 2918 1788 διὰ
2958 1733 3019 1788 τὸ
3067 1731 3270 1804 πλῆθος
3307 1731 3416 1786 τῶν
3447 1731 3815 1786 πεπτωκότων

539 1825 748 1888 runtin
777 1825 939 1884 bello.
969 1844 988 1880 ι
1035 1823 1156 1884 Jam
1208 1825 1354 1882 enim
1402 1825 1733 1880 instantibus
1774 1839 1976 1894 vosque
2019 1838 2113 1878 cte-

2227 1825 2286 1878 ἑν
2309 1825 2389 1896 τῷ
2425 1825 2666 1897 πολέμῳ.
2701 1844 2721 1876 ι
2770 1825 2909 1898 Ἤδη
2939 1825 3048 1898 γὰρ
3080 1825 3420 1880 ἐπιστάντων
3443 1824 3550 1878 τῶν
3579 1841 3813 1878 κατακο-

535 1917 792 1988 dentibus
843 1919 1192 1984 adversariis,
1229 1933 1390 1988 quam
1437 1917 1654 1992 plurimi
1699 1924 1936 1971 vestrum
1973 1915 2120 1986 peri-

535 2009 675 2072 bunt
707 2009 792 2066 :si
833 2019 1012 2066 autem
1046 2027 1187 2066 unus
1215 2003 1284 2066 ex
1313 2011 1488 2076 vobis,
1521 2013 1604 2064 vel
1634 2009 1764 2076 duo,
1800 2009 1884 2064 vel
1925 2009 2117 2062 admo-

533 2099 664 2162 dum
713 2103 871 2172 pauci
909 2101 1214 2160 incolumes
1247 2103 1544 2168 evaserint,
1573 2101 1695 2173 fuga
1738 2101 1969 2156 salutem
2017 2115 2116 2152 na-

531 2207 642 2265 cti;
673 2198 761 2256 bis
791 2213 914 2272 ego,
947 2207 1137 2270 utpote
1171 2177 1524 2270 fugientibus.
1557 2208 1614 2254 et
1651 2199 1776 2270 fuga
1807 2195 2118 2268 defatigatis

532 2299 590 2356 et
617 2290 835 2356 solutis,
858 2305 979 2346 cum
1014 2291 1178 2346 urbes
1206 2289 1654 2346 incoleudasnon
1689 2287 1946 2352 habeant,
1981 2277 2118 2356 prm-

530 2383 672 2452 cipis
713 2383 862 2452 utin
911 2382 1052 2438 saltu
1109 2392 1164 2437 et
1201 2381 1254 2436 in
1315 2381 1546 2436 desertis
1598 2379 1756 2442 locis.
1813 2386 2117 2444 occupaute

527 2487 781 2546 vespera.
817 2473 1109 2534 dormiant.
1149 2473 1350 2530 Verum
1382 2487 1449 2526 ne
1481 2470 1627 2524 fatne
1673 2480 1924 2534 pereant,
1958 2467 2116 2522 lassis

526 2571 634 2626 ilfis
681 2581 737 2627 et
789 2570 1103 2626 sitientibus
1135 2569 1319 2626 oll'erri
1371 2585 1567 2638 aquam
1599 2579 1655 2624 et
1691 2584 1890 2640 panem
1930 2565 2110 2635 iubeo.

527 2665 623 2720 llis
656 2677 836 2721 autem
883 2681 978 2720 vos
1023 2665 1291 2735 alloquor,
1315 2664 1410 2734 qui
1448 2663 1734 2725 'lbannan,
1782 2662 1862 2715 sic
1909 2661 2112 2714 dictam

527 2758 833 2828 regionem,
871 2757 1116 2814 incolitis
1145 2771 1160 2808 :
1195 2771 1338 2826 quos
1381 2757 1638 2809 convenit
1681 2752 1956 2822 fugientes
1989 2765 2114 2820 per-

525 2848 841 2908 humaniter
886 2849 1144 2918 excipere
1187 2857 1244 2902 et
1295 2855 1560 2902 tractare.
1609 2843 1747 2898 Puto
1794 2852 1974 2898 autem
2019 2857 2113 2900 eos

523 2953 654 2994 cum
693 2938 972 2996 civitatein
1006 2939 1250 2996 incolere
1279 2952 1388 2992 non
1429 2937 1658 3008 possint.
1687 2937 1742 2990 iu
1785 2936 1888 2990 viis
1919 2943 1974 2989 et
2003 2933 2112 2990 sal-

526 3031 678 3088 tibus
715 3030 1066 3088 ltabitaturos
1099 3045 1243 3086 esse.
1275 3027 1642 3096 Quamobrem
1681 3047 1748 3084 ne
1795 3027 2112 3098 despiciatis

523 3135 622 3186 eos
663 3121 758 3192 qui
813 3131 924 3178 tam
975 3121 1370 3182 miserabiliter
1410 3119 1552 3176 {ante
1597 3129 1869 3190 pereunt,
1909 3120 2000 3188 qui
2040 3133 2107 3174 ex

523 3215 880 3284 inimicorum
915 3216 1098 3286 gladio
1137 3217 1271 3272 salvi
1318 3224 1610 3272 evaserunt
1639 3232 1656 3270 :
1692 3217 1835 3284 quod
1872 3214 2109 3268 maxime

521 3321 594 3374 ex
636 3317 782 3364 tanta
826 3309 1174 3380 multitudine
1216 3307 1515 3374 evaserint,
1570 3305 1789 3362 czeteris
1839 3305 2111 3376 pereunti-

523 3399 650 3460 bus.
686 3409 784 3454 aut
810 3401 864 3454 iu
896 3401 1024 3456 aliis
1056 3399 1288 3454 desertis
1319 3399 1452 3454 locis
1481 3397 1819 3452 errantibus.

2226 1919 2468 1972 πτόντων
2491 1918 2635 1990 ὑμᾶς
2663 1919 2953 1996 πολεμίων,
2985 1919 3032 1974 οἱ
3067 1919 3168 1990 μὲν
3201 1917 3442 1971 πλεῖστοι
3469 1917 3576 1970 τῶν
3595 1919 3656 1970 ὲν
3683 1917 3813 1988 ύμῖν

2221 2011 2572 2076 ἀπόλλυνται,
2616 2005 2698 2076 εἷς
2742 2011 2800 2066 δέ
2828 2029 2934 2064 που
2973 2011 3067 2066 καὶ
3091 2009 3363 2082 δεύτερος,
3411 2009 3564 2082 ἣκαὶ
3608 2010 3813 2082 σφόδρα

2221 2102 2448 2176 βραχεῖς
2495 2104 2546 2156 εἰ
2587 2103 2946 2176 περισωθεῖεν
2973 2105 3118 2176 φυγῇ
3160 2101 3259 2176 τὴν
3288 2103 3562 2174 σωτηρίαν
3593 2101 3814 2174 ποριζό-

2223 2211 2397 2267 μενοι,
2457 2193 2669 2260 τούτοις
2716 2195 2900 2258 αὐτοῖς
2950 2193 3061 2264 ἐγὼ
3103 2193 3571 2266 παρακελεύομαι,
3610 2193 3812 2250 ὡσανεὶ

2220 2286 2482 2356 φεύγουσι
2537 2287 2634 2342 καὶ
2686 2289 2751 2346 ἐκ
2795 2287 2895 2358 τῆς
2928 2286 3108 2358 φυγῆς
3159 2285 3514 2358 παρειμένοις
3559 2285 3661 2358 ἠδη
3715 2287 3814 2340 καὶ

2218 2379 2620 2452 ἐκλελυμένοις,
2655 2379 2999 2452 μηκέτιγοῦν
3034 2380 3188 2434 πόλιν
3209 2381 3376 2434 οἰκεῖν
3409 2379 3642 2450 ἔχοντες,
3665 2371 3812 2433 οὗτοι

2218 2473 2278 2526 ὲν
2308 2473 2501 2546 δρυμῷ
2540 2474 2634 2530 καὶ
2666 2475 2724 2526 ὲν
2752 2474 2982 2546 ἐρήμοις
3023 2473 3233 2538 τόποις,
3269 2473 3686 2544 καταλαϐούσης
3713 2472 3814 2526 αὐ-

2215 2567 2342 2631 τοὺς
2389 2565 2628 2644 ἑσπέρας
2683 2565 3132 2638 κοιμηθήσονται.
3191 2565 3329 2620 Ἀλλ’
3377 2565 3464 2620 ἵνα
3537 2565 3612 2638 μὴ
3664 2563 3814 2636 λιμῷ

2216 2659 2585 2731 διαφθαρεῖεν,
2615 2657 2957 2732 κεκμηκόσιν
2983 2659 3166 2722 αὐτοῖς
3195 2657 3288 2710 καὶ
3315 2655 3540 2727 διψῶσιν
3567 2654 3675 2708 ἀπὸ
3705 2673 3812 2710 κα.-

2217 2753 2414 2826 μάτου,
2447 2751 2779 2826 προσφέρειν
2822 2751 2966 2824 ὕδωρ
3009 2751 3103 2806 καὶ
3143 2750 3306 2822 ἄρτον
3339 2747 3808 2822 παρακελεύομαι.

2215 2845 2402 2900 Ταῦτα
2436 2845 2494 2900 δὲ
2528 2845 2664 2918 πρὸς
2710 2846 2856 2916 ὑμᾶς
2911 2861 3055 2916 φημι
3111 2844 3239 2908 τοὺς
3269 2843 3374 2916 τὴν
3413 2841 3630 2916 Θαιμάν
3662 2839 3812 2896 οὕτω

2215 2937 2559 3010 καλουμένην
2616 2935 2801 3008 χώραν
2850 2935 3158 3000 οἰκοῦντας,
3209 2934 3304 2998 οὓς
3359 2934 3558 3006 πρέπει
3614 2933 3812 2999 δεξιῶς

2213 3029 2572 3102 ἀποδέχεσθαι
2623 3029 2719 3082 καὶ
2761 3026 3304 3100 φιλανθρωπεύεσθαι
3359 3028 3487 3090 τοὺς
3535 3025 3804 3097 φυγάδας.

2216 3119 2382 3194 Οἶμαι
2404 3121 2462 3176 δὲ
2495 3121 2650 3176 πόλιν
2685 3121 2764 3174 ἔτι
2806 3123 3082 3174 κατοικεῖν
3120 3121 3182 3172 ού
3215 3119 3522 3190 δυνάμενοι,
3565 3119 3622 3172 ὲν
3665 3118 3810 3182 ὁδοῖς

2215 3216 2309 3270 καὶ
2331 3215 2556 3286 δρυμοῖς
2607 3213 3048 3286 αὑλισθήσονται.
3093 3211 3183 3266 Διὸ
3227 3211 3303 3284 μὴ
3331 3211 3593 3283 παρίδητε
3631 3211 3808 3278 οὕτως

2212 3307 2448 3380 οἰκτρῶς
2467 3306 2612 3378 λιμῷ
2641 3306 3026 3378 φθειρομένους
3055 3305 3183 3368 τοὺς
3211 3303 3578 3368 διασωθέντας
3607 3305 3672 3357 ὲκ
3701 3303 3806 3374 τῆς

2211 3400 2322 3454 τῶν
2366 3401 2641 3472 πολεμίων
2690 3399 2986 3472 μαχαίρας·
3042 3399 3091 3454 οἳ
3145 3397 3382 3470 μάλιστα
3433 3399 3498 3452 ὲκ
3545 3395 3806 3450 τοσούτου

523 3489 766 3564 πλήθους
795 3492 1110 3564 δεδύνηνται
1129 3493 1436 3564 διαφυγεῖν,
1473 3493 1581 3546 τῶν
1606 3493 1809 3548 λοιπῶν
1842 3491 2217 3560 ἀπολωλότων,
2265 3494 2300 3566 ἢ
2349 3495 2444 3548 καὶ
2479 3493 2971 3566 ἁποπλανηθέντων
3025 3495 3084 3550 ὲν
3130 3493 3337 3566 ἑτέροις
3395 3491 3805 3563 ἀπῳκισμένοις

516 3603 728 3654 τοποις.

593 3679 758 3738 Vsus.
793 3681 884 3748 16,
913 3683 1000 3738 l7.
1031 3701 1050 3736 ι
1077 3681 1344 3749 Quoniam
1377 3685 1458 3738 sic
1483 3683 1620 3740 dixit
1649 3684 1780 3738 mihi
1817 3681 2102 3744 Dominus.

514 3773 707 3832 Adhuc
747 3789 924 3830 anuus
953 3781 1216 3844 tauquam
1272 3787 1450 3828 anuus
1499 3775 1848 3836 mercenarii.
1883 3773 2106 3830 deﬁciet

517 3867 692 3940 gloria
737 3868 978 3930 illiorum
1013 3866 1310 3924 Cedarzet
1349 3871 1496 3940 quod
1551 3869 1824 3937 reliquum
1879 3877 1958 3922 est
2015 3882 2106 3920 ar-

515 3975 684 4022 cuum
721 3958 946 4026 fortium
988 3959 1224 4014 liliorutn
1267 3960 1465 4023 Cedar,
1502 3960 1610 4014 erit
1648 3959 1928 4030 exiguum,
1965 3973 2104 4028 quo-

517 4051 670 4110 niam
701 4051 964 4110 Dominus
995 4051 1136 4106 Deus
1159 4049 1324 4104 Israel
1357 4049 1572 4106 locutus
1603 4059 1706 4104 est.
1739 4067 1758 4100 ι
1785 4047 1939 4114 Quod
1973 4063 2101 4116 pro-

517 4157 610 4213 pe,
645 4153 700 4198 et
741 4143 904 4213 quasi
957 4142 1096 4198 intra
1143 4143 1340 4213 januas
1385 4143 1690 4214 ingressum
1745 4142 1817 4198 sit
1859 4139 2104 4200 ldtnnzeze

515 4235 868 4290 exitium:et
890 4236 1038 4306 quod
1087 4237 1314 4292 omnino
1367 4236 1422 4292 in
1467 4235 1768 4307 perniciem
1807 4235 1930 4288 ituri
1966 4233 2102 4304 sint,

515 4327 834 4400 Babyloniis
881 4345 1069 4398 eorum
1125 4332 1294 4386 urbes
1345 4329 1784 4390 incendeutibus.
1817 4342 1884 4382 ac
1931 4335 2104 4380 letam

515 4423 796 4494 regionem
850 4423 1278 4493 populantibus,
1331 4424 1480 4478 clare
1533 4421 1885 4491 praenuntiat.
1949 4417 2102 4474 Unus

514 4520 740 4591 quippe,
779 4517 880 4581 ait,
915 4517 1224 4572 intercedet
1270 4533 1470 4582 annus,
1501 4525 1557 4572 et
1587 4514 1858 4586 sagittarii
1900 4512 2099 4578 Cedar,

511 4611 754 4676 etiamsi,
785 4611 984 4678 inquit,
1013 4610 1210 4664 mirum
1239 4611 1335 4672 sit,
1370 4611 1424 4666 in
1463 4608 1582 4679 ejus
1625 4611 1702 4664 rei
1733 4605 2098 4676 suspicionem
2133 4627 2176 4698 υ

511 4706 820 4766 Venientes,
857 4701 1116 4760 deﬁcient
1165 4711 1222 4756 et
1274 4701 1548 4769 peribunt.
1601 4697 1850 4768 Vcraque
1903 4697 2102 4766 praedi-

509 4798 622 4852 ctio
651 4806 754 4858 est,
799 4793 1060 4848 Dominus
1101 4791 1248 4844 enim
1311 4788 1452 4843 Dens
1509 4787 1682 4842 Israel
1729 4787 1943 4842 locutus
1991 4793 2096 4840 cst.

515 4891 734 4952 Veritas
755 4896 936 4940 autem
965 4899 1246 4953 nunquam
1279 4881 1595 4946 Inetttietur.

1079 5083 1310 5139 CAPUT
1351 5081 1518 5138 XXII.

581 5249 747 5310 Vens.
783 5247 836 5304 1.
863 5269 882 5302 t
911 5243 1070 5320 Visio
1096 5245 1254 5300 Vallis
1285 5245 1439 5300 Sion.
1475 5243 1615 5311 Quid
1649 5243 1852 5298 factum
1870 5253 1955 5298 est
1979 5242 2097 5308 tibi,

506 5344 764 5414 quoniam
805 5357 954 5398 nunc
997 5339 1336 5406 ascendistis
1371 5351 1566 5392 omnes
1604 5335 1656 5389 in
1699 5345 1841 5392 lecta
1867 5335 2046 5392 vana?
2073 5355 2092 5388 ι

505 5437 756 5510 Praesens
783 5436 942 5492 vallis
977 5432 1166 5490 Sionis
1195 5431 1358 5488 visio.
1388 5447 1492 5486 non
1526 5431 1592 5484 de
1632 5429 1750 5502 ipsa
1784 5429 1974 5492 Sione.
2000 5429 2098 5486 sed

509 5531 580 5584 de
607 5531 895 5596 adjacente
919 5525 1304 5594 valle'dicitur.
1339 5523 1710 5590 Quamobrem
1754 5525 1828 5579 ait
1857 5533 2090 5594 postea:

509 5640 530 5674 ‹
561 5622 628 5678 lit
649 5629 813 5676 erunt
841 5619 1026 5676 electa:
1047 5619 1214 5676 valles
1246 5625 1373 5680 tuae,
1409 5613 1764 5684 replebuutur
1799 5616 2088 5672 cut-ribus:

505 5716 718 5787 equites
777 5729 908 5770 vero
967 5713 1261 5772 occludent
1325 5725 1514 5784 portas
1579 5717 1765 5765 tuas.»
1843 5710 2095 5766 Arbitror

505 5823 669 5880 porro
707 5805 880 5866 Deum
929 5807 1015 5865 bis
1057 5805 1416 5878 ahjcctioncm
1471 5803 1688 5862 lst'aclis
1713 5815 2090 5864 etcxtrcmam

421 5973 884 6300 \

2291 3701 2310 3736 t
2355 3681 2500 3736 Διότι
2537 3679 2713 3746 οὕτως
2761 3675 2880 3736 εἶπέ
2914 3698 3004 3754 μοι
3035 3679 3256 3754 Κύριος·
3295 3679 3416 3734 Ἔτι
3449 3679 3696 3744 ἐνιαυτὸς
3723 3679 3803 3748 ὡς

2211 3773 2456 3840 ἐνιαυτὸς
2485 3773 2780 3846 μισθωτοῦ,
2813 3771 3050 3843 ἐκλείψει
3084 3775 3116 3843 ἠ
3143 3771 3268 3837 δόξα
3292 3771 3402 3826 τῶν
3429 3771 3560 3826 υἱῶν
3583 3771 3800 3844 Κηδὰρ,

2213 3869 2308 3920 καὶ
2323 3868 2382 3922 τὺ
2405 3867 2730 3924 κατάλοιπον
2747 3867 2856 3920 τῶν
2879 3863 3227 3936 τοξευμάτων
3255 3863 3366 3916 τῶν
3397 3861 3636 3935 ἰσχυρῶν
3667 3863 3802 3916 υἱῶν

2211 3960 2403 4032 Κηδὰρ
2437 3959 2588 4014 ἕσται
2619 3959 2820 4026 ὀλίγον,
2855 3958 2937 4012 ὃτι
2969 3955 3171 4028 Κύριος
3199 3959 3228 4012 6
3252 3955 3382 4019 Θεὸς
3426 3953 3646 4028 Ἰσραὴλ
3673 3953 3800 4009 ἐλά-

2210 4054 2393 4128 λησεν.
2431 4075 2448 4106 ι
2481 4054 2606 4108 Ὅτι
2652 4054 2874 4124 γέγονεν
2924 4053 3112 4122 ἐγγὺς,
3147 4051 3242 4106 καὶ
3290 4045 3402 4104 οἷον
3431 4051 3563 4106 εἴσω
3599 4051 3798 4123 βέϐηκε

2211 4147 2391 4220 θυρῶν
2423 4150 2452 4202 6
2480 4147 2578 4219 τῆς
2631 4147 2939 4218 Ἰδουμαίας
2989 4145 3230 4216 ὄλεθρος,
3276 4145 3372 4199 καὶ
3411 4145 3494 4198 ὅτι
3528 4145 3706 4216 πάντη
3737 4162 3800 4198 τε

2210 4241 2306 4296 καὶ
2365 4240 2583 4306 πάντως
2635 4241 2943 4312 οἰχήσονται
2999 4238 3138 4312 πρὸς
3189 4235 3484 4304 ἀπώλειαν,
3526 4255 3800 4310 κατεμπι-

2209 4334 2464 4406 πράντων
2497 4335 2680 4397 αὐτοῖς
2734 4331 2833 4398 τάς
2883 4332 3070 4395 πόλεις
3123 4331 3232 4386 τῶν
3275 4330 3654 4394 Βαϐυλωνίων,
3703 4331 3799 4384 καὶ

2210 4427 2426 4482 ἃπασαν
2452 4426 2510 4480 δὲ
2537 4425 2950 4498 καταδηούντων
2981 4423 3079 4496 τὴν
3118 4426 3324 4496 χώραν,
3357 4423 3798 4496 προαπαγγέλλει

2211 4518 2417 4588 σαφῶς.
2461 4513 2557 4582 Εἷς
2594 4515 2703 4590 γὰρ
2737 4516 2913 4580 ἔσται,
2945 4516 3130 4588 φησὶν,
3171 4516 3200 4568 ὁ
3233 4516 3478 4580 ἐνιαυτὸς
3502 4516 3532 4568 6
3567 4514 3794 4586 μεταξὺ,

2209 4611 2303 4664 καὶ
2335 4613 2384 4666 οἱ
2415 4611 2512 4682 τῆς
2541 4609 2733 4682 Κηδὰρ
2771 4608 3007 4674 τοξόται,
3045 4609 3242 4672 καίτοι,
3277 4609 3462 4680 φησὶν,
3491 4609 3590 4664 οὑκ
3628 4608 3798 4662 ἀθαύ-

2209 4719 2431 4773 μαστον·
2467 4703 2554 4756 ἐπ’
2595 4699 2741 4772 αὐτῷ
2771 4701 2829 4755 δὲ
2855 4701 3028 4772 τούτῳ
3057 4701 3153 4774 τὴν
3179 4699 3447 4790 ὑπόληψιν
3477 4701 3796 4774 ἐσχηκότες,

2205 4792 2518 4862 ἐκλείψουσί
2543 4809 2602 4844 τε
2635 4791 2729 4846 καὶ
2760 4791 3108 4846 ἀπολοῦνται.
3136 4793 3244 4846 Καὶ
3273 4792 3479 4864 ἀληθὴς
3503 4795 3536 4866 η
3559 4795 3798 4868 προαγό-

2208 4899 2410 4956 ρευσις’
2445 4882 2648 4954 Κύριος
2680 4881 2788 4954 γὰρ
2817 4882 3075 4954 ἐλάλησεν
3103 4885 3130 4936 ὁ
3151 4883 3284 4947 Θεὸς
3319 4883 3556 4956 Ἰσραήλ.
3583 4884 3796 4940 Ψεύσε-

2207 4991 2297 5030 ται
2335 4973 2389 5034 δὲ
2417 4973 2614 5046 μᾶλλον
2644 4974 2947 5046 οὐδαμῶςή
2979 4974 3224 5046 ἀλήθεια.

2729 5091 3124 5146 ΚΕΦΑΛΑΙυΝ
3149 5093 3275 5147 ΚΒ¹.

2283 5269 2300 5300 ι
2359 5249 2400 5300 Τ
2403 5249 2430 5302 ὸ
2456 5250 2639 5320 ὅραμα
2667 5247 2766 5319 τῆς
2801 5249 3084 5321 φάραγγος
3129 5249 3288 5306 Σιών.
3318 5252 3383 5305 Τί
3425 5253 3644 5322 ἐγένετό
3687 5271 3796 5320 σοι,

2204 5343 2286 5398 ὅτι
2317 5341 2412 5402 νῦν
2441 5341 2670 5414 άνέϐητε
2695 5341 2900 5408 πάντες
2931 5345 3012 5407 εἰς
3051 5343 3278 5416 δώματα
3313 5345 3554 5426 petua;
3587 5367 3604 5398 ι
3631 5349 3706 5404 Τό
3732 5365 3796 5416 γε

2169 5437 2318 5510 ⁸μὴν
2370 5434 2733 5508 προκείμενον
2791 5436 3078 5508 φάραγγος
3139 5436 3278 5492 Σιὼν
3340 5439 3526 5510 ὅραμα.
3572 5439 3633 5493 ού
3697 5441 3798 5512 τῆς

2203 5527 2372 5600 αὐτῆς
2407 5527 2566 5592 Σιὼν,
2605 5527 2742 5582 ἀλλὰ
2779 5529 2908 5602 περὶ
2953 5527 3055 5597 τῆς
3105 5531 3473 5601 προκειμένης
3510 5531 3648 5608 αὐτῇ
3691 5533 3796 5602 φάη-

2203 5635 2408 5694 ραγγος
2435 5623 2668 5696 εἴρηται.
2711 5622 2912 5696 Διόπερ
2967 5623 3093 5694 ἑξῆς
3123 5622 3326 5696 προῖὼν
3371 5625 3400 5676 6
3449 5623 3605 5694 λόγος
3633 5627 3788 5700 φησι·

2207 5735 2224 5767 ι
2269 5716 2380 5770 Καὶ
2409 5714 2622 5770 ἔσονται
2677 5715 2932 5770 ἐκλεκταὶ
2961 5716 3245 5790 φάραγγες
3281 5735 3397 5784 σου,
3449 5719 3788 5792 πλησθήσοιί-

2201 5825 2288 5866 ται
2339 5809 2616 5883 ἁρμάτωνσ
2663 5813 2708 5865 οἱ
2755 5811 2812 5866 δὲ
2839 5813 3040 5885 ,ἱππεῖς
3082 5811 3422 5888 ἐμφράξουσι
3469 5811 3566 5878 τὰς
3615 5809 3790 5880 πύλας
