4158 6402
319 411 426 467 255

1238 412 1736 470 COMMENTARIA
1777 410 1845 467 IN
1886 412 2140 469 ISAIAM.
2181 446 2253 456 -—
2288 414 2438 472 CAP.
2479 414 2649 470 XXII.

3460 422 3568 480 246
3598 412 3603 418 ’

323 546 439 586 σου.
473 547 494 583 ι
533 523 703 600 οἶμαι
751 528 840 584 διά
870 527 1078 583 τούτων
1109 528 1199 584 τὸν
1227 528 1360 585 Θεὸν
1389 530 1489 602 τὴν
1509 528 1782 603 ἀποϐολὴν
1804 530 1893 585 τοῦ

2000 530 2119 601 ejus
2143 532 2359 587 ruinam
2388 533 2703 603 signiﬁcare
2737 534 2897 601 velle,
2939 533 3196 604 ipsosque
3223 537 3274 590 in
3310 535 3572 609 alienige-

332 622 548 695 Ἰσραὴλ
575 621 670 675 καὶ
695 622 796 693 τὴν
823 620 1058 693 ἐσχάτην
1085 621 1400 676 ἀπόπτωσιν
1433 623 1674 694 σημῆναι
1707 621 1891 693 βουλό-

325 730 505 785 μενον,
531 715 589 768 ἐν
619 711 699 784 τῷ
716 712 956 784 τάγματι
977 714 1083 766 τῶν
1100 710 1410 783 ἀλλοφύλων
1437 714 1633 778 αὐτοὺς
1660 713 1896 768 κατατά-

323 805 434 871 ξαι,
466 804 665 877 μέσους
693 803 1143 876 παραληφθέντας
1153 804 1255 875 τῆς
1283 804 1395 858 τῶν
1421 804 1733 876 ἀλλοφύλων
1751 807 1892 876 Γρα-

320 897 452 970 φῆς.
481 896 641 951 ’Δλλά
667 895 761 951 καὶ
779 895 877 968 τὴν
899 895 1109 950 πτῶσιν
1134 897 1236 968 τῆς
1274 896 1623 968 Ἰερουσαλὴμ
1653 896 1894 968 ἡγοῦμαι

319 986 634 1059 δηλοῦσθαι,
666 986 754 1041 διὰ
783 984 942 1040 τοῦτο
982 986 1241 1056 φάραγγα
1282 984 1421 1039 Σιὼν
1451 985 1752 1057 ὀνομάζων.
1784 985 1896 1039 Καὶ

322 1075 496 1143 ἄλλως
518 1077 577 1133 δὲ
616 1079 890 1150 μέμφεται
915 1078 945 1132 6
970 1078 1104 1142 θεὸς
1124 1076 1217 1131 τοῦ
1258 1076 1525 1132 Ἰουδαίων
1558 1076 1743 1140 ἔθνους
1768 1076 1896 1140 τοὺς

321 1171 697 1235 ἀποπεσόντας
727 1170 822 1224 τοῦ
854 1170 1020 1241 ὕψους
1051 1170 1143 1225 τοῦ
1164 1170 1449 1235 θεοσεϐοῦς
1480 1170 1892 1241 πολιτεύματος,

319 1265 511 1336 ὥσπερ
547 1263 612 1335 δὴ
627 1265 685 1318 ἐν
713 1262 924 1317 κοιλάσι
955 1263 1049 1318 καὶ
1076 1265 1133 1317 ἐν
1158 1263 1398 1334 φάραγξι
1442 1262 1538 1317 τοῦ
1568 1263 1667 1333 τῆς
1698 1263 1896 1327 κακίας

323 1355 485 1426 βυθοῦ
516 1354 1059 1419 -καταπεπτωκότας,
1112 1354 1250 1408 Σιὼν
1309 1355 1407 1425 μὲν
1433 1354 1543 1427 γὰρ
1584 1356 1710 1427 ὅρος
1748 1356 1895 1409 ἐστὶν

321 1447 546 1519 ὑψηλὸν,
586 1446 670 1518 ἔφ’
699 1443 760 1502 οὗ
789 1449 819 1501 ὁ
862 1444 998 1510 νεὼς
1025 1446 1119 1500 τοῦ
1149 1446 1284 1500 Θεοῦ
1319 1446 1650 1517 ᾠκοδόμητο·
1678 1446 1758 1499 διὸ
1808 1445 1896 1499 λέ-

320 1539 526 1594 λεκται’
562 1558 596 1593 r
630 1538 747 1593 Ἐπ’
773 1538 899 1609 ὅρος
920 1538 1120 1609 ὑψηλὸν
1146 1537 1396 1609 ἀνάϐηθι,
1430 1539 1458 1591 6
1480 1537 1896 1609 εὐαγγελιζόμεέ-

318 1648 410 1696 νος
436 1629 594 1685 Σιὼψ
651 1649 670 1683 ι
708 1632 825 1697 καὶ,
858 1650 877 1685 ι
923 1630 1368 1703 Πηροσεληλύθατε
1422 1630 1562 1685 Σιὼν
1613 1632 1750 1704 δρει,
1802 1631 1895 1686 καὶ

318 1723 472 1778 πόλει
501 1723 637 1779 θεοῦ
666 1723 868 1789 ζῶντος
908 1723 1258 1796 Ἰερουσαλὴμ
1298 1724 1623 1796 ἐπουρανίῳ.
1668 1744 1687 1777 ι
1725 1725 1837 1778 Καὶ
1865 1724 1893 1778 6

318 1814 475 1885 λόγος
488 1816 546 1871 δέ
573 1818 603 1872 6
633 1816 987 1895 εὐαγγελικὺς
1008 1816 1098 1870 διά
1124 1816 1216 1869 τοῦ
1239 1813 1374 1869 Σιὼν
1389 1815 1511 1887 δρας
1534 1814 1895 1887 σημαίνεσθαι

1996 636 2191 677 narum
2218 624 2408 678 ordine
2439 637 2742 693 reponere;
2772 639 2894 677 nam
2941 624 3101 679 medii
3141 625 3283 682 inter
3311 627 3569 698 alienige-

1996 727 2096 767 nas
2137 712 2189 767 in
2241 712 2525 783 Scriptura
2572 713 2846 769 locantur.
2897 713 3007 770 Sed
3046 718 3213 771 etiam
3256 727 3389 787 puto
3440 734 3568 775 eum

1997 804 2380 876 Hierosolyma:
2408 806 2621 861 ruinam
2640 806 2936 873 declarare,
2966 807 3194 878 ideoque
3215 810 3409 867 vallem
3437 810 3569 867 Sion

1996 897 2170 964 ipsam
2221 911 2438 952 vocare.
2486 896 2741 966 Alioquin
2797 912 2928 953 vero
2958 913 2990 954 e
3036 898 3346 956 Judazorutn
3408 911 3572 971 gente

1998 990 2139 1046 Deus
2160 1004 2254 1046 eos
2279 990 2550 1061 coarguit,
2574 990 2666 1061 qui
2697 1006 2730 1045 a
2749 990 2989 1061 religiosi
3019 992 3254 1049 instituti
3287 995 3576 1051 cacumine

1995 1081 2340 1145 deciderunt,
2365 1097 2464 1137 ceu
2501 1083 2555 1136 in
2594 1081 2761 1137 valles
2803 1091 2861 1137 et
2892 1083 3180 1155 voragines
3210 1083 3571 1153 profundissi-

1997 1187 2099 1228 mze
2149 1172 2365 1228 malitiae
2412 1172 2639 1243 delapsi.
2667 1172 2879 1227 Etenim
2933 1171 3065 1228 Sion
3121 1188 3277 1229 mons
3310 1183 3393 1230 est
3428 1189 3568 1244 pra:-

1996 1263 2158 1331 altus,
2189 1263 2242 1317 in
2272 1278 2381 1333 quo
2411 1262 2667 1334 templum
2703 1263 2796 1316 Dei
2834 1262 3163 1318 :edilieatum
3200 1271 3319 1317 erat
3348 1279 3363 1318 :
3395 1251 3568 1333 quare

1998 1355 2239 1411 dicitur:
2271 1373 2290 1405 ι
2320 1353 2498 1425 Super
2545 1364 2783 1410 montem
2847 1353 3120 1408 excelsum
3177 1354 3431 1422 ascende,
3472 1355 3566 1424 qui

1998 1447 2345 1516 evangelizas
2395 1447 2598 1512 Sion“;
2629 1464 2648 1499 ι
2708 1456 2763 1501 et
2815 1462 2829 1497 :
2885 1445 3259 1501 «Accessistis
3314 1447 3382 1502 ad
3437 1447 3571 1503 Sion

1999 1547 2264 1602 montem,
2299 1547 2353 1593 et
2400 1539 2673 1595 civitatem
2712 1539 2806 1594 Dei
2845 1537 3081 1592 viventis
3122 1535 3424 1593 Jerusalem
3450 1551 3569 1593 co:-

1998 1630 2194 1686 lestem
2215 1631 2255 1688 5.
2284 1649 2305 1682 ι
2343 1630 2722 1701 Evangelicum
2764 1643 2947 1684 autent
2971 1644 3280 1686 sermonem
3309 1644 3406 1699 per
3437 1628 3571 1685 Siou

1999 1731 2239 1777 montem
2295 1720 2589 1793 signiﬁcari
2635 1722 2888 1791 superius
2936 1730 3423 1777 commonstratum
3463 1731 3573 1776 est.

1999 1816 2099 1883 Qui
2149 1829 2313 1885 porro
2346 1830 2411 1869 ex
2461 1815 2566 1871 hac
2595 1829 2691 1884 spe
2720 1814 3059 1880 deciderunt,
3088 1814 3145 1869 in
3172 1811 3370 1868 vallem
3418 1810 3570 1868 Sioni

316 1908 406 1963 διὰ
431 1908 540 1963 τῶν
566 1894 874 1981 ἔμπροσθεν
903 1908 1266 1963 ἐπεδείκνυτο.
1298 1910 1363 1963 Οἱ
1405 1909 1463 1962 δὲ
1487 1907 1692 1980 ταύτης
1736 1909 1893 1962 ἐκπε-

1998 1904 2338 1973 adiacentem
2363 1904 2565 1975 delapsi
2599 1917 2727 1961 sunt
2764 1927 2774 1962 :
2806 1920 2932 1960 nam
2979 1919 3170 1961 rursus
3202 1904 3456 1971 virtutem
3486 1920 3574 1960 se-

318 2000 502 2065 σύντες
516 2001 616 2072 τῆς
645 2000 857 2066 ἐλπίδος
877 2001 936 2071 ἐν
960 2001 1205 2073 φάραγγι
1223 2000 1600 2073 παρακειμένῃ
1629 2000 1728 2071 τῆς
1756 1999 1896 2054 Σιὼν

317 2094 661 2152 πεπτώκασν
687 2094 849 2149 πάλιν
899 2094 1009 2168 γάρ
1040 2095 1213 2168 ἀρετῇ
1241 2093 1411 2150 κακία
1442 2092 1768 2165 παρέπεται,
1815 2093 1896 2157 είς

315 2187 384 2256 ἢν
416 2187 680 2258 ἐμπίπτει
711 2189 742 2241 6
785 2188 885 2261 τῆς
915 2186 1118 2259 ἀρετῆς
1153 2184 1552 2252 ἐξολισθαίνων.
1584 2183 1740 2240 Οὕτω
1765 2183 1896 2251 γοῦν

318 2277 485 2346 οίτῆς
516 2277 749 2343 πίστεως
778 2278 1241 2350 ἐξαμαρτάνοντες
1266 2279 1346 2342 εἰς
1359 2276 1618 2331 ἀπιστίαν
1643 2276 1897 2348 περιτρέ-

318 2384 531 2423 πονται.
569 2368 627 2421 '0
644 2369 820 2423 τοίνυν
844 2370 908 2423 ἐκ
927 2369 1229 2441 περιτομῆς
1245 2368 1396 2433 λαὸς,
1419 2365 1512 2422 τοῦ
1538 2367 1897 2437 εὐαγγελικωῖ

319 2457 489 2529 ὕφους
548 2459 815 2523 ἐκπεσὼν,
863 2460 959 2515 καὶ
987 2460 1087 2531 τῆς
1132 2459 1455 2531 ἐπουρανίου
1488 2458 1625 2514 Σιὼν
1663 2459 1897 2513 ἀπαλλο-

317 2551 590 2622 τριωθεὶς,
629 2553 712 2617 εἰς
728 2552 820 2606 τὸν
856 2552 957 2624 τῆς
980 2551 1239 2617 ἀπιστίας
1267 2554 1606 2626 περιετράπη
1627 2551 1893 2626 κρημνόν·

214 2681 240 2707 .
312 2641 398 2697 διὸ
442 2643 533 2697 καὶ
560 2645 619 2697 ἐν
667 2643 984 2713 ἀλλοφύλοις
1012 2642 1287 2714 ἐλογίσθη.
1323 2642 1485 2697 Ὅθεν
1520 2645 1555 2715 ἡ
1588 2643 1895 2717 προφητεία

314 2733 414 2806 τὴν
448 2735 685 2805 ἐσχάτην
714 2734 892 2789 αὐτῶν
932 2734 1203 2806 ἀποϐολὴν
1234 2735 1599 2808 αἰνιττομένη,
1628 2735 1691 2790 τὸ
1741 2734 1895 2807 ῥῆμα

315 2825 411 2897 τῆς
442 2825 721 2899 φάραγγος
750 2826 1074 2898 ἀνέγραψεν.
1120 2827 1273 2881 Ἐπεὶ
1300 2828 1373 2899 μή
1398 2829 1514 2882 ἐστι
1540 2826 1895 2899 προσωπολη-

313 2918 413 2988 ψία
458 2920 609 2991 παρά
635 2920 714 2991 τῷ
760 2919 899 2991 Θεῷ,
934 2918 1129 2975 τούτου
1164 2920 1326 2991 χάριν
1354 2922 1413 2974 ἐν
1437 2923 1549 2985 τοῖς
1595 2920 1735 2975 κατά
1784 2920 1893 2973 τῶν

315 3008 626 3079 ἀλλοφύλων
647 3008 882 3078 ἐλέγχοις
914 3008 1080 3079 μέσος
1103 3006 1436 3079 ἐμϐέϐληται
1465 3006 1559 3060 καλ⁵
1580 3007 1609 3059 6
1637 3006 1765 3077 περὶ
1794 3006 1893 3077 τῆς

317 3099 455 3155 Σιὼν
482 3100 659 3171 λόγος.
680 3101 771 3154 Διὸ
810 3100 904 3155 καὶ
929 3099 1057 3163 τοὺς
1086 3099 1186 3170 τῆς
1222 3098 1573 3170 Ἰερουσαλὴμ
1601 3100 1892 3170 οἰκήτορας

316 3192 505 3265 ῶσπερ
537 3195 595 3246 ἐν
623 3192 940 3263 ἀλλοφύλοις
962 3190 1287 3247 κατατάττει
1315 3190 1511 3256 ὁθεὸς,
1536 3192 1629 3244 καὶ
1651 3188 1750 3261 τὴν
1769 3190 1889 3244 κατ’

317 3282 494 3339 αὐτῶν
518 3282 782 3355 προφέρει
811 3282 1008 3354 ψῆφον.

392 3393 417 3429 t
466 3373 800 3447 Ἐνεπλήσθη
833 3376 867 3446 ή
898 3374 1053 3440 πόλις
1078 3373 1343 3445 βοώντων·
1362 3375 1411 3428 οἱ
1433 3375 1769 3446 τραυματίαι
1798 3392 1891 3429 σου

314 3464 379 3520 ού
394 3467 723 3538 τραυματίαι
741 3467 1034 3539 μαχαίρας·
1046 3466 1152 3521 οὐδ’
1166 3468 1217 3521 οἱ
1229 3467 1411 3537 νεκροί
1426 3484 1518 3521 σου
1536 3466 1719 3538 νεκροὶ
1739 3466 1893 3520 πολέ-

318 3574 443 3628 μου.
483 3576 503 3609 ι
525 3556 756 3629 Θεωρῶν
775 3557 832 3610 δὲ
857 3559 886 3610 6
916 3558 1202 3629 προφήτης
1230 3556 1307 3629 τῷ
1329 3558 1598 3628 πνεύματι
1629 3558 1727 3623 τὰς
1750 3557 1893 3611 κατὰ

314 3648 410 3704 τοῦ
463 3650 716 3722 Σωτῆρος
761 3648 889 3720 βοὰς
927 3649 1129 3718 αὐτῶν,
1163 3651 1259 3704 καὶ
1296 3651 1395 3715 τὰς
1430 3650 1622 3716 ἀθέους
1644 3652 1763 3705 κατ’
1790 3653 1890 3705 αὐ-

314 3740 411 3798 τοῦ
463 3740 831 3813 βλασφημίας,
895 3742 960 3796 δι’
1017 3741 1086 3808 ἃς
1139 3742 1559 3815 άπεϐλήθησαν,
1618 3743 1889 3815 ἐπιφέρειο

394 3940 413 3973 ι
467 3918 798 3992 Ἐνεπλήσθη
814 3920 849 3990 ὴ
870 3918 1021 3983 πόλις
1036 3917 1299 3989 βοώντων.
1329 3921 1534 3986 Πάντες
1562 3922 1611 3975 οἱ
1635 3921 1893 3993 ἄρχοντές

317 4029 413 4067 σου
456 4011 783 4081 πεφεύγασι,
818 4010 912 4065 καὶ
957 4012 1006 4063 οἱ
1046 4010 1265 4075 ἁλόντες
1318 4013 1569 4085 σκληρῶς
1618 4014 1892 4085 δεδεμένοι

313 4104 444 4169 elei,
480 4105 571 4159 καὶ
592 4104 643 4158 οἱ
674 4103 947 4174 ἰσχύοντες
982 4106 1039 4159 ἐν
1074 4104 1157 4159 σοὶ
1180 4104 1370 4176 τιόρρω
1401 4105 1721 4176 πεφεύγασι.
1754 4125 1771 4158 ›
1801 4108 1893 4160 Διὸ

312 4197 496 4251 οὐκέτι
525 4195 665 4249 κατά
694 4195 756 4250 τὸ
787 4194 1011 4250 παλαιὸν
1045 4197 1173 4267 παρ’
1200 4196 1383 4260 αὐτοῖς
1408 4196 1470 4250 ού
1511 4195 1767 4266 βασιλεῖς,
1793 4198 1892 4269 οὐχ

314 4286 626 4364 ἡγούμενοι,
657 4290 758 4344 οὐκ
807 4290 1101 4363 ἀρχιερεῖς,
1154 4291 1217 4346 ού
1272 4291 1567 4361 προφῆται,
1619 4290 1733 4346 ἀλλ’
1772 4291 1892 4345 οὐδὲ

312 4386 618 4457 Φαρισαῖοι,
666 4382 790 4437 οὐδὲ
846 4382 1213 4447 Σαδδουκαῖοι,
1246 4382 1368 4436 οὐδὲ
1403 4384 1517 4437 ὅσοι
1564 4382 1625 4437 τὸ
1664 4384 1891 4438 παλαιὸν

312 4479 434 4541 ταῖς
467 4474 596 4547 παρ’
622 4474 804 4537 αὐτοῖς
835 4472 1030 4543 ἀρχαῖς
1057 4470 1362 4542 τετίμηντο.
1387 4468 1573 4526 Ταῦτα
1612 4470 1833 4525 συνιδὼν
1864 4473 1893 4525 6

313 4565 600 4637 προφήτης
623 4561 700 4634 τῷ
738 4559 1030 4631 πνεύματι,
1071 4560 1167 4614 καὶ
1196 4559 1295 4631 τὴν
1327 4562 1394 4614 ἐκ
1428 4562 1685 4615 τοσούτου
1726 4560 1892 4630 ὕψους

313 4657 409 4711 ἐπὶ
454 4655 552 4727 τῆν
590 4652 825 4725 ἐσχάτην
858 4650 1056 4706 κακίαν
1099 4650 1288 4722 ὥσπερ
1326 4651 1446 4705 τινὰ
1479 4653 1761 4725 φάραγγα,
1795 4652 1893 4726 τὴν

313 4746 520 4803 πτῶσιν
540 4744 633 4799 τοῦ
677 4741 947 4798 Ἰουδαίων
978 4740 1108 4797 λαοῦ
1126 4742 1525 4813 ἀπολοφύρεται
1554 4743 1747 4811 λέγων’

389 4938 408 4975 ι
445 4921 540 4976 Διά
569 4920 725 4976 τοῦτο
752 4915 900 4985 εἶπα,
931 4920 1130 4989 ’Λφετέ
1166 4935 1255 4990 με,
1303 4917 1514 4990 πικρῶς
1561 4917 1886 4989 κλαύσομαι,

316 5016 392 5086 μή
448 5012 811 5084 κατισχύσητε
848 5012 1183 5084 παρακαλεῖν
1229 5027 1295 5082 με
1330 5010 1424 5064 ἐπὶ
1469 5009 1531 5063 τὸ
1574 5009 1887 5082 σύντριμμα

312 5109 413 5182 τῆς
457 5108 722 5180 θυγατρὸς
773 5107 867 5162 τοῦ
908 5108 1098 5176 γένους
1141 5123 1264 5179 μου.
1298 5125 1316 5159 ι
1366 5102 1497 5159 Οἶδα
1538 5104 1667 5176 γὰρ,
1703 5103 1887 5177 φησὶν,

313 5200 579 5273 ἀκριϐῶς,
612 5200 706 5254 καὶ
735 5199 814 5270 τῷ
849 5198 1118 5270 πνεύματι
1154 5196 1395 5271 προορῶ,
1424 5197 1519 5251 καὶ
1538 5194 1628 5250 διὰ
1650 5195 1718 5250 τὰ
1752 5212 1889 5267 προ-

312 5291 573 5365 λεχθέντα
616 5291 816 5354 πάντα,
860 5292 955 5345 καὶ
985 5292 1019 5362 ἡ
1052 5290 1205 5354 πόλις
1235 5292 1269 5361 ή
1297 5289 1375 5360 τῷ
1403 5288 1523 5358 θεῷ
1554 5287 1891 5359 ἀνακειμένη

311 5383 583 5441 ἁλώσεται
605 5424 621 5450 ,
652 5385 747 5439 καὶ
783 5384 979 5447 πάντες
1003 5384 1054 5438 οἱ
1089 5385 1148 5437 ἐν
1172 5384 1309 5454 αὐτῇ
1350 5384 1429 5445 είς
1473 5380 1651 5451 χαράν
1683 5380 1891 5453 ἐχθρῶν

314 5476 800 5549 παραδοθήσονται.
833 5476 1032 5547 Διόπερ
1083 5474 1335 5530 ἐντεῦθεν
1390 5472 1493 5545 ῆδη
1525 5472 1890 5544 ἀποδύρομαι,

315 5570 407 5624 καὶ
439 5568 628 5641 ὥσπερ
676 5570 768 5623 ἐπὶ
813 5568 1052 5640 γνησίοις
1084 5566 1320 5638 ἐμαυτοῦ
1384 5566 1708 5637 σπλάγχνοις
1759 5565 1892 5619 ἀπο-

314 5661 418 5716 κλα
425 5661 469 5714 ίο
475 5679 572 5732 μαι
582 5701 592 5712 .

386 5867 406 5900 ⁸
433 5868 558 5923 lsai.
596 5882 680 5936 XL,
714 5866 766 5923 9.
843 5867 862 5899 ⁸
890 5863 1051 5922 Hebr.
1092 5880 1189 5934 xu,
1214 5865 1301 5918 22.

1997 1999 2185 2069 quitur
2224 1997 2452 2073 malitia,
2500 1999 2554 2054 in
2592 2013 2753 2069 quam
2787 1996 2992 2054 decidit
3030 1996 3125 2067 qui
3155 2011 3220 2052 ex
3253 1998 3455 2053 virtute
3481 1999 3585 2054 ἀει--

1996 2090 2220 2148 labitur.
2244 2088 2337 2146 Sic
2367 2088 2534 2161 igitur
2564 2090 2655 2160 qui
2687 2104 2757 2145 ex
2789 2087 2898 2145 (ide
2926 2087 3187 2145 aberrant
3225 2089 3292 2145 ad
3322 2090 3573 2145 incredu-

1996 2182 2203 2238 litatem
2245 2192 2555 2239 vertuntur.
2597 2183 2833 2254 Populus
2868 2185 3059 2256 itaque
3091 2197 3160 2240 ex
3198 2181 3572 2239 circumcisio-

1998 2288 2088 2341 ne,
2128 2288 2198 2330 ex
2251 2275 2571 2346 evangelico
2618 2277 2901 2333 cacumine
2946 2277 3147 2347 lapsus,
3179 2284 3237 2331 et
3282 2290 3313 2329 a
3360 2274 3571 2331 caelesti

1999 2366 2129 2423 Sion
2161 2368 2517 2435 abalienatus,
2550 2370 2602 2425 in
2628 2370 2990 2440 praecipitium
3020 2367 3421 2425 incredulitatis
3444 2383 3567 2424 cor-

1996 2459 2160 2515 ruit:
2204 2474 2378 2529 quare
2431 2460 2575 2516 inter
2651 2459 2986 2532 alienigenas
3049 2467 3352 2528 reputatur.
3416 2458 3573 2516 Unde

1996 2551 2279 2621 prophetia
2315 2559 2614 2607 extremam
2652 2566 2842 2607 eorum
2894 2551 3163 2622 repulsam
3212 2550 3568 2613 adumbratis,

1996 2642 2225 2698 verbum
2258 2642 2418 2698 vallis
2446 2644 2757 2714 descripsit.
2788 2644 2923 2712 Quia
2957 2658 3086 2700 vero
3113 2657 3216 2698 non
3249 2651 3335 2698 est
3379 2655 3564 2710 perso-

1998 2749 2188 2789 narum
2237 2733 2482 2804 acceptio
2530 2736 2668 2806 apud
2714 2736 2920 2803 Deum,
2969 2735 3090 2790 ideo
3150 2734 3200 2789 in
3243 2733 3571 2804 alienigena-

1998 2838 2117 2879 rum
2158 2824 2672 2896 reprehensionibus
2704 2825 2918 2880 medins
2942 2825 3008 2881 de
3040 2823 3208 2880 Sione
3257 2837 3438 2880 sermo
3477 2823 3566 2877 in-

1994 2930 2177 2974 sertus
2209 2927 2315 2974 est.
2359 2917 2621 2986 Quocirca
2653 2917 3042 2991 Hierosolyma:
3068 2917 3296 2980 incolas,
3327 2916 3479 2987 quasi
3515 2916 3569 2969 in

1996 3008 2320 3081 alienigenis
2367 3009 2510 3066 Deus
2555 3008 2859 3075 constituit,
2891 3009 3327 3079 sententiamque
3365 3007 3571 3077 prolcrt

1993 3103 2276 3159 adversum
2304 3101 2444 3160 illos.

2072 3357 2237 3416 Vens.
2264 3358 2319 3415 2.
2357 3377 2375 3412 ι
2406 3358 2631 3431 liepleta
2679 3369 2761 3416 est
2795 3370 2993 3417 emtas
3024 3360 3385 3417 clamantibus
3413 3380 3427 3416 :
3459 3362 3573 3415 vnl-

1999 3451 2181 3506 nerati
2212 3451 2315 3519 ttti,
2346 3467 2456 3508 non
2492 3451 2760 3508 vulnerati
2801 3453 3011 3523 gladio;
3046 3467 3218 3521 neque
3240 3453 3435 3508 mortui
3471 3455 3572 3519 tui,

1998 3543 2198 3598 mortui
2229 3542 2391 3599 bello.
2417 3563 2437 3598 ι
2473 3542 2678 3615 Spiritu
2706 3546 3051 3614 conspicatus
3094 3544 3353 3614 propheta
3380 3560 3568 3600 cormn

1999 3645 2189 3692 contra
2245 3636 2587 3692 Salvatorem
2624 3637 2915 3703 clamores,
2964 3637 3264 3707 impiasque
3301 3638 3354 3691 in
3397 3640 3573 3707 ipsum

1999 3730 2389 3800 blasphemias,
2421 3744 2655 3801 quarum
2701 3745 2869 3787 causa
2898 3730 3081 3799 reiecti
3122 3741 3271 3795 sunt,
3299 3729 3574 3801 subiungit

1999 3824 2129 3881 illud
2161 3839 2178 3880 :

2071 3915 2233 3973 Vens.
2266 3917 2319 3972 5.
2361 3936 2380 3970 ι
2410 3917 2630 3987 Repleta
2671 3924 2754 3973 est
2786 3916 2982 3973 civitas
3012 3916 3394 3973 clamantibus.
3445 3919 3575 3973 0m-

2000 4022 2097 4064 nes
2131 4009 2404 4079 principes
2442 4009 2518 4064 tui
2567 4008 2848 4080 fugerunt,
2876 4017 2934 4064 et
2977 4009 3119 4078 capti
3167 4006 3374 4065 duriter
3395 4009 3573 4063 “vincti

1999 4111 2153 4166 sunt,
2178 4112 2234 4157 et
2260 4102 2350 4171 qui
2387 4110 2635 4172 potentes
2679 4112 2807 4158 sunt
2852 4102 2906 4156 in
2941 4111 3016 4168 te,
3044 4101 3202 4171 longe
3236 4101 3508 4171 fugerunt.
3546 4121 3565 4154 ο

1999 4191 2180 4258 Quare
2211 4207 2319 4245 nou
2353 4191 2585 4260 amplius
2611 4200 2671 4246 ut
2708 4191 3013 4262 antiquitus
3035 4206 3212 4263 rcges,
3248 4208 3352 4247 non
3386 4194 3575 4254 duces.

2000 4299 2109 4338 non
2143 4282 2478 4349 sacerdotes,
2508 4298 2613 4337 non
2660 4282 2942 4352 propheta:
2966 4283 3108 4354 apud
3139 4282 3258 4338 illos
3284 4294 3443 4345 sunt;
3474 4284 3568 4339 sed

2000 4389 2177 4445 neque
2223 4373 2501 4440 Pharisaei,
2548 4388 2723 4444 neque
2767 4374 3035 4439 Saducazi,
3071 4391 3248 4445 neque
3293 4373 3381 4429 alii
3416 4385 3576 4443 quot-

2000 4462 2277 4534 qttotoliut
2313 4479 2502 4520 eorum
2532 4465 2944 4535 magistratibus
2975 4464 3246 4534 perfuncti
3273 4476 3417 4520 sunt.
3454 4465 3578 4518 limo

2000 4571 2121 4611 cum
2171 4556 2365 4627 spiritu
2413 4567 2663 4613 cerneret
2707 4557 3004 4628 proliltcta,
3056 4571 3269 4613 necnon
3310 4557 3456 4612 illum
3508 4573 3573 4611 es

2002 4657 2147 4702 tanta
2195 4648 2527 4704 sublimitate
2585 4649 2636 4701 itt
2694 4658 2999 4704 extremam
3056 4647 3357 4707 maiitiam,
3387 4662 3483 4702 ceu
3521 4649 3575 4700 in

1998 4739 2290 4810 quamdam
2337 4738 2553 4807 Vallem,
2585 4739 2798 4796 Judaici
2840 4739 3023 4812 populi
3075 4738 3308 4808 lapsum,
3342 4737 3491 4791 luctu
3517 4753 3577 4793 se

1997 4828 2293 4883 discruciat
2324 4827 2512 4881 dicens
2545 4846 2558 4881 :

2066 4918 2229 4976 Vens.
2273 4918 2327 4974 4.
2380 4919 2715 4989 tProptcrea
2779 4918 2923 4993 dixi,
2990 4919 3153 4975 sinite
3220 4933 3343 4985 me,
3392 4934 3577 4975 amare

1993 5015 2153 5081 llebo,
2200 5028 2305 5069 non
2353 5012 2601 5084 poteritis
2651 5012 2918 5068 consolari
2989 5026 3075 5067 me
3140 5026 3302 5081 super
3372 5013 3572 5067 contri-

1996 5106 2139 5162 tione
2193 5104 2314 5160 lilia:
2367 5105 2585 5176 generis
2638 5104 2767 5160 mei.
2797 5122 2817 5156 ι
2852 5102 2987 5158 Nam
3022 5115 3275 5160 accurate
3305 5103 3455 5169 novi,
3500 5098 3573 5159 in?

1991 5198 2131 5268 quit,
2162 5207 2213 5252 et
2237 5197 2433 5269 spiritu
2463 5197 2757 5265 praevideo,
2783 5196 2952 5251 etiam
2987 5212 3054 5253 ex
3084 5198 3151 5253 iis
3176 5198 3430 5254 omnibus
3457 5215 3576 5269 qua:

1998 5304 2157 5359 supra
2200 5290 2343 5344 dicta
2396 5296 2545 5354 sunt,
2586 5287 2860 5342 civitatem
2896 5287 3005 5344 Deo
3052 5289 3322 5346 addictam
3353 5290 3575 5360 capien.

2001 5381 2149 5446 dant,
2179 5389 2233 5435 et
2256 5394 2447 5436 omnes
2476 5378 2569 5450 qui
2608 5378 2661 5432 in
2703 5377 2791 5431 illa
2836 5388 2982 5447 sunt,
3008 5378 3062 5435 in
3097 5380 3354 5451 gaudium
3398 5379 3574 5434 inimi-

2000 5488 2185 5529 corum
2241 5473 2448 5529 dandos
2487 5486 2631 5529 esse.
2699 5473 2881 5539 Quare
2922 5471 3037 5545 jam
3070 5472 3268 5530 exhinc
3313 5472 3490 5543 lugeo,
3520 5482 3575 5527 et

1999 5567 2153 5639 quasi
2177 5568 2416 5638 genuina
2449 5566 2657 5623 viscera
2686 5582 2802 5624 mea
2838 5564 3076 5636 deploro.
