4158 6402
621 392 729 455 υτ

1298 386 1567 444 EUSEBII
1605 383 2080 443 DIESABIENSIS
2117 382 2269 442 OPP.
2309 381 2494 438 PARS
2532 380 2624 437 111.
2664 411 2736 425 —-
2774 380 3195 438 EXEGETICA.

3791 382 3893 440 ‘2!8

692 507 861 572 Vsus.
894 508 949 569 5.
988 526 1008 562 ι
1029 507 1164 579 Quia
1221 507 1337 562 dies
1391 507 1725 564 turoattonis
1748 515 1801 562 et
1839 506 2118 572 interitus,
2146 515 2201 561 et

2384 522 2403 555 ι
2438 504 2562 557 Ὅτι
2597 503 2778 576 ἡμέρα
2807 505 3056 576 ταραχῆς
3081 507 3176 559 καὶ
3199 504 3496 569 ἀπωλείας,
3534 506 3626 560 καὶ
3655 523 3902 560 καταπα-

618 599 1173 660 conculcationiszet
1219 612 1381 653 error
1435 613 1466 652 a
1519 597 1756 652 Domino
1822 597 2088 652 Sabaoth.
2147 597 2204 652 in

619 692 758 747 valle
804 692 935 748 Sion
979 700 1166 749 errant
1201 709 1214 745 :
1251 705 1280 743 a
1307 704 1476 761 parvo
1525 692 1593 744 ad
1633 705 1890 761 magnum
1922 700 2114 744 errant
2149 690 2203 745 in

621 785 916 842 montibus.
951 803 970 836 ι
1031 783 1157 839 ηενρ
1202 797 1420 854 quoque
1455 781 1670 837 aestimo
1708 782 1856 836 dicta
1899 782 1967 837 de
1997 783 2083 846 iis,
2112 782 2202 851 qui

618 885 991 934 convenerunt
1018 877 1070 932 in
1100 893 1294 940 unum,
1324 878 1451 930 dum
1483 877 1695 932 insidia:
1722 886 1914 933 contra
1950 873 2204 931 Servato-

615 982 730 1028 rem
771 979 1018 1024 nostrum
1044 980 1410 1025 struerentur.

691 1060 857 1120 Vrsas.
888 1061 942 1115 6.
979 1078 997 1112 ι
1040 1058 1288 1116 Elamita:
1317 1073 1497 1117 autem
1524 1073 1870 1132 sumpserunt
1899 1064 2204 1132 pharetras,

613 1167 670 1212 et
719 1155 975 1210 homines
1033 1155 1126 1223 qui
1187 1154 1490 1210 ascendunt
1527 1171 1717 1225 equos,
1749 1165 1805 1212 et
1857 1163 2205 1231 congregatio

612 1246 770 1303 aciei.
801 1267 820 1298 ι
857 1245 1142 1315 Signiﬁcat
1167 1255 1347 1300 autem
1395 1247 1632 1304 virtutes
1663 1248 1906 1306 occultas
1944 1261 2000 1305 et
2031 1253 2206 1309 inimi-

615 1351 733 1407 cas,
757 1337 917 1406 queis
942 1351 970 1388 a
998 1335 1106 1390 Deo
1135 1337 1319 1390 traditi
1355 1346 1502 1392 sunt.
1549 1336 1731 1404 Quare
1762 1339 2007 1397 Elamita:
2033 1343 2204 1414 signi-

616 1429 783 1491 ﬁcant
815 1428 1200 1498 despicientes;
1237 1430 1363 1500 quia
1393 1431 1734 1502 pereuntium
1768 1433 1995 1490 salutem
2037 1437 2205 1506 negli-

619 1533 780 1594 gunt,
818 1538 884 1578 ac
919 1523 1122 1578 nemini
1171 1533 1422 1593 parcunt;
1450 1524 1574 1578 ideo
1597 1525 1971 1582 verisimiliter
2002 1528 2076 1582 ita
2109 1545 2202 1584 vo-

615 1625 814 1672 cantur
857 1631 1051 1672 eurum
1106 1627 1300 1670 turmae
1355 1614 1690 1673 obsidentes.
1753 1617 1958 1673 Verum
2009 1635 2204 1692 magno

633 1722 759 1761 cum
813 1707 1062 1762 exercitu
1107 1707 1372 1762 instructa
1428 1707 1546 1763 acie
1595 1707 1647 1764 in
1697 1709 1835 1766 valle
1864 1709 1995 1767 Sion
2035 1713 2205 1770 abiis

616 1802 844 1856 obsessa
894 1811 1199 1867 versantes,
1247 1816 1366 1856 eam
1407 1801 1460 1856 in
1501 1812 1803 1860 extremam
1849 1819 2076 1878 egerunt
2107 1823 2202 1863 va-

614 1895 874 1948 stitatem.

691 1983 854 2040 Vsus.
894 1987 949 2040 7.
985 2007 1003 2038 ι
1025 1985 1092 2041 Et
1118 1996 1278 2041 erunt
1311 1985 1500 2043 electa:
1546 1989 1714 2046 valles
1749 1998 1875 2058 tuac,
1918 1991 2204 2062 repleban-

617 2087 708 2133 tur
732 2079 1001 2144 curribus,
1035 2080 1248 2151 equites
1277 2091 1456 2136 autem
1484 2083 1976 2152 occludentportas
2006 2095 2144 2140 tuas.
2175 2105 2194 2138 ι

615 2170 738 2227 Non
771 2187 914 2227 nunc
961 2186 1138 2242 neque
1187 2173 1241 2228 in
1270 2175 1524 2244 praesenti
1563 2182 1808 2245 tempore
1833 2213 1847 2238 ,
1883 2175 1976 2230 sed
2014 2174 2066 2230 in
2104 2176 2199 2231 illa

619 2263 738 2330 die;
772 2263 1029 2318 nimirum
1065 2264 1116 2318 iu
1144 2275 1389 2334 tempore
1411 2281 1508 2338 per
1531 2267 1870 2338 prophetiam
1893 2271 2198 2328 enuntiato.

691 2435 855 2492 Vsus.
883 2437 940 2502 8,
971 2438 1026 2493 9.
1065 2455 1082 2489 ι
1115 2435 1179 2492 Ει
1213 2437 1491 2495 recludent
1530 2449 1719 2511 portas
1744 2442 1904 2510 Juda,
1939 2457 1994 2503 et
2021 2447 2200 2504 intue-

615 2530 822 2586 buntur
851 2527 908 2585 in
945 2531 1033 2585 die
1063 2529 1156 2585 illa
1185 2529 1392 2588 electas
1419 2533 1612 2589 domos
1644 2535 1813 2592 urbis.
1855 2537 1923 2593 Et
1957 2549 2202 2610 retegent

617 2619 931 2675 abscondita
965 2619 1250 2676 domorum
1277 2626 1424 2678 arcis
1452 2622 1643 2683 David.
1666 2625 1732 2680 Et
1748 2627 2022 2693 viderunt,
2055 2631 2198 2700 quod

615 2712 800 2782 plures
826 2724 975 2780 sunt,
1012 2722 1069 2770 et
1107 2714 1252 2785 quod
1281 2717 1480 2772 avertit
1513 2733 1711 2789 aquam
1738 2722 1940 2777 veteris
1978 2724 2201 2793 piscinae

615 2806 672 2860 in
697 2805 938 2862 civitate.
973 2827 991 2860 ι
1029 2805 1152 2862 Haec
1187 2823 1350 2878 porro
1379 2819 1536 2865 erant
1565 2827 1766 2867 arcana
1803 2815 1951 2886 regni
1981 2817 2200 2887 symbo-

618 2897 696 2962 la,
729 2908 785 2953 et
830 2913 954 2968 qua:
999 2898 1053 2952 in
1107 2901 1424 2956 sanctuario
1452 2903 1686 2972 reposita
1732 2917 1930 2960 erant:
1963 2923 2084 2976 qua:
2115 2924 2204 2964 ne-

615 2989 778 3054 mini,
835 3000 1199 3061 praeterquam
1270 2994 1543 3049 sacerdoti
1595 3006 1824 3064 tantum,
1884 3001 2200 3071 conspicere

618 3081 821 3142 licebat
848 3103 862 3138 :
890 3098 1011 3152 quzc
1037 3084 1203 3138 etiam
1239 3085 1475 3142 inimicis
1505 3089 1760 3144 tradenda
1795 3089 1950 3146 dicit.
1998 3091 2111 3149 liae
2134 3095 2200 3150 de

619 3191 787 3233 causa
839 3175 992 3232 vallis
1045 3175 1174 3231 Sion
1223 3177 1425 3234 incolas
1478 3181 1822 3250 criminatur,
1877 3185 2020 3256 quod
2055 3197 2200 3244 vete-

2311 597 2578 668 τήματος·
2634 597 2730 648 καὶ
2777 595 3043 667 πλάνησις
3082 596 3234 668 παρά
3273 598 3481 669 Κυρίου
3527 598 3778 655 Σαϐαὼθ.
3814 600 3903 652 Ἑν

2311 687 2557 759 φάραγγι
2598 686 2735 742 Σιὼν
2775 688 3105 743 πλανῶνται·
3141 690 3251 744 ἀπὸ
3291 673 3490 763 μικροί)
3535 692 3639 756 ἐως
3666 691 3901 763 μεγάλου

2308 781 2616 835 πλανῶνται
2647 782 2741 835 ἐπὶ
2762 783 2830 836 τὰ
2854 781 2976 854 ὅρη.
3020 803 3038 833 ι
3064 784 3174 836 Kal
3201 784 3372 838 ταῦτα
3401 785 3456 839 δὲ
3481 781 3631 857 οἶμαι
3650 785 3901 855 λέγεσθαι

2308 873 2438 943 περὶ
2476 873 2583 927 τῶν
2615 872 2756 926 κατά
2801 873 2862 926 τὸ
2885 873 3018 928 αὐτὸ
3044 875 3406 930 συνελθόντων
3439 879 3498 929 ἐν
3523 880 3590 949 τῇ
3615 877 3758 932 κατά
3803 876 3899 932 τοῦ

2306 964 2558 1032 Σωτῆρος
2577 963 2734 1036 ἡμῶν
2760 965 3019 1037 ἐπιϐουλῇ
3033 1008 3048 1021 .

2383 1078 2402 1109 ι
2435 1057 2577 1111 Οίδὲ
2613 1057 2897 1128 Ἐλαμῖται
2948 1058 3138 1112 ἐλαϐον
3185 1061 3482 1132 φαρέτρας,
3510 1079 3605 1114 και
3632 1061 3898 1117 ἀναϐάται

2305 1150 2583 1222 ἄνθρωποι
2611 1153 2698 1223 ἐφ’
2725 1152 2944 1216 ἵππους,
2996 1154 3092 1207 καὶ
3124 1154 3414 1226 συναγωγὴ
3454 1155 3828 1227 παρατάξεως.
3871 1173 3892 1210 ι

2305 1243 2468 1316 Δηλοῖ
2512 1245 2569 1298 δὲ
2601 1245 2862 1316 δυνάμεις
2911 1246 3142 1316 ἀφανεῖς
3181 1246 3276 1300 καὶ
3318 1247 3630 1318 πολεμίους,
3660 1243 3748 1312 αἷς
3795 1249 3902 1302 ὑπὸ

2305 1335 2442 1390 Θεοῦ
2477 1336 2873 1409 παρεδόθησαν.
2893 1337 2984 1389 Διὸ
3001 1338 3090 1390 καὶ
3109 1339 3158 1390 οἱ
3203 1336 3328 1390 Ἐλα
3337 1340 3486 1408 μῖται
3509 1338 3899 1409 ἐρμηνεύονται

2311 1449 2331 1481 ι
2366 1428 2831 1498 παραϐλέποντες·
2871 1449 2888 1482 ι
2942 1428 3031 1483 διὰ
3081 1429 3143 1482 τὸ
3199 1433 3443 1503 παρορᾷν
3484 1432 3584 1501 τὴν
3625 1433 3899 1502 σωτηρίαν

2306 1522 2413 1577 τῶν
2446 1521 2859 1594 ἀπολλυμένων,
2877 1523 2972 1576 καὶ
3013 1523 3240 1594 μηδενὸς
3269 1522 3562 1593 φείδεσθαι,
3585 1523 3727 1586 εἰκὸς
3755 1522 3900 1576 οὕτω

2307 1613 2606 1686 κεκλῆσθαι
2659 1613 2730 1667 τὰ
2781 1613 3218 1686 πολιορκήσαντα
3270 1614 3467 1678 αὐτοὺς
3533 1613 3899 1686 στρατιωτικά

2308 1706 2507 1780 πλήθη.
2527 1707 2712 1762 ’Ἀλλά
2747 1707 2886 1779 μετὰ
2915 1707 3176 1779 πλείστης
3191 1706 3475 1779 δυνάμεως
3504 1707 3897 1779 παραταξάμε-

2305 1817 2386 1853 νοι
2437 1803 2505 1871 τῇ
2561 1799 2980 1872 πολιορκηθείση
3033 1801 3278 1872 φάραγγι
3326 1799 3484 1864 Σιὼν,
3531 1802 3611 1865 είς
3669 1800 3898 1871 ἔσχατον

2231 1867 2274 1924 Β
2309 1867 2544 1963 ἐρημίας
2574 1867 2744 1964 αὐτὴν
2776 1867 3003 1964 ήγαγον.

2384 2002 2404 2035 ι
2445 1985 2555 2038 Kal
2575 1984 2789 2038 ἐσονται
2821 1987 2876 2038 ai
2902 1984 3157 2038 ἐκλεκταὶ
3189 1983 3473 2057 φάραγγές
3512 2002 3629 2049 σου,
3658 1985 3900 2058 πλησθη-

2309 2097 2491 2134 σονται
2517 2079 2802 2153 ἁρμάτων,
2826 2081 2877 2133 oi
2910 2079 2968 2133 δὲ
3007 2082 3194 2144 ἱππεῖς
3222 2079 3560 2152 ἐμφράξουσι
3591 2079 3689 2144 τὰς
3723 2080 3899 2146 πύλας

2308 2190 2426 2228 σου.
2462 2192 2482 2228 ι
2521 2173 2656 2244 Οὐχὶ
2675 2173 2792 2238 νῦν,
2815 2173 2936 2226 ούδέ
2967 2172 3109 2227 κατά
3123 2173 3214 2226 τὸν
3241 2173 3484 2244 παρόντα
3517 2173 3726 2245 καιρὸν,
3761 2172 3898 2226 ἀλλά

2305 2265 2373 2334 τῇ
2420 2263 2604 2336 ἡμέρᾳ
2652 2263 2854 2334 ἐκείνῃ·
2891 2262 3038 2332 λέγει
3093 2263 3150 2317 δὲ
3199 2263 3258 2317 ἐν
3303 2262 3380 2335 τῷ
3438 2267 3903 2339 προφητευομένῳ

2307 2373 2504 2428 καιρῳ.

2386 2466 2405 2501 ι
2447 2448 2557 2502 Kal
2598 2447 3006 2519 ἀνακαλύψουσι
3039 2447 3139 2513 τὰς
3187 2449 3360 2514 πύλας
3406 2449 3598 2514 Ἰούδα,
3648 2450 3743 2504 καὶ
3795 2450 3899 2522 ἐμ-

2307 2539 2594 2612 ϐλέψονται
2626 2543 2693 2613 τῇ
2722 2540 2904 2613 ἡμέρᾳ
2935 2541 3118 2613 ἐκείνῃ
3152 2543 3230 2606 είς
3246 2542 3375 2606 τοὺς
3406 2542 3694 2608 ἐκλεκτοὺς
3713 2544 3899 2608 οἴκους

2305 2633 2407 2704 τῆς
2441 2631 2668 2698 πόλεως.
2687 2631 2795 2686 Kal
2824 2631 3230 2702 ἀνακαλύψουσι
3255 2631 3324 2686 τά
3357 2632 3577 2706 κρυπτὰ
3599 2634 3710 2688 τῶν
3733 2635 3900 2690 οἴκων
3945 2663 3963 2680 -

2305 2726 2406 2798 τῆς
2436 2726 2613 2798 ἄκρας
2644 2725 2826 2779 Δαυῖδ.
2861 2726 2970 2778 Kal
3001 2725 3235 2793 εἴδοσαν,
3275 2725 3356 2783 ὅτι
3399 2726 3614 2792 πλείους
3649 2728 3776 2793 εἰσὶ,
3805 2729 3902 2782 καὶ

2307 2818 2387 2872 ὃτι
2410 2817 2719 2889 ἀπέστρεψε
2752 2817 2815 2873 τὸ
2847 2815 2993 2891 ὕδωρ
3020 2820 3121 2891 τῆς
3145 2821 3377 2892 ἀρχαίας
3407 2817 3793 2891 κολυμϐήθρας
3818 2822 3901 2883 εἰς

2308 2910 2406 2983 τὴν
2442 2911 2615 2967 πόλιν.
2641 2929 2660 2964 ι
2693 2912 2879 2966 Ταῦτα
2913 2913 2972 2967 δὲ
2999 2909 3067 2984 ἦν
3093 2913 3162 2967 τὰ
3183 2915 3470 2986 ἀπόρρητα
3492 2916 3589 2986 τῆς
3622 2911 3900 2983 βασιλείας

2311 3004 2580 3076 σύμϐολα,
2614 3005 2708 3059 καὶ
2740 3005 2810 3059 τὰ
2842 3008 2900 3060 ἐν
2928 3005 3007 3078 τῷ
3031 3008 3332 3079 ἀγιάσματι
3366 3008 3718 3080 ἀποκείμενα·
3753 3009 3790 3063 ἃ
3809 3007 3902 3062 οὕ-

2309 3099 2421 3153 δενὶ
2455 3098 2581 3169 ἐξῆν
2608 3102 2656 3154 εί
2687 3099 2762 3172 μὴ
2793 3101 2940 3172 μόνῳ
2963 3101 3042 3172 τῷ
3084 3102 3332 3174 ἀρχιερεῖ
3365 3103 3704 3156 ἐποπτεύειν
3755 3102 3792 3157 ἃ.

2310 3191 2405 3245 καὶ
2440 3192 2580 3246 αὐτὰ
2601 3195 2715 3256 τοῖς
2748 3192 3028 3264 πολεμίοις
3051 3194 3524 3267 παραδοθήσεσθαι
3559 3214 3739 3268 φησιν.
3774 3197 3903 3249 Ἐπὶ

619 3268 701 3328 ris
728 3269 779 3322 in
813 3269 942 3324 urbe
977 3270 1196 3338 piscinae
1226 3287 1394 3340 aquas
1423 3276 1724 3332 averterint
1749 3318 1764 3344 ,
1791 3278 2065 3350 aliamque
2090 3282 2197 3337 sibi

2310 3284 2517 3350 τούτοις
2552 3285 2830 3356 μέμφεται
2858 3285 2986 3350 τοὺς
3013 3287 3070 3338 ἐν
3092 3289 3158 3359 τῇ
3194 3287 3438 3360 φάραγγι
3471 3287 3628 3353 Σιὼν,
3654 3290 3730 3352 ὡς
3763 3291 3903 3344 ἀπο-

622 3361 765 3416 intra
797 3362 934 3418 duos
962 3379 1144 3418 muros
1171 3381 1368 3436 aquam
1403 3368 1783 3438 excogitarint.
1832 3373 1987 3442 Aqua
2037 3388 2200 3443 porro

2310 3376 2649 3448 στρέψαντας
2679 3375 2749 3429 τὰ
2783 3375 2950 3429 ὕδατα
2983 3376 3084 3448 τῆς
3120 3378 3353 3449 ἀρχαίας
3393 3379 3782 3452 κολυμϐήθρας
3829 3381 3906 3437 τὰ

618 3455 824 3510 veteris
865 3455 919 3510 in
955 3458 1090 3512 urbe
1141 3457 1386 3527 piscinaa,
1425 3469 1540 3515 erat
1588 3462 1790 3516 veteris
1833 3474 1888 3518 et
1936 3464 2200 3523 divinitus

2310 3467 2438 3522 ὅντα
2460 3469 2517 3522 ἐν
2549 3470 2614 3538 τῇ
2634 3467 2806 3532 πόλει,
2837 3467 2925 3520 ἓτε
2933 3485 3025 3540 ρον
3053 3469 3110 3522 δὲ
3131 3467 3274 3541 ὔδωρ
3291 3471 3472 3535 αὐτοῖς
3505 3473 3906 3544 ἐπινοήσαντας

618 3546 900 3616 inspirata:
939 3546 1237 3618 Scriptum
1271 3565 1473 3615 sermo,
1505 3565 1665 3620 quem
1701 3551 2034 3618 derivantes,
2069 3556 2202 3610 alie-

2313 3557 2512 3630 μεταξὺ
2547 3557 2657 3611 τῶν
2690 3555 2784 3610 δύο
2835 3558 3082 3628 τειχέων.
3119 3558 3305 3632 ’Υδωρ
3336 3560 3390 3614 δὲ
3422 3556 3491 3632 ἦν
3543 3561 3779 3626 παλαιᾶς
3808 3581 3909 3618 διο-ε

617 3653 742 3690 nam
797 3637 899 3693 sibi
947 3653 1142 3709 aquam
1189 3641 1591 3711 excogitarunt,
1638 3643 1914 3700 seniorum
1952 3645 2203 3703 videlicet

2310 3647 2632 3721 λυμϐήθρας
2662 3649 2720 3702 ἐν
2761 3649 2827 3718 τῇ
2863 3647 3016 3702 πόλει
3040 3649 3069 3702 ὁ
3098 3648 3200 3720 τῆς
3248 3649 3482 3715 παλαιᾶς
3513 3653 3605 3706 καὶ
3639 3652 3898 3708 θεοπνεύ-

617 3730 957 3796 traditiones,
1006 3732 1282 3790 doctrinas
1315 3743 1371 3788 et
1419 3745 1686 3805 praecepta
1742 3736 2018 3793 hominum
2069 3739 2201 3795 edo-

617 3832 843 3878 centes:
876 3839 982 3894 qua
1015 3825 1082 3880 de
1122 3841 1182 3880 re
1207 3827 1352 3895 ipsos
1387 3826 1647 3883 Servator
1676 3831 1951 3900 coarguit,
1983 3846 2197 3886 eorum-

2311 3763 2438 3800 στου
2492 3745 2714 3816 Γραφῆς
2765 3743 2942 3814 λόγος,
2999 3743 3058 3797 ὃν
3103 3744 3569 3816 ἀποστραφέντες,
3620 3746 3908 3819 ἀλλότριον

2308 3838 2454 3910 ὕδωρ
2489 3838 2698 3900 ἑαυτοῖς
2727 3836 3051 3905 ἐπενόησαν,
3079 3836 3179 3900 τὰς
3198 3836 3521 3909 παραδόσεις
3536 3837 3643 3891 τῶν
3660 3841 3910 3910 πρεσϐυέ

615 3932 726 3984 que
771 3918 1066 3988 nequitiam
1101 3919 1428 3975 criminatur
1464 3921 1547 3975 his
1574 3922 1757 3979 verbis
1786 3943 1801 3980 :
1835 3943 1852 3976 ι
1884 3925 1950 3980 Et
1980 3926 2196 3982 irritum

2310 3931 2499 4003 τέρων,
2553 3929 2898 3993 διδάσκοντες
2929 3928 3275 3993 διδασκαλίας
3309 3932 3402 3985 καὶ
3457 3931 3768 4002 ἐντάλματα
3800 3933 3905 3986 ἀν-

618 4004 832 4061 fecistis
863 4007 1087 4062 verbum
1118 4007 1211 4062 Dei
1240 4019 1462 4078 propter
1489 4012 1835 4068 traditionem
1864 4023 2095 4070 vestram
2119 4017 2195 4071 ⁷.»

2306 4021 2561 4096 θρώπωνο
2598 4021 2684 4091 ἐφ’
2721 4013 2766 4090 ᾧ
2802 4019 2898 4073 καὶ
2939 4021 3212 4092 μέμφεται
3249 4023 3446 4088 αὐτοὺς
3481 4025 3510 4078 ό
3544 4025 3754 4096 Σωτὴρ,
3788 4026 3905 4078 ἀπο

618 4101 860 4174 ελόγχων
905 4099 1084 4156 αὐτῶν
1114 4099 1213 4172 τὴν
1249 4103 1598 4175 παρανομίαν
1639 4105 1724 4176 ἐφ’
1761 4101 1843 4171 οἷς
1889 4125 2042 4178 φησι·
2083 4128 2101 4160 ι
2146 4113 2242 4166 καὶ
2276 4113 2599 4188 ἠκυρὼσατε
2652 4113 2743 4169 τὸν
2811 4114 2968 4186 λόγον
3012 4113 3106 4170 τοῦ
3147 4113 3285 4169 Θεοῦ
3324 4114 3412 4169 διὰ
3453 4114 3552 4189 τὴν
3602 4115 3912 4189 παράδοσιιι

620 4197 795 4268 ὑμῶν.
835 4215 854 4248 ι

695 4287 861 4344 Vens.
893 4287 983 4354 £0,
1012 4287 1100 4342 ii.
1138 4307 1158 4342 ι
1187 4288 1256 4346 Et
1291 4291 1434 4360 quod
1485 4290 1771 4348 diruerant
1815 4293 2007 4349 domos
2040 4293 2201 4350 Jeru-
2234 4311 2280 4368 υ

621 4380 792 4436 salem
827 4381 880 4436 in
904 4381 1261 4438 munitionem
1289 4382 1429 4438 muri
1456 4383 1685 4439 civitati.
1712 4384 1781 4440 Et
1812 4385 2020 4442 fecistis
2045 4389 2201 4446 vobis

600 4489 818 4546 aquam
852 4475 908 4528 in
940 4475 1118 4530 medio
1164 4491 1446 4531 murorum
1478 4477 1710 4532 duorum
1761 4477 1906 4532 intra
1940 4478 2199 4548 piscinam

617 4577 884 4624 veterem.
915 4585 935 4619 ι
971 4565 1027 4622 id
1058 4576 1238 4622 autem
1286 4568 1406 4624 illos
1454 4569 1721 4640 hodieque
1769 4582 2091 4643 peragentes
2122 4575 2204 4629 vi-

617 4663 768 4723 deas,
823 4660 972 4729 quia,
999 4659 1291 4729 assumptis
1348 4660 1644 4732 Scriptum
1690 4664 1894 4731 verbis,
1934 4664 2000 4719 iis
2057 4680 2201 4721 com-

618 4762 798 4807 menta
841 4767 939 4805 sua
977 4766 1075 4806 ceu
1125 4733 1298 4806 muris
1330 4752 1601 4819 muniunt,
1635 4752 1862 4827 ipsaque
1911 4753 2071 4828 quasi
2111 4768 2201 4808 se-

617 4860 761 4916 pem,
806 4845 1118 4914 praesidium
1160 4853 1216 4898 et
1268 4844 1470 4899 naenia
1521 4845 1716 4901 fabulis
1751 4833 1867 4902 suis
1899 4847 2206 4917 circumpo-

618 4923 779 4993 nnnt.
818 4938 1283 5006 Quemadmodum
1313 4940 1456 4994 enim
1494 4939 1841 5009 peregrinum
1888 4940 1992 4995 sibi
2021 4939 2201 4996 locum

621 5031 1020 5102 excogitarunt,
1051 5049 1117 5088 ac
1147 5049 1359 5087 tnurum
1402 5031 1504 5102 sibi
1535 5033 1960 5104 circumquaque
1985 5041 2203 5086 struxe-

620 5133 774 5192 runt,
803 5124 1112 5182 divinarum
1141 5125 1547 5195 Scripturarum
1597 5124 1776 5181 verbis
1803 5113 1902 5181 ceu
1935 5125 2206 5196 lapidibus

619 5219 743 5287 ttsi,
779 5219 854 5287 ita
889 5228 946 5275 et
981 5235 1177 5294 aquam
1212 5220 1411 5286 veteris
1450 5219 1503 5274 in
1554 5221 1686 5275 urbe
1726 5219 1952 5290 piscium
1992 5228 2208 5275 averte-

619 5324 772 5378 runt,
802 5321 859 5370 et
890 5329 1086 5369 novam
1114 5314 1216 5371 sibi
1256 5329 1451 5393 aquam
1500 5314 1643 5368 inter
1668 5299 1802 5368 duos
1831 5327 2017 5369 muros
2043 5327 2206 5378 exco-

581 5392 896 5492 7gitarunt,
934 5407 1188 5460 nimirum
1261 5392 1403 5462 inter
1442 5405 1606 5472 Vetus
1653 5416 1711 5460 et
1740 5403 1950 5460 Novum
2007 5405 2200 5462 Testa-

615 5508 862 5554 mentum
893 5517 907 5553 :
937 5501 1049 5556 iure
1076 5503 1275 5578 quippe
1321 5501 1462 5556 muri
1497 5502 1604 5558 duo
1633 5511 1756 5572 sunt
1801 5501 2037 5558 civitatis
2089 5501 2204 5570 Dei,

617 5593 832 5662 scilicet
856 5596 981 5648 vita-
1026 5574 1255 5657 instititii
1291 5598 1589 5652 secundum
1639 5596 1808 5652 Deum
1842 5612 1854 5646 :
1883 5594 1936 5649 in
1970 5608 2206 5665 quorum

617 5688 798 5753 ιιιοὰἰο
841 5689 902 5755 ii,
937 5690 1031 5760 qui
1085 5689 1427 5757 incusantur,
1471 5691 1704 5748 alienam
1754 5697 1808 5744 ct
1853 5686 2196 5758 peregrinam

692 5781 714 5803 '
741 5781 934 5837 Matth.
969 5797 1057 5845 xv,
1087 5781 1120 5835 ϐ

691 5877 827 5959 (27⁸)
872 5878 1216 5962 Ἐποιήσπιτε.

2403 4308 2420 4344 t
2463 4292 2572 4346 Kal
2603 4293 2686 4346 ὅτι
2720 4291 3040 4345 καθείλοσαν
3062 4293 3189 4355 τοὺς
3219 4293 3402 4354 οἴκους
3445 4295 3799 4366 Ἰερουσαλὴμ
3829 4296 3917 4358 εἰς

2321 4383 2585 4457 ὀχύρωμα
2595 4384 2804 4456 τείχους
2819 4387 2886 4455 τῇ
2900 4384 3068 4438 πόλει.
3087 4385 3197 4439 Kal
3212 4386 3308 4438 ἐπε
3317 4386 3560 4440 σπάσατε
3577 4386 3710 4457 (27')
3723 4387 3918 4451 αὐτοῖς

2322 4475 2468 4550 ὕδωρ
2497 4477 2601 4530 ἀνά
2637 4477 2799 4548 μέσον
2825 4476 2932 4530 τῶν
2948 4477 3040 4531 δύο
3053 4477 3275 4548 τειχέων
3290 4476 3556 4550 ἐσώτερον
3586 4479 3684 4549 τῆς
3711 4481 3909 4550 κολυμο

2321 4568 2529 4642 ϐήθρας
2555 4572 2654 4642 τῆς
2669 4569 2920 4640 ἀρχαίας.
2955 4589 2973 4621 ι
3017 4569 3175 4634 Ἵδοις
3211 4570 3255 4623 δ’
3290 4569 3356 4624 ἂν
3389 4571 3586 4635 αὐτοὺς
3612 4572 3781 4625 είσέτι
3813 4567 3915 4644 καὶ

2316 4659 2414 4714 νῦν
2443 4659 2600 4713 τοῦτο
2635 4661 2995 4732 πράττοντας,
3025 4661 3266 4723 ἐπειδὰν,
3300 4661 3370 4715 τά
3404 4665 3622 4735 ῥήματα
3645 4663 3742 4735 τῆς
3756 4663 3917 4728 θείας

2315 4750 2542 4824 Γραφῆς
2575 4751 3077 4823 ἀπολαμϐάνοντες,
3113 4752 3212 4817 τὰς
3261 4754 3468 4817 οἰκείας
3498 4756 3918 4826 περιτειχίζωσι

2321 4840 2664 4914 μυθολογίας,
2699 4840 2888 4912 ὥσπερ
2919 4840 3041 4893 τινὰ
3072 4841 3322 4912 φραγμὸν
3355 4842 3449 4894 καὶ
3475 4842 3774 4910 ἀσφάλειαν
3809 4844 3918 4896 καὶ

2314 4938 2490 5006 τεῖχος
2514 4935 2627 5003 τοῖς
2657 4933 2807 4998 ἰδίοις
2835 4932 3252 5007 περιϐάλλοντες
3289 4933 3498 5004 μύθοις.
3537 4935 3746 5004 Ὥσπερ
3792 4935 3913 5007 γὰρ

2315 5029 2465 5096 ξένον
2490 5028 2655 5082 τόπον
2683 5029 2896 5092 ἑαυτοῖς
2950 5026 3272 5098 ἐπενόησαν,
3298 5027 3392 5081 καὶ
3427 5029 3601 5098 τεῖχος
3630 5027 3758 5080 ἴδιον
3800 5046 3915 5081 πεο-

2317 5121 2583 5194 ριὲϐαλον,
2617 5121 2782 5184 λίθοις
2811 5121 3144 5193 χρησάμενοι
3179 5125 3301 5187 ταῖς
3331 5123 3441 5176 τῶν
3473 5123 3633 5178 θείων
3661 5122 3908 5192 Γραφῶν

2311 5211 2508 5279 λέξεσι·
2543 5212 2713 5278 οὕτως
2743 5208 2836 5266 οὖν
2878 5201 3228 5284 ἀπέστρεψαν
3262 5212 3323 5266 τὸ
3355 5211 3501 5286 ὕδωρ
3524 5213 3625 5284 τῆς
3658 5213 3906 5279 παλαιᾶς

2311 5303 2696 5376 κολυμϐήθρας
2717 5304 2863 5358 τὸέν
2885 5307 2950 5376 τῇ
2986 5305 3162 5370 πόλει,
3197 5305 3292 5358 καὶ
3335 5306 3632 5376 ἐπενόησαν
3678 5307 3907 5373 ἑαυτοῖς

2311 5397 2459 5462 ξένον
2493 5396 2634 5469 ὕδωρ
2699 5397 2899 5469 μεταξὺ
2929 5397 3038 5450 τῶν
3091 5397 3186 5451 δύο
3239 5398 3485 5469 τειχέων,
3519 5395 3663 5467 λέγω
3696 5399 3759 5471 δὴ
3795 5400 3905 5472 τῆς

2309 5489 2552 5552 Παλαιᾶς
2575 5489 2668 5544 καὶ
2700 5491 2907 5562 Καινῆς
2933 5490 3226 5562 Διαθήκηςο
3245 5491 3337 5544 δύο
3369 5491 3477 5564 γὰρ
3509 5492 3577 5544 τὰ
3609 5492 3764 5563 τείχη
3792 5493 3906 5566 τῆς

2307 5579 2402 5635 τοῦ
2430 5580 2564 5635 Θεοῦ
2619 5581 2845 5647 πόλεως,
2881 5581 3080 5654 δηλαδὴ
3137 5585 3234 5654 τῆς
3269 5583 3407 5637 κατὰ
3439 5584 3571 5637 Θεὸν
3616 5583 3906 5649 πολιτείας

2308 5673 2580 5751 τυγχάνειο
2610 5667 2684 5730 ὧν
2719 5675 2879 5748 μέσον
2913 5675 3188 5749 ἀλλότριον
3214 5678 3304 5730 xal
3335 5675 3484 5743 ξένον
3505 5677 3645 5748 ὕδωρ
3677 5678 3907 5744 ἑαυτοῖς
