4158 6402
398 383 506 440 949

1368 385 1876 445 COMMENTARIA
1913 388 1982 446 ΙΝ
2020 391 2278 447 ISAIAM.
2317 424 2382 434 —
2417 388 2572 446 CAP.
2612 383 2781 443 XXII.

3566 386 3674 443 250

400 504 453 559 οἱ
476 506 943 578 κατηγορούμενον.
991 505 1316 580 ἐπενόησαν,
1338 505 1437 571 τὰς
1469 508 1578 560 τῶν
1611 509 1998 576 πρεσϐυτέρων

2101 527 2296 582 aquam
2330 510 2432 566 sibi
2465 509 2874 580 excogitarunt,
2907 504 3162 561 videlicet
3193 504 3472 561 seniorum
3510 506 3678 560 tradi-

404 600 754 672 παραδόσεις,
784 602 870 671 ἐφ⁹
903 597 992 666 αἷς
1011 602 1107 656 καὶ
1143 599 1285 672 μέγα
1327 601 1617 674 φρονοῦσιν
1645 604 1692 656 οἱ
1734 605 1862 676 παρ’
1896 605 1994 658 αύ-

402 694 517 755 τοῖς
551 691 875 764 καλούμενοι
924 693 1273 764 δευτερωταί.
1331 712 1351 744 ι
1389 694 1499 747 Καὶ
1539 695 1638 747 ούκ
1671 694 1993 765 ἐνεϐλέψατε

403 785 484 848 είς
504 783 592 836 τὸν
619 783 713 837 ἀπ’
743 785 917 856 ἀρχῆς
941 784 1244 856 ποιήσαντα
1269 786 1458 856 αὐτὴν,
1501 787 1592 840 καὶ
1622 787 1712 840 τὸν
1735 789 1996 842 κτίσαντα

404 875 572 944 αὐτὴν
605 875 704 928 οὐκ
739 874 930 930 εἴδετε.
973 894 992 926 ι
1035 877 1196 945 Λέγω
1233 876 1298 947 δὴ
1330 876 1430 948 τὴν
1460 877 1698 932 παλαιάν
1730 878 1855 931 τῶν·
1875 878 1995 932 θεο-

407 964 684 1018 πνεύστων
717 965 946 1037 Γραφῶν
976 965 1385 1038 κολυμϐήθραν,
1418 967 1514 1038 τὴν
1548 968 1655 1021 ἀπὸ
1684 968 1873 1038 πηγῶν
1899 967 1994 1022 τοῦ

406 1056 550 1110 θείου
584 1056 901 1128 Πνεύματος
927 1059 1320 1130 προχεομένην.

482 1166 500 1197 ι
540 1147 650 1200 Καὶ
681 1147 906 1202 ἐκάλεσε
936 1148 1139 1220 Κύριος
1163 1148 1392 1204 Σαϐαὼθ
1427 1151 1485 1203 ἐν
1505 1152 1570 1221 τῇ
1606 1150 1789 1222 ἡμέρᾳ
1811 1151 1994 1223 ἐκείνη

407 1237 685 1310 κλαυθμὸν
718 1240 813 1294 καὶ
850 1241 1077 1294 κοπετὸν
1113 1240 1205 1293 καὶ
1256 1239 1504 1313 ξύρησιν,
1540 1241 1636 1296 καὶ
1665 1240 1831 1304 ζῶσιν
1858 1243 1994 1296 σάκ-

406 1348 536 1385 κων·
569 1332 724 1400 αύτολ.
741 1333 799 1386 δὲ
815 1331 1137 1406 ἐποιήσαντο
1171 1333 1511 1406 εὐφροσύνην
1541 1335 1637 1388 καὶ
1657 1334 1994 1406 άγαλλίαμα,

406 1421 702 1492 σφάζοντες
727 1424 961 1495 μόσχους
987 1425 1082 1478 καὶ
1102 1425 1324 1490 θύοντες
1351 1426 1619 1498 πρόϐατα,
1637 1425 1777 1480 ῶστε
1802 1429 1998 1497 φαγεῖν

405 1513 633 1584 κρέατα,
662 1515 758 1568 καὶ
782 1515 926 1568 πιεῖν
951 1510 1113 1578 οἶνον,
1147 1516 1417 1585 λέγοντες,
1449 1515 1717 1588 Φάγωμεν
1739 1519 1833 1570 καὶ
1858 1518 1996 1570 πίω-

411 1623 530 1676 μεν⁸
562 1605 750 1678 αύριον
789 1606 900 1679 γάρ
949 1607 1387 1680 ἀποθνήσκομεν.
1429 1627 1446 1660 ι
1490 1609 1548 1662 '0
1595 1608 1693 1680 μὲν
1739 1605 1832 1663 οὖν
1867 1609 1998 1674 Θεὸς

412 1698 623 1769 μεγάλα
653 1700 981 1770 τολμήσασι,
1023 1700 1099 1772 μὴ
1131 1700 1452 1772 βουλόμενος
1488 1699 1716 1755 θάνατον
1738 1701 1998 1773 ἀμαρτω-

405 1788 500 1843 λοῦ
527 1789 603 1853 ῶς
626 1790 726 1862 τήν
751 1791 1041 1862 μετάνοιαν
1075 1791 1261 1856 αὑτοῦ,
1297 1791 1514 1864 θρηνεῖν
1531 1792 1728 1855 αὐτοὺς
1753 1793 1848 1847 καὶ
1871 1791 2001 1846 amr

2099 605 2294 670 tiones,
2325 602 2379 656 in
2437 602 2634 672 quibus
2664 599 2832 654 altum
2887 608 3109 667 sapiunt
3139 597 3197 663 ii,
3227 597 3319 668 qui
3363 597 3504 667 apud
3557 597 3677 653 illos

2099 696 2409 751 Deuterota:
2445 692 2805 764 appellantur.
2839 711 2855 743 t
2879 691 2944 746 Et
2979 707 3084 746 non
3119 689 3436 760 respexistis
3471 690 3521 744 in
3553 703 3675 744 eum

2098 789 2188 857 qui
2218 789 2285 842 ab
2316 785 2470 842 initio
2515 785 2643 840 fecit
2679 785 2852 848 illam,
2873 791 2930 837 et
2954 783 3290 838 conditorem
3315 780 3434 849 eius
3461 797 3566 835 non
3598 781 3678 836 vi-

2099 881 2274 937 distis.
2307 898 2326 932 ι
2361 879 2438 934 De
2473 879 2639 934 veteri
2671 877 2974 932 divinarum
3013 875 3420 945 Scripturarum
3465 873 3676 944 piscina

2101 972 2317 1044 loquor,
2347 985 2467 1043 quae
2493 985 2524 1024 a
2547 970 2788 1026 fontibus
2818 967 2985 1024 divini
3015 966 3252 1038 Spiritus
3290 976 3530 1022 emanat.

2170 1150 2336 1204 Vens.
2372 1149 2458 1213 l2,
2491 1148 2579 1203 t5.
2617 1166 2634 1198 ι
2659 1146 2724 1200 Et
2782 1145 2998 1200 vocavit
3045 1145 3304 1200 Dominus
3349 1144 3586 1200 Sabaoth
3619 1145 3675 1200 in

2100 1243 2186 1298 die
2214 1242 2302 1296 illa
2344 1241 2552 1306 ﬂetum,
2585 1250 2640 1295 et
2686 1240 2989 1310 planctum,
3013 1248 3066 1292 et
3098 1238 3446 1294 abrasionem
3479 1247 3534 1294 et
3563 1237 3676 1293 cin-

2100 1343 2314 1388 cturam
2349 1346 2634 1387 saccorum
2663 1350 2678 1387 :
2705 1330 2781 1385 illi
2811 1341 2994 1384 autem
3027 1329 3192 1384 lzetati
3231 1338 3287 1384 et
3319 1329 3494 1400 gavisi
3527 1338 3676 1395 sunt,

2095 1427 2408 1497 jugulantes
2455 1424 2658 1479 vitulos
2706 1433 2760 1478 et
2814 1431 3116 1478 mactantes
3168 1437 3320 1488 oves,
3351 1431 3410 1476 ut
3454 1425 3680 1478 ederent

2100 1534 2312 1583 carnes,
2345 1527 2401 1572 et
2424 1518 2676 1572 biberent
2708 1515 2914 1582 vinum,
2947 1515 3210 1578 dicentes,
3250 1513 3598 1569 comedamus
3622 1521 3679 1566 et

2100 1612 2374 1677 bibamus,
2407 1626 2532 1666 cras
2573 1610 2719 1664 enim
2773 1609 3091 1663 moriemur.
3119 1626 3137 1658 ι
3191 1605 3334 1661 Deus
3366 1606 3548 1678 igitur,
3584 1605 3676 1676 qui

2100 1721 2207 1760 non
2244 1703 2358 1758 vult
2410 1712 2638 1757 mortem
2689 1700 3013 1771 peccatoris,
3042 1699 3136 1754 sed
3185 1697 3356 1768 magis
3407 1698 3678 1767 paeniten—

2102 1797 2258 1862 tiam,
2291 1797 2436 1866 ipsos
2495 1809 2687 1864 magna
2753 1792 2996 1848 facinora
3043 1805 3346 1862 aggressos,
3399 1789 3584 1861 lugere
3623 1799 3679 1843 et

405 1880 688 1934 κλαίεσθαι
728 1881 827 1953 τὴν
875 1881 1084 1935 ἑαυτῶν
1115 1880 1390 1936 ἀπώλειαν
1445 1881 1904 1954 παρεκελεύσατοο
1947 1883 1998 1935 oi

2101 1889 2396 1960 perniciem
2445 1888 2575 1941 ﬂere
2605 1900 2759 1941 suam
2785 1882 2970 1952 jubet;
3013 1882 3088 1936 illi
3124 1897 3253 1937 vero
3285 1881 3338 1935 in
3368 1879 3676 1949 huiusmodi

405 1971 461 2026 δὲ
491 1973 548 2027 ἐν
571 1973 832 2038 τοιούτοις
878 1976 1067 2038 κακοῖς
1105 1973 1503 2046 ἐξεταζόμενοι,
1528 1975 1603 2038 ὼς
1638 1975 1705 2028 ἂν
1750 1975 1997 2043 ἀπεγνω-

405 2064 563 2127 κότες
597 2065 804 2120 ἑαυτῶν
829 2065 1122 2136 σωτηρίαν,
1147 2066 1228 2128 είς
1247 2066 1503 2120 ἀπόνοιαν
1523 2065 1835 2131 ἐξώκειλαν,
1856 2066 1997 2140 μέθῃ

407 2158 505 2208 καὶ
535 2159 714 2227 τρυφῇ
749 2157 976 2221 ἑαυτοὺς
1003 2158 1270 2223 ἐκδόντες,
1311 2159 1386 2222 ὡς
1405 2159 1467 2212 ού
1489 2158 1878 2231 διαδεξομένης
1901 2161 1998 2214 αύ-

407 2247 534 2309 τοὺς
585 2246 720 2300 Θεοῦ
769 2247 1003 2319 κρίσεως
1037 2249 1177 2320 μετά
1226 2250 1327 2322 τὴν
1369 2248 1464 2302 τοῦ
1497 2249 1693 2322 θνητοῦ
1748 2250 1866 2321 βίου
1917 2268 2001 2304 τε-

409 2335 624 2408 λευτήν.

490 2447 508 2478 ι
547 2428 654 2481 Kal.
683 2428 1179 2501 ἀνακεκαλυμμένα
1201 2430 1377 2485 ταῦτά
1410 2434 1515 2486 εισι
1549 2435 1607 2486 ἐν
1627 2435 1738 2497 τοῖς
1753 2433 1856 2486 ῶσὶ
1883 2434 1999 2486 Κυ-

413 2519 531 2589 ρίου
557 2520 806 2575 Σαϐαὼθ.
847 2541 866 2573 ι
905 2523 996 2575 Διὸ
1026 2523 1216 2595 ῶσπερ
1247 2524 1433 2596 δεσμῷ
1461 2525 1596 2578 Θεοῦ
1628 2524 2000 2581 καταδεθεῖσιν

410 2609 594 2687 αὐτοῖς
622 2613 688 2681 τῇ
723 2611 966 2684 ἁμαρτίᾳ
987 2612 1260 2683 ἀπόφασις
1281 2613 1624 2685 ἐξενήνεκται
1655 2617 1775 2668 κατ’
1796 2616 1998 2683 αὐτῶν,

410 2703 650 2771 φήσασω
690 2719 708 2752 ι
733 2703 846 2756 Ούκ
877 2703 1208 2776 ἀφεθήσεται
1236 2707 1270 2777 ἠ
1297 2707 1520 2779 τοιαύτη
1557 2708 1797 2780 ἁμαρτία
1823 2709 2001 2781 ὑμῶν,

411 2791 517 2856 ἐως
548 2792 877 2866 ἀποθάνητε.
926 2815 947 2848 ι

488 2903 506 2936 ι
543 2883 682 2938 Τάδε
713 2885 860 2956 λέγει
889 2888 1092 2962 Κύριος
1131 2889 1381 2943 Σαϐαὼθ·
1418 2891 1661 2963 Πορεύου
1684 2894 1766 2957 εἰς
1798 2910 1997 2948 nacto-

412 2977 599 3050 φόριον
633 2981 768 3051 πρὸς
800 2981 1010 3052 Σομνάν
1045 2982 1136 3036 τὸν
1159 2983 1383 3054 ταμίαν,
1420 2986 1514 3038 καὶ
1541 2981 1692 3038 εἷπον
1719 2986 1886 3058 αὐτῷ·
1935 2987 2001 3040 Τί

415 3087 499 3124 σοι
532 3065 666 3136 ὧδε;
692 3073 798 3126 Καὶ
813 3073 864 3126 τί
890 3076 972 3127 σοί
993 3076 1144 3127 ἐστιν
1172 3069 1294 3140 ὧδε,
1316 3076 1397 3130 ὅτι
1425 3077 1768 3149 ἐλατόμησας
1792 3078 2001 3150 σεαυτῷ

414 3157 517 3218 ὧδε
555 3168 850 3237 μνημεῖον;
901 3169 997 3220 καὶ
1020 3167 1282 3240 ἐποίησας
1317 3168 1530 3240 σεαυτῷ
1556 3171 1614 3223 ἐν
1640 3169 1828 3240 ὑψηλῷ
1865 3188 2001 3242 μνη-

417 3259 591 3327 μεῖον,
618 3259 712 3312 καὶ
748 3258 992 3330 ἔγραψας
1030 3260 1244 3331 σεαυτῷ
1275 3263 1334 3314 ἐν
1373 3262 1553 3333 πέτρα
1586 3265 1825 3334 σκηνήνς
1869 3263 1998 3318 Ἰδοὺ

411 3348 479 3421 δὴ
508 3349 710 3420 Κύριος
745 3351 974 3405 Σαϐαὼθ
1025 3353 1246 3406 ἐκϐαλεῖ
1280 3356 1372 3407 καὶ
1403 3355 1649 3426 ἐκτρίψει
1681 3356 1869 3427 ἄνδρα,
1905 3357 2002 3410 καλ⁸

414 3441 603 3510 ἀφελεῖ
632 3443 730 3514 τὴν
761 3446 951 3516 στολήν
972 3463 1089 3510 σου,
1119 3447 1214 3500 καὶ
1243 3447 1335 3501 τὸν
1375 3449 1637 3516 στέφανόν
1670 3467 1765 3502 σου
1797 3451 1887 3503 τὸν
1913 3450 2001 3503 ἐν·

411 3533 582 3602 δοξον,
617 3537 711 3590 καὶ
743 3537 885 3608 ῥίψει
939 3556 998 3592 σε
1017 3541 1098 3602 είς
1131 3537 1315 3612 χώραν
1361 3529 1601 3612 μεγάλην
1632 3543 1723 3596 καὶ
1757 3543 2002 3615 ἀμέτρη-

411 3645 524 3690 τον,
575 3631 669 3682 καὶ
716 3633 833 3683 ἐκεῖ
888 3631 1156 3704 ἀποθανῇο
1195 3634 1287 3685 καὶ
1341 3633 1495 3705 θήσει
1526 3634 1586 3688 τὸ
1619 3635 1773 3706 ἅρμα
1807 3652 1898 3688 σου
1938 3636 2000 3688 τὸ

415 3721 578 3774 καλὸν
611 3724 690 3786 είς
722 3723 965 3793 ἀτιμίαν,
1017 3727 1111 3779 καὶ
1145 3726 1235 3779 τὸν
1273 3721 1421 3779 οἶκον
1465 3725 1560 3779 τοῦ
1618 3727 1874 3799 ἄρχοντός
1904 3744 1997 3780 σου

415 3814 496 3876 είς
528 3815 915 3885 καταπάτημαο
953 3818 1047 3870 καὶ
1079 3819 1424 3890 ἀφαιρεθήσῃ
1459 3821 1522 3872 ἐκ
1553 3821 1652 3891 τῆς
1687 3818 2001 3890 οἰκονομίας

416 3923 510 3962 σου
545 3907 636 3960 καὶ
688 3909 752 3961 ἐκ
797 3910 897 3980 τῆς
947 3909 1188 3973 στάσεώς
1237 3927 1352 3965 σου.
1417 3930 1434 3962 ι
1491 3913 1685 3981 Ἔλεγε
1743 3912 1920 3965 τοίνυν
1970 3915 2002 3967 6

425 3999 673 4072 Ἐϐραῖος
694 4003 954 4074 ἀρχιερέα
977 4003 1302 4075 γεγενῆσθαι
1339 4005 1432 4058 τὸν
1472 4005 1685 4077 Σομνὲιν
1713 4009 1998 4078 τρυφητήν

412 4110 554 4156 τινα,
581 4095 672 4146 καὶ
702 4094 794 4147 τὸν
833 4093 944 4162 βίον
977 4093 1211 4165 ἄσεμνον
1244 4095 1430 4166 ἄνδραο
1467 4096 1544 4160 ὡς
1576 4099 1668 4150 καὶ
1710 4097 1998 4170 προδοῦναι

413 4183 505 4239 τὸν
525 4185 650 4237 λαὸν
668 4184 779 4255 (28)
797 4186 889 4238 καὶ
905 4185 1272 4259 αὐτομολῆσαι
1285 4189 1424 4260 πρὸς
1439 4189 1642 4261 Σεναχη
1652 4190 1876 4262 ρεὶμτὺν
1890 4190 1998 4244 τῶν

429 4277 726 4330 Ἀσσοιοίων
774 4277 1016 4347 βασιλέα,
1071 4279 1208 4351 πρὸς
1257 4279 1315 4334 ὃν
1367 4280 1644 4335 ἐκελεύετο
1698 4281 1932 4352 βαδίζειν
1969 4285 2000 4336 6

415 4368 702 4442 προφήτης
734 4372 813 4434 εἰς
850 4370 912 4424 τὸ
933 4372 1368 4445 παστοφόριον,ἢ
1395 4374 1535 4428 κατὰ
1559 4375 1649 4428 τὸν
1679 4375 1995 4447 Σύμμαχον,

420 4481 438 4511 ι
467 4462 557 4514 τὸν
582 4462 1029 4532 σκηνοποιοῦντα,
1077 4483 1094 4514 ι
1142 4465 1344 4535 ἣκατὰ
1372 4466 1464 4519 τὸν
1510 4466 1759 4530 ’Δκύλαν,
1800 4487 1818 4520 ι
1861 4467 1998 4540 πρὸς

2099 1982 2259 2038 malis
2286 1989 2590 2045 versantes,
2617 1977 2772 2048 quasi
2806 1978 2872 2031 de
2895 1977 3069 2031 salute
3094 1976 3448 2044 desperantes
3474 1989 3594 2038 sua,
3623 1973 3676 2028 in

2099 2073 2366 2129 insaniam
2419 2079 2769 2142 proruerunt,
2829 2067 3078 2124 ebrietati
3131 2077 3186 2122 et
3235 2065 3497 2136 voluptati
3557 2081 3679 2120 sese

2099 2165 2388 2228 dedentes;
2418 2162 2570 2232 quasi
2606 2175 2798 2231 nempe
2831 2169 2952 2230 post
2979 2161 3183 2215 exitum
3214 2175 3278 2213 ex
3307 2159 3408 2213 hac
3443 2157 3554 2211 vita
3583 2156 3677 2212 Dei

2094 2255 2357 2326 judicium
2399 2254 2712 2324 neutiquam
2745 2252 2865 2308 illos
2893 2262 3240 2322 excepturum
3273 2259 3439 2305 esset.

2175 2436 2336 2491 Vens.
2372 2435 2458 2490 ll.
2493 2455 2511 2488 ι
2538 2435 2604 2490 Et
2656 2435 2770 2490 hare
2805 2433 3041 2490 revelata
3079 2443 3204 2487 sunt
3237 2432 3289 2486 in
3323 2431 3546 2488 auribus
3574 2431 3679 2486 Do-

2102 2528 2233 2583 tnini
2284 2527 2546 2583 Sabaoth.
2581 2545 2600 2579 ι
2636 2526 2817 2593 Quare
2876 2525 2986 2580 illis
3038 2533 3260 2592 peccato
3321 2538 3419 2577 ceu
3465 2520 3679 2576 vinculo

2103 2621 2195 2674 Dei
2231 2621 2451 2682 vinctis,
2483 2619 2600 2676 haec
2628 2618 2902 2674 sententia
2947 2617 3223 2688 profertur
3253 2634 3265 2669 :
3304 2634 3320 2664 ι
3350 2614 3464 2668 Non
3495 2613 3679 2670 dimit-

2104 2719 2248 2765 tetur
2273 2710 2428 2764 vobis
2459 2709 2561 2766 hoc
2586 2717 2893 2780 peccatum,
2919 2709 3094 2763 donec
3129 2705 3461 2761 moriamiui.
3492 2724 3510 2758 ι

2170 2891 2340 2948 Vens.
2371 2891 2549 2947 15-19.
2584 2911 2602 2943 ι
2630 2889 2758 2947 Haec
2775 2891 2901 2946 dicit
2931 2891 3192 2946 Dominus
3221 2889 3456 2944 Sabaoth
3485 2908 3498 2943 :
3531 2887 3679 2945 Vade

2102 2984 2156 3040 in
2208 2985 2618 3054 pastopltorium
2669 2983 2735 3038 ad
2791 2984 3050 3039 Somnam
3109 2984 3454 3053 penuarium,
3489 2989 3544 3035 et
3589 2979 3679 3033 die

2101 3074 2151 3130 ei
2189 3091 2202 3129 :
2236 3074 2376 3143 Quid
2417 3074 2511 3128 tibi
2554 3074 2686 3129 hic?
2727 3075 2789 3129 Et
2823 3076 2952 3143 quid
2985 3075 3082 3128 tibi
3114 3085 3221 3138 est,
3257 3073 3398 3142 quod
3429 3069 3681 3127 excidisti

2106 3167 2202 3222 tibi
2253 3167 2342 3222 hic
2377 3170 2922 3223 monumentum‘?et
2979 3167 3157 3222 fecisti
3215 3166 3309 3220 tibi
3360 3165 3412 3219 in
3463 3161 3680 3221 excelso

2105 3270 2538 3327 monumentum,
2573 3268 2628 3314 et
2655 3261 2925 3330 scripsisti
2972 3260 3068 3315 tibi
3102 3259 3154 3314 in
3187 3267 3338 3326 petra
3369 3257 3682 3314 tabernacu-

2101 3353 2254 3408 lum?
2289 3353 2426 3408 Ecce
2451 3364 2602 3409 certe
2635 3354 2896 3408 Dominus
2922 3352 3161 3408 Sabaoth
3185 3353 3367 3423 ejiciet
3391 3361 3441 3405 et
3483 3357 3680 3405 atteret

2101 3446 2302 3514 virum,
2334 3455 2388 3501 et
2417 3447 2628 3503 auferet
2655 3447 2913 3502 amictum
2945 3457 3114 3512 tttum,
3153 3456 3209 3500 et
3246 3460 3502 3500 coronam
3531 3454 3678 3498 tuam

2101 3541 2419 3612 gloriosam.
2453 3551 2506 3596 et
2537 3542 2789 3611 projiciet
2820 3553 2874 3596 te
2905 3541 2956 3595 iu
3001 3541 3279 3612 regionem
3327 3553 3575 3610 magnam
3625 3543 3683 3590 et

2102 3631 2446 3692 immensam,
2479 3639 2533 3686 et
2563 3632 2635 3685 ibi
2679 3632 2963 3697 morieris;
2995 3641 3049 3686 et
3091 3641 3255 3700 ponet
3279 3645 3496 3685 currum
3528 3639 3678 3682 tuum

2099 3721 2386 3792 pulchrum
2419 3723 2470 3776 in
2491 3723 2748 3787 dedecus,
2769 3725 3053 3777 ctdomum
3077 3723 3333 3793 principis
3360 3723 3433 3775 tui
3460 3722 3515 3776 in
3547 3737 3679 3776 con-

2101 3811 2461 3868 culcationem
2483 3831 2496 3866 :
2521 3825 2573 3869 et
2601 3830 2629 3868 a
2655 3814 3059 3885 dispensatione
3085 3823 3172 3868 tua
3201 3823 3256 3869 et
3276 3829 3304 3867 a
3331 3814 3562 3869 statione
3592 3823 3681 3868 tua

2100 3903 2393 3964 arceberis.
2427 3925 2446 3959 ι
2486 3907 2576 3963 Ait
2629 3907 2811 3978 itaque
2863 3906 3143 3972 llebrzeus,
3196 3907 3453 3962 Somuam
3515 3902 3682 3958 fuisse

2099 4011 2445 4081 pontiﬁcem,
2493 4003 2853 4072 voluptarium
2891 4009 2942 4055 et
3007 4000 3273 4056 indecorae
3331 4001 3454 4053 vita:
3507 3998 3681 4055 homi-

2100 4120 2256 4170 nem,
2299 4103 2369 4157 ita
2426 4108 2485 4154 ut
2531 4097 2694 4152 etiam
2731 4094 2984 4165 populum
3036 4095 3290 4163 proderet
3339 4105 3394 4149 et
3440 4091 3680 4148 transfu-

2099 4203 2253 4265 geret
2296 4195 2362 4247 ad
2402 4187 2754 4246 Senacherim
2788 4187 3134 4258 Assyriorum
3169 4185 3370 4256 regem,
3407 4203 3565 4257 quem
3591 4184 3680 4254 ju-

2101 4286 2259 4340 betur
2297 4283 2558 4354 propheta
2601 4281 2654 4335 in
2699 4279 3048 4351 pastoltborio
3100 4280 3280 4346 adire;
3307 4281 3440 4348 sive,
3484 4296 3680 4334 secun-

2101 4379 2227 4434 dum
2256 4377 2666 4449 Symmachum,
2699 4392 2718 4425 ι
2747 4373 2812 4426 ad
2846 4372 3313 4428 tabernaculorum
3343 4373 3602 4428 artiﬁcem
3624 4390 3672 4440 ςι

2100 4488 2220 4538 seu,
2254 4469 2548 4526 secundum
2604 4466 2876 4536 Aquilam,
2938 4484 2956 4517 ι
2990 4470 3055 4521 ad
3112 4465 3454 4520 tabernacula
3514 4465 3680 4536 ligen-

411 4552 505 4606 τόν
536 4553 856 4623 σκηνοῦντα·
890 4573 908 4605 ι
957 4553 1100 4608 οὕτω
1127 4554 1236 4627 γὰρ
1258 4557 1606 4627 ήρμήνευσαν
1636 4558 1772 4612 Θεοῦ
1803 4559 1866 4612 τὸ
1890 4577 1997 4612 πα-

2105 4575 2290 4630 tem,»
2349 4563 2420 4616 ita
2491 4560 2633 4614 enim
2697 4558 3108 4629 pastophorium
3175 4557 3268 4612 Dei
3340 4557 3678 4627 interpretati

415 4645 719 4716 στοφόριονδ
755 4647 931 4699 εἰπεῖν
957 4663 1017 4699 τε
1051 4647 1218 4718 αὐτῷ·
1242 4649 1454 4719 Μάτην,
1475 4645 1520 4702 ὧ
1543 4645 1716 4715 οὗτος,
1744 4653 1836 4706 καὶ
1869 4670 2004 4724 προ-

414 4738 596 4801 πετῶς
628 4738 814 4792 ἐνθάδε
840 4739 1022 4810 σαυτῷ
1054 4741 1188 4812 πρὸς
1209 4744 1274 4812 τῇ
1305 4742 1481 4814 πέτρα
1513 4746 1579 4814 τῇ
1614 4744 1790 4818 ὑψηλῇ
1821 4746 2002 4800 ἐλατό-

419 4847 598 4900 μησας
633 4833 914 4902 μνημεῖον,
954 4831 1230 4896 κοιλαίνας
1275 4833 1333 4885 ἐν
1377 4833 1528 4904 αύτῷ
1569 4835 1860 4907 γράμμασι
1903 4838 2003 4909 τῆς

418 4921 614 4976 σαυτοῦ
651 4923 876 4994 γνώμης
925 4923 1188 4994 σύμϐολα⁹
1225 4924 1323 4978 οὐκ
1375 4925 1550 4989 εἰδὼς,
1595 4927 1673 4980 ὅτι
1702 4929 1824 4999 ὅρος
1861 4930 2002 4983 κατά

417 5015 512 5068 σοῦ
547 5016 891 5086 ἐξενήνεκται
935 5016 1086 5088 παρὰ
1126 5017 1329 5088 Κυρίου
1387 5017 1636 5082 Σαϐαὼθ,
1693 5021 1721 5072 6
1763 5012 2026 5074 κελεύων

414 5106 808 5178 καθαιρεθέντα
830 5125 888 5160 σε
907 5109 1006 5180 τῆς
1032 5109 1218 5180 τιμῆς,
1248 5105 1314 5180 ἦς
1342 5110 1434 5162 ἐπὶ
1454 5109 1548 5163 τοῦ
1577 5112 1840 5183 παρόντος
1873 5131 2000 5183 μετ-

415 5201 582 5268 εῖχες,
616 5197 709 5251 καὶΙ
747 5199 1101 5270 γυμνωθέντα
1137 5199 1236 5271 τῆς
1260 5201 1651 5273 περικειμένης
1674 5219 1755 5255 σοι
1781 5205 1996 5276 στολῆς,

413 5289 509 5344 τοῦ
540 5307 600 5345 τε
657 5291 924 5359 στεφάνου
969 5292 1063 5345 καὶ
1114 5293 1211 5363 τῆς
1240 5293 1407 5364 ἄλλης
1447 5294 1623 5364 δόξης,
1657 5295 1997 5366 πορρωτάτω

409 5383 511 5468 τῇς
561 5381 794 5435 ἐνταῦθα
823 5383 948 5452 γῆς,
992 5384 1082 5437 ἐπὶ
1113 5383 1271 5454 ξένης
1313 5384 1458 5449 τινὸς
1504 5386 1598 5439 καὶ
1643 5386 1860 5458 μακράν
1893 5387 2002 5440 ἀπ-

409 5473 726 5545 ῳκισμένης
753 5472 937 5544 χώρας
967 5475 1278 5530 ἀποθανεῖν.
1310 5477 1588 5549 Περιττῶς
1621 5479 1728 5550 ἀρα
1759 5479 2005 5547 ἐφιλοκά-

411 5563 527 5626 λεις
561 5567 652 5618 τὸν
690 5567 858 5620 πολὺν
898 5568 1104 5620 ἐκεῖνον
1137 5570 1384 5638 συνάγων
1413 5569 1664 5634 πλοῦτον,
1688 5569 1756 5624 τὰ
1781 5570 2002 5643 ἅρματα

413 5659 508 5713 καὶ
535 5656 628 5712 τὸν
655 5659 840 5713 λοιπὸν
862 5658 1050 5728 τῦφον,
1080 5659 1140 5714 ὃν
1158 5660 1325 5714 εἰσέτι
1347 5663 1440 5716 καὶ
1465 5663 1560 5717 νῦν
1589 5663 1998 5738 περιϐέϐλησαι.

490 5774 606 5847 (9.8)
648 5777 739 5832 Sic
765 5775 1172 5849 Allieronyntus,
1209 5797 1230 5830 ι
1265 5779 1440 5849 Supra
1488 5782 1725 5834 diximus
1757 5780 1992 5836 Sobuat'n

417 5844 586 5908 tuisse
628 5847 963 5926 pontiﬁcem,
992 5844 1084 5927 qui
1132 5844 1371 5930 Assyriis
1417 5852 1656 5928 prodidit
1689 5854 1989 5911 civitatem.

2106 4665 2272 4715 sunt:
2306 4656 2514 4726 ipsique
2549 4653 2735 4708 dicere
2780 4653 3111 4724 prazcipitur,
3161 4649 3306 4705 licus
3351 4661 3428 4715 tu,
3479 4649 3680 4706 frustra

2103 4759 2158 4805 et
2195 4757 2398 4803 temere
2440 4747 2527 4801 hic
2562 4745 2656 4798 tibi
2694 4746 2747 4799 in
2783 4746 2887 4798 alta
2931 4753 3083 4814 petra
3131 4752 3534 4798 monumentum
3583 4759 3681 4798 ex-

2103 4838 2317 4902 cidisti,
2366 4835 2647 4906 insculptis
2687 4834 2884 4889 litteris
2929 4835 3218 4889 voluntatis
3273 4843 3374 4889 tua).
3436 4834 3680 4905 symbola

2107 4937 2499 5000 repraesentans
2545 4945 2558 4981 :
2606 4927 2863 4995 ignorans
2905 4925 3179 4979 decretum
3220 4939 3248 4977 a
3308 4923 3532 4978 Domino
3579 4921 3680 4978 Sa-

2105 5021 2267 5078 ltaotb
2295 5029 2480 5074 contra
2515 5028 2566 5073 te
2592 5018 2829 5088 prodire,
2855 5030 2962 5085 quo
2993 5025 3045 5070 te
3073 5014 3245 5084 jubet,
3282 5015 3485 5070 honore
3518 5029 3677 5084 quem

2107 5128 2249 5166 nunc
2299 5111 2512 5166 obtines
2552 5109 2930 5170 deturbatum,
2976 5108 3208 5174 amictu,
3259 5124 3366 5178 quo
3413 5106 3676 5171 indueris,

2104 5217 2304 5259 corona
2330 5217 2393 5255 ac
2426 5201 2633 5270 reliquo
2658 5200 2852 5254 decore
2882 5209 3129 5266 exutum,
3156 5200 3346 5268 procul
3375 5202 3477 5255 bac
3510 5210 3678 5264 terra,

2107 5294 2160 5348 in
2196 5292 2478 5364 peregrina
2517 5303 2571 5346 et
2616 5291 2977 5345 remotissima
3033 5295 3250 5364 regione
3301 5291 3539 5363 defungi.
3574 5290 3680 5347 Su-

2107 5385 2310 5455 perllue
2343 5383 2505 5454 igitur
2534 5392 2710 5438 tantas
2743 5383 2862 5438 iilas
2891 5381 3110 5437 divitias
3139 5383 3382 5439 studiose
3422 5382 3680 5452 colligere

2105 5477 2409 5547 satagebas,
2454 5489 2517 5530 ac
2573 5490 2764 5531 currus
2801 5477 3207 5546 superbumque
3239 5476 3402 5530 alium
3443 5489 3676 5544 appara.

2108 5579 2238 5632 tum,
2281 5582 2387 5636 quo
2431 5581 2576 5622 nunc
2603 5566 2865 5622 indueris.
2914 5566 3038 5624 lltec
3080 5568 3203 5624 item
3244 5567 3509 5638 quispiam
3544 5577 3679 5622 tema

2107 5661 2222 5730 pori
2259 5659 2529 5730 passionis
2572 5659 2879 5718 Servatoris
2919 5661 3091 5716 nostri
3124 5669 3482 5732 congruenter
3523 5670 3673 5730 apta-

2103 5778 2208 5833 Sed
2239 5777 2362 5845 quia
2395 5778 2499 5832 hoc
2527 5777 2834 5834 traditionis
2864 5786 2945 5836 est
2979 5775 3280 5842 llebraicze,
3310 5782 3362 5830 et
3392 5771 3674 5846 Scriptura

2102 5865 2207 5910 non
2245 5848 2501 5926 loquitur,
2527 5855 2632 5906 etc.
2935 5850 2940 5854 ’
