4082 6398
478 341 574 398 251
637 389 672 404 κ

1163 339 1433 400 EUSEBII
1469 337 1942 398 C£SAliIENSlS
1977 337 2131 398 OPP.
2173 337 2352 398 PARS
2389 337 2482 394 III.
2517 366 2592 378 -—
2627 331 3042 394 EXEGETICA.

3635 327 3746 384 252

476 465 636 528 νει-ξι,
665 465 976 538 dixeritque
1002 465 1284 530 Somnam,
1309 465 1404 536 qui
1433 481 1464 522 a
1495 465 1799 522 sacerdotio
1829 463 2052 528 excidit,

2169 460 2430 534 Ἀρμόσει
2453 459 2514 516 δέ
2555 475 2641 522 τις
2693 457 2768 514 τὰ·
2791 455 3128 530 προκείμενα
3153 453 3233 517 εἰς
3279 449 3374 506 τόν
3405 449 3596 523 καιρὸν
3646 446 3746 502 τοῦ

476 557 700 626 tlguram
753 571 874 618 esse
918 573 1106 614 eorum
1158 557 1250 628 qui
1295 555 1590 612 secundum
1641 555 1840 626 Moysis
1880 555 2052 626 legem

474 647 838 706 sacerdotium
869 663 1132 718 corporeo
1169 664 1320 704 more
1361 647 1586 704 obibant
1621 647 1760 716 apud
1805 645 2053 710 Judmos;

474 754 612 808 quos
669 749 792 809 post
841 741 1152 810 passionem
1203 738 1536 802 Salvatoris,
1577 748 1831 794 cessante
1877 753 2058 794 sacer-

2161 553 2368 616 πάθους
2395 552 2489 606 τοῦ
2513 550 2765 621 Σωτῆρος
2795 547 2976 620 ἡμῶν·
3009 546 3104 600 τὸν
3135 547 3233 617 μὲν
3262 543 3596 600 ἐκπίπτοντα
3643 543 3746 614 τῆς

2159 643 2461 718 ἱερωσύνης
2493 643 2710 716 Σομνὰν
2747 641 2932 698 εἰκόνα
2961 639 3104 695 εἶναι
3141 639 3318 707 λέγων
3341 636 3452 692 τῶν
3482 635 3628 690 κατὰ
3649 635 3744 688 τὸν

2157 733 2438 798 Μωῦσέως
2469 733 2632 805 νόμον
2677 731 3006 804 σωματικῶς
3055 728 3366 802 ἱερωμένων
3417 727 3570 800 παρὰ
3613 726 3744 784 ἰου-

475 829 642 894 dotio,
671 845 733 886 ea
766 846 888 900 ηοω
923 831 975 886 in
1013 831 1297 900 prophetia
1327 829 1596 892 feruntur,
1635 843 1895 899 passuros
1935 842 2052 886 esse

2155 826 2342 882 δαίωνο
2377 826 2474 892 οὖς
2504 843 2566 882 τε
2607 825 2748 898 μετὰ
2779 825 2842 879 τὸ
2869 823 3042 888 πάθος
3067 823 3132 878 τὸ
3155 823 3422 894 σωτήριον
3455 818 3741 872 πείσεσθαι

471 919 819 976 vaticinatur.
863 921 1087 978 Eliaeim
1117 937 1266 986 vero,
1297 921 1386 989 qui
1431 919 1700 992 signiﬁcat
1729 919 1826 976 Dei
1881 936 2054 974 remr-

475 1015 659 1081 rectio,
691 1016 996 1086 symbolum
1039 1031 1162 1070 esse
1211 1015 1333 1068 novi
1384 1013 1698 1074 sacerdotii,
1727 1012 1872 1082 quod
1925 1011 2052 1066 Ser-

471 1107 682 1168 vatoris
715 1107 888 1164 nosui
915 1107 1238 1164 resurrectio
1273 1106 1326 1160 in
1357 1105 1476 1174 ejus
1497 1105 1742 1162 Ecclesia
1763 1119 1859 1174 per
1878 1115 2048 1168 totum

471 1199 660 1262 orbem
691 1199 992 1260 constituit.

548 1386 926 1444 Vsus.20-24.
971 1405 988 1436 ι
1021 1385 1088 1440 Et
1117 1385 1222 1442 erit
1267 1385 1318 1440 in
1365 1385 1454 1444 die
1497 1383 1622 1448 illa,
1673 1383 1888 1444 vocabo
1915 1397 2048 1453 pue-

473 1495 594 1536 rum
635 1495 813 1536 meum
849 1477 1074 1536 Eliacim
1105 1476 1340 1534 Cbelcia:
1371 1475 1568 1540 lilium,
1599 1485 1656 1530 et
1683 1475 1898 1532 induam
1925 1490 2050 1532 eum

471 1573 674 1632 amictu
705 1579 820 1638 tuo,
847 1580 902 1626 et
927 1585 1181 1626 coronam
1211 1581 1356 1626 tuam
1391 1569 1532 1624 dabo
1567 1568 1640 1634 ei,
1673 1579 1728 1624 et
1756 1567 2049 1640 potentiam

475 1675 532 1726 et
575 1661 1032 1733 dispensationem
1085 1671 1234 1716 tua-tn
1279 1660 1420 1718 dabo
1471 1661 1524 1714 in
1575 1675 1766 1718 manus
1811 1657 1948 1728 ejus.
1988 1658 2052 1712 Et

473 1756 580 1816 erit
616 1765 872 1824 tanquam
902 1761 1058 1824 pater
1089 1751 1464 1808 habitantibus
1499 1749 1824 1812 Jerusalem,
1852 1757 1910 1802 et
1955 1747 2052 1804 ha-

475 1845 777 1906 bitantibus
807 1842 966 1898 .luda.
1001 1843 1070 1898 Et
1117 1841 1254 1902 dabo
1300 1841 1348 1900 ei
1397 1840 1606 1898 clavem
1641 1839 1836 1896 dmnus
1883 1837 2052 1894 David

475 1938 530 1992 in
561 1937 784 1994 bumere
817 1933 972 2003 ejus:
999 1945 1054 1990 et
1085 1935 1312 2004 aperiet,
1343 1946 1520 2002 neque
1543 1931 1650 1986 erit
1677 1935 1768 2000 qui
1799 1929 2048 1992 claudat;

475 2038 530 2084 et
561 2027 796 2092 claudet,
827 2043 1002 2096 neque
1041 2027 1144 2080 erit
1172 2026 1266 2096 qui
1293 2025 1526 2096 aperiat.
1555 2023 1622 2086 Et
1651 2023 1790 2082 dabo
1827 2020 2050 2092 glorians

475 2121 644 2176 David
671 2123 744 2185 ei,
776 2131 830 2176 et
861 2119 1167 2190 imperabit,
1199 2127 1256 2178 et
1291 2133 1398 2174 nou
1430 2117 1536 2174 erit
1570 2116 1662 2186 qui
1695 2113 2048 2170 contradicat.

473 2213 544 2269 Et
569 2213 898 2268 constituam
933 2227 1056 2268 eum
1102 2211 1398 2282 principem
1436 2210 1487 2264 iu
1525 2209 1642 2264 loco
1676 2217 1834 2262 tuto:
1867 2215 1920 2262 et
1947 2206 2050 2262 erit

475 2307 532 2362 in
574 2306 826 2362 thronum
859 2305 1044 2376 gloriae
1076 2304 1267 2358 domus
1308 2303 1478 2374 patris
1510 2301 1612 2356 sui.
1655 2300 1720 2354 Et
1751 2301 1854 2354 erit
1885 2298 2054 2354 conﬁ-

473 2397 610 2452 dens
641 2397 694 2450 in
733 2395 848 2466 ipso
881 2395 1058 2450 omnis
1089 2396 1356 2466 gloriosus
1403 2395 1456 2448 in
1492 2395 1653 2448 domo
1687 2391 1856 2462 patris
1887 2391 1992 2453 sui,
2021 2405 2051 2442 a

473 2499 644 2554 parvo
677 2497 846 2553 usque
873 2483 940 2540 ad
971 2499 1246 2554 magnum.
1281 2481 1456 2540 Omne
1485 2497 1581 2537 vas
1615 2497 1846 2550 parvum
1870 2497 1898 2534 a
1929 2495 2054 2536 vase

476 2573 732 2642 aganotb.
779 2574 845 2630 Et
895 2585 1058 2628 erunt.
1108 2573 1332 2646 appensi
1384 2573 1434 2628 ei
1493 2573 1546 2628 iu
1590 2573 1677 2632 die
1721 2573 1836 2626 illa.
1869 2592 1887 2624 ›
1929 2569 2050 2626 Tibi

471 2665 693 2733 quidem
743 2666 1006 2740 [Somnac]
1059 2667 1152 2722 illa
1207 2665 1452 2724 conferet
1493 2681 1508 2719 :
1546 2664 1710 2720 alium
1757 2679 1884 2720 vero
1925 2679 1954 2721 ο
2003 2672 2054 2720 te

473 2756 750 2812 diversum
801 2759 1025 2813 Eliacim
1057 2773 1280 2828 puerum
1307 2767 1362 2812 et
1407 2773 1626 2812 servum
1675 2771 1862 2819 suum,
1895 2754 1963 2808 ab
1994 2769 2052 2808 se

473 2849 782 2920 probatum,
821 2851 1020 2906 amictu
1063 2849 1250 2906 induet
1283 2858 1402 2914 tuo,
1429 2859 1488 2904 et
1523 2864 1727 2904 corona
1763 2845 2049 2906 sacerdotii

470 2941 782 3004 cwruabit,
829 2941 1111 3014 tradetque
1156 2939 1254 3008 ipsi
1293 2953 1434 3000 eam.
1467 2953 1589 3008 qua:
1631 2938 1726 2992 tibi
1759 2937 1872 3004 jam
1919 2951 2052 2994 cott-

471 3030 680 3088 credita
703 3040 810 3096 est,
850 3029 1332 3100 diSpensationem.
1367 3027 1462 3084 liis
1489 3030 1690 3098 quippe
1721 3027 1916 3098 dignus
1942 3037 2050 3094 est,
2079 3062 2120 3120 ϐ

475 3120 600 3188 quia
644 3137 674 3176 a
724 3122 830 3176 Deo
869 3123 1164 3190 productus
1199 3130 1252 3174 et
1285 3119 1548 3184 selectos,
1589 3135 1694 3174 non
1733 3129 1820 3172 est
1857 3117 2050 3174 similis

475 3214 576 3278 tui,
615 3212 884 3280 superbus
918 3223 974 3270 et
1007 3227 1292 3284 arrogans.
1338 3211 1518 3266 Patris
1563 3220 1742 3266 autem
1785 3210 1904 3266 loco
1945 3211 2052 3266 erit

475 3305 562 3368 iis,
609 3306 699 3374 qui
751 3304 852 3360 sub
886 3303 1003 3374 ejus
1051 3303 1529 3360 administratione
1574 3302 1771 3372 degent
1808 3319 1824 3356 :
1859 3317 2052 3370 quam-

471 3397 659 3452 obrem
692 3395 790 3468 ipsi
823 3406 880 3452 ut
917 3396 1034 3452 miti
1063 3407 1118 3452 et
1155 3403 1438 3454 mansueto
1467 3394 1615 3450 dabit
1645 3393 1874 3466 gloriam
1907 3393 2050 3464 regis

473 3489 642 3548 David
686 3489 956 3546 mitissimi
997 3499 1052 3545 et
1091 3487 1408 3557 iustissimi,
1456 3487 1531 3542 ita
1583 3495 1642 3540 ut
1686 3485 1882 3558 populo
1925 3499 2048 3540 cum

471 3581 712 3650 polentia
753 3597 944 3652 magna
989 3581 1238 3650 imperet,
1275 3587 1332 3636 et
1377 3575 1544 3648 jussis
1595 3577 1713 3646 ejus
1757 3575 1933 3630 nullus
1967 3583 2056 3628 re-

473 3681 698 3744 pugnet.
743 3671 964 3744 Eritque
1015 3671 1152 3728 Iixus
1180 3681 1235 3726 et
1273 3669 1504 3724 tirmiter
1535 3667 1808 3726 stabiiitus
1849 3667 1902 3720 in
1946 3665 2048 3720 mi-

473 3764 700 3820 nisterio
724 3779 853 3828 suo,
889 3765 962 3820 ita
995 3771 1052 3818 ut
1082 3762 1330 3834 quisquis
1364 3761 1416 3816 in
1461 3758 1660 3832 populo
1693 3759 1876 3816 clarus
1915 3757 2052 3822 erit,

471 3869 582 3908 non
626 3856 942 3918 contendat,
991 3869 1164 3924 ncque
1199 3852 1378 3906 futura
1428 3867 1666 3920 unquam
1703 3849 1940 3920 suspicio
1982 3849 2056 3906 sit

475 3947 690 4002 invidia:
711 3957 802 4002 aut
835 3947 1020 4001 livoris
1049 3947 1100 4002 in
1128 3963 1282 4014 cum,
1311 3948 1406 4004 sed
1437 3959 1626 4002 Otones
1657 3943 1756 4012 ipsi
1795 3953 2050 4012 tanquam

470 4037 611 4108 patri
649 4039 942 4094 conﬁdant.
973 4036 1173 4094 Omnes
1215 4053 1344 4108 ergo
1375 4035 1664 4092 confertim
1696 4049 1725 4088 a
1761 4048 1930 4099 parvo
1960 4047 2051 4087 us-

471 4141 576 4196 que
602 4127 667 4182 ad
711 4143 961 4196 magnum
1001 4128 1068 4182 ab
1101 4127 1217 4197 ejus
1244 4143 1340 4190 ore
1375 4125 1722 4198 pendebant,
1753 4124 1872 4193 ejus
1914 4137 2042 4196 erga

472 4218 656 4274 omnia
687 4217 1038 4274 sollicitudini
1071 4219 1424 4272 conﬁdentes.

2159 917 2228 972 τὰ
2247 917 2723 990 προφητευόμενα,
2750 915 3064 988 παυομένης
3083 914 3182 986 τῆς
3207 910 3528 984 ἱερωσύνης,
3553 907 3744 962 θεσπί-

2159 1011 2260 1077 ζει.
2287 1013 2390 1066 Τὸν
2415 1012 2474 1065 δὲ
2517 1011 2818 1082 Ἐλιακεὶμ,
2875 1009 3026 1064 Θεοῦ
3063 1007 3406 1072 ἀνάστασις
3437 1001 3740 1075 ἑρμηνευό-

2159 1122 2342 1172 μενον,
2369 1105 2434 1160 σύ
2443 1105 2638 1176 μδολον
2653 1101 2792 1158 εἶναι
2812 1103 2912 1174 τῆς
2935 1103 3060 1166 νέας
3085 1101 3182 1154 καὶ
3200 1097 3394 1166 καινῆς
3417 1093 3739 1167 ἱερωσύνης,

2155 1197 2222 1266 ἥν
2265 1199 2300 1268 ή
2336 1196 2431 1252 τοῦ
2481 1197 2731 1268 Σωτῆρος
2795 1195 2954 1266 ήμῶν
3011 1193 3306 1253 ἀνάστασις
3359 1191 3416 1241 ἐν
3461 1190 3528 1258 τῇ
3571 1183 3738 1240 αὐτοῦ

2168 1287 2466 1359 Ἐκκλησία
2507 1289 2629 1342 καθ’
2669 1289 2798 1358 ὅλης
2837 1287 2936 1358 τῆς
2983 1283 3310 1356 οἰκουμένης
3355 1281 3738 1352 συνεστήσατο.

2232 1397 2252 1428 ι
2281 1378 2394 1434 Καὶ
2423 1377 2576 1432 ἔσται
2599 1379 2658 1432 ἐν
2679 1381 2744 1450 τῇ
2769 1377 2952 1448 ἡμέρᾳ
2977 1376 3182 1446 ἐκείνῃ,
3215 1373 3431 1430 καλέσω
3455 1373 3544 1426 τὸν
3571 1371 3741 1426 παῖδά

2160 1487 2264 1540 μου
2315 1469 2596 1540 Ἐλιακείμ
2635 1469 2728 1524 τὸν
2769 1467 2865 1522 τοῦ
2907 1467 3164 1529 Χελκίου,
3199 1467 3298 1518 καὶ
3325 1463 3534 1518 ἐνδύσω
3571 1460 3744 1516 αὑτὸν

2155 1561 2258 1633 τὴν
2293 1562 2490 1632 στολήν
2525 1579 2642 1630 σου,
2683 1561 2778 1616 καὶ
2811 1559 2904 1614 τὸν
2947 1556 3210 1628 στέφανόν
3253 1573 3345 1609 σου
3383 1553 3540 1608 δώσω
3565 1551 3740 1622 αὐτῷ,

2157 1653 2252 1708 καὶ
2282 1654 2346 1710 τὸ
2375 1653 2578 1725 κράτος
2609 1653 2706 1708 καὶ
2747 1654 2848 1723 τὴν
2879 1651 3192 1722 οἰκονομίαν
3221 1665 3316 1704 σου
3345 1647 3502 1702 δώσω
3529 1649 3610 1710 εἰς
3639 1644 3742 1710 τὰς

2153 1745 2344 1816 χεῖρας
2391 1743 2580 1800 αὐτοῦ.
2624 1744 2735 1800 Καὶ
2766 1743 2922 1800 ἔσται
2959 1742 3036 1806 ὡς
3084 1745 3268 1815 πατὴρ
3309 1743 3425 1804 τοῖς
3471 1735 3746 1792 ἐνοικοῦσι

2149 1835 2250 1906 τήν
2283 1835 2678 1908 Ἰερουσαλὴμ,
2731 1838 2828 1892 καὶ
2874 1839 2986 1902 τοίς
3037 1837 3344 1891 ἐνοικοῦσιν
3385 1833 3575 1888 Ἰούδα.
3629 1833 3746 1887 Καὶ

2149 1925 2308 1984 δώσω
2335 1927 2488 2000 αὐτῷ
2513 1927 2611 2000 τὴν
2639 1929 2825 1984 κλεῖδα
2855 1931 3010 1982 οἰκον
3043 1927 3208 1986 Δαυῖδ
3233 1927 3328 1982 ἐπὶ
3355 1925 3438 1998 τῷ
3479 1925 3614 1996 ὤμῳ
3643 1923 3740 1976 αύ-

2150 2018 2245 2072 τοῦ
2267 2037 2281 2050 ο
2319 2020 2416 2076 καὶ
2459 2021 2694 2087 ἀνοίξει,
2739 2022 2834 2076 καὶ
2869 2021 2972 2076 οὐκ
3015 2021 3170 2076 ἔσται
3213 2023 3244 2074 6
3273 2019 3612 2074 ἀποκλείων·
3647 2016 3746 2072 καὶ

2153 2108 2378 2176 κλείσει,
2413 2113 2508 2166 καὶ
2543 2112 2644 2168 οὐκ
2675 2112 2826 2168 ἔσται
2859 2114 2890 2168 6
2919 2114 3176 2182 ἀνοίγων.
3209 2113 3320 2166 Καὶ
3343 2111 3502 2168 δώσω
3525 2111 3625 2182 τὴν
3651 2109 3742 2164 δό-

2153 2197 2248 2266 ξαν
2272 2201 2436 2256 Δαυῖδ
2471 2203 2649 2274 αὐτῷ,
2681 2205 2778 2258 καὶ
2807 2203 2984 2276 ἄρξει,
3019 2207 3114 2261 καὶ
3145 2205 3246 2260 οὐκ
3281 2205 3434 2262 ἔσται
3477 2205 3508 2256 ὁ
3533 2201 3744 2257 ἀντιλὲ-

2151 2308 2284 2360 γων.
2311 2294 2422 2348 Καὶ¹
2451 2297 2636 2366 στήσω
2657 2297 2820 2350 αὐτὸν
2852 2298 3086 2369 ἄρχοντα
3122 2300 3178 2350 ὲν
3203 2298 3354 2368 τόπῳ
3389 2297 3564 2368 πιστῷ
3585 2313 3600 2328 ·
3645 2295 3744 2352 καὶ

2152 2383 2306 2438 ἔσται
2329 2387 2411 2449 είς
2449 2385 2640 2458 θρόνον
2665 2387 2828 2460 δόξης
2852 2389 2947 2442 τοῦ
2989 2389 3140 2444 οἴκου
3179 2389 3276 2444 τοῦ
3311 2390 3517 2462 πατρὸς
3551 2387 3740 2444 αὐτοῦ.

2153 2476 2262 2530 Καὶ
2307 2475 2460 2534 ἔσται
2505 2479 2782 2544 πεποιθὼς
2831 2481 2918 2533 ἐπ’
2971 2481 3133 2552 αυτὸν
3179 2485 3290 2546 πᾶς
3329 2480 3538 2546 ἔνδοξος
3573 2481 3632 2534 ὲν
3663 2478 3750 2550 τῷ

2150 2569 2286 2640 οἴκῳ
2315 2570 2412 2626 τοῦ
2461 2574 2666 2646 πατρὸς
2713 2573 2902 2637 αὐτοῦ,
2941 2576 3050 2632 ἀπὸ
3097 2577 3302 2648 μικροῦ.
3325 2575 3432 2639 ἕως
3477 2573 3742 2646 μεγάλου.

2153 2661 2269 2716 Πᾶν
2297 2663 2360 2718 τὸ
2399 2664 2594 2729 σκεῦος
2630 2666 2690 2718 τὸ
2731 2667 2924 2738 μικρὸν
2951 2668 3064 2722 ἀπὸ
3091 2668 3320 2733 σκεύους
3353 2667 3462 2721 τῶν
3493 2665 3738 2735 άγανὼθ.

2151 2753 2264 2804 Καὶ
2328 2753 2540 2808 ἔσονται
2601 2758 3037 2829 έπικρεμάμενοι
3097 2759 3246 2831 αὐτῷ
3306 2761 3366 2814 ἐν
3431 2761 3498 2830 τῇ
3553 2757 3740 2830 ἡμέρᾳ

2152 2843 2354 2914 ἐκείνῃ.
2403 2864 2422 2898 ι
2457 2847 2549 2902 Σοὶ
2583 2847 2682 2917 μὲν
2707 2849 2882 2902 ταῦτα
2923 2851 3166 2904 ἐποίσει·
3193 2851 3284 2904 τὸν
3324 2851 3382 2904 δὲ
3417 2851 3604 2922 ἕτερόν
3642 2865 3738 2903 σου

2153 2935 2242 2990 τὸν
2289 2937 2570 3010 Ἐλιακείμ
2614 2941 2782 2998 παῖδα
2813 2943 2907 2996 καὶ
2933 2943 3117 2997 δοῦλον
3151 2945 3348 2998 ἑαυτοῦ
3367 2984 3384 3009 ,
3411 2945 3738 3016 δοκιμάσας.

2153 3027 2250 3099 τὴν
2294 3027 2392 3099 σὴν
2429 3029 2638 3084 ὲνδύσει
2666 3032 2888 3105 στολὴν,
2931 3037 3028 3087 καὶ
3057 3035 3134 3106 τῷ
3171 3037 3420 3107 στεφάνῳ
3449 3035 3550 3106 τῆς
3583 3036 3744 3108 ἁρχι-

2151 3119 2432 3192 ερωσύνης
2456 3121 2695 3193 τιμήσει,
2723 3124 3037 3196 ἐγχειρίσας
3064 3125 3215 3197 αὐτῷ
3241 3127 3310 3197 ἢν
3337 3125 3474 3191 τέως
3511 3125 3605 3178 ἐπὶ
3643 3123 3742 3178 τοῦ

2151 3210 2418 3282 παρόντος
2473 3213 2538 3266 σὺ
2591 3214 2920 3285 ὲπιστεύθης
2959 3217 3308 3288 οἰκονομίαν·
3359 3215 3508 3282 ἄξιος
3555 3216 3664 3288 γὰρ
3711 3218 3744 3272 6

2149 3299 2289 3372 ἀνὴρ
2307 3301 2533 3356 τούτων.
2568 3304 2784 3376 Ἐπειδὴ
2807 3305 2864 3358 δὲ
2887 3305 3183 3376 προαχθεὶς
3207 3307 3310 3360 ὑπὸ
3337 3305 3433 3358 τοῦ
3459 3303 3617 3368 Θεοῦ,
3639 3305 3742 3358 οὐκ

2152 3391 2268 3446 ἐστι
2299 3410 2380 3446 σοι
2409 3394 2613 3464 ὅμοιος,
2651 3397 3000 3468 ὑπερήφανός
3031 3415 3092 3450 τε
3135 3399 3231 3452 καὶ
3260 3397 3494 3461 ἀλαζών.
3543 3397 3748 3468 Χώραν

2153 3482 2212 3536 δὲ
2239 3483 2444 3556 πατρὸς
2471 3485 2652 3554 ἐφέξει
2681 3487 2817 3559 πρὸς
2837 3489 2962 3554 τοὺς
2991 3489 3286 3562 μέλλοντας
3311 3490 3405 3542 ὑπ’
3427 3489 3594 3543 αὐτοῦ
3619 3489 3748 3542 διοι-

2155 3573 2388 3628 κεῖσθαι·
2417 3575 2606 3649 διόπερ
2629 3579 2707 3643 ὼς
2738 3579 2888 3649 ἠπίῳ
2917 3581 3012 3636 καὶ
3039 3582 3202 3654 πρᾴῳ
3227 3581 3327 3652 τὴν
3351 3579 3512 3646 δόξαν
3532 3580 3626 3634 τοῦ
3655 3579 3750 3650 βα·-

2156 3665 2350 3732 σιλέως
2377 3669 2538 3722 Δαυῖδ
2565 3668 2660 3724 τοῦ
2689 3671 3002 3740 πραοτάτου
3028 3672 3122 3726 καὶ⁸
3149 3673 3494 3728 δικαιοτάτου
3517 3673 3613 3726 καὶ
3637 3669 3746 3724 δώ·-

2155 3775 2259 3826 σει,
2286 3759 2427 3814 ὥστε
2455 3763 2646 3835 ἄρχειν
2671 3763 2766 3816 τοῦ
2797 3763 2928 3818 λαοῦ
2959 3764 3098 3836 μετά
3123 3765 3324 3837 πολλῆς
3351 3765 3620 3829 ἐξουσίας,
3649 3763 3750 3817 καὶ

2157 3854 2362 3924 μηδένα
2389 3855 2693 3924 ἀντιλέγειν
2731 3859 2844 3920 τοῖς
2885 3857 2978 3910 ὑπ’
3014 3857 3182 3912 αὐτοῦ
3223 3858 3744 3928 προστασσομένοις.

2159 3945 2353 3998 Ἔσται
2381 3945 2440 3998 δὲ
2481 3946 2878 4018 ἑστηλωμένος,
2907 3946 3140 4018 βεϐαίως
3179 3949 3468 4021 ἱδρυμένος
3507 3949 3604 4002 ἐπὶ
3645 3949 3750 4020 τὴν

2157 4037 2350 4091 ἑαυτοῦ
2381 4031 2756 4112 λειτουργίαν·
2785 4041 2861 4105 ὡς
2905 4041 3084 4096 πάντα
3109 4041 3202 4094 τὸν
3241 4045 3302 4095 ὲν
3329 4042 3409 4113 τῷ
3449 4041 3564 4113 λαῷ
3602 4041 3752 4096 ἔνδο-

2157 4125 2248 4192 ξον
2280 4127 2354 4198 μὴ
2387 4129 2627 4200 άγωνιᾷν
2657 4129 2793 4200 μηδὲ
2824 4129 3128 4202 ὑφορᾶσθαι
3159 4131 3354 4200 φθόνον
3381 4133 3414 4203 ἦ
3445 4131 3750 4202 βασκανίαν

2157 4217 2216 4282 ἐξ
2241 4219 2406 4272 αὑτοῦ
2439 4221 2813 4292 γενησομένην
2854 4221 2984 4274 ποτε
3003 4240 3016 4252 ·
3047 4223 3369 4278 πεποιθέναι
3393 4223 3450 4276 δὲ
3481 4225 3569 4276 ἐπ’
3599 4221 3754 4292 αὐτῷ

470 4309 548 4376 ὡς
573 4313 665 4366 ἐπὶ
703 4312 888 4386 πατρί.
931 4313 1138 4376 Πάντες
1164 4312 1295 4382 γοῦν
1330 4311 1542 4384 ἁθρόως
1576 4309 1686 4366 ἀπὸ
1713 4309 1912 4384 μικροῦ
1951 4310 2058 4374 ἕως
2095 4313 2333 4382 μεγάλου
2395 4314 2612 4370 ἔσονται
2673 4315 3038 4388 ἀνηρτημένοι
3063 4319 3248 4386 αὑτοῦ,
3281 4319 3610 4392 θαρροῦντες
3645 4317 3748 4370 αύ-

470 4403 565 4460 τοῧ
685 4405 810 4476 περὶ
835 4406 1051 4460 πάντων
1077 4405 1391 4478 κηδεμονίᾳ.

543 4493 710 4553 Vens.
734 4498 824 4554 25.
873 4518 891 4550 ι
923 4499 1048 4554 Ηςιξο
1089 4500 1221 4554 dicit
1275 4499 1534 4554 Dominus
1572 4497 1810 4554 Sabaoth
1841 4516 1854 4551 :
1893 4497 2052 4552 Com-

2233 4517 2252 4548 ι
2292 4495 2430 4550 Τάδε
2465 4495 2616 4564 λέγει
2656 4497 2860 4567 Κύριος
2900 4499 3128 4553 Σαϐαὼθ
3153 4517 3164 4530 ·
3197 4501 3568 4572 Κινηθήσεται
3595 4503 3626 4556 6
3650 4503 3744 4556 ἄν·

470 4592 778 4646 movebilur
821 4591 982 4646 homo
1031 4591 1302 4645 stabilitus
1345 4589 1396 4643 in
1443 4589 1561 4644 loco
1605 4599 1748 4654 tuto,
1797 4598 1851 4646 et
1896 4587 2048 4644 aufe-

470 4691 622 4738 retur
645 4693 701 4740 et
731 4683 907 4748 cadet,
933 4693 988 4738 et
1017 4681 1466 4737 exterminabitur
1495 4681 1663 4750 gloria
1701 4681 1752 4734 in
1787 4695 1892 4734 eo:
1925 4681 2049 4750 quia

473 4775 732 4829 Dominus
769 4775 977 4829 locutus
1016 4784 1118 4829 est.
1151 4793 1169 4826 ι
1220 4771 1485 4840 Quoniam
1539 4785 1644 4824 non
1683 4779 1831 4824 recte
1876 4783 2052 4839 neque

474 4865 706 4920 ﬁdeliter
757 4865 1128 4920 concreditum
1181 4862 1283 4920 sibi
1355 4861 1716 4915 ministerium
1787 4859 1952 4926 obiit,
1997 4861 2050 4914 in

473 4955 715 5010 ordinem
763 4957 1034 5024 redigetur
1081 4965 1135 5010 et
1171 4955 1376 5009 honore
1424 4951 1749 5022 privabitur,
1786 4953 2053 5022 cadetquc

473 5049 645 5120 gloria
677 5048 730 5102 in
755 5064 840 5104 co.
871 5049 932 5101 lit
959 5049 1074 5102 lucc
1099 5047 1275 5102 omnia
1309 5045 1407 5116 ipsi
1435 5045 1704 5112 evenient,
1738 5042 1849 5098 Deo
1879 5045 2053 5113 ipsum

473 5145 541 5196 ad
592 5140 734 5196 hanc
785 5139 1150 5196 calamitatem
1222 5140 1535 5194 damnante.
1591 5137 1683 5193 His
1740 5153 1901 5208 porro
1956 5153 2054 5190 nos

473 5247 654 5287 sermo
699 5229 765 5284 ad
815 5230 1226 5298 temperantiam
1263 5229 1537 5296 hortatur,
1589 5231 1852 5298 docetque
1886 5243 1954 5282 ne
2001 5227 2052 5281 in

472 5326 634 5380 rebus
691 5323 968 5396 prosperis
1033 5321 1310 5376 molliores
1362 5323 1687 5386 evadamus,
1745 5335 1918 5390 neque
1985 5321 2052 5376 de

474 5415 702 5488 imperio
753 5415 1163 5486 superbiamus,
1221 5429 1357 5468 neve
1403 5415 1666 5483 judicium
1716 5415 1808 5476 Dei
1859 5413 2053 5470 oblivi-

471 5525 708 5566 scantur.

1026 5603 1254 5660 CAPUT
1299 5601 1480 5656 XXIII.

547 5694 711 5751 Vens.
747 5695 794 5750 Ι.
835 5713 852 5746 ι
885 5694 1120 5749 Verbum
1163 5693 1313 5768 Tyri.
1351 5693 1584 5760 Ululate,
1621 5708 1788 5750 naves
1823 5695 2056 5748 Cartha-

474 5785 651 5860 ginis,
690 5787 812 5858 quia
863 5786 1086 5859 periit”
1129 5787 1361 5842 Verbum
1407 5785 1570 5856 igitur
1609 5785 1733 5856 Tyri
1769 5785 1822 5842 in
1869 5787 2056 5858 primis

2155 4584 2371 4658 θρωπος
2398 4587 2427 4639 6
2455 4587 2850 4659 ὲστηριγμένος
2894 4591 2952 4642 ἐν
2981 4589 3131 4662 τόπῳ
3161 4591 3356 4662 πιστῷ,
3389 4594 3483 4646 καὶ
3515 4594 3754 4664 ἀφαιρε-

2155 4679 2383 4752 θήσεται
2422 4679 2517 4732 καὶ
2551 4683 2818 4742 πεσεῖται,
2860 4681 2956 4736 καὶ
2985 4683 3501 4758 ὲξολοθρευθήσεται
3539 4689 3574 4758 ἡ
3620 4687 3752 4756 δόξα

2155 4773 2244 4824 ἐπ’
2267 4771 2450 4824 αὐτόν·
2477 4773 2560 4828 ὅτι
2585 4771 2789 4843 Κύριος
2816 4771 3097 4846 ἐλάλησεν.
3131 4795 3150 4826 r
3197 4777 3414 4848 Ἐπειδὴ
3443 4777 3518 4850 μὴ
3543 4777 3748 4850 ὀρθῶς,

2158 4863 2296 4935 μηδὲ
2339 4863 2544 4928 πιστῶς
2565 4863 2832 4936 διῴκηκεν
2861 4867 2928 4938 ἢν
2955 4866 3252 4938 ἐπιστεύθη
3279 4869 3612 4940 οἰκονομίαν,
3653 4889 3752 4940 με-

2157 4957 2559 5029 ταταχθήσεται
2595 4959 2688 5012 καὶ
2721 4959 3150 5030 ἀφαιρεθήσεται
3177 4961 3276 5030 τῆς
3299 4961 3466 5031 τιμῆς
3485 5001 3500 5026 ,
3529 4964 3626 5016 καὶ
3651 4982 3754 5017 πε-

2159 5051 2334 5102 σεῖται
2371 5049 2404 5118 ή
2457 5047 2584 5114 δόξα
2607 5049 2697 5101 ἐπ’
2726 5049 2876 5120 αὐτῷ
2897 5066 2912 5081 ·
2941 5051 3035 5102 καὶ
3065 5049 3241 5106 ταῦτα
3273 5052 3450 5106 πάντα
3496 5054 3628 5124 περὶ
3657 5056 3754 5110 αὖ-

2157 5139 2246 5193 τὸν
2274 5139 2478 5202 ἔσεται,
2513 5139 2798 5211 κρίναντος
2839 5141 3000 5196 αὐτὸν
3029 5141 3204 5196 ταῦτα
3237 5143 3434 5198 παθεῖν
3461 5143 3556 5199 τοῦ
3585 5145 3746 5202 Θεοῦ.

2159 5229 2487 5302 Σωφρονίζει
2505 5229 2561 5282 δὲ
2587 5229 2676 5282 διὰ
2699 5229 2904 5284 τούτων
2929 5232 3026 5284 καὶ
3058 5233 3206 5303 ἡμᾶς
3230 5235 3259 5286 6
3287 5233 3444 5302 λόγος
3477 5235 3752 5294 παιδεύων

2163 5322 2238 5393 μὴ
2271 5321 2597 5392 χαυνοῦσθαι
2624 5324 2682 5377 ὲν
2713 5325 2832 5386 ταῖς
2869 5323 3228 5396 εὐπραγίαις,
3263 5327 3398 5398 μηδὲ
3425 5327 3752 5398 ἐπαίρεσθαι

2158 5419 2278 5480 ταῖς
2300 5416 2512 5486 ἀρχαῖς,
2548 5415 2683 5486 μηδὲ
2707 5419 2806 5486 τῆς
2831 5417 3064 5487 κρίσεως
3091 5419 3428 5489 ἀμνημονεῖν
3457 5420 3552 5474 τοῦ
3585 5421 3746 5475 Θεοῦ.

2669 5597 3062 5652 ΚΕΦΛΛΑΙΟΝ
3103 5599 3232 5654 Kl".

2234 5710 2251 5742 ι
2287 5689 2358 5742 Τὸ
2395 5690 2544 5762 ῥῆμα
2571 5689 2768 5760 Τύρου.
2815 5690 3154 5756 Ὀλολύζιτε,
3189 5691 3347 5746 πλοῖα
3377 5689 3748 5766 Καρχηδόνος,

2157 5785 2243 5836 ὅτι
2279 5781 2544 5836 ἀπώλετο.
2595 5801 2610 5836 ι
2658 5781 2729 5835 Τὸ
2763 5783 2912 5854 ῥῆμα
2961 5783 3134 5838 τοίνυν
3171 5781 3266 5854 τῆς
3311 5781 3484 5854 Τύρου
3525 5780 3584 5840 έν
3631 5782 3750 5846 τοῖς
